4060 6294
360 397 436 460 25
1605 407 1941 471 EPITOME
1980 410 2367 480 CANONUM.
3551 418 3624 484 26

438 512 668 566 Συνὸδου
701 514 1049 586 Καλχηδόνος
1086 516 1264 573 κανὼν
1299 519 1408 593 κβπ

442 602 668 656 Συνόδσυ
698 601 752 670 ς’
787 605 969 662 κανὼν
1000 609 1108 680 κβ’.

443 692 670 746 Συνόδου
705 692 751 761 ζ’
779 696 966 753 κανὼν
993 697 1057 757 ε’.

449 787 741 864 Ἐπιστολὴ
772 794 870 848 τοῦ
896 797 1059 864 ἁγίου
1089 798 1389 870 Ταρασίου.

437 882 546 937 Τοῦ
575 885 737 954 ἁγίου
769 885 1059 943 Βασιλείου
1091 890 1276 945 κανὼν
1310 889 1410 946 πέ.

452 973 743 1048 Ἐπιστολὴ
780 978 1065 1034 Γενναδίου
1099 983 1468 1055 πατριάρχου.

440 1066 688 1137 Νομικὸν
717 1071 1018 1157 κεφάλαιον
1055 1073 1121 1146 β’.

440 1159 511 1215 ν’.
566 1161 694 1214 Ὀτι
725 1165 785 1216 οὐ
838 1164 922 1218 δεῖ
967 1166 1095 1230 τοὺς
1145 1169 1268 1222 κατ’
1304 1169 1566 1240 ἀλήθειαν
1630 1157 1948 1244 χειροτονη-

1975 525 2019 582 A
2128 502 2330 600 Syinmli
2362 531 2819 592 Calchedonensis
2851 548 3023 590 canon
3061 535 3152 592 ἓξ.

2121 624 2323 694 Synodi
2356 625 2418 680 VI
2448 641 2617 680 canon
2646 625 2736 681 Ξῖ.

2125 716 2325 787 Synodi
2357 716 2446 772 Vll
2482 734 2653 774 canon
2681 720 2733 774 5.

2122 808 2346 879 Epistoli
2377 811 2549 864 sancti
2583 811 2813 866 Tarasii.

2122 902 2307 958 Sancti
2340 903 2524 957 Basilii
2561 918 2732 957 canon
2761 903 2852 959 85.

2122 997 2360 1067 Epistola
2395 995 2659 1053 Gennadii
2692 996 3040 1067 patriarchae.

2122 1091 2280 1161 Legis
2309 1101 2471 1160 caput.
2495 1091 2552 1146 2.

2120 1184 2209 1240 50.
2242 1182 2360 1238 Non
2389 1193 2640 1252 oportere
2684 1197 2809 1238 vere
2833 1184 3110 1239 ordinatos
3144 1181 3318 1236 denuo
3355 1179 3618 1234 ordinari.

367 1250 567 1316 θὶντας
617 1256 680 1308 ἐκ
726 1255 982 1332 δευτέρου
1034 1263 1469 1331 χειροτονεῖσθαι
1507 1279 1522 1296 ·
1573 1265 1696 1319 ἐπεὶ
1758 1265 1937 1319 καθαι-

2051 1277 2329 1346 Siquidem
2367 1250 2708 1346 deponuntur
2757 1286 2867 1331 tum
2911 1275 3036 1346 ipsi,
3087 1283 3198 1328 tum
3232 1272 3392 1330 etiam
3440 1271 3474 1325 ii
3529 1271 3620 1340 qui

366 1347 594 1417 ροῦνται
625 1349 716 1403 καὶ
740 1351 896 1407 αὐτοὶ
919 1353 1016 1406 καὶ
1040 1356 1088 1408 οῖ
1109 1356 1551 1426 χειροτονοῦντες
1585 1358 1802 1422 αὐτούς.

440 1438 559 1490 Τῶν
581 1440 752 1509 ἁγίων
780 1443 1098 1500 ἀποστόλων
1131 1448 1310 1502 κανὼν
1348 1448 1447 1521 ξη’.

438 1531 667 1588 Συνόδου
705 1536 1069 1610 Καρθαγὲνης
1090 1541 1268 1595 κανὼν
1302 1551 1416 1614 μηὀ

437 1625 540 1682 να’.
575 1628 780 1682 Ὀτιοὺ
817 1630 896 1684 δεῖ
922 1633 1015 1687 τὸν
1046 1635 1352 1691 ἐπίσκοπον
1383 1639 1500 1710 ίδίῳ
1534 1642 1787 1709 συγγενεῖ
1847 1657 1946 1711 χα-

363 1717 656 1788 ριζόμενον
685 1723 717 1793 ἤ
759 1724 925 1793 φίλῳ,
963 1725 995 1798 ἦ
1025 1728 1144 1781 ἀντ’
1169 1729 1337 1784 αὑτοῦ
1381 1734 1712 1805 χειροτονεῖν
1739 1733 1797 1788 ὃν
1821 1734 1947 1804 βού-

358 1807 542 1865 λεται.
613 1813 671 1868 Ὀ
735 1816 843 1888 γὰρ
897 1821 1072 1874 ποιῶν
1144 1821 1302 1876 τοῦτο
1356 1827 1714 1898 ἀφορίζεται·
1785 1829 1943 1899 καλή

356 1905 589 1978 τοιαύτη
625 1914 936 1982 χειροτονία
966 1915 1170 1990 ἄκυρος
1205 1921 1378 1991 μένει.

433 2083 557 2136 Τῶν
586 2087 761 2155 ἁγίων
783 2093 1101 2149 ἀποστόλων
1124 2097 1308 2151 κανὼν
1337 2105 1446 2166 ος¹.

431 2175 664 2232 Συνόδου
709 2182 1047 2255 Ἀντιοχείας
1077 2188 1259 2244 κανὼν
1282 2189 1388 2261 κγ.

434 2268 534 2339 νβ’.
569 2271 692 2326 Ὅτι
716 2275 800 2328 δεῖ
838 2279 964 2342 τοὺς
1004 2279 1062 2349 ἐξ
1099 2281 1268 2338 ἐθνῶν
1320 2286 1750 2356 χειροτονεῖσθαι
1814 2289 1942 2359 μὲλ-

359 2360 559 2456 λεντας
597 2368 737 2436 μετὰ
758 2369 818 2425 τὸ
872 2369 1161 2444 βάπτισμα
1187 2375 1510 2449 δοκιμάζειν
1533 2381 1715 2454 καιρῷ
1770 2384 1941 2456 ἁρμο-

355 2452 480 2525 δὶῳ,
511 2459 602 2511 καὶ
633 2458 774 2515 οὕτω
797 2471 1148 2536 χειροτονεῖν.
1191 2468 1256 2524 Οἱ
1288 2471 1343 2523 δὲ
1383 2473 1458 2544 μὴ
1486 2472 1630 2527 οὕτω
1657 2452 1942 2540 ποιοῦντες

357 2547 788 2620 καθαιροῦνται.

433 2640 554 2692 Τῶν
585 2643 757 2712 ἁγίων
779 2647 1100 2705 ἀποστόλων
1122 2653 1302 2708 κανὼν
1336 2664 1406 2711 π’.

434 2733 663 2790 Συνόδου
711 2741 984 2813 Ἀγκύρας
1008 2747 1192 2802 κανὼν
1232 2749 1317 2819 ιβ’.

435 2827 663 2884 Συνόδου
703 2833 936 2900 Νικαίας
974 2840 1151 2894 κανὼν
1185 2841 1250 2913 β’.

430 2924 754 2992 Λαοδικείας
784 2932 963 2986 κανὼν
989 2934 1058 3005 γ’.

434 3014 677 3084 νγ⁹.’οτι
699 3022 760 3076 οὐ
789 3025 873 3078 δεῖ
891 3042 1010 3081 τινα
1041 3028 1458 3102 άπολελυμένως
1486 3037 1936 3108 χειροτονεῖσθαι,

2049 1372 2198 1440 ipsos
2227 1371 2500 1428 ordinant.

2125 1462 2448 1518 Sanctorum
2472 1463 2833 1534 apostolorum
2863 1477 3034 1518 canon
3067 1460 3157 1518 68.

2122 1558 2325 1630 Synodi
2354 1556 2822 1624 Carthaginiensis
2845 1571 3018 1610 canon
3050 1552 3140 1610 48.

2117 1652 2209 1707 5i.
2241 1651 2356 1705 Non
2406 1657 2656 1720 oportere
2702 1649 3012 1718 episc0pum
3069 1646 3473 1716 consanguineo
3523 1659 3621 1696 suo

2047 1758 2141 1801 aut
2179 1746 2355 1811 amico
2400 1742 2727 1815 gratiﬁcari,
2771 1751 2865 1794 aut
2902 1741 2954 1794 in
3001 1755 3154 1796 suum
3205 1739 3378 1793 locum
3436 1751 3622 1804 quem-

2048 1853 2282 1908 cumque
2333 1836 2460 1890 velit
2517 1833 2793 1889 ordinare.
2861 1830 2963 1899 Qui
3010 1831 3152 1886 enim
3191 1831 3293 1885 hoc
3343 1829 3471 1884 facit
3522 1843 3620 1882 εις

2047 1925 2508 1990 communicatur,
2552 1929 2713 1990 atque
2783 1919 3051 1990 ejusmodi
3127 1918 3395 1975 ordinatio
3439 1927 3621 1971 manet

2045 2019 2224 2075 irrita.

2120 2113 2439 2169 Sanctorum
2473 2108 2836 2181 apostolorum
2861 2120 3036 2163 canon
3061 2103 3153 2159 76.

2117 2206 2321 2278 Synodi
2346 2203 2699 2260 Antioelientc
2729 2216 2904 2258 canon
2936 2198 3030 2255 25.

2118 2300 2208 2356 52.
2243 2299 2348 2354 Eos
2381 2295 2472 2367 qui
2520 2311 2584 2350 ex
2643 2293 2929 2362 gentilibus
2964 2289 3250 2348 ordinandi
3306 2297 3449 2352 sunt,
3501 2296 3620 2357 post

2043 2393 2311 2461 baptisma
2363 2403 2601 2458 ceiigruo
2639 2397 2880 2458 tempore
2913 2384 3217 2456 probandos
3261 2398 3402 2448 esse,
3434 2382 3619 2448 sicque

2042 2485 2393 2543 ordinandos.
2447 2483 2548 2550 Qui
2606 2490 2788 2538 autem
2856 2494 2960 2535 non
3032 2478 3107 2534 ita
3157 2477 3394 2543 faciunt,
3455 2475 3620 2544 depo-

2043 2594 2268 2637 DlllHUl'.

2118 2674 2442 2730 Sanctorum
2471 2672 2834 2743 apostolorum
2861 2682 3034 2724 canon
3065 2664 3156 2721 80.

2116 2767 2322 2837 Synodi
2357 2766 2657 2838 Ancyram:
2684 2777 2858 2816 canon
2893 2759 2984 2816 12.

2115 2858 2316 2930 Synodi
2344 2857 2575 2912 Nicaeum
2602 2870 2774 2911 canon
2806 2853 2862 2909 2.

2115 2953 2431 3007 Laodiceuae
2451 2964 2621 3006 canon
2659 2949 2712 3004 5.

2118 3045 2221 3126 55ζ
2238 3041 2354 3098 Non
2403 3042 2653 3110 oportere
2692 3051 3018 3110 quemquam
3053 3036 3300 3092 absolute
3351 3031 3615 3096 ordinari,

358 3105 410 3157 εί
443 3109 516 3178 μὴ
555 3110 737 3176 ἰδικῶς
766 3115 826 3169 ὲν
858 3117 1126 3193 ἐκκλησίᾳ
1157 3120 1188 3191 ἢ
1225 3105 1586 3197 μοναστηρίῳί
1640 3105 1937 3202 ἐπικηρύτέ

2049 3136 2153 3192 nisi
2181 3112 2406 3190 scortum
2430 3133 2481 3186 in
2511 3131 2741 3186 ecclesia
2770 3139 2862 3184 aut
2894 3127 3221 3182 monasterio
3249 3124 3615 3182 denuntietur.

364 3220 514 3261 τοιτο
547 3222 564 3237 ο
651 3211 701 3262 οῖ
782 3210 891 3283 γὰρ
960 3212 1106 3269 οὕτω
1187 3220 1660 3292 χειρρτονούμενοι
1740 3201 1935 3282 καθαι⁹

2048 3224 2146 3296 Qni
2177 3227 2320 3282 enim
2343 3225 2418 3279 ita
2451 3222 2777 3280 ordinantur
2808 3218 3178 3291 deponuntur.

366 3315 612 3368 ρουνται.

435 3392 665 3446 Συνόδου
717 3394 1064 3468 Καλχηδόνος
1086 3399 1266 3455 κανὼν
1295 3407 1373 3469 ς’.

435 3484 531 3542 νδθ.
559 3485 682 3540 Ὀτι
717 3486 799 3542 δεῖ
829 3489 896 3545 τὰ
938 3491 1270 3565 διαφέροντα
1325 3495 1614 3568 κληρικοῖς
1654 3497 1767 3574 [ἵσ.
1802 3502 1938 3574 κλη-

357 3574 529 3648 ρικῷ]
554 3577 630 3648 τῷ
667 3578 726 3645 ἐξ
745 3580 983 3652 ἐσχάτης
1022 3584 1213 3649 πενίας
1243 3588 1326 3653 είς
1347 3587 1547 3659 κλῆρον
1582 3593 1936 3664 προαχθέντι,

354 3673 454 3722 καὶ
480 3671 546 3725 ὲκ
568 3671 763 3726 τούτου
788 3675 1215 3751 ὲπικτησαμένῳ
1237 3681 1414 3753 χωρία
1443 3681 1473 3753 ἢ
1517 3685 1745 3758 ἀγροὺς,
1804 3689 1937 3745 ὑπο-

352 3763 573 3818 κεῖσθαι
604 3764 681 3838 τῷ
708 3766 1055 3842 ἐξουσιασμῷ
1083 3772 1181 3843 τῆς
1227 3775 1579 3847 Ἐκκλησίας.

429 3858 665 3914 Συνόδου
690 3860 1051 3934 Καρθαγένης
1081 3867 1264 3922 κανὼν
1285 3869 1384 3938 λζ’.

427 3950 529 4012 νε’.
566 3955 693 4010 Ὀτι
725 3958 785 4011 οὐ
825 3958 909 4013 δεῖ
936 3959 1284 4032 δαιμονῶντα
1332 3966 1412 4032 εἰς
1443 3967 1647 4041 κλῆρον
1700 3973 1939 4046 προάγε-

354 4048 510 4109 σθαι,
553 4049 585 4120 ἢ
619 4051 734 4114 τοῖς
765 4055 976 4114 πιστοῖς
1012 4055 1390 4126 συνεύχεσθαι,
1441 4059 1474 4132 ἢ
1525 4061 1620 4117 τοῦ
1681 4065 1938 4136 σώματος

353 4140 455 4195 τοῦ
480 4141 722 4210 Χριστοῦ
753 4143 1083 4212 μεταλαϐεῖν
1138 4150 1422 4219 συχνάκις,
1471 4152 1609 4208 ἀλλὰ
1655 4154 1744 4209 διὰ
1808 4158 1936 4229 χρόα

351 4253 474 4302 νου,
547 4235 645 4290 καὶ
701 4237 827 4290 τότε
887 4236 983 4292 ἐὰν
1035 4238 1111 4311 μὴ
1161 4239 1482 4318 βλασφημῇ.
1563 4246 1936 4320 Καθαρισθεὶς

349 4328 412 4382 δὲ
441 4327 538 4382 τοῦ
582 4327 859 4398 δαίμονος,
927 4329 1022 4384 ἐὰν
1075 4329 1252 4399 ἄλλως
1305 4334 1458 4402 ἄξιος
1572 4379 1589 4408 ,
1657 4340 1932 4413 καθιερω-

353 4422 526 4496 θὴτω.

429 4519 554 4574 Τῶν
587 4519 759 4589 ἁγίων
789 4521 1110 4576 ἀποστόλων
1131 4520 1313 4577 muri”
1338 4523 1438 4580 οθ’.

427 4611 540 4668 Τοῦ
578 4613 737 4682 ἁγίου
775 4613 1047 4684 Τιμοθέου
1071 4614 1253 4671 κανὼν
1282 4615 1353 4686 γ’.

425 4705 536 4774 νς’.
567 4706 784 4762 Ὅτιού
819 4706 903 4760 δεῖ
945 4707 1354 4780 πρεσόυτὲρους
1395 4708 1625 4765 εἰσιέναι
1677 4711 1790 4785 πρὸ
1840 4713 1937 4768 τοῦ

353 4801 662 4858 ἐπισκόπου
693 4801 752 4854 ὲν
781 4803 847 4872 τῇ
880 4799 1151 4876 καθέδρᾳ·
1179 4799 1303 4856 οὔτε
1335 4801 1392 4858 δὲ
1421 4802 1483 4879 [ﬂ
1511 4802 1816 4879 διακόνους]
1841 4823 1940 4878 με·

354 4894 632 4950 ταδιδόναι
676 4896 790 4955 τοῖς
825 4894 1084 4964 ἱερεῦσιν,
1120 4893 1154 4967 ἢ
1187 4897 1292 4967 πρὸ
1332 4895 1426 4950 τοῦ
1476 4898 1780 4953 ἔπισκόπου
1836 4917 1937 4972 με·

353 4991 619 5061 ταλαχεῖν
646 5003 665 5020 ·
697 4989 972 5059 ὑπηρέται
1028 4989 1138 5058 γὰρ
1194 4990 1290 5043 τοῦ
1331 4990 1636 5045 ἐπισκόπου
1671 4993 1800 5059 εἰσὶ,
1828 4993 1939 5048 τῶν

354 5086 416 5140 δὲ
449 5083 838 5156 πρεσὸυτέρων
873 5083 1148 5148 ἐλάττους.
1177 5085 1288 5139 Καὶ
1317 5085 1406 5140 διὰ
1455 5085 1617 5140 τοῦτο
1672 5087 1795 5142 οὐδὲ
1835 5104 1940 5141 κα-

357 5176 563 5248 θῆσθαι
589 5174 790 5240 αὐτοὺς
825 5173 1057 5246 ἁρμόζει
1089 5175 1148 5229 ὲν
1181 5173 1336 5246 μέσῳ
1362 5175 1471 5228 τῶν
1496 5176 1892 5251 πρεσϐυτέρων
1917 5195 1934 5212 ο

356 5273 459 5326 καὶ
487 5271 610 5332 τοὺς
634 5268 919 5332 διακόνους
944 5268 1000 5322 δὲ
1032 5270 1184 5340 παρὰ
1232 5267 1345 5323 τῶν
1395 5269 1600 5323 λοιπῶν
1657 5269 1939 5343 κληρικῶν

354 5364 562 5436 ὁμοίως
585 5361 851 5432 τιμᾶσθαι
866 5360 1157 5434 προσήκει.

437 5456 670 5512 Συνόδου
700 5454 937 5519 Νικαίας
967 5454 1149 5510 κανὼν
1175 5451 1268 5527 ιη’.

434 5549 667 5604 Συνὸδου
702 5547 1036 5611 Λαοδικείας
1055 5545 1238 5602 κανὼν
1273 5553 1320 5600 κ’
1344 5545 1439 5602 καὶ
1465 5545 1575 5614 νς’.

429 5641 661 5697 Συνδδου
693 5635 750 5708 ς’
778 5636 959 5695 κανὼν
988 5639 1056 5705 ζ’.

433 5733 523 5800 νζ.
553 5732 679 5787 Ὀτι
699 5732 784 5788 δεῖ
833 5731 1086 5804 ἐκδίκους
1109 5731 1218 5788 ἀπὸ
1238 5730 1334 5786 τοῦ
1385 5731 1652 5803 βασιλέως
1707 5734 1932 5806 αἰτῆσαι

357 5828 506 5886 κατὰ
536 5827 636 5898 τῆς
662 5825 759 5880 τοῦ
789 5824 1019 5896 πλησίου
1053 5825 1394 5896 τυραννίδος,
1421 5824 1480 5892 ἐξ
1536 5826 1797 5898 ὲπιλογῆς
1825 5826 1933 5880 τῶν

359 5919 689 5995 ἀρχιερέων,
728 5917 819 5972 διὰ
839 5916 1062 5989 τὴντῶν
1089 5917 1400 5990 ἐκκλησιῶν
1423 5920 1518 5974 καὶ
1540 5919 1650 5974 τῶν
1681 5921 1932 5990 πενήτων

2117 3421 2318 3495 Synodi
2346 3416 2806 3475 Calcliedonensis
2833 3431 3004 3470 canon
3039 3413 3092 3468 6.

2110 3518 2201 3573 54.
2237 3516 2506 3587 Oportere
2535 3526 2598 3566 ca
2625 3515 2766 3580 "quae
2815 3510 3085 3580 pertinent
3129 3507 3193 3560 ad
3257 3503 3508 3577 clericum
3549 3514 3613 3552 ex

2040 3616 2281 3664 extrema
2317 3613 2633 3676 paupertate
2662 3604 2729 3659 ad
2785 3603 2988 3657 clerum
3042 3608 3384 3670 provectum,
3417 3593 3616 3664 quique

2039 3718 2103 3759 ex
2147 3704 2248 3758 hoc
2278 3699 2478 3772 praedia
2525 3706 2578 3754 et
2619 3712 2780 3769 agros
2818 3695 3123 3767 acquisivit,
3177 3691 3427 3747 Ecclesiae
3462 3698 3612 3760 pote-

2039 3796 2167 3852 stati
2197 3793 2417 3865 subjici.

2109 3885 2311 3958 Synodi
2348 3885 2815 3957 Carthaginiensis
2848 3898 3023 3941 canon
3055 3881 3150 3938 '57.

2113 3982 2204 4040 55.
2236 3980 2637 4037 Daemoniacuru
2701 3994 2803 4034 non
2858 3977 3056 4033 debere
3109 3977 3175 4031 ad
3227 3974 3429 4028 clerum
3490 3987 3612 4040 prn-

2040 4074 2187 4140 Velii,
2221 4081 2316 4130 aut
2343 4089 2465 4128 cum
2500 4069 2751 4128 ﬁdelibus
2784 4085 2962 4136 orare,
3003 4078 3093 4124 aut
3134 4070 3374 4136 corporis
3413 4064 3611 4119 (lliristi

2015 4170 2230 4224 crebro
2249 4166 2566 4238 participem
2587 4165 2725 4233 ﬁeri,
2748 4164 2839 4221 sed
2868 4175 2985 4234 post
3014 4162 3224 4232 longum
3247 4158 3605 4218 intervallum,

2039 4273 2102 4312 ac
2134 4265 2246 4312 tum
2301 4258 2346 4314 si
2381 4272 2485 4311 non
2522 4256 2882 4326 blaspliemct.
2919 4255 3050 4309 Cum
3100 4267 3230 4308 vero
3285 4267 3313 4304 a
3369 4251 3610 4304 ιὶςειιιοιιθ

2039 4349 2332 4403 mundatus
2392 4346 2579 4415 fuerit,
2641 4348 2686 4402 si
2747 4345 2948 4417 alioqui
3011 4345 3202 4415 dignus
3252 4343 3365 4410 sit,
3423 4355 3610 4395 conse-

2037 4452 2242 4499 oretur.

1943 4571 1945 4573 ι
1961 4549 2017 4610 ι)
2115 4531 2438 4588 Sanctorum
2465 4531 2830 4603 apostolorum
2864 4544 3037 4585 canon
3062 4525 3150 4584 79.

2113 4627 2300 4683 Sancti
2321 4625 2591 4682 Timo:||ei
2619 4639 2789 4682 canon
2809 4624 2864 4679 5.

2109 4718 2201 4776 56.
2240 4719 2356 4774 Non
2413 4730 2666 4789 oportere
2720 4719 3067 4787 presbyteros
3120 4721 3248 4768 ante
3297 4714 3609 4786 episcopum

2041 4812 2096 4866 in
2153 4811 2469 4867 cathedram
2511 4811 2749 4882 ingredi,
2786 4824 2959 4880 neque
3004 4809 3262 4863 diaconos
3310 4807 3610 4862 sacerdoti-

2040 4901 2140 4956 bus
2171 4903 2610 4956 communionem
2663 4903 2812 4965 dare,
2863 4907 2955 4954 aut
2997 4897 3166 4969 ipsam
3219 4907 3345 4952 ante
3397 4897 3611 4966 episco-

2041 5013 2167 5066 pum
2200 5012 2416 5054 sumere
2449 5018 2464 5053 :
2495 4999 2727 5054 ministri
2769 4999 2911 5053 enim
2955 5007 3082 5052 sunt
3134 4995 3394 5066 episcOpi,
3457 5009 3612 5062 pres-

2040 5090 2246 5164 byteris
2279 5107 2408 5146 vero
2438 5092 2742 5148 interiores.
2784 5090 2959 5159 Atque
3000 5090 3200 5144 idcirco
3226 5104 3400 5158 neque
3424 5088 3614 5143 sedere

2043 5183 2188 5251 ipsos
2244 5183 2501 5240 convenit
2551 5183 2603 5236 in
2636 5182 2812 5237 medio
2837 5179 3273 5251 presbyterorum
3305 5197 3317 5232 :
3353 5178 3612 5232 diaconos

2040 5290 2167 5330 vero
2217 5291 2244 5328 a
2297 5275 2517 5346 reliquis
2565 5275 2780 5332 clericis
2847 5273 3104 5330 similiter
3135 5275 3298 5327 etiam
3354 5270 3609 5326 honorari

2040 5367 2318 5422 convenit.

2114 5459 2316 5531 Synodi
2345 5461 2577 5515 Nicaeus!
2604 5475 2776 5516 canon
2811 5459 2897 5515 l8.

2111 5552 2312 5624 Synodi
2358 5555 2673 5611 Laodicena:
2704 5569 2877 5608 canon
2907 5554 2979 5611 20
3008 5561 3064 5610 et
3092 5552 3182 5608 56.

2110 5645 2314 5716 Synodi
2355 5645 2416 5699 Vl
2445 5663 2622 5700 canon
2663 5647 2713 5703 7.

2109 5738 2198 5792 57.
2237 5739 2500 5809 Oportere
2541 5739 2780 5796 vindices
2821 5741 2889 5795 ab
2918 5742 3243 5811 imperatore
3273 5748 3456 5812 petere
3485 5754 3586 5793 con

2041 5843 2120 5886 tra
2155 5831 2388 5900 proximi
2418 5833 2786 5901 tyrannidem,
2812 5848 2875 5888 ex
2911 5835 3284 5906 episcoporum
3313 5833 3600 5895 ριυοιίοιιθ.

2040 5932 2260 5994 propter
2303 5921 2657 5977 ecclesiarum
2706 5929 2759 5979 ct
2817 5937 3109 5994 pauperum
3174 5923 3602 5994 oppressionem.
