4060 6294
406 413 486 479 27.
1678 412 1993 476 ΑΒΞΕΝῘῙ
2036 414 2381 478 ΜΟΝΛΟΙῘΙ
3587 404 3659 470 28

405 539 537 593 Item
598 551 704 593 non
766 546 1021 607 oportere
1071 536 1451 592 fmuerantem
1496 534 1785 606 agricolm,
1827 534 1985 590 illius

2098 533 2343 587 κάκωσιν
2372 550 2383 564 ·
2412 534 2505 587 καὶ
2526 535 2607 589 δτι
2650 534 2724 606 μὴ
2769 535 2852 589 δεῖ
2914 535 3004 589 τὶν
3053 531 3370 597 δανείζοντα
3432 524 3669 603 γεωργῷ

411 644 603 701 agrum
644 629 909 686 detinere.

480 718 684 791 Synodi
713 720 1183 790 Carthaginiensis
1212 734 1385 777 canon
1420 718 1492 776 75
1518 728 1586 776 et
1610 719 1698 775 97.

478 808 541 865 Et
577 811 711 881 legis
758 818 921 881 caput
948 810 1042 864 21.

482 901 571 957 58.
616 901 733 956 Non
770 909 1023 972 oportere
1051 898 1497 957 sacrissaddietos
1521 896 1714 954 sericis
1744 894 1986 950 vestibus

395 996 583 1059 indui.
626 1005 721 1050 aut
772 1003 1053 1066 unguento
1089 994 1271 1064 ungi;
1298 1003 1657 1065 segregantur
1707 980 1853 1047 enim
1892 989 1985 1061 qui

416 1089 517 1143 hoc
550 1087 777 1143 faciunt.

483 1177 690 1250 SynoJi
732 1175 797 1231 Vl
832 1190 1003 1232 canon
1038 1176 1134 1232 21.

484 1271 686 1341 Synodi
726 1269 808 1324 VII
843 1284 1020 1325 canon
1066 1268 1153 1325 16.

478 1362 570 1420 69.
596 1365 863 1434 Oportere
891 1364 1174 1434 episcopos
1209 1372 1265 1418 et
1294 1362 1641 1435 presbyteros
1674 1376 1777 1417 non
1813 1359 1985 1429 negli-

414 1473 545 1528 gere
583 1458 837 1529 pupulum
887 1458 991 1513 sibi
1026 1457 1327 1522 subditum,
1363 1471 1428 1511 ac
1464 1455 1602 1511 ultra
1635 1471 1734 1511 sex
1758 1458 1987 1522 :menses

417 1567 448 1606 a
480 1567 576 1605 sua
610 1550 861 1607 Ecclesia
901 1552 1115 1607 abesse.
1148 1548 1253 1616 Qui
1300 1550 1446 1605 enim
1492 1549 1572 1605 sic
1607 1548 1815 1604 faciunt
1846 1544 1985 1615 deji-

413 1641 657 1698 cinntur.

483 1733 806 1791 Sanctorum
839 1734 1220 1807 Apostolorum
1258 1748 1432 1788 canon
1472 1732 1563 1791 58.

483 1824 686 1899 Synodi
714 1826 1175 1897 Carthaginiensis
1208 1840 1383 1886 canon
1430 1825 1519 1891 71,
1554 1824 1648 1879 lat
1686 1833 1741 1880 et
1775 1824 1897 1880 125.

2091 628 2319 696 κρατεῖν
2348 626 2445 697 τὴν
2475 628 2689 680 ἐκείνου
2725 627 2850 696 γῆν.

2162 718 2392 770 Συνόδου
2413 717 2774 789 Καρθαγένψ
2802 718 2995 774 κανὼνο
3013 716 3091 772 σε’
3110 719 3207 772 καὶ
3236 715 3345 783 ῑιζδο

2160 807 2268 861 Καὶ
2293 807 2513 877 νομικὸν
2546 808 2844 879 κεφάλαιον
2878 816 2983 862 κα’.

2157 897 2258 970 νη’.
2291 899 2417 953 Ὅτι
2458 900 2518 954 οὐ
2546 900 2627 954 δεῖ
2649 900 2853 970 ἐσθῆτα
2891 902 2955 954 ἐκ
3027 899 3275 971 σηρικῶν
3324 895 3663 968 ὑφασμάτων

2087 991 2420 1061 ίερωμένους
2453 993 2879 1062 ἀμφιέννυσθαι,
2915 994 2948 1065 ἢ
2987 992 3147 1064 μύρῳ
3198 991 3454 1062 χρίεσθαι
3483 1005 3498 1023 ο
3526 991 3663 1056 ἀφο-

2090 1083 2340 1156 ρίζονται
2367 1085 2477 1156 γὰρ
2502 1086 2552 1140 ei
2579 1084 2741 1139 τοῦτο
2778 1086 3081 1149 ποιοῦντες.

2158 1177 2389 1230 Συνόδου
2429 1184 2482 1242 ς’
2510 1177 2690 1232 κανὼν
2726 1180 2830 1244 κζ’.

2161 1268 2396 1323 Συνόδου
2425 1268 2470 1332 ξ’
2500 1268 2685 1323 κανὼν
2721 1267 2819 1335 ις’.

2158 1360 2258 1416 v0'.
2289 1361 2413 1416 Ὀτι
2447 1362 2528 1416 δεῖ
2556 1362 2684 1425 τοὺς
2737 1362 3074 1427 ἐπισκόπους
3126 1361 3219 1415 καὶ
3255 1358 3665 1432 πρεσϐυτέρους

2093 1453 2169 1524 μὴ
2200 1452 2425 1522 ἀμελεῖν
2452 1451 2550 1507 τοῦ
2580 1452 2944 1522 ὑποκειμένου
2972 1452 3157 1515 αὐτοῖς
3196 1450 3349 1513 λαοῦ,
3378 1449 3470 1507 καὶ
3518 1448 3661 1519 ὑπὲρ

2088 1544 2149 1600 τδ
2170 1544 2441 1617 ἑξάμηνον
2482 1546 2579 1617 τῆς
2610 1545 2817 1608 οίκείας
2848 1542 3177 1613 ἀφίστασθαι
3216 1530 3539 1615 Ἑκκλησίας
3564 1556 3582 1573 ⁸
3612 1544 3661 1597 oi

2087 1638 2196 1711 γὰρ
2234 1636 2377 1692 οὕτω
2408 1638 2690 1702 ποιοῦντες
2720 1636 3135 1711 καθαιροῦνται.
3382 1644 3383 1647 ‘

2161 1730 2286 1786 Τῶν
2317 1732 2490 1800 ἀγίων
2518 1730 2837 1786 ἀποστόλων
2862 1728 3045 1785 κανὼν
3069 1728 3172 1799 νη’.

2162 1824 2389 1880 Συνόδου
2416 1825 2783 1896 Καρθαγένης
2822 1822 3005 1878 κανὼν
3032 1829 3133 1889 οα⁹,
3174 1830 3343 1897 ρκα¹·,
3379 1823 3521 1895 ρκγ’.

491 1897 696 1990 synodi
733 1919 787 1975 in
822 1920 1022 1993 templo
1053 1919 1379 1977 Sanctorum
1428 1917 1808 1990 Apostolorum
1843 1917 1986 1973 cele-

2160 1916 2390 1970 Συνόδον
2414 1916 2470 1968 ὲν
2496 1916 2574 1986 τῷ
2601 1914 2714 1987 ναῷ
2734 1916 2846 1970 τῶν
2923 1913 3125 1994 Ἀγίων
3182 1915 3524 1969 Ἀποστόλων
3570 1916 3669 1969 καί

414 2011 584 2067 bram
613 2027 739 2067 can.
772 2013 861 2067 16.

485 2105 573 2162 60.
614 2105 882 2177 Oportere
920 2098 1211 2177 episcopos
1242 2114 1297 2160 et
1327 2106 1674 2185 presbyteros
1703 2103 2015 2177 egentibus

418 2198 523 2257 sibi
553 2198 789 2256 subditis
826 2200 1138 2255 necessaria
1174 2201 1239 2255 ad
1271 2201 1434 2253 vitam
1469 2197 1857 2270 suppeditare:
1891 2197 1988 2268 qui

415 2293 562 2351 enim
603 2308 710 2349 non
762 2295 836 2349 ita
866 2292 1076 2350 faciunt
1115 2294 1483 2365 deponuntur.

464 2502 465 2505 η
489 2473 813 2531 Sanctorum
839 2476 1206 2547 apostolorum
1238 2492 1411 2533 canon
1438 2478 1527 2534 59.

488 2565 580 2621 61.
619 2564 737 2623 Non
765 2579 1018 2639 oportere
1043 2569 1459 2642 chorepiscopos
1483 2573 1738 2628 ordinare
1764 2572 1987 2644 presby-

420 2667 597 2714 terum
630 2671 684 2715 et
715 2660 1029 2730 diaconum,
1080 2663 1175 2719 sed
1213 2673 1421 2718 tantum
1469 2663 1851 2730 subdiaconus,
1908 2666 1989 2717 le-

416 2758 598 2807 ctores
631 2763 686 2807 et
732 2754 1031 2810 exorcistas
1061 2771 1075 2809 :
1110 2756 1237 2810 item
1268 2755 1592 2812 circnitores
1623 2756 1799 2826 p01ius
1825 2772 1987 2827 quam

419 2843 843 2919 cborepiscopos
875 2863 995 2904 esse
1030 2848 1462 2905 constituendos.

487 2937 691 3008 Synodi
720 2940 1027 3010 Ancyrana:
1063 2957 1236 2996 canon
1266 2941 1353 2996 13.

489 3030 693 3103 Synodi
731 3030 1191 3090 Neocaesariensis
1225 3018 1404 3091 canon
1441 3038 1527 3093 l3.

489 3121 691 3193 Synodi
726 3123 1081 3182 Antiocheam
1116 3142 1291 3183 canon
1336 3128 1425 3185 10.

491 3215 693 3288 Synodi
727 3217 1049 3276 Laodiceme
1091 3236 1266 3276 canon
1302 3222 1393 3278 57.

493 3310 681 3371 Sancti
712 3312 893 3368 Basilii
940 3329 1115 3370 canon
1154 3315 1245 3370 82.

494 3403 585 3459 62.
629 3404 898 3477 Oportere
924 3422 1017 3464 eos
1037 3408 1128 3478 qui
1163 3418 1384 3480 propter
1415 3408 1771 3463 Barbarorum
1801 3408 1991 3463 incur-

420 3496 652 3562 siunem,
680 3507 774 3554 aut
806 3500 966 3553 aliam
998 3502 1376 3556 necessitatem
1405 3510 1461 3556 et
1488 3500 1595 3555 vim
1631 3516 1735 3555 non
1770 3511 1997 3571 possunt

415 3591 587 3656 abire,
606 3601 701 3647 aut
715 3607 833 3648 esse
850 3593 899 3648 in
916 3594 1027 3651 suis
1043 3594 1314 3659 Ecclesiis,
1337 3600 1453 3653 sine
1470 3596 1778 3669 praeiudicio
1794 3593 1991 3649 versari

419 3692 585 3753 atque
612 3688 824 3757 operari
857 3688 910 3742 in
948 3688 1067 3743 aliis
1099 3689 1443 3755 dimcesibus,
1477 3691 1648 3746 donec
1678 3705 1808 3759 pace
1848 3688 1997 3743 [rua-

420 3784 510 3831 tur
558 3793 749 3833 eorum
809 3780 1074 3849 Ecclesia,
1126 3782 1193 3838 ad
1251 3799 1415 3854 quam
1472 3794 1601 3839 tunc
1662 3782 1782 3838 licet
1842 3780 1995 3836 inviti

422 3879 788 3927 revertentur.
823 3871 936 3927 Nisi
973 3873 1117 3927 enim
1170 3874 1549 3939 discesserint,
1601 3880 1995 3944 segregantur;

420 3962 674 4019 similiter
704 3966 872 4019 etiam
899 3966 1137 4036 episcopi
1178 3968 1271 4036 qui
1307 3968 1451 4037 ipsos
1487 3965 1753 4022 detinent.

494 4146 696 4218 Synodi
728 4148 1187 4205 Calchedonensis
1222 4165 1395 4205 canon
1429 4150 1523 4206 20.

498 4239 700 4311 Synodi
733 4240 798 4294 VI
832 4258 1008 4297 canon
1045 4243 1110 4297 18
1152 4256 1202 4297 et
1238 4244 1325 4299 57.
1916 4306 1921 4309 ν

501 4332 591 4387 63.
632 4332 898 4403 Oportere
929 4350 1023 4389 eos
1052 4336 1145 4404 qui
1174 4335 1239 4390 ad
1273 4348 1499 4389 mortem
1523 4342 1806 4405 aegrotant,
1833 4344 2001 4404 atque

424 4425 976 4479 excommunicationi
1010 4426 1312 4495 subiacent,
1338 4428 1628 4497 pratestari
1662 4443 1721 4483 se
1753 4427 1999 4496 corporis

428 4512 640 4569 Domini
688 4517 985 4586 participes
1022 4518 1136 4573 ﬁeri
1180 4534 1378 4587 cupere
1410 4536 1424 4573 :
1458 4520 1502 4573 si
1537 4534 1665 4573 vero
1715 4520 1817 4574 hoc
1859 4519 2000 4573 iacto

2018 3252 2062 3311 C

2090 2007 2198 2063 νὼν
2236 2012 2335 2063 ις’.

2163 2027 2198 2062 ›ν
2236 2027 2335 2074 ις’.

2163 2103 2225 2171 ξ’.
2260 2106 2381 2159 Ὅτι
2409 2104 2489 2159 δεῖ
2517 2105 2648 2169 τοὺς
2705 2105 3068 2173 ἐπισκόπους,
3115 2107 3211 2161 καὶ
3259 2106 3672 2178 πρεσϐυτέρους

2090 2199 2450 2270 ἐπιχορηγεῖν
2472 2199 2585 2262 τοῖς
2618 2199 2825 2254 ὲνδεέσι
2896 2199 3005 2254 τῶν
3046 2200 3430 2271 ὑποκειμένων
3485 2202 3671 2265 αὐτοῖς

2090 2295 2161 2349 τά
2195 2293 2388 2347 δέοντα
2419 2293 2531 2347 τῶν
2564 2294 2845 2364 χρειωδῶν
2866 2311 2879 2326 ·
2912 2294 2965 2365 οἱ
2993 2293 3103 2365 γὰρ
3136 2295 3212 2366 μὴ
3252 2294 3398 2349 οὓτω
3461 2294 3677 2349 ποιοῦν-

2089 2400 2181 2447 τες
2204 2382 2617 2454 καθαιροῦνται.

2162 2474 2285 2529 Τῶν
2312 2474 2486 2543 ἁγίων
2512 2476 2831 2533 ἀποστόλων
2858 2477 3042 2534 κανὼν
3072 2477 3173 2534 νθ¹.

2162 2565 2266 2634 ξα’.
2310 2567 2434 2622 Ὀτι
2461 2569 2522 2622 οὐ
2554 2570 2636 2624 δεῖ
2664 2575 3123 2642 χωρεπισκόπους
3153 2575 3483 2646 χειροτονεῖν
3505 2590 3677 2644 xpec-

2098 2656 2330 2730 σύτερον
2382 2660 2479 2714 καὶ
2528 2661 2802 2731 διάκονον,
2838 2663 2953 2717 ἀλλ’
2984 2665 3017 2734 ἢ
3052 2667 3214 2735 μόνον
3261 2665 3679 2730 ὑποδιακόνους,

2095 2751 2470 2818 ἀναγνώστας,
2514 2754 2611 2807 καὶ
2651 2754 3001 2825 ἐξορκιστάς·
3038 2756 3135 2811 καὶ
3184 2757 3265 2811 δτι
3323 2754 3675 2827 περιοδευτάς

2097 2842 2298 2913 μᾶλλον
2338 2845 2372 2915 ἢ
2404 2848 2864 2916 χωρεπισκόπους
2903 2848 2985 2903 δεῖ
3014 2850 3211 2905 ποιεῖν.

2164 2936 2394 2990 Συνόδου
2439 2936 2718 3009 Ἀγκύρας
2749 2938 2933 2992 κανὼν
2967 2936 3061 3009 ιγ’.

2165 3031 2397 3084 Συνόδου
2426 3031 2865 3102 Νεοκαισαρείας
2886 3032 3069 3088 κανὼν
3088 3031 3180 3104 ιγ’.

2164 3120 2394 3174 Συνόδδυ
2436 3121 2770 3192 ’Λντιοχείας
2801 3123 2982 3178 κανὼν
3014 3123 3067 3180 ι’.

2168 3213 2395 3267 Συνόδου
2432 3215 2762 3281 Λαοδικείας
2792 3217 2974 3270 κανὼν
3002 3216 3101 3283 νζ’.

2167 3308 2281 3360 Καὶ
2308 3305 2405 3360 τοῦ
2440 3307 2599 3375 ἁγίου
2632 3308 2917 3385 Βασιλείου
2942 3312 3124 3367 κανὼν
3157 3313 3269 3386 πβ¹.

2167 3404 2265 3478 ξβ’.
2304 3406 2426 3460 ὀτι
2457 3407 2518 3460 οὐ
2549 3407 2630 3461 δεῖ
2654 3408 2782 3471 τοὺς
2807 3408 2878 3462 δι’
2916 3408 3106 3478 ἔφοδον
3138 3409 3500 3483 βαρσαρικὴν.
3547 3413 3581 3484 ἢ
3610 3413 3678 3468 δι.

2095 3502 2290 3573 ἑτέραν
2312 3501 2561 3572 ἀνάγκην
2590 3502 2684 3556 καὶ
2733 3502 2853 3574 βίαν
2896 3503 2969 3574 μὴ
3009 3502 3339 3576 δυναμένους
3390 3506 3674 3573 ἀπελθεῖν,

2097 3590 2292 3667 ἢεῐναι
2314 3596 2370 3649 ὲν
2401 3598 2522 3661 ταῖς
2552 3596 2786 3660 οίκείαις
2854 3597 3233 3668 Ἐκκλησίαις,
3298 3600 3682 3671 ἀποκριματί-

2100 3702 2241 3752 στως
2264 3684 2404 3742 εἶναί
2436 3705 2497 3741 τε
2536 3689 2631 3742 καὶ
2686 3691 2931 3760 ἐνεργεῖν
3002 3690 3059 3743 ὲν
3149 3690 3365 3763 ἑτέραις
3418 3692 3683 3763 ὲνορίαις,

2096 3776 2256 3847 ἄχρις
2282 3778 2347 3832 ἂν
2373 3778 2432 3832 ὲν
2462 3778 2661 3851 εἰρήνῃ
2702 3779 2933 3850 γένηται
2966 3782 2999 3853 ἡ
3036 3781 3217 3835 αὐτῶν
3263 3782 3587 3853 Ἐκκλησία,
3621 3787 3683 3839 ὲν

2100 3862 2135 3941 ᾖ
2160 3868 2699 3942 παλινδρομήσουσιν
2716 3872 2764 3925 oi
2784 3872 3023 3927 τοιοῦτοι
3046 3876 3166 3926 τότε
3188 3872 3291 3927 κᾶν
3326 3876 3409 3945 μὴ
3425 3875 3676 3928 θέλωσιν

2098 3961 2148 4014 εί
2179 3961 2285 4033 γὰρ
2318 3964 2394 4035 μὴ
2419 3962 2751 4030 ἀπέλθωσιν,
2788 3964 3143 4036 ἀφορίζονται
3166 3978 3181 3997 °
3242 3964 3443 4037 ὁμοίως
3488 3966 3585 4021 καὶ
3628 3966 3678 4020 oi

2100 4054 2428 4125 κατέχοντες
2459 4056 2660 4121 αὐτοὺς
2689 4058 3005 4113 ἐπίσκοποι.

2171 4147 2398 4202 Συνόδου
2432 4150 2779 4221 Καλχηδόνος
2807 4151 2991 4206 κανὼν
3022 4156 3092 4208 κ’.
3204 4190 3206 4192 τ

2172 4244 2401 4301 Συνόδου
2434 4242 2486 4310 ς’
2505 4242 2684 4299 κανὼν
2728 4251 2801 4316 ιη’
2823 4245 2915 4301 καὶ
2946 4243 3043 4309 λζ’.

2173 4323 2273 4406 ξγν.
2312 4336 2437 4391 Ὀτι
2478 4335 2558 4389 δεῖ
2585 4336 2712 4399 τοὺς
2729 4336 2869 4405 πρὸς
2896 4337 3127 4392 θάνατον
3155 4339 3463 4405 νοσοῦντας,
3506 4343 3598 4396 καὶ
3617 4344 3687 4397 ἐν’

2103 4428 2397 4501 ἀφορισμῴ
2430 4428 2618 4495 ὄντας,
2671 4429 3147 4502 διαμαρτύρασθαι
3204 4434 3536 4504 μεταλαϐεῖν
3577 4437 3686 4489 τοῦ

2066 4560 2069 4563 ς
2106 4521 2357 4593 σώματος
2393 4522 2487 4576 τοῦ
2524 4524 2730 4593 Κυρίου
2757 4538 2770 4554 ·
2795 4526 2843 4576 εί
2879 4524 2934 4577 δὲ
2992 4524 3186 4579 τούτου
3256 4530 3551 4599 γενομένου
3584 4530 3679 4586 τοῦ

426 4622 455 4657 a
490 4616 665 4660 morte
692 4610 930 4662 revocati
957 4606 1183 4673 fuerint,
1211 4624 1403 4663 rursus
1434 4609 1997 4667 excommunicantnr.

2109 4612 2337 4667 θανάτου
2372 4613 2753 4683 ἀνακληθῶσιν
2773 4656 2787 4681 ,
2824 4610 2982 4679 αὖθις
3009 4618 3381 4690 ἀφορίζονται.

498 4699 698 4769 Synodi
739 4701 974 4756 Nicaeum
1009 4718 1183 4758 canon
1217 4703 1304 4758 15.

496 4792 682 4849 Sancti
721 4792 973 4863 Gregorii
1006 4794 1233 4865 Nysseni
1266 4811 1441 4852 canon
1475 4796 1532 4852 5.

498 4886 587 4941 61.
634 4891 897 4959 Uportere
921 4889 1224 4955 pubertatis
1255 4897 1493 4959 tempore
1529 4890 1757 4947 lectores
1786 4906 1998 4963 rogare,

426 4979 669 5036 velintne
731 4980 989 5051 conjuges
1030 4982 1264 5045 ducere,
1300 4996 1367 5036 an
1399 4985 1796 5040 continentiam
1833 4985 2001 5055 proﬁ-

430 5071 554 5127 teri.
597 5070 730 5126 Nam
784 5082 903 5141 post
932 5073 1143 5128 diaconi
1180 5074 1577 5129 ordinationem
1610 5077 1831 5148 nuptias
1866 5078 2005 5135 inire

430 5177 538 5218 non
572 5164 714 5219 licet.
745 5163 801 5220 Si
834 5181 963 5220 vero
1000 5166 1102 5221 hoc
1132 5166 1443 5234 permiserit
1487 5169 1798 5239 episc0pus,
1833 5171 1917 5226 hic
1948 5180 2003 5227 et.

433 5255 526 5311 ille
559 5258 931 5329 deponuntur;
969 5258 1223 5314 similiter
1274 5261 1435 5316 etiam
1489 5262 1752 5320 diaconus
1798 5273 1851 5319 et
1884 5278 2007 5333 prce

362 5334 365 5337 ’
432 5352 637 5421 sbyter.

505 5442 706 5514 Synodi
739 5444 1213 5515 Carthaginiensis
1237 5463 1411 5503 canon
1455 5448 1543 5503 16.

504 5535 705 5609 Synodi
742 5536 811 5592 Vl
862 5554 1035 5594 canon
1074 5540 1129 5595 6.

502 5630 663 5701 Legis
692 5642 855 5703 caput
882 5634 951 5688 45
976 5645 1027 5689 et
1060 5634 1146 5690 46.

504 5726 595 5782 65.
638 5724 1097 5799 Oporteresacris
1130 5727 1401 5797 initiatos,
1432 5732 1755 5787 conﬁtentes
1786 5746 1844 5788 se
1878 5743 2005 5789 ante

434 5818 838 5875 ordinationem
871 5834 1151 5888 peccasse,
1173 5822 1241 5875 ab
1269 5820 1444 5877 otiicio
1478 5823 1667 5892 dejici,
1699 5824 1753 5878 in
1786 5824 2007 5894 reliquis

437 5922 809 5971 remanentes.
831 5914 1309 5987 .siquidcmprobie
1324 5917 1479 5980 sint:
1500 5918 1577 5977 ita
1614 5927 1672 5974 ut
1704 5918 1769 5976 iis
1792 5920 1881 5990 qui
1913 5934 2007 5978 ens

2176 4704 2405 4756 Συνόδου
2438 4702 2671 4765 Νικαίας
2706 4702 2885 4758 κανὼν
2916 4703 3004 4773 ιγ’.

2178 4796 2288 4850 Καὶ
2316 4796 2413 4851 τοῦ
2445 4798 2603 4864 ἀγίου
2639 4797 2949 4868 Γρηγορίου
2982 4796 3203 4867 Νύσσης
3234 4800 3416 4854 κανὼν
3448 4801 3509 4859 ε’.

2177 4888 2269 4958 ξδ’.
2306 4890 2431 4946 ’Ότι
2457 4891 2539 4944 δεῖ
2562 4890 2621 4943 ὲν
2646 4889 2723 4958 τῷ
2744 4889 2920 4961 καιρῷ
2944 4893 3045 4961 τῆς
3084 4892 3223 4962 ἥϐης
3262 4894 3515 4948 ἀπαιτεῖν
3548 4897 3685 4952 ἀναέ

2105 4984 2357 5053 γνὼστας
2405 4981 2675 5053 συμϐίους
2728 4981 3041 5054 ἅγεσθαι,ῆ
3102 4984 3432 5055 ἐγκράτειαν
3477 4988 3689 5057 tacito».

2107 5079 2249 5144 γεῖν.
2289 5075 2447 5131 Μετά
2464 5074 2571 5145 γὰρ
2605 5076 2703 5145 τὴν
2729 5073 2823 5128 τοῦ
2878 5074 3132 5128 διακόνου
3202 5079 3538 5147 χειροτονίαν
3580 5082 3682 5138 οὐκ

2106 5167 2318 5231 ἔξεστιν
2344 5168 2423 5232 είς
2449 5165 2634 5235 γάμον
2662 5165 2861 5218 ἐλθεῖν.
2915 5165 2977 5217 Ei
3012 5165 3069 5217 δὲ
3102 5164 3403 5237 προτρέψει
3463 5166 3683 5221 τοῦτο-ὁ

2106 5260 2430 5325 ἐπίσκοπος,
2466 5258 2815 5329 καθαιρεῖται
2834 5257 2930 5311 καὶ
2948 5250 3105 5322 οὗτος
3123 5259 3381 5323 κάκεῖνος
3405 5276 3419 5293 ο
3477 5261 3682 5332 ὁμοίως

2106 5353 2165 5407 δὲ
2195 5353 2290 5406 καὶ
2310 5352 2585 5414 διάκονος,
2616 5352 2714 5405 καὶ
2743 5350 3143 5425 πρεσδύτερος.

2179 5445 2407 5501 Συνόδου
2450 5445 2819 5516 Καρθαγένης
2843 5446 3025 5501 κανὼν
3064 5453 3162 5511 ις’.

2181 5540 2408 5592 Συνὸδου
2434 5544 2489 5603 ς’
2516 5537 2698 5591 κανὼν
2726 5537 2802 5604 ς’.

2183 5636 2295 5691 Καὶ
2314 5638 2539 5707 νομικὸν
2576 5637 2873 5706 κεφάλαιον
2906 5642 2989 5708 με’
3020 5640 3110 5691 καὶ
3139 5636 3257 5708 μς·’.

2186 5728 2276 5794 ξε’.
2316 5730 2442 5784 Ὀτι
2472 5731 2556 5783 δεῖ
2598 5732 2727 5794 τοὺς
2772 5730 3174 5803 ὁμολογοῦντας
3224 5731 3335 5786 τῶν
3367 5731 3686 5800 ἱερωμένων

2113 5822 2221 5892 πρὸ
2262 5822 2363 5891 τῆς
2404 5824 2747 5894 χειροτονίας
2826 5824 3229 5894 ἡμαρτηκέναι,
3296 5823 3685 5894 καθαιρεῖσθαι

2127 5918 2225 5991 τῆς
2252 5916 2621 5991 λειτουργίας,
2662 5920 2720 5975 ὲν
2785 5920 2897 5983 τοῖς
2948 5919 3158 5982 λοιποῖς
3214 5916 3499 5989 μένοντας,
3529 5918 3578 5973 εί
3613 5934 3681 5987 γε
