4028 6288
338 420 405 490 31
1613 424 1930 488 ARSENII
1972 422 2318 488 MONACHI
3519 422 3591 487 32

413 545 500 603 7|.
541 545 807 617 Oportere
834 548 1149 618 episcopum
1179 546 1233 603 in
1277 544 1524 602 subditas
1564 543 1667 642 sibi
1696 544 1906 600 animas

2078 549 2179 601 oa’.
2217 545 2340 599 "Ott
2394 545 2475 600 δεῖ
2517 544 2608 599 τὸν
2651 544 2950 600 ἐπίσκοπον
2998 542 3259 611 ἐξουσίαν
3291 542 3434 615 ἔχειν
3478 543 3587 597 τῶν

340 648 658 708 potestatem
714 640 942 707 habere,
975 655 1265 712 rerumque
1297 638 1549 695 Ecclesiae
1590 638 1785 695 curam
1814 654 1909 710 ge‘

340 744 460 785 rere
488 745 611 783 cum
645 728 737 784 Dei
763 729 999 796 timore,
1048 747 1113 787 ac
1158 747 1264 786 non
1316 747 1408 787 eas
1441 731 1543 787 sibi
1577 731 1907 796 vendicare,

340 833 433 874 aut
463 822 725 889 sanguine
754 821 858 878 sibi
889 825 1192 894 conjunctis
1220 824 1431 895 largiri,
1458 825 1550 879 sed
1579 824 1910 894 pauperibus

340 913 796 980 sulnninistrare,
849 926 1106 985 tanquam
1188 918 1376 970 barum
1456 917 1721 971 rationem
1795 914 1910 971 Deo

339 1001 673 1057 redditurus.
723 1003 1107 1060 Verumtamen
1159 1022 1254 1075 per
1301 1007 1646 1079 presbyteros
1691 1018 1746 1063 et
1792 1008 1911 1063 dia-

343 1109 511 1150 conos
570 1098 713 1166 ipsas
746 1097 1078 1155 distribuere
1129 1100 1289 1154 debet
1327 1114 1425 1168 pro
1479 1113 1575 1154 sua
1622 1108 1908 1169 potestate,

340 1202 451 1243 uno
494 1204 559 1242 ex
598 1189 731 1257 ipsis
768 1192 1144 1261 dispensatore
1190 1192 1513 1258 constituto,
1560 1206 1625 1247 ac
1665 1209 1771 1247 non
1817 1207 1913 1261 per

340 1294 604 1349 personas
629 1284 730 1338 sibi
762 1285 1027 1353 sanguine
1054 1283 1392 1354 conjunctas.
1419 1283 1473 1338 Si
1500 1299 1627 1338 vero
1660 1284 1771 1353 ipse
1800 1282 1910 1337 for-

343 1374 671 1429 tasse-nolit
726 1376 926 1430 habere
976 1377 1429 1445 dispensatorem,
1467 1378 1594 1430 licet
1628 1374 1914 1444 provincia:

341 1465 559 1533 primati
607 1482 951 1522 (economum
1001 1468 1303 1538 designare.
1360 1468 1543 1537 Ipsum
1573 1479 1753 1524 autem
1795 1469 1914 1537 epi-

343 1571 566 1625 scopum
593 1573 659 1612 ει
696 1559 782 1613 his
825 1562 986 1615 rebus
1012 1576 1076 1616 ea
1102 1577 1221 1630 quae
1247 1562 1350 1616 sibi
1383 1572 1437 1617 et
1464 1561 1741 1617 fratribus
1774 1561 1914 1632 apud

340 1645 521 1716 ipsum
558 1649 779 1720 hospitii
809 1654 1033 1708 nomine
1066 1653 1536 1709 commorantibus
1567 1663 1692 1711 sunt
1726 1670 1916 1709 neces-

339 1743 485 1797 saria
528 1759 747 1802 sumere
790 1756 1026 1818 oportet.
1065 1747 1166 1813 Qui
1212 1762 1341 1803 vero
1390 1749 1504 1802 haec
1560 1762 1664 1801 non
1714 1754 1913 1810 servat,

339 1833 609 1897 obnoxius
653 1837 756 1893 erit
796 1840 1048 1910 synodo,
1095 1854 1276 1908 paenze
1330 1838 1651 1908 subjectus:
1696 1837 1912 1892 licentia

342 1925 802 1984 euilibet.vulettti
833 1930 982 1996 data,
1019 1931 1062 1985 si
1096 1931 1225 2001 quid
1253 1932 1443 1985 horum
1474 1928 1669 1985 violari
1693 1930 1911 1993 viderit,

343 2017 397 2073 id
434 2018 747 2089 imperatori
782 2021 1085 2079 indicandi.

413 2109 737 2166 Sanctorum
779 2113 1149 2183 apostolorum
1187 2127 1361 2168 canon
1409 2110 1479 2167 58
1512 2122 1568 2168 et
1607 2113 1700 2169 41.

413 2202 616 2274 Synodi
651 2205 1003 2262 Antiochense
1045 2222 1219 2261 canon
1251 2206 1345 2261 25.

412 2296 616 2365 Synodi
645 2296 1110 2355 Calchedonensis
1160 2315 1331 2355 canon
1358 2299 1449 2356 26.

414 2387 624 2460 Synodi
660 2389 751 2446 VII
790 2406 967 2447 canon
1009 2391 1097 2446 ll.

412 2481 698 2555 Theophili
728 2484 1081 2540 Alexandrini
1113 2501 1284 2541 canon
1320 2486 1386 2542 10
1420 2495 1475 2541 et
1503 2486 1588 2540 li.

419 2573 603 2631 Sancti
631 2575 818 2648 Cyrilli
852 2592 1024 2631 canon
1052 2577 1108 2632 2.

410 2664 571 2737 Legis
605 2679 768 2738 caput
798 2669 891 2736 20,
921 2668 990 2725 60
1016 2680 1070 2725 ct
1101 2670 1191 2726 61.
1504 2744 1507 2745 ν

415 2758 507 2814 73.
566 2758 831 2827 Oportere
889 2763 1142 2818 civitates
1197 2777 1292 2833 per
1341 2762 1556 2818 litteras
1608 2759 1916 2831 imperiales

346 2852 664 2921 metropolis
698 2854 919 2908 nomine
950 2866 1179 2911 ornatas
1212 2854 1332 2926 ipso
1369 2856 1575 2911 honore
1605 2854 1710 2909 frui
1737 2871 1752 2911 :
1778 2853 1919 2909 anti-

345 2958 485 3014 quas
511 2959 641 3001 vero
673 2949 999 3018 metropoles
1031 2949 1083 3003 in
1151 2950 1338 3005 iisdem
1401 2949 1537 3006 locis
1589 2949 1917 3004 exsistentes

345 3034 555 3092 nullum
581 3041 926 3110 propriorum
955 3040 1161 3112 jurium
1190 3043 1317 3099 inde
1353 3041 1741 3097 detrimentum
1785 3041 1918 3112 pati.

416 3211 620 3284 Synodi
654 3213 1111 3273 Calchedouensis
1143 3234 1319 3276 canon
1354 3221 1424 3277 12
1450 3230 1505 3278 et
1545 3222 1635 3279 i7.

420 3301 621 3376 Synodi
665 3305 729 3360 Vl
768 3321 943 3364 canon
980 3310 1071 3366 35.

419 3398 509 3455 75.
552 3400 815 3472 Oportere
844 3406 1131 3477 episcopos
1162 3406 1364 3478 injuste
1389 3409 1666 3480 expulsos,
1701 3409 1757 3467 in
1786 3411 1921 3468 alias

354 3495 667 3564 provincias
694 3499 924 3568 suscipi,
952 3508 1116 3569 atque
1152 3501 1283 3572 ipsis
1316 3504 1628 3560 omnimodo
1668 3506 1920 3561 succurri

349 3601 677 3659 manumque
705 3592 908 3662 porrigi
943 3608 959 3648 :
994 3591 1169 3649 donec
1203 3594 1405 3659 iniuria
1442 3595 1576 3652 ipsis
1616 3595 1765 3651 illata
1802 3589 1922 3653 viti-

349 3679 527 3753 dicata
554 3681 738 3739 fuerit.
872 3704 876 3707 ν
1382 3678 1385 3681 ’

424 3772 625 3845 Synodi
656 3773 999 3835 Sardicensis
1027 3793 1198 3835 canon
1234 3779 1323 3837 t7.

422 3864 512 3921 74.
553 3864 815 3937 Oportere
859 3871 1199 3938 patriarchas
1234 3873 1459 3943 paciﬂce
1494 3876 1639 3931 inter
1671 3892 1730 3934 se
1761 3893 1925 3950 agere

350 3968 516 4032 atque
546 3962 803 4017 honorari
856 3980 952 4032 pro
983 3980 1047 4020 eo
1095 3981 1252 4035 quem
1304 3969 1550 4023 obtinent
1582 3973 1773 4038 gradu,
1824 3987 1924 4029 nec

350 4068 457 4110 non
512 4062 567 4110 et
616 4058 1073 4127 metropolitanos
1138 4070 1303 4131 atque
1371 4063 1690 4133 episcopos;
1746 4081 1924 4138 neque

350 4148 647 4218 quidquam
678 4150 858 4205 faccre
886 4167 984 4209 eos
1013 4153 1106 4223 qui
1145 4153 1385 4223 ipsorum
1420 4156 1755 4215 dicecesibus
1795 4161 1925 4216 sub-

350 4241 453 4297 diti
480 4253 629 4308 sunt,
679 4245 881 4315 absque
933 4246 1173 4316 ipsorum
1207 4263 1525 4306 consensu:
1574 4266 1747 4321 neque
1780 4252 1927 4324 ipsos

353 4335 517 4390 etiam
559 4336 853 4407 quidquam
899 4354 1073 4408 agere
1121 4341 1257 4396 citra
1294 4343 1538 4398 omnium
1572 4347 1925 4403 sententiam.

427 4432 749 4488 Sanctorum
784 4437 1170 4505 apostolorum'
1196 4453 1368 4494 canon
1406 4441 1496 4498 54.
1927 4428 1929 4430 ’

425 4525 653 4581 Nicaenae
685 4529 878 4598 synodi
912 4544 1085 4585 canon
1125 4529 1156 4584 6
1190 4541 1246 4585 et
1275 4531 1329 4587 7.

423 4618 629 4692 Synodi
660 4621 1016 4677 Antiocuenc
1046 4638 1222 4677 canon
1255 4626 1311 4681 9.
1630 4668 1635 4671 -

423 4712 625 4785 Syuodi
654 4714 1279 4786 ConstantinOpolitanaa
1310 4731 1485 4774 canon
1514 4716 1550 4771 Ξ
1574 4726 1629 4773 et
1652 4718 1709 4773 5.

425 4804 627 4877 Synodi
665 4805 951 4874 Ephesinse
986 4822 1161 4861 canon
1204 4807 1288 4864 i0.

423 4896 627 4968 Synodi
653 4897 1118 4956 Calchedoncnsis
1150 4916 1325 4956 canon
1358 4901 1391 4956 8
1418 4912 1472 4956 et
1504 4901 1598 4958 28.

427 4986 630 5059 Synodi
664 4987 1128 5057 Carthaginiensis
1160 5005 1335 5046 canon
1371 4989 1459 5056 17,
1503 4988 1596 5056 59,
1631 4989 1738 5058 55,
1773 4990 1843 5045 86
1872 4998 1929 5047 et

358 5080 486 5137 101.

429 5172 633 5247 Synodi
666 5172 732 5230 Vl
764 5189 938 5230 canon
974 5174 1043 5231 '56
1077 5183 1131 5231 et
1169 5174 1261 5232 39.

430 5267 637 5340 Synodi
667 5268 721 5323 in
754 5268 953 5338 templo
992 5265 1206 5323 Sanctae
1256 5266 1475 5338 Sophia
1508 5264 1793 5324 celebrata:
1835 5280 1933 5323 ca-

361 5375 469 5417 ..on
501 5362 555 5417 Ι.

431 5453 596 5525 Legis
625 5464 787 5527 caput
815 5455 910 5511 22.

434 5548 527 5608 75.
559 5549 827 5607 Clericum
858 5550 914 5606 in
947 5548 1185 5605 alicnam
1210 5546 1503 5619 parteciam
1526 5548 1645 5603 sine
1668 5558 1939 5602 consensu

1700 5636 1939 5708 alioquin
2045 5637 2301 5708 δεχθῆναι
2334 5633 2598 5707 κληρικδν
2630 5631 2688 5686 ιν
2720 5631 2885 5702 ἑτέρα
2928 5628 3192 5698 παροικίᾳ
3212 5642 3230 5661 ν
3260 5625 3381 5679 ἐπεὶ
3418 5626 3622 5697 ἀφορί-

365 5643 542 5715 ipsius
594 5642 835 5714 episcopi
891 5659 998 5699 non
1029 5658 1152 5699 esse
1204 5639 1577 5711 recipiendum
1632 5658 1648 5697 :

1941 1886 1989 1947 Β

2012 640 2385 706 ὑποκειμένων
2424 638 2569 708 αὑτῷ
2605 637 2816 710 ψυχῶν,
2856 638 2954 691 καὶ
2992 636 3300 709 φροντίζειν
3338 634 3446 691 τῶν
3484 634 3585 705 τῆς

1986 734 2345 802 ,Ἐκκλησίας
2384 733 2726 805 πραγμάτων
2769 732 2927 803 μετὰ
2954 732 3118 801 φόὸου
3160 729 3328 794 Θεοῦ,
3374 728 3469 782 καὶ
3510 727 3585 799 μὴ

2014 826 2423 896 σφετερίζεσθαι
2449 825 2653 890 ταῦτα,
2684 825 2717 895 ἢ
2752 824 3038 903 συγγενέσι
3071 821 3419 894 χαρίζεσθαι,
3451 819 3589 875 ἀλλὰ

2014 918 2240 981 πένησιν
2268 916 2737 987 ἐπιχορηγεῖσθαι,
2767 915 2842 978 ὡς
2872 915 3081 985 μέλλων
3108 915 3265 982 λόγον
3293 913 3589 969 ἀποδοῦναι

2013 1011 2142 1082 περὶ
2181 996 2358 1065 αὐτῶν
2386 1010 2463 1078 τῷ
2501 1008 2657 1081 εεῷο
2693 1009 2832 1080 πλὴν
2861 1007 2996 1064 ἀλλά
3034 1008 3122 1061 διὰ
3152 1006 3258 1061 τῶν
3290 1004 3591 1077 πρεσϐυτέ-

2018 1119 2125 1173 ρων
2162 1084 2256 1154 καὶ
2296 1101 2558 1154 διακόνων
2590 1098 2763 1153 ταῦτα
2798 1096 3075 1167 διανέμειν
3113 1095 3254 1149 κατὰ
3289 1095 3388 1165 τὴν
3424 1091 3588 1147 αὐτοῦ

2014 1194 2286 1259 ἐξουσίαν,
2320 1192 2417 1246 ἓνα
2452 1191 2510 1258 ἐξ
2542 1190 2726 1245 αὐτῶν
2756 1190 2971 1260 ἔχοντος
3002 1189 3307 1257 οἰκονόμον,
3342 1185 3438 1240 καὶ
3467 1185 3589 1255 οὐχὶ

2013 1288 2102 1342 διὰ
2132 1286 2409 1354 συγγενῶν
2438 1282 2601 1339 αὐτοῦ
2634 1281 2968 1355 προσώπων.
3002 1279 3064 1333 Ei
3093 1280 3139 1333 δ’
3163 1279 3322 1342 αὐτὸς
3352 1279 3482 1342 ίσως
3514 1276 3589 1351 μὴ

2015 1377 2160 1433 θέλοι
2191 1377 2338 1448 ἔχειν
2369 1377 2674 1446 οἰκονόμον,
2703 1373 2879 1439 ἔξεστι
2906 1372 2983 1443 τῷ
3009 1372 3106 1442 τῆς
3139 1370 3409 1444 ἐπαρχίας
3437 1388 3588 1441 πρω-

2014 1472 2231 1526 τεύοντι
2267 1468 2666 1541 προϐάλλεσθαι
2704 1466 2764 1532 ἐξ
2801 1468 3040 1531 ἅπαντος
3073 1463 3378 1536 οἰκονόμον.
3417 1462 3591 1517 Αὐτὸν

2015 1566 2073 1620 δὲ
2101 1565 2191 1621 τὸν
2218 1564 2516 1618 ἒπίσκοπον
2544 1559 2866 1615 διοικεῖσθαι
2893 1559 2952 1627 ἐξ
2980 1558 3156 1613 αὐτῶν
3184 1559 3266 1621 είς
3291 1556 3389 1619 τὰς
3417 1557 3584 1627 ἀναγ-
3614 1626 3615 1629 η

2016 1660 2179 1720 καίας
2212 1658 2401 1730 χρείας
2442 1656 2533 1708 καὶ
2576 1655 2737 1725 μόνον
2758 1696 2771 1720 ,
2809 1653 3039 1707 καὶτῶν
3069 1653 3200 1724 παρ’
3224 1648 3373 1722 αὐτῷ
3412 1650 3593 1718 ἐπιξε-

2017 1750 2291 1823 νουμένων
2336 1746 2603 1817 ἀδελφῶν.
2641 1746 2700 1800 Ὀ
2745 1748 2800 1800 δὲ
2853 1746 2927 1817 μὴ
2970 1744 3144 1799 ταῦτα
3190 1744 3374 1815 τηρῶν
3412 1743 3594 1813 ἔνοχος

2017 1844 2169 1899 ἔσται
2197 1844 2264 1913 τῇ
2295 1840 2528 1909 συνόδῳ,
2561 1838 2921 1909 ὑποκείμενος
2949 1835 3213 1906 ἐπιτιμίῳ
3233 1851 3249 1867 ο
3279 1834 3466 1900 ἁδείας
3492 1832 3589 1890 οὗ·

2020 1955 2117 2009 σης
2145 1935 2309 1989 παντὶ
2332 1933 2410 2004 τῷ
2441 1931 2775 2004 βουλομένῳ,
2801 1929 2855 1983 εί
2879 1947 2933 1983 τι
2958 1928 3164 1984 τούτων
3192 1927 3594 2001 παραδαινόμε-

2015 2047 2105 2085 νον
2135 2030 2258 2090 ίδοι.
2293 2027 2522 2099 μηνύειν
2551 2025 2630 2095 τῷ
2665 2023 2895 2096 βασιλεῖ.

2084 2121 2208 2177 Τῶν
2238 2120 2407 2190 ἁγίων
2433 2119 2746 2176 ἀποστόλων
2773 2114 2953 2170 κανὼν
2980 2112 3062 2187 λη’
3089 2115 3184 2170 καὶ
3215 2112 3327 2187 μα’.

2086 2214 2197 2269 Καὶ
2225 2212 2443 2267 συνόδου
2477 2208 2806 2281 Ἀντιοχείας
2836 2207 3016 2264 κανὼν
3046 2207 3145 2266 κε’.

2084 2308 2308 2362 Συνόδου
2341 2303 2679 2375 Καλχηδόνος
2709 2302 2891 2358 κανὼν
2920 2301 3035 2370 κς’.

2086 2401 2313 2455 Συνόδου
2345 2399 2391 2464 ζ’
2417 2396 2598 2452 κανὼν
2630 2394 2721 2452 ια’.

2086 2487 2784 2561 ΘεοφίλουἈλεξανδρείας
2812 2485 2992 2543 κανὼν
3025 2491 3057 2539 ι’
3083 2485 3177 2539 καὶ
3214 2490 3303 2541 ια’.

2086 2582 2194 2636 Τοῦ
2227 2583 2384 2652 ἁγίου
2415 2580 2686 2650 Κυρίλλου
2716 2578 2900 2634 κανὼν
2929 2578 3008 2649 β’.

2086 2676 2330 2745 Νομικδν
2358 2675 2653 2743 κεφάλαιον
2680 2672 2749 2736 κ’,
2780 2671 2821 2738 ξ’
2846 2674 2940 2728 καὶ
2972 2672 3072 2738 ea}.

2090 2763 2191 2840 οβ’.
2217 2770 2339 2823 Ὀτι
2369 2769 2451 2823 δεῖ
2476 2769 2572 2831 τὰς
2601 2766 2687 2821 διὰ
2719 2767 3065 2838 γραμμάτων
3118 2764 3414 2837 βασιλικῶν
3438 2783 3605 2838 τιμη-

2020 2861 2209 2926 θείσας
2238 2859 2418 2923 πόλεις
2446 2859 2534 2913 ἐπ’
2555 2857 2781 2928 ὀνόματι
2812 2856 3198 2929 μητροπόλεως
3225 2855 3371 2927 ἔχειν
3395 2857 3495 2928 τὴν
3522 2874 3601 2911 τι-

2022 2954 2131 3025 μήν
2149 2968 2164 2985 ο
2190 2952 2287 3015 τὰς
2318 2952 2373 3005 δὲ
2402 2950 2634 3023 ἀρχαίας
2666 2950 3033 3021 μητροπόλεις
3053 2950 3158 3014 τὰς
3183 2949 3241 3003 ἐν
3266 2950 3385 3013 ταῖς
3411 2950 3603 3013 αὐταῖς

2021 3046 2366 3106 τοποθεσίαις
2390 3042 2578 3108 olidae,
2609 3044 2684 3114 μὴ
2715 3041 3192 3099 καταϐλάπτεσθαι
3224 3042 3315 3097 ὑπ’
3341 3043 3519 3097 αὐτῶν
3546 3046 3605 3098 ὲν

2020 3139 2133 3200 τοῖς
2167 3136 2318 3199 ἰδίοις
2344 3135 2597 3199 δικαίοις.

1946 3245 1991 3305 c
2094 3227 2319 3283 Συνόδου
2350 3225 2692 3300 Καλχηδόνος
2722 3223 2905 3278 κανὼν
2939 3221 3007 3296 ιβ’
3032 3223 3127 3278 καὶ
3163 3223 3247 3289 ιζ’.

2091 3320 2202 3373 Καὶ
2232 3317 2455 3372 συνόδου
2488 3314 2541 3382 ς’
2566 3315 2745 3370 κανὼν
2771 3310 2868 3369 λε’.

2089 3407 2188 3478 of.
2245 3408 2370 3463 Ὀτι
2410 3407 2494 3461 δεῖ
2535 3406 2660 3469 τοὺς
2704 3404 2906 3467 ἀδίκως
2946 3402 3342 3477 ἐλαυνομένους
3383 3403 3607 3460 ἐπισκό-

2019 3514 2156 3562 πους
2184 3496 2436 3569 δέχεσθαι
2468 3498 2527 3549 ὲν
2557 3495 2774 3567 ἑτέραις
2804 3494 3057 3567 ὲνορίαις,
3088 3497 3182 3550 καὶ
3210 3493 3607 3567 ἀντιλαμϐάνε-

2021 3592 2147 3647 σθαι
2184 3590 2457 3655 παντοίως
2487 3591 2585 3645 καὶ
2618 3591 3113 3662 χειραγωγεῖσθαι,
3151 3590 3312 3662 ἄχρις
3345 3591 3413 3647 ἂν
3442 3592 3476 3667 ἠ
3513 3593 3607 3647 ἐπὶ

2020 3686 2208 3750 αὐτοῖς
2237 3687 2464 3755 γένηται
2494 3671 2794 3755 ἐκδίκησις.

2090 3779 2317 3833 Συνόδου
2347 3777 2619 3849 Σαρδικῆς
2651 3777 2831 3831 κανὼν
2862 3778 2950 3842 ιζ’.

2089 3872 2336 3930 σεμὍτι
2381 3871 2464 3925 δεῖ
2507 3869 2810 3943 εἰρηνεύειν
2861 3871 2981 3941 μετ’
3029 3869 3276 3941 αλλήλων
3322 3871 3450 3936 τοὺς
3498 3889 3605 3927 παν

2020 3964 2312 4036 τριάρχας,
2350 3962 2445 4016 καὶ
2477 3962 2744 4033 τιμᾶσθαι
2785 3962 2983 4025 αὐτοὺς
3025 3961 3167 4016 κατὰ
3195 3961 3296 4034 τὴν
3327 3964 3611 4037 ἀπονεμη-

2024 4060 2211 4113 θεῖσαν
2245 4057 2421 4123 τάξιν.
2461 4057 2575 4110 Καὶ
2616 4055 2724 4127 μὴν
2760 4056 2857 4109 καὶ
2896 4056 3023 4120 τοὺς
3068 4054 3474 4127 μητροπολίτας
3516 4056 3612 4112 καὶ

2024 4152 2358 4214 ἐπισκόπους
2389 4149 2554 4222 μηδὲν
2578 4166 2630 4203 τι
2664 4151 2836 4203 ποιεῖν
2859 4148 2986 4213 τοὺς
3016 4146 3122 4201 ὑπὸ
3147 4148 3247 4213 τὰς
3271 4147 3489 4222 ὲνορίας
3513 4150 3628 4213 αὑο,

2026 4244 2155 4311 τῶν,
2181 4246 2349 4316 χωρὶς
2374 4242 2599 4314 γνώμης
2616 4241 2724 4297 τῶν
2744 4239 2924 4296 αὐτῶν
2946 4257 2961 4272 ⁸
2990 4241 3113 4313 μήτ’
3135 4239 3333 4307 αὐτούς
3355 4258 3412 4296 τι
3438 4243 3612 4297 ποιεῖν

2028 4341 2199 4414 χωρὶς
2224 4341 2325 4410 τῆς
2355 4337 2575 4395 πάντων
2602 4336 2852 4411 γνώμης.

2099 4431 2221 4485 Τῶν
2249 4430 2423 4501 ἁγίων
2452 4431 2768 4486 ἀποστόλων
2798 4428 2978 4485 κανὼν
3002 4429 3103 4486 λό’.

2098 4522 2327 4578 Συνόδου
2356 4523 2589 4586 Νικαίας
2620 4522 2801 4577 κανὼν
2829 4519 2885 4588 ς’
2910 4522 3005 4579 καὶ
3035 4520 3103 4589 ζ’.

2101 4616 2332 4671 Συνόδου
2362 4615 2694 4687 Ἀντιοχείας
2724 4612 2909 4669 κανὼν
2939 4614 3016 4669 θ’.

2102 4709 2331 4763 Συνόδου
2363 4706 2989 4781 Κωνσταντινουπόλεως
3020 4705 3202 4764 κανὼν
3228 4708 3281 4780 β’
3305 4707 3403 4764 καὶ
3428 4705 3514 4780 τ’.

2102 4800 2329 4855 Συνόδου
2370 4799 2599 4868 Ἐφέσου
2635 4796 2817 4853 κανὼν
2846 4803 2901 4858 ι’.

2105 4893 2336 4947 Συνόδου
2362 4892 2710 4963 Καλχηδόνος
2739 4890 2917 4947 κανὼν
2950 4900 3001 4966 η’
3028 4893 3123 4947 καὶ
3150 4892 3264 4966 κη’.

2106 4985 2335 5040 Συνόδου
2374 4986 2737 5057 Καρθαγένης
2775 4985 2956 5041 κανὼν
2992 4983 3081 5053 ιζ’,
3121 4985 3223 5057 λθ’,
3258 4983 3353 5056 νε’,
3387 4985 3489 5058 πςθ
3517 4987 3618 5048 καὶ

2040 5083 2145 5152 ρα’.

2111 5174 2339 5230 Συνόδου
2375 5182 2427 5240 ς’
2454 5174 2637 5229 κανὼν
2668 5176 2757 5239 λς’
2796 5174 2891 5226 καὶ
2915 5169 3017 5228 λθ’.

2112 5268 2341 5323 Συνόδου
2368 5268 2428 5322 ὲν
2455 5266 2534 5337 τῷ
2558 5264 2672 5337 ναῷ
2695 5264 2796 5334 τῆς
2837 5262 3026 5332 Ἀγίας
3055 5261 3255 5331 Σοφίας
3284 5264 3463 5320 κανὼν
3486 5266 3556 5323 α’.

2113 5452 2227 5511 Καὶ
2246 5452 2468 5524 νομικὸν
2494 5449 2784 5522 κεφάλαιον
2803 5446 2910 5522 κβ’.

2115 5546 2209 5605 σε’.
2244 5546 2370 5600 Ὅτι
2393 5545 2456 5600 οὐ
2485 5544 2568 5597 δεῖ
2595 5542 2724 5597 ἄνευ
2745 5540 2974 5611 γνώμης
2996 5538 3088 5593 τοῦ
3124 5536 3425 5592 ἐπισκόπου
3448 5534 3619 5591 αὐτοῦ

368 5738 875 5793 excommunicatur
919 5747 1029 5792 tum
1062 5738 1152 5807 qui
1188 5734 1387 5805 recipit
1422 5744 1534 5789 tum
1567 5734 1658 5803 qui
1692 5739 1910 5803 receptu

2049 5731 2204 5794 ζεται
2233 5728 2328 5783 καὶ
2354 5729 2384 5781 ό
2408 5725 2721 5797 δεξάμενος,
2754 5725 2849 5777 καὶ
2874 5724 2903 5777 ό
2929 5722 3157 5793 δεχθείς.
3189 5721 3251 5773 Εἰ
3280 5720 3338 5773 δὲ
3366 5718 3621 5788 ἐπιμένοι

371 5839 480 5887 est.
504 5829 561 5885 Si
590 5841 770 5886 autem
804 5841 1118 5900 perseveret
1151 5832 1327 5900 ipsum
1364 5829 1627 5891 detinere,
1670 5827 1784 5895 ipse
1814 5840 1943 5895 gra-

2051 5821 2301 5892 κατὲχων
2349 5817 2545 5885 αὐτὸν,
2598 5813 2971 5888 καθαιρείσθω
3013 5814 3109 5867 καὶ
3155 5813 3316 5872 αὐτός
3352 5827 3367 5841 ·
3407 5807 3533 5863 οὔτε
3564 5808 3622 5863 δὲ

373 5922 444 5979 du
478 5922 763 5996 dejiciatur
797 5941 810 5978 :
842 5938 1016 5996 neque
1067 5939 1194 5982 vero
1239 5923 1287 5980 ei
1322 5922 1413 5994 qui
1464 5920 1530 5979 ab
1580 5920 1687 5976 alio
1720 5934 1916 5977 excom-

2057 5913 2404 5987 συγχωρήσει
2444 5911 2633 5984 ἕτερος
2672 5909 2752 5981 τῷ
2802 5907 2891 5979 ὑφ’
2927 5907 3117 5980 ἐτέρου
3156 5902 3530 5978 ἀφορισθέντι,
3572 5902 3623 5954 εί
