4060 6294
401 323 470 388 33
1641 314 1977 380 EPITOME
2020 302 2407 380 tiANou-UM.
2980 286 2983 287 ί
3575 307 3647 375 34

410 445 486 515 μὴ
512 439 577 495 ἀν
600 437 746 492 κατά
773 434 1076 508 συγκυρίαν
1103 431 1405 507 τελευτήσῃ
1434 435 1462 487 ό
1491 432 1762 504 ἀφορίσας
1791 430 1975 487 αὐτόν.

2089 428 2387 484 municatus
2422 425 2596 482 fuerit
2645 425 2782 482 alius
2807 425 3019 482 veniam
3071 424 3241 489 dabit,
3279 423 3382 480 nisi
3429 423 3570 482 forte
3597 424 3647 482 is

420 576 423 578 η
471 618 594 676 τῶν
619 617 794 689 ἀγίων
825 613 1151 671 ἀποστόλων
1190 610 1278 686 ιβ’,
1311 617 1402 683 ιγ’,
1432 608 1516 680 ιε’,
1543 609 1641 678 ις’,
1667 609 1764 681 ιη’,
1799 606 1885 666 ιθ’.

472 792 699 847 Συνόδου
725 789 1090 863 Καρθαγένης
1117 785 1299 843 κανὼν
1321 784 1393 842 νδ’
1423 787 1518 841 καὶ
1543 788 1617 856 ις.

474 883 704 940 Συνόδου
746 888 798 948 ς’
827 880 1008 936 κανὼν
1034 879 1119 936 ιθ’.

472 976 696 1032 Συνόδου
723 973 768 1042 ζ’
803 972 982 1028 κανὼν
1012 978 1068 1027 ι’.

469 1070 699 1126 Συνόδου
730 1069 789 1124 ὲν
827 1067 904 1138 τῷ
944 1064 1058 1138 ναῷ
1085 1064 1186 1136 τῆς
1229 1063 1418 1134 Ἀγίας
1454 1061 1654 1133 Σοφιας
1683 1061 1863 1116 κανὼν
1900 1056 1971 1114 α’.

468 1244 577 1312 ος’.
609 1245 735 1300 Ὅτι
764 1244 824 1298 οὐ
846 1244 928 1299 δεῖ
964 1241 1265 1296 ἐπίσκοπον
1306 1240 1579 1312 ἑπιπηδᾷν
1609 1241 1682 1312 ⁴τῇ
1725 1237 1799 1311 μὴ
1843 1238 1974 1291 ὑπο-

398 1339 629 1411 κειμένῃ
657 1335 807 1409 αὐτῷ
837 1334 1124 1410 παροικίᾳ,
1150 1333 1186 1407 ἢ
1214 1331 1568 1404 παντελῶς,ἢ
1595 1331 1737 1386 κατὰ
1759 1330 1971 1400 καιρὸν,

397 1432 506 1487 κᾶν
534 1430 641 1486 ὑπὸ
666 1428 928 1483 πλειόνων
955 1425 1330 1496 ἀναγκάζηται
1353 1440 1368 1456 ·
1397 1426 1446 1478 εί
1476 1426 1550 1496 μή
1576 1440 1706 1477 ποτε
1732 1423 1797 1476 δι’
1821 1422 1974 1476 abito.

399 1539 496 1590 γον
522 1520 702 1576 αίτίαν
730 1534 748 1550 ·
776 1521 869 1574 καὶ
897 1518 1070 1582 οὕτως
1102 1518 1203 1571 οὐκ
1242 1516 1337 1589 ἀφ’
1363 1514 1588 1584 ἑαυτοῦ,
1629 1515 1765 1570 ἀλλά
1793 1517 1973 1588 κρίσει

402 1612 612 1665 πολλῶν
641 1612 981 1674 ἐπισκόπων,
1014 1610 1109 1663 καὶ
1137 1605 1232 1661 τοῦ
1256 1607 1398 1661 κατά
1421 1605 1608 1680 χώραν
1636 1606 1940 1678 ἀρχιερέως
1957 1621 1974 1639 ο

398 1705 526 1759 οὔτε
548 1705 605 1758 δὲ
633 1703 969 1775 χειροτονίαν
992 1701 1221 1772 ποιῆσαι
1240 1701 1299 1754 tv
1324 1700 1515 1773 ἑτέρου
1541 1697 1806 1771 παροικίᾳ
1825 1699 1977 1770 παρά

401 1795 632 1868 γνώμην
657 1797 866 1851 αὑτοῦ·
907 1793 1098 1866 ὶπειδὴ
1137 1792 1486 1883 καθαιρεῖται
1521 1791 1618 1846 καὶ
1657 1791 1844 1860 αὐτὸς,
1883 1790 1978 1846 καὶ
2009 1776 2050 1832 Β

401 1887 498 1954 οὓς
531 1887 928 1960 ἐχειροτόνησε.

472 1987 597 2042 Τῶν
623 1965 795 2056 ἁγίων
827 1985 1144 2040 ἀποστόλων
1174 1980 1356 2038 κανὼν
1385 1979 1475 2050 ια’,
1499 1980 1571 2035 λδ⁹
1601 1981 1699 2036 καὶ
1723 1978 1815 2035 λε’.

473 2078 702 2133 Συνόδου
728 2076 1358 2139 Κωνσταντινουπόλεως
1388 2071 1569 2130 κανὼν
1606 2071 1679 2144 γ’.

472 2168 704 2224 Συνόδου
739 2170 966 2240 Ἐφέσου
995 2167 1179 2223 κανὼν
1206 2172 1258 2222 ι’.

479 2261 711 2316 Συνόδου
742 2261 1089 2333 Καλχηδόνος
1128 2257 1309 2315 κανὼν
1339 2256 1400 2315 ε’.

476 2354 702 2409 Συνόδου
740 2355 1008 2427 Σαρδικῆς
1030 2354 1210 2408 κανὼν
1240 2351 1310 2418 α’,
1335 2350 1380 2424 β’
1411 2354 1504 2408 καὶ
1533 2357 1606 2422 γ’.

475 2452 704 2510 Συνόδου
731 2449 1089 2521 Καρθαγένης
1121 2447 1300 2502 κανὼν
1339 2443 1458 2518 μη⁹.”

478 2545 578 2610 οξ.
610 2545 820 2599 Ὄτιοὺ
851 2544 934 2597 δεῖ
963 2541 1263 2594 ἐπίσκοπον
1287 2539 1558 2594 διδάσκειν
1589 2539 1647 2591 ὲν
1674 2536 1861 2609 ἐτέρου
1887 2535 1985 2590 πόο

407 2639 492 2693 λει
521 2653 536 2667 °
578 2639 627 2692 εἰ
671 2637 729 2690 δὲ
778 2636 938 2689 τοῦτο
985 2631 1268 2705 φωραθείη
1305 2629 1495 2696 ποιῶν,
1528 2630 1829 2700 κατάγεται
1872 2627 1986 2682 ἀπὸ

407 2730 506 2785 τοῦ
529 2729 740 2803 βαθμοῦ
768 2729 869 2800 τῆς
907 2727 1211 2799 ἐπισκοπῆς
1239 2729 1319 2789 είς
1353 2726 1446 2778 τὸν
1481 2725 1575 2781 τοῦ
1611 2722 1985 2797 πρεσϐυτέρου

412 2821 515 2895 βαθ
524 2824 644 2893 μόν.

482 2915 712 2970 Συνόδου
747 2915 1014 2988 Σαρδικῆς
1041 2909 1223 2968 κανὼν
1250 2908 1321 2964 ια’
1340 2911 1433 2963 καὶ
1460 2906 1547 2981 ιβ’.

491 3011 722 3068 Συνόδου
756 3008 810 3075 ς’
834 3008 1015 3063 κανὼν
1048 3004 1119 3060 κ’.

2075 521 2163 590 qui
2191 517 2707 585 excommunicavit,
2742 517 2958 573 obierit.

2148 607 2473 664 Sanctorum
2525 612 2893 680 apostolorum
2925 621 3112 664 canon-
3149 606 3240 676 l2,
3293 606 3380 677 l5,
3423 604 3513 676 15,
3549 604 3644 678 16,

2076 701 2145 758 18
2177 709 2232 757 et
2265 700 2352 758 19.
2712 701 2716 704 ’

2148 792 2347 864 Synodi
2384 791 2856 864 Carthaginiensis
2886 806 3061 848 canon
3091 791 3160 848 51
3188 800 3244 847 et
3270 789 3360 848 90.

2151 886 2353 959 Synodi
2387 884 2456 942 Vl
2497 901 2670 942 canon
2707 878 2797 940 19.

2148 978 2350 1051 Synodi
2379 975 2470 1032 Vll
2499 992 2673 1032 canon
2715 975 2805 1030 10.

2147 1071 2350 1145 Synodi
2387 1073 2438 1126 in
2481 1069 2682 1141 templo
2742 1070 2958 1126 Sanctae
3024 1066 3243 1140 Sophia:
3295 1067 3496 1125 habite
3553 1081 3649 1124 ca-

2077 1181 2182 1220 non
2221 1166 2274 1220 1.

2146 1258 2239 1315 76.
2275 1254 2393 1314 Νοη
2427 1265 2682 1328 oportere
2707 1257 3018 1326 episcopum
3053 1253 3349 1326 parteciam
3385 1253 3489 1310 sibi
3535 1269 3646 1311 non

2077 1351 2346 1408 subditam
2395 1360 2487 1406 aut
2536 1350 2759 1406 omnino
2795 1357 2886 1404 aut
2941 1363 3039 1418 pro
3093 1363 3334 1419 tempore
3372 1346 3651 1416 invadere,
3749 1391 3754 1396 .

2078 1443 2328 1514 quamvis
2361 1459 2388 1496 a
2427 1443 2671 1512 pluribus
2701 1451 2946 1511 cOgatur,
2974 1441 3077 1497 nisi
3109 1440 3252 1497 forte
3275 1448 3495 1511 propter
3527 1455 3653 1496 cau-

2077 1550 2192 1592 sam
2231 1536 2427 1591 rationi
2464 1545 2888 1592 consentaneum
2936 1552 2950 1590 :
2989 1534 3155 1606 idque
3204 1548 3312 1588 non
3345 1546 3446 1588 suo
3477 1533 3652 1603 ipsius

2080 1641 2255 1696 motu,
2278 1629 2373 1685 sed
2412 1627 2702 1682 multorum
2731 1628 3110 1698 episcoporum
3133 1635 3297 1696 atque
3324 1624 3494 1694 ipsius
3525 1640 3654 1694 pro-

2079 1721 2274 1778 vincia:
2319 1719 2715 1791 archiepiscopi
2765 1717 3017 1788 judicio:
3045 1731 3221 1787 neque
3254 1730 3384 1770 vero
3430 1715 3656 1771 ordines

2077 1813 2330 1871 conferre
2355 1815 2409 1867 in
2444 1812 2546 1866 alia
2579 1811 2817 1880 paroecia
2850 1819 3044 1880 praeter
3077 1809 3247 1879 ipsius
3279 1822 3643 1866 consensum:

2079 1906 2313 1977 alioquin
2339 1908 2626 1979 deponitur
2652 1916 2764 1962 tum
2798 1910 2933 1975 ipse,
2967 1914 3082 1960 tum
3111 1905 3145 1958 ii
3181 1919 3319 1975 quos
3348 1901 3641 1959 ordinavit.

2152 1999 2476 2056 Sanctorum
2509 1998 2872 2072 apostolorum
2904 2012 3078 2053 canon
3109 1997 3196 2064 11,
3225 1996 3294 2052 ’51
3327 2005 3382 2053 et
3410 1996 3504 2052 '55.

2155 2093 2356 2166 Synodi
2383 2092 2993 2164 Constantinopolitanae
3022 2106 3197 2148 canon
3235 2092 3294 2148 3.

2154 2186 2356 2256 Synodi
2388 2186 2674 2256 Ephesius:
2706 2201 2880 2241 canon
2923 2186 3012 2240 10.

2155 2274 2360 2349 Synodi
2395 2277 2854 2333 Calchedonensis
2890 2292 3065 2333 canon
3100 2277 3156 2332 5.

2073 2383 2076 2385 λ
2157 2368 2362 2440 Synodi
2400 2370 2741 2425 Sardicensis
2775 2386 2950 2426 canon
2988 2371 3042 2437 1,
3067 2369 3102 2424 2
3129 2378 3184 2425 et
3209 2370 3264 2426 5.

2155 2463 2361 2524 Svnodi
2393 2463 2856 2533 Carthaginiensis
2902 2477 3074 2518 canon
3101 2462 3194 2518 48.

2155 2559 2247 2618 77.
2282 2558 2398 2614 Non
2437 2568 2688 2628 oportere
2715 2558 3027 2627 episcopum
3057 2557 3257 2614 docere
3289 2557 3342 2612 in
3369 2556 3541 2615 aliena
3566 2572 3660 2616 ur-

2087 2655 2197 2710 be:
2233 2653 2276 2707 si
2305 2667 2436 2708 vero
2463 2651 2565 2705 hoc
2612 2651 2792 2705 facere
2827 2651 3203 2720 deprehensus
3239 2649 3428 2718 fuerit,
3476 2650 3659 2722 depri-

2088 2745 2259 2801 mitur
2291 2744 2358 2798 ab
2387 2743 2734 2815 episcopatus
2772 2741 2942 2812 gradu
2975 2741 3040 2796 ad
3076 2741 3379 2814 presbyteri
3407 2741 3656 2805 gradum.

2160 2928 2359 3001 Synodi
2394 2930 2736 2986 Sardicensis
2767 2945 2940 2987 canon
2973 2930 3032 2987 11
3055 2885 3126 2987 et
3171 2931 3262 2988 12.

2161 3022 2362 3092 Synodi
2396 3023 2462 3078 Vl
2493 3038 2671 3079 canon
2704 3022 2796 3079 20.

482 3106 585 3181 οη’.
612 3107 736 3161 Ὀτι
779 3103 838 3158 οὐ
868 3103 954 3157 δεῖ
983 3099 1283 3153 ἐπίσκοπον
1318 3097 1691 3167 ἀποκαρῆναι,
1721 3095 1817 3150 καὶ
1843 3091 1982 3150 εἶναι

2162 3091 2248 3174 78.
2291 3115 2407 3174 Non
2442 3128 2695 3188 oportere
2727 3118 3042 3188 episcopum
3075 3117 3372 3186 attonderi,
3403 3132 3467 3172 ac
3497 3117 3656 3174 dein-

414 3203 572 3266 αὖθις
618 3205 671 3254 ὲν
700 3199 777 3270 τῷ
817 3194 1155 3264 ὲπισκοπείῳ
1177 3207 1192 3222 ·
1226 3191 1353 3246 οὔτε
1384 3191 1442 3244 δὲ
1473 3191 1835 3262 μοναστήριον
1855 3191 1988 3244 ίδιον

415 3295 762 3364 οἰκοδομῆσαι
806 3292 872 3344 ὲκ
914 3288 1024 3342 τῶν
1062 3287 1158 3357 τῆς
1205 3287 1515 3356 ἐπισκοπῆς
1559 3284 1863 3356 προσοδίων
1895 3281 1990 3353 επὶ

416 3387 714 3446 καταλύσει
753 3382 854 3454 τῆς
889 3380 1199 3451 ἐπισκοπῆς
1221 3393 1240 3412 ο
1281 3377 1472 3448 ἐπειδὴ
1508 3377 1770 3448 ἐπιτιμίῳ
1817 3374 1989 3431 meo-

416 3480 770 3538 ποϐἀλλεται.

487 3575 716 3631 Συνόδου
753 3576 811 3629 ἔν
854 3571 934 3644 τῷ
977 3569 1091 3643 ναῷ
1126 3567 1236 3624 τῶν
1270 3566 1482 3635 Ἀγίων
1525 3561 1870 3620 ’Δποστόλων
1889 3579 1993 3617 κα-

418 3671 526 3726 νὼν
550 3669 617 3734 ζ’.

488 3761 715 3817 Συνόδου
745 3760 804 3812 ιν
827 3754 909 3829 τῷ
937 3752 1052 3828 ναῷ
1082 3752 1177 3825 τῆς
1220 3751 1408 3823 ’Δγίας
1433 3751 1635 3821 Σοφίας
1669 3746 1848 3803 κανὼν
1871 3742 1940 3819 β’.

485 3936 586 3995 σθ’.
613 3937 740 3991 Ὀτι
770 3937 852 3988 δτι
873 3931 943 3986 τά
960 3932 1018 3986 ὲν
1040 3930 1155 3991 τοῖς
1184 3927 1376 3996 ἀγροῖς
1425 3924 1520 3978 καὶ
1545 3925 1656 3986 τοῖς
1675 3917 1996 3991 ἀμπελῶσιν

419 4031 688 4103 εὐκτὴρια
708 4026 910 4082 ὡσανεὶ
933 4027 1015 4088 είς
1035 4025 1256 4095 μνήμην
1277 4019 1573 4092 μαρτύρων
1600 4013 1992 4085 καθιστάμενα,

421 4127 586 4183 παντὶ
612 4123 802 4196 τρόπῳ
833 4117 1311 4189 καταστρέφεσθαι
1341 4123 1360 4142 ⁸
1402 4114 1459 4168 ὲν
1481 4111 1539 4165 δὲ
1575 4111 1690 4174 τοῖς
1722 4107 1871 4162 ἔνδον
1903 4106 1996 4160 εὐ-

421 4217 670 4293 κτηρίοις
714 4213 964 4284 γίνεσθαι
1002 4209 1103 4282 μὲν
1139 4205 1510 4278 λειτουργίας,
1563 4202 1704 4274 πλὴν
1748 4199 1856 4293 μην
1903 4199 1996 4293 καὶ

423 4288 709 4382 προτροπῇ
735 4305 828 4360 τοῦ
859 4302 1002 4358 κατά
1035 4300 1221 4373 χώραν
1255 4298 1557 4369 ἀρχιερέως
1582 4311 1598 4327 ο
1622 4290 1907 4366 βαπτίζειν
1936 4288 1995 4344 δὲ

423 4407 481 4459 εν
512 4403 692 4464 αὐτοῖς
720 4398 822 4452 οὐκ
865 4396 1092 4464 ἔξεστιν,
1143 4390 1280 4448 ἀλλά
1314 4391 1513 4463 μᾶλλον
1542 4390 1601 4443 ἒν
1629 4387 1749 4450 ταῖς
1777 4383 1996 4439 καθολι-

2091 3224 2221 3278 ceps
2253 3210 2303 3262 in
2335 3210 2649 3277 episcopatu
2697 3223 2980 3263 remanere
3029 3226 3043 3263 :
3089 3223 3266 3279 neque
3308 3224 3435 3264 vero
3468 3223 3662 3265 mona-

2089 3302 2317 3357 sterium
2362 3301 2620 3371 privatim
2668 3311 2955 3355 exstruere
2983 3316 3050 3355 ex
3092 3301 3436 3371 episcopatus
3471 3300 3662 3357 rediti-

2090 3395 2212 3461 bus,
2239 3396 2304 3450 ad
2331 3396 2502 3464 ipsius
2535 3396 2881 3465 episcopatus
2908 3393 3369 3451 destructionem:
3401 3395 3658 3467 alioquin,

2091 3504 2264 3561 paenae
2295 3487 2600 3556 subjicitur.
3689 3539 3694 3542 ,

2165 3581 2364 3654 Synodi
2397 3581 2464 3635 in
2517 3580 2717 3650 templo
2752 3579 3070 3635 Sanctorum
3096 3575 3475 3650 Apostolorum
3513 3579 3657 3635 cole-

2093 3676 2272 3745 brata:
2292 3687 2464 3730 canon
2494 3673 2550 3728 7.
3673 3721 3679 3728 ι

2169 3767 2371 3839 Synodi
2424 3768 2475 3820 in
2522 3764 2723 3836 templo
2753 3763 2966 3818 Sanctae
2999 3762 3214 3834 Sophiae
3244 3763 3530 3821 celebratas
3573 3779 3667 3820 ca-

2095 3875 2202 3915 non
2233 3859 2269 3912 2
2414 3850 2418 3855 ”

2166 3952 2251 4007 79.
2292 3949 2544 4006 Oratoria
2579 3949 2633 4004 in
2680 3948 2824 4019 agris
2857 3957 2909 4001 et
2943 3947 3114 4002 vineis
3147 3957 3406 4017 tanquam
3443 3946 3494 4000 in
3546 3961 3665 4003 me-

2097 4046 2324 4098 moriam
2365 4053 2664 4115 martyrum
2692 4049 2965 4095 exatructa
2999 4053 3323 4109 quocunque
3353 4038 3514 4093 modo
3542 4051 3667 4092 esse

2097 4137 2460 4202 destruenda;
2517 4136 2570 4190 in
2632 4133 2992 4189 interioribus
3026 4146 3155 4186 vero
3205 4130 3463 4186 oratoriis
3511 4143 3668 4184 sacra

2099 4230 2279 4285 missae
2324 4225 2496 4283 oﬁicia
2531 4239 2654 4282 esse
2685 4225 3027 4291 celebranda,
3062 4238 3247 4278 verum
3277 4237 3400 4278 cum
3428 4220 3668 4293 regionis

2096 4321 2336 4393 episcopi
2382 4319 2772 4390 permissione;
2811 4317 3091 4387 baptizare
3137 4331 3264 4372 vero
3319 4315 3371 4368 in
3421 4313 3528 4370 illis
3556 4328 3664 4369 non

2100 4414 2246 4481 licet,
2303 4414 2398 4468 sed
2438 4413 2621 4482 potius
2671 4411 2726 4465 in
2779 4409 3035 4465 Ecclesiis
3087 4405 3507 4462 universalibus.
3561 4404 3667 4473 Qui

424 4498 551 4560 καῖς
606 4491 980 4563 Ἐκκλησίαις.
1002 4488 1059 4542 '0
1090 4487 1147 4542 δὲ
1177 4484 1331 4555 παρὰ
1373 4483 1546 4539 ταῦτα
1589 4481 1778 4548 ποιῶν,
1820 4479 1916 4535 καὶ
1947 4477 1991 4532 oi

2102 4514 2283 4561 autem
2312 4513 2500 4559 contra
2552 4502 2663 4557 haec
2701 4500 2830 4557 facit
2872 4509 2926 4555 et
2968 4500 3060 4570 qui
3109 4513 3232 4553 cum
3263 4513 3330 4555 eo
3359 4497 3668 4554 communi-

425 4585 811 4646 κοινωνοῦντες
845 4581 995 4653 αὑτῷ
1035 4579 1236 4646 λαϊκοὶ,
1259 4575 1630 4648 ἀφορίζονται.

495 4679 723 4738 Συνόδου
753 4673 1113 4748 Καρθαγένης
1144 4669 1328 4727 κανὼν
1361 4665 1474 4739 πγ’.

496 4773 723 4829 Συνόδου
747 4775 800 4838 ς’
831 4766 1012 4823 κανὼν
1031 4764 1114 4820 λα’
1136 4765 1228 4820 καὶ
1253 4762 1352 4819 νϐ’.

501 4871 610 4925 Καὶ
650 4865 870 4921 συνόδου
899 4867 955 4918 ὲν
996 4861 1072 4932 τῷ
1109 4859 1224 4932 ναῷ
1271 4858 1380 4913 τῶν
1418 4855 1617 4927 ’Δγίων
1659 4852 2000 4910 Ἀποστόλων

431 4963 609 5021 κανὼν
637 4961 725 5031 ιβ’.

503 5057 577 5113 π’.
624 5056 747 5108 Ὀτι
771 5053 831 5106 οὐ
855 5050 933 5103 δεῖ
971 5049 1222 5104 ἀπαιτεῖν
1248 5044 1375 5109 τοὺς
1413 5042 1689 5113 ἀρχιερεῖς
1729 5039 1838 5094 ἀπὸ
1889 5036 2001 5096 τῶν

434 5151 525 5207 ὑπ’
562 5150 757 5212 αὐτοὺς
801 5147 971 5202 ὄντων
1015 5141 1294 5215 κληρικῶν
1339 5138 1564 5211 χρυσίον
1594 5137 1630 5208 ἦ
1661 5133 1934 5208 ἀργύριον
1964 5131 2000 5204 ἢ

437 5242 572 5308 εἶδός
600 5260 675 5307 τι,
697 5238 794 5294 καὶ
831 5238 922 5291 διά
974 5234 1149 5290 ταῦτα
1194 5231 1478 5304 ἀφορίζειν
1535 5228 1688 5294 τινὰ,
1726 5227 1762 5301 ἢ
1798 5225 2002 5282 κλείειν

434 5335 573 5392 Θεοῦ
602 5335 728 5388 ναόν
753 5348 770 5364 ’
818 5330 1006 5402 ἐπειδὴ
1048 5325 1438 5397 ταυτοπαθείᾳ,
1484 5321 1764 5378 τουτέστιν
1807 5321 2003 5393 ἀφορι-

436 5428 581 5501 σμῷ,
607 5422 926 5480 ὑποπίπτει.

502 5507 728 5577 Συνόδου
754 5515 797 5585 ζ’
832 5515 1010 5573 κανὼν
1035 5514 1098 5569 δ’.

509 5618 620 5672 Καὶ
649 5614 876 5687 νομικὸν
901 5609 1197 5681 κεφάλαιον
1224 5606 1326 5662 λθ’.

509 5709 622 5767 πα’.
658 5709 784 5764 ὐτι
833 5705 894 5760 οὒ
941 5703 1022 5758 δεῖ
1063 5699 1489 5775 μητροπολίτην,
1537 5696 1573 5770 ἢ
1618 5693 1999 5766 Ξπίσκοπον,ἢ

2101 4604 2226 4650 cant
2251 4593 2373 4648 laici
2405 4600 2785 4664 segregantur.

2175 4684 2376 4758 Synodi
2407 4682 2869 4752 Carthaginiensis
2901 4696 3072 4739 canon
3099 4681 3189 4736 85.

2172 4776 2374 4848 Synodi
2403 4772 2468 4830 Vl
2497 4789 2668 4829 canon
2697 4774 2760 4829 51
2789 4771 2966 4828 et59.

2173 4867 2379 4943 Synodi
2417 4869 2470 4923 in
2505 4867 2704 4938 templo
2729 4867 3052 4924 Sanctorum
3107 4861 3484 4935 Apostolorum
3525 4859 3670 4916 cele-

2101 4958 2270 5015 brataa
2312 4973 2492 5014 canon
2528 4958 2617 5013 12.

2173 5051 2262 5108 80.
2305 5050 2560 5106 Ρταιιοιοε
2592 5065 2697 5105 non
2742 5048 2941 5104 debere
2971 5063 3000 5102 a
3047 5046 3265 5103 clericis
3295 5045 3399 5102 sibi
3439 5042 3671 5100 subditis

2101 5159 2294 5200 aurum
2351 5152 2446 5197 aut
2495 5146 2775 5210 argentum
2827 5150 2922 5193 aut
2972 5139 3211 5209 aliquam
3264 5137 3501 5209 speciem
3548 5134 3672 5190 exi-

2103 5251 2248 5305 gere,
2280 5250 2348 5291 ac
2380 5237 2664 5306 propterea
2704 5247 3028 5303 quemquam
3059 5231 3552 5295 excommunieare,
3578 5238 3671 5283 aut

2101 5326 2196 5383 Dei
2228 5327 2425 5398 templo
2448 5325 2748 5381 excludere
2803 5342 2819 5382 :
2859 5324 3100 5394 alioquin
3136 5325 3307 5380 eidem
3341 5337 3535 5393 pinum,
3568 5322 3671 5376 hoc

2103 5429 2189 5475 est
2211 5417 2781 5483 excommunicationi,
2818 5417 3082 5488 subiacet.

2177 5510 2378 5583 Synodi
2409 5508 2498 5566 Vll
2524 5525 2698 5565 canon
2728 5511 2786 5565 4.

2173 5602 2243 5659 Ει
2268 5603 2400 5673 legis
2427 5615 2591 5673 caput
2618 5604 2712 5660 39.

2175 5697 2266 5754 81.
2287 5697 2400 5753 Non
2418 5707 2665 5768 oportere
2689 5695 3187 5765 metropolitanum,
3210 5705 3301 5752 aut
3321 5694 3665 5767 episcopum,

438 5806 834 5884 πρεσσὺτερον,
860 5800 894 5872 ἥ
921 5795 1184 5873 κληρικὺν
1208 5795 1573 5868 καταφρονεῖν
1598 5790 1708 5847 τῶν
1734 5787 1880 5846 ίδίων
1903 5789 1991 5862 ἀρ‹

2101 5798 2196 5847 aut
2226 5792 2631 5865 presbyterum,
2677 5801 2772 5847 aut
2815 5789 3071 5847 clericum
3097 5803 3228 5845 suos
3251 5790 3498 5860 praelatos
3534 5802 3668 5844 con-
