4060 6294
385 335 458 400 37
1224 394 1226 396 ,
1637 332 1974 393 EPlTOME
2014 331 2401 393 CA-NONUM.
3577 326 3648 394 38

389 448 494 519 γὰρ
520 445 663 502 οὕτω
686 444 876 514 ποιῶν,
904 447 1273 520 καθαιρεῖται,
1309 433 1402 501 καὶ
1426 434 1796 518 ἀκοινωνησίᾳ
1828 443 1958 499 καθ-

2072 444 2154 499 sic
2188 443 2351 512 facit,
2407 445 2660 516 dejicilur
2698 458 2862 519 atque
2891 440 3441 500 excommunicationi
3469 442 3650 513 subji-

386 540 787 617 υποὸᾴλλεται·
842 543 936 596 καὶ
978 543 1062 596 δτι
1128 541 1581 614 πρεπωδέστερον
1620 540 1838 611 μᾶλλον
1876 539 1966 594 διὰ

382 635 492 688 τῶν
538 636 736 691 ἑαυτοῦ
780 633 1059 706 κληρικῶν
1103 633 1204 698 τὰς
1245 635 1591 706 δεήσεις-καὶ
1629 633 1965 704 ὑπομνήσεις

384 706 685 779 ποιεῖσθαι.

455 818 684 872 Συνόδου
709 817 1052 890 ν’Λντιοχείας
1077 815 1260 873 κανὼν
1289 815 1357 872 ια’
1385 820 1478 874 καὶ
1512 816 1597 889 ιβ’.

453 912 681 966 Συνόδου
708 911 1338 977 Κωνσταντινουπόλεως
1362 911 1544 967 κανὼν
1576 917 1652 977 ς’.

453 1007 681 1061 Συνόδου
711 1007 984 1080 Σαρδικῆς
1006 1006 1190 1062 κανὼν
1217 1005 1286 1072 ζ’,
1318 1005 1392 1078 η’,
1434 1005 1501 1071 θ’,
1536 1005 1643 1063 κα’.

457 1099 686 1152 Συνόδου
713 1099 1080 1171 Καρθαγένης
1105 1098 1288 1153 κανὼν
1325 1105 1434 1170 pg".

453 1192 564 1245 Καὶ
592 1193 817 1261 νομικὸν
843 1193 1144 1264 κεφάλαιον
1175 1200 1246 1262 γ’.

454 1285 575 1352 σις’.
613 1288 736 1342 Ὀτι
764 1288 850 1342 δεῖ
870 1290 928 1341 ὲν
949 1287 1125 1357 καιρῷ
1143 1288 1221 1358 τῷ
1244 1287 1576 1358 προσήκοντι
1596 1285 1832 1353 δέεσθαι,
1870 1285 1966 1339 καὶ

378 1380 812 1452 προσκαλεῖσθαι
845 1382 1125 1453 ἀρχόντων
1150 1380 1400 1446 ἐξουσίαν
1425 1381 1505 1444 εἰς
1531 1377 1853 1447 ἐπικουρίαν
1871 1376 1965 1431 καὶ

380 1473 650 1527 παιδείαν.

452 1568 680 1620 Συιιιόδου
716 1566 1044 1636 Ἀντιοχείας
1067 1564 1250 1620 κανὼν
1284 1563 1349 1622 ε’.

451 1661 678 1714 Συνόδου
708 1652 1073 1730 Καρθαγένης
1103 1659 1286 1716 κανὼν
1317 1665 1408 1731 μη⁹
1441 1658 1534 1712 καὶ
1561 1656 1664 1726 νγ’.

450 1753 678 1807 Συνόδου
719 1756 776 1806 ὲν
825 1752 903 1824 τῷ
944 1753 1060 1826 νσῷ
1089 1753 1198 1809 τῶν
1238 1753 1431 1823 Ἁγίων
1486 1750 1826 1806 ’Δποστόλων
1867 1768 1966 1804 κα-

376 1847 490 1900 νὼν
519 1849 584 1902 θ’.

453 1939 564 2004 πεῖ.
595 1939 719 1995 Ὀτι
746 1939 806 1993 οὐ
838 1941 921 1993 δεῖ
946 1942 1218 2011 προφάσει
1253 1940 1541 2008 ἀσκήσεως
1565 1936 1781 1995 νενοθευ
1791 1937 1954 2009 μένης

374 2031 622 2102 δηλονότι
659 2031 1100 2103 καταλιμπάνειν
1138 2020 1261 2088 τινὰ
1295 2033 1365 2087 τὰ
1404 2030 1603 2086 ἑαυτοῦ
1632 2048 1646 2062 ο
1677 2031 1793 2085 ἀλλ’
1835 2031 1957 2084 οὐδὲ

372 2127 554 2210 τέ,κ“ἀ’
588 2125 714 2210 ξοὺς
752 2127 974 2186 ἑαυτῶν
1005 2129 1186 2196 γονεῖς
1214 2126 1491 2190 θεοσεϐεῖς
1532 2124 1694 2188 ὄντας
1715 2140 1733 2155 ·
1768 2124 1956 2193 ἐπειδὴ

373 2222 430 2274 oi.
459 2197 618 2275 τοῦτδ
642 2222 924 2287 ποιοῦντες
956 2223 1470 2294 ἀναθεματίςονται.
1664 2214 1668 2218 ’

452 2312 680 2368 Συνὸδου
709 2313 979 2388 Γαγγρῶν
1000 2316 1182 2372 κανὼν
1213 2323 1295 2383 ιε’,
1331 2314 1432 2382 ις’,
1473 2314 1581 2371 κα’.

454 2395 565 2459 Καὶ
593 2407 814 2462 συνόδου
841 2408 1206 2480 Καρθαγένης
1237 2409 1418 2463 κανὼν
1439 2406 1543 2463 λα’.

452 2494 566 2569 ιιι-η’.
609 2499 733 2553 Ὅτι
762 2499 844 2553 δεῖ
874 2502 1002 2565 τοὺς
1040 2501 1132 2573 βίᾳ
1166 2501 1319 2574 παρὰ
1358 2502 1467 2556 τῶν
1501 2502 1714 2557 ἀσεδῶν
1761 2501 1958 2574 βρῶμα

381 2592 762 2673 μεμιασμένον
796 2593 1126 2665 δεξαμένους
1159 2596 1216 2649 ὲν
1249 2595 1328 2666 τῷ
1372 2597 1623 2665 στόματι.
1671 2598 1765 2650 καὶ
1796 2595 1958 2666 βασά-

377 2681 967 2752 νουςίὺπομεὶναντας,
999 2683 1075 2749 ὡς
1099 2685 1268 2757 μηδὲν
1294 2673 1686 2758 ἡμαρτηκότας
1709 2684 1958 2758 δέχεσθαι

375 2777 462 2836 εἰς
501 2776 794 2831 κοινωνίαν
842 2780 939 2832 καὶ
962 2780 1043 2843 είς
1076 2778 1401 2851 ἱερωσύνην,
1434 2779 1596 2852 εἴπερ
1621 2778 1796 2844 ἄλλως
1818 2777 1960 2844 ἄξιοί

379 2866 540 2927 εἰσιν,
571 2865 647 2930 ὡς
679 2866 1015 2938 δμολογηταὶ
1046 2869 1357 2940 γενόμενοι.

451 2955 680 3011 Συνόδου
724 2958 1000 3031 Ἀγκύρας
1031 2960 1214 3015 κανὼν
1238 2961 1310 3032 γ’.

456 3049 564 3104 Τοῦ
599 3051 757 3121 ἁγίου
786 3053 994 3122 Πέτρου
1038 3052 1450 3129 Ἀλεξανδρείας
1483 3058 1666 3114 κανὼν
1700 3059 1782 3116 ιδ’.

455 3143 564 3196 Καὶ
601 3143 694 3199 τοῦ
720 3136 876 3214 ἁγίου
913 3146 1226 3228 Γρηγορίου⁴
1261 3149 1355 3203 τοῦ
1395 3150 1832 3224 Θαυματουργοῦ
1860 3170 1960 3210 κα·-
1988 3182 2032 3244 α

379 3243 493 3290 νὼν
524 3243 593 3293 α’.

460 3329 568 3384 πθ’.
614 3330 736 3385 Ὅτι
793 3332 973 3388 οὒ-δεϊ
1016 3333 1394 3406 συνεύχεσθαι,
1447 3335 1480 3409 ἢ
1530 3339 1811 3392 κοινωνεῖν
1852 3340 1965 3404 τοῖς

380 3423 776 3496 ἁκοινωνήτοις
799 3424 872 3489 ὡς
912 3429 1254 3491 κοινωνικοίς
1285 3442 1300 3458 ·
1327 3429 1515 3500 ἐπειδὴ
1539 3431 1567 3482 δ
1601 3430 1691 3484 τὸν
1720 3431 1966 3505 καθῃρη-

385 3516 551 3585 μένον
577 3516 610 3587 ἢ
641 3518 1030 3590 ἀφωρισμένον
1058 3519 1135 3584 ὡς
1165 3520 1529 3591 ἁκαθαίρετον
1575 3523 1672 3578 καὶ
1713 3523 1964 3577 ἀνεπιτί-

316 3600 319 3601 ν
385 3623 562 3677 μητον
591 3609 899 3680 δεχόμενος,
924 3612 1021 3665 καὶ
1052 3611 1216 3677 αὐτὸς
1254 3613 1456 3682 ὁμοίως
1494 3614 1671 3686 τούτῳ
1714 3614 1818 3669 ὑπὸ
1866 3613 1962 3668 τοῦ

379 3701 610 3765 κανόνος
640 3701 947 3768 κολάζεται.
978 3704 1053 3758 Τὸ
1075 3704 1133 3759 δὲ
1164 3697 1351 3770 ἁπλῶς
1377 3705 1632 3778 δέχεσθαι
1656 3707 1749 3762 τὸν
1787 3707 1964 3764 τοιοῦ-

383 3811 503 3858 τον,
565 3796 658 3849 καὶ
712 3796 1100 3869 καθῃρημένον
1158 3799 1328 3871 ἔχειν,
1386 3799 1727 3872 ἀνέγκλητόν
1768 3801 1959 3856 ἐστιν’

383 3887 579 3959 ὥσπερ
613 3887 708 3942 καὶ
731 3889 759 3942 ὁ
785 3889 878 3943 τὸν
906 3891 964 3943 ὲν
1007 3888 1320 3962 ἐγκλήματι
1359 3891 1512 3960 ὄντα,
1539 3893 1634 3946 καὶ
1671 3892 1747 3965 μὴ
1774 3894 1964 3961 ὁμολο-

374 3981 609 4052 γοῦντα,
639 3983 777 4054 μήτε
809 3981 1107 4054 δυνάμενον
1161 3983 1412 4054 φανερῶς
1443 3983 1785 4059 ἐλεγχθῆναι,
1808 3984 1964 4059 ἔχειν

380 4077 467 4138 εἰς
502 4076 806 4142 κοινωνίαν,
835 4075 1169 4148 ἁνέγκλητόν
1191 4077 1362 4134 ἐστιν.

459 4247 583 4312 τῶν
615 4256 787 4325 ἁγίων
835 4256 1152 4312 ἀποστόλων
1191 4254 1372 4312 κανὼν
1403 4254 1457 4325 ι’,
1494 4253 1583 4326 ια’,
1623 4255 1712 4330 ιβ’,
1747 4253 1838 4328 ιγ’,
1878 4256 1962 4330 ιε’,

383 4355 490 4414 ις’,
525 4355 632 4419 κη’,
659 4349 727 4412 λ’,
753 4345 858 4403 λα’.

455 4442 686 4495 Συνόδου
715 4442 953 4510 Νικαίας
981 4441 1164 4499 κανὼν
1195 4442 1468 4515 πέμπτος.

440 4537 690 4592 ’Συνόδου
731 4535 1166 4608 Νεοκαισαρείας
1194 4537 1377 4592 κανὼν
1409 4537 1479 4593 θ’.

459 4631 690 4685 Συνόδου
732 4630 1076 4703 νἈντιοχείας
1104 4628 1294 4686 κανὼν
1324 4628 1498 4702 β’,⁷γ’,
1530 4630 1595 4698 δ’,
1627 4627 1702 4700 ς’.

457 4724 684 4779 Συνόδου
717 4725 986 4796 Σαρδικῆς
1013 4722 1194 4778 κανὼν
1236 4731 1326 4794 ιγ’,
1372 4723 1456 4780 ιϐ’.

459 4819 692 4872 Συνόδου
723 4816 1086 4889 Καρθαγένης
1111 4816 1294 4871 κανὼν
1318 4817 1386 4884 θ’,
1422 4814 1510 4882 ια’,
1546 4817 1661 4891 ρλβ’
1691 4821 1785 4874 καὶ
1820 4822 1958 4894 ρλγ’.

457 4912 724 4981 Θεοφίλου
769 4910 1182 4983 Ἀλεξανδρείας
1219 4910 1401 4966 κανὼν
1434 4910 1508 4978 ς’.

455 5006 573 5060 Καὶ
596 5005 822 5075 νομικὸν
853 4991 1149 5074 κεφάλαιον
1191 5002 1290 5062 λθ’.

457 5097 532 5166 ιζ’
565 5099 688 5152 Ὅτι
716 5097 813 5152 δεῖ-
830 5095 1080 5166 γίνεσθαι
1114 5097 1373 5162 συνόδους
1396 5108 1540 5153 κατα
1565 5100 1691 5165 τοὺς
1721 5099 1962 5172 ὡρισμέ-

380 5209 512 5254 νους
543 5192 793 5260 καιροὺς,
819 5189 903 5266 δίς
933 5189 1029 5243 τοῦ
1063 5189 1245 5256 ἔτους,
1278 5189 1312 5262 ἢ
1345 5189 1452 5264 κᾷν
1487 5191 1666 5258 ἅπαξ,
1697 5193 1788 5246 ἐπὶ
1818 5194 1962 5266 διορ-

379 5284 553 5338 θώσει
604 5282 712 5337 τῶν
762 5282 1154 5353 σφαλλομένων
1180 5299 1194 5315 °
1220 5284 1313 5337 καὶ
1363 5283 1446 5336 ὅτι
1495 5286 1635 5352 ἄνευ,
1670 5285 1778 5338 τῶν
1821 5287 1960 5340 κατὰ

384 5377 577 5448 χώραν
642 5373 1057 5446 μητροπολιτῶν
1108 5372 1169 5436 σὺ
1231 5373 1518 5442 γίνονται·
1570 5375 1666 5428 καὶ
1721 5377 1804 5428 ὅτι
1862 5377 1960 5440 τὰς

387 5468 669 5539 ἒπαρχίας
720 5466 1150 5520 ἐπισκέπτεσθαι
1203 5466 1284 5519 δεῖ
1339 5465 1396 5519 ὲν
1437 5468 1548 5530 τοῖς
1600 5470 1811 5538 καιροῖς
1853 5469 1961 5521 τῶν

391 5564 631 5618 συνόδων
663 5576 680 5594 ο
715 5562 766 5613 εί
789 5559 846 5612 δὲ
877 5558 1167 5613 κωλυθῶσι
1194 5559 1349 5629 παρὰ
1377 5556 1663 5630 ἄρχοντος,
1701 5560 1959 5631 ἀφοριζέ-

389 5657 506 5710 σθω
556 5654 587 5706 δ
641 5653 870 5724 ἁρχωνυ
903 5651 951 5704 εἰ
995 5649 1054 5704 δὲ
1109 5649 1345 5722 ἀμελείᾳ.
1393 5648 1489 5704 τοῦ
1557 5651 1958 5724 μητροπολίτω

392 5745 736 5812 κωλυθῶσιν,
771 5745 930 5800 ἔσται
968 5743 1130 5807 αὐτὸς
1157 5742 1267 5803 ,ὑπὸ
1299 5743 1579 5816 ἐπιτιμίῳ.

451 5840 585 5898 ’Τῶν
604 5836 1116 5909 ἁγίωνᾶποστόλων
1147 5834 1329 5892 κανὼν
1357 5833 1455 5901 λζ’.

2069 537 2247 601 citur;
2285 537 2456 607 magis
2509 537 2654 592 enim
2706 541 2857 594 decet
2905 551 3000 606 per
3045 535 3272 593 clericos
3307 548 3437 591 suos
3466 534 3647 605 potius

2070 629 2362 697 petitiones
2395 645 2458 684 ac
2492 629 2818 685 monitiones
2847 629 3044 684 facere.

2143 815 2344 887 Synodi
2381 815 2734 871 Antiochensi
2764 831 2932 870 canon
2975 815 3031 870 11
3079 826 3132 873 et
3170 816 3258 869 12.

2143 911 2344 982 Synodi
2380 911 2997 979 Constantinopolitana:
3025 925 3199 964 canon
3233 910 3288 965 6.

2141 1003 2348 1073 Synodi
2391 1003 2730 1058 Sardicensis
2762 1018 2934 1058 canon
2965 1004 3019 1066 7,
3052 1003 3104 1070 8,
3139 1004 3172 1059 9
3207 1013 3263 1058 et
3294 1005 3387 1058 2i.

2141 1091 2349 1162 Synodi
2382 1093 2851 1165 Carthaginiensis
2881 1109 3053 1148 canon
3088 1095 3207 1150 l06.

2141 1183 2204 1236 Et
2240 1184 2372 1255 legis
2407 1197 2567 1254 caput
2601 1187 2655 1241 3.

2141 1277 2234 1332 86.
2270 1277 2538 1349 Oportere
2587 1280 2926 1334 convenienti
2970 1292 3212 1349 tempore
3260 1295 3453 1350 rogare
3485 1291 3647 1350 atque

2066 1370 2356 1440 implorare
2387 1371 2798 1442 magistratuum
2842 1374 3136 1442 potentiam
3187 1374 3252 1428 ad
3287 1373 3541 1428 auxilium
3591 1383 3648 1430 et

2067 1465 2512 1535 castigationem.

2142 1557 2346 1628 Synodi
2385 1558 2743 1614 Antiochense
2775 1575 2946 1615 canon

2143 1650 2344 1722 Synodi
2384 1651 2851 1721 Carthaginiensis
2884 1669 3054 1710 canon
3087 1655 3155 1708 48
3188 1666 3243 1711 et
3270 1655 3358 1711 53.

2140 1743 2342 1816 Synodi
2391 1746 2442 1799 in
2480 1747 2680 1816 templo
2712 1745 3038 1804 Sanctorum
3072 1753 3455 1821 Apostolorum
3503 1754 3648 1809 cele-

2070 1837 2237 1893 bratae
2267 1855 2442 1894 canon
2482 1840 2537 1896 9.

2140 1934 2231 1990 87.
2269 1933 2387 1990 Non
2419 1945 2674 2006 oportere
2710 1938 3119 1995 exercitationis
3147 1940 3463 1996 adulterium
3494 1943 3646 1996 vide-

2070 2026 2196 2082 licet
2247 2038 2512 2098 praatcxtu
2568 2045 2666 2085 sua
2725 2031 2864 2087 bona
2926 2032 3267 2102 relinquere,
3330 2035 3649 2105 sed-neque

2067 2117 2270 2175 liberos
2321 2135 2449 2178 suos
2504 2131 2757 2192 parentes
2806 2124 2924 2194 pios
2983 2127 3308 2180 exsistentos
3343 2143 3358 2180 :
3391 2127 3644 2196 quoniam

2069 2214 2158 2284 qui
2189 2215 2292 2270 hoc
2327 2213 2554 2285 faciunt,
2592 2218 2937 2274 anathemate
2972 2217 3263 2275 feriuntur.

2140 2303 2341 2373 Synodi
2374 2305 2708 2377 Gangrcnsis
2738 2323 2909 2362 canon
2951 2309 3035 2373 l5,
3070 2307 3134 2361 l6
3166 2317 3217 2384 et
3243 2307 3332 2362 21.

2144 2399 2345 2471 Synodi
2381 2399 2845 2470 Carthaginiensis
2878 2417 3048 2457 canon
3085 2401 3172 2456 51.

2141 2495 2230 2549 88.
2265 2492 2373 2549 Eos
2408 2495 2497 2564 qui
2551 2495 2598 2549 vi
2651 2497 2718 2550 ab
2764 2497 2944 2566 impiis
2993 2499 3170 2553 cibum
3206 2499 3465 2568 pollutum
3501 2503 3552 2554 in
3583 2515 3646 2556 os

2069 2597 2399 2659 acceperunt
2430 2598 2486 2644 et
2515 2575 2964 2660 tormenta’passi
3023 2600 3184 2657 sunt,
3235 2593 3387 2662 quasi
3438 2591 3645 2646 nullum

2068 2693 2350 2754 peccatum
2396 2682 2744 2749 admiserint,
2782 2684 3122 2754 recipiendos
3152 2701 3273 2740 esse
3300 2686 3368 2741 ad
3400 2701 3646 2741 commu-

2069 2774 2286 2830 nionem
2319 2783 2373 2830 ct
2407 2777 2473 2830 ad
2513 2776 2905 2844 sacerdotium,
2941 2777 2986 2834 si
3017 2778 3216 2848 alioqui
3247 2777 3396 2850 digni
3427 2779 3554 2845 sint,
3587 2786 3646 2832 ut

2069 2869 2161 2939 qui
2194 2867 2536 2925 confessores
2566 2867 2791 2924 fuerint.

2144 2962 2345 3031 Synodi
2378 2962 2678 3034 Ancyrana:
2707 2977 2879 3018 canon
2907 2964 2961 3020 5.

2141 3057 2328 3111 Sancti
2358 3056 2505 3111 Petri
2541 3054 2897 3118 Alexandrini
2930 3072 3105 3111 canon
3144 3060 3226 3114 l4.

2150 3148 2334 3205 Sancti
2366 3146 2611 3217 Gregorii
2645 3145 3032 3220 Thaumaturgi
3067 3165 3238 3205 canon
3270 3152 3321 3207 l.

2136 3343 2225 3401 89.
2262 3341 2378 3398 Non
2410 3356 2531 3398 esse
2561 3342 2828 3398 orandum
2859 3353 2954 3399 aut
2989 3347 3492 3402 communicandum
3518 3362 3640 3405 curn

2065 3435 2553 3493 excommunicatis
2620 3444 2902 3506 tanquam,
2942 3453 3046 3493 non
3110 3441 3641 3497 excommunicatis:

2065 3530 2333 3601 siquidem
2362 3528 2455 3599 qui
2491 3529 2661 3598 gradu
2701 3530 2970 3599 dejectum
2999 3541 3090 3586 aut
3143 3545 3484 3603 segregatum
3519 3545 3643 3590 tan-

2065 3614 2226 3695 quam
2259 3634 2368 3676 non
2401 3620 2667 3690 deiectum
2698 3629 2755 3676 et
2783 3623 3220 3691 irreprehensum
3249 3627 3495 3696 suscipit,
3527 3627 3650 3696 ipse

2063 3714 2228 3770 etiam
2264 3710 2519 3768 similiter
2549 3719 2713 3781 atque
2760 3711 2850 3767 hic
2895 3728 2925 3768 a
2979 3728 3186 3776 canone
3226 3717 3464 3784 punitur.
3500 3717 3643 3772 Sim-

2064 3805 2282 3876 pliciter
2311 3813 2494 3860 autem
2527 3804 2686 3860 talem
2725 3805 2969 3876 recipere
3015 3822 3077 3862 ac
3108 3809 3370 3879 dejectuin
3417 3811 3654 3879 habere,

2066 3895 2297 3953 crimine
2329 3903 2490 3950 vacat.
2517 3912 2532 3950 :
2565 3896 3019 3966 quemadmodum
3057 3900 3216 3965 etiam
3263 3918 3385 3955 eum
3417 3904 3505 3972 qui
3535 3896 3643 3958 cri-

2064 3990 2210 4045 mine
2247 3997 2460 4045 tenetur
2487 3999 2540 4042 et
2568 4003 2673 4045 non
2707 3989 3016 4056 confitetur,
3043 4007 3216 4063 neque
3245 3978 3640 4065 potest‘mani-L
3708 4020 3709 4023 η

2065 4081 2202 4138 feste
2229 4081 2498 4146 convinci,
2540 4082 2607 4136 ad
2654 4084 3094 4142 communionem
3143 4088 3401 4158 recipere,
3452 4099 3642 4160 repre-

2064 4176 2324 4232 hensione
2357 4184 2524 4231 caret.

2132 4269 2456 4325 Sanctorum
2483 4271 2849 4340 apostolorum
2879 4287 3048 4330 canon
3080 4275 3164 4343 l0,
3199 4276 3286 4342 ll,’
3313 4278 3399 4343 12,
3432 4278 3518 4346 15,
3549 4281 3637 4353 15,

2068 4362 2157 4430 16,
2185 4362 2277 4428 28,
2300 4361 2384 4416 50
2417 4371 2470 4416 et
2502 4362 2592 4417 51.

2141 4455 2340 4527 Synodi
2369 4454 2603 4511 Nicaeum
2635 4471 2804 4513 canon
2838 4457 2892 4517 5.

1990 4549 2036 4607 ι)
2140 4546 2340 4620 Synodi
2369 4547 2825 4605 Ncocaesariensis
2849 4554 3020 4608 canon
3055 4554 3110 4610 9.

2133 4637 2335 4709 Synodi
2366 4639 2720 4696 Antiochense
2745 4656 2923 4698 canon
2951 4645 3005 4708 9.,
3036 4647 3088 4709 5,
3128 4647 3182 4714 4,
3216 4646 3269 4702 6.

2136 4730 2339 4800 Synodi
2369 4729 2715 4787 Sardicensis
2746 4749 2917 4789 canon
2957 4736 3044 4804 l3,
3082 4739 3171 4793 19.

2088 4822 2092 4825 ‘
2135 4808 2338 4894 synodi
2369 4823 2834 4894 Carthaginiensis
2869 4842 3043 4884 canon
3084 4831 3138 4896 9,
3169 4831 3256 4898 ii,
3293 4832 3396 4887 ise
3423 4847 3474 4890 el
3511 4839 3634 4894 εδδ.

2139 4915 2421 4986 Tthphili
2462 4915 2815 4972 Alexandrini
2849 4933 3022 4975 canon
3053 4922 3105 4978 6.

2137 5007 2294 5085 [legis
2317 5022 2476 5078 caput
2503 5007 2592 5063 59.

2133 5105 2224 5160 90.
2277 5104 2524 5176 Synodos
2578 5107 2736 5161 statis
2785 5109 3120 5178 temporibus
3171 5111 3256 5168 bis
3308 5124 3400 5169 aut
3445 5118 3637 5175 saltem

2064 5198 2228 5253 semel
2287 5198 2337 5251 in
2395 5212 2538 5258 anno
2591 5201 2657 5253 ad
2714 5211 3018 5256 erratorum
3074 5206 3467 5263 correctionem
3519 5229 3639 5269 esse

2065 5292 2441 5356 celebrandas,
2481 5291 2641 5361 idque
2700 5307 2805 5347 non
2859 5294 2979 5349 sine
3032 5297 3272 5368 regionis
3321 5305 3638 5373 metroiroli-
3722 5326 3723 5329 η

2068 5393 2211 5437 tunc.
2251 5381 2382 5436 ltem
2415 5384 2724 5452 provincias
2756 5387 3086 5456 synodorum
3140 5394 3470 5467 temporibus
3517 5398 3638 5452 esse

2063 5477 2364 5531 visitandas
2397 5495 2412 5530 :
2443 5477 2707 5546 siquidem
2765 5494 2793 5533 a
2843 5482 3072 5548 praeside
3103 5484 3357 5552 prohibiti
3395 5487 3632 5553 fuerint,

2062 5571 2568 5628 excommunicetur
2597 5587 2797 5637 praeses
2829 5591 2843 5628 :
2877 5574 2922 5628 si
2971 5591 3098 5630 vero
3148 5592 3184 5633 a
3220 5581 3637 5657 metropolitano

2062 5661 2473 5733 prohibeantur,
2507 5661 2622 5730 ipso
2645 5677 2819 5732 poma:
2850 5664 3173 5729 subiacebit.

2135 5832 2461 5896 Sanctorum
2502 5847 2866 5911 apostolorum
2898 5839 3070 5905 canttn
3097 5848 3186 5905 57.
