4028 6288
356 333 428 398 39
1625 322 1945 385 ARSENII
1986 320 2332 383 MONACHI
2667 385 2671 391 ,
3529 320 3601 390 ω

429 440 630 514 Synodi
669 437 900 494 Nicmna!
931 453 1104 492 canon
1133 436 1186 492 5.

429 533 630 604 Synodi
666 532 1015 587 Antiochenzc
1043 545 1215 586 canon
1251 528 1342 584 20.

426 624 626 697 Synodi
662 622 976 678 Laodiceae:
1003 636 1176 677 canon
1215 620 1305 678 10.

429 716 633 789 Synodi
665 714 1125 772 Calchedonensis
1157 730 1333 771 canon
1370 715 1458 771 19.

429 810 629 882 Synodi
659 808 1116 880 Carthaginiensis
1145 824 1317 866 canon
1346 809 1434 874 18,
1466 807 1558 874 52,
1587 806 1678 872 ῖὸ,
1703 806 1796 876 76,
1833 807 1926 874 77,

359 902 425 961 94
468 912 523 958 et
558 901 651 957 95.

427 994 628 1066 Synodi
663 993 724 1050 Vl
757 1009 931 1050 canon
969 993 1026 1049 8.

429 1084 632 1158 Synodi
669 1084 765 1142 γιι
793 1101 967 1141 canon
999 1085 1056 1139 ϐ.

429 1181 518 1236 91.
552 1179 957 1235 Catechumcno
1004 1177 1153 1247 lapso
1185 1186 1293 1232 tres
1330 1191 1502 1230 annos
1546 1190 1758 1244 poenam
1808 1188 1930 1230 esse

359 1271 716 1334 Subeundain,
748 1269 940 1325 deinde
969 1283 1158 1323 rursus
1190 1271 1366 1337 ipsum
1397 1280 1517 1321 esse
1552 1265 1929 1320 instruendum

358 1373 411 1417 et
435 1360 840 1432 baptizandum.
872 1359 928 1414 Si
955 1374 1085 1414 vero
1121 1346 1400 1428 contingat
1451 1358 1625 1427 ipsum
1666 1365 1931 1427 aegrotare

358 1459 427 1510 ad
462 1467 714 1521 mortem,
768 1454 1074 1510 instruatur
1114 1461 1169 1505 et
1221 1451 1526 1522 baptizatur
1568 1449 1733 1504 etiam
1787 1449 1930 1502 intra

358 1541 674 1595 triennium.
707 1539 843 1596 ltem
875 1557 1103 1612 puerum
1134 1540 1224 1610 qui
1260 1539 1552 1597 instruitur
1593 1553 1714 1594 esse
1756 1537 1932 1609 bapti-

363 1637 620 1696 zandum,
650 1632 696 1687 si
729 1631 983 1700 ignorans
1015 1631 1320 1702 participet.

431 1713 627 1795 Synodi
663 1722 889 1778 Nicena:
918 1737 1089 1778 canon
1119 1712 1209 1778 14.

431 1811 631 1883 Synodi
661 1809 1118 1868 Neocaesariensis
1147 1826 1319 1866 canon
1353 1811 1406 1866 5.

432 1901 620 1958 Sancti
648 1903 915 1958 Timothei
953 1917 1124 1958 canon
1153 1905 1206 1959 1.

429 1996 613 2053 Sancti
651 1997 835 2069 Cyrilli
873 2010 1046 2052 canon
1081 1997 1133 2051 7.

426 2089 518 2146 92.
553 2089 897 2145 Pnblicarnm
934 2104 1112 2144 rerum
1148 2098 1242 2143 aut
1285 2087 1614 2159 indiciorum
1665 2090 1930 2161 cognitio-

358 2199 482 2240 nem
516 2185 584 2240 ab
615 2184 946 2255 imperatore
969 2199 1075 2240 non
1107 2198 1228 2240 esse
1255 2184 1564 2254 petendam,
1595 2183 1686 2238 sed
1719 2183 1934 2252 episco-

357 2291 546 2347 porum
572 2275 775 2347 judicia
810 2275 876 2340 ab
911 2274 997 2330 his
1043 2275 1135 2345 qui
1186 2275 1356 2330 sacris
1397 2274 1593 2329 addicti
1641 2285 1765 2329 sunt
1811 2291 1934 2333 esse

355 2369 710 2440 requirenda.
743 2367 857 2424 Nisi
886 2368 1030 2424 enim
1061 2369 1134 2423 ita
1164 2365 1391 2436 faciant,
1421 2368 1589 2439 gradu
1626 2379 1934 2424 moventur.

427 2461 628 2534 Synodi
668 2461 1137 2534 Carthaginiensis
1178 2475 1349 2515 canon
1384 2460 1484 2516 104
1512 2469 1566 2514 et
1592 2460 1717 2516 no.

427 2554 520 2612 95.
561 2553 676 2612 Non
710 2565 966 2627 oportere
997 2568 1327 2625 quemquam
1366 2553 1549 2610 dicere
1586 2556 1872 2611 mortalem
1900 2571 1930 2610 a

358 2646 471 2704 Deo
498 2647 701 2705 iactum
729 2663 850 2704 esse
877 2646 1141 2704 Adamum
1169 2662 1185 2703 :
1215 2647 1306 2717 qui
1334 2648 1476 2702 enim
1510 2649 1582 2701 ita
1615 2647 1766 2714 dicit,
1798 2661 1930 2702 ana-

359 2741 589 2798 themati
621 2741 936 2813 subjicitur.

432 2836 635 2909 Synodi
659 2836 1128 2908 Carthaginiensis
1157 2851 1331 2892 canon
1367 2836 1486 2892 109.

429 2926 521 2983 94.
549 2927 666 2984 Non
691 2938 944 2999 oportere
966 2927 1157 2984 eodem
1183 2925 1348 2983 simul
1380 2936 1626 2997 tempore
1661 2928 1932 2995 deponere

358 3034 522 3094 atque
565 3023 1044 3079 excommunicare
1072 3038 1193 3079 eum
1224 3025 1316 3096 qni
1348 3025 1522 3080 sacris
1555 3023 1802 3079 addictus
1834 3025 1927 3090 sit,

1955 441 2003 497 Α
2101 432 2329 487 Συνόδου
2357 429 2591 496 Νικαίας
2625 428 2810 487 κανὼν
2833 433 2898 499 ε’.

2104 526 2334 581 Σονόδου
2380 525 2715 598 Ἀντιοχείας
2749 524 2931 582 κανὼν
2969 531 3043 582 κ’.

2101 619 2328 676 Συνόδου
2354 619 2679 682 Λαοδικείας
2707 617 2888 676 κανὼν
2930 617 3004 692 μ’.

2105 712 2336 766 Συνὸδου
2369 709 2714 783 Καλχηδόνος
2747 713 2928 768 κανὼν
2955 713 3044 770 ιϐ’.

2104 801 2333 856 Συνόδου
2365 802 2734 877 Καρθαγένης
2762 804 2946 864 κανὼν
2972 812 3064 876 ιη’,
3097 804 3197 877 νβ’,
3227 803 3327 875 ογ’.
3357 804 3468 872 θεῖ’,
3503 805 3602 870 03?.

2031 894 2111 963 ἥδ’
2140 892 2236 950 καὶ
2269 897 2370 961 ιμ’·
3668 892 3670 894 ’

2101 989 2334 1044 Συνόδου
2361 995 2415 1044 ς’
2439 988 2622 1045 κανὼν
2657 987 2728 1060 η’.

2103 1076 2332 1131 Συνόδου
2375 1077 2420 1142 ζ’
2455 1077 2641 1132 κανὼν
2680 1078 2860 1142 ἕκτος.

2103 1174 2213 1240 ιιακ
2256 1172 2381 1225 Ὀτι
2412 1172 2493 1224 δεῖ
2525 1171 2620 1225 τὸν
2649 1168 3061 1242 κατηχούμενον
3091 1170 3185 1224 καὶ
3215 1169 3604 1238 παραπεσόντα

2031 1264 2392 1335 ὶπιτιμᾶσθαι
2433 1267 2489 1318 ἐν
2531 1263 2713 1334 τρισὶν
2747 1263 2923 1316 ἐτεσιν
2949 1301 2966 1328 ,
3009 1257 3111 1316 εἴτ’
3140 1261 3293 1324 αὖθις
3342 1263 3601 1331 κατηχεῖο

2034 1356 2183 1422 σθαι,
2210 1358 2306 1410 καὶ
2341 1356 2731 1427 βαπτίζεσθαι.
2763 1355 2826 1409 Ei
2859 1354 2918 1409 δὲ
2954 1355 3139 1427 συμϐῇ
3170 1353 3335 1408 αὐτὸν
3375 1353 3606 1422 ἀσθενῆ-

2037 1467 2130 1503 σαι
2159 1450 2296 1523 πρὸς
2321 1449 2572 1513 θάνατον,
2605 1448 2971 1519 κατηχείσθω,
3004 1445 3619 1517 καὶνβαπτιζέσθωλαὶ,

2031 1545 2161 1597 εἴσω
2189 1544 2288 1614 τῆς
2318 1542 2580 1611 τριετίας.
2626 1542 2734 1594 Καὶ
2763 1542 2944 1595 ὅτιδεῖ
2970 1539 3328 1610 βαπτίζεσθαι
3353 1539 3414 1591 τὶ.
3434 1554 3602 1609 κατη-

2045 1631 2315 1705 χούμενον
2344 1630 2580 1694 παιδίον,
2613 1632 2663 1683 εί
2692 1629 2922 1700 ἀγνοοῦν
2945 1629 3262 1700 μεταλάϐοι.

2103 1724 2335 1779 Συνόδου
2366 1725 2604 1788 Νικαίας
2630 1722 2810 1778 κανὼν
2857 1722 2938 1776 ιδ’.

1957 1784 2008 1844 Β
2104 1815 2333 1871 Συνόδου
2365 1813 2802 1884 Νεοκαισαρείας
2833 1812 3013 1866 κανὼν
3049 1810 3110 1866 ε’.

2104 1909 2211 1963 Τοῦ
2242 1910 2397 1979 ἁγίου
2425 1909 2695 1979 Τιμοθέου
2727 1908 2906 1961 κανὼν
2932 1909 3000 1962 α’.

2104 2003 2214 2057 Καὶ
2246 2001 2342 2056 τοῦ
2376 2001 2534 2071 ἁγίου
2560 2001 2832 2072 Κυρίλλου
2858 1999 3037 2055 κανὼν
3063 1998 3128 2066 ζ’.

2104 2093 2210 2166 ιιβῖ
2250 2095 2376 2149 Ὅτι
2409 2095 2470 2148 οὐ
2502 2095 2582 2148 δεῖ
2607 2096 2779 2148 αἰτεῖν
2817 2094 2925 2148 ἀπὸ
2952 2095 3046 2148 τοῦ
3083 2091 3349 2165 βασιλέως
3375 2091 3607 2158 διάγνω-

2035 2205 2120 2242 σιν
2175 2186 2450 2258 δημοσίων
2509 2187 2852 2259 πραγμάτων
2901 2186 2934 2259 ἢ
2992 2185 3364 2257 δικαστηρίων
3397 2198 3410 2212 ·
3471 2181 3607 2236 ἀλλὰ

2032 2281 2216 2354 κρίσει
2262 2279 2372 2354 [ἵσ.
2408 2279 2642 2354 κρίσεις]
2684 2280 2997 2334 ἐπισκόπων
3047 2262 3219 2332 αίτεῖν
3262 2276 3390 2340 τοὺς
3445 2277 3604 2346 lepor

2035 2374 2254 2445 μένους.
2278 2373 2339 2425 Ei
2375 2373 2451 2445 μὴ
2482 2372 2590 2444 γὰρ
2613 2372 2757 2426 οὕτω
2779 2370 3018 2437 ποιοῦσι,
3049 2367 3460 2444 καθαιροῦνται.

2103 2466 2329 2520 Συνόδου
2365 2466 2728 2538 Καρθαγένης
2759 2463 2943 2533 κανὼν
2973 2462 3047 2536 ρδ⁹
3089 2465 3184 2518 καὶ
3215 2461 3322 2536 ρκ’.

2101 2559 2213 2629 [ιγ’.
2252 2559 2377 2613 Ὅτι
2417 2560 2494 2612 ,οὐ
2540 2558 2624 2612 δεί
2668 2575 2792 2612 τινα
2848 2558 3043 2627 θνητὸν
3097 2558 3281 2628 λέγειν
3315 2555 3421 2611 ἀπὸ
3467 2552 3602 2610 Θεοῦ

2033 2651 2342 2722 πλασθῆναι
2374 2651 2467 2707 τὸν
2511 2652 2684 2724 Ἀδάμ
2715 2668 2729 2684 ⁸
2766 2655 2796 2707 ὁ
2824 2652 2933 2724 γὰρ
2972 2650 3121 2706 οὕτω
3161 2651 3370 2721 λέγων,
3408 2649 3605 2706 ἀναθε-

2036 2749 2346 2820 ματίζεται.

2105 2841 2335 2896 Συνόδου
2361 2840 2726 2913 Καρθαγὲνης
2758 2841 2941 2895 κανὼν
2976 2840 3075 2913 ρθ’.

2108 2933 2343 3004 ιιδἏὍτι
2365 2937 2425 2991 οὐ
2456 2937 2541 2992 δεῖ
2566 2940 2626 2992 ἐν
2659 2936 2844 3009 ταύτῷ
2873 2939 3180 3010 καθαιρεῖν,
3207 2939 3300 2993 καὶ
3323 2940 3606 3012 ἀφορίζειν

2036 3029 2334 3100 ίερωμένον
2373 3031 2815 3101 ἁμαρτήσανταο
2862 3030 2996 3084 ἀλλὰ
3037 3033 3326 3104 ἀρκεῖσθαι
3361 3037 3496 3108 μόνη
3533 3039 3601 3109 τῇ

359 3119 429 3172 ob
467 3118 762 3173 admissum
799 3116 1085 3184 delictum,
1132 3117 1229 3174 sed
1274 3124 1592 3185 contentum
1647 3131 1769 3173 esse
1811 3117 1928 3173 sola

2035 3121 2272 3193 διηνεκεῖ
2292 3121 2642 3194 καθαιρέσει.

359 3220 616 3279 perpetua
648 3209 1008 3280 depositione.

433 3300 759 3358 Sanctorum
797 3301 1169 3372 apostolorum
1204 3314 1378 3357 canon
1409 3300 1502 3357 25.

431 3394 631 3470 Synodi
660 3394 1132 3466 Carthaginiensis
1160 3409 1335 3450 canon
1361 3395 1454 3451 27.

431 3487 617 3542 Sancti
648 3486 830 3542 Basilii
861 3500 1041 3542 canon
1070 3486 1126 3554 5,
1153 3487 1225 3542 52
1261 3486 1439 3546 0951.

438 3578 528 3633 95.
566 3577 951 3649 Presbyterum
986 3577 1057 3633 ob
1091 3577 1318 3634 crimina
1354 3578 1523 3650 gradu
1567 3579 1832 3650 deiectum
1877 3579 1930 3634 in

361 3671 548 3729 clerici
581 3672 830 3728 ordinem
857 3687 981 3729 esse
1010 3672 1447 3742 deprimendum,
1482 3689 1580 3730 nec
1611 3689 1937 3745 promoven-

2103 3302 2227 3358 Τῶν
2255 3304 2427 3373 ἁγίων
2449 3304 2767 3359 ἀποστόλων
2796 3304 2976 3360 κανὼν
3012 3301 3111 3359 κε’.

2107 3397 2338 3453 Συνόδου
2372 3396 2740 3470 Καρθαγένης
2767 3397 2952 3453 κανὼν
2986 3396 3092 3464 κζ’.

2103 3488 2221 3544 Καὶ
2246 3489 2338 3544 τοῦ
2382 3491 2540 3560 ἁγίου
2573 3489 2857 3545 Βασιλείου
2895 3492 3075 3546 κανὼν
3107 3490 3177 3562 γ’,
3206 3490 3284 3562 λβ¹
3310 3491 3405 3546 καὶ
3432 3497 3532 3544 να’.

2105 3586 2210 3651 ιιει.
2254 3585 2380 3653 Ὀτι
2432 3584 2516 3637 δεῖ
2585 3585 2677 3638 τὸν
2726 3586 2785 3641 ὲν
2843 3584 3159 3657 ἐγκλήμασι
3221 3585 3607 3658 καθῃρημένον

2034 3676 2430 3748 πρεσϐύτερον,
2454 3679 2535 3740 εἰς
2563 3676 2655 3731 τὸν
2684 3678 2779 3732 τοῦ
2799 3677 3069 3751 κληρικοῦ
3091 3679 3301 3750 βαθμὸν
3323 3685 3602 3747 κατάγειν,

361 3767 486 3821 dum
523 3764 780 3830 ulterius,
799 3765 845 3820 si
875 3766 1130 3822 nimirum
1159 3781 1187 3820 a
1222 3765 1364 3822 malo
1390 3766 1617 3825 desistat
1644 3784 1658 3821 :
1686 3765 1932 3825 similiter

2035 3769 2130 3823 καὶ
2157 3768 2479 3839 ἀπρόκοπον
2519 3773 2736 3841 μένειν,
2795 3771 2956 3841 είπερ
3002 3772 3249 3842 δηλονότι
3297 3771 3390 3827 τοῦ
3434 3771 3604 3826 κακοῦ

359 3867 415 3912 et
441 3856 722 3924 lectorem,
770 3857 818 3914 si
875 3866 1002 3914 ante
1055 3857 1272 3928 nuptias
1302 3874 1424 3915 cum
1455 3874 1551 3915 sua
1589 3874 1786 3930 sponsa
1817 3873 1932 3915 rem

2035 3862 2342 3930 παρσεταιυ
2376 3864 2580 3934 ὁμοίως
2633 3867 2730 3919 καὶ⁵
2783 3865 3158 3940 ἀναγνώστην,
3212 3870 3262 3921 εί
3299 3869 3361 3938 τῇ
3404 3866 3602 3919 ἑαυτοῦ

360 3950 618 4004 habuerit
647 3966 663 4004 :
698 3949 743 4005 si
775 3957 903 4005 vero
930 3952 1094 4005 etiam
1145 3958 1273 4006 ante
1299 3951 1807 4021 desponsationem,
1837 3964 1932 4022 pe-

2037 3957 2252 4027 μνηστῇ
2293 3954 2400 4028 πρὸ
2441 3956 2622 4028 γάμου
2656 3958 2963 4030 συναφθείη
2996 3975 3012 3993 ο
3044 3961 3090 4014 εί
3136 3959 3194 4013 δὲ
3229 3960 3323 4016 καὶ
3357 3959 3463 4031 πρὸ
3507 3961 3608 4031 τῆς

361 4041 505 4096 nitus
536 4042 876 4110 deturbatur.

434 4132 636 4203 Synodi
666 4129 1122 4195 Neocaesariensis
1152 4147 1323 4188 canon
1350 4131 1383 4189 9
1409 4140 1462 4190 et
1492 4132 1580 4188 l0.

434 4226 634 4297 Synodi
676 4223 744 4281 Vl
778 4239 953 4281 canon
984 4224 1078 4280 21.

437 4309 625 4373 Sancti
663 4316 848 4374 Basilii
882 4333 1056 4374 canon
1092 4318 1180 4374 69.

435 4407 524 4464 96.
567 4409 834 4481 Oportere
870 4411 1185 4482 episcopum
1235 4421 1547 4468 accusatum
1601 4422 1658 4468 et
1703 4415 1926 4470 citatum

363 4501 556 4555 adesse
584 4502 727 4557 intra
746 4503 881 4558 duos
907 4515 1155 4558 menses:
1183 4502 1284 4558 nisi
1307 4503 1451 4558 enim
1474 4503 1635 4568 adsit,
1665 4505 1930 4561 sententia

360 4594 941 4673 excommunicationis
973 4596 1030 4649 in
1061 4609 1182 4650 eum
1228 4595 1417 4650 fertur.
1452 4597 1753 4652 Haereticus
1805 4611 1930 4652 vero

362 4702 469 4743 non
502 4687 767 4758 recipitur
792 4689 860 4743 ad
888 4687 1268 4745 accusandum
1293 4729 1310 4756 ,
1351 4703 1526 4759 neque
1559 4687 1735 4744 ﬁdelis
1771 4705 1931 4754 unus,

364 4780 467 4834 nisi
519 4763 667 4836 forte.
704 4781 982 4849 propriam
1030 4781 1268 4851 aliquam
1328 4781 1652 4851 negotialem
1711 4795 1932 4835 causam

363 4872 581 4929 habeat.
625 4871 814 4943 Neque
846 4887 974 4928 vero
1021 4874 1523 4930 exeommunieatus
1556 4875 1620 4927 ad
1666 4888 1934 4928 accusan-

364 4966 494 5020 dum
543 4965 889 5036 recipiendus
944 4977 1069 5032 est,
1126 4981 1304 5035 neque
1351 4965 1687 5028 infamatus,
1763 4980 1938 5035 neque

364 5072 578 5123 servus,
608 5073 782 5128 neque
803 5059 1067 5129 proprius
1101 5058 1350 5124 libertus,
1391 5073 1562 5128 neque
1592 5057 1660 5113 ab
1697 5057 1936 5113 Ecclesia

366 5149 664 5217 abscissus,
718 5165 891 5221 neque
939 5151 986 5206 is
1022 5150 1118 5220 qui
1161 5159 1316 5206 antea
1366 5149 1420 5204 in
1455 5148 1560 5204 alia
1595 5150 1940 5206 accusatione

369 5243 626 5299 mentitus
661 5243 848 5308 fuerit,
882 5257 1056 5313 neque
1086 5243 1226 5298 intra
1268 5252 1519 5313 quartum
1561 5250 1616 5296 et
1662 5240 1934 5311 decimum

364 5339 541 5394 aetatis
567 5353 792 5412 annum.
823 5335 1008 5409 Neque
1038 5338 1185 5407 prius
1224 5335 1626 5391 accusationem
1663 5334 1933 5406 recipien-

366 5434 489 5490 dam
511 5448 633 5495 esse,
659 5448 818 5504 quam
847 5434 1054 5503 scripto
1083 5429 1317 5505 confessi
1346 5428 1569 5495 fuerint,
1597 5444 1654 5484 se
1682 5429 1930 5485 eumdem

365 5540 557 5582 casum
574 5525 839 5589 subiisse.
875 5521 1006 5580 Item
1036 5522 1316 5592 episcopos
1352 5537 1380 5575 a
1411 5522 1644 5592 prapriis
1667 5520 1934 5590 episcopis

322 5617 597 5690 iudicari
641 5632 660 5672 :
705 5630 773 5672 ac
813 5615 1078 5684 siquidem
1131 5629 1322 5670 omnes
1366 5613 1933 5694 proviiicizeepiscOpi

369 5710 748 5768 consenserint
781 5709 836 5765 in
868 5708 1087 5765 ferenda
1124 5712 1419 5772 sententia,
1466 5707 1532 5762 ab
1561 5707 1628 5760 iis
1661 5721 1768 5762 non
1802 5720 1935 5776 pro-

369 5813 644 5862 vocatur;
677 5803 726 5862 si
773 5815 905 5860 vero
958 5800 1241 5872 contigerit
1280 5801 1430 5872 ipsos
1460 5801 1770 5871 dissentire,
1808 5799 1936 5857 licet

2038 4046 2358 4120 μνηστείας,
2399 4047 2745 4120 καθαιρείται
2777 4051 3023 4114 πάντως.

2104 4126 2334 4194 Συνόδου
2365 4141 2805 4212 Νεοκαισαρείας
2832 4142 3014 4197 κανὼν
3045 4141 3090 4198 θ’
3116 4144 3208 4198 καί⁸
3234 4141 3286 4201 ι’.

2093 4233 2335 4296 ,Συνόδου
2351 4231 2416 4298 ς’
2445 4232 2623 4290 κανὼν
2653 4232 2761 4293 κα’.

2105 4323 2216 4376 Καὶ
2249 4322 2344 4377 τοῦ
2373 4323 2530 4392 ἁγίου
2557 4323 2842 4379 Βασιλείου
2871 4324 3055 4381 κανὼν
3086 4326 3184 4393 ξθ’.

2108 4418 2226 4482 Lg’.
2256 4414 2382 4468 Ὀτι
2405 4413 2485 4468 δεῖ
2507 4416 2600 4470 τὸν
2627 4417 3107 4489 κατηγορούμενον
3145 4419 3466 4485 ἐπίσκοπον,
3506 4423 3603 4476 καὶ

2043 4507 2408 4579 καλούμενον,
2443 4507 2690 4580 ἀπαντᾷν
2738 4510 2872 4564 εἴσω
2896 4512 3099 4581 ,μηνῶν
3129 4512 3223 4566 δύο
3257 4529 3272 4545 ο
3304 4517 3353 4568 εί
3391 4517 3498 4586 γὰρ
3531 4520 3608 4588 μὴ

2041 4598 2371 4671 ἀπαντήσει,
2404 4597 2678 4668 ἀπόφασις
2708 4599 2920 4670 γίνεται
2959 4603 3080 4657 κατ’
3113 4605 3277 4658 αὑτοῦ
3308 4607 3598 4679 ἀκοινωνη·

2039 4691 2184 4754 σίας.
2215 4691 2500 4762 Αίρετικοὶ
2534 4691 2592 4746 δὲ
2621 4695 2681 4745 οὐ
2706 4695 3100 4767 προσδέχονται
3136 4701 3215 4763 είς
3245 4701 3607 4771 κατηγορίαν,

2035 4783 2152 4839 ἀλλ’
2177 4784 2300 4839 οὐδὲ
2324 4785 2512 4850 πιστὸς
2547 4779 2627 4850 εἷς
2649 4802 2662 4815 °
2707 4789 2756 4839 εί
2806 4791 2935 4859 μήτι
2971 4790 3039 4843 ἂν
3067 4793 3276 4848 οἰκείαν
3309 4798 3432 4848 τινὰ
3462 4813 3607 4866 πρα-

2035 4876 2320 4946 γματικῶς
2347 4876 2445 4949 ἔχῃ
2470 4877 2649 4950 δίκην.
2679 4877 2814 4933 Οὔτε
2836 4881 2892 4933 δὲ
2923 4884 3287 4954 ἀκοινώνητος
3318 4887 3399 4949 είς
3433 4905 3607 4949 κατη-

2037 4969 2230 5038 γορίαν
2265 4968 2478 5035 δεκτὸς,
2536 4971 2661 5025 οὔτε
2717 4972 3166 5045 διαϐεϐλημένος,
3217 4977 3345 5031 οὗτε
3395 4980 3605 5048 δοῦλος,

2037 5058 2162 5112 οὔτε
2188 5059 2316 5123 ἴδιος
2348 5063 2739 5132 ἀπελεύθερος,
2791 5063 2914 5117 οὔτε
2964 5069 3307 5142 ἀποσχιστής
3343 5086 3357 5101 ο
3385 5072 3508 5126 οὒτε
3547 5074 3608 5140 ὃς

2040 5150 2418 5221 προεψεύσατο
2443 5153 2500 5206 ὲν
2531 5154 2695 5225 ἑτέρᾳ
2722 5159 3059 5231 κατηγορίᾳο
3087 5158 3211 5214 οὔτε
3241 5162 3388 5226 ἐντὸς
3414 5167 3608 5235 κεῖραν

2038 5239 2304 5315 [ἡλικίας]
2359 5242 2503 5298 ἐτῶν
2565 5243 3030 5318 δεκατεσσάρωνο
3061 5251 3157 5304 καὶ
3208 5253 3286 5324 μὴ
3342 5256 3608 5328 πρότερον

2035 5333 2294 5404 δεχθῆναι
2313 5337 2674 5407 κατηγορίαν,
2693 5338 2822 5407 πρὶν
2840 5339 2903 5392 ἂν
2918 5342 3210 5413 ἐγγράφως
3228 5346 3608 5418 ὁμολογήσωσι

2028 5428 2444 5483 ,ταυτοπάθειαν
2473 5429 2803 5499 ὑποστῆναι.
2837 5432 2947 5486 Καὶ
2972 5435 3056 5488 ὅτι
3081 5439 3130 5490 oi
3172 5437 3460 5493 ἐπίσκοποι
3499 5440 3608 5495 ὑπὸ

2036 5519 2145 5570 τῶν
2177 5514 2322 5576 ἰδίων
2366 5523 2691 5580 ἐπισκόπων
2725 5530 3004 5598 κρίνονται
3035 5543 3048 5558 ·
3085 5531 3182 5583 καὶ
3221 5533 3268 5584 εί
3317 5532 3416 5600 μὲν
3469 5548 3608 5605 συμ-

2037 5612 2311 5680 φωνοῦσιν
2343 5615 2569 5682 οἱὲντὸς
2600 5619 2871 5692 ἔπαρχίας
2919 5621 3123 5687 πάντες
3169 5621 3461 5679 ἐπίσκοποι
3512 5627 3607 5682 ἐπὶ

2034 5708 2102 5776 τῇ
2129 5705 2296 5778 ψήφῳ
2321 5708 2421 5778 τῆς
2444 5709 2621 5780 δίκης,
2647 5713 2749 5766 οὐκ
2777 5712 3134 5782 ἐγκαλοῦνται
3161 5732 3175 5747 ⁸
3199 5717 3257 5771 ,τί
3274 5715 3332 5770 δὲ
3362 5716 3605 5789 ωμὸαίη

2037 5799 2326 5870 διαφωνεῖν
2355 5802 2573 5870 αὐτοὺς,
2613 5804 2793 5870 ἔξεστι
2821 5807 2901 5878 τῷ
2930 5808 3071 5861 κατὰ
3108 5807 3291 5880 χώραν
3324 5825 3606 5882 μητροπο-
