4060 6294
429 317 504 386 ts
1678 402 1680 404 ν
1710 315 1991 410 Assem

2097 315 2416 388 lONACHl
3626 310 3695 376 ιιι

506 443 641 498 100.-
673 441 786 496 Non
820 446 1083 514 oportere.
1104 452 1216 514 pra:
1259 433 1709 515 pusillanimitate
1754 444 1848 509 aut
1879 451 1991 491 con-

2187 434 2438 506 ρι’.ν⁶’οτι
2474 432 2552 488 »οὗ
2607 432 2691 515 δεῖ
2739 434 2804 487 ἐκ
2853 431 3233 505 ,μικροψυχίας
3279 431 3312 504 ἢ
3360 430 3696 503 φιλονεικίας

435 551 675 599 ωηιιοηε
717 535 1029 609 episcopum
1074 545 1400 603 quemquam
1453 528 1618 602 gradu
1655 528 1932 606 dejicere:
1963 529 2009 585 si

432 645 565 686 vero
598 631 700 684 hoc
736 627 938 692 factum
965 625 1154 688 fuerit,
1185 618 1314 680 licet
1352 625 1502 680 adire
1528 623 2007 692 metropolitanum

433 721 754 792 vicinosque
770 721 1054 790 episcopos
1077 718 1338 773 adversus
1370 716 1546 787 ipsum
1569 733 1583 771 :
1605 731 1669 771 ac
1690 716 1734 770 si
1762 723 2009 785 repertus

429 815 595 870 fuerit
619 814 819 885 injuste
845 815 1018 884 ipsum
1053 827 1388 884 segregasse,
1425 809 1795 866 removebitur
1819 817 1872 863 et
1895 807 2010 877 ipso

431 907 524 976 qui
559 907 886 977 segregavit.
951 907 1018 960 Et
1072 905 1212 974 quod
1253 904 1381 960 licet
1432 918 1526 972 per
1578 901 1830 970 injuriam
1885 900 2008 970 quis

430 1001 933 1062 excommunicatus
967 998 1148 1062 fuerit,
1186 1005 1312 1052 ante
1343 997 1417 1050 rei
1455 995 1848 1050 discussionem
1899 1007 2007 1048 non

431 1091 595 1147 debet
621 1089 1054 1146 communionem
1091 1088 1193 1144 sibi
1231 1085 1546 1142 vendicare.

500 1183 702 1254 Synodi
728 1182 960 1238 Nicmna:
992 1197 1164 1236 canon
1203 1179 1256 1235 5.

499 1279 700 1352 Synodi
727 1278 1078 1333 Autiochena:
1103 1291 1276 1331 canon
1313 1275 1365 1328 6.

495 1371 700 1444 Synodi
735 1367 1081 1424 Sardicensis
1118 1383 1294 1424 canon
1325 1367 1413 1422 14.

496 1463 699 1533 Synodi
733 1459 1205 1530 Carthaginiensis
1242 1474 1416 1515 canon
1451 1457 1576 1513 154.

500 1556 658 1626 Legis
693 1561 854 1623 caput
881 1552 973 1608 59.

503 1648 628 1704 101.
662 1646 1054 1716 EpiscOporum
1085 1643 1471 1700 excusationes
1503 1643 1672 1698 libere
1710 1656 1772 1696 ac
1812 1648 2004 1710 sponte

417 1743 624 1811 iactas,
661 1753 786 1795 esse
832 1737 1196 1809 recipiendas,
1254 1735 1499 1805 aliosque
1532 1735 1584 1788 in
1630 1747 1820 1788 eorum
1879 1732 2003 1806 loco

2113 529 2412 581 ἐπίσκοπον
2448 514 2735 596 καθαιρεῖν
2759 520 2912 580 τινα.
2945 519 3012 578 Ei
3038 527 3095 579 δὲ
3123 527 3218 582 καὶ
3247 527 3491 598 γένηταιέ
3520 523 3697 590 ἔξεστι

2113 605 2434 691 προσελθεῖν
2460 619 2535 689 τῷ
2577 618 2976 691 μητροπολίτῃ,
3013 620 3108 672 καὶ
3139 620 3254 682 τοῖς
3278 617 3540 688 ὀμοροῦσι
3571 619 3694 672 κάτ’

2114 712 2281 765 αὐτοῦ
2320 713 2670 776 ἐπισκόποις·
2704 713 2798 766 καὶ
2844 711 2891 763 εί
2936 712 3136 783 εὑρεθῇ
3179 711 3382 773 ἀδίκως
3413 710 3698 781 ,ἀφορίσας

2111 803 2296 868 αὐτὸν,
2345 791 2781 875 ἀφορισθήσεται
2828 803 2856 856 ό
2909 803 3180 874 ἀφορίσας
3219 803 3404 859 αὐτόν.
3455 801 3568 872 Καὶ
3612 802 3721 872 ὅτι,

2109 883 2215 946 κᾶν
2242 884 2444 959 ἀδίκως
2474 895 2747 966 ἀφορισθῇ
2774 912 2882 961 τις,
2919 894 3024 965 πρὸ
3047 894 3347 960 ἐξετάσεως
3403 896 3504 948 οὐκ
3540 877 3696 963 όφεί-

2107 983 2190 1037 λει
2215 973 2464 1040 ¹ἐκδικεῖν
2493 988 2594 1055 τὶν
2634 987 2924 1041 κοινωνίαν
2956 987 3162 1058 ἑαυτῷ.

2180 1169 2408 1223 Συνόδου
2449 1167 2688 1230 Νικαίας
2715 1167 2900 1222 κανὼν
2921 1175 2984 1222 ε’.

2181 1264 2414 1317 Συνόδου
2459 1263 2793 1333 Ἀντιοχείας
2830 1262 3010 1316 κανὼν
3045 1259 3122 1326 ς’.

2176 1355 2404 1410 Συνόδου
2437 1355 2710 1426 Σαρδικῆς
2741 1355 2924 1409 κανὼν
2952 1353 3036 1409 ιδ’.

2177 1449 2403 1502 Συνόδου
2439 1448 2805 1520 Καρθαγένης
2836 1448 3014 1502 κανὼν
3048 1447 3180 1519 ρλδ’.

2175 1543 2423 1613 Νομικδν
2459 1542 2756 1612 κεφάλαιον
2784 1540 2884 1596 λθ¹.

2175 1641 2281 1708 pa’.
2311 1636 2432 1688 Ὅτι
2475 1634 2559 1689 δεῖ
2598 1634 2852 1706 δέχεσθαι
2893 1633 2991 1697 τὰς
3033 1633 3399 1704 παραιτήσεις
3431 1632 3539 1686 τῶν
3573 1632 3694 1686 ἑπι-

2120 1728 2367 1797 σκόπων,
2406 1729 2502 1782 καὶ
2540 1729 2655 1784 ἀντ’
2705 1727 2887 1784 αὐτῶν
2935 1728 3153 1798 ἑτέρους
3204 1728 3554 1799 χειροτονεῖν.
3595 1725 3694 1778 αύ-

423 1833 778 1899 ordinandos,
819 1831 964 1902 ipsos
992 1845 1124 1885 vero
1169 1827 1365 1884 summi
1395 1825 1686 1884 sacerdotii
1736 1827 1991 1880 honorem

2102 1818 2214 1871 τῶν
2255 1819 2602 1884 οἰκειοθελῶς
2653 1821 3114 1892 παραιτουμένων
3141 1837 3154 1850 ·
3209 1818 3436 1882 τούτους
3490 1818 3548 1872 δὲ
3590 1818 3690 1886 τὴν

427 1944 492 1985 nc
516 1942 711 1984 munus
741 1926 942 1982 habere
966 1941 982 1979 :
1009 1924 1052 1979 si
1084 1932 1263 1978 autem
1288 1937 1394 1977 non
1422 1921 1552 1976 ﬂant
1582 1920 1799 1991 proprio
1824 1927 2001 1982 motu,

415 2035 615 2080 .verum
648 2038 712 2076 ex
747 2035 874 2076 casu
909 2020 1090 2089 aliquo
1124 2025 1178 2072 et
1214 2025 1388 2081 metu,
1431 2016 1575 2085 ipsas
1618 2028 1724 2068 non
1771 2025 1894 2066 esse
1919 2024 2003 2064 re-

423 2112 737 2187 cipiendas;
769 2119 1013 2168 amotum
1050 2125 1180 2166 vero
1223 2107 1536 2179 episcopum
1583 2105 1651 2161 ad
1691 2103 2001 2176 presbyteri

420 2209 646 2278 gradum
679 2221 784 2261 non
818 2218 940 2260 esse
972 2202 1344 2274 redigendum.

492 2389 696 2464 Synodi
735 2387 1023 2459 Ephesinae
1059 2399 1232 2440 canon
1264 2383 1350 2437 ll.

488 2481 690 2555 Synodi
718 2479 1181 2536 Chalcedonensis
1211 2491 1388 2533 canon
1410 2474 1502 2531 29.

492 2573 698 2648 Synodi
724 2574 776 2629 in
804 2571 1003 2643 templo
1029 2571 1357 2626 Sanctorum
1388 2568 1772 2638 Apostolorum
1802 2564 1997 2618 habitae

416 2681 588 2724 canon
624 2663 712 2722 {6.

493 2760 684 2817 Sancti
713 2755 904 2831 Cyrilli
940 2771 1112 2812 canon
1145 2758 1201 2812 5.

488 2849 612 2909 i02.
649 2830 773 2906 Non
816 2857 1086 2926 oportere.
1121 2854 1453 2917 quemquam
1506 2841 1680 2899 sacris
1719 2830 1992 2897 addictum

411 2948 876 3008 subintroductam
908 2943 1112 3002 habere
1146 2944 1428 3000 mulierem
1453 2983 1469 3010 ,
1521 2941 1615 2998 sed
1646 2956 1824 3012 neque
1871 2948 1995 3011 post

411 3029 814 3100 ordinationem
863 3039 992 3094 licet
1054 3036 1312 3109 episcopo
1362 3052 1500 3106 cum
1537 3030 1756 3108 propria
1819 3048 1992 3089 uxore

2098 1905 2204 1979 τῆς
2234 1909 2649 1983 ἀρχιερωσύνης
2670 1907 2839 1984 ’τιμὴν
2891 1915 2985 1966 καὶ
3020 1913 3121 1984 τὴν
3142 1912 3486 1984 λειτουργίαν
3513 1913 3690 1982 ἔχειν·

2107 1995 2184 2075 μὴ
2208 2003 2557 2068 οίκειοθελῶς
2591 2005 2647 2060 δὲ
2678 2005 2996 2077 γινομένας,
3046 2005 3164 2062 ἀλλ’
3201 2007 3268 2069 ἐκ
3313 1997 3691 2076 περιστάσεως
3740 2065 3742 2068 ,

2102 2099 2198 2152 καὶ
2229 2098 2418 2167 φόὸου,
2446 2097 2507 2150 οὐ
2531 2098 2612 2150 δεῖ
2642 2098 2847 2161 ταύτας
2873 2097 3128 2168 δέχεσθαι
3155 2114 3167 2126 ·
3186 2086 3603 2168 ’ἀποκινηθέντα
3631 2096 3691 2150 δὶ

2103 2190 2407 2244 ἐπίσκοπον
2445 2190 2525 2254 εἰς
2564 2189 2658 2244 τὸν
2708 2189 2803 2244 τοῦ
2850 2178 3225 2262 πρεσϐυτέρου
3280 2188 3490 2262 βαθμὸν
3517 2189 3578 2242 ού
3608 2187 3692 2242 δεῖ

2103 2281 2462 2348 κατάγεσθαι.
2625 2270 2627 2273 ’

2171 2373 2404 2427 Συνόδου
2455 2373 2685 2443 Ἐφέσου
2719 2364 2901 2429 κανὼν
2935 2381 3027 2428 ια’.

2171 2467 2398 2520 Συνόδου
2425 2457 2765 2538 Καλχηδόνος
2796 2467 2977 2522 κανὼν
3009 2470 3113 2524 κον.

2165 2560 2394 2615 Συνόδου
2429 2561 2488 2614 ὲν
2523 2561 2603 2632 τῷ
2650 2561 2757 2632 ναῷ
2797 2561 2907 2616 τῶν
2957 2563 3155 2632 Ἀγίων
3196 2563 3538 2626 Ἀποστόλων
3585 2579 3688 2616 κα-

2099 2639 2208 2708 νὼν
2240 2653 2337 2722 ις’.
2797 2644 2802 2648 ’

2170 2747 2279 2800 Τοῦ
2315 2747 2474 2816 ἁγίου
2508 2747 2777 2818 Κυρίλλου
2808 2747 2990 2803 κανὼν
3024 2754 3095 2817 γ’.

2171 2847 2272 2919 ρβ¹ο
2305 2845 2429 2901 Ὅτι
2460 2847 2521 2900 ού
2547 2846 2628 2900 δεῖ
2651 2863 2772 2901 τινα
2801 2846 2910 2900 τῶν
2946 2828 3262 2918 ἱερωμένων
3287 2845 3433 2918 ἔχειν
3466 2847 3683 2900 συνείσς

2093 2959 2255 2996 ακτον
2306 2943 2544 3010 γυναῖκα
2584 2955 2600 2972 ⁸
2657 2940 2773 2994 ἀλλ’
2829 2939 2955 2993 οὐδὲ
3016 2940 3156 3010 μετὰ
3209 2932 3317 3009 τὴν
3350 2940 3687 3014 χειροτονίαν

2081 3037 2304 3117 ἔξεστιν
2329 3037 2616 3107 ἐπισκόπῳ
2647 3038 2917 3090 συνοικεῖν
2939 3039 3003 3106 τῇ
3031 3035 3137 3108 ἰδίᾳ
3164 3035 3406 3110 γυναικὶ,
3431 3036 3463 3105 ἢ
3496 3029 3685 3097 ἁπλῶς

411 3136 684 3198 habitare,
723 3140 818 3188 aut
846 3130 1068 3187 omnino
1100 3129 1386 3201 mulierem
1430 3130 1482 3182 in
1509 3128 1802 3199 episc0p|i
1830 3129 1991 3184 domo

2097 3134 2329 3201 γυναῖκα
2365 3123 2505 3207 εἶναι
2536 3131 2595 3183 ἐν
2632 3126 2708 3199 τῷ
2736 3128 3102 3198 ἐπισκοπείῳ,
3147 3126 3270 3180 ἐπεὶ
3299 3127 3680 3196 καθαιρεῖται·

411 3228 664 3295 versari;
714 3226 915 3296 alioqui
983 3226 1153 3296 gradu
1208 3224 1461 3292 dejicilur
1508 3240 1522 3278 :
1571 3237 1760 3278 verum
1815 3237 1990 3293 neque

2097 3225 2206 3279 ἀλλ’
2251 3223 2374 3277 οὐδὲ
2422 3222 2682 3293 εὐνοῦχον
2721 3220 2871 3292 ἔχειν
2905 3222 3295 3301 συνείσακτον,,
3327 3219 3448 3273 ἐπεὶ
3486 3218 3682 3301 ἀφορί-

410 3322 716 3381 euuuchum
761 3319 962 3375 habere
993 3315 1463 3372 subintroductum
1487 3356 1501 3381 ,
1539 3314 1777 3386 alioquin
1807 3330 1990 3387 segre-

2091 3319 2265 3396 ζεται,
2303 3316 2463 3388 εἴπερ
2495 3315 2614 3369 ἐστὶ
2644 3314 2831 3380 λαῖκός
2856 3331 2870 3345 ο
2907 3299 2956 3367 εἰ
2995 3314 3050 3368 δὲ
3098 3314 3420 3386 ίερωμένος,
3457 3313 3551 3368 καὶ
3580 3299 3682 3367 αὖε

409 3425 589 3486 gatur,
637 3412 683 3469 si
727 3410 900 3467 laicus
941 3412 1010 3465 sit
1048 3426 1062 3464 :
1100 3409 1144 3463 si
1183 3423 1310 3462 vero
1359 3409 1532 3464 sacris
1571 3407 1840 3473 addictus,
1875 3408 1990 3477 ipse

2097 3412 2179 3476 τὸς
2206 3411 2581 3484 καθαιρεῖται.

406 3511 571 3566 etiam
601 3505 913 3576 deponitur.

478 3601 678 3677 Synodi
713 3588 943 3655 Nicena
969 3612 1140 3653 canon
1180 3598 1231 3652 5.

483 3690 686 3765 Synodi
722 3692 1024 3761 Ancyrauaz
1055 3702 1229 3742 canon
1265 3686 1351 3742 l9.

478 3785 682 3858 Synodi
719 3781 784 3839 Vl
816 3798 987 3838 canon
1022 3783 1086 3837 19
1123 3786 1177 3836 et
1211 3781 1299 3836 48.

478 3876 676 3950 Synodi
715 3874 802 3930 VII
839 3888 1011 3933 canon
1048 3874 1136 3929 18.

478 3971 660 4029 Sancti
694 3967 876 4024 Basilii
908 3984 1080 4023 canon
1137 3967 1228 4022 87.

474 4065 632 4134 Legis
655 4074 837 4134 caput,
877 4062 928 4123 5.
956 4061 1048 4128 71,
1087 4059 1177 4116 72.

477 4172 600 4227 105.
644 4169 1049 4234 Monasterium,
1083 4178 1173 4221 aut
1204 4167 1364 4221 aliam
1394 4166 1704 4238 religiosam
1741 4168 1979 4232 domum,

406 4275 498 4320 aut
532 4262 902 4319 nosocomium
938 4275 1043 4314 non
1081 4275 1201 4322 esse
1247 4259 1620 4316 aediﬁcandum
1661 4260 1780 4316 sine
1810 4260 1983 4329 regio-

406 4358 494 4413 nis
537 4355 776 4425 episcopi
818 4352 1175 4423 permissione
1209 4350 1462 4420 illiusque
1495 4352 1720 4405 consilio
1768 4362 1828 4406 et
1849 4367 1981 4406 con-

404 4464 589 4512 sensu,
627 4445 746 4500 licet
807 4459 872 4499 ex
920 4445 1243 4498 testamento
1299 4442 1498 4512 aliquid
1533 4442 1838 4511 hujusmodi
1885 4458 1983 4512 pro

2163 3606 2393 3660 Συνόδου
2424 3605 2664 3670 Νικαίας
2703 3605 2886 3660 κανὼν
2915 3606 2985 3675 γ”.

2163 3698 2398 3751 Συνόδου
2442 3697 2722 3769 Ἀγκύρας
2750 3697 2930 3753 κανὼν
2965 3697 3053 3754 ιϐ’.

2163 3790 2387 3844 Συνόδου
2417 3788 2470 3855 ς’
2492 3774 2768 3845 κανὼνίθ’
2797 3790 2893 3845 καὶ
2926 3790 3038 3864 μη’.

2157 3882 2385 3937 Συνόδου
2423 3883 2467 3949 ζ’
2499 3881 2683 3937 κανὼν
2732 3890 2829 3954 ιη’.

2160 3977 2267 4032 Τοῦ
2297 3977 2453 4046 ἁγίου
2485 3977 2770 4034 Βασιλείου
2800 3977 2984 4033 κανὼν
3014 3980 3124 4046 πζν.

2161 4072 2272 4124 Καὶ
2293 4071 2519 4142 νομικὸν
2541 4072 2844 4142 κεφάλαιον
2878 4078 2942 4137 ε’²
2973 4073 3076 4138 οα’,
3109 4074 3210 4145 οβ’.

2164 4163 2423 4235 ργ’.“οτι
2483 4165 2546 4219 οὗ
2602 4164 2684 4219 δεῖ
2735 4168 3102 4238 μοναστήριον
3159 4167 3579 4239 οἰκοδομεῖσθαι,
3643 4169 3675 4240 ἦ

2088 4258 2279 4328 ἓτερον
2308 4256 2480 4328 εὐαγῆ
2509 4254 2684 4324 οἷκον,
2719 4259 2750 4327 ἦ
2800 4262 3177 4331 νοσοκομεῖον,
3211 4262 3381 4332 χωρὶς
3435 4279 3674 4333 προτρο-

2091 4351 2199 4420 πῆς
2227 4351 2321 4403 τοῦ
2355 4344 2507 4404 κατὰ
2535 4351 2720 4421 χώραν
2761 4352 3090 4422 ἀρχιερέως,
3141 4354 3238 4406 καὶ
3313 4355 3413 4422 τῆς
3483 4355 3677 4409 τούτου

2093 4443 2291 4513 βουλῆς
2326 4460 2386 4496 τε
2423 4445 2518 4497 καὶ
2578 4444 2939 4506 συναινέσεως
2967 4463 2980 4476 ·
3012 4447 3138 4500 ,κᾶν
3178 4449 3241 4498 ὲκ
3297 4447 3565 4517 διαθήκης
3622 4465 3672 4502 τι

405 4541 585 4595 anima
615 4537 730 4591 ﬁeri
763 4536 1136 4603 supplicetur:
1177 4536 1472 4588 monachos
1505 4549 1631 4587 vero
1662 4536 1764 4588 sub
1811 4535 1980 4603 ipsius

2097 4537 2330 4597 τοιοῦτον
2354 4541 2702 4607 προ-τραπείη
2727 4539 2979 4605 γενέσθαι
3007 4541 3147 4612 ὑπὲρ
3178 4541 3357 4612 ψυχῆς
3381 4557 3392 4571 ’
3429 4543 3524 4598 καὶ
3551 4544 3673 4605 τοὺς

405 4632 626 4688 ιιιωοοεί
663 4632 915 4697 degentes
948 4629 994 4682 ei
1029 4626 1247 4682 obedire
1297 4636 1567 4695 oportere,
1623 4628 1876 4682 nimirum
1928 4629 1981 4682 in

405 4724 800 4794 spiritualibus.
858 4721 1112 4779 Actiones
1152 4722 1498 4791 pecuniarias
1550 4722 1832 4776 tricesimo
1893 4731 1986 4774 aut

403 4814 820 4886 quadragesimo
873 4828 1014 4867 anno
1068 4813 1368 4868 terminari.
1429 4812 1756 4867 Monasteria
1819 4813 1985 4866 semel

403 4919 716 4965 consecrata
753 4922 857 4960 non
894 4919 1048 4970 posse
1082 4904 1195 4958 ﬁeri
1229 4904 1508 4958 smcularia
1557 4904 1887 4968 diversoria,
1921 4920 1985 4957 ac

403 4997 714 5069 praefectum
744 4996 938 5050 debere
972 4995 1023 5049 in
1060 4994 1391 5050 monasterio
1424 5007 1527 5048 suo
1547 4993 1980 5064 dispensatorem

377 5073 766 5158 Iconstituerc;
804 5091 947 5160 quod
988 5090 1034 5144 si
1073 5089 1172 5144 hoc
1209 5098 1446 5155 recuset,
1482 5091 1765 5159 episcopus
1803 5088 1981 5142 faciat.

403 5184 586 5254 Neque
625 5198 808 5238 veroa
839 5197 1112 5252 quoquam
1166 5183 1388 5236 omnino
1444 5181 1802 5236 saecularibus
1851 5182 1983 5236 viris

403 5275 786 5331 monasterium
817 5274 1013 5330 elocari
1040 5290 1056 5342 ;
1089 5277 1178 5344 qui
1207 5276 1350 5330 enim
1386 5275 1486 5329 hoc
1521 5272 1670 5340 facit,
1700 5274 1983 5330 Canonicis

401 5371 575 5441 panis
622 5370 926 5438 subjicitur.
967 5371 1100 5425 ltem
1168 5385 1273 5424 non
1323 5380 1578 5438 oportere
1627 5369 1742 5423 ﬂeri
1783 5368 1980 5434 duplex

401 5463 788 5518 monasterium
814 5464 1051 5517 virorum
1083 5472 1134 5517 et
1165 5462 1450 5516 mulierum
1477 5477 1492 5526 ;
1518 5477 1690 5532 neque
1728 5461 1982 5516 mulieres

400 5557 456 5614 in
488 5558 729 5611 virorum
760 5557 1092 5613 monasterio
1129 5557 1344 5626 degere.
1378 5554 1491 5610 Non
1528 5564 1781 5625 oportere
1820 5555 1980 5625 quid-

398 5663 562 5716 quam
608 5649 673 5701 ad
719 5647 1107 5703 monasterium
1159 5647 1438 5717 pertinens
1500 5646 1748 5714 alienari,
1811 5662 1984 5716 neque

399 5741 529 5793 dare
558 5740 990 5794 renuntiationes
1025 5747 1115 5793 aut
1151 5738 1438 5807 accipere;
1472 5739 1730 5807 quoniam
1758 5738 1850 5805 qui
1882 5739 1984 5793 hoc

392 5824 550 5896 Incit,
581 5830 696 5886 sive
719 5832 1026 5902 praefectus,
1065 5831 1180 5887 sive
1223 5829 1527 5904 episcopus,
1563 5838 1658 5885 aut
1688 5828 1809 5901 quis
1839 5832 1981 5887 sacri

2089 4631 2195 4684 ὑπὸ
2224 4630 2320 4700 τὴν
2344 4630 2560 4701 ὲνορίαν
2583 4630 2636 4682 δὲ
2664 4630 2830 4683 αὑτοῦ
2872 4635 3138 4702 μοναχοὺς
3169 4634 3320 4703 αὐτῷ
3378 4636 3461 4695 δεῖ¹
3522 4635 3672 4691 ὑπείη

2089 4728 2315 4790 κειτπέν
2364 4726 2476 4787 τοῖς
2537 4730 2930 4793 πνευματικοῖς
2995 4729 3264 4795 δηλονότι.
3329 4729 3440 4782 Καὶ
3491 4731 3575 4784 ὃτι
3641 4732 3674 4800 ἡ

2089 4817 2537 4888 τριακονταετια,
2577 4817 2677 4889 ἢή
2727 4822 3268 4891 τεσσαρακονταετία
3337 4822 3511 4874 κλείει
3575 4825 3672 4887 τὰς

2087 4909 2443 4982 χρηματικὰς
2481 4912 2726 4978 ἀγωγάς.
2792 4912 2901 4964 Καὶ
2948 4914 3028 4965 ὅτι
3073 4914 3143 4966 τὰ
3200 4913 3346 4978 ἅπαξ
3402 4915 3671 4986 καθιερω-

2089 5005 2249 5057 θέντα
2280 5003 2629 5073 μοναυτήρια
2686 5004 2749 5056 ού
2815 5003 3072 5058 δύνανται
3121 5007 3376 5071 γενέσθαι
3430 5009 3671 5078 κοσμικὰ

2088 5094 2410 5164 καταγώγια
2438 5110 2450 5122 ·
2489 5097 2588 5148 καὶ
2616 5095 2698 5149 ὅτι
2733 5097 3019 5165 οἰκονόμον
3041 5099 3069 5149 ό
3096 5097 3407 5170 ἡγούμενος
3465 5102 3669 5170 ὀφείλει

2085 5187 2265 5240 ποιεῖν
2289 5185 2347 5237 ὲν
2374 5185 2454 5255 τῷ
2485 5186 2834 5258 μοναστηρίῳ
2869 5187 3035 5241 αι’)τοῦ
3058 5209 3071 5221 ·
3110 5191 3158 5243 εί
3199 5191 3255 5244 δὲ
3309 5193 3409 5263 μὴ,
3460 5194 3489 5245 ὀ
3552 5195 3669 5246 ἐπὶ·

2090 5295 2320 5342 σκοπος,
2342 5277 2567 5331 ποιείτω
2597 5279 2952 5343 ἀπειθοῦντος
2975 5281 3169 5340 αὑτοῦ.
3188 5285 3241 5338 Μ
3251 5286 3343 5356 ήτε
3374 5285 3432 5339 δὲ
3451 5285 3568 5340 ὑπό
3591 5303 3669 5340 τι·

2085 5387 2174 5430 νος
2195 5368 2302 5422 τῶν
2354 5369 2615 5425 ἁπάντων
2675 5375 2966 5438 κοσμικοῖς
3021 5374 3249 5446 ἀνδράσι
3309 5381 3670 5450 μοναστὴριον

2085 5462 2372 5530 ἐκδοθῆναι
2403 5479 2416 5492 ·
2443 5462 2471 5514 ὁ
2509 5463 2617 5534 γὰρ
2645 5461 2789 5518 οὕτω
2824 5467 3014 5530 ποιῶν,
3033 5469 3334 5539 ἐπιτιμίοις
3354 5474 3668 5537 κανονικοῖς

2087 5553 2483 5608 ὑποϐάλλεται.
2528 5555 2637 5607 Καὶ
2668 5557 2835 5609 ὅτιού
2879 5559 2963 5612 δεῖ
3010 5560 3256 5628 γίνεσθαι
3297 5563 3522 5618 διπλοῦν
3569 5582 3665 5635 μο-

2085 5645 2388 5716 ναστήριονη
2410 5646 2619 5716 ἀνδρῶν
2682 5650 2780 5702 καὶ
2827 5652 3146 5719 γυναικῶνα
3197 5657 3292 5709 καὶ
3347 5655 3428 5709 ὅτι
3480 5656 3667 5712 ούέδει

2085 5739 2454 5792 ἐνδιαιτᾶσθαι
2486 5743 2755 5809 γυναῖκας
2786 5743 2844 5797 ἐν
2869 5747 3222 5818 μοναστηρὶῳ
3270 5748 3518 5820 ἁνδρῲῳ.
3553 5748 3664 5804 Καὶ

2087 5832 2168 5885 ὅτι
2207 5832 2267 5885 οὐ
2324 5831 2405 5886 δεῖ
2455 5833 2796 5891 ἐκποιεῖσθαί
2847 5855 2900 5892 τι
2946 5840 3059 5895 τῶν
3122 5840 3216 5899 τοῦ
3258 5844 3662 5915 μοναστηρῑουο
