4060 6294
341 363 403 428 53
1570 356 1909 418 EPITOME
1949 355 2342 419 CANONUM.
3505 342 3572 407 54

404 475 622 529 Συνόδου
653 481 706 541 ς’
733 473 915 530 κανὼν
944 476 1045 546 ξβ’.

364 574 531 639 -ρκαῇ
567 568 690 622 Ὀτι
722 569 784 622 οὐ
831 567 915 622 δεῖ
963 569 1154 638 μάντει
1193 567 1519 639 προσέχειν·
1558 567 1606 619 εί
1657 565 1755 635 μὲν
1785 563 1894 634 γὰρ

340 659 610 731 Ξερωμένοι
641 661 773 726 εἰσὶ,
823 661 1254 731 καθαιροῦνται·
1287 663 1336 714 εἰ
1370 661 1425 713 δὲ
1468 659 1671 724 λαῖκοὶ,
1705 658 1898 729 ἀφορίο

336 751 509 816 ζονται
539 753 630 805 ἐπὶ
661 752 720 820 ἐξ
750 751 966 823 χρόνοις
989 770 1004 784 ·
1046 755 1096 805 εί
1129 753 1186 806 δέ
1217 753 1553 822 ἐπιμένοιεν,
1577 750 1896 808 παντάπασι

334 847 423 918 τῆς
456 847 1254 920 Ἐκκλησίαςάποῤῥίπτονται.

347 981 354 986 .
397 938 514 993 Τῶν
547 939 722 1006 ἁγίων
743 940 1060 994 ἀποστόλων
1088 939 1267 994 κανὼν
1297 939 1393 1010 ξγῖ

396 1033 619 1086 Συνόδου
658 1030 934 1101 Ἀγκύρας
963 1032 1141 1088 κανὼν
1166 1031 1266 1090 κδ’.

393 1123 620 1178 Συνόδου
648 1124 700 1190 ς’
730 1126 914 1180 κανῶν
941 1129 1040 1192 ξω.

394 1216 498 1270 Τοῦ
521 1217 683 1285 ἀγίου
718 1217 1008 1274 Βασιλείου
1037 1221 1218 1273 κανὼν
1249 1219 1346 1291 οβ’,
1379 1219 1494 1288 πγ’.

393 1309 496 1363 Τοῦ
531 1310 692 1378 ἀγίου
717 1311 1019 1384 Γρηγορίου
1046 1313 1269 1384 Νύσσης
1303 1312 1485 1367 κανὼν
1511 1311 1578 1383 β’.

393 1404 525 1476 ρκθ.
563 1405 687 1459 Ὀτι
715 1406 777 1459 οὐ
806 1406 890 1460 δεῖ
917 1405 1194 1471 κλέπτειν,
1222 1407 1254 1478 ἢ
1283 1408 1584 1477 ἐπιορκεῖν,
1612 1405 1645 1476 ἢ
1679 1405 1900 1477 τυμϐω-

329 1501 503 1572 ρυχεῖν
530 1512 546 1529 ·
593 1500 739 1565 ἐπεὶ,
786 1501 835 1552 εί
868 1500 967 1569 μὲν
999 1499 1286 1569 ίερωμένοι
1310 1500 1440 1564 sici,
1472 1500 1896 1573 καθαιροῦνται·

327 1598 372 1649 εί
423 1595 477 1648 δέ
535 1593 754 1660 λαῖκοὶ,
805 1595 1157 1666 ἀφορίζονται
1210 1596 1618 1667 ἀκοινωνήτως.
1679 1595 1736 1649 '0
1799 1595 1901 1666 μὲν

326 1681 592 1751 κλέπτων,
643 1687 742 1739 ἐὰν
803 1688 1206 1758 μεταμεληθεὶς
1259 1686 1597 1760 ὁμολογήσῃ,
1653 1688 1901 1742 ἐνιαυτὸν

323 1777 444 1830 ἕνα·
474 1779 523 1830 εἰ
562 1776 618 1830 δὲ
657 1779 756 1847 μὴ,
791 1777 905 1832 δύο.
954 1778 1014 1834 Ὀ
1054 1780 1111 1833 δὲ
1155 1777 1433 1852 ἐπίορκος,
1477 1783 1570 1834 καὶ
1607 1779 1900 1852 τυμϐωρύ-

325 1886 409 1938 χος
446 1870 539 1923 ἐπὶ
570 1871 801 1940 χρόνους
829 1870 986 1924 δέκα.

390 2048 514 2102 Τῶν
542 2049 722 2116 ἀγίων
753 2051 1069 2106 ἀποστόλων
1097 2051 1281 2107 κανὼν
1314 2049 1418 2108 κε’.

387 2142 505 2196 Τοῦ.
527 2143 693 2214 ἁγίου
735 2144 1020 2199 Βασιλείου
1053 2146 1237 2204 κανὼν
1282 2149 1383 2214 ξω,
1433 2147 1528 2217 ξδ’,
1562 2147 1635 2215 ξε’
1661 2147 1756 2202 καὶ
1790 2148 1898 2220 πβ⁹.

389 2237 499 2291 Καὶ
532 2237 630 2291 τοῦ
659 2239 816 2306 ἀγίου
849 2238 1154 2312 Γρηγορίου
1175 2240 1400 2312 Νύσσης
1423 2241 1601 2296 κανὼν
1631 2239 1685 2308 ς’
1711 2245 1804 2296 καὶ
1833 2240 1898 2308 ζ’.

390 2324 531 2398 ρκγ’,
557 2325 684 2381 Ὅτι
710 2329 775 2392 οὐ,
801 2329 882 2382 δεῖ
907 2331 1228 2399 πορνεύειν·
1259 2332 1309 2385 εί
1341 2333 1443 2402 μὲν
1472 2332 1579 2404 γὰρ
1611 2334 1902 2404 ἱερωμένοι

323 2421 444 2488 εἰσὶ,
474 2421 874 2492 καθαιροῦνται
902 2438 918 2454 ·
956 2423 1007 2476 εί
1039 2424 1093 2478 δὲ
1134 2423 1341 2490 λαῖκοὶ,
1388 2424 1742 2495 ἀφορίζονται
1771 2427 1830 2479 ἐν
1857 2424 1905 2490 ζ’

322 2512 516 2567 ἔτεσιν.
567 2513 633 2568 ’0
682 2514 740 2568 δὲ
785 2516 1009 2583 γυναικὶ
1059 2515 1359 2585 συναφθεὶς
1405 2519 1500 2572 ἐπὶ
1555 2519 1804 2592 πορνείᾳ,
1855 2520 1902 2570 εί

326 2607 399 2677 μὴ
426 2606 728 2677 ἀφίσταται
759 2606 986 2676 ταύτης,
1044 2607 1185 2662 ἔστω
1224 2610 1609 2681 ἀφωρισμένος
1645 2611 1787 2665 κατά
1811 2614 1903 2666 τὸν

322 2701 520 2772 κανόνα
546 2717 562 2732 ·
590 2700 839 2770 ἀφιέσθω
865 2701 924 2754 δέ
952 2702 1266 2774 πορνεύειν,
1291 2703 1377 2757 ἵνα
1415 2705 1489 2775 μὴ
1519 2705 1702 2776 χεῖρόν
1726 2725 1778 2762 τι
1812 2708 1905 2774 γέ.

321 2806 500 2864 νηται.

390 2885 513 2956 Τῶν
537 2887 716 2956 ἁγίων
752 2887 1072 2942 ἀποστόλων
1104 2888 1284 2943 κανὼν
1319 2897 1417 2953 κε’,
1455 2888 1556 2957 ξεί.

389 2979 620 3033 Συνόδου
653 2981 891 3045 Νικαίας
927 2981 1105 3042 κανὼν
1131 2990 1178 3037 α’
1208 2983 1301 3036 καὶ
1333 2989 1404 3052 γ’.

387 3074 625 3128 Συνόδου
653 3082 708 3141 ς’
728 3075 912 3130 κανὼν
938 3077 1020 3146 μδ’
1042 3077 1147 3130 καὶ
1167 3085 1287 3140 σις’.

386 3165 495 3253 Τοῦ
526 3167 689 3234 ἁγίου
719 3168 1022 3240 Γρηγορίου
1047 3168 1136 3222 τοῦ
1163 3170 1595 3242 Θαυματουργοῦ
1625 3170 1804 3226 κανὼν
1833 3171 1901 3228 α’.
1933 3196 1977 3253 ο

388 3250 494 3314 Τοῦ
532 3261 694 3329 ἁγίου
745 3263 1028 3318 Βασιλείου
1073 3262 1251 3320 κανὼν
1291 3262 1354 3330 δ’,
1391 3265 1499 3331 καί,
1536 3265 1653 3332 κς¹,
1685 3267 1788 3340 λη’,
1825 3275 1896 3340 μ’,

323 3351 429 3425 μβ’,
461 3352 581 3424 μγ⁰,
605 3362 672 3421 ν’,
703 3355 780 3409 νθ’
809 3355 903 3410 καὶ
939 3356 1013 3410 π’.

347 3449 354 3456 ’
386 3435 498 3503 Καὶ
533 3449 632 3503 τοῦ
667 3449 825 3519 ἁγίου
854 3451 891 3503 Γ
898 3452 1159 3523 ρηγορίου
1194 3453 1420 3526 Νύσσης
1442 3455 1623 3511 κανὼν
1655 3454 1725 3526 γ’.

391 3540 529 3611 ρκόῗ.
559 3542 691 3596 ὀτι
722 3545 784 3598 οὐ
827 3546 909 3599 δεῖ
945 3564 1066 3600 τινα
1107 3547 1216 3600 τῶν
1262 3549 1577 3624 ἱερωμένων
1615 3553 1712 3622 τὴν
1766 3551 1905 3606 ίδίαν

319 3639 558 3702 γυναῖκα
603 3637 886 3694 ἐκϐάλλειν
934 3642 1206 3719 προφάσει
1251 3643 1581 3705 εὐλαϐείας·
1623 3643 1737 3698 ἀλλ’
1779 3645 1906 3699 οὗτε

323 3727 508 3782 λαϐεῖν
539 3733 778 3799 γυναῖκα
807 3733 1004 3803 χήραν,
1049 3734 1081 3805 ἦ
1113 3733 1550 3806 ἐκϐεϐλημένην,
1587 3736 1620 3807 ἢ
1657 3738 1907 3807 ἐταῖραν,

322 3820 354 3890 ἦ
384 3824 634 3894 οἰκέτην,
673 3825 704 3896 ἦ
742 3826 850 3878 τῶν
887 3828 980 3880 ἐπὶ
1011 3829 1238 3900 σκηνῆς,
1268 3830 1300 3901 ἣ
1334 3831 1413 3894 είς
1443 3829 1700 3900 δεύτερον
1728 3833 1908 3902 γάμον

325 3918 502 3972 ἐλθεῖν
518 3931 534 3949 ⁶
561 3919 681 3974 ἀλλ’
709 3918 835 3973 οὔτε
860 3920 998 3974 κατά
1021 3919 1246 3990 ἄγνοιαν
1270 3923 1349 3987 είς
1370 3921 1688 3997 παράνομον
1710 3925 1904 3982 ἐλθεῖν·

325 4011 447 4062 ἐπεὶ
480 4005 850 4082 καθαιρεῖται.

396 4179 522 4233 Τῶν
553 4170 1073 4248 ἀγίωνάποστόλων
1100 4183 1281 4238 κανὼν
1310 4183 1371 4250 ε’,
1405 4184 1491 4252 ιζ’,
1523 4190 1612 4255 ιη’,
1641 4184 1725 4239 ιϐ’.

391 4275 631 4332 Συνοδου
656 4267 897 4340 Νικαίας
929 4279 1209 4334 κανὼνά’.
1241 4321 1244 4325 .

394 4367 628 4420 Συνόδου
663 4368 1028 4440 Καρθαγένης
1055 4371 1238 4424 κανὼν
1269 4373 1371 4443 ρβ’.

394 4459 632 4512 Συνόδου
667 4450 722 4524 ς’
749 4458 933 4515 κανὼν
962 4459 1013 4531 γ’
1043 4463 1140 4516 καὶ
1167 4470 1280 4529 κς¹.

395 4551 506 4605 Τοῦ
541 4553 705 4620 ἁγίου
744 4553 1032 4609 Βασιλείου
1070 4555 1254 4611 κανὼν
1283 4558 1328 4612 θ’
1357 4559 1448 4612 καὶ
1486 4559 1577 4629 ιβ’,
1616 4559 1727 4630 μη’,
1755 4559 1848 4623 οζ’.

394 4645 665 4716 Θεοφίλου
697 4645 879 4700 κανὼν
905 4655 977 4717 ιγ’

398 4739 515 4794 Καὶ
547 4740 777 4809 νομικὸν
802 4739 1100 4812 κεφάλαιον
1142 4741 1259 4814 μετ’,
1297 4741 1402 4812 μδ¹,
1446 4746 1554 4813 μζν.

401 4829 540 4900 pxt'.
577 4831 704 4884 Ὅτι
734 4831 796 4886 οὐ
823 4831 904 4886 δεῖ
938 4850 1062 4886 τινα
1101 4834 1192 4888 ἐπὶ
1236 4835 1582 4907 ἁπειρημένῃ
1621 4835 1909 4908 συγγενείᾳ

329 4913 673 4994 παρανόμως
710 4926 791 4988 είς
829 4925 1009 4996 γάμον
1035 4925 1210 4979 ἐλθεῖν
1232 4939 1250 4961 ο
1280 4928 1405 4980 ἐπεὶ
1446 4927 1764 4998 ἀφορίζεται
1794 4929 1912 4982 δια-

331 5016 516 5087 φόρως
545 5013 682 5088 πρὸς
715 5016 816 5089 τὴν
844 5017 1155 5089 οἰκειότητα
1183 5018 1278 5072 τοῦ
1327 5020 1554 5088 γένους·
1594 5020 1621 5073 ὀ
1663 5021 1780 5090 μὲν,
1817 5022 1912 5075 ἐπὶ

331 5111 552 5179 χρόνοις
585 5109 654 5178 ζ’,
688 5111 715 5162 ὁ
742 5110 823 5172 δὲ,
850 5112 943 5163 ἐπὶ
965 5111 1130 5173 δέκα,
1155 5112 1184 5166 6
1211 5111 1288 5174 δὲ,
1314 5113 1423 5183 ἐπί
1440 5113 1529 5182 ιβ’,
1551 5115 1578 5166 ὁ
1599 5114 1675 5172 δέ.
1696 5114 1788 5167 ἐπὶ
1819 5124 1904 5180 ιε’,

331 5205 679 5265 ἀποστάντες
717 5203 973 5274 δηλονότι.
1009 5205 1275 5276 πρότερον
1314 5207 1408 5258 τοῦ
1443 5205 1686 5277 ἀθέσμου
1733 5222 1912 5261 συνοι-

334 5294 549 5358 κεσίου,
578 5297 670 5347 καὶ
699 5293 843 5350 οὕτω
867 5288 1308 5369 προσδεχόμενοι.

409 5387 538 5440 Τῶν
567 5388 739 5454 ἁγίων
773 5389 1089 5444 ἀποστόλων
1123 5378 1303 5445 κανὼν
1342 5391 1410 5457 θ’,
1449 5400 1562 5466 μη’.

409 5481 526 5534 Καὶ
557 5481 779 5535 συνόδου
810 5481 1078 5552 Γαγγρῶν
1113 5483 1292 5538 κανὼν
1330 5491 1433 5540 κε’.

407 5573 638 5628 Συνόδου
666 5572 902 5637 Νικαίας
934 5574 1114 5649 κανὼν
1145 5583 1192 5631 α’
1233 5579 1328 5632 καὶ

372 5720 386 5734 ,
407 5657 635 5720 Συνόδου
670 5665 724 5732 ς’
753 5668 937 5720 κανὼν
968 5666 1072 5738 vf,
1111 5670 1207 5726 νδ⁹.

407 5756 522 5812 Τοῦ
546 5746 710 5829 ἀγίου
744 5761 1025 5818 Βασιλείου
1056 5746 1237 5839 κανὼν
1267 5771 1378 5835 κγ’,
1415 5763 1512 5831 ξς,
1540 5765 1652 5837 ξηί,
1679 5769 1772 5829 02’.
1801 5766 1915 5834 ος’,

339 5848 448 5922 (η’,
476 5850 552 5907 σθ’
575 5855 670 5909 καὶ
704 5845 826 5922 πςσ.

1936 4571 1984 4628 ι)

1931 473 1973 528 Α
2077 470 2282 540 Synodi
2315 478 2482 524 sexta:
2514 482 2688 524 canon
2718 464 2804 520 62.

2072 556 2197 619 liii.
2243 563 2318 621 Ad
2357 551 2547 618 vatem‘
2572 575 2689 616 non
2732 573 2854 614 esse
2891 555 3300 612 accedendum:
3334 552 3380 608 si
3430 551 3579 612 enim

2001 655 2192 710 sacris
2218 653 2415 714 initiati
2452 646 2581 718 sint,
2611 653 2780 720 gradu
2820 655 3139 708 moventur;
3175 645 3219 699 si
3252 656 3380 697 vero
3417 639 3572 701 'laiei,

2000 764 2092 804 sex
2140 762 2311 802 annos
2364 753 2717 817 segregantur
2761 742 2947 811 ;quod
3004 739 3049 794 si
3102 743 3473 809 perseverent,
3510 747 3574 788 ex
3676 794 3678 796 ν

2001 841 2242 897 Ecclesia
2275 839 2495 910 penitus
2528 839 2841 908 ejiciuntur.

2071 935 2392 988 Sanctorum
2421 932 2785 999 apostolorum
2821 943 2989 983 canon
3018 927 3107 981 65.

2072 1023 2280 1098 Synodi'
2310 1026 2606 1096 Ancyranae
2641 1036 2813 1080 canon
2848 1021 2942 1074 24.

2073 1118 2274 1189 Synodi
2311 1116 2376 1171 Vl
2406 1132 2577 1171 canon
2612 1116 2700 1170 61.
2774 1152 2776 1154 τ

2073 1210 2258 1266 Sancti
2293 1210 2472 1265 Basilii
2500 1224 2673 1263 canon
2704 1208 2769 1261 72
2798 1215 2853 1261 et
2881 1206 2969 1260 85.

2075 1303 2135 1360 S.
2166 1301 2411 1373 Gregorii
2450 1300 2675 1373 Nysseni
2716 1315 2886 1355 canon
2917 1299 2970 1352 2.

2074 1394 2198 1448 122.
2231 1389 2354 1449 Non
2401 1407 2521 1449 esse
2570 1392 2882 1454 furandum,
2925 1399 3021 1445 aut
3065 1389 3433 1462 pejerandu‘m,
3489 1389 3579 1440 aut

2001 1488 2248 1559 sepulcra
2285 1487 2699 1557 depraedandum
2734 1503 2748 1539 :
2785 1485 3058 1553 quoniam,
3095 1482 3361 1551 siquidem
3409 1480 3580 1535 sacris
3619 1525 3625 1532 .

2004 1578 2205 1636 addicti
2240 1580 2369 1642 sint,
2400 1579 2756 1649 dejiciuntur;
2787 1578 2990 1632 sivero
3030 1575 3174 1636 laici,
3206 1570 3580 1629 excommuni-

2003 1671 2217 1727 cantur.
2247 1671 2349 1738 Qui
2382 1670 2588 1725 furatus
2613 1662 3010 1738 cst,-siquidem
3045 1664 3368 1737 poenitentia.
3386 1667 3583 1720 ductus

2003 1758 2288 1821 confessus
2338 1759 2519 1831 fuerit,
2560 1759 2727 1818 ununi
2782 1776 3018 1827 annum;
3071 1759 3153 1815 sin
3204 1769 3354 1820 vero,
3410 1756 3579 1817 duos;

1931 1847 1973 1902 Β
2002 1859 2252 1929 periurus
2286 1871 2412 1913 vero
2451 1871 2514 1911 ac
2560 1863 2893 1911 mortuorum
2931 1852 3211 1924 spoliator,
3243 1851 3427 1905 decem
3477 1863 3578 1902 an‘

2002 1965 2124 2005 nos.

2075 2039 2398 2096 Sanctorum
2431 2038 2793 2110 apostolorum
2819 2051 2994 2095 canon
3026 2036 3118 2092 25.

2075 2133 2260 2190 Sancti
2291 2131 2470 2190 Basilii
2504 2147 2676 2188 canon
2707 2133 2799 2197 61,
2833 2131 2924 2193 64,
2953 2130 3022 2186 65
3050 2141 3104 2184 et
3134 2130 3223 2184 82.
3324 2125 3330 2132 ’

2076 2229 2135 2286 S.
2165 2229 2410 2299 Gregorii
2445 2227 2669 2301 Nysseni
2710 2239 2882 2280 canon
2913 2225 2946 2279 6
2982 2234 3035 2280 et
3065 2225 3117 2278 ’1.

2078 2325 2199 2378 125.
2238 2321 2351 2377 Non
2381 2335 2503 2378 esse
2531 2319 2910 2374 fornicandum
2945 2334 2959 2370 :
2991 2316 3035 2370 si
3064 2317 3204 2370 enim
3235 2315 3406 2369 sacris
3431 2311 3581 2366 addi-

2006 2418 2079 2473 cti
2115 2416 2243 2481 sint,
2275 2416 2641 2483 deponuntur;
2691 2409 2811 2465 laici
2864 2422 2991 2463 vero
3039 2405 3580 2462 excommunieantur

2005 2521 2208 2582 septem
2239 2523 2432 2563 annos.
2468 2503 2566 2572 Qui
2595 2507 2775 2559 autem
2807 2515 2925 2556 cum
2963 2500 3186 2554 muliere
3217 2512 3311 2569 per
3338 2495 3580 2552 l‘orni'ca-

2009 2603 2206 2659 tionem
2239 2597 2517 2669 copulatus
2546 2603 2651 2658 est,
2685 2595 2786 2648 nisi
2817 2594 2885 2649 ab
2911 2609 2970 2648 ea
3000 2592 3242 2652 recedat,
3271 2601 3584 2644 excommu-

2010 2697 2220 2749 nioetur
2251 2691 2549 2748 secundum
2577 2703 2839 2744 canonem
2872 2707 2884 2742 :
2913 2687 3118 2742 sinatur
3149 2699 3274 2739 vero
3301 2682 3578 2743 fornicari,

2008 2806 2074 2844 ne
2109 2790 2240 2858 quid
2274 2788 2508 2843 deterius
2542 2783 2840 2854 contingat.
3396 2817 3399 2820 .
3493 2777 3496 2781 ’

2079 2880 2399 2933 Sanctorum
2432 2892 2606 2932 canon
2631 2869 2723 2939 ‘25,
2751 2873 2838 2930 61.

2081 2970 2280 3041 Synodi
2318 2970 2548 3022 Nictenzn
2582 2981 2753 3022 canon
2789 2965 2811 3018 ‘l
2851 2969 2903 3017 et
2929 2965 2984 3019 5.

2079 3060 2285 3132 Synodi
2322 3059 2388 3116 Vl
2424 3075 2594 3113 canon
2625 3058 2694 3113 44
2726 3067 2780 3112 et
2808 3056 2896 3110 86.

2083 3152 2140 3208 S.
2174 3152 2418 3225 Gregorii
2457 3150 2844 3221 'l‘haumaturgi
2891 3163 3060 3206 canon
3106 3148 3159 3201 1.

2083 3243 2266 3298 Sancti
2316 3242 2496 3297 Basilii
2530 3254 2704 3294 canon
2745 3239 2801 3302 4,
2846 3239 2937 3304 ﬁl,
2968 3237 3060 3302 26,
3105 3236 3194 3301 58,
3230 3235 3321 3300 40,
3369 3234 3456 3301 η,
3495 3234 3583 3301 13,

2011 3335 2100 3399 50,
2131 3335 2200 3389 59
2229 3344 2282 3389 et
2314 3334 2404 3389 80.

2088 3443 2146 3499 S.
2179 3443 2423 3514 Gregorii
2455 3442 2680 3515 Nysseui
2715 3454 2889 3497 canon
2927 3441 2980 3496 '5.

2085 3538 2210 3593 121.
2245 3535 2362 3591 Νοη
2397 3545 2646 3606 oportere
2683 3548 3009 3605 quemquam
3044 3533 3180 3588 sacri
3214 3532 3421 3588 ordinis
3447 3546 3580 3584 uso-

2013 3646 2126 3688 rem
2176 3645 2330 3685 suam
2376 3629 2573 3697 ejicere
2624 3627 2898 3696 religionis
2932 3632 3214 3695 praetextu,
3261 3626 3356 3678 sed
3409 3637 3585 3692 neque

2014 3724 2226 3780 viduam
2261 3721 2539 3776 mulierem
2579 3720 2841 3787 accipere,
2879 3727 2973 3777 aut
3001 3715 3251 3785 ejeclam,
3283 3727 3376 3770 aut
3407 3729 3586 3770 mere-

2015 3816 2227 3877 tricem,
2266 3821 2362 3867 aut
2385 3827 2618 3877 servam,
2655 3819 2746 3864 aut
2773 3826 2838 3867 ex
2878 3811 2943 3864 iis
2972 3825 3090 3878 quae
3123 3808 3174 3863 in
3206 3822 3366 3864 scena
3392 3818 3586 3874 Opera:

2013 3921 2142 3961 suas
2177 3913 2449 3974 praestant,
2481 3911 2576 3958 aut
2619 3903 2885 3958 secundas
2929 3904 3067 3958 inire
3112 3903 3364 3973 nuptias;
3399 3917 3582 3954 verum

2016 4001 2174 4055 etiam
2205 4013 2377 4068 neque
2402 4012 2495 4067 per
2520 3997 2880 4068 ignorantiam
2909 3996 3239 4065 illegitimum
3265 3995 3586 4049 contrahere

2016 4091 2417 4146 matrimonium
2453 4105 2468 4143 :
2501 4089 2742 4158 alioquin
2787 4088 3098 4156 deponitur.

2087 4195 2407 4252 Sanctorum
2443 4181 2805 4265 apostolorum
2840 4209 3035 4258 canon,
3067 4192 3120 4257 ὅ,
3146 4194 3231 4255 17,
3266 4190 3356 4254 18,
3393 4189 3477 4244 l9.

2087 4290 2290 4361 Synodi
2320 4287 2547 4342 Nicmnae
2573 4303 2746 4343 canon
2778 4288 2828 4341 1.

2086 4380 2287 4450 Synodi
2317 4379 2779 4451 Carthaginiensis
2813 4395 2988 4435 canon
3018 4378 3135 4433 102.

2087 4469 2289 4541 Synodi
2327 4467 2395 4524 Vl
2425 4485 2596 4524 canon
2628 4472 2663 4526 5
2692 4480 2744 4525 et
2776 4469 2866 4524 ‘26.

2084 4559 2266 4616 Sancti
2300 4561 2483 4616 Basilii
2511 4574 2682 4617 canon
2718 4561 2750 4616 9
2785 4569 2840 4615 et
2866 4560 2951 4625 12,
2983 4559 3076 4626 48,
3104 4560 3194 4615 '77.

2085 4653 2371 4724 Theophili
2407 4669 2577 4708 canon
2616 4655 2702 4709 15.

2083 4745 2244 4815 Legis
2276 4756 2435 4817 caput
2460 4747 2551 4812 46,
2578 4747 2669 4813 44,
2696 4747 2789 4803 47.

2087 4840 2210 4896 125.
2244 4838 2364 4896 Non
2393 4850 2648 4910 oportere
2694 4840 2747 4895 in
2787 4836 3061 4909 prohibito
3103 4839 3591 4910 consanguinitatis

2013 4935 2182 5002 gradu
2230 4932 2510 5002 illegitime
2543 4934 2944 4988 matrimonium
2974 4932 3312 4999 contrahere,
3347 4934 3583 5001 alioquin

2013 5035 2331 5095 segregatur
2362 5025 2590 5080 diversis
2620 5025 2796 5080 modis
2825 5041 2920 5095 pro
2948 5027 3164 5096 generis
3195 5025 3539 5095 proximitate
3566 5044 3584 5081 :

2013 5118 2149 5173 alius
2179 5112 2395 5185 quidem
2420 5118 2453 5171 7
2483 5133 2675 5184 annos;
2706 5117 2841 5172 alius
2861 5134 2986 5172 vero
3014 5120 3110 5183 l0;
3139 5119 3276 5171 alius
3307 5117 3411 5182 ης
3446 5117 3584 5172 alius

2014 5209 2102 5275 15,
2141 5211 2228 5268 ubi
2265 5209 2479 5263 scilicet
2507 5205 2655 5277 prius
2703 5208 2772 5262 ab
2815 5207 3001 5263 illicito
3047 5207 3295 5275 coniugio
3342 5219 3584 5261 recesse-

2015 5302 2145 5364 rint,
2176 5300 2362 5369 sicque
2391 5299 2626 5368 suscepti
2659 5283 2876 5353 fuerint.

2086 5393 2406 5446 Sanctorum
2437 5392 2799 5460 apostolorum
2832 5408 3003 5446 canon
3033 5391 3085 5458 9,
3115 5392 3207 5447 48.

2087 5483 2289 5556 Synodi
2319 5485 2651 5552 Gangreusis
2694 5501 2865 5542 canon
2895 5483 2988 5540 95.

2085 5571 2284 5652 Synodi
2317 5575 2549 5631 Nicanore
2578 5593 2749 5632 canon
2788 5578 2808 5630 l
2842 5585 2896 5632 et
2926 5555 3042 5633 2..Δ

2088 5670 2290 5741 Synodi
2321 5669 2389 5725 Vl
2418 5685 2594 5725 canon
2619 5670 2711 5736 55,
2738 5670 2829 5729 54.

2088 5763 2274 5818 Sancti
2316 5761 2496 5819 Basilii
2546 5779 2718 5820 canon
2762 5763 2857 5832 2'5,
2887 5763 2980 5834 67,
3023 5763 3113 5832 68,
3147 5764 3236 5832 75,
3282 5764 3372 5830 76,
3404 5765 3492 5830 78,
3517 5765 3586 5820 79

2014 5867 2064 5916 et
2099 5856 2186 5911 86.
3336 5867 3337 5870 ‘
