4060 6294
367 405 447 471 Ἦ)
1643 404 1954 465 ARISTE!‘

2059 401 2397 468 MONAClIl
3570 413 3641 477 76

375 530 744 597 distraxerint,
804 528 857 584 id
907 524 1201 582 invalidum
1250 524 1346 592 sit,
1388 539 1451 580 ac
1497 539 1663 595 pcncs
1715 525 1954 596 episcopi

2064 544 2225 592 σοιεν,
2259 529 2401 582 ἔστω
2432 527 2687 595 ἀϐέϐαια,
2720 529 2813 583 καὶ
2846 529 3057 600 μενέτω
3088 532 3153 601 τῇ
3186 531 3365 602 κρίσει
3396 530 3487 586 τοῦ
3517 535 3642 588 ἐπι-

370 621 629 692 judicimn
662 631 894 677 maneat.

448 716 533 769 tti.
582 714 683 781 Qui
726 725 921 770 contra
980 715 1245 769 rationem
1294 728 1490 769 venere
1544 712 1752 768 abusus-
1794 713 1958 767 tuerit

372 820 499 862 ante
547 808 734 879 viginti
794 822 1004 871 annos,
1056 806 1365 877 quindecim
1419 809 1579 863 annis
1628 795 1961 876 poenitentiae

373 900 698 970 subjiciatur
738 917 755 954 :
803 900 848 955 si
886 915 1013 955 vero
1044 901 1181 955 banc
1212 908 1431 953 aetatem
1467 900 1788 965 escesserit,
1820 916 1957 952 uxo-

375 1009 597 1061 remque
665 992 904 1060 habeat,
966 1007 1030 1048 ac
1095 1008 1257 1063 supra
1329 991 1721 1062 quinquaginta
1783 1007 1958 1048 annos

372 1096 533 1140 natus
596 1086 706 1153 sit,
761 1100 933 1157 usque
996 1086 1064 1140 ad
1129 1085 1338 1140 exitum
1402 1087 1525 1140 vitae
1585 1086 1957 1157 ptenitentiam

371 1191 515 1251 agat.

444 1274 535 1328 17.
570 1274 841 1343 Leprosus
885 1275 977 1342 qui
1012 1280 1201 1327 contra
1246 1272 1513 1328 rationem
1558 1281 1830 1334 versatus,
1870 1280 1959 1336 aut

372 1366 533 1427 ctiam
568 1368 718 1437 lepra
756 1366 993 1421 infectus
1032 1364 1220 1433 fuerit,
1256 1381 1379 1421 cum
1415 1366 1480 1421 iis
1511 1365 1604 1436 qui
1646 1382 1677 1420 a
1717 1366 1960 1420 daemone

374 1453 697 1512 infestantur
730 1467 873 1512 oret.

446 1549 537 1606 18.
568 1549 864 1621 Episcopus
892 1548 1243 1616 constitutus,
1272 1548 1318 1604 si
1348 1551 1412 1603 ab
1435 1547 1681 1604 Ecclesia
1706 1548 1772 1603 ad
1796 1563 1957 1617 quam

373 1654 597 1701 voratus
630 1651 714 1698 est
748 1658 857 1697 non
903 1642 1225 1711 recipiatur,
1262 1640 1357 1697 scd
1407 1641 1531 1697 aliis
1569 1640 1842 1711 episcopis
1875 1656 1962 1694 nc-

372 1738 575 1805 gotium
617 1733 878 1800 facessat,
936 1734 1464 1789 excommunicetur.
1500 1732 1555 1787 Si
1604 1742 1785 1786 autem
1836 1748 1960 1802 pre-

370 1826 605 1901 sbyteris
634 1824 985 1880 annumerari
1016 1824 1165 1889 velit,
1196 1833 1610 1878 annumeretur.
1646 1822 1706 1878 Si
1735 1837 1862 1876 vero
1892 1822 1961 1876 ab

370 1919 638 1992 episcopis
670 1918 760 1988 qui
795 1917 868 1972 ibi
912 1917 1116 1987 degunt
1163 1915 1446 1982 dissideat,
1478 1916 1638 1971 etiam
1677 1916 1954 1985 presbyte-

375 2026 531 2070 ratus
565 2015 775 2068 honore
808 2009 1129 2080 expellatur.

442 2104 534 2159 19.
593 2101 698 2168 Qui
750 2099 1116 2171 virginitatem
1168 2096 1450 2167 professus
1493 2107 1607 2163 est,
1662 2111 1727 2153 ac
1775 2107 1958 2151 votum

368 2198 587 2254 irritum
614 2194 773 2260 facit,
802 2191 1038 2248 triennio
1068 2193 1596 2247 excommunicetur.

439 2293 534 2346 20.
562 2286 816 2360 Virgines
844 2301 911 2341 ne
943 2282 1012 2339 a‘tl
1042 2284 1256 2354 aliquos
1281 2294 1540 2355 tanquam
1571 2285 1771 2340 fratres
1800 2300 1956 2339 acce-

368 2385 522 2438 dant.

444 2478 536 2531 ιιι.
573 2475 831 2529 Adultera
867 2480 920 2527 et
951 2472 1183 2537 adulter,
1223 2482 1429 2540 septem
1454 2486 1627 2527 annos
1646 2485 1958 2525 excommu-

368 2568 642 2624 niceutur.

440 2660 534 2715 22.
584 2657 897 2714 .‘lleretrices
956 2654 1355 2711 medicamenta
1412 2652 1708 2709 enecandis
1758 2651 1958 2707 fetibus

370 2752 740 2824 accipientes,
799 2751 986 2805 decem
1041 2763 1214 2803 annos
1264 2746 1602 2817 ptenitentia:
1656 2745 1955 2816 subiician-

369 2860 476 2904 tur.

435 2940 528 2996 25.
564 2937 920 2994 Voluntarius
958 2936 1255 3001 homicida,
1291 2932 1345 2988 in
1393 2934 1499 2989 line
1542 2932 1665 2987 vitae
1707 2944 1954 2985 commu-

368 3033 585 3087 ttionem
618 3039 1007 3098 consequatur.

437 3124 526 3181 24.
565 3122 972 3179 lnvoluntarius
1011 3120 1306 3187 homicida,
1352 3114 1732 3189 quinquennio
1775 3115 1953 3188 poeni-

370 3214 549 3271 tentia:
572 3212 916 3281 subjiciatur.

436 3301 529 3356 25.
554 3300 659 3366 Qui
681 3300 953 3355 vaticiniis
978 3299 1171 3363 utitur,
1199 3306 1365 3368 atque
1395 3296 1695 3352 introducit
1713 3296 1949 3368 aliquem

364 3396 420 3449 in
452 3396 643 3449 dumos
672 3392 994 3463 exquirendi
1027 3390 1297 3457 veneﬁcii,
1326 3400 1417 3445 aut
1451 3390 1791 3444 lustrationis
1824 3404 1951 3459 gra-

368 3486 470 3551 tia,
517 3482 890 3555 quinquennio
923 3483 1255 3553 pmnitentia:
1291 3481 1593 3552 subjacent.

435 3575 528 3632 26.
562 3574 791 3644 Quidam
824 3575 999 3645 puella
1032 3574 1379 3642 desponsata,
1411 3575 1585 3629 sorori
1614 3573 1733 3643 ejus
1759 3573 1950 3627 vitium

365 3670 567 3735 attulit,
621 3667 816 3723 deinde
860 3680 1115 3736 sponsam
1153 3666 1401 3735 accepit;
1455 3666 1625 3734 prima
1656 3665 1951 3733 suspendio

366 3762 530 3815 vitam
558 3759 726 3825 tiniit;
761 3760 795 3813 ii
818 3761 981 3813 etiam
1010 3757 1102 3827 qui
1126 3756 1255 3811 facti
1278 3757 1480 3812 conscii
1511 3767 1657 3825 sunt,
1685 3757 1951 3813 decennio

366 3852 701 3925 pmnitentise
724 3850 1113 3920 subjiciantur.

790 3942 991 4013 Synodi
1054 3941 1522 3998 Neocmart’emts.

440 4038 492 4093 ί.
548 4036 841 4107 Presbyter
883 4036 973 4104 qui
1029 4044 1254 4089 uxorem
1300 4034 1542 4101 duxerit,
1593 4036 1945 4109 deponatur:

363 4134 409 4187 si
461 4146 592 4187 vero
652 4140 926 4184 scortatus
971 4136 1065 4182 aut
1116 4126 1423 4183 moechatus
1478 4126 1671 4196 fuerit,
1714 4129 1947 4198 expella.

364 4232 474 4280 ων.

434 4318 490 4371 Ξ.
529 4316 725 4370 Mulier
760 4331 881 4385 qum
913 4314 1123 4372 duobus
1159 4315 1418 4370 fratribus
1448 4315 1712 4386 nupserit,
1746 4332 1839 4385 per
1870 4325 1948 4371 to-

365 4422 474 4467 tam
529 4409 695 4464 vitam
750 4408 1055 4479 expellatur
1111 4426 1125 4463 :
1189 4410 1233 4464 si
1290 4423 1417 4463 vero
1476 4409 1636 4462 morti
1700 4409 1945 4478 proxima

364 4502 581 4570 nuptias
616 4501 891 4569 repudiet,
918 4500 1295 4569 paenitentiam
1321 4509 1685 4570 consequetur
1710 4518 1724 4555 ι
1748 4501 1796 4554 si
1821 4516 1947 4555 vero

362 4592 589 4655 obierit,
622 4592 909 4660 superstiti
939 4592 1055 4645 viro
1093 4592 1409 4661 pessimum.

434 4685 489 4739 3.
522 4681 719 4737 Eorum
745 4683 835 4751 qui
866 4682 1037 4736 multa
1067 4682 1411 4736 matrimonia
1434 4682 1783 4748 contrahunt,
1814 4692 1951 4738 teut-

363 4792 463 4848 pus
510 4783 719 4832 certum
770 4784 854 4829 est
905 4788 921 4827 :
973 4774 1307 4844 paenitentiae
1359 4790 1488 4829 vero
1536 4775 1773 4829 Studium
1816 4774 1947 4829 illud

360 4870 627 4940 praecidit.

432 4962 485 5015 4.
523 4960 992 5028 Concupiscentia:
1031 4957 1413 5014 fornicationis
1443 4973 1607 5028 opera
1639 4963 1949 5029 praeceden-

365 5063 445 5107 tes
473 5052 518 5106 si
556 5052 946 5120 impediantur,
984 5064 1090 5104 non
1135 5050 1255 5104 sine
1306 5048 1488 5103 divino
1530 5049 1731 5103 auxilio
1779 5050 1949 5120 impe—

363 5144 605 5199 diuntur.

437 5237 492 5291 5.
546 5236 651 5303 Qui
699 5239 823 5290 dum
879 5233 1001 5288 ﬁdei
1059 5234 1335 5305 mysteriis
1384 5233 1687 5289 instituitur
1735 5244 1988 5303 peccat,,

363 5331 549 5384 audiat
583 5344 688 5383 non
730 5343 964 5400 peccans
1016 5345 1029 5382 :
1078 5330 1125 5381 si
1172 5336 1351 5380 autem
1396 5325 1573 5383 adhuc
1619 5336 1946 5397 perseveret,

366 5423 581 5492 penitus
614 5422 888 5492 ejiciatur.

438 5513 493 5567 6.
550 5514 841 5585 Prmgnans
899 5514 1330 5583 quandocuuque
1387 5510 1503 5566 vult
1564 5510 1869 5581 baptizatur
1930 5528 1945 5565 :

367 5607 799 5677 uniuscujusque
832 5608 976 5662 enim
1013 5605 1269 5659 voluntas
1294 5604 1589 5672 iudicatur.

436 5701 491 5757 7.
546 5700 835 5770 Presbyter
879 5718 984 5755 non
1034 5700 1194 5755 debet
1239 5698 1503 5753 interesse
1550 5698 1800 5755 convivio
1829 5696 1948 5767 ejus

364 5795 455 5864 qui
483 5797 749 5849 secundas
770 5795 981 5863 nuptias
1008 5793 1248 5847 celebrat
1275 5792 1580 5861 :quomodo
1602 5791 1743 5847 enim
1770 5790 1945 5861 ipsum

368 5889 525 5942 venia
551 5887 771 5949 dignum
802 5887 1087 5949 iudicabis.

2063 620 2286 674 σκόπου.

2132 711 2251 776 ις’.
2293 713 2351 769 ’0
2396 716 2831 785 ἁλογευσάμενος
2879 718 2986 787 πρὸ
3028 716 3136 771 τῶν
3179 717 3356 771 εἴκοσι
3396 719 3640 789 χρόνων,

2061 810 2454 864 πεντεκαίδεκα
2485 812 2663 863 ἔτεσιν
2689 811 3043 863 ὑποπιπτέτω
3066 827 3079 840 ·
3110 812 3158 863 εί
3189 810 3246 865 δὲ
3278 812 3372 864 καὶ
3398 812 3497 883 τὴν
3522 813 3643 884 ἡλι-

2061 902 2186 953 κίαν
2214 901 2421 971 ταύτην
2453 902 2697 973 ὑπερϐὰς
2719 944 2733 965 ,
2768 903 2862 954 καὶ
2900 905 3132 969 γυναῖκα
3166 902 3337 972 ἔχων,
3371 903 3467 955 καὶ
3501 902 3643 974 ὑπὲρ

2058 993 2128 1043 τὰ
2157 988 2199 1047 ν’
2221 992 2390 1047 τελῶν
2420 992 2537 1064 ἐτη,
2573 993 2701 1066 ἄχρι
2729 994 2827 1064 τῆς
2857 991 3038 1057 ἐξόδου
3074 992 3449 1046 ὑποπιπτέτω.

2137 1259 2222 1323 ιζ’.
2261 1261 2320 1315 '0
2361 1260 2560 1329 λεπρὸς
2602 1259 3062 1329 άλογευσάμένος,
3105 1260 3140 1332 ἦ
3183 1259 3277 1311 καὶ
3318 1258 3640 1326 λεπρωθεὶς,

2060 1358 2168 1417 τοῖς
2203 1354 2625 1423 χειμαζομένοις
2657 1350 2991 1422 συνεύχοιτο.

2136 1528 2228 1599 ιη’.
2268 1528 2330 1584 'O
2363 1529 2659 1590 ἐπίσκοπος
2688 1527 2991 1592 καταστὰς,
3022 1528 3069 1580 εἰ
3105 1528 3165 1581 οὐ
3206 1528 3427 1598 δέχεται
3488 1530 3644 1599 παρὰ

2062 1622 2159 1688 τῆς
2191 1621 2484 1691 παροικίας
2517 1623 2596 1684 είς
2628 1622 2695 1691 ἣν
2726 1619 2956 1691 ἐκλήθη,
2981 1619 3098 1672 ἀλλ’
3164 1621 3378 1691 ἑτέροις
3429 1622 3648 1674 ἐπισκόι

2061 1732 2187 1778 ποις
2208 1715 2437 1786 ἐνοχλεῖ,
2469 1713 2843 1786 ἁφοριζέσθω.
2870 1714 2933 1766 Et
2987 1712 3045 1766 δὲ
3096 1714 3210 1776 tot;
3246 1715 3643 1786 πρεσϐυτέροις

2066 1809 2241 1863 ἐθέλοι
2278 1806 2758 1878 συναριθμεῖσθαι,
2791 1804 3198 1876 συναριθμοῖτο.
3232 1806 3295 1859 Εί
3326 1807 3382 1859 δὲ
3409 1808 3503 1860 καὶ
3534 1810 3646 1870 τοῖς

2064 1903 2183 1953 ἐκεῖ
2210 1899 2533 1962 ἐπισκόποις
2569 1896 2970 1963 διαστασιάξοι,
3004 1896 3336 1951 ἀπωθείσθω
3401 1899 3497 1952 καὶ
3545 1898 3643 1967 τῆς

2061 1990 2158 2045 τοῦ
2184 1990 2565 2063 πρεσϐυτέρου
2587 1993 2775 2061 τιμῆς.

2137 2082 2224 2138 ιϐ’.
2282 2083 2339 2138 '0
2368 2085 2847 2155 ἐπαγγειλάμενος
2871 2086 3203 2158 παρθενίαν,
3252 2087 3345 2139 καὶ
3408 2084 3645 2153 ἀθετῶν,

2060 2177 2306 2247 τριετίαν
2339 2177 2711 2247 άφοριζέσθω.

2130 2265 2201 2323 κ’.
2254 2270 2321 2323 Δί
2368 2267 2635 2339 παρθένοι
2694 2270 2771 2335 ὼς
2821 2270 3075 2341 ἀδελφοῖς
3135 2288 3250 2325 τισι
3326 2272 3404 2343 μὴ
3474 2290 3646 2346 προσ·

2062 2364 2281 2418 ίτωσαν.

2131 2459 2239 2508 καν.
2291 2453 2355 2507 Ἥ
2399 2455 2673 2526 μοιχαλὶς.
2732 2458 2827 2512 καὶ
2882 2458 2910 2510 ὁ
2952 2458 3142 2529 μοιχὸς
3186 2459 3481 2514 ἑπταετίαν
3540 2460 3645 2527 ἀτρ-

2056 2548 2445 2621 οριζέσθωσαν.

2131 2640 2236 2711 κβ¹.
2268 2643 2333 2697 Αἰ
2392 2644 2591 2715 πόρναι
2640 2644 3023 2715 λαμϐάνουσαι
3083 2643 3306 2716 φθόρια,
3360 2641 3643 2698 δεκαετίαν

2059 2735 2546 2794 ὐποπιπτέτωσαν.

2129 2922 2236 2990 κγ’.
2268 2922 2328 2975 '0
2354 2922 2680 2993 αὐθαίρετος
2711 2921 3065 2995 ἀνδροφόνος,
3096 2920 3157 2976 ὲν
3221 2919 3299 2993 τῷ
3346 2919 3493 2974 τέλει
3551 2918 3644 2973 τοῦ

2058 3016 2176 3087 βίου
2206 3014 2549 3085 τυγχανέτω.

2128 3109 2227 3163 κδ’.
2298 3108 2358 3161 '0
2409 3110 2667 3174 ἀκούσιος
2711 3107 2996 3180 φονευτὴς,
3064 3106 3394 3163 πενταετίαν
3442 3108 3644 3161 ὑποπι-

1977 3244 2022 3303 c
2058 3203 2259 3303 πτέτω.

2130 3302 2231 3352 κε’.
2248 3295 2307 3351 Ὀ
2338 3297 2911 3369 καταμαντευόμενος,
2944 3297 3040 3352 καὶ
3067 3298 3095 3351 ὁ
3119 3295 3356 3366 εἰσάγων
3377 3294 3501 3352 τινὰ
3533 3296 3642 3359 τοῖς

2058 3390 2229 3453 οῐκοις
2256 3391 2349 3444 ἐπὶ
2374 3391 2664 3463 ἁνευρέσει
2688 3389 3069 3462 φαρμακείας,
3112 3389 3148 3461 ἢ
3179 3390 3474 3461 καθάρσει,
3512 3406 3645 3443 πονο

2057 3485 2280 3537 ταετίαν
2312 3484 2695 3541 ὑποπιπτέτω.

2131 3583 2247 3642 κς¹,
2287 3577 2476 3650 Κόρην
2508 3592 2595 3639 τις
2634 3574 3125 3647 μνηστευσάμενος
3183 3574 3548 3646 προσιφθάρη
3572 3575 3642 3644 τῇ

2057 3669 2266 3742 ἀδελφῇ
2306 3671 2503 3740 αὐτῆς,
2541 3664 2659 3723 εἶτα
2690 3669 2793 3739 τὴν
2832 3669 3083 3741 μνηστὴν
3115 3667 3311 3722 ἔλαϐεν
3332 3684 3347 3700 ’
3385 3670 3418 3738 ἡ
3449 3666 3641 3738 πρώτη

2057 3763 2346 3835 ἀπήγξατο
2370 3779 2386 3795 ·
2441 3762 2538 3817 καὶ
2590 3762 2641 3815 oi
2678 3762 2982 3827 συνειδότες
3016 3762 3302 3816 δεκαετίαν
3336 3760 3647 3815 ὑποπιπτέο
3740 3791 3747 3796 -

2058 3873 2261 3911 τωσαν.
2288 3903 2295 3911 .

2487 3946 2611 4004 Τῶν
2636 3950 2705 4005 ἐν
2723 3951 3179 4019 Νεοκαισαρείᾳ.

2128 4046 2198 4095 α’.
2222 4040 2414 4112 ι’ἦμας
2442 4040 2839 4113 πρεσὸύτερος,
2884 4039 3235 4096 ὰποτιθέσθω
3258 4054 3275 4072 ο
3329 4038 3649 4106 ἐξωθείσθω

2056 4132 2116 4187 δὶ
2142 4131 2467 4203 πορνεύσας,
2502 4132 2537 4205 ἢ
2574 4132 2891 4204 μοιχεύσας.

2130 4314 2196 4384 β’.
2235 4314 2302 4366 Ἡ
2331 4312 2585 4383 ἀδελφοῖς
2632 4312 2931 4386 γημαμένη
2984 4312 3212 4379 δισσοῖς,
3247 4310 3337 4366 διὰ
3387 4310 3506 4383 βίου
3547 4309 3639 4377 ἐξ·

2055 4406 2299 4459 ωθείσθω
2322 4422 2337 4437 ο
2365 4408 2412 4458 εἰ
2438 4406 2496 4459 δὲ
2523 4406 2663 4459 κατὰ
2695 4407 2785 4459 τὸν
2810 4405 3038 4460 θάνατον
3074 4407 3292 4475 ἀρνοῖτο
3313 4403 3404 4458 τὸν
3436 4404 3638 4472 γάμον,

2058 4498 2168 4561 ἕξοι
2201 4496 2513 4568 μετάνοιαν.
2551 4498 2615 4551 Εἰ
2650 4498 2708 4551 δὲ
2742 4496 3083 4569 τελευτήσοι,
3120 4497 3196 4569 τῷ
3229 4498 3477 4570 μείναντι
3534 4497 3638 4552 xit-
3686 4509 3693 4514 ‘

1981 4614 2023 4668 υ
2056 4606 2265 4646 κιστον.

2127 4680 2193 4753 γ’.
2215 4683 2337 4737 Τῶν
2368 4683 2705 4755 πολυγάμων
2734 4686 2761 4739 ὁ
2788 4684 2980 4754 χρόνος
3014 4686 3191 4757 σαφής
3228 4701 3242 4714 ·
3311 4684 3373 4739 τὸ
3423 4684 3481 4739 δὲ
3534 4684 3635 4757 τῆς

2054 4778 2347 4849 μετανοίας
2380 4779 2695 4845 σπουδαῖον,
2731 4778 2894 4831 αὑτὸν
2922 4777 3315 4849 ὑποτέμνεται.

2121 4958 2197 5012 δ’-
2222 4957 2290 5011 Ai
2326 4956 2435 5029 πρὸ
2460 4957 2571 5011 τῶν
2599 4957 2878 5028 πορνικιῖΝ
2913 4958 3094 5028 ἔργων
3123 4956 3415 5028 ἐπιθυμίαι
3455 4958 3513 5011 εί
3536 4957 3635 5028 ἐμ-

2050 5052 2386 5120 ποδίζονται,
2414 5054 2517 5108 οὐκ
2550 5052 2677 5108 ὰθεῖ
2706 5055 3112 5124 ἐμποδίζονται.

2120 5243 2183 5291 ε’.
2218 5234 2284 5293 ’0
2313 5235 2372 5291 ἐν
2394 5233 2471 5306 τῷ
2532 5233 2894 5305 κατηχεῐσθαι
2944 5234 3277 5305 ἁμαρτάνων
3340 5236 3634 5309 ἀκροάσθω

2053 5330 2129 5402 μὴ
2156 5319 2494 5401 ἁμαρτάνων
2523 5344 2539 5359 ’
2568 5330 2618 5382 εί
2665 5326 2707 5382 ἅ
2737 5330 2822 5381 ἐτι
2909 5328 3193 5401 ἑπιμείνῃ,
3252 5330 3439 5385 τέλεον
3476 5331 3631 5384 ἀπωο

2051 5422 2277 5476 θείσθω.

2121 5515 2198 5581 ς’.
2241 5513 2308 5569 Ἦ
2336 5513 2683 5586 κυοφοροῦσα
2708 5515 2798 5566 ὅτε
2828 5513 2971 5567 θέλει
3000 5512 3361 5583 βαπτίζεται*
3390 5514 3641 5571 ἑκάστου.

2046 5610 2159 5681 γὰρ
2179 5610 2214 5681 ὴ
2245 5609 2572 5681 προαίρεσις
2604 5608 2874 5680 κρίνεται.

2123 5703 2326 5775 ζ.οὒχ
2342 5704 2589 5757 ὲστιάται
2651 5702 3027 5773 πρεσϐύτερος
3060 5702 3154 5758 ἐπὶ
3197 5701 3412 5775 διγάμῳ
3438 5717 3453 5734 ·
3512 5699 3643 5765 πῶς.

2053 5798 2162 5868 γὰρ
2185 5796 2350 5851 αὐτὸν
2380 5793 2639 5863 ἁξιῶσοις
2672 5792 3026 5866 σηγνὼμης.
