4060 6294
332 393 406 457 Ἠ

1588 382 1945 444 SYNOPSIS
1984 379 2377 441 CANONUM.
3537 369 3610 436 78

409 522 480 583 η’.
529 514 589 566 ’0
638 509 826 573 iam;
865 501 925 560 οὗ
960 509 990 576 ἡ
1021 506 1158 575 γυνὴ
1210 501 1593 572 μεμοίχευται,
1652 500 1714 551 οὐ
1781 498 1919 566 κληο

2101 498 2153 552 8.
2203 497 2400 550 Laicus
2444 493 2597 563 cujus
2644 507 2779 548 uxor
2812 492 3138 546 adulterium
3171 490 3465 552 commisit.
3498 507 3608 548 non
3669 476 3672 478 Ὺ

339 607 538 681 ροῦται
568 620 582 634 ·
611 605 752 658 καὶὸ
778 604 835 654 ἐν
876 600 1084 670 κλήρῳ,
1119 599 1166 650 εί
1205 595 1344 666 μετὰ
1380 596 1476 664 τὴν
1511 593 1759 664 μοιχείαν
1788 607 1922 644 κατ-

338 705 455 774 έχει
485 698 680 769 αὐτὴν,
716 695 1059 749 ἐκδιώκεται.

415 793 480 846 θ’.
525 789 659 842 Ἐὰν
687 784 1004 856 ὁμολογήσῃ
1054 780 1426 853 πρεσϐύτερος
1450 780 1534 832 ὅτι
1577 777 1814 848 ἥμαρτε,
1850 771 1926 842 μὴ

345 879 712 952 προσφερέτω
739 877 902 946 μόνον
924 890 936 901 ·
959 874 1083 927 τινὰ
1117 873 1224 942 γὰρ
1253 873 1363 924 τῶν
1422 866 1840 939 ἁμαρτημάτων
1871 864 1927 916 αἱ

342 972 676 1047 χειροτονίαι
732 970 984 1039 ἀφιᾶσιν.
1053 967 1116 1020 Ei
1175 967 1232 1019 δὲ
1283 965 1359 1036 μὴ
1414 962 1731 1032 ὁμολογοίη,
1800 957 1929 1029 μήτ’

345 1066 647 1134 ἐλέγχοιτο,
682 1061 849 1125 αὐτὸς
876 1059 1051 1132 ἐχέτω
1080 1059 1181 1129 τὴν
1218 1057 1497 1125 ἐξουσίαν.

419 1156 472 1213 ι’.
507 1157 623 1212 Καὶ
647 1153 899 1218 διάκονος
947 1151 1026 1224 τῷ
1077 1151 1228 1222 αὑτῴ
1281 1149 1592 1221 συσχεθεὶς,
1648 1144 1932 1218 ὑπηρέτης

345 1251 576 1319 μενέτω.
601 1244 616 1258 ⁸

419 1350 510 1399 ια’.
544 1342 608 1396 Εἰ
641 1340 718 1412 μὴ
738 1336 1171 1411 τριακοπαέτης
1213 1337 1288 1408 μὴ
1341 1334 1577 1405 γινέσθω
1629 1331 1935 1402 πρεσϐύτε-

346 1453 463 1506 ρος.
486 1436 596 1489 κᾶν
696 1433 1001 1500 ἀξιόλογος,
1033 1430 1175 1502 ἔχων
1203 1430 1512 1498 ὑπόδειγμα
1535 1427 1594 1480 τὸ
1620 1425 1715 1480 τοῦ
1744 1423 1934 1487 Σωτῆ-

345 1540 443 1594 ρος
459 1521 745 1592 φώτισμα.

423 1613 512 1686 ιβ’.
563 1616 626 1669 Ὀ
659 1613 748 1667 διὰ
795 1613 950 1666 νόσον
990 1611 1334 1684 βαπτισθεὶς,
1379 1609 1453 1683 μὴ
1504 1611 1738 1680 γινέσθω
1799 1625 1936 1679 πρε·

351 1710 653 1776 σϐύτερος*
684 1710 734 1761 εί
775 1706 852 1778 μὴ
902 1706 988 1759 διὰ
1031 1704 1121 1758 τὸν
1169 1703 1295 1774 ἐξῆς
1353 1703 1565 1772 ἀγῶνα,
1613 1703 1708 1756 καὶ
1740 1702 1938 1756 σπάνιν

353 1801 455 1856 ἀνθ
461 1803 690 1872 ρώπων.

339 1961 351 1964 _
429 1885 521 1963 ιγ’.
568 1891 899 1966 Ἐπιχώριος
936 1891 1312 1963 πρεσϐύτερος
1344 1892 1423 1953 εἰς
1466 1890 1591 1943 ναὸν
1634 1889 1843 1950 πόλεως
1875 1889 1937 1941 οὺ

345 1989 647 2061 προσάγει,
679 1989 728 2042 εί
757 1986 830 2059 μὴ
866 1989 1097 2042 ἄπεστιν
1128 1985 1500 2048 ὁέπίσκοπος,
1550 1984 1646 2036 καὶ
1692 1982 1750 2034 τὸ
1809 1999 1943 2051 πρεκ

353 2081 650 2153 σϐυτέριον
674 2080 800 2134 ὅλον
823 2095 838 2109 ⁸
876 2079 970 2134 ἐὰν
1005 2080 1060 2132 δὲ
1091 2078 1302 2145 ὰπῶσι,
1353 2077 1449 2131 καὶ
1483 2076 1722 2140 καλοῖτο,
1769 2092 1942 2145 προσ-

345 2181 499 2242 ἁγιι.

426 2271 511 2323 ιδ’.
546 2268 609 2321 Οί
640 2264 1066 2337 χωρεπίσκοποι
1124 2263 1199 2326 ὡς
1242 2261 1652 2330 συλλειτουργοὶ
1702 2257 1941 2328 προσφέ-

352 2377 538 2430 ρουσι,
563 2359 672 2412 τῶν
695 2360 1071 2430 ἐϐδομήκοντα
1103 2359 1192 2410 τὸν
1222 2357 1393 2410 τύπον
1420 2356 1730 2424 ἐπέχοντες.

423 2451 508 2510 ιε’.
547 2451 718 2506 Ἑπτὰ
747 2452 1007 2516 διάκονοι,
1068 2449 1209 2505 κατὰ
1267 2449 1365 2512 τὰς
1404 2449 1661 2518 Πράξεις,
1721 2449 1814 2501 καὶ
1869 2448 1949 2510 είς

353 2545 726 2620 μεγαλόπολιν
754 2546 1019 2602 εστωσαν.

889 2639 1014 2695 Τῶν
1039 2641 1109 2694 ἐν
1136 2643 1187 2695 Γ
1189 2639 1403 2710 άγῃοᾳ.

428 2734 500 2790 α’.
539 2734 632 2806 Τῷ
661 2731 949 2789 άθετοῢντι
997 2733 1091 2786 τὸν
1114 2733 1352 2802 νόμιμον
1385 2731 1590 2801 γάμον,
1623 2727 1817 2798 καὶτῷ
1847 2747 1944 2783 κα·

353 2829 677 2899 τακρίνοντι
701 2828 794 2881 τὸν
821 2826 1281 2898 κρεωφαγοῦντα,
1319 2825 1441 2894 δίχα
1470 2821 1697 2877 πνικτοῦ
1747 2823 1842 2875 καὶ⁵
1875 2828 1953 2875 εἰ·-

350 2921 523 2976 δωλοθ
533 2921 684 2986 ύτου,
725 2920 998 2990 ἀνάθεμα.

432 3011 497 3079 β’.
523 3010 616 3080 Τῷ
642 3009 888 3063 πείθοντι
912 3011 1003 3061 τὸν
1020 3007 1208 3062 δοῦλον
1250 3008 1559 3078 ἀναχωρεῖν
1614 3005 1708 3058 τοῦ
1753 3006 1954 3059 δεσπό-

353 3123 453 3158 του
483 3102 802 3165 θεοσεϐείας
829 3103 1130 3173 προφάσει.
1164 3104 1259 3155 καὶ
1302 3101 1381 3172 τῷ
1406 3100 1812 3172 διακρινομένῳ
1854 3119 1952 3170 με-

2035 593 2326 645 ascribitur
2362 591 2414 644 in
2463 588 2668 644 clerum

2029 686 2075 738 si
2107 692 2233 753 post
2262 680 2586 736 adulterium
2622 679 2816 733 retinet
2848 679 3044 748 ipsam,
3066 678 3377 749 espellitur.

2724 605 2738 642 :
2791 596 2846 640 ct
2893 586 2985 656 qui
3035 587 3088 640 itt
3139 585 3285 640 clero
3335 597 3608 652 versatur,

2103 773 2158 828 9.
2197 773 2253 827 Si
2290 772 2576 827 confessus
2623 769 2786 824 fuerit
2831 770 3112 841 presbyter
3147 786 3206 825 se
3232 786 3508 840 peccasse,
3545 771 3613 825 ab

2032 867 2307 922 oblatione
2338 874 2546 919 tantum
2574 864 2845 916 abstineat
2878 879 2892 917 :
2925 864 3172 933 quaedam
3200 865 3341 917 enim
3388 875 3612 934 peccata

2032 957 2253 1010 ordines
2290 955 2592 1011 remittunt.
2631 953 2688 1009 Si
2727 969 2855 1008 vero
2902 970 3010 1009 non
3053 954 3398 1020 conﬁteatur,
3442 972 3618 1027 neque

2035 1049 2412 1111 Convincatur,
2448 1047 2562 1117 ipse
2595 1044 2680 1100 sui
2714 1055 3034 1114 potestatem
3065 1047 3283 1101 habeat.

2108 1138 2196 1194 10.
2243 1139 2516 1192 Diaconos
2569 1137 2733 1193 etiam
2783 1139 2971 1193 eodem
3023 1138 3254 1193 crimine
3297 1140 3617 1205 obstrictus,

2039 1234 2287 1287 tuiniSter
2319 1240 2554 1286 maneat.

2112 1327 2199 1380 11.
2241 1326 2320 1380 Nc
2370 1326 2464 1378 ﬁat
2516 1326 2800 1396 presbyter
2851 1325 2955 1379 nisi
3024 1325 3359 1381 tricesimum
3416 1343 3619 1382 annum

2039 1434 2224 1489 agens,
2253 1419 2466 1473 etiamsi
2501 1421 2693 1489 dignus
2719 1420 2810 1485 sit,
2842 1420 3147 1488 exemplum
3184 1421 3390 1476 habens
3423 1420 3624 1476 Serva-

2042 1514 2173 1567 toris
2202 1512 2487 1580 baptisma.

2116 1605 2202 1658 12.
2231 1604 2461 1673 Propter
2487 1609 2736 1662 morbum
2764 1605 3066 1674 baptizatus
3095 1622 3160 1661 ne
3184 1609 3275 1662 ﬁat
3307 1611 3615 1682 presbyter;

2042 1695 2146 1751 nisi
2179 1699 2247 1750 ob
2279 1709 2554 1752 certamen
2587 1699 2729 1768 quod
2757 1706 2944 1766 postea
2973 1700 3222 1768 subierit,
3257 1712 3421 1772 atque
3451 1706 3626 1758 homi-

2043 1804 2170 1842 num
2203 1790 2506 1844 raritatem.

2117 1880 2205 1934 15.
2245 1880 2537 1952 Presbyter
2573 1883 2680 1937 ruri
2722 1885 2921 1953 degens
2970 1885 3021 1938 in
3071 1886 3224 1941 urbis
3272 1886 3470 1956 templo
3518 1903 3624 1940 non

2045 1972 2228 2036 oﬂ'ert,
2284 1973 2387 2027 nisi
2442 1975 2582 2029 alsit
2638 1975 2929 2046 episcopus
2983 1987 3236 2045 totusque
3282 1981 3630 2050 presbytero-

2045 2081 2164 2118 rum
2220 2073 2395 2121 tmtus
2457 2084 2470 2120 :
2529 2066 2576 2120 si
2632 2077 2812 2122 autem
2859 2069 3076 2134 absint,
3132 2081 3186 2124 et
3235 2082 3493 2136 VUtCillt‘,
3551 2071 3631 2127 of-

2045 2158 2171 2213 fert.

2122 2253 2211 2305 H.
2246 2253 2630 2325 Chorcpiscopi
2674 2265 2928 2325 tanquam
2971 2255 3330 2311 comministt'i
3376 2257 3632 2328 oﬂerunt,

2051 2361 2174 2399 cum
2204 2348 2546 2418 septuaginta
2582 2348 2872 2416 imaginem
2908 2348 3169 2402 referant.

2127 2439 2194 2492 l5
2239 2445 2455 2508 Septem
2487 2440 2722 2503 diaconi,
2754 2442 3052 2496 secundum
3081 2442 3214 2499 Acta
3243 2447 3632 2516 apostolorum,

2053 2533 2215 2585 etiam
2252 2531 2305 2585 in
2339 2548 2532 2603 magna
2568 2534 2701 2589 urbe
2722 2535 2854 2589 sint.

2537 2640 2762 2697 Concilii
2819 2641 3164 2714 Gangrensis.

2133 2735 2182 2787 1.
2230 2733 2561 2803 Improbanli
2613 2735 2909 2805 legitimum
2958 2740 3384 2806 tuatrimOnintu,
3428 2750 3482 2795 et
3511 2756 3642 2799 cou-

2059 2826 2333 2880 demnauti
2383 2843 2577 2881 carnes
2625 2828 3064 2895 manducantem,
3101 2829 3306 2901 absque
3353 2828 3637 2906 Sullocato,

2061 2928 2224 2988 atque
2256 2919 2415 2974 idolis
2449 2919 2746 2986 immolato,
2780 2923 3091 2977 anathema.
3181 2953 3190 2961 -

2134 3011 2187 3064 2.
2239 3011 2298 3066 Ei
2346 3012 2435 3082 qui
2485 3027 2645 3068 servo
2695 3015 2987 3083 persuadet
3020 3028 3078 3070 ut.
3108 3027 3138 3070 a
3176 3016 3394 3074 domino
3427 3025 3643 3078 recedat

2063 3103 2280 3173 pictatis
2299 3112 2583 3173 prtctextu,
2609 3116 2770 3175 atque
2787 3107 2836 3161 ei
2857 3108 2946 3176 qui
2965 3103 3184 3162 'duhitat
3204 3116 3640 3171 communionem

357 3195 739 3267 ταλαμϐἀνειν
767 3193 904 3265 ἀπὸ,
953 3191 1349 3264 πρεσϐυτέρων
1401 3191 1779 3261 ὑπο-γυναίων,
1821 3193 1951 3247 ἀνά-

2064 3211 2090 3248 a
2147 3195 2485 3266 presbyteris
2529 3198 2882 3253 matrimonio
2933 3198 3139 3269 junctis
3189 3207 3464 3275 accipere,
3514 3226 3643 3266 anas

358 3289 528 3358 θεμα.

437 3381 507 3450 γ’.
549 3381 610 3434 '0
636 3380 730 3434 τὸν
760 3379 907 3433 θεῖον
935 3372 1087 3433 οἶκον
1118 3376 1608 3448 εὐκαταφρόνητον
1646 3377 1954 3446 ὀνομάζων,

360 3474 464 3528 καὶ
489 3475 519 3525 ὁ
551 3471 937 3542 ἐκκλησιάζων
972 3470 1101 3542 ἰδίᾳ,
1141 3470 1239 3523 καὶ
1267 3469 1416 3540 παρά
1461 3468 1688 3541 γνώμην
1738 3467 1959 3523 ἐπισκόο

357 3568 530 3639 πουῆ
569 3567 943 3638 πρεσϐυτέρου
995 3567 1064 3620 τὰ.
1111 3567 1210 3638 τῆς
1271 3565 1568 3635 ἐκκλησίας
1614 3565 1807 3632 τελῶν,
1862 3567 1951 3636 εἴη

360 3660 641 3729 ἀνάθεμα.

439 3753 501 3806 δ’.
543 3753 606 3806 '0
664 3751 846 3815 διδοὺς
897 3761 932 3822 η
987 3764 1016 3805 ο
1071 3751 1370 3822 λαμϐάνων
1409 3761 1790 3826 καρποφοριας
1853 3751 1958 3818 ἔξω

358 3845 464 3913 τῆς
519 3842 822 3915 ἐκκλησίας
865 3843 959 3896 καὶ
1018 3844 1172 3914 παρὰ
1252 3842 1474 3915 γνώμην
1543 3844 1851 3898 ἐπισκόπου
1922 3843 1958 3914 ἦ

364 3936 774 4008 πρεσϐυτέρου,
831 3937 924 3990 καὶ
969 3937 998 3989 ὁ
1030 3937 1106 4009 μὴ
1136 3937 1227 3991 διὰ
1264 3937 1326 3991 τὸ
1361 3938 1527 3991 καλὸν
1578 3937 1957 4009 παρθενεύων,

369 4027 511 4082 ἀλλὰ
535 4028 627 4081 διὰ
658 4028 717 4081 τὺ
749 4028 840 4080 τὸν
887 4028 1067 4097 γάμον
1108 4027 1528 4099 βδελύσσεσθαι,
1561 4028 1594 4099 ἢ
1621 4029 1716 4081 καὶ
1752 4045 1961 4082 κατεπ-

368 4121 628 4194 αίρεσθαι
651 4122 758 4175 τῶν
797 4121 1143 4193 γαμούντων,
1168 4121 1254 4192 εἴη
1285 4119 1556 4193 ἀνάθεμα.

446 4308 508 4358 ἐ.
573 4305 619 4357 0
648 4303 779 4368 τοὺς
803 4302 1114 4367 καλοῦντας
1161 4304 1240 4367 εἰς
1289 4301 1512 4372 ἀγάπας
1561 4302 1795 4368 ἀθετῶν,
1871 4303 1965 4358 καὶ

369 4399 587 4463 τούτοις
608 4399 671 4452 οὑ
704 4398 989 4454 κοινωνῶν
1017 4398 1397 4470 κεκλημένος,
1452 4399 1546 4452 καὶ
1601 4399 1631 4452 ὁ
1689 4395 1967 4468 φαυλίζων

372 4497 502 4559 τοὺς
529 4494 838 4566 φοροῦντας
870 4495 999 4558 τοὺς
1049 4493 1295 4564 βήρους,
1361 4495 1456 4548 καὶ
1515 4494 1638 4547 ὅσαι
1705 4496 1964 4562 γυναῖκες

2062 3290 2268 3342 thema.

2134 3382 2188 3434 '5.
2225 3381 2324 3446 Qui
2356 3382 2447 3436 Dei
2480 3382 2702 3437 domum
2739 3389 3199 3458 contemptibilem
3240 3407 3361 3448 esse
3400 3395 3553 3463 dicit,
3590 3403 3646 3452 ct

2063 3470 2155 3540 qui
2204 3472 2458 3541 privatim
2517 3474 2927 3532 ecclesiasticos
2967 3487 3272 3537 conrentus
3325 3485 3523 3554 habet,
3583 3505 3643 3542 ac

2065 3571 2260 3631 praeter
2287 3563 2533 3632 episcopi
2566 3576 2657 3619 aut
2689 3569 2994 3640 presbyteri
3026 3575 3351 3630 sententiam
3392 3578 3644 3635 Ecclesia:

2064 3657 2244 3711 munia
2273 3655 2406 3721 obit,
2439 3656 2509 3710 sit
2538 3657 2848 3715 anathema.

2135 3748 2188 3803 4.
2219 3745 2478 3816 Quisquis
2514 3749 2605 3803 dat
2647 3761 2740 3804 aut
2785 3753 2982 3824 accipit
3033 3757 3307 3814 fructuum
3342 3763 3644 3822 oblationet

2063 3851 2215 3896 extra
2252 3839 2559 3908 ecclesiam,
2590 3857 2652 3896 ac
2683 3854 2882 3914 praater
2910 3853 3236 3906 sententiam
3279 3856 3517 3927 episcopi
3553 3873 3647 3913 aut

2063 3933 2364 4004 presbyteri
2399 3951 2414 3999 ;
2454 3934 2580 3988 item
2610 3935 2698 4004 qui
2736 3953 2840 3992 non
2891 3940 3197 3998 honestatis
3227 3961 3392 4001 causa
3426 3951 3646 4015 virgini-

2067 4034 2227 4080 tatem
2256 4030 2403 4093 colit,
2433 4027 2526 4082 sed
2578 4041 2643 4082 eo
2684 4031 2827 4098 quod
2882 4034 3098 4102 nuptias
3132 4037 3498 4102 abominetur.
3552 4052 3645 4096 aut

2063 4120 2227 4171 etiam
2265 4117 2319 4170 in
2353 4131 2446 4172 eos
2475 4118 2568 4187 qui
2598 4121 3138 4192 matrimoniojuncti
3171 4139 3298 4182 sunt
3327 4145 3446 4185 sese
3468 4128 3645 4187 extolo

2068 4209 2165 4272 lat,
2199 4209 2271 4264 sit
2301 4210 2614 4266 anathema.

2138 4303 2193 4358 5.
2224 4303 2324 4370 Qui
2376 4308 2583 4374 spernit
2609 4321 2702 4363 eos
2730 4295 2821 4378 qui
2865 4311 2931 4364 ad
2981 4328 3181 4384 agapas
3211 4327 3427 4383 vocant,
3468 4324 3522 4374 et
3552 4315 3645 4390 qui

2069 4409 2298 4453 vocatus
2337 4413 2457 4453 cum
2505 4398 2588 4452 his
2622 4414 2728 4454 non
2765 4406 3174 4472 communicat;
3212 4407 3336 4462 item
3371 4410 3461 4479 qui
3515 4427 3650 4466 ροηο

2074 4491 2297 4559 temptui
2324 4491 2520 4544 habent
2559 4505 2655 4546 eos
2685 4493 2775 4561 qui
2821 4494 2969 4548 biros
3010 4509 3260 4566 gestant;
3292 4516 3354 4555 ac
3388 4516 3617 4572 quaecun

373 4588 593 4660 ἀνδρῶν
625 4588 1021 4658 ὑποκρίνονται
1045 4586 1306 4658 ἱματίοις,
1339 4587 1434 4639 καὶ
1455 4589 1576 4640 ὅσαι
1607 4586 1716 4639 τῶν
1744 4585 1951 4657 ἀνδρῶν

2062 4593 2166 4647 que
2191 4581 2443 4635 mulieres
2481 4581 2719 4636 virorum
2768 4585 3062 4639 abutuntur
3116 4590 3474 4657 vestimentis,
3500 4605 3649 4661 quae.

371 4681 797 4751 διαζεύγνυνται
834 4679 1264 4751 βδελυσσόμεναι
1313 4678 1404 4731 τὸν
1433 4680 1634 4748 γάμον,
1671 4678 1768 4731 καὶ
1805 4681 1854 4730 οἱ
1893 4677 1965 4730 τὰ

369 4775 544 4828 τέκνα
581 4774 1118 4844 καταλιμπάνοντες,
1151 4773 1246 4825 καὶ
1293 4772 1417 4841 οὑχί
1465 4771 1602 4840 πρὸς
1651 4769 1966 4824 θεοσέϐειαν

372 4869 774 4938 ὑπαλείφοντες
820 4867 916 4920 καὶ
945 4868 1115 4921 τέκνα
1154 4867 1256 4920 ὅσα
1299 4866 1548 4920 ἀπίστων
1583 4865 1964 4934 άποσκιρτῶσι

376 4957 613 5027 γονέων,
641 4956 915 5027 ἀνάθεμα.

449 5050 699 5117 ς’.’⁷οσαι
729 5052 990 5119 γυναῖκες
1007 5049 1107 5112 τὰς
1138 5048 1317 5121 κόμας
1348 5049 1615 5115 τίλλουσι,
1647 5048 1964 5102 θεοσέϐειαν

376 5146 825 5218 ὑποκρινόμεναι
853 5161 869 5176 '
895 5142 994 5197 καὶ
1033 5144 1062 5196 ὁ
1088 5143 1190 5214 τὴν
1234 5143 1527 5213 Κυριακὴν
1584 5142 1814 5207 ἀσιτῶν,
1873 5142 1967 5195 καὶ

374 5243 477 5305 τὰς
495 5238 968 5309 ἐκκλησιαστικὰς
1014 5235 1272 5308 νηστείας
1305 5236 1594 5305 ἐκτρέπων
1616 5249 1633 5266 '
1665 5235 1763 5288 καὶ
1789 5238 1815 5288 ὁ
1867 5236 1968 5298 τὰς

371 5337 487 5392 τῶν
513 5333 812 5408 μαρτύρων
839 5331 1088 5397 συνάξεις
1124 5330 1492 5402 περιφρονῶν,
1518 5329 1788 5398 ἀνάθεμα.

846 5423 961 5493 Τῆς
993 5424 1064 5478 ἐν
1089 5423 1437 5492 Ἀντιοχείᾳ.

449 5527 525 5575 α’.
559 5518 622 5573 ὐ
647 5519 749 5590 τὴν
779 5518 1046 5590 ἔνθεσμον
1082 5517 1177 5572 τοῦ
1253 5518 1448 5590 Πάσχα
1488 5517 1790 5588 παράδοσιν
1849 5534 1970 5570 πει⁴

376 5615 632 5688 ρώμενος
658 5613 974 5685 διαμεῖψαι,
998 5612 1190 5677 λαῖκδς
1228 5612 1328 5684 μὲν
1367 5613 1566 5676 τελῶν,
1621 5613 1765 5666 ἔστω
1829 5612 1970 5667 ἁπύο

387 5707 594 5781 ϐλητος
627 5722 642 5739 ο
685 5706 951 5776 κληρικδς
974 5705 1052 5774 δέ,
1072 5706 1567 5778 ἁνεκκλησίαστος.

454 5859 525 5952 βλ.
565 5882 630 5938 '0
661 5885 744 5950 εἰς
770 5882 1073 5942 ἐκκλησίαν
1121 5885 1352 5957 εἰσιὼν..
1390 5887 1486 5944 καὶ
1552 5887 1839 5958 προσέχων
1899 5891 1966 5961 τῇ

2068 4688 2176 4741 que
2210 4689 2240 4726 a
2273 4673 2402 4728 viris
2434 4686 2758 4745 separantur
2788 4692 2854 4731 eo
2885 4679 3031 4745 quod
3062 4683 3469 4738 matrimooiunt
3493 4684 3648 4740 fasti-

2067 4764 2254 4832 diant;
2311 4767 2438 4837 item
2501 4769 2592 4836 qui
2647 4766 2852 4827 liberos
2910 4771 3247 4842 relinquunt,
3304 4783 3370 4830 ac
3419 4791 3522 4830 non
3585 4784 3650 4830 ad

2071 4858 2321 4927 pietatem
2370 4875 2464 4915 eos
2518 4860 2813 4924 instruunt,
2845 4878 2946 4918 nec
2995 4875 3104 4919 non
3154 4861 3310 4923 liberi
3343 4868 3435 4938 qui
3475 4885 3505 4922 a
3553 4885 3654 4942 ραι

2070 4952 2318 5007 rentibus
2352 4952 2657 5008 inﬁdelibus
2682 4953 2990 5022 discedunt,
3026 4961 3343 5018 anathema.

2141 5043 2194 5094 6.
2227 5044 2577 5112 Quaecunque
2611 5045 2868 5099 mulieres
2899 5061 3082 5101 comas
3117 5054 3360 5119 tondent,
3398 5053 3650 5122 pietatem

2070 5133 2424 5198 simulantes;
2483 5144 2537 5187 et
2594 5135 2686 5205 qui
2747 5136 3025 5195 Dmniuica
3086 5143 3207 5198 cibo
3261 5147 3518 5213 abstinet,
3590 5163 3653 5204 ac

2066 5225 2267 5296 jcjnttia
2296 5227 2548 5282 Ecclesia:
2568 5232 2760 5283 evertit
2787 5241 2800 5284 ξ
2829 5249 2926 5286 nec
2949 5250 3055 5289 non
3080 5237 3331 5306 quisquis
3355 5252 3654 5298 conventus

2072 5319 2263 5389 quiad
2290 5331 2588 5391 martyrum
2618 5324 2762 5378 aedes
2795 5325 2931 5379 iiunt
2965 5327 3213 5399 despicit,
3249 5333 3558 5388 anathema.

2570 5429 2798 5486 Concilii
2826 5436 3156 5491 Antiocheni.

2147 5521 2198 5576 1.
2225 5520 2324 5587 Qui
2344 5521 2552 5591 legibus
2572 5535 2811 5579 sanctam
2832 5525 3056 5582 Pascha:
3080 5531 3424 5589 traditionem
3446 5547 3656 5594 mutare

2073 5623 2326 5680 cenatur,
2379 5616 2648 5685 siquidem
2707 5617 2881 5675 laicus
2932 5622 3026 5686 sit,
3079 5623 3377 5693 ejiciatur:
3421 5630 3657 5688 clericus

2076 5725 2207 5766 vero
2239 5712 2308 5766 ab
2344 5711 2589 5768 Ecclesia
2624 5720 2897 5770 arceatur.

2147 5888 2201 5945 ιι.
2236 5887 2341 5956 Qui
2372 5890 2660 5949 ecclesiam
2714 5891 3009 5966 ingressus,
3054 5907 3265 5956 sacram
3316 5903 3657 5975 Scripturum
