4060 6294
328 372 387 434 81
1586 387 1928 448 SYNOPSIS

2031 387 2373 448 ANONUM.
3536 392 3607 456 8?.

330 490 466 556 θεὶς,
496 492 595 544 καλ
626 493 702 563 μὴ
732 495 1025 567 δεχόμενος
1067 499 1204 571 πρὸς
1237 502 1338 572 τῆς
1371 503 1606 571 πόλεως,
1639 506 1733 558 καὶ
1771 505 1916 557 λειτ-

2031 505 2247 560 civitate
2301 521 2405 558 non
2443 506 2762 575 recipiatur,
2822 514 3143 580 tantumque
3191 525 3390 566 munus
3422 513 3605 579 obeat,

328 584 598 652 ουργείτω
651 588 812 654 μόνον
832 631 849 654 ,
883 591 1175 663 ἀναμένων
1200 596 1227 648 δ
1253 613 1305 650 τι
1359 595 1482 672 ἃνή
1511 599 1609 670 τῆς
1643 601 1916 670 ἐπαρχίας

329 678 360 726 ἀ
371 693 513 744 ποφα
523 676 698 732 {vorm
713 681 956 750 σύνοδος.

399 776 468 822 κ’.
507 772 570 826 Et
612 774 688 843 μὴ
715 774 936 840 σύνοδος
964 779 1074 849 εἴη,
1109 783 1205 836 καὶ⁵
1236 787 1263 838 ὁ
1336 787 1775 858 μητροπολίτης,
1842 789 1919 861 μὴ

331 864 570 929 γινέσθω
597 867 932 941 ἐπίσκοπος’
967 873 1015 925 εἰ
1046 875 1104 928 δὲ
1136 875 1224 931 διά
1262 896 1314 940 τι
1341 879 1602 951 δυσχερὲς
1652 884 1728 952 μὴ
1786 899 1918 936 συν-

330 957 549 1025 άγοιντο
609 962 869 1032 ἅπαντες,
933 966 1072 1030 τέως
1126 970 1176 1022 oi
1217 971 1458 1042 πλείους,
1511 974 1544 1046 ἤ
1592 977 1921 1047 γράμμασιν

333 1051 552 1106 ἐποιντο
591 1053 901 1124 σύμψηφοι.
937 1058 1000 1112 Εί
1034 1061 1082 1113 δ’
1119 1063 1262 1117 οὓτω
1322 1064 1420 1119 τοῦ
1461 1068 1788 1139 πράγματος
1826 1089 1918 1123 τε·

332 1145 598 1214 λουμένου
625 1148 987 1216 φιλονεικοῖέν
1023 1171 1193 1220 τινες,
1229 1157 1388 1227 ἡτῶν
1420 1159 1684 1214 πλειόνων
1738 1163 1918 1235 ψῆφος

328 1238 632 1308 ἐνισχυέτω

386 1337 494 1384 κμν.
534 1331 868 1400 Ἐπίσκοπος
913 1340 987 1410 μὴ
1013 1343 1120 1396 ὑπὸ
1149 1345 1297 1398 λαῶν
1329 1347 1673 1420 βιαζόμενος,
1708 1353 1920 1408 καὶύπὺ

329 1425 656 1480 ἐπισκόπων
740 1431 1217 1506 ἀναγκαζόμενος,
1293 1443 1370 1512 μὴ
1425 1446 1779 1514 μεθιστάσῦω
1840 1449 1920 1512 είς

332 1519 628 1586 παροικίαν
659 1522 878 1592 ἑτέραν.

386 1611 492 1681 κβ’.
539 1613 668 1668 Ἐπὶ
693 1619 754 1670 τὸ
785 1626 1119 1692 χειροτονεῖν
1157 1641 1314 1690 τινας
1351 1628 1654 1695 ἐπίσκοπος
1712 1635 1777 1687 ἐκ
1829 1635 1922 1690 πό-

331 1705 471 1765 λεως
499 1706 582 1769 είς
611 1708 769 1762 πόλιν
803 1711 879 1781 μὴ
907 1714 1142 1782 ἀπιέτω,
1172 1718 1292 1770 ἀλλ’
1331 1720 1362 1790 ἢ
1410 1721 1609 1795 γνώμῃ
1662 1724 1754 1777 τοῦ
1803 1727 1920 1778 ἐπι-

332 1799 544 1852 σκόπου
573 1802 673 1870 τῆς
703 1805 912 1870 πόλεως
941 1824 956 1838 ·

331 1890 442 1958 vis,
476 1895 572 1945 καὶ
602 1897 819 1960 ἐκεῖνος
850 1900 1133 1967 ὑπόδικος.

394 1990 500 2053 κγ’.
532 1987 622 2057 Μὴ
671 1989 986 2047 καθιστάτω
1040 1996 1231 2067 ἕτερον
1272 1998 1366 2052 ἐπὶ
1435 2001 1500 2070 τῇ
1587 2001 1754 2071 ἐξόδῳ
1803 2003 1925 2056 ἐπί-

333 2093 540 2130 σκοπον
571 2081 601 2133 ό
629 2081 932 2148 ἐπίσκοπος
952 2101 967 2118 ι
1029 2089 1242 2142 ἐκείνου
1267 2090 1325 2143 δὲ
1354 2092 1734 2162 κοιμηθέντος,
1787 2097 1924 2165 μετὰ

332 2171 557 2225 συνόδου
636 2175 748 2227 τῶν
835 2178 1073 2250 ἐχόντων
1124 2182 1379 2250 ἐξουσίαν
1454 2189 1482 2240 ὁ
1531 2185 1680 2252 ἄξιος
1723 2188 1924 2259 προδε-

330 2263 574 2335 δλήσθω.
1783 2274 1787 2278 ’

395 2352 496 2410 κδ’.
539 2358 714 2413 Παντὶ
743 2360 821 2432 τῷ
845 2360 1038 2436 κλήρῳ
1077 2365 1146 2419 τὰ
1197 2368 1295 2436 τῆς
1378 2371 1707 2446 Ἐκκλησίας
1767 2374 1927 2446 θέμις

338 2445 819 2515 διαγινώσκεσθαι,
845 2453 952 2518 ίνα,
984 2457 1077 2509 τοῦ
1108 2459 1412 2516 ἐπισκόπου
1443 2445 1928 2533 τελευτῶντοςςτὰ

337 2541 516 2596 οἰκεῖα
603 2543 709 2614 τῆς
795 2547 1131 2618 Ἐκκλησίας
1189 2552 1663 2630 διαφυλάττηται·
1741 2563 1810 2616 τὰ
1869 2562 1928 2616 δὲ

338 2633 440 2687 τοῦ
510 2636 842 2707 ἐπισκόπου,
901 2644 1044 2698 κατά
1087 2644 1189 2716 τὴν
1250 2648 1460 2704 ἐκείνου
1483 2651 1755 2724 διοικῆται
1807 2656 1926 2715 διάρ-

339 2728 514 2796 ταξιν.

408 2819 506 2876 κε’.
537 2823 744 2895 Κύριος
770 2828 797 2880 ό
822 2827 1118 2894 ἐπίσκοπος
1146 2831 1255 2887 τῶν
1294 2834 1390 2904 τῆς
1437 2836 1765 2909 Ἐκκλησίας
1787 2840 1929 2898 ἔστω

339 2915 716 2984 πραγμάτων.
749 2919 898 2973 Εἰδέ
937 2923 1010 2992 μὴ
1048 2924 1289 2980 ίκανοῖτο
1330 2932 1444 2993 τοῖς
1491 2931 1774 2988 ίκανοῦσιν
1832 2938 1932 2990 αὐ-

337 3004 468 3069 τῶν,
494 3006 563 3059 τὰ
592 3009 652 3061 δέ
682 3011 988 3081 πράγματα,
1048 3019 1144 3070 καὶ
1173 3020 1303 3084 τοὺς
1351 3021 1556 3092 πόρους
1602 3026 1929 3095 μεταῦάλλοι

339 3100 440 3167 τῆς
470 3099 806 3172 Ἐκκλησίας
842 3107 916 3177 μὴ
942 3109 1083 3177 μετά
1134 3112 1361 3184 γνώμης
1390 3115 1487 3168 τοῦ
1531 3117 1759 3189 κλήρου,
1818 3121 1929 3176 εισ-

991 1811 1040 1861 εί
1067 1810 1110 1863 δ’
1138 1810 1253 1878 οὖν,
1297 1814 1558 1880 ἀδέἦαιος
1597 1819 1627 1886 ἡ
1674 1835 1914 1888 χειροτο-
1953 1853 1996 1913 Β

2021 608 2344 668 exspectans
2370 601 2631 671 quidquid
2681 600 2978 672 provinciae
3013 605 3257 674 synodus
3296 607 3608 676 pronuntia-

2017 692 2182 748 verit.

2091 784 2184 841 20.
2217 785 2437 858 Absque
2476 789 2685 860 synodo
2716 798 2769 844 et
2797 789 3216 860 metropolitano
3248 806 3316 846 ne
3341 789 3438 844 ﬂat
3488 792 3608 858 epi-

2021 893 2244 951 sc0pus.
2281 880 2337 936 Si
2363 890 2544 937 autem
2567 891 2789 952 propter
2825 882 3060 950 aliquam
3095 881 3465 937 dilﬁcultatem
3499 897 3606 936 non

2021 975 2373 1030 convenerint
2409 989 2623 1039 omnes,
2655 974 2871 1030 interim
2914 974 3118 1046 plures,
3153 975 3239 1030 vel
3290 975 3488 1031 litteris
3524 992 3611 1033 as-

2023 1068 2346 1124 sentiantur.
2373 1064 2431 1120 Si
2465 1081 2594 1122 vero
2619 1081 2676 1121 re
2710 1068 2783 1120 ita
2811 1076 3030 1137 peracta
3059 1067 3396 1124 contendant
3412 1068 3605 1139 aliqui,

2022 1160 2256 1228 plurium
2279 1158 2598 1230 snﬂ‘ragium
2632 1159 2830 1214 valeat.

2095 1345 2183 1399 2L
2218 1343 2541 1415 Episcopus,
2572 1343 2674 1399 nisi
2707 1343 2757 1399 vi
2787 1359 2815 1397 a
2845 1343 3060 1415 populis
3086 1345 3254 1413 illata,
3287 1355 3341 1401 et
3381 1345 3450 1401 ab
3494 1343 3608 1416 epi-

2022 1437 2202 1507 scopis
2224 1446 2466 1508 cogatur,
2501 1435 2556 1490 in
2581 1435 2742 1490 aliam
2781 1435 3076 1506 parcet-iam
3107 1452 3175 1492 ne
3202 1446 3470 1494 transeat.

2091 1620 2184 1675 22.
2217 1619 2518 1691 Episcopus
2553 1633 2619 1675 ex
2655 1622 2788 1676 urbe
2840 1621 2894 1676 in
2939 1621 3131 1676 urbem
3172 1622 3239 1678 ad
3276 1623 3606 1679 ordinandas

2025 1713 2236 1782 aliquos
2297 1727 2363 1766 ne
2407 1715 2600 1778 abeat,
2639 1722 2998 1784 praeterquam
3041 1714 3108 1769 de
3157 1714 3308 1770 urbis
3366 1714 3606 1784 episcopi

2028 1805 2316 1861 sententia.
2338 1805 2442 1860 Sin.
2479 1821 2628 1874 vero,
2662 1805 2901 1862 invalida
2936 1818 3018 1862 est
3050 1807 3346 1874 ordinatio,
3378 1808 3604 1878 ipseque

2020 1897 2228 1969 judicio
2256 1899 2551 1954 obnoxius.

2097 1991 2187 2048 95.
2216 1992 2514 2062 Episcopus
2539 1992 2594 2047 in
2626 1993 2773 2048 exitu
2793 1992 2917 2048 vita
2950 1993 3287 2050 constitutus
3315 1992 3484 2048 alium
3510 2007 3608 2063 pro

2027 2101 2088 2142 se
2143 2086 2464 2156 episcopum
2494 2101 2561 2140 ne
2603 2085 2905 2141 constituat
2935 2103 2950 2142 ι
2987 2094 3272 2155 postquam
3307 2094 3489 2140 autem
3522 2084 3613 2138 ille

2027 2179 2404 2242 obdormierit,
2459 2193 2581 2234 cum
2647 2193 2835 2233 eorum
2880 2180 2971 2247 qui
3029 2185 3352 2248 potestatem
3414 2177 3613 2232 habent
3651 2181 3664 2192 '

2030 2278 2303 2325 conventu
2336 2269 2534 2342 dignus
2562 2277 2796 2326 creetur.

2099 2363 2193 2418 24.
2223 2363 2344 2420 Toti
2386 2363 2532 2418 clero
2564 2379 2650 2419 res
2690 2363 2950 2420 Ecclesiae
2998 2377 3331 2446 cognoscere
3377 2362 3526 2425 licet,
3557 2371 3617 2416 ut

2030 2458 2325 2514 decedente
2350 2460 2628 2528 episeopo,
2656 2458 2912 2515 Ecclesiae
2934 2474 3056 2529 quae
3095 2473 3192 2513 sua
3235 2465 3363 2534 sunt
3393 2472 3614 2513 conser-

2033 2562 2226 2606 ventur
2255 2570 2270 2606 :
2306 2566 2427 2621 quae
2460 2566 2588 2606 vero
2616 2560 2744 2606 sunt
2793 2551 3030 2621 episcopi
3067 2551 3221 2620 juxta
3258 2550 3406 2606 illius
3433 2551 3617 2620 dispo-

2032 2644 2285 2701 sitionem
2319 2643 2798 2700 administrentur.

2101 2827 2194 2884 25.
2229 2826 2528 2898 Episcopus
2563 2842 2746 2886 rerum
2782 2830 2848 2884 ad
2887 2826 3190 2883 Ecclesiam
3227 2825 3612 2896 pertinentium

2035 2928 2354 2990 potestatem
2396 2917 2615 2973 habeat.
2649 2916 2707 2972 Si
2735 2927 2916 2973 autem
2949 2932 3055 2972 non
3103 2917 3174 2971 sit
3221 2923 3516 2971 contentus
3551 2916 3618 2970 iis

2035 3027 2155 3084 quae
2187 3010 2484 3074 suﬂiciunt,
2513 3025 2599 3066 res
2627 3025 2756 3066 vero
2791 3025 2853 3066 ac
2882 3009 3086 3067 reditus
3114 3008 3372 3066 Ecclesia:
3398 3008 3451 3062 in
3479 3009 3614 3062 alie-

2036 3121 2134 3163 nos
2177 3120 2308 3161 usus
2346 3102 2641 3159 transferat
2691 3106 2898 3174 absque
2946 3102 3078 3158 cleri
3124 3102 3377 3165 consilio,
3423 3100 3618 3172 synodi

335 3196 672 3262 πραττέσθω
693 3197 848 3263 δίκας
881 3201 1020 3272 πρδς
1050 3203 1150 3272 τῆς
1196 3208 1443 3264 συνόδου.
1505 3211 1569 3264 Εἰ
1618 3212 1672 3266 δὲ
1727 3216 1821 3268 καὶ
1865 3216 1928 3271 τὰ

2034 3196 2297 3267 judicium
2331 3197 2544 3252 subeat.
2579 3195 2637 3250 Si
2667 3209 2800 3250 vero
2831 3208 2892 3250 ea
2927 3195 3090 3250 etiam
3118 3209 3238 3265 quia:
3287 3194 3619 3263 pauperibus

336 3287 576 3358 πένησιν
603 3290 934 3364 ὀφειλόμενα
970 3298 1052 3362 είς
1107 3298 1305 3354 ἑαυτὸν
1363 3305 1771 3377 σφετερίζεται,
1838 3311 1935 3365 καὶ

333 3378 485 3434 (iisin
513 3385 586 3456 τῇ
613 3385 822 3460 συνόδῳ
853 3388 1014 3458 λόγον
1049 3391 1372 3452 ἀποδιδότω.

845 3527 970 3584 Τῶν
998 3532 1069 3585 ἐν
1100 3533 1436 3604 Λαοδικείᾳ.

392 3663 469 3714 α’.
521 3657 582 3713 Ὃ
633 3660 709 3734 μὴ
761 3663 940 3736 λάθρα
995 3667 1253 3738 γαμήσας
1305 3669 1556 3741 δίγαμος,
1614 3672 1772 3742 ὀλίγα
1821 3678 1936 3740 τοῖς

340 3750 652 3819 ἐπιτιμίοις
678 3754 977 3826 σχολάσας,
1009 3757 1330 3825 ἀνεύθυνος.

406 3841 472 3909 β’.
510 3844 574 3898 Oi
601 3846 885 3919 διαφόροις
911 3851 1260 3923 ἀγνοήμασιν
1313 3854 1641 3923 ἐαλωκότες,
1705 3858 1754 3910 εί
1816 3859 1936 3913 ἐπι·

341 3935 570 4002 γνόντες
616 3938 1050 4010 ἐξομολογοῖντο,
1092 3946 1187 3999 καὶ
1257 3946 1536 4015 ἀναλόγως
1599 3954 1936 4021 μετανοοίεν,

341 4030 761 4103 εὐπρόσδεκτοι.

405 4122 480 4195 γ’.
519 4125 580 4181 Ὀ
609 4129 997 4199 νεοφὼτιστος,
1023 4136 1428 4208 ἀνιεράτευτος.

403 4305 469 4360 δ’.
509 4308 722 4372 Τόκους
753 4311 1030 4382 ίερατικδς
1054 4314 1117 4368 οὐ
1153 4314 1445 4388 λαμϐάνει.

421 4417 488 4455 ε.
563 4401 628 4453 ΑΞ
661 4404 996 4472 χειροτονίαι
1075 4405 1165 4460 ἐπ’
1239 4408 1701 4479 ἀκροωμένοιςοὺ
1753 4413 1934 4481 γίνον-

345 4508 462 4545 ται.

418 4589 497 4648 ς’.
525 4587 837 4654 Αίρετικοῖς
867 4589 928 4642 τὺ
962 4591 1108 4660 ἱερὸν
1138 4592 1492 4648 ἀνεπίϐατον.

411 4677 480 4744 ζ’.
521 4677 858 4734 Ναυατιανοὶ
886 4682 980 4737 καὶ
1009 4684 1698 4756 Τεσσαρεσκαιδεκατίται,
1755 4693 1802 4745 εί
1860 4692 1936 4763 μὴ

347 4772 454 4837 τάς
483 4789 546 4826 τε
592 4772 760 4835 ἄλλας
788 4773 1028 4844 αἱρέσεις
1051 4777 1531 4848 ἀναθεματῐςοιεν,
1583 4783 1677 4835 καὶ
1717 4783 1814 4854 τὴν
1863 4786 1940 4837 οἱ-

348 4865 536 4932 κείαν,
576 4865 947 4939 ἀπρόςδεκτοι
968 4885 984 4900 ·
1017 4870 1159 4940 μετὰ
1190 4870 1376 4943 μέντοι
1405 4871 1466 4925 τὸ
1485 4873 1733 4944 ἀνάθεμα
1773 4877 1938 4946 χριό-

351 4975 532 5029 μενοι,
560 4961 1016 5016 κοινωνείτωσαν.

413 5049 488 5121 η’.
517 5051 738 5123 Φρύγας
764 5054 1244 5126 μεταμελομένους
1266 5056 1760 5123 ἀναδαπτίζεσθαι,
1779 5061 1825 5114 εί
1845 5062 1940 5116 καί

352 5145 492 5216 παρ’
525 5147 762 5211 ἐκείνοις
785 5147 1196 5220 κεκλήρωνται.

418 5236 486 5290 θ’.
527 5235 586 5290 Ὀ
635 5239 1024 5309 κοιμητηρίοις
1092 5240 1189 5295 καὶ
1260 5243 1587 5315 μαρτυρίοις
1645 5243 1942 5316 αἱρετικῶν

349 5333 752 5406 ἐπευχόμενος,
782 5333 1166 5407 ἀκοινώνητος.

415 5427 473 5485 ι’.
528 5428 896 5501 Πρεσδυτίδες
946 5430 1004 5482 ἐν
1062 5430 1336 5506 ἐκκλησίᾳ
1424 5430 1500 5504 μὴ
1560 5429 1942 5505 βαπτιζέσθω-

358 5540 487 5578 σαν.

447 5613 536 5668 ια’.
559 5613 835 5688 Αίρετικῷ
869 5616 946 5690 μὴ
975 5617 1332 5674 συνάλλασσε.

430 5704 522 5780 ιβ’.
575 5708 637 5763 '0
662 5708 847 5763 πίστει
899 5709 994 5764 καὶ
1025 5709 1273 5781 πολιτείᾳ
1299 5710 1670 5784 δοκιμώτατος
1708 5714 1802 5768 καὶ
1854 5713 1944 5768 λο-

355 5799 655 5869 γιώτατος,
691 5800 1000 5872 ἐπιτήδειος
1033 5802 1113 5867 είς
1145 5801 1467 5857 ἐπίσκοπον.

2039 3291 2308 3346 debentur
2331 3289 2439 3346 sibi
2466 3289 2567 3358 ipsi
2613 3288 2873 3352 vindicet,
2906 3287 2981 3343 ita
3013 3288 3177 3343 etiam
3210 3288 3419 3358 synodo
3447 3287 3620 3342 ratio-

2039 3399 2161 3440 nem
2198 3382 2414 3439 reddat.

2546 3521 2752 3592 Synodt'
2784 3520 3121 3578 Laodicenw.

2108 3663 2161 3716 l.
2194 3660 2470 3731 Bigamus,
2503 3658 2550 3714 si
2587 3674 2693 3715 non
2724 3657 2934 3715 occulte
2964 3657 3372 3713 matrimonium
3410 3657 3616 3723 inierit,

2039 3753 2128 3809 ubi
2153 3752 2427 3823 paululum
2458 3765 2648 3822 poenas
2679 3749 2931 3817 subierit,
2971 3751 3160 3804 insons
3188 3749 3474 3803 habeatur.

2106 3849 2161 3905 9..
2205 3847 2305 3915 Qui
2334 3847 2498 3902 variis
2530 3845 2743 3901 delictis
2771 3845 3022 3900 obstricti
3055 3853 3204 3909 sunt,
3243 3845 3286 3899 si
3325 3843 3391 3899 iis
3420 3843 3620 3912 agnitis

2037 3945 2421 4010 confiteantur,
2474 3958 2538 3998 ac
2593 3957 2691 4011 pro
2734 3956 2922 3997 eorum
2980 3940 3189 3995 ratione
3241 3937 3616 4007 poenitentiam

2037 4046 2218 4106 agant,
2247 4035 2405 4090 facile
2435 4033 2798 4106 recipiuntur.

2107 4129 2163 4184 3.
2195 4126 2409 4184 Recens
2461 4125 2824 4189 illuminatus,
2856 4124 3027 4181 sacris
3067 4124 3352 4180 ordinibus
3400 4139 3505 4179 non
3537 4131 3623 4177 est

2039 4220 2287 4275 idoneus.

2109 4315 2164 4369 4.
2204 4311 2472 4368 Sacerdos
2504 4311 2712 4368 {mnora
2740 4325 2845 4366 non
2867 4311 3081 4381 accipit.

2110 4409 2166 4465 5.
2195 4409 2580 4467 Ordinati-anes
2621 4421 2806 4462 coram
2863 4406 3214 4463 audientibus
3269 4414 3478 4460 tantum
3513 4419 3621 4459 non

2043 4503 2198 4556 ﬁunt.

1964 4567 2014 4625 θ
2114 4593 2168 4649 6.
2200 4592 2481 4648 llsereticis
2509 4607 2661 4648 sacra
2699 4591 2841 4648 aedes
2874 4592 3170 4648 inaccessa.

2113 4688 2163 4741 7.
2224 4684 2511 4742 Novatiani
2573 4694 2636 4765 et,
2683 4683 3193 4751 Quartodecimani,
3240 4684 3344 4740 nisi
3395 4694 3623 4738 cmteras

2042 4780 2280 4835 haereses
2323 4794 2586 4848 suamque
2612 4778 2883 4847 abjurent,
2923 4792 3026 4831 non
3073 4786 3201 4832 sunt
3235 4773 3563 4844 suscipiendi
3603 4789 3617 4828 :

2039 4879 2162 4942 post
2187 4881 2364 4926 tamen
2391 4871 2782 4941 abjurationem
2823 4868 2991 4935 uncti,
3020 4870 3441 4923 communicent.

2116 5055 2168 5112 8.
2195 5056 2438 5128 Phryges
2464 5056 2838 5124 paenitentiam
2863 5064 3084 5126 agentes
3111 5055 3285 5109 denuo
3309 5054 3623 5123 baptizandi

2044 5157 2191 5216 sunt,
2226 5150 2350 5202 licet
2379 5148 2518 5217 apud
2553 5147 2673 5202 illos
2699 5148 2750 5201 in
2778 5147 2982 5202 clerum
3018 5147 3251 5216 cooptati
3293 5148 3420 5200 sint.

2116 5241 2168 5297 9.
2199 5241 2300 5308 Qui
2347 5244 2400 5296 in
2448 5243 2776 5297 rremeteriis
2822 5249 2877 5296 et.
2927 5240 3204 5311 martyriis
3245 5240 3621 5296 haereticorum

2046 5347 2187 5400 orat,
2212 5334 2717 5390 excommunicatus
2750 5341 2855 5389 est.

2118 5426 2206 5484 10.
2245 5425 2441 5482 Vidua}.
2475 5426 2720 5484 seniores
2767 5427 2820 5482 in
2863 5425 3094 5482 ecclesia
3148 5441 3214 5480 ne
3262 5426 3623 5496 baptizantor.

2121 5607 2209 5663 Η.
2241 5605 2374 5660 Cum
2409 5604 2660 5662 haeretico
2688 5603 3001 5661 afﬁnitatem
3038 5619 3104 5659 ne
3133 5603 3446 5660 contrahas.

2123 5699 2211 5755 l2.
2239 5698 2340 5767 Qui
2369 5698 2475 5753 ﬁde
2504 5714 2569 5754 ac
2604 5698 2726 5754 vita:
2770 5697 2978 5753 ratione
3009 5695 3427 5768 probatissimus
3466 5703 3629 5766 atque

2050 5790 2452 5847 eruditissimus
2509 5799 2614 5860 est,
2650 5791 2878 5849 idoneus
2931 5799 3036 5857 est,
3070 5790 3162 5862 qui
3209 5789 3262 5844 in
3311 5788 3624 5860 episcopum

2052 5883 2304 5955 eligatur.
