4060 6294
536 308 603 378 91
1798 302 2173 368 ARISTENI
2211 302 2560 367 MONACHI
3736 302 3813 366 92

542 425 629 491 tit,
665 422 1006 494 sacrilegus:
1040 423 1157 494 ipse
1180 423 1326 478 enim
1368 422 1542 493 culpae
1594 421 1869 479 obnoxius
1930 430 1986 477 et
2037 436 2123 477 sa-

2262 418 2509 486 ερόσυλος
2540 435 2554 449 ·
2593 421 2620 471 ὁ
2652 418 2761 489 γάρ
2797 416 3069 483 ύπαίτιος,
3115 417 3209 471 καὶ
3250 416 3507 487 ἀνίεροςη
3531 414 3592 470 Ὀ
3619 416 3676 470 δὲ
3704 434 3809 472 κα-

541 516 782 571 cerdotio
823 518 1095 588 indignus.
1132 516 1233 584 Qui
1270 532 1399 572 vero
1457 510 1943 588 insons'dejectus
2011 522 2122 581 est,

540 609 609 661 sit
630 609 944 678 episcopus.

614 699 846 755 51.3105
874 711 956 756 est
1006 700 1297 773 Aigyptiis,
1361 701 1460 756 nisi
1509 700 1951 771 areliiepiscOpus
1998 714 2123 770 per-

543 794 771 853 miserit.
800 810 902 847 non
943 796 1202 849 scribere.
1240 779 1358 860 Quo
1395 795 1453 847 tit
1492 804 1551 847 ut
1597 794 1821 848 minime
1863 792 2119 864 culpandi

542 886 680 948 sint,
711 903 831 939 cum
856 887 1032 940 sancti
1061 887 1261 941 Leonis
1307 885 1549 955 epistola:
1604 901 1711 939 non
1776 882 2120 954 subscripse-

544 979 673 1037 rint.
704 979 875 1033 donec
908 978 1351 1049 arthiep’scoims
1380 989 1598 1032 creatus
1621 976 1806 1032 fuerit.

648 1090 969 1146 Sanctorum
1008 1091 1227 1146 Patrum
1272 1093 1513 1149 Serdica
1553 1102 2015 1163 congregatarum.

618 1206 673 1261 l.
735 1206 1031 1276 Episcopus
1082 1221 1147 1261 ex
1219 1207 1421 1277 majore
1465 1208 1685 1263 civitate
1746 1209 1797 1262 in
1861 1209 2124 1261 minorem

541 1300 785 1353 transire
813 1314 916 1353 non
948 1302 1305 1368 Comperitur.
1330 1300 1432 1366 Qui
1482 1302 1650 1373 igitur
1680 1317 1747 1357 ex
1778 1302 1966 1357 humili
1997 1302 2126 1356 sede

545 1393 603 1450 in
660 1394 1031 1449 sublimiorem
1087 1396 1359 1461 transilit,
1430 1406 1689 1465 tanquam
1752 1410 2018 1464 arrogans
2072 1404 2126 1449 et

547 1502 750 1541 avarus
782 1498 1117 1557 compertus,
1146 1504 1239 1557 per
1267 1496 1437 1543 totum
1464 1489 1626 1542 vitam
1676 1485 2122 1544 excommunica-

550 1588 654 1634 tur.

616 1671 675 1727 ‘2.
698 1671 1000 1743 Episcopus
1030 1671 1083 1727 in
1113 1672 1252 1728 alius
1274 1674 1514 1758 episcopi
1551 1673 1739 1728 urbem
1772 1687 1841 1729 ne
1885 1682 2130 1727 transeat

548 1781 656 1820 non
688 1766 946 1821 invitatus
972 1785 987 1822 :
1019 1783 1082 1822 ac
1108 1749 1412 1839 provinciae
1439 1772 1731 1838 episcopus
1778 1767 1823 1822 si
1882 1768 2121 1836 aliquam
2152 1780 2200 1840 Β
2231 1746 2533 1840 ξπ-ίσκοῖτος

551 1858 698 1912 litem
724 1858 943 1926 habeat,
968 1859 1174 1915 alienos
1208 1861 1496 1931 episcopos
1542 1876 1607 1916 ne
1651 1871 1864 1920 evocet,
1900 1870 2128 1927 praetcr-

550 1966 711 2021 qnam
746 1968 774 2005 ιι
812 1949 1059 2007 Romano
1094 1951 1379 2021 Pontiﬁce,
1407 1956 1453 2009 si
1485 1954 1740 2023 expedire
1778 1954 2129 2023 iudicaverit.

624 2046 677 2099 5.
708 2043 974 2115 Episcopo
1005 2048 1271 2117 deposito,
1308 2050 1352 2103 si
1385 2048 1618 2102 aliirmet
1642 2062 1700 2102 se
1749 2046 2124 2103 defensionem

551 2136 863 2203 allaturum,
915 2153 1022 2192 non
1081 2140 1432 2195 constituitur
1479 2140 1637 2204 alius,
1677 2141 1776 2194 nisi
1837 2139 2126 2210 episcopus

553 2225 739 2282 Roma:
762 2228 1051 2283 detinierit.
1087 2230 1346 2300 Dispiciet
1372 2229 1515 2285 enim
1564 2228 1984 2298 depositionem,
2037 2239 2135 2283 aut

551 2335 652 2390 per
685 2321 925 2385 nuntios,
956 2330 1053 2376 aut
1078 2336 1173 2391 per
1207 2321 1441 2378 litteras.

625 2413 684 2471 4.
710 2414 766 2469 Si
794 2414 948 2471 hicis
971 2414 1280 2483 petentibus
1324 2415 1656 2484 episcopum,
1705 2412 1943 2483 cpiscOpi
1999 2428 2136 2480 prm-

556 2517 742 2563 oentes
772 2509 903 2572 sint,
943 2524 1083 2563 unus
1107 2523 1236 2564 vero
1271 2510 1488 2578 quidem
1520 2510 1685 2571 absit.
1716 2521 1934 2565 vocetur
1967 2510 2130 2563 etiam

558 2600 668 2658 ille.
698 2599 752 2652 Si
775 2614 906 2654 vero
944 2608 1171 2655 vocatus
1216 2614 1393 2668 neque
1438 2601 1700 2666 scribere,
1751 2616 1927 2671 neque
1981 2616 2133 2657 acce-

556 2691 685 2746 dere
717 2684 970 2760 volueri't,
1004 2692 1048 2747 is
1070 2692 1162 2762 qui
1188 2693 1413 2763 petitur,
1452 2694 1761 2750 ordinetur.

630 2868 685 2923 5.
718 2868 852 2923 Cum
887 2870 1340 2938 metropolitanus
1374 2873 1748 2939 constituitur,
1775 2873 1937 2930 vicini
1972 2875 2137 2932 etiam

564 2960 806 3030 episcopi
830 2961 1149 3015 accersendi
1182 2971 1330 3018 sunt.

636 3054 689 3107 6.
722 3052 775 3107 In
807 3067 971 3124 parva
1013 3055 1146 3109 urbe
1177 3062 1233 3109 et
1271 3070 1431 3124 pago,
1476 3056 1562 3110 eui
1616 3073 1757 3111 unus
1794 3058 1990 3114 sulﬁcit
2018 3076 2141 3129 pre-

2224 514 2585 579 ταὸιὸασοεὶς
2622 513 2891 577 ἀναίτιος,
2923 512 3064 566 ἔστω
3096 513 3421 575 ἐπίσκοπος.

2296 693 2400 748 λα’.
2443 693 2687 748 Είθισται
2717 695 2831 758 τοῖς
2860 692 3204 763 Αἰγυπτίοις,
3247 694 3295 745 εἰ
3336 691 3411 763 μὴ
3455 692 3814 763 ἀρχιεπίσκοο

2226 803 2327 851 πος
2362 786 2673 854 ἐπιτρέποι,
2718 787 2792 857 μὴ
2826 786 3085 857 γράφειν.
3117 784 3405 839 Ἐντεῦθεν
3426 784 3709 855 ἄμεμπτοι
3740 787 3813 858 μὴ

2225 879 2667 947 ἐπιγεγραφότες
2700 879 2767 947 τῇ
2804 876 3071 949 ἐπιστολῇ
3114 875 3212 931 τοῦ
3240 876 3393 930 ὁσίου
3430 876 3683 941 Λέοντος,
3711 877 3817 942 ἕως

2225 969 2661 1040 ἀρχιεπίσκοπος
2686 968 2936 1037 γένηται.

2754 1076 2877 1133 Τῶν
2907 1078 2979 1133 ἐν
3008 1074 3294 1146 Σαρόικῇ.

2298 1193 2369 1252 α’.
2420 1192 2873 1265 ’Δνεξερεύνητος
2940 1193 3242 1257 ἐπίσκοπος
3297 1191 3361 1246 ἐκ
3421 1192 3670 1262 μείζονος
3724 1190 3820 1243 ἐπὶ

2232 1289 2422 1361 μείονα
2443 1290 2598 1343 πόλιν
2618 1304 2632 1320 ο
2666 1290 2695 1342 ὁ
2721 1288 2904 1341 τοίνυν
2929 1289 2994 1341 ἐκ
3027 1286 3296 1357 ταπεινῆς
3339 1285 3428 1357 ἐφ’
3477 1285 3820 1355 ὑψηλοτέραν

2231 1381 2584 1455 μεταπηδῶν,
2618 1382 2696 1447 ὡς
2722 1379 2939 1447 ἀλαζὼν
2965 1380 3060 1434 καὶ
3104 1379 3441 1452 πλεονέκτης
3505 1378 3821 1433 tineas-1:6-

2231 1493 2415 1548 μενος,
2454 1475 2543 1529 διὰ
2578 1475 2695 1545 βίου
2740 1474 2941 1538 παντὸς
2966 1472 3358 1543 ἀκοινώνητος.

2278 1651 2370 1723 β’.
2415 1651 2750 1707 Ἐπισκὸπου
2788 1651 2868 1715 είς
2904 1650 3058 1704 πόλιν
3088 1648 3322 1719 ἄκλητος
3370 1651 3446 1721 μὴ
3491 1646 3821 1701 διαϐαινέτω

2568 1760 2581 1775 ⁸
2625 1742 2722 1796 καὶ
2761 1744 2789 1796 ὁ
2827 1739 3177 1813 ἐπαρχιώτης
3211 1742 3261 1793 εί
3296 1741 3388 1794 ἐπί
3426 1758 3479 1793 τι
3520 1738 3819 1804 δικάζοιτο,
3895 1798 3901 1804 ι

2232 1837 2550 1905 ἀλλοτρίους
2577 1835 2913 1898 ἐπισκόπους
2936 1835 3036 1888 ιύκ
3070 1834 3448 1901 ἐκκαλέσεται,
3477 1834 3511 1904 ἢ
3542 1836 3692 1905 παρὰ
3722 1833 3818 1885 τοῦ

2243 1930 2485 2000 Ῥώμης,
2525 1930 2577 1982 εἰ
2608 1926 2907 1998 ἐπικρίνοι.

2303 2030 2374 2090 γ’.
2426 2024 2761 2076 Ἐπισκόπου
2793 2022 3245 2093 καθαιρεθέντος,
3276 2022 3373 2074 καὶ
3398 2018 3829 2091 διαϐεόαιουμὲ-

2234 2137 2326 2173 νου
2367 2118 2557 2190 φέρειν
2605 2118 2927 2187 ἀπολογίαν,
2964 2119 3013 2171 εί
3065 2118 3139 2190 μὴ
3168 2119 3197 2170 ὁ
3242 2117 3464 2187 Ῥώμης
3511 2116 3712 2189 όρίξοι,
3755 2116 3821 2169 ού

2234 2209 2558 2282 καθίδρυται
2595 2211 2804 2279 ἕτερος.
2842 2211 3217 2281 Διασκοπήσει
3258 2210 3367 2283 γαρ
3408 2208 3507 2281 τὴν
3559 2208 3829 2277 καθαίρει»

2236 2320 2322 2359 σιν
2345 2304 2378 2375 ἦ
2407 2304 2749 2367 ἀποστόλοις,
2780 2304 2811 2375 ἦ
2837 2304 3185 2375 γράμμασιν.

2308 2394 2371 2452 δ’.
2430 2397 2491 2451 El
2539 2396 2649 2449 τῶν
2701 2396 2910 2449 λαῖκῶν
2958 2382 3372 2464 ἐπιζητούντων
3411 2395 3736 2457 ἐπίσκοπον.
3771 2398 3829 2450 οἱ

2235 2488 2526 2542 ἐπίσκοποι
2571 2489 3056 2559 παρουσιάζουσιν,
3091 2482 3173 2551 εἷς
3201 2489 3258 2542 δέ
3289 2506 3373 2553 τις
3407 2489 3665 2557 ἐλλείποι,
3693 2507 3834 2561 προσ

2237 2581 2511 2636 καλείσθω
2568 2583 2820 2645 κάκεῖνος
2876 2596 2891 2612 ·
2950 2582 2999 2635 εί
3052 2581 3109 2635 δὲ
3172 2581 3652 2654 προσκαλούμενος
3699 2581 3830 2636 οὔτε

2238 2676 2497 2747 γράφειν,
2537 2673 2659 2729 οὕτε
2700 2675 2956 2746 ἐνδημεῖν
2990 2673 3261 2745 βούλοιτο,
3288 2677 3316 2728 ὁ
3347 2674 3679 2746 ζητούμενος
3706 2693 3829 2747 χει-

2240 2767 2588 2840 ροτονείσθω.

2310 2867 2373 2915 ε’.
2410 2860 2828 2932 Μητροπολίτου
2862 2860 3292 2934 καθισταμένου.
3323 2861 3420 2917 καὶ
3447 2864 3495 2917 oi
3520 2862 3835 2933 πλησιόχω-

2242 2970 2325 3024 ροι
2363 2952 2747 3023 μετάπεμπτοι
2780 2950 3013 3007 ἔσοιντο.

2314 3051 2388 3111 ς’.
2424 3046 2517 3110 Εἰς
2549 3045 2739 3117 ὀλίγην
2769 3046 2944 3112 πόλιν,
2975 3044 3073 3099 καὶ
3106 3044 3322 3117 κώμην,
3432 3047 3531 3101 καὶ
3574 3040 3655 3111 είς
3694 3048 3840 3101 αύτ-

567 3146 771 3218 sbyter,
803 3147 1089 3215 cpiscopus
1127 3162 1233 3200 non
1260 3148 1612 3201 constituitur
1642 3165 1657 3203 :
1699 3149 1744 3205 si
1776 3164 1907 3203 vero
1938 3151 2135 3219 populo

2262 3140 2419 3209 ίρκης
2466 3138 2868 3209 πρεσϐύτερος,
2910 3139 3213 3202 ἐπίσκοπος
3281 3140 3344 3194 ού
3385 3140 3743 3195 καθίσταται*
3781 3140 3841 3194 ει

565 3235 1003 3308 frequentissima
1035 3240 1106 3293 sit
1140 3239 1290 3303 urbs,
1325 3254 1431 3293 non
1464 3241 1681 3311 indigna
1722 3252 1807 3297 est
1849 3243 2132 3315 episcopo.

640 3354 692 3408 7.
732 3352 1069 3423 Sipnpillus,
1096 3364 1150 3409 et
1187 3354 1372 3422 vidua,
1406 3366 1458 3409 et
1503 3356 1595 3425 qui
1643 3365 1821 3412 tutore
1862 3368 2035 3421 caret,
2094 3358 2142 3414 vi

568 3446 975 3515 opprimantur,
1032 3445 1100 3500 iis
1150 3447 1429 3516 suppetias
1478 3446 1621 3501 feret
1667 3451 1984 3519 episcopus.
2040 3450 2145 3507 Ve—

2242 3233 2302 3286 δὲ
2333 3232 2874 3303 πολυανθρωποτάτη
2903 3234 3129 3303 γένηται
3159 3231 3341 3300 πόλις,
3364 3233 3467 3287 οὐκ
3496 3233 3738 3301 ἀνάξιον.

2319 3334 2384 3398 ζ’.
2417 3333 2709 3406 Ὀρφανοῦ,
2744 3333 2841 3387 καὶ
2891 3335 3092 3407 χήρας,
3132 3335 3229 3388 καὶ
3260 3334 3606 3406 ἀπροπάτου
3648 3334 3839 3405 βιαζο-

2250 3430 2448 3499 μένων,
2480 3429 2560 3492 είς
2593 3428 2849 3499 βοήθειαν
2875 3428 3283 3499 κατατολμήσει
3316 3427 3623 3489 ἐπίσκοπος
3645 3443 3661 3458 ⁸
3693 3426 3840 3482 ἀλλὰ

573 3547 875 3591 runttamcn
907 3552 975 3593 ne
1004 3537 1274 3607 ejusmodi
1310 3549 1573 3610 praetextu
1606 3542 1658 3595 in
1684 3542 1943 3597 comitatu
1996 3546 2136 3616 regio

2262 3524 2313 3591 τῇ
2353 3520 2449 3594 [ίσ.
2490 3522 2564 3590 μὴ
2613 3520 2703 3593 τῇ]
2754 3519 2981 3593 τοιαύτῃ
3027 3521 3303 3593 προφάσει
3351 3521 3625 3591 διατρίϐοι
3658 3524 3745 3585 εἰς
3774 3521 3843 3575 τὸ

574 3640 843 3694 versetur,
874 3629 1006 3699 quin
1036 3632 1219 3701 potius
1248 3632 1506 3689 diaconus
1536 3635 1805 3690 mittatur.

645 3721 700 3776 8.
732 3719 803 3776 lis
836 3722 927 3790 qui
957 3724 1023 3777 ad
1052 3723 1349 3778 Ecclesium
1380 3724 1704 3797 confugiunt
1740 3728 1869 3784 totis
1932 3730 2145 3787 viribus

574 3812 1027 3867 succurrendum.

645 3904 699 3959 9.
726 3902 783 3956 Si
825 3904 993 3957 l'rater
1034 3903 1102 3957 ad
1167 3902 1388 3960 fratrem
1441 3907 1645 3971 mittat,
1701 3912 2152 3980 metropolitanus

577 3997 828 4049 nuntium
866 3995 1066 4050 litteris
1107 3996 1221 4051 suis
1272 3998 1502 4062 muniat,
1564 4003 1875 4072 scrilialque
1920 4006 1986 4059 ad
2035 4021 2151 4075 eos,

574 4104 712 4158 quos
741 4089 1028 4160 episcopus
1060 4102 1213 4162 rogat
1244 4102 1301 4146 ut
1327 4094 1577 4148 nuntium
1604 4106 1907 4166 protegant.

649 4266 1039 4334 10.Forensis,
1087 4267 1471 4331 scholasticus,
1531 4282 1626 4326 aut
1685 4274 1835 4329 dives
1895 4276 1999 4331 nisi
2060 4293 2157 4349 per

578 4376 767 4417 sacros
798 4360 1017 4417 ordines
1063 4362 1358 4429 transierit,
1417 4379 1523 4418 non
1580 4376 1795 4420 creatur
1841 4370 2152 4441 episcopus.

2251 3618 2637 3690 στρατόπεδον,
2680 3618 2816 3673 ἀλλά
2852 3620 3055 3688 μᾶλλον
3080 3618 3329 3683 διάκονος
3360 3617 3657 3673 στέλλοιτο.

2321 3718 2391 3781 η’.
2423 3712 2548 3775 Τοῖς
2579 3711 2671 3763 ἐπὶ
2704 3712 2801 3783 τὴν
2848 3710 3183 3783 Ἐκκλησίαν
3228 3712 3643 3783 προσφεύγουσι
3672 3712 3846 3769 παντὶ

2253 3804 2430 3858 σθένει
2470 3804 2789 3874 βοηθητέον.

2323 3896 2389 3950 θ’.
2427 3894 2685 3964 ’Λδελςροῦ
2726 3896 2863 3967 πρὸς
2906 3895 3139 3965 ἀδελφὸν
3169 3897 3620 3966 ἀποστέλλοντος,
3650 3902 3679 3953 ό
3738 3918 3849 3973 μη-

2253 3987 2581 4059 τροπολίτης
2628 3990 2721 4041 τὸν
2756 3987 3057 4042 ἀπόστολον
3108 3989 3364 4060 ίσχυέτω,
3415 3992 3514 4044 καὶ
3570 3994 3847 4063 γραφέτω

2255 4082 2395 4153 πρὸς
2434 4082 2584 4147 τοὺς,
2631 4082 2690 4133 ἐν
2728 4077 2815 4145 οἷς
2858 4083 2892 4153 η
2946 4080 3176 4146 ἀξίωσις
3225 4082 3319 4135 τοῦ
3352 4083 3686 4149 ἐπισκόπου,
3747 4084 3846 4140 τοῦ

2256 4177 2559 4231 ἀποστόλου
2583 4175 3106 4247 ἀπιλαμόἀνεσθαι.

2330 4267 2385 4324 ι’.
2444 4270 2756 4339 Ἀγοραῖος,
2821 4268 3202 4338 σχολαστικὸς,
3260 4268 3293 4339 ἢ
3355 4268 3631 4336 πλούσιος,
3677 4272 3725 4324 εί
3768 4270 3849 4344 μὴ

2257 4362 2386 4423 τοὺς
2415 4361 2595 4432 ἱεροὺς
2621 4359 2822 4413 διέλθοι
2857 4358 3128 4430 βαθμοὺς,
3162 4362 3465 4425 ἐπίσκοπος
3489 4363 3551 4416 οὐ
3582 4364 3849 4418 καθίστα-

578 4454 854 4513 Graduum
885 4464 1063 4508 autem
1102 4454 1452 4510 interstitium
1508 4473 1578 4511 ne
1636 4460 1797 4516 nimis
1845 4462 2011 4516 breve
2061 4465 2128 4517 sit

2262 4473 2369 4509 ται.
2395 4455 2469 4508 Τὸ
2493 4455 2548 4507 δὲ
2576 4453 2686 4507 τῶν
2714 4452 2940 4523 βαθμῶν
2963 4453 3269 4524 διάστημα,
3301 4454 3361 4507 οὐ
3387 4455 3507 4509 λίαν
3526 4456 3808 4523 ὀλιγοστόν
3827 4470 3848 4488 ⁶

579 4562 686 4616 quo
717 4545 890 4617 major
920 4545 1047 4601 ﬁdei
1099 4562 1421 4618 morumque
1456 4550 1741 4619 probitatis
1798 4554 1915 4623 ejus
1964 4557 2136 4625 probat

2262 4536 2412 4599 διὀὗ
2444 4547 2505 4597 τὸ
2532 4544 2780 4614 δοκίμιον
2826 4545 2928 4615 τῆς
2974 4546 3234 4609 πίστεως,
3285 4549 3381 4599 καὶ
3429 4548 3850 4616 καλοκάγαθίας

584 4638 659 4692 ιίο
706 4636 892 4692 haberi
946 4637 1142 4709 possit.
1194 4637 1298 4709 Qui
1357 4642 1503 4695 enim
1567 4643 1727 4699 aliter
1777 4647 2155 4713 constituitur,

586 4732 888 4799 neopbytns
925 4742 1033 4786 est.
1300 4736 1303 4737 ⁷

656 4821 1069 4893 l1.Episcopus
1093 4824 1160 4877 ab
1192 4826 1443 4895 episcopo
1484 4828 1807 4895 accersitus,
1868 4830 1913 4883 si
1970 4830 2014 4885 is
2068 4847 2136 4902 qu

2338 4828 2428 4877 ια’.
2463 4822 2522 4875 ὐ
2552 4820 3030 4892 προσκαλούμενος
3058 4822 3357 4876 ἐπίσκοπον
3381 4822 3491 4896 [ίσ.
3521 4824 3849 4901 ἐπίσκοπος]

585 4918 815 4971 accersit
840 4917 1121 4987 imperitus
1147 4920 1238 4984 sit,
1275 4937 1340 4974 ne
1394 4921 1559 4976 nimis
1614 4924 1836 4977 assidue
1863 4925 2128 4979 concione

2265 4916 2325 4980 ἐξ
2356 4914 2677 4980 ἐπισκόπου,
2713 4912 2807 4967 τοῦ
2839 4913 3325 4985 προσκαλουμένου
3379 4917 3592 4971 ἰδιώτου
3637 4920 3852 4990 τυγχά-

588 5020 720 5062 tur:
794 5010 895 5064 hoc
958 5010 1103 5065 enim
1156 5011 1409 5079 imperito
1457 5015 1563 5068 erit
1622 5015 1898 5079 dedecori,
1966 5017 2136 5087 illeqw

2266 5028 2471 5071 νοντος,
2508 5008 2581 5079 μὴ
2628 5009 3023 5078 συνεχέστερον
3071 5008 3437 5081 δημηγοροίη.
3485 5009 3697 5081 Μῶμος
3738 5014 3854 5084 γὰρ

587 5103 961 5173 episcopatum
996 5103 1203 5160 ambire
1234 5104 1529 5172 videbitur,
1597 5122 1659 5161 ac
1701 5119 1932 5177 utraque
1976 5125 2132 5179 repre

2266 5104 2447 5166 τοῦτο,
2494 5101 2590 5154 τοῦ
2634 5101 2870 5166 ἰδιώτου,
2933 5100 3028 5155 καὶ
3084 5102 3353 5171 μνηστεία
3400 5101 3503 5173 τῆς
3533 5104 3855 5173 ἐπισκοπῆς

591 5193 891 5251 lieudenda.

2270 5196 2489 5265 ἐκείνῳ·
2522 5194 2618 5247 καὶ
2647 5194 2935 5262 ἀμφότερα
2968 5193 3069 5246 οὐκ
3100 5192 3403 5264 ἀμώμητα.

664 5285 752 5341 12.
777 5286 905 5341 Sine
934 5289 1083 5359 gravi
1118 5289 1451 5345 necessitate
1482 5290 1790 5346 diutissime
1852 5293 2136 5365 episcopur

2344 5284 2432 5357 ιβ’.
2479 5285 2751 5354 Ἀνάγκης
2817 5285 2941 5354 δίχα
3003 5282 3255 5356 βαρείας,
3314 5286 3577 5357 δυσχερὲς
3639 5286 3701 5341 τὸ
3759 5291 3858 5344 ἐπὶ

592 5392 622 5431 s
656 5394 750 5431 sua
780 5379 973 5433 abesse
1002 5380 1243 5463 Ecclesia
1268 5394 1433 5450 grave
1460 5390 1563 5435 est.

2273 5378 2523 5431 πλεῖστον
2584 5377 2675 5430 τὸν
2730 5377 3028 5430 ἐπίσκοπον
3091 5376 3192 5446 τῆς
3253 5378 3462 5443 οίκείας
3523 5379 3860 5451 Ἐκκλησίας

2273 5469 2777 5541 ἀπολιμπάνεσθαι.
3070 5526 3073 5527 ν

2348 5568 2437 5631 ιγ’.
2489 5562 2821 5625 Ἐπίσκοπος
2856 5562 3083 5633 κτήσεις
3138 5562 3474 5633 κεκτημένος
3504 5564 3859 5633 ὑπερορίους,

2276 5658 2324 5711 εί
2355 5656 2540 5727 μέλλοι
2569 5655 2799 5719 ταύταις
2820 5657 2979 5721 ίέναι,
3014 5653 3316 5728 χρονιζέτω
3341 5655 3417 5726 μὴ
3454 5656 3617 5709 πλέον
3648 5658 3866 5727 Κυρια-

2278 5749 2391 5807 κῶν
2437 5748 2609 5821 τριῶν
2644 5749 3048 5820 διαστήματος·
3078 5746 3221 5802 οὕτω
3258 5748 3365 5818 γὰρ
3402 5748 3433 5818 ἡ
3480 5746 3655 5801 οἰκεία
3693 5749 3859 5802 αὑτὸν

2262 4636 2429 4691 αὑτοῦ
2468 4634 2845 4707 δοκιμάζοιτε).
2880 4636 2941 4691 Ὀ
2972 4637 3080 4708 γὰρ
3117 4638 3342 4710 ἑτέρως,
3372 4641 3655 4709 νεόφυτος.

671 5561 739 5613 l3
794 5559 1089 5630 Episcopus
1149 5562 1237 5631 qui
1290 5562 1662 5631 possessiones
1718 5572 1873 5617 extra
1917 5566 2171 5620 dimeests

510 5724 511 5727 η
596 5668 709 5708 sua:
764 5652 964 5707 limites
1019 5652 1207 5718 habet,
1266 5654 1312 5711 si
1355 5669 1449 5709 eas
1504 5655 1777 5709 invisurus
1821 5657 1912 5722 sit,
1952 5673 2017 5711 ne
2050 5668 2163 5713 tres

598 5746 830 5816 amplius
861 5746 1166 5805 Doniinicas
1194 5758 1454 5805 moretur.
1488 5746 1580 5805 Sic
1608 5748 1753 5804 enim
1814 5750 1981 5821 ipsius
2036 5766 2171 5821 grex
