4060 6294
357 328 422 393 93
553 406 557 409 λ
1577 342 1941 407 SYNOPSIS
1978 344 2373 431 CANONUM.
3535 348 3606 416 94

357 456 555 527 ποίμνη
606 458 1073 533 καταπλουτήσει,
1116 460 1211 515 καὶ
1268 461 1428 526 αὐτὸς
1478 464 1683 533 ἄτυφος
1736 464 1920 536 διαμέ-

2030 480 2093 521 eo
2127 462 2353 532 fruetur,
2381 467 2602 538 ipscquc
2630 466 2802 525 fastus
2831 470 3140 531 suspicione
3168 470 3400 527 carebit.

356 565 512 602 νοιτο.

349 644 366 661 ⁸
425 641 501 696 ιδ’.
541 640 602 696 Ὀ
627 644 721 697 τὸν
769 643 1135 717 ἀκοινώνητον
1174 646 1399 701 ἄλλοθεν
1434 648 1721 713 κοινωνίας
1754 648 1926 714 ἀξιῶν

356 734 490 804 μετὰ
515 737 743 804 γνῶσιν,
770 738 871 793 οὐκ
906 739 1222 805 ἀνεύθυνος.

422 834 503 881 ιε’.
552 828 611 882 Ὀ
642 830 775 901 παρ’
811 830 1070 903 ὀξυχόλου
1106 835 1446 907 κατάκριτος
1474 836 1793 907 ἐπικουρίας
1814 835 1924 888 δεό·

352 939 509 995 μενος
536 924 638 977 οὐκ
665 925 999 992 ἀνάκουστος
1022 940 1037 956 ’
1074 927 1205 999 ἄχρι
1239 928 1295 983 δὲ
1335 931 1436 1001 τῆς
1478 930 1798 998 ἐπικουρίας
1825 928 1922 999 δη-

349 1012 477 1085 λαδὴ
506 1014 897 1087 ἀκοινώνητος.
1333 1039 1335 1042 ⁴

416 1113 512 1173 ις’.
545 1107 655 1163 Τδν
680 1110 963 1181 ἀλλότριον
1007 1111 1312 1184 ὑπηρέτην,
1344 1113 1626 1184 ἀλλότριος
1656 1114 1783 1183 δίχα
1823 1115 1920 1181 τῆς

346 1196 558 1250 ἐκείνου
611 1202 839 1272 γνώμης
893 1200 1179 1275 ἐμϐαθμον
1230 1205 1516 1271 καθιστὰς,
1577 1204 1918 1275 καθίστησιν,

345 1286 456 1340 ἀλλ’
486 1288 774 1345 ἀϐέϐαιον.

413 1400 497 1466 ιζ’.
529 1404 597 1458 Οἱ
631 1405 725 1458 ἐπὶ
751 1405 853 1476 τῆς
904 1368 1019 1460 τῶν
1049 1409 1370 1465 ἐπισκόπων
1402 1410 1741 1483 βραδύτητος
1780 1413 1919 1483 ὅροι,

344 1496 436 1550 καὶ
473 1499 575 1550 ἐπὶ
621 1498 1011 1570 πρεσϐυτέρων
1080 1503 1173 1557 καὶ
1212 1503 1477 1559 διακόνων
1522 1505 1707 1577 ἔχουσι
1758 1506 1921 1560 δύνα-

345 1604 455 1656 μιν.

410 1698 504 1771 ιη’.
566 1702 795 1770 Ἀδίκως
843 1708 1143 1772 ἐπίσκοπος
1190 1710 1573 1783 ἐλαυνόμενος,
1614 1712 1664 1765 εί
1706 1713 1801 1768 ἐπὶ
1852 1715 1917 1786 τῇ

2098 650 2181 705 lli.
2216 645 2882 717 Qui'excommunicatum
2937 635 3004 704 ab
3055 649 3165 704 alio
3211 648 3595 705 communi‘oue

2024 740 2298 810 dignatur,
2331 754 2389 794 re
2414 739 2653 811 cognita,
2681 756 2786 796 non
2816 752 2899 795 est
2926 741 3133 795 insons.

2099 834 2184 888 15.
2217 832 2299 885 Ab
2328 832 2593 886 iracundo
2645 834 3038 887 condemnatus
3084 834 3128 887 si
3173 832 3379 889 auxilio
3446 831 3591 887 iudi-

2022 937 2167 996 geat,
2200 923 2503 979 audiendus
2530 932 2634 978 est.
2662 924 2954 991 Quousque
3013 936 3145 977 vero
3175 923 3439 977 auxilium
3492 924 3597 978 im.-

2024 1017 2341 1087 petraverit,
2378 1014 2884 1070 excommunicatus
2913 1023 3149 1069 maneat.

2096 1108 2185 1163 16.
2218 1110 2464 1162 Alienum
2496 1107 2805 1161 ministrum
2839 1106 2883 1162 si
2917 1107 3036 1176 quis
3080 1108 3213 1161 citra
3261 1107 3407 1163 illius
3460 1105 3586 1176 Epi-

2024 1204 2174 1270 scopi
2227 1218 2551 1258 conseusum
2601 1202 2653 1256 iu
2698 1202 2878 1271 aliquo
2909 1204 3075 1273 gradu
3112 1203 3426 1267 constituat,
3472 1217 3604 1258 con-

2024 1295 2201 1349 stituit
2258 1295 2497 1365 quidem,
2548 1297 2641 1351 sed
2688 1294 2957 1351 ordinatio
3004 1294 3235 1349 invalida
3271 1302 3375 1349 est.

2093 1412 2181 1466 Π.
2207 1410 2279 1465 Ea
2310 1427 2428 1481 quae
2462 1412 2527 1464 de
2552 1410 2780 1479 longiori
2821 1410 3196 1479 episcoporum
3254 1423 3407 1464 mora
3460 1406 3598 1462 deliv-

2023 1502 2134 1559 uita
2172 1515 2316 1571 sunt,
2342 1502 2395 1558 iu
2428 1504 2757 1575 presbyteris
2791 1516 3007 1571 quoque
3051 1511 3107 1557 et
3168 1500 3414 1556 diacouis
3486 1500 3594 1553 vim

2024 1597 2248 1653 habent.

2095 1706 2185 1763 18.
2216 1704 2735 1778 Episcopusinjuste
2758 1704 3018 1776 expulsus
3046 1705 3091 1761 si
3162 1705 3214 1760 in
3264 1705 3440 1761 aliena
3492 1703 3597 1759 Ec-

340 1795 602 1866 ἀλλοτρία
646 1796 844 1868 διάγοι,
877 1801 1117 1871 δεκτέος,
1155 1803 1263 1867 ἕως
1304 1804 1404 1876 τὴν
1450 1805 1609 1879 ὓϐριν
1637 1806 1920 1861 ἐπανασώ-

2025 1799 2191 1857 clesia
2233 1800 2414 1870 degat,
2473 1798 2851 1868 suscipiendus
2909 1808 3014 1861 est.
3061 1800 3233 1853 donec
3285 1798 3596 1868 propulsata

342 1905 511 1947 σωτο.

412 2009 505 2069 ιθ’.
539 2013 804 2078 ’Δδεκτος
832 2014 861 2067 ό
884 2012 1151 2083 κληρικδς
1169 2013 1198 2066 ό
1239 2013 1315 2083 μὴ
1345 2009 1518 2065 τελῶν
1544 2014 1623 2075 είς
1657 2011 1756 2085 τὴν
1794 2012 1920 2068 Ἐκ-

340 2105 595 2173 κλησίαν,
628 2108 687 2160 ἐν
716 2101 753 2180 ᾖ
784 2105 1157 2177 κεκλήρωται.
1203 2106 1539 2175 Εὐτυχιανὸς
1578 2105 1764 2176 μέντοι
1824 2106 1922 2159 καὶ

338 2195 621 2259 Μουσαῖος
659 2194 964 2249 ἐπισκόπου
1006 2195 1202 2266 κλῆσιν
1242 2197 1344 2250 οὑκ
1378 2194 1734 2267 ἐκδικήσουσι
1759 2214 1775 2229 ο
1804 2213 1924 2250 κοι-

336 2286 536 2350 νωνίας
564 2288 750 2357 μέντοι
774 2288 918 2342 κατὰ
942 2288 1071 2352 τοὺς
1096 2288 1345 2356 λαϊκοὺς,
1380 2289 1478 2343 ἐὰν
1506 2288 1760 2357 θέλωσιν,
1792 2292 1918 2343 ἐπι-

336 2377 649 2444 τεύξονται.

405 2487 480 2552 κ’.
516 2489 582 2545 Ὀ
610 2489 677 2544 τὰ
704 2490 907 2556 καλῶς,
939 2493 1032 2549 καὶ
1062 2492 1372 2564 θεαρέστως
1394 2492 1733 2565 ἐνηνεγμένα
1762 2495 1917 2567 τύφῳ

338 2582 761 2655 παρασαλεῢσαι
793 2584 1156 2655 πειρώμενος,
1192 2586 1293 2642 οὐκ
1315 2587 1641 2652 ἐπίσκοπος.

412 2768 520 2816 κα’.
555 2761 902 2833 τεθεαμενος
941 2761 1240 2826 ἐπίσκοπος
1286 2762 1586 2817 ἐπίσκοπον
1625 2766 1921 2836 ἐρχόμενον

338 2855 398 2916 ἐν
433 2855 806 2926 στρατοπέδῳ,
843 2853 1099 2926 ἐμποδὼν
1134 2857 1209 2929 μὴ
1243 2856 1501 2924 γινέσθω,
1529 2859 1577 2910 εἰ
1599 2857 1755 2927 γνοίη
1780 2860 1922 2912 κατά

337 2963 392 3006 τι
420 2946 532 3003 τῶν
552 2949 970 3018 προειρημένων
997 2947 1293 3019 ἐρχόμενον
1312 2964 1326 2981 ο
1354 2950 1403 3002 εί
1422 2948 1466 3002 δ’
1492 2948 1689 3015 ἄλλως,
1715 2967 1923 3025 προαγ-

339 3038 583 3109 γελλέτω
607 3040 667 3093 τὸ
690 3038 1078 3112 ἀκοινώνητον.

825 3218 1095 3274 Συνόδου
1128 3219 1422 3289 Ἀφρικῆς.

408 3315 476 3363 α’.
518 3308 579 3364 '0
609 3312 711 3379 τῆς
747 3310 955 3373 οἰκείας
986 3311 1304 3381 ὁμολογίας,
1335 3313 1368 3387 ἦ
1404 3314 1734 3389 ὑπογραφῆς
1763 3315 1922 3369 ἐναν-

343 3401 473 3465 τίος,
508 3402 724 3455 οἴκοθεν
758 3400 870 3469 ἕξει
904 3401 967 3454 τὸ
989 3400 1207 3472 ἄτιμον.

412 3493 482 3571 β’.
517 3491 578 3549 '0
613 3495 791 3565 ἱερεὺς
849 3497 1144 3569 κουράτωρ
1170 3499 1231 3554 οὗ
1266 3502 1500 3570 γίνεται.

410 3592 481 3656 γ’.
522 3585 581 3641 Ὀ
607 3587 799 3659 ἔνηόος
829 3589 1186 3661 ἀναγνώστης
1222 3593 1255 3663 ἢ
1292 3596 1642 3665 ἐγκράτειαν,
1688 3593 1719 3664 ἦ
1756 3594 1921 3659 συζυ-

254 3725 261 3733 .
342 3681 468 3751 γίαν
492 3683 727 3752 ὁμολογε
739 3684 859 3740 ίτω.

410 3770 473 3826 δ’.
514 3774 573 3826 '0
604 3772 709 3845 πρὸ
735 3774 849 3827 τῶν
873 3781 921 3828 κ’
969 3777 1065 3834 καὶ
1098 3776 1264 3831 πέντε
1292 3778 1504 3850 χρόνων
1548 3780 1817 3845 διάκονος,
1857 3780 1918 3832 οὐ

342 3864 609 3929 διάκονος.

410 3965 473 4017 ε’.
510 3958 602 4031 Τῷ
644 3959 739 4013 τοῦ
782 3960 1204 4034 τελευτήσαντος
1239 3962 1452 4035 σώματι
1486 3963 1827 4037 Εὐχαριστία
1857 3965 1920 4020 οὐ

341 4050 573 4106 δίδοται·
608 4054 668 4106 οὐ
694 4053 805 4127 γὰρ
826 4054 996 4108 ἐσθίει
1027 4055 1060 4128 ἢ
1093 4056 1266 4113 πίνει.

413 4143 492 4225 ς’.
530 4146 595 4200 Οί
633 4148 704 4202 τὰ
738 4147 860 4218 ἱερὰ
909 4149 1306 4221 χειριζόμενοι,
1339 4152 1438 4207 καὶ
1476 4152 1587 4205 ἀπὸ
1626 4151 1735 4207 τῶν
1780 4168 1921 4222 συμ-

347 4240 501 4303 ϐίων,
532 4238 676 4297 κατὰ
702 4241 831 4305 τοὺς
862 4240 1025 4307 ἰδίους
1060 4243 1241 4313 ὄρους,
1269 4245 1810 4317 ἐγκρατευέσθωσαν.

359 4370 361 4372 -
414 4330 482 4396 τ.
523 4332 745 4403 Ἀρτος,
776 4334 869 4388 καὶ
896 4329 1038 4401 οίνος
1066 4333 1221 4390 ὕδατι
1262 4338 1608 4410 κεκραμένος
1652 4336 1922 4410 προσαγὲ·

345 4422 480 4487 σθω,
511 4422 606 4477 καὶ
638 4424 818 4495 μόνον.

407 4521 479 4585 η’.
520 4514 582 4568 ΒΞ
617 4516 693 4587 μὴ
721 4516 830 4570 ἀπὸ
851 4519 1129 4593 νηστικῶν
1163 4517 1296 4587 ἆγια
1314 4518 1376 4571 οὐ
1412 4519 1770 4592 προσάγεται.

408 4605 479 4687 θ’.
515 4606 732 4680 Θέατρα
781 4610 1093 4681 Κυριακαῖς
1146 4608 1242 4665 καὶ
1315 4612 1533 4683 ἐορταῖς
1581 4611 1644 4673 οὐ
1695 4610 1921 4682 συνάγε-

339 4715 423 4753 ται
430 4737 448 4753 ο

412 4796 466 4847 ι’.
496 4791 579 4845 Τὰ
609 4793 673 4845 ἐκ
699 4793 800 4862 τῆς
830 4793 1054 4865 ἐθνικῆς
1088 4795 1283 4861 ἐθὰδος
1317 4795 1618 4868 τελούμενα
1655 4795 1737 4857 ἔτι
1777 4814 1921 4868 συμ-

339 4883 505 4938 πόσια
536 4900 605 4940 πε
613 4885 1063 4960 ριαιρείσθωσαν,

332 4994 335 4997 ·
408 4972 501 5030 ια’.
527 4975 903 5053 Θυσιαστήρια
932 4980 991 5040 ἐν
1019 4981 1210 5053 ἀγροῖς
1241 4982 1274 5062 ἢ
1316 4981 1607 5055 ἀμπελῶσι
1667 4983 1922 5038 συνιστά-

342 5085 502 5148 μενα,
534 5071 594 5123 ἐν
654 5064 735 5131 οἷς
761 5072 824 5124 οὐ
851 5072 1107 5141 λείψανον
1148 5078 1327 5129 κεῖται
1379 5076 1682 5149 μάρτυρος,
1743 5079 1791 5137 εἰ
1844 5078 1921 5149 μὴ

337 5157 599 5230 δημόσιος
629 5160 862 5231 θόρυϐος
894 5164 1129 5233 γίνεται,
1165 5168 1607 5238 καταστρέφεται
1630 5185 1645 5200 ο
1688 5171 1782 5222 καὶ
1820 5171 1917 5227 ὅσα

337 5247 407 5302 δι’
434 5248 732 5315 ἐνυπνίων,
758 5251 855 5305 καὶ
877 5252 1277 5330 ἀποκαλύψεων
1300 5257 1616 5317 συνίσταται
1645 5255 1915 5325 ματαίων,

337 5341 620 5405 ἀσύστατα
646 5342 831 5411 ξόανα,
860 5342 1009 5409 ἅπαν
1040 5347 1139 5400 καὶ
1167 5346 1389 5403 εἴδωλον
1406 5386 1422 5402 .

406 5517 499 5592 ιβ’.
534 5522 601 5576 οι
631 5521 988 5592 γεννηθέντες
1018 5522 1297 5597 εὐσεϐείᾳ,
1337 5523 1432 5578 καὶ
1476 5525 1661 5578 πίστει
1696 5524 1918 5595 διατραο

339 5613 528 5683 φέντες
584 5611 847 5683 βασιλεῖς,
886 5616 1046 5686 χεῖρα
1085 5617 1352 5687 παρέχειν
1395 5619 1517 5682 ταῖς
1557 5617 1916 5685 Ἐκκλησίαις

335 5705 642 5777 ὀφείλουσιν
661 5721 676 5735 ·
714 5704 837 5758 ἐπεὶ
858 5705 952 5760 καὶ
991 5707 1205 5761 Παύλου
1230 5708 1513 5778 δεομένου,
1546 5709 1915 5782 στρατιωτικὴ

338 5797 458 5880 χεὶρ
494 5796 596 5871 τὴν
626 5796 738 5859 τῶν
767 5795 1020 5859 ἀτάκτων
1046 5799 1261 5856 διέλυσε
1299 5800 1634 5879 σύμπνοιαν.

2030 1892 2230 1965 injuria
2261 1893 2493 1963 pristino
2526 1892 2691 1949 statui
2728 1892 3018 1946 restitutus
3044 1890 3136 1947 sit.

2098 2011 2187 2067 19.
2212 2009 2454 2065 Clericus
2490 2025 2592 2065 non
2629 2010 2830 2077 degens
2862 2008 2917 2063 iu
2952 2007 3193 2064 Ecclesia
3238 2007 3293 2062 in
3347 2021 3454 2077 qua
3508 2021 3602 2061 or—

2023 2108 2241 2163 dinatus
2264 2115 2370 2170 est,
2403 2119 2508 2159 non
2540 2111 2623 2159 est
2671 2101 3041 2171 recipiendus.
3106 2099 3474 2170 Eutycbianus
3518 2110 3600 2151 ta-

2025 2215 2146 2255 meu
2189 2207 2245 2253 et
2284 2197 2515 2252 Musaeus
2555 2196 2792 2264 episcopi
2850 2192 3265 2263 appellationem
3324 2200 3430 2246 non
3492 2190 3596 2248 sibi

2023 2291 2430 2345 vindicabunt:
2481 2286 2918 2342 communionem
2969 2298 3103 2341 vero
3152 2298 3275 2340 cum
3326 2281 3503 2347 laicis,
3550 2281 3599 2337 si

2022 2383 2318 2446 voluerint,
2350 2390 2779 2450 consequentur.

2094 2500 2186 2554 20.
2220 2497 2478 2567 Quisquis
2528 2512 2591 2551 ea
2652 2510 2772 2565 qure
2811 2505 2957 2549 recte
3005 2503 3059 2545 et
3102 2506 3165 2547 ex
3211 2490 3400 2545 dmuo
3456 2503 3596 2559 prte-

2022 2593 2227 2659 scripto
2251 2590 2394 2645 edita
2442 2597 2568 2642 sunt
2597 2602 2691 2655 per
2732 2584 3095 2655 arrogantiam
3128 2581 3457 2638 labefactare
3498 2595 3593 2637 co-

2023 2694 2201 2745 natur,
2238 2697 2345 2735 non
2375 2692 2456 2734 est
2490 2678 2800 2747 episcopus.

2094 2773 2186 2827 2i.
2218 2771 2511 2841 Episcopus
2547 2770 2591 2823 si
2662 2768 2857 2823 viderit
2908 2768 3223 2837 cpierpum
3287 2766 3354 2821 ad
3415 2763 3595 2819 aulam

2024 2864 2288 2938 principis
2315 2871 2555 2925 euntem,
2592 2876 2659 2915 ne
2688 2861 2758 2914 sit
2783 2862 2831 2915 ei
2871 2861 3277 2931 impedimento,
3325 2859 3594 2927 siquidem

2027 2957 2343 3028 cognoverit
2394 2969 2519 3011 eum
2576 2953 2646 3009 ob
2695 2954 2897 3023 aliquid
2944 2971 3129 3008 eorum
3180 2968 3300 3025 quae
3342 2953 3596 3022 pradicta

2026 3062 2154 3107 sunt
2203 3049 2471 3120 proﬁcisci
2501 3090 2516 3115 ,
2562 3049 2606 3102 si
2632 3062 2811 3114 secus,
2861 3048 3479 3102 excommunicatiouem
3544 3044 3597 3101 ei

1948 3155 1994 3217 ο
2026 3145 2325 3201 denuntiet.

2540 3230 2741 3301 Synodi
2792 3229 3079 3300 Africanar.

2095 3330 2119 3383 1
2210 3326 2310 3395 Qui
2373 3327 2605 3393 propria:
2643 3322 2972 3383 confessioni
3042 3330 3137 3375 aut
3211 3319 3596 3390 subscriptioni

2024 3425 2367 3486 adversatur,
2404 3430 2615 3474 suomet
2646 3418 2853 3489 judicio
2878 3416 3171 3486 ignominia
3206 3414 3506 3470 notabitur.

2092 3518 2147 3569 2.
2174 3515 2442 3570 Sacerdos
2468 3528 2573 3567 non
2608 3511 2664 3566 lit
2689 3518 2932 3566 curator.

2094 3608 2148 3664 ὅ.
2187 3605 2384 3661 Lector
2421 3604 2588 3675 pubes
2640 3612 2734 3657 aut
2792 3600 3207 3666 continentiam,
3273 3606 3369 3653 aut
3408 3596 3599 3668 conju-

2020 3702 2166 3771 ginm
2194 3699 2476 3765 proﬁteatu
2492 3713 2535 3751 r.

2088 3787 2144 3842 4.
2170 3785 2270 3851 Qui
2296 3787 2360 3839 ad
2389 3786 2739 3841 diaconatum
2773 3791 2901 3838 aute
2928 3781 3118 3850 viginti
3148 3781 3389 3851 quinque
3425 3795 3601 3836 annos

2023 3890 2308 3949 provectus
2344 3888 2447 3945 est,
2480 3895 2585 3935 non
2611 3888 2694 3934 est
2732 3878 3016 3935 diaconus.

2093 3969 2148 4027 5.
2184 3968 2431 4025 Defuncti
2465 3969 2682 4038 corpori
2716 3968 3060 4031 Eucharistia
3096 3983 3205 4023 non
3240 3969 3436 4024 datur:
3488 3982 3597 4025 non

2022 4064 2168 4118 enim
2199 4062 2436 4117 comedit
2454 4071 2546 4117 aut
2573 4061 2729 4121 bibit.

2093 4152 2146 4208 6.
2173 4152 2272 4222 Qui
2303 4168 2387 4208 res
2418 4166 2606 4207 sacras
2642 4159 2904 4219 tractant,
2932 4150 3001 4211 ab
3056 4148 3338 4215 uxoribus,
3396 4162 3598 4205 secun-

2024 4242 2149 4297 dum
2191 4250 2416 4305 statuta,
2458 4241 2784 4295 abstineant.

2093 4333 2148 4387 7.
2178 4331 2342 4387 Panis
2371 4341 2428 4386 ct
2458 4334 2642 4389 vinum
2674 4344 2813 4401 aqua
2870 4331 3120 4396 mistnm,
3148 4326 3410 4386 oli‘cratur
3440 4329 3599 4398 idque

2022 4425 2221 4481 solum.

1948 4511 1995 4567 D
2087 4517 2141 4570 8.
2168 4516 2367 4571 Sancta
2400 4513 2503 4568 nisi
2538 4528 2565 4567 a
2585 4513 2783 4582 jejunis
2810 4529 2916 4568 non
2946 4510 3270 4567 on‘eruntur.

2092 4608 2146 4663 9.
2178 4605 2413 4661 Theatra
2452 4605 2773 4673 Dominicis,
2807 4612 2903 4659 aut
2925 4603 3076 4658 festis
3102 4602 3293 4658 diebus
3324 4617 3433 4657 nou
3487 4601 3597 4658 l're-

2022 4706 2375 4767 quentantur.

2094 4790 2184 4846 10.
2249 4791 2382 4857 Qua:
2435 4806 2502 4853 ex
2548 4792 2733 4863 gentili
2794 4789 3187 4847 consuetudine
3235 4788 3412 4843 adhuc
3448 4785 3597 4842 cele-

2021 4882 2252 4937 brantur
2286 4884 2559 4948 convivia,
2592 4885 2874 4939 tollantur.

2092 4976 2181 5029 11.
2215 4974 2421 5043 Aitaria
2450 4991 2568 5045 quas
2605 4977 2657 5031 in
2717 4977 2864 5047 agris
2919 4984 3013 5030 aut
3072 4974 3248 5030 vincis
3309 4982 3590 5028 exstructa

2021 5077 2170 5133 sunt,
2222 5068 2273 5120 in
2324 5069 2522 5135 quibus
2566 5068 2826 5139 martyris
2894 5066 3125 5135 alicujus
3183 5064 3425 5134 reliquias
3480 5080 3591 5116 non

2021 5168 2151 5216 sunt
2180 5161 2450 5233 repositae,
2489 5161 2590 5235 nisi
2621 5161 2898 5234 popularis
2945 5159 3212 5214 tumultus
3265 5158 3378 5222 nat,
3440 5171 3600 5211 ever-

2022 5261 2246 5316 tuntur;
2302 5262 2358 5308 et
2411 5268 2750 5323 quzecuuque
2810 5269 2909 5324 per
2975 5250 3247 5307 insomnia
3320 5261 3597 5316 vanasque

2023 5345 2383 5401 revelationes
2408 5354 2606 5401 erectae
2637 5353 2767 5401 sunt
2800 5352 3016 5409 statuae,
3052 5357 3116 5398 ac
3176 5340 3454 5410 quodlibet
3513 5339 3591 5394 εἰ-
3674 5363 3678 5366 ⁴

2018 5437 2340 5503 mulacrutu,
2369 5437 2661 5492 evertenda
2695 5446 2846 5494 sunt.

2093 5530 2180 5584 12.
2240 5529 2543 5599 Principes,
2599 5529 2689 5599 qui
2751 5531 2805 5584 in
2856 5529 3058 5599 pietate
3105 5528 3299 5599 geniti,
3337 5522 3589 5593 atquein

2016 5620 2122 5677 ﬁde
2152 5621 2370 5678 educati
2395 5631 2543 5687 sunt,
2610 5635 2828 5675 manum
2878 5621 3119 5692 praebere
3180 5616 3445 5672 Ecclesiis
3500 5615 3594 5667 de-

2016 5714 2147 5771 bent
2187 5730 2203 5768 :
2247 5713 2712 5782 quandoquidem,
2767 5713 3044 5782 indigente
3099 5710 3287 5775 Paulo,
3340 5705 3592 5762 militaris

2020 5819 2212 5867 manus
2241 5803 2596 5861 factiosorum
2621 5803 3084 5869 consuirationem
3112 5797 3422 5871 dissipavit.
