4060 6294
488 301 562 364 95
1741 313 2114 381 ARISTENI
2154 320 2509 384 MONACHI
3200 295 3204 299 ’
3672 334 3743 397 οδ

556 412 643 464 l3.
667 405 773 477 Qui
800 413 1073 482 publicum
1108 418 1175 472 ah
1200 417 1530 489 imperatore
1556 420 1825 493 judicium
1904 426 2058 494 petit,
2088 427 2136 487 Α

484 520 588 557 nun
615 517 699 559 est
716 570 721 571 ί
737 508 999 564 dicendus
1024 512 1331 584 episcopus.

553 595 639 648 16.
677 596 779 662 Qui
823 600 1055 666 primum
1093 614 1373 671 parentem
1409 608 1542 663 dicit
1563 611 1730 664 etiam
1769 613 1889 668 sine
1934 630 2061 685 pec-

481 695 601 741 calo
628 689 953 745 moriturum
975 690 1147 750 fuisse
1174 709 1392 766 propter
1419 710 1625 758 natura:
1650 708 2058 775 necessitatem,

479 777 790 834 anathema.

550 869 640 924 l5.
681 871 938 943 Quisquis
976 876 1211 935 infantes
1231 884 1325 951 qui
1364 899 1557 942 recens
1599 890 1709 943 nati
1772 891 2056 963 baptizan-

480 970 589 1024 tur,
633 964 763 1016 dicit
793 966 930 1021 nihil
967 984 1033 1023 ex
1070 972 1261 1025 Adami
1325 988 1546 1043 peccato
1615 982 1853 1049 trahere,
1910 988 2053 1053 quod

479 1053 746 1122 baptismo
777 1070 1136 1131 expurgetur,
1174 1068 1545 1123 exsecrandus
1580 1082 1682 1127 est.
1737 1072 1843 1129 Per
1885 1092 2054 1133 unum

475 1145 619 1198 enim
662 1164 807 1203 mors
841 1164 892 1204 et
928 1165 1208 1223 peccatum
1244 1159 1295 1211 in
1328 1168 1442 1229 toto
1474 1167 1694 1219 mundo.

555 1238 640 1291 i6.
678 1239 935 1312 Quisquis
976 1248 1230 1317 epinatur
1272 1250 1367 1306 Dei
1412 1258 1637 1323 gratiam
1681 1261 2053 1319 remissionem

481 1335 655 1390 solam
694 1352 1036 1406 peccatorum
1068 1344 1180 1415 jam
1217 1350 1626 1407 commissorum
1670 1362 1966 1425 continere,
2000 1369 2055 1417 at

478 1446 582 1484 non
615 1434 779 1486 etiam
811 1432 1117 1491 futurorum
1150 1440 1434 1507 auxilium,
1466 1444 1548 1498 bis
1578 1448 1914 1505 maledictus.

548 1523 635 1577 17.
671 1523 987 1597 Quicunque
1027 1531 1309 1599 prmdicat,
1336 1535 1540 1607 absque
1574 1543 1745 1609 gratia
1783 1559 1883 1599 nos
1916 1547 2052 1601 ditii-

474 1615 637 1671 eilius
660 1619 902 1687 quidem,
931 1629 1166 1677 attamen
1198 1624 1495 1697 adimplere
1526 1634 1799 1702 mandata,
1831 1646 1911 1691 ter
1940 1655 2055 1693 ma-

471 1709 727 1775 ledictus;
758 1727 879 1764 nam
910 1712 1038 1768 Sine
1066 1732 1166 1780 me,
1187 1716 1362 1787 inquit
1389 1720 1668 1791 Dominus,
1688 1744 1792 1783 non
1831 1734 2049 1799 potestis

471 1795 646 1864 facere
681 1800 972 1872 quidquam
996 1802 1040 1857 ⁸.
1518 1836 1519 1839 η

544 1889 819 1962 Theologo
852 1895 1099 1963 docente,
1131 1900 1173 1955 si
1209 1899 1458 1959 dicamus
1492 1908 1632 1975 quod
1669 1922 1950 1979 peccatum
1995 1917 2047 1973 in

470 1981 629 2048 nobis
653 1999 758 2040 non
782 1988 920 2053 est”,
944 2004 1045 2044 nos
1068 1988 1211 2060 ipsos
1232 1992 1482 2065 decipere
1515 2016 1529 2052 :
1560 2015 1624 2057 ac
1647 2006 1736 2071 qui
1766 2020 2045 2077 perperam

469 2074 857 2141 interpretatur
877 2081 1023 2149 quod
1047 2096 1152 2139 nou
1179 2099 1325 2153 vere,
1353 2088 1445 2143 sed
1468 2105 1587 2145 cum
1616 2074 1920 2155 humilitate
1949 2102 2049 2157 hoc

468 2166 686 2230 dixerit,
714 2170 1028 2227 anathema.

539 2258 628 2314 l8.
662 2259 763 2326 Qui
811 2262 1046 2334 explicat
1088 2267 1218 2324 illud
1262 2287 1278 2324 :
1328 2272 1393 2326 Et
1433 2274 1637 2331 dimitte
1684 2282 1831 2336 nobis
1871 2283 2047 2342 debita

466 2358 667 2414 nostra,
705 2351 997 2408 multorum
1037 2356 1246 2427 dicens,
1280 2378 1383 2418 non
1425 2368 1636 2438 singula
1678 2386 1742 2428 ac
1784 2375 2047 2447 cujusque

466 2445 707 2514 propria,
743 2447 1050 2503 anathema.
1085 2449 1220 2506 Cum
1268 2454 1453 2513 Daniel
1491 2463 1669 2517 videat
1701 2480 1823 2521 cum
1869 2445 2047 2527 multis

464 2538 737 2590 dicentem
782 2554 797 2591 :
844 2536 1113 2609 Conﬁteor
1137 2558 1356 2610 peccata
1389 2567 1505 2606 mea
1538 2564 1586 2607 et
1618 2570 1833 2624 peccata
1865 2562 2044 2630 populi

462 2630 562 2681 mei
582 2628 622 2683 ⁸.

535 2722 620 2777 l9.
655 2722 831 2783 Iudex
876 2746 907 2787 a
952 2733 1162 2791 duabus
1201 2742 1448 2808 partibus
1489 2748 1757 2816 expetitus
1802 2751 2041 2806 recusari

459 2826 575 2867 non
604 2828 795 2884 potest.

531 2905 621 2961 20.
661 2911 955 2987 Episcopus
983 2934 1145 2988 quam
1178 2923 1456 2995 suscipere
1482 2928 1639 2985 debet
1661 2930 2038 2993 haereticorum

461 3011 648 3055 curam
695 3007 992 3078 negligens,
1029 3024 1191 3082 atque
1239 3018 1569 3086 admonitus,
1602 3025 1648 3078 si
1684 3026 1735 3080 in
1769 3042 1868 3083 sua
1902 3032 2041 3089 dite-

2238 437 2327 499 t'r'.
2353 434 2633 503 Δημοσίαν
2668 434 2852 506 κρίσιν
2885 437 2913 489 ό
2940 435 3090 509 παρά
3115 436 3382 508 βασιλέως
3416 441 3608 510 αἰτῶν,
3641 443 3743 498 οὐκ

2165 522 2471 590 ἐπίσκοπος

2245 619 2330 673 ιδ’.
2364 621 2470 673 Τὸν
2523 620 2954 691 πρωτόπλαστον
3007 623 3037 677 ό
3091 623 3268 692 λέγων
3325 627 3424 681 καὶ
3477 628 3603 698 δίχα
3636 630 3737 698 τῆς

2164 716 2443 785 ἁμαρτιας
2499 714 2878 782 τεθνήξεσθαι,
2928 716 3000 769 δι’
3049 717 3302 789 ἀνάγκην
3346 721 3446 791 τῆς
3497 720 3737 792 φύσεως,

2159 806 2431 876 ἀνάθεμα.

2235 896 2319 951 ιε’.
2352 898 2418 951 ’0
2441 898 2511 951 τὰ
2537 899 2729 968 νεογνά
2759 898 3136 972 βαπτιζόμενα
3167 900 3342 970 λέγων
3363 903 3532 975 μηδὲν
3558 902 3742 957 ἕλκειν

2159 990 2225 1043 ὲκ
2257 990 2353 1060 τῆς
2379 989 2472 1043 τοῦ
2516 991 2686 1061 Ἀδὰμ
2737 994 3017 1064 ἁμαρτίας
3046 995 3141 1046 ατδ
3188 995 3606 1067 καθαιρόμενον,
3632 999 3737 1051 ἑπ-

2159 1084 2383 1152 ἀρατοςο
2405 1080 2494 1135 διὰ
2521 1082 2626 1151 γὰρ
2644 1082 2741 1137 τοῦ
2765 1083 2911 1154 ἐνὸς,
2932 1084 3026 1138 καί⁵
3048 1088 3075 1140 ὁ
3095 1088 3349 1151 θάνατος,
3375 1088 3469 1142 καί
3495 1090 3531 1159 ἠ
3552 1091 3739 1163 ἀμαρ-

2156 1171 2247 1224 τία
2277 1172 2639 1241 παγκόσμιος.
2878 1162 2881 1165 Α

2233 1268 2328 1327 ις’.
2376 1264 2433 1317 Ὀ
2458 1264 2698 1329 δοξάζων
2731 1264 2829 1336 τὴν
2867 1268 2963 1321 τοῦ
2995 1267 3138 1322 Θεοῦ
3158 1268 3319 1340 χάριν
3347 1270 3516 1343 μόνην
3540 1271 3739 1339 ἄφεσιν

2152 1354 2263 1408 τῶν
2293 1356 2393 1427 ἠδη
2427 1358 2986 1429 πεπλημμελημένων
3041 1362 3295 1433 ὑπέχειν,
3345 1363 3483 1418 ἀλλά
3524 1365 3599 1438 μὴ
3640 1368 3735 1421 καὶ

2152 1448 2262 1500 τῶν
2302 1449 2608 1518 μελλόντων
2639 1451 2893 1525 βοήθειαν
2930 1495 2945 1520 ,
2972 1454 3055 1519 δίς
3078 1438 3381 1526 ἐπάρατος.

2225 1539 2309 1604 ιζ’.
2359 1542 2418 1595 Ὀ
2447 1542 2764 1615 κηρύσσων,
2799 1546 2883 1599 ὅτι
2928 1546 3052 1618 δίχα
3097 1549 3199 1618 τῆς
3223 1550 3447 1621 χάριτος
3467 1550 3731 1631 δυσχερε-

2155 1633 2363 1702 στέρως
2392 1636 2511 1705 μὲν,
2547 1636 2664 1689 ἀλλ’
2686 1632 2779 1691 οὖν
2802 1640 3189 1710 ὲκπληροῢμεν
3213 1643 3312 1705 τὰς
3341 1642 3583 1706 ἐντολὰς,
3611 1645 3734 1713 τρὶς

2076 1770 2124 1830 Β
2157 1725 2449 1797 ἐπάρατος*
2482 1729 2671 1797 Χωρίς
2699 1730 2809 1804 γὰρ
2834 1731 3007 1801 ἐμοῦ,
3030 1735 3058 1785 ό
3093 1732 3298 1803 Κύριος
3326 1730 3508 1801 εἶπεν,
3533 1738 3604 1791 οὐ
3628 1735 3732 1791 δύ·-

2151 1818 2342 1871 νασθε
2373 1817 2581 1875 ποιεῖν·Δ
2594 1818 2796 1880 οὐδέν.

2226 1906 2332 1960 Τοῦ
2358 1907 2619 1977 Θεολόγου
2679 1911 3055 1980 θεολογοῦντος
3087 1914 3193 1980 ὅτι,
3224 1916 3319 1967 ἐὰν
3347 1914 3600 1980 εἴπωμεν
3642 1917 3730 1971 ὅτι

2151 1999 2397 2068 ἁμαρτία
2430 2003 2488 2055 ἐν
2520 2003 2651 2073 ἡμῖν
2687 2003 2788 2057 οὐκ
2815 2003 2986 2067 ἔστιν,
3020 2006 3249 2069 ἑαυτοὺς
3272 2008 3573 2078 ἀπατῶμεν
3595 2025 3610 2039 ο
3633 2011 3732 2063 καὶ

2150 2094 2180 2151 ὁ
2202 2094 2644 2166 παρερμηνεύων
2675 2096 2756 2149 ὅτι
2789 2099 2890 2149 οὐκ
2921 2097 3158 2167 ἀληθῶς,
3203 2099 3340 2156 ἀλλά
3363 2102 3730 2171 ταπεινοφρό‹

2149 2204 2254 2251 ve);
2286 2188 2478 2260 εἴρηκε
2506 2187 2688 2254 τοῦτο,
2717 2188 2988 2259 ἀνάθεμα.

2224 2286 2315 2349 ιη’.
2353 2280 2412 2333 Ὀ
2440 2281 2819 2351 ωραφράζων
2852 2283 2933 2346 τὸ,
2972 2285 3159 2351 Ἀφες
3202 2284 3346 2353 ἡμῖν
3376 2285 3448 2339 τὰ
3491 2284 3727 2353 698th)-

2143 2388 2305 2439 ματα
2336 2370 2525 2440 ἡμῶν,
2574 2373 2641 2425 τὰ
2674 2375 2782 2426 τῶν
2832 2374 3044 2428 πολλῶν
3074 2375 3251 2445 λέγων
3276 2415 3291 2445 ,
3323 2377 3423 2447 οὐχ
3466 2377 3724 2443 ἕκαστον,

2148 2462 2244 2517 καὶ
2272 2465 2339 2517 τὰ
2371 2467 2572 2529 οἰκεῖα,
2616 2465 2885 2537 ἀνάθεμα.
2924 2468 3077 2521 Μετά
3110 2469 3321 2522 πολλῶν
3368 2471 3462 2524 καὶ
3492 2472 3584 2523 τόν
3614 2472 3723 2524 Aa-

2148 2556 2266 2628 νιὴλ
2302 2557 2516 2626 βλέπων
2542 2559 2789 2627 λέγοντα,
2838 2559 3343 2630 Ἐξομολογοῦμαι
3382 2562 3491 2626 τὰς
3538 2561 3727 2632 ἀμαρο

2144 2648 2276 2714 τίας
2301 2666 2441 2717 μου,
2470 2648 2570 2701 καὶ
2602 2649 2710 2716 τὰς
2740 2650 3033 2719 ἁμαρτίας
3060 2650 3167 2704 τοῦ
3193 2652 3350 2705 λαοῦ
3367 2669 3509 2720 μου.

2216 2740 2303 2796 ιθ’.
2336 2739 2542 2813 Κριτής
2564 2742 2919 2815 ἑπιᾲητηθεὶς
2944 2745 3010 2796 ὲκ
3042 2744 3151 2799 τῶν
3186 2744 3280 2797 δύο
3311 2744 3499 2816 μερῶν
3531 2744 3728 2817 ἀπερί-

2144 2850 2416 2905 γραπτος.

2214 2927 2285 2982 κ’.
2328 2928 2685 3001 Περιφρονῶν
2732 2929 3035 2992 ἐπίσκοπος
3068 2931 3168 3002 τὴν
3212 2931 3357 3003 ὑπὲρ
3383 2930 3494 3003 τῶν
3521 2932 3726 3002 αἱρετι-

2142 3019 2257 3072 κῶν
2286 3020 2633 3089 ἐπιμέλειαν,
2669 3024 2763 3076 καί
2801 3023 3378 3094 ὑπομιμνησκόμενος,
3410 3026 3460 3077 εἰ
3492 3027 3585 3077 ἐπὶ
3618 3026 3721 3095 τῆς

459 3092 568 3146 cesi
609 3094 788 3164 degat,
820 3116 991 3171 usque
1034 3105 1100 3160 ad
1149 3121 1241 3161 sex
1294 3124 1527 3178 menses,
1561 3128 1709 3171 caret
1748 3121 1975 3178 crimine
2021 3144 2034 3181 :

2144 3110 2281 3176 ἰδίας
2306 3112 2505 3180 διάγοι,
2542 3115 2635 3165 ἐπὶ
2682 3112 2742 3178 ἒξ
2777 3092 2953 3183 μῆνας
2980 3092 3272 3178 ἀνεύθυνος
3300 3130 3313 3145 ⁸
3358 3106 3635 3184 ἐπιμένων
3662 3092 3720 3170 δὲ

458 3186 603 3249 quod
638 3189 684 3243 si
720 3203 906 3261 postea
944 3196 1000 3251 in
1035 3198 1242 3256 desidia
1287 3207 1563 3274 persistat,
1595 3215 2037 3271 excommunica-

459 3272 626 3331 bitur.

528 3364 617 3423 2t.
644 3368 941 3432 Accusator
964 3390 993 3431 e
1019 3377 1179 3433 domo
1197 3395 1291 3435 sua
1322 3391 1486 3440 testes
1519 3403 1622 3457 non
1654 3391 1918 3461 producit.

535 3545 630 3603 22.
680 3550 983 3625 Episcomts
1023 3574 1115 3630 qui
1167 3568 1546 3625 communione
1594 3571 1887 3642 privaverit
1932 3592 2035 3632 non

457 3653 794 3711 compertum
838 3650 1100 3717 criminis,
1136 3643 1382 3725 privetur
1426 3663 1585 3716 etiam
1630 3665 1745 3733 ipse
1791 3668 2038 3727 similiter

458 3732 687 3791 aliorum
722 3745 1129 3801 communione.

706 3827 914 3886 Eorum
944 3837 1036 3905 qui
1068 3838 1124 3893 in
1160 3836 1344 3896 Trulla
1379 3842 1788 3916 Constantinop.

532 3918 586 3973 Ι.
615 3922 995 3990 Apostolorum
1030 3930 1163 3985 lides
1195 3948 1262 3987 ne
1293 3934 1629 3993 immntetur.
1658 3938 1870 3996 Nicarna
1900 3943 2038 3999 inte.

456 4028 551 4082 gra
588 4028 859 4085 servetur,
885 4037 1004 4091 quae
1033 4026 1143 4079 Arii
1176 4028 1481 4096 opinionem
1514 4032 1808 4091 divinitatis
1837 4039 2036 4107 gradus

454 4105 883 4166 introducentem
915 4129 1012 4182 per
1036 4118 1325 4187 ὀμοούσιον
1356 4126 1570 4180 evertit.

525 4196 581 4251 2.
617 4199 867 4271 Synodus
905 4208 1004 4261 sub
1032 4207 1346 4273 Theodosio,
1374 4215 1603 4277 Maximo
1640 4220 1820 4281 habita
1860 4224 2036 4279 invio-

454 4286 559 4342 lata
590 4306 928 4361 permaneat,
952 4314 1071 4367 qua:
1102 4301 1494 4372 Macedonium,
1521 4325 1737 4367 servum
1764 4312 2031 4371 dicentem

454 4379 721 4448 Spiritum
756 4398 1028 4454 sanctum,
1062 4394 1231 4461 gradu
1264 4394 1594 4455 deturbavit.

2141 3206 2233 3258 καὶ
2266 3206 2405 3275 μετὰ
2433 3205 2597 3259 τοῦτο
2624 3210 2693 3279 τῇ
2747 3207 3015 3281 ῥαθυμίᾳ,
3060 3207 3173 3273 ἕξοι.
3221 3209 3281 3261 τὸ
3327 3207 3717 3281 ἀκοινώνητον.

2211 3389 2315 3437 κα’.
2365 3384 2422 3437 '0
2448 3385 2750 3457 κατήγορος
2790 3388 2854 3440 ὲκ
2883 3387 2976 3443 τοῦ
3007 3387 3135 3447 ἰδίου
3164 3388 3314 3444 οῐκου
3347 3389 3629 3461 μάρτυρας
3657 3388 3717 3443 οὐ

2140 3473 2491 3544 καθίστησιν.
2807 3537 2816 3545 η

2213 3566 2314 3635 κβῖ
2350 3569 2454 3621 Τὸν
2480 3571 2556 3640 μὴ
2606 3570 2929 3642 ἐλεγχθέντα
2958 3575 3243 3638 κοινωνίας
3290 3580 3562 3649 στερήσεις
3593 3579 3720 3636 ἔπι-

2142 3677 2363 3725 σκοπος,
2396 3667 2638 3731 περοῖτο
2664 3666 2756 3719 καὶ
2787 3666 2948 3731 αὐτὸς
2984 3670 3081 3740 τῆς
3113 3668 3317 3748 ἑτέρων
3340 3672 3565 3742 ὁμοίως.

2141 3844 2265 3899 Τῶν
2292 3846 2365 3899 ἐν
2403 3846 2484 3912 τῷ
2518 3849 2796 3916 Τρσύλλῳ
2828 3848 2937 3918 τῆς
2988 3853 3714 3925 Κωνσταντινουπόλεως.

2206 3935 2276 3993 α’.
2310 3938 2375 3991 Ἦ
2402 3940 2514 3992 τῶν
2538 3941 2856 3996 ἀποστόλων
2881 3944 3067 4007 πίστις
3093 3946 3521 4019 ἀκαινότμητος.
3564 3951 3633 4006 Ἥ
3655 3952 3715 4005 ἑν

2133 4028 2343 4102 Νικαία
2381 4031 2700 4103 ὁλόκληρος,
2760 4035 2795 4104 ἣ
2848 4034 2911 4087 τὸ
2964 4036 3180 4107 ’Λρεεου
3240 4039 3415 4110 δόγμα
3469 4041 3717 4114 βαθμοὺς

2136 4122 2357 4191 εἰσάγον
2389 4123 2642 4195 θεότητος
2662 4126 2750 4180 διὰ
2782 4127 2874 4180 τοῦ
2904 4128 3193 4197 ὁμοουσίου
3219 4134 3611 4206 κατέστρεψεν.

2207 4214 2273 4287 β’.
2316 4217 2380 4270 Ἠ
2423 4218 2517 4272 ἐπὶ
2559 4220 2839 4277 Θεοδοσίου
2871 4221 3269 4293 τοῦΑΜεγίστου
3300 4225 3519 4292 σύνοδος
3568 4229 3714 4285 ἀπα-ο

2138 4310 2446 4382 ράτρωτος,
2506 4313 2540 4382 ἢ
2576 4313 2933 4383 Μακεδόνων,
2982 4316 3169 4373 δοῦλον
3198 4318 3421 4375 εἰπόντα
3453 4321 3523 4375 τὸ.
3558 4322 3716 4394 ἅγιον

2137 4402 2383 4472 Πνεῦμα,
2442 4403 2776 4476 καθῄρηκεν.

522 4472 578 4526 5.
613 4472 847 4543 Ducenti
881 4480 975 4551 qui
1015 4484 1115 4538 sub
1146 4483 1459 4549 Theodosio
1483 4489 1643 4548 .lnnio
1677 4497 1813 4564 apud
1850 4498 2028 4568 Ephe-

2200 4492 2271 4565 γ’.
2316 4497 2377 4549 οι
2403 4497 2495 4549 ent
2542 4472 2881 4567 τοῦ-Μικροῦ
2909 4499 3194 4554 Θεοδοσίου
3230 4491 3552 4573 εἰςἝφεσον
3584 4482 3712 4561 συν-

452 4581 570 4626 snm
618 4583 1012 4639 convenerunt,
1049 4576 1428 4641 impiissimum
1483 4580 1816 4659 Nestorium,
1854 4591 2027 4646 homi.

453 4674 571 4712 nem
603 4664 855 4729 seorsim,
882 4679 947 4719 ac
979 4664 1149 4723 Deum
1181 4673 1404 4727 seorsim
1438 4676 1720 4733 Dominum
1754 4680 2024 4739 dicentem

449 4750 809 4817 cxpulerunt..

522 4840 575 4894 4.
609 4842 709 4908 Qui
745 4846 885 4915 apud
922 4847 1322 4912 Chalcedonem
1359 4871 1479 4916 cum
1519 4858 1788 4917 Marciano
1827 4878 2024 4922 conve-

454 4945 644 4992 nerunt
679 4947 894 5015 aeterna:
932 4943 1206 5015 memoria:
1242 4946 1407 5016 digni,
1443 4947 1733 5025 Eutycltetn
1768 4956 2025 5027 opinione

451 5034 658 5089 tantum
702 5043 980 5099 peractum
1028 5052 1150 5101 esse
1190 5054 1445 5110 magnum
1492 5046 1806 5115 mysterium
1842 5048 2027 5108 dicere

448 5134 637 5179 ausum
671 5122 1037 5192 deposuerunt
1081 5144 1097 5183 :
1144 5144 1207 5185 ac
1252 5116 1557 5195 Nestorium
1595 5147 1651 5195 et
1681 5135 2020 5207 Dioscorum,

447 5214 539 5277 qui
570 5214 766 5275 similia
800 5232 831 5273 e
863 5220 1127 5279 diametro
1161 5237 1413 5287 perverse
1448 5217 1752 5285 ratiocinati
1784 5230 2022 5290 (uetant.

518 5306 574 5361 5.
599 5307 752 5378 Apud
779 5313 985 5385 regiam
1016 5319 1206 5375 urbem
1233 5331 1447 5390 centum
1479 5324 1755 5394 sexaginta
1788 5326 2024 5397 quinque

448 5395 759 5457 luatiniano
808 5404 1110 5473 imperante
1158 5423 1554 5483 convenerunt,
1597 5418 1688 5486 qui
1733 5395 2021 5487 Origenem

447 5502 738 5563 corporum
812 5495 1224 5568 animarumque
1292 5503 1563 5562 circuitus.
1625 5492 2018 5576 aﬂirmantem,

450 5596 655 5643 necnon
688 5586 853 5641 etiam
876 5588 1261 5662 Theodoritum
1296 5605 1481 5655 contra
1516 5599 1799 5658 duodecim
1833 5603 2017 5673 Cyrilli

451 5677 627 5745 capita
661 5681 913 5741 audacter
946 5683 1239 5752 invectum,
1269 5690 1619 5755 anathemate
1653 5694 2014 5762 perculerunt.

522 5771 539 5800 ⁸
564 5767 717 5843 han.
743 5788 831 5839 xv,
859 5774 910 5829 5.
990 5779 1010 5811 ⁸
1035 5778 1057 5835 l
1082 5776 1237 5837 Joan.
1265 5783 1302 5843 i.
1324 5779 1379 5857 8,.
1455 5782 1475 5816 ⁸
1501 5782 1630 5841 Det).
1658 5800 1732 5847 ιῖ,
1756 5784 1847 5843 9.“.

2137 4588 2304 4655 ιόντες
2369 4595 2416 4641 σ¹
2465 4591 2830 4645 ἀσεὸἐστατον
2852 4593 3173 4662 Νεστόριον,
3201 4595 3498 4667 ἄνθρωπον
3531 4599 3717 4667 ἰδικῶς

2138 4683 2232 4736 καὶ
2255 4680 2387 4735 Θεὸν
2418 4682 2602 4747 ἱδικῶς
2629 4685 2853 4738 εἰπόντα
2888 4684 2980 4739 τὸν
3012 4686 3242 4757 Κύριον,
3275 4688 3569 4759 ἐξήλασαν.

2203 4862 2266 4917 δ’.
2299 4862 2362 4914 Οἱ
2392 4861 2535 4916 κατὰ
2573 4861 2669 4933 τὴν
2695 4862 3018 4935 Χαλκηδόνα
3047 4864 3124 4934 τῷ
3147 4867 3455 4937 Μαρκιανῷ
3483 4869 3709 4940 συνελη-

2130 4952 2351 5017 λυθότες
2386 4954 2735 5025 ἀείμνηστοι,
2769 4955 3015 5031 Εὑτυχέα
3057 4956 3276 5028 δοκήσει
3305 4959 3624 5029 τελεσθῆναι
3648 4965 3708 5014 τὸ

2134 5046 2278 5115 μέγα
2325 5048 2627 5121 μυστήριον
2679 5048 2890 5118 φράσαι
2947 5049 3303 5119 τολμήσαντα
3340 5050 3710 5115 καθελόντες·

2130 5140 2226 5191 καὶ
2253 5139 2571 5215 Νεστόριον,
2595 5144 2691 5194 καὶ
2722 5140 3036 5219 Διόσκοροι),
3060 5143 3188 5206 τοὺς
3211 5141 3275 5197 ἐκ
3306 5143 3609 5217 διαμέτρου
3641 5145 3708 5199 τὰ

2131 5227 2222 5284 ἴσα
2245 5230 2749 5301 παραλογίσαντας.

2200 5321 2261 5377 ε’.
2301 5322 2395 5385 Εἰς
2424 5321 2524 5389 τὴν
2553 5323 2945 5395 βασιλεύουσαν
2976 5328 3017 5381 ε’
3043 5330 3140 5382 καὶ
3171 5326 3214 5396 ξ’
3240 5330 3334 5385 καὶ
3365 5329 3413 5402 ρ’
3440 5333 3533 5385 ἐπὶ
3568 5334 3702 5388 Ἰου-

2130 5414 2400 5469 στινιανοῦ
2460 5416 2914 5486 συνεληλύθασιν,
2986 5419 3036 5473 οἳ
3095 5420 3378 5493 Ὠριγένην
3434 5424 3705 5495 σωμάτων

2128 5506 2223 5561 κα).
2250 5506 2440 5577 ψυχῶν
2479 5508 2762 5579 περιόδους
2805 5511 3249 5583 ἀποφηνάμενον,
3295 5516 3391 5571 καὶ
3419 5516 3703 5589 Θεοδὼρη..

2127 5615 2217 5655 τον
2240 5601 2380 5653 κατὰ
2413 5599 2523 5653 τῶν
2554 5598 2623 5669 ιβ’
2652 5601 2967 5669 κεφαλαίων
2995 5605 3271 5676 Κυρίλλου
3302 5606 3697 5680 θρασυνθέντα,

2125 5694 2648 5765 ἀναθεματίσαντες.
