  <div class='ocr_page' id='page_1' title='image "/cluster/home/n/w/nwhite01/storage/ocr_20150623/133/mdp.39015078384230/057.png"; bbox 0 0 4028 6288; ppageno 0'>
   <div class='ocr_carea' id='block_1_1' title="bbox 490 416 2505 488">
    <p class='ocr_par' dir='ltr' id='par_1_1' title="bbox 490 416 2505 488">
     <span class='ocr_line' id='line_1_1' title="bbox 490 416 2505 488; baseline 0.002 -16"><span class='ocrx_word' id='word_1_1' title='bbox 490 427 560 488; x_wconf 81' lang='lat'><strong>99</strong></span> <span class='ocrx_word' id='word_1_2' title='bbox 1745 416 2117 477; x_wconf 70' lang='lat' dir='ltr'><strong>ARISTENI</strong></span> <span class='ocrx_word' id='word_1_3' title='bbox 2159 416 2505 477; x_wconf 77' lang='lat' dir='ltr'><strong>MONACHI</strong></span> 
     </span>
    </p>
   </div>
   <div class='ocr_carea' id='block_1_2' title="bbox 3657 413 3757 480">
    <p class='ocr_par' dir='ltr' id='par_1_2' title="bbox 3657 413 3757 480">
     <span class='ocr_line' id='line_1_2' title="bbox 3657 413 3757 480; baseline 0.01 -1"><span class='ocrx_word' id='word_1_4' title='bbox 3657 413 3757 480; x_wconf 78' lang='lat'><strong>100</strong></span> 
     </span>
    </p>
   </div>
   <div class='ocr_carea' id='block_1_3' title="bbox 561 516 2083 605">
    <p class='ocr_par' dir='ltr' id='par_1_3' title="bbox 561 530 2071 605">
     <span class='ocr_line' id='line_1_3' title="bbox 561 530 2071 605; baseline -0.007 -13"><span class='ocrx_word' id='word_1_5' title='bbox 561 536 653 592; x_wconf 70' lang='lat'><strong>22.</strong></span> <span class='ocrx_word' id='word_1_6' title='bbox 688 533 790 603; x_wconf 85' lang='lat' dir='ltr'><strong>Qui</strong></span> <span class='ocrx_word' id='word_1_7' title='bbox 822 535 874 589; x_wconf 90' lang='lat' dir='ltr'><strong>in</strong></span> <span class='ocrx_word' id='word_1_8' title='bbox 906 540 1221 605; x_wconf 82' lang='lat' dir='ltr'><strong>perpetuum</strong></span> <span class='ocrx_word' id='word_1_9' title='bbox 1253 530 1531 599; x_wconf 84' lang='lat' dir='ltr'><strong>depositus</strong></span> <span class='ocrx_word' id='word_1_10' title='bbox 1562 537 1665 593; x_wconf 85' lang='lat' dir='ltr'><strong>est,</strong></span> <span class='ocrx_word' id='word_1_11' title='bbox 1696 541 1856 600; x_wconf 81' lang='lat' dir='ltr'><strong>atque</strong></span> <span class='ocrx_word' id='word_1_12' title='bbox 1889 531 1942 583; x_wconf 94' lang='lat' dir='ltr'><strong>in</strong></span> <span class='ocrx_word' id='word_1_13' title='bbox 1976 530 2071 582; x_wconf 86' lang='lat' dir='ltr'><strong>lai-</strong></span> 
     </span>
    </p>
   </div>
   <div class='ocr_carea' id='block_1_4' title="bbox 2211 516 3758 605">
    <p class='ocr_par' dir='ltr' id='par_1_4' title="bbox 2250 516 3758 601">
     <span class='ocr_line' id='line_1_4' title="bbox 2250 516 3758 601; baseline -0.001 -19"><span class='ocrx_word' id='word_1_14' title='bbox 2250 530 2354 598; x_wconf 84' lang='grc' dir='ltr'>κβ⁹.</span> <span class='ocrx_word' id='word_1_15' title='bbox 2394 526 2457 586; x_wconf 74' lang='lat'><strong>&#39;.‘</strong></span> <span class='ocrx_word' id='word_1_16' title='bbox 2496 516 2760 599; x_wconf 56' lang='grc' dir='ltr'>ὕην-ιαὼς</span> <span class='ocrx_word' id='word_1_17' title='bbox 2792 529 3201 601; x_wconf 80' lang='grc' dir='ltr'>καθῃρημένος,</span> <span class='ocrx_word' id='word_1_18' title='bbox 3235 528 3332 582; x_wconf 81' lang='grc' dir='ltr'>καὶ</span> <span class='ocrx_word' id='word_1_19' title='bbox 3358 529 3440 589; x_wconf 86' lang='grc' dir='ltr'><strong>είς</strong></span> <span class='ocrx_word' id='word_1_20' title='bbox 3470 527 3599 590; x_wconf 78' lang='grc' dir='ltr'>τοὺς</span> <span class='ocrx_word' id='word_1_21' title='bbox 3635 528 3758 580; x_wconf 80' lang='grc' dir='ltr'>λαῖ-</span> 
     </span>
    </p>
   </div>
   <div class='ocr_carea' id='block_1_5' title="bbox 489 620 2075 694">
    <p class='ocr_par' dir='ltr' id='par_1_5' title="bbox 489 620 2075 694">
     <span class='ocr_line' id='line_1_5' title="bbox 489 620 2075 694; baseline -0.006 -10"><span class='ocrx_word' id='word_1_22' title='bbox 489 644 681 684; x_wconf 82' lang='lat' dir='ltr'><strong>cnrum</strong></span> <span class='ocrx_word' id='word_1_23' title='bbox 714 628 961 683; x_wconf 84' lang='lat' dir='ltr'><strong>ordinem</strong></span> <span class='ocrx_word' id='word_1_24' title='bbox 995 628 1269 690; x_wconf 88' lang='lat' dir='ltr'><strong>redactus,</strong></span> <span class='ocrx_word' id='word_1_25' title='bbox 1299 625 1539 694; x_wconf 76' lang='lat' dir='ltr'><strong>poenitus</strong></span> <span class='ocrx_word' id='word_1_26' title='bbox 1575 620 1886 687; x_wconf 78' lang='lat' dir='ltr'><strong>tondeatur,</strong></span> <span class='ocrx_word' id='word_1_27' title='bbox 1912 622 2075 690; x_wconf 85' lang='lat' dir='ltr'><strong>idque</strong></span> 
     </span>
    </p>
   </div>
   <div class='ocr_carea' id='block_1_6' title="bbox 490 718 1515 785">
    <p class='ocr_par' dir='ltr' id='par_1_6' title="bbox 490 718 1515 785">
     <span class='ocr_line' id='line_1_6' title="bbox 490 718 1515 785; baseline -0.006 -10"><span class='ocrx_word' id='word_1_28' title='bbox 490 722 663 775; x_wconf 77' lang='lat' dir='ltr'><strong>solum</strong></span> <span class='ocrx_word' id='word_1_29' title='bbox 697 739 710 773; x_wconf 87' lang='lat'><strong>:</strong></span> <span class='ocrx_word' id='word_1_30' title='bbox 746 722 830 773; x_wconf 89' lang='lat' dir='ltr'><strong>sin</strong></span> <span class='ocrx_word' id='word_1_31' title='bbox 866 734 1015 783; x_wconf 83' lang='lat' dir='ltr'><strong>vero,</strong></span> <span class='ocrx_word' id='word_1_32' title='bbox 1044 732 1254 785; x_wconf 80' lang='lat' dir='ltr'><strong>comam</strong></span> <span class='ocrx_word' id='word_1_33' title='bbox 1290 718 1515 769; x_wconf 85' lang='lat' dir='ltr'><strong>nutriat.</strong></span> 
     </span>
    </p>
   </div>
   <div class='ocr_carea' id='block_1_7' title="bbox 566 805 2076 879">
    <p class='ocr_par' dir='ltr' id='par_1_7' title="bbox 566 805 2076 879">
     <span class='ocr_line' id='line_1_7' title="bbox 566 805 2076 879; baseline -0.005 -14"><span class='ocrx_word' id='word_1_34' title='bbox 566 812 657 866; x_wconf 68' lang='lat'><strong>23.</strong></span> <span class='ocrx_word' id='word_1_35' title='bbox 694 810 757 865; x_wconf 86' lang='lat' dir='ltr'><strong>Et</strong></span> <span class='ocrx_word' id='word_1_36' title='bbox 798 810 890 879; x_wconf 87' lang='lat' dir='ltr'><strong>qui</strong></span> <span class='ocrx_word' id='word_1_37' title='bbox 940 809 1347 864; x_wconf 76' lang='lat' dir='ltr'><strong>immaculatum</strong></span> <span class='ocrx_word' id='word_1_38' title='bbox 1396 806 1826 862; x_wconf 85' lang='lat' dir='ltr'><strong>communionem</strong></span> <span class='ocrx_word' id='word_1_39' title='bbox 1876 805 2076 875; x_wconf 61' lang='lat' dir='ltr'><strong>impero</strong></span> 
     </span>
    </p>
   </div>
   <div class='ocr_carea' id='block_1_8' title="bbox 495 898 2077 973">
    <p class='ocr_par' dir='ltr' id='par_1_8' title="bbox 495 898 2077 973">
     <span class='ocr_line' id='line_1_8' title="bbox 495 898 2077 973; baseline -0.003 -16"><span class='ocrx_word' id='word_1_40' title='bbox 495 906 674 958; x_wconf 88' lang='lat' dir='ltr'><strong>tiendo</strong></span> <span class='ocrx_word' id='word_1_41' title='bbox 705 905 923 958; x_wconf 90' lang='lat' dir='ltr'><strong>obolum</strong></span> <span class='ocrx_word' id='word_1_42' title='bbox 951 904 1139 973; x_wconf 67' lang='lat' dir='ltr'><strong>exigit,</strong></span> <span class='ocrx_word' id='word_1_43' title='bbox 1165 911 1257 955; x_wconf 84' lang='lat' dir='ltr'><strong>aut</strong></span> <span class='ocrx_word' id='word_1_44' title='bbox 1282 901 1443 954; x_wconf 87' lang='lat' dir='ltr'><strong>aliam</strong></span> <span class='ocrx_word' id='word_1_45' title='bbox 1473 898 1731 967; x_wconf 83' lang='lat' dir='ltr'><strong>speciem,</strong></span> <span class='ocrx_word' id='word_1_46' title='bbox 1757 899 2077 967; x_wconf 78' lang='lat' dir='ltr'><strong>depunatur.</strong></span> 
     </span>
    </p>
   </div>
   <div class='ocr_carea' id='block_1_9' title="bbox 565 990 2078 1064">
    <p class='ocr_par' dir='ltr' id='par_1_9' title="bbox 565 990 2078 1064">
     <span class='ocr_line' id='line_1_9' title="bbox 565 990 2078 1064; baseline -0.002 -16"><span class='ocrx_word' id='word_1_47' title='bbox 565 996 657 1048; x_wconf 65' lang='lat'><strong>24.</strong></span> <span class='ocrx_word' id='word_1_48' title='bbox 703 996 951 1050; x_wconf 78' lang='lat' dir='ltr'><strong>Clericus</strong></span> <span class='ocrx_word' id='word_1_49' title='bbox 1004 995 1096 1064; x_wconf 88' lang='lat' dir='ltr'><strong>qui</strong></span> <span class='ocrx_word' id='word_1_50' title='bbox 1151 995 1217 1047; x_wconf 89' lang='lat' dir='ltr'><strong>ad</strong></span> <span class='ocrx_word' id='word_1_51' title='bbox 1281 994 1556 1047; x_wconf 83' lang='lat' dir='ltr'><strong>circenses</strong></span> <span class='ocrx_word' id='word_1_52' title='bbox 1609 990 1946 1056; x_wconf 80' lang='lat' dir='ltr'><strong>ascenderit,</strong></span> <span class='ocrx_word' id='word_1_53' title='bbox 1986 1000 2078 1045; x_wconf 86' lang='lat' dir='ltr'><strong>aut</strong></span> 
     </span>
    </p>
   </div>
   <div class='ocr_carea' id='block_1_10' title="bbox 497 1079 2078 1157">
    <p class='ocr_par' dir='ltr' id='par_1_10' title="bbox 497 1079 2078 1157">
     <span class='ocr_line' id='line_1_10' title="bbox 497 1079 2078 1157; baseline -0.003 -19"><span class='ocrx_word' id='word_1_54' title='bbox 497 1085 803 1157; x_wconf 78' lang='lat' dir='ltr'><strong>thyniclicis</strong></span> <span class='ocrx_word' id='word_1_55' title='bbox 829 1088 896 1139; x_wconf 86' lang='lat' dir='ltr'><strong>ad</strong></span> <span class='ocrx_word' id='word_1_56' title='bbox 928 1084 1146 1154; x_wconf 82' lang='lat' dir='ltr'><strong>nuptias</strong></span> <span class='ocrx_word' id='word_1_57' title='bbox 1173 1083 1504 1153; x_wconf 78' lang='lat' dir='ltr'><strong>ingressuris</strong></span> <span class='ocrx_word' id='word_1_58' title='bbox 1532 1097 1641 1139; x_wconf 15' lang='lat' dir='ltr'><strong>non,</strong></span> <span class='ocrx_word' id='word_1_59' title='bbox 1668 1080 1891 1143; x_wconf 85' lang='lat' dir='ltr'><strong>recedit,</strong></span> <span class='ocrx_word' id='word_1_60' title='bbox 1914 1079 2078 1148; x_wconf 84' lang='lat' dir='ltr'><strong>depo-</strong></span> 
     </span>
    </p>
   </div>
   <div class='ocr_carea' id='block_1_11' title="bbox 496 1190 676 1231">
    <p class='ocr_par' dir='ltr' id='par_1_11' title="bbox 496 1190 676 1231">
     <span class='ocr_line' id='line_1_11' title="bbox 496 1190 676 1231; baseline 0.006 -1"><span class='ocrx_word' id='word_1_61' title='bbox 496 1190 676 1231; x_wconf 74' lang='lat' dir='ltr'><strong>INHIII‘.</strong></span> 
     </span>
    </p>
   </div>
   <div class='ocr_carea' id='block_1_12' title="bbox 566 1264 2079 1339">
    <p class='ocr_par' dir='ltr' id='par_1_12' title="bbox 566 1264 2079 1339">
     <span class='ocr_line' id='line_1_12' title="bbox 566 1264 2079 1339; baseline -0.004 -15"><span class='ocrx_word' id='word_1_62' title='bbox 566 1270 659 1324; x_wconf 74' lang='lat'><strong>25.</strong></span> <span class='ocrx_word' id='word_1_63' title='bbox 692 1270 1003 1325; x_wconf 70' lang='lat' dir='ltr'><strong>Rusticanm</strong></span> <span class='ocrx_word' id='word_1_64' title='bbox 1042 1278 1099 1323; x_wconf 89' lang='lat' dir='ltr'><strong>et</strong></span> <span class='ocrx_word' id='word_1_65' title='bbox 1133 1284 1252 1339; x_wconf 72' lang='lat' dir='ltr'><strong>qua:</strong></span> <span class='ocrx_word' id='word_1_66' title='bbox 1296 1268 1349 1322; x_wconf 88' lang='lat' dir='ltr'><strong>in</strong></span> <span class='ocrx_word' id='word_1_67' title='bbox 1387 1266 1520 1321; x_wconf 85' lang='lat' dir='ltr'><strong>vicis</strong></span> <span class='ocrx_word' id='word_1_68' title='bbox 1559 1273 1688 1321; x_wconf 87' lang='lat' dir='ltr'><strong>sunt</strong></span> <span class='ocrx_word' id='word_1_69' title='bbox 1720 1264 2002 1335; x_wconf 61' lang='lat' dir='ltr'><strong>parmene,</strong></span> <span class='ocrx_word' id='word_1_70' title='bbox 2034 1264 2079 1319; x_wconf 89' lang='lat' dir='ltr'><strong>si</strong></span> 
     </span>
    </p>
   </div>
   <div class='ocr_carea' id='block_1_13' title="bbox 495 1354 2079 1432">
    <p class='ocr_par' dir='ltr' id='par_1_13' title="bbox 495 1354 2079 1432">
     <span class='ocr_line' id='line_1_13' title="bbox 495 1354 2079 1432; baseline -0.004 -15"><span class='ocrx_word' id='word_1_71' title='bbox 495 1377 591 1430; x_wconf 67' lang='lat' dir='ltr'><strong>per</strong></span> <span class='ocrx_word' id='word_1_72' title='bbox 617 1364 831 1432; x_wconf 77' lang='lat' dir='ltr'><strong>triginta</strong></span> <span class='ocrx_word' id='word_1_73' title='bbox 858 1377 1029 1416; x_wconf 84' lang='lat' dir='ltr'><strong>annos</strong></span> <span class='ocrx_word' id='word_1_74' title='bbox 1054 1376 1316 1432; x_wconf 71' lang='lat' dir='ltr'><strong>possessm</strong></span> <span class='ocrx_word' id='word_1_75' title='bbox 1340 1358 1564 1422; x_wconf 83' lang='lat' dir='ltr'><strong>fuerint,</strong></span> <span class='ocrx_word' id='word_1_76' title='bbox 1585 1368 1873 1412; x_wconf 82' lang='lat' dir='ltr'><strong>teneantur</strong></span> <span class='ocrx_word' id='word_1_77' title='bbox 1898 1372 1911 1410; x_wconf 93' lang='lat'><strong>:</strong></span> <span class='ocrx_word' id='word_1_78' title='bbox 1941 1354 2079 1410; x_wconf 78' lang='lat' dir='ltr'><strong>infra</strong></span> 
     </span>
    </p>
   </div>
   <div class='ocr_carea' id='block_1_14' title="bbox 496 1448 1722 1515">
    <p class='ocr_par' dir='ltr' id='par_1_14' title="bbox 496 1448 1722 1515">
     <span class='ocr_line' id='line_1_14' title="bbox 496 1448 1722 1515; baseline -0.002 -15"><span class='ocrx_word' id='word_1_79' title='bbox 496 1463 645 1514; x_wconf 85' lang='lat' dir='ltr'><strong>vero,</strong></span> <span class='ocrx_word' id='word_1_80' title='bbox 673 1448 1046 1504; x_wconf 83' lang='lat' dir='ltr'><strong>controversia</strong></span> <span class='ocrx_word' id='word_1_81' title='bbox 1075 1450 1143 1503; x_wconf 91' lang='lat' dir='ltr'><strong>de</strong></span> <span class='ocrx_word' id='word_1_82' title='bbox 1169 1448 1237 1503; x_wconf 90' lang='lat' dir='ltr'><strong>iis</strong></span> <span class='ocrx_word' id='word_1_83' title='bbox 1268 1448 1471 1502; x_wconf 83' lang='lat' dir='ltr'><strong>moveri</strong></span> <span class='ocrx_word' id='word_1_84' title='bbox 1503 1448 1722 1515; x_wconf 87' lang='lat' dir='ltr'><strong>poterit.</strong></span> 
     </span>
    </p>
   </div>
   <div class='ocr_carea' id='block_1_15' title="bbox 566 1536 2081 1611">
    <p class='ocr_par' dir='ltr' id='par_1_15' title="bbox 566 1536 2081 1611">
     <span class='ocr_line' id='line_1_15' title="bbox 566 1536 2081 1611; baseline -0.005 -18"><span class='ocrx_word' id='word_1_85' title='bbox 566 1540 657 1594; x_wconf 70' lang='lat'><strong>26.</strong></span> <span class='ocrx_word' id='word_1_86' title='bbox 687 1538 982 1611; x_wconf 80' lang='lat' dir='ltr'><strong>Presbyter</strong></span> <span class='ocrx_word' id='word_1_87' title='bbox 1011 1541 1103 1611; x_wconf 86' lang='lat' dir='ltr'><strong>qui</strong></span> <span class='ocrx_word' id='word_1_88' title='bbox 1138 1541 1194 1595; x_wconf 89' lang='lat' dir='ltr'><strong>in</strong></span> <span class='ocrx_word' id='word_1_89' title='bbox 1233 1539 1478 1593; x_wconf 90' lang='lat' dir='ltr'><strong>illicitum</strong></span> <span class='ocrx_word' id='word_1_90' title='bbox 1518 1537 1769 1591; x_wconf 88' lang='lat' dir='ltr'><strong>inciderit</strong></span> <span class='ocrx_word' id='word_1_91' title='bbox 1802 1536 2081 1590; x_wconf 75' lang='lat' dir='ltr'><strong>matrima.</strong></span> 
     </span>
    </p>
   </div>
   <div class='ocr_carea' id='block_1_16' title="bbox 498 1629 2079 1703">
    <p class='ocr_par' dir='ltr' id='par_1_16' title="bbox 498 1629 2079 1703">
     <span class='ocr_line' id='line_1_16' title="bbox 498 1629 2079 1703; baseline -0.002 -16"><span class='ocrx_word' id='word_1_92' title='bbox 498 1636 669 1701; x_wconf 90' lang='lat' dir='ltr'><strong>nium,</strong></span> <span class='ocrx_word' id='word_1_93' title='bbox 694 1633 971 1703; x_wconf 89' lang='lat' dir='ltr'><strong>depositus</strong></span> <span class='ocrx_word' id='word_1_94' title='bbox 996 1632 1269 1689; x_wconf 77' lang='lat' dir='ltr'><strong>cathedrae</strong></span> <span class='ocrx_word' id='word_1_95' title='bbox 1299 1630 1471 1687; x_wconf 90' lang='lat' dir='ltr'><strong>solum</strong></span> <span class='ocrx_word' id='word_1_96' title='bbox 1505 1632 1778 1702; x_wconf 79' lang='lat' dir='ltr'><strong>particeps</strong></span> <span class='ocrx_word' id='word_1_97' title='bbox 1808 1630 1900 1696; x_wconf 86' lang='lat' dir='ltr'><strong>sit,</strong></span> <span class='ocrx_word' id='word_1_98' title='bbox 1931 1629 2079 1684; x_wconf 90' lang='lat' dir='ltr'><strong>omni</strong></span> 
     </span>
    </p>
   </div>
   <div class='ocr_carea' id='block_1_17' title="bbox 498 1728 1088 1799">
    <p class='ocr_par' dir='ltr' id='par_1_17' title="bbox 498 1728 1088 1799">
     <span class='ocr_line' id='line_1_17' title="bbox 498 1728 1088 1799; baseline -0.002 -17"><span class='ocrx_word' id='word_1_99' title='bbox 498 1728 711 1798; x_wconf 87' lang='lat' dir='ltr'><strong>piaculo</strong></span> <span class='ocrx_word' id='word_1_100' title='bbox 737 1736 1088 1799; x_wconf 74' lang='lat' dir='ltr'><strong>expurgatus.</strong></span> 
     </span>
    </p>
   </div>
   <div class='ocr_carea' id='block_1_18' title="bbox 568 1818 2079 1889">
    <p class='ocr_par' dir='ltr' id='par_1_18' title="bbox 568 1818 2079 1889">
     <span class='ocr_line' id='line_1_18' title="bbox 568 1818 2079 1889; baseline -0.003 -16"><span class='ocrx_word' id='word_1_101' title='bbox 568 1820 662 1875; x_wconf 74' lang='lat'><strong>27.</strong></span> <span class='ocrx_word' id='word_1_102' title='bbox 692 1819 821 1876; x_wconf 71' lang='lat' dir='ltr'><strong>Uva:</strong></span> <span class='ocrx_word' id='word_1_103' title='bbox 860 1837 889 1874; x_wconf 83' lang='lat' dir='ltr'><strong>a</strong></span> <span class='ocrx_word' id='word_1_104' title='bbox 932 1818 1254 1889; x_wconf 89' lang='lat' dir='ltr'><strong>quibusdam</strong></span> <span class='ocrx_word' id='word_1_105' title='bbox 1295 1818 1582 1874; x_wconf 86' lang='lat' dir='ltr'><strong>incruento</strong></span> <span class='ocrx_word' id='word_1_106' title='bbox 1616 1818 1888 1873; x_wconf 80' lang='lat' dir='ltr'><strong>sacriﬁcio</strong></span> <span class='ocrx_word' id='word_1_107' title='bbox 1924 1818 2079 1871; x_wconf 87' lang='lat' dir='ltr'><strong>adhi-</strong></span> 
     </span>
    </p>
   </div>
   <div class='ocr_carea' id='block_1_19' title="bbox 2178 619 3759 693">
    <p class='ocr_par' dir='ltr' id='par_1_19' title="bbox 2178 619 3759 693">
     <span class='ocr_line' id='line_1_19' title="bbox 2178 619 3759 693; baseline -0.001 -20"><span class='ocrx_word' id='word_1_108' title='bbox 2178 623 2306 677; x_wconf 78' lang='grc' dir='ltr'>κοὺς</span> <span class='ocrx_word' id='word_1_109' title='bbox 2333 622 2627 687; x_wconf 73' lang='grc' dir='ltr'>ἀπωσθεὶς,</span> <span class='ocrx_word' id='word_1_110' title='bbox 2658 623 3103 693; x_wconf 78' lang='grc' dir='ltr'><strong>μεταμελόμενος</strong></span> <span class='ocrx_word' id='word_1_111' title='bbox 3136 621 3409 692; x_wconf 76' lang='grc' dir='ltr'><strong>κειρέσθω</strong></span> <span class='ocrx_word' id='word_1_112' title='bbox 3429 621 3527 675; x_wconf 76' lang='grc' dir='ltr'><strong>καὶ</strong></span> <span class='ocrx_word' id='word_1_113' title='bbox 3557 619 3723 687; x_wconf 83' lang='grc' dir='ltr'>μόνον</span> <span class='ocrx_word' id='word_1_114' title='bbox 3741 632 3759 648; x_wconf 82' lang='grc'>⁸</span> 
     </span>
    </p>
   </div>
   <div class='ocr_carea' id='block_1_20' title="bbox 2178 712 3184 784">
    <p class='ocr_par' dir='ltr' id='par_1_20' title="bbox 2178 712 3184 784">
     <span class='ocr_line' id='line_1_20' title="bbox 2178 712 3184 784; baseline 0.002 -20"><span class='ocrx_word' id='word_1_115' title='bbox 2178 712 2227 765; x_wconf 83' lang='grc' dir='ltr'>εἰ</span> <span class='ocrx_word' id='word_1_116' title='bbox 2260 712 2317 764; x_wconf 80' lang='grc' dir='ltr'>δὲ</span> <span class='ocrx_word' id='word_1_117' title='bbox 2352 713 2449 782; x_wconf 78' lang='grc' dir='ltr'>μὴ,</span> <span class='ocrx_word' id='word_1_118' title='bbox 2480 716 2581 783; x_wconf 82' lang='grc' dir='ltr'><strong>τὴν</strong></span> <span class='ocrx_word' id='word_1_119' title='bbox 2610 714 2789 783; x_wconf 83' lang='grc' dir='ltr'>κόμην</span> <span class='ocrx_word' id='word_1_120' title='bbox 2817 712 3184 784; x_wconf 78' lang='grc' dir='ltr'>ἐπιτρεφὲτω.</span> 
     </span>
    </p>
   </div>
   <div class='ocr_carea' id='block_1_21' title="bbox 2250 802 3763 877">
    <p class='ocr_par' dir='ltr' id='par_1_21' title="bbox 2250 802 3763 877">
     <span class='ocr_line' id='line_1_21' title="bbox 2250 802 3763 877; baseline -0.003 -18"><span class='ocrx_word' id='word_1_121' title='bbox 2250 812 2358 874; x_wconf 85' lang='grc' dir='ltr'>κγ’.</span> <span class='ocrx_word' id='word_1_122' title='bbox 2408 807 2517 859; x_wconf 70' lang='grc' dir='ltr'><strong>Καὶ</strong></span> <span class='ocrx_word' id='word_1_123' title='bbox 2564 810 2592 860; x_wconf 84' lang='grc' dir='ltr'>ὁ</span> <span class='ocrx_word' id='word_1_124' title='bbox 2636 806 2734 877; x_wconf 78' lang='grc' dir='ltr'><strong>τῆς</strong></span> <span class='ocrx_word' id='word_1_125' title='bbox 2773 806 3045 876; x_wconf 72' lang='grc' dir='ltr'>ἀχράντου</span> <span class='ocrx_word' id='word_1_126' title='bbox 3095 804 3414 876; x_wconf 82' lang='grc' dir='ltr'>μεταδιδοὺς</span> <span class='ocrx_word' id='word_1_127' title='bbox 3447 802 3763 867; x_wconf 86' lang='grc' dir='ltr'>κοινωνίας,</span> 
     </span>
    </p>
   </div>
   <div class='ocr_carea' id='block_1_22' title="bbox 2180 894 3576 970">
    <p class='ocr_par' dir='ltr' id='par_1_22' title="bbox 2180 894 3576 970">
     <span class='ocr_line' id='line_1_22' title="bbox 2180 894 3576 970; baseline -0.001 -17"><span class='ocrx_word' id='word_1_128' title='bbox 2180 899 2369 954; x_wconf 75' lang='grc' dir='ltr'>ὀϐολὸν</span> <span class='ocrx_word' id='word_1_129' title='bbox 2400 900 2672 965; x_wconf 81' lang='grc' dir='ltr'>ἁπαιτῶν,</span> <span class='ocrx_word' id='word_1_130' title='bbox 2709 900 2742 969; x_wconf 82' lang='grc' dir='ltr'>ἢ</span> <span class='ocrx_word' id='word_1_131' title='bbox 2769 899 2959 970; x_wconf 74' lang='grc' dir='ltr'>ἕτερον</span> <span class='ocrx_word' id='word_1_132' title='bbox 2989 894 3152 961; x_wconf 75' lang='grc' dir='ltr'>εἶδος,</span> <span class='ocrx_word' id='word_1_133' title='bbox 3182 895 3576 968; x_wconf 80' lang='grc' dir='ltr'><strong>καθαιρείσθω.</strong></span> 
     </span>
    </p>
   </div>
   <div class='ocr_carea' id='block_1_23' title="bbox 2255 988 3768 1063">
    <p class='ocr_par' dir='ltr' id='par_1_23' title="bbox 2255 988 3768 1063">
     <span class='ocr_line' id='line_1_23' title="bbox 2255 988 3768 1063; baseline -0.003 -16"><span class='ocrx_word' id='word_1_134' title='bbox 2255 991 2354 1048; x_wconf 84' lang='grc' dir='ltr'>κδ’.</span> <span class='ocrx_word' id='word_1_135' title='bbox 2391 993 2670 1063; x_wconf 77' lang='grc' dir='ltr'>Κληρικὸς</span> <span class='ocrx_word' id='word_1_136' title='bbox 2716 992 3104 1063; x_wconf 72' lang='grc' dir='ltr'><strong>ἱπποδρομίαις</strong></span> <span class='ocrx_word' id='word_1_137' title='bbox 3150 989 3340 1056; x_wconf 80' lang='grc' dir='ltr'>ἀνιὼν,</span> <span class='ocrx_word' id='word_1_138' title='bbox 3390 988 3768 1062; x_wconf 76' lang='grc' dir='ltr'>ἢμελλόντων</span> 
     </span>
    </p>
   </div>
   <div class='ocr_carea' id='block_1_24' title="bbox 2182 1083 3766 1155">
    <p class='ocr_par' dir='ltr' id='par_1_24' title="bbox 2182 1083 3766 1155">
     <span class='ocr_line' id='line_1_24' title="bbox 2182 1083 3766 1155; baseline -0.001 -16"><span class='ocrx_word' id='word_1_139' title='bbox 2182 1086 2413 1139; x_wconf 78' lang='grc' dir='ltr'><strong>εἰσιέναι</strong></span> <span class='ocrx_word' id='word_1_140' title='bbox 2446 1084 2755 1155; x_wconf 79' lang='grc' dir='ltr'>θυμελικῶν</span> <span class='ocrx_word' id='word_1_141' title='bbox 2793 1086 2851 1138; x_wconf 79' lang='grc' dir='ltr'>ἐν</span> <span class='ocrx_word' id='word_1_142' title='bbox 2885 1084 3051 1154; x_wconf 82' lang='grc' dir='ltr'>γάμῳ</span> <span class='ocrx_word' id='word_1_143' title='bbox 3086 1084 3164 1155; x_wconf 80' lang='grc' dir='ltr'>μὴ</span> <span class='ocrx_word' id='word_1_144' title='bbox 3202 1084 3593 1153; x_wconf 75' lang='grc' dir='ltr'>ἀφιστάμενος.</span> <span class='ocrx_word' id='word_1_145' title='bbox 3624 1083 3766 1137; x_wconf 76' lang='grc' dir='ltr'>καθ-</span> 
     </span>
    </p>
   </div>
   <div class='ocr_carea' id='block_1_25' title="bbox 2184 1178 2469 1250">
    <p class='ocr_par' dir='ltr' id='par_1_25' title="bbox 2184 1178 2469 1250">
     <span class='ocr_line' id='line_1_25' title="bbox 2184 1178 2469 1250; baseline -0.004 -17"><span class='ocrx_word' id='word_1_146' title='bbox 2184 1178 2469 1250; x_wconf 83' lang='grc' dir='ltr'>αιρείσθω.</span> 
     </span>
    </p>
   </div>
   <div class='ocr_carea' id='block_1_26' title="bbox 2256 1268 3773 1343">
    <p class='ocr_par' dir='ltr' id='par_1_26' title="bbox 2256 1268 3773 1343">
     <span class='ocr_line' id='line_1_26' title="bbox 2256 1268 3773 1343; baseline -0.003 -18"><span class='ocrx_word' id='word_1_147' title='bbox 2256 1270 2356 1325; x_wconf 78' lang='grc' dir='ltr'>κε’.</span> <span class='ocrx_word' id='word_1_148' title='bbox 2399 1271 2749 1343; x_wconf 75' lang='grc' dir='ltr'>’Δγροικικαὶ</span> <span class='ocrx_word' id='word_1_149' title='bbox 2769 1272 2865 1325; x_wconf 77' lang='grc' dir='ltr'>καὶ</span> <span class='ocrx_word' id='word_1_150' title='bbox 2897 1269 3159 1341; x_wconf 70' lang='grc' dir='ltr'>ἐγχώριοι</span> <span class='ocrx_word' id='word_1_151' title='bbox 3192 1268 3481 1339; x_wconf 85' lang='grc' dir='ltr'>παροικίαι</span> <span class='ocrx_word' id='word_1_152' title='bbox 3512 1283 3773 1339; x_wconf 81' lang='grc' dir='ltr'>τριακον-</span> 
     </span>
    </p>
   </div>
   <div class='ocr_carea' id='block_1_27' title="bbox 2182 1359 3773 1434">
    <p class='ocr_par' dir='ltr' id='par_1_27' title="bbox 2182 1359 3773 1434">
     <span class='ocr_line' id='line_1_27' title="bbox 2182 1359 3773 1434; baseline -0.003 -17"><span class='ocrx_word' id='word_1_153' title='bbox 2182 1363 2407 1417; x_wconf 77' lang='grc' dir='ltr'>ταετίαν</span> <span class='ocrx_word' id='word_1_154' title='bbox 2450 1363 2736 1433; x_wconf 69' lang='grc' dir='ltr'>ὲχόμεναι,</span> <span class='ocrx_word' id='word_1_155' title='bbox 2780 1362 3208 1434; x_wconf 75' lang='grc' dir='ltr'>κατεχέσθωσαν</span> <span class='ocrx_word' id='word_1_156' title='bbox 3233 1377 3248 1393; x_wconf 79' lang='grc'>⁶</span> <span class='ocrx_word' id='word_1_157' title='bbox 3285 1360 3436 1414; x_wconf 75' lang='grc' dir='ltr'>ινδον</span> <span class='ocrx_word' id='word_1_158' title='bbox 3466 1359 3548 1424; x_wconf 66' lang='grc' dir='ltr'>δὲ,</span> <span class='ocrx_word' id='word_1_159' title='bbox 3583 1359 3641 1412; x_wconf 78' lang='grc' dir='ltr'>τὸ</span> <span class='ocrx_word' id='word_1_160' title='bbox 3667 1361 3773 1430; x_wconf 76' lang='grc' dir='ltr'><strong>ἀμ-</strong></span> 
     </span>
    </p>
   </div>
   <div class='ocr_carea' id='block_1_28' title="bbox 2185 1456 2834 1527">
    <p class='ocr_par' dir='ltr' id='par_1_28' title="bbox 2185 1456 2834 1527">
     <span class='ocr_line' id='line_1_28' title="bbox 2185 1456 2834 1527; baseline 0.003 -20"><span class='ocrx_word' id='word_1_161' title='bbox 2185 1456 2486 1527; x_wconf 73' lang='grc' dir='ltr'>φισὸητήσι</span> <span class='ocrx_word' id='word_1_162' title='bbox 2494 1474 2593 1526; x_wconf 90' lang='grc' dir='ltr'><strong>μον</strong></span> <span class='ocrx_word' id='word_1_163' title='bbox 2625 1456 2834 1520; x_wconf 70' lang='grc' dir='ltr'>ἕξουσι,</span> 
     </span>
    </p>
   </div>
   <div class='ocr_carea' id='block_1_29' title="bbox 2262 1545 3779 1622">
    <p class='ocr_par' dir='ltr' id='par_1_29' title="bbox 2262 1545 3779 1622">
     <span class='ocr_line' id='line_1_29' title="bbox 2262 1545 3779 1622; baseline -0.004 -17"><span class='ocrx_word' id='word_1_164' title='bbox 2262 1552 2374 1617; x_wconf 78' lang='grc' dir='ltr'><strong>κς·’.</strong></span> <span class='ocrx_word' id='word_1_165' title='bbox 2406 1551 2782 1622; x_wconf 73' lang='grc' dir='ltr'>Πρεσϐύτερος</span> <span class='ocrx_word' id='word_1_166' title='bbox 2811 1548 3040 1620; x_wconf 76' lang='grc' dir='ltr'>ἁθέσμῳ</span> <span class='ocrx_word' id='word_1_167' title='bbox 3066 1548 3382 1617; x_wconf 76' lang='grc' dir='ltr'>περιπεσὼν</span> <span class='ocrx_word' id='word_1_168' title='bbox 3417 1545 3602 1618; x_wconf 84' lang='grc' dir='ltr'>γάμῳ,</span> <span class='ocrx_word' id='word_1_169' title='bbox 3636 1546 3779 1601; x_wconf 77' lang='grc' dir='ltr'>καθ-</span> 
     </span>
    </p>
   </div>
   <div class='ocr_carea' id='block_1_30' title="bbox 2183 1639 3780 1717">
    <p class='ocr_par' dir='ltr' id='par_1_30' title="bbox 2183 1639 3780 1717">
     <span class='ocr_line' id='line_1_30' title="bbox 2183 1639 3780 1717; baseline -0.004 -18"><span class='ocrx_word' id='word_1_170' title='bbox 2183 1646 2425 1717; x_wconf 81' lang='grc' dir='ltr'>αιρεθεὶς</span> <span class='ocrx_word' id='word_1_171' title='bbox 2491 1644 2763 1715; x_wconf 74' lang='grc' dir='ltr'><strong>καθέδρας</strong></span> <span class='ocrx_word' id='word_1_172' title='bbox 2832 1643 3109 1713; x_wconf 79' lang='grc' dir='ltr'><strong>μετεχέτω</strong></span> <span class='ocrx_word' id='word_1_173' title='bbox 3160 1641 3259 1697; x_wconf 78' lang='grc' dir='ltr'>καὶ</span> <span class='ocrx_word' id='word_1_174' title='bbox 3332 1640 3516 1715; x_wconf 84' lang='grc' dir='ltr'>μόνον,</span> <span class='ocrx_word' id='word_1_175' title='bbox 3565 1639 3780 1703; x_wconf 79' lang='grc' dir='ltr'>παντὸς</span> 
     </span>
    </p>
   </div>
   <div class='ocr_carea' id='block_1_31' title="bbox 2146 1734 2955 1807">
    <p class='ocr_par' dir='ltr' id='par_1_31' title="bbox 2146 1734 2955 1807">
     <span class='ocr_line' id='line_1_31' title="bbox 2146 1734 2955 1807; baseline 0 -18"><span class='ocrx_word' id='word_1_176' title='bbox 2146 1782 2150 1789; x_wconf 92' lang='grc'>.</span> <span class='ocrx_word' id='word_1_177' title='bbox 2183 1735 2457 1800; x_wconf 71' lang='grc' dir='ltr'>διαλυθεὶς</span> <span class='ocrx_word' id='word_1_178' title='bbox 2483 1734 2577 1789; x_wconf 80' lang='grc' dir='ltr'>τοῦ</span> <span class='ocrx_word' id='word_1_179' title='bbox 2617 1736 2955 1807; x_wconf 80' lang='grc' dir='ltr'><strong>μιάσματος.</strong></span> 
     </span>
    </p>
   </div>
   <div class='ocr_carea' id='block_1_32' title="bbox 2258 1824 3781 1899">
    <p class='ocr_par' dir='ltr' id='par_1_32' title="bbox 2258 1824 3781 1899">
     <span class='ocr_line' id='line_1_32' title="bbox 2258 1824 3781 1899; baseline -0.005 -15"><span class='ocrx_word' id='word_1_180' title='bbox 2258 1832 2361 1895; x_wconf 76' lang='grc' dir='ltr'>κζ’.</span> <span class='ocrx_word' id='word_1_181' title='bbox 2404 1829 2679 1898; x_wconf 75' lang='grc' dir='ltr'>Σταφυλαὶ</span> <span class='ocrx_word' id='word_1_182' title='bbox 2731 1828 2869 1899; x_wconf 87' lang='grc' dir='ltr'>πρός</span> <span class='ocrx_word' id='word_1_183' title='bbox 2904 1845 3067 1881; x_wconf 88' lang='grc' dir='ltr'>τινων</span> <span class='ocrx_word' id='word_1_184' title='bbox 3103 1828 3172 1898; x_wconf 79' lang='grc' dir='ltr'>τῇ</span> <span class='ocrx_word' id='word_1_185' title='bbox 3224 1827 3554 1897; x_wconf 78' lang='grc' dir='ltr'><strong>ἀναιμάκτῳ</strong></span> <span class='ocrx_word' id='word_1_186' title='bbox 3607 1824 3781 1895; x_wconf 66' lang='grc' dir='ltr'>θυσίᾳ</span> 
     </span>
    </p>
   </div>
   <div class='ocr_carea' id='block_1_33' title="bbox 497 1900 2083 1992">
    <p class='ocr_par' dir='ltr' id='par_1_33' title="bbox 497 1911 2083 1984">
     <span class='ocr_line' id='line_1_33' title="bbox 497 1911 2083 1984; baseline -0.001 -17"><span class='ocrx_word' id='word_1_187' title='bbox 497 1913 697 1969; x_wconf 78' lang='lat' dir='ltr'><strong>bentur</strong></span> <span class='ocrx_word' id='word_1_188' title='bbox 726 1932 739 1967; x_wconf 90' lang='lat'>:</span> <span class='ocrx_word' id='word_1_189' title='bbox 779 1916 882 1969; x_wconf 90' lang='lat' dir='ltr'><strong>hoc</strong></span> <span class='ocrx_word' id='word_1_190' title='bbox 910 1928 1039 1970; x_wconf 83' lang='lat' dir='ltr'><strong>vero</strong></span> <span class='ocrx_word' id='word_1_191' title='bbox 1069 1914 1361 1984; x_wconf 85' lang='lat' dir='ltr'><strong>quominus</strong></span> <span class='ocrx_word' id='word_1_192' title='bbox 1396 1913 1683 1983; x_wconf 82' lang='lat' dir='ltr'><strong>quisquam</strong></span> <span class='ocrx_word' id='word_1_193' title='bbox 1720 1911 1954 1981; x_wconf 86' lang='lat' dir='ltr'><strong>amplius</strong></span> <span class='ocrx_word' id='word_1_194' title='bbox 1989 1926 2083 1965; x_wconf 77' lang='lat' dir='ltr'><strong>att-</strong></span> 
     </span>
    </p>
   </div>
   <div class='ocr_carea' id='block_1_34' title="bbox 2211 1900 3775 1992">
    <p class='ocr_par' dir='ltr' id='par_1_34' title="bbox 2211 1920 3775 1992">
     <span class='ocr_line' id='line_1_34' title="bbox 2211 1920 3775 1992; baseline 0 -20"><span class='ocrx_word' id='word_1_195' title='bbox 2211 1924 2558 1978; x_wconf 68' lang='grc' dir='ltr'>τυνάπτονται</span> <span class='ocrx_word' id='word_1_196' title='bbox 2584 1938 2597 1951; x_wconf 86' lang='grc'>⁶</span> <span class='ocrx_word' id='word_1_197' title='bbox 2651 1921 2715 1975; x_wconf 83' lang='grc' dir='ltr'>τὸ</span> <span class='ocrx_word' id='word_1_198' title='bbox 2757 1921 2815 1975; x_wconf 77' lang='grc' dir='ltr'>δὲ</span> <span class='ocrx_word' id='word_1_199' title='bbox 2864 1920 3064 1992; x_wconf 80' lang='grc' dir='ltr'><strong>μηκέτι</strong></span> <span class='ocrx_word' id='word_1_200' title='bbox 3093 1920 3423 1992; x_wconf 80' lang='grc' dir='ltr'><strong>τολμᾶσθαι,</strong></span> <span class='ocrx_word' id='word_1_201' title='bbox 3458 1920 3775 1991; x_wconf 82' lang='grc' dir='ltr'><strong>διώρισται.</strong></span> 
     </span>
    </p>
   </div>
   <div class='ocr_carea' id='block_1_35' title="bbox 498 2008 1277 2073">
    <p class='ocr_par' dir='ltr' id='par_1_35' title="bbox 498 2008 1277 2073">
     <span class='ocr_line' id='line_1_35' title="bbox 498 2008 1277 2073; baseline 0 -12"><span class='ocrx_word' id='word_1_202' title='bbox 498 2008 644 2073; x_wconf 71' lang='lat' dir='ltr'><strong>cleat,</strong></span> <span class='ocrx_word' id='word_1_203' title='bbox 673 2010 892 2063; x_wconf 87' lang='lat' dir='ltr'><strong>decreto</strong></span> <span class='ocrx_word' id='word_1_204' title='bbox 924 2018 1140 2062; x_wconf 88' lang='lat' dir='ltr'><strong>cautum</strong></span> <span class='ocrx_word' id='word_1_205' title='bbox 1171 2014 1277 2061; x_wconf 83' lang='lat' dir='ltr'><strong>est.</strong></span> 
     </span>
    </p>
   </div>
   <div class='ocr_carea' id='block_1_36' title="bbox 570 2099 2081 2175">
    <p class='ocr_par' dir='ltr' id='par_1_36' title="bbox 570 2099 2081 2175">
     <span class='ocr_line' id='line_1_36' title="bbox 570 2099 2081 2175; baseline -0.003 -17"><span class='ocrx_word' id='word_1_206' title='bbox 570 2104 658 2158; x_wconf 72' lang='lat'><strong>28.</strong></span> <span class='ocrx_word' id='word_1_207' title='bbox 691 2102 1003 2175; x_wconf 80' lang='lat' dir='ltr'><strong>Presbyteri</strong></span> <span class='ocrx_word' id='word_1_208' title='bbox 1039 2102 1129 2174; x_wconf 89' lang='lat' dir='ltr'><strong>qui</strong></span> <span class='ocrx_word' id='word_1_209' title='bbox 1166 2104 1218 2157; x_wconf 87' lang='lat' dir='ltr'><strong>iu</strong></span> <span class='ocrx_word' id='word_1_210' title='bbox 1255 2102 1617 2155; x_wconf 83' lang='lat' dir='ltr'><strong>Barbarorum</strong></span> <span class='ocrx_word' id='word_1_211' title='bbox 1662 2099 1923 2155; x_wconf 87' lang='lat' dir='ltr'><strong>Ecclesiis</strong></span> <span class='ocrx_word' id='word_1_212' title='bbox 1957 2114 2081 2154; x_wconf 73' lang='lat' dir='ltr'><strong>ver-</strong></span> 
     </span>
    </p>
   </div>
   <div class='ocr_carea' id='block_1_37' title="bbox 497 2194 2082 2263">
    <p class='ocr_par' dir='ltr' id='par_1_37' title="bbox 497 2194 2082 2263">
     <span class='ocr_line' id='line_1_37' title="bbox 497 2194 2082 2263; baseline -0.003 -12"><span class='ocrx_word' id='word_1_213' title='bbox 497 2207 707 2262; x_wconf 85' lang='lat' dir='ltr'><strong>santur,</strong></span> <span class='ocrx_word' id='word_1_214' title='bbox 742 2196 844 2251; x_wconf 85' lang='lat' dir='ltr'><strong>etsi</strong></span> <span class='ocrx_word' id='word_1_215' title='bbox 894 2211 1124 2251; x_wconf 80' lang='lat' dir='ltr'><strong>uxorum</strong></span> <span class='ocrx_word' id='word_1_216' title='bbox 1173 2195 1502 2250; x_wconf 85' lang='lat' dir='ltr'><strong>commercio</strong></span> <span class='ocrx_word' id='word_1_217' title='bbox 1548 2194 1612 2247; x_wconf 87' lang='lat' dir='ltr'><strong>ad</strong></span> <span class='ocrx_word' id='word_1_218' title='bbox 1656 2202 1869 2263; x_wconf 85' lang='lat' dir='ltr'><strong>tempus</strong></span> <span class='ocrx_word' id='word_1_219' title='bbox 1915 2194 2082 2247; x_wconf 86' lang='lat' dir='ltr'><strong>absti-</strong></span> 
     </span>
    </p>
   </div>
   <div class='ocr_carea' id='block_1_38' title="bbox 496 2283 2085 2356">
    <p class='ocr_par' dir='ltr' id='par_1_38' title="bbox 496 2283 2085 2356">
     <span class='ocr_line' id='line_1_38' title="bbox 496 2283 2085 2356; baseline -0.005 -11"><span class='ocrx_word' id='word_1_220' title='bbox 496 2300 694 2354; x_wconf 87' lang='lat' dir='ltr'><strong>neant,</strong></span> <span class='ocrx_word' id='word_1_221' title='bbox 730 2300 910 2343; x_wconf 89' lang='lat' dir='ltr'><strong>tamen</strong></span> <span class='ocrx_word' id='word_1_222' title='bbox 961 2302 1029 2342; x_wconf 91' lang='lat' dir='ltr'><strong>ne</strong></span> <span class='ocrx_word' id='word_1_223' title='bbox 1081 2286 1310 2356; x_wconf 82' lang='lat' dir='ltr'><strong>amplius</strong></span> <span class='ocrx_word' id='word_1_224' title='bbox 1355 2300 1477 2340; x_wconf 85' lang='lat' dir='ltr'><strong>cum</strong></span> <span class='ocrx_word' id='word_1_225' title='bbox 1530 2285 1594 2338; x_wconf 86' lang='lat' dir='ltr'><strong>iis</strong></span> <span class='ocrx_word' id='word_1_226' title='bbox 1640 2283 1881 2355; x_wconf 86' lang='lat' dir='ltr'><strong>quolibet</strong></span> <span class='ocrx_word' id='word_1_227' title='bbox 1926 2285 2085 2338; x_wconf 86' lang='lat' dir='ltr'><strong>modo</strong></span> 
     </span>
    </p>
   </div>
   <div class='ocr_carea' id='block_1_39' title="bbox 498 2381 1231 2437">
    <p class='ocr_par' dir='ltr' id='par_1_39' title="bbox 498 2381 1231 2437">
     <span class='ocr_line' id='line_1_39' title="bbox 498 2381 1231 2437; baseline -0.005 0"><span class='ocrx_word' id='word_1_228' title='bbox 498 2382 943 2437; x_wconf 75' lang='lat' dir='ltr'><strong>cuttsuctudincm</strong></span> <span class='ocrx_word' id='word_1_229' title='bbox 976 2381 1231 2433; x_wconf 80' lang='lat' dir='ltr'><strong>habeant.</strong></span> 
     </span>
    </p>
   </div>
   <div class='ocr_carea' id='block_1_40' title="bbox 565 2468 2083 2537">
    <p class='ocr_par' dir='ltr' id='par_1_40' title="bbox 565 2468 2083 2537">
     <span class='ocr_line' id='line_1_40' title="bbox 565 2468 2083 2537; baseline -0.006 -7"><span class='ocrx_word' id='word_1_230' title='bbox 565 2475 659 2530; x_wconf 76' lang='grc'><strong>29.</strong></span> <span class='ocrx_word' id='word_1_231' title='bbox 698 2473 917 2527; x_wconf 81' lang='lat' dir='ltr'><strong>Patrum</strong></span> <span class='ocrx_word' id='word_1_232' title='bbox 960 2471 1199 2525; x_wconf 89' lang='lat' dir='ltr'><strong>nonnulli</strong></span> <span class='ocrx_word' id='word_1_233' title='bbox 1236 2469 1325 2523; x_wconf 89' lang='lat' dir='ltr'><strong>dic</strong></span> <span class='ocrx_word' id='word_1_234' title='bbox 1358 2470 1550 2523; x_wconf 77' lang='lat' dir='ltr'><strong>divina:</strong></span> <span class='ocrx_word' id='word_1_235' title='bbox 1581 2468 1763 2523; x_wconf 60' lang='lat' dir='ltr'><strong>Canite</strong></span> <span class='ocrx_word' id='word_1_236' title='bbox 1798 2477 2083 2537; x_wconf 81' lang='lat' dir='ltr'><strong>postquam</strong></span> 
     </span>
    </p>
   </div>
   <div class='ocr_carea' id='block_1_41' title="bbox 497 2560 2086 2631">
    <p class='ocr_par' dir='ltr' id='par_1_41' title="bbox 497 2560 2086 2631">
     <span class='ocr_line' id='line_1_41' title="bbox 497 2560 2086 2631; baseline -0.006 -8"><span class='ocrx_word' id='word_1_237' title='bbox 497 2575 832 2630; x_wconf 79' lang='lat' dir='ltr'><strong>cmnasscnt,</strong></span> <span class='ocrx_word' id='word_1_238' title='bbox 858 2563 1159 2619; x_wconf 78' lang='lat' dir='ltr'><strong>offerebant</strong></span> <span class='ocrx_word' id='word_1_239' title='bbox 1186 2579 1201 2617; x_wconf 88' lang='lat'><strong>:</strong></span> <span class='ocrx_word' id='word_1_240' title='bbox 1231 2563 1407 2617; x_wconf 81' lang='lat' dir='ltr'><strong>visum</strong></span> <span class='ocrx_word' id='word_1_241' title='bbox 1434 2572 1517 2615; x_wconf 83' lang='lat' dir='ltr'><strong>est</strong></span> <span class='ocrx_word' id='word_1_242' title='bbox 1547 2561 1715 2631; x_wconf 79' lang='lat' dir='ltr'><strong>igitur</strong></span> <span class='ocrx_word' id='word_1_243' title='bbox 1745 2562 1954 2630; x_wconf 80' lang='lat' dir='ltr'><strong>synodo</strong></span> <span class='ocrx_word' id='word_1_244' title='bbox 1983 2560 2086 2614; x_wconf 89' lang='lat' dir='ltr'><strong>hoc</strong></span> 
     </span>
    </p>
   </div>
   <div class='ocr_carea' id='block_1_42' title="bbox 499 2656 1045 2729">
    <p class='ocr_par' dir='ltr' id='par_1_42' title="bbox 499 2656 1045 2729">
     <span class='ocr_line' id='line_1_42' title="bbox 499 2656 1045 2729; baseline -0.009 -14"><span class='ocrx_word' id='word_1_245' title='bbox 499 2676 606 2715; x_wconf 85' lang='lat' dir='ltr'><strong>non</strong></span> <span class='ocrx_word' id='word_1_246' title='bbox 641 2660 875 2729; x_wconf 84' lang='lat' dir='ltr'><strong>amplius</strong></span> <span class='ocrx_word' id='word_1_247' title='bbox 909 2656 1045 2711; x_wconf 78' lang='lat' dir='ltr'><strong>ﬂeri.</strong></span> 
     </span>
    </p>
   </div>
   <div class='ocr_carea' id='block_1_43' title="bbox 570 2745 2084 2817">
    <p class='ocr_par' dir='ltr' id='par_1_43' title="bbox 570 2745 2084 2817">
     <span class='ocr_line' id='line_1_43' title="bbox 570 2745 2084 2817; baseline -0.004 -11"><span class='ocrx_word' id='word_1_248' title='bbox 570 2751 661 2806; x_wconf 77' lang='grc'><strong>50.</strong></span> <span class='ocrx_word' id='word_1_249' title='bbox 695 2748 806 2805; x_wconf 77' lang='lat' dir='ltr'><strong>Nisi</strong></span> <span class='ocrx_word' id='word_1_250' title='bbox 840 2765 962 2803; x_wconf 90' lang='lat' dir='ltr'><strong>cum</strong></span> <span class='ocrx_word' id='word_1_251' title='bbox 995 2762 1260 2803; x_wconf 88' lang='lat' dir='ltr'><strong>consensu</strong></span> <span class='ocrx_word' id='word_1_252' title='bbox 1293 2747 1556 2817; x_wconf 84' lang='lat' dir='ltr'><strong>episcopi,</strong></span> <span class='ocrx_word' id='word_1_253' title='bbox 1588 2747 1640 2801; x_wconf 91' lang='lat' dir='ltr'><strong>in</strong></span> <span class='ocrx_word' id='word_1_254' title='bbox 1673 2746 1915 2802; x_wconf 89' lang='lat' dir='ltr'><strong>oratorio</strong></span> <span class='ocrx_word' id='word_1_255' title='bbox 1944 2745 2084 2817; x_wconf 88' lang='lat' dir='ltr'><strong>quod</strong></span> 
     </span>
    </p>
   </div>
   <div class='ocr_carea' id='block_1_44' title="bbox 498 2840 1426 2904">
    <p class='ocr_par' dir='ltr' id='par_1_44' title="bbox 498 2840 1426 2904">
     <span class='ocr_line' id='line_1_44' title="bbox 498 2840 1426 2904; baseline -0.004 -6"><span class='ocrx_word' id='word_1_256' title='bbox 498 2852 584 2898; x_wconf 84' lang='lat' dir='ltr'><strong>est</strong></span> <span class='ocrx_word' id='word_1_257' title='bbox 616 2842 755 2896; x_wconf 87' lang='lat' dir='ltr'><strong>intra</strong></span> <span class='ocrx_word' id='word_1_258' title='bbox 791 2842 1032 2904; x_wconf 89' lang='lat' dir='ltr'><strong>domum,</strong></span> <span class='ocrx_word' id='word_1_259' title='bbox 1069 2856 1177 2895; x_wconf 91' lang='lat' dir='ltr'><strong>non</strong></span> <span class='ocrx_word' id='word_1_260' title='bbox 1209 2840 1426 2895; x_wconf 66' lang='lat' dir='ltr'><strong>oderes.</strong></span> 
     </span>
    </p>
   </div>
   <div class='ocr_carea' id='block_1_45' title="bbox 572 2932 2091 3002">
    <p class='ocr_par' dir='ltr' id='par_1_45' title="bbox 572 2932 2091 3002">
     <span class='ocr_line' id='line_1_45' title="bbox 572 2932 2091 3002; baseline -0.001 -13"><span class='ocrx_word' id='word_1_261' title='bbox 572 2934 663 2989; x_wconf 74' lang='grc'><strong>31.</strong></span> <span class='ocrx_word' id='word_1_262' title='bbox 695 2934 918 2997; x_wconf 83' lang='lat' dir='ltr'><strong>Eorum,</strong></span> <span class='ocrx_word' id='word_1_263' title='bbox 945 2934 1036 3002; x_wconf 85' lang='lat' dir='ltr'><strong>qui</strong></span> <span class='ocrx_word' id='word_1_264' title='bbox 1082 2932 1253 2988; x_wconf 73' lang='lat' dir='ltr'><strong>solum</strong></span> <span class='ocrx_word' id='word_1_265' title='bbox 1296 2948 1487 3001; x_wconf 87' lang='lat' dir='ltr'><strong>aquam</strong></span> <span class='ocrx_word' id='word_1_266' title='bbox 1532 2933 1583 2987; x_wconf 94' lang='lat' dir='ltr'><strong>in</strong></span> <span class='ocrx_word' id='word_1_267' title='bbox 1626 2932 1953 2989; x_wconf 84' lang='lat' dir='ltr'><strong>sacriﬁcium</strong></span> <span class='ocrx_word' id='word_1_268' title='bbox 1994 2932 2091 2987; x_wconf 85' lang='lat' dir='ltr'><strong>ad-</strong></span> 
     </span>
    </p>
   </div>
   <div class='ocr_carea' id='block_1_46' title="bbox 500 3024 2083 3096">
    <p class='ocr_par' dir='ltr' id='par_1_46' title="bbox 500 3024 2083 3096">
     <span class='ocr_line' id='line_1_46' title="bbox 500 3024 2083 3096; baseline -0.001 -17"><span class='ocrx_word' id='word_1_269' title='bbox 500 3027 782 3093; x_wconf 85' lang='lat' dir='ltr'><strong>hibebant,</strong></span> <span class='ocrx_word' id='word_1_270' title='bbox 816 3026 1071 3080; x_wconf 60' lang='lat' dir='ltr'><strong>haeresim</strong></span> <span class='ocrx_word' id='word_1_271' title='bbox 1121 3026 1315 3080; x_wconf 86' lang='lat' dir='ltr'><strong>tollens</strong></span> <span class='ocrx_word' id='word_1_272' title='bbox 1344 3025 1792 3096; x_wconf 80' lang='lat' dir='ltr'><strong>Chrysostomus,</strong></span> <span class='ocrx_word' id='word_1_273' title='bbox 1829 3024 2083 3091; x_wconf 83' lang='lat' dir='ltr'><strong>Quando,</strong></span> 
     </span>
    </p>
   </div>
   <div class='ocr_carea' id='block_1_47' title="bbox 500 3114 2085 3188">
    <p class='ocr_par' dir='ltr' id='par_1_47' title="bbox 500 3114 2085 3188">
     <span class='ocr_line' id='line_1_47' title="bbox 500 3114 2085 3188; baseline -0.004 -18"><span class='ocrx_word' id='word_1_274' title='bbox 500 3117 700 3188; x_wconf 86' lang='lat' dir='ltr'><strong>inquit,</strong></span> <span class='ocrx_word' id='word_1_275' title='bbox 724 3130 919 3185; x_wconf 86' lang='lat' dir='ltr'><strong>passus</strong></span> <span class='ocrx_word' id='word_1_276' title='bbox 947 3122 1031 3168; x_wconf 90' lang='lat' dir='ltr'><strong>est</strong></span> <span class='ocrx_word' id='word_1_277' title='bbox 1063 3114 1321 3167; x_wconf 85' lang='lat' dir='ltr'><strong>Dominus</strong></span> <span class='ocrx_word' id='word_1_278' title='bbox 1356 3122 1410 3167; x_wconf 91' lang='lat' dir='ltr'><strong>et</strong></span> <span class='ocrx_word' id='word_1_279' title='bbox 1444 3114 1762 3178; x_wconf 81' lang='lat' dir='ltr'><strong>resurrexit,</strong></span> <span class='ocrx_word' id='word_1_280' title='bbox 1793 3115 1917 3165; x_wconf 80' lang='lat' dir='ltr'><strong>vino</strong></span> <span class='ocrx_word' id='word_1_281' title='bbox 1952 3126 2085 3165; x_wconf 80' lang='lat' dir='ltr'><strong>usus</strong></span> 
     </span>
    </p>
   </div>
   <div class='ocr_carea' id='block_1_48' title="bbox 496 3205 2081 3277">
    <p class='ocr_par' dir='ltr' id='par_1_48' title="bbox 496 3205 2081 3277">
     <span class='ocr_line' id='line_1_48' title="bbox 496 3205 2081 3277; baseline -0.005 -14"><span class='ocrx_word' id='word_1_282' title='bbox 496 3219 606 3263; x_wconf 78' lang='lat' dir='ltr'><strong>est.</strong></span> <span class='ocrx_word' id='word_1_283' title='bbox 642 3207 757 3262; x_wconf 79' lang='lat' dir='ltr'><strong>Hoc</strong></span> <span class='ocrx_word' id='word_1_284' title='bbox 801 3216 1026 3277; x_wconf 80' lang='lat' dir='ltr'><strong>accepto</strong></span> <span class='ocrx_word' id='word_1_285' title='bbox 1071 3205 1312 3260; x_wconf 80' lang='lat' dir='ltr'><strong>Armenii</strong></span> <span class='ocrx_word' id='word_1_286' title='bbox 1362 3205 1549 3259; x_wconf 86' lang='lat' dir='ltr'><strong>vinum</strong></span> <span class='ocrx_word' id='word_1_287' title='bbox 1596 3207 1766 3261; x_wconf 88' lang='lat' dir='ltr'><strong>solum</strong></span> <span class='ocrx_word' id='word_1_288' title='bbox 1812 3206 2081 3267; x_wconf 62' lang='lat' dir='ltr'><strong>oderunt,</strong></span> 
     </span>
    </p>
   </div>
   <div class='ocr_carea' id='block_1_49' title="bbox 500 3296 2081 3369">
    <p class='ocr_par' dir='ltr' id='par_1_49' title="bbox 500 3296 2081 3369">
     <span class='ocr_line' id='line_1_49' title="bbox 500 3296 2081 3369; baseline -0.004 -14"><span class='ocrx_word' id='word_1_289' title='bbox 500 3302 807 3356; x_wconf 78' lang='lat' dir='ltr'><strong>nescientes</strong></span> <span class='ocrx_word' id='word_1_290' title='bbox 837 3299 1016 3369; x_wconf 80' lang='lat' dir='ltr'><strong>ipsum</strong></span> <span class='ocrx_word' id='word_1_291' title='bbox 1043 3299 1205 3353; x_wconf 78' lang='lat' dir='ltr'><strong>etiam</strong></span> <span class='ocrx_word' id='word_1_292' title='bbox 1236 3298 1684 3369; x_wconf 83' lang='lat' dir='ltr'><strong>Chrysostomum</strong></span> <span class='ocrx_word' id='word_1_293' title='bbox 1716 3309 1772 3353; x_wconf 87' lang='lat' dir='ltr'><strong>et</strong></span> <span class='ocrx_word' id='word_1_294' title='bbox 1798 3296 2081 3361; x_wconf 84' lang='lat' dir='ltr'><strong>Basilium,</strong></span> 
     </span>
    </p>
   </div>
   <div class='ocr_carea' id='block_1_50' title="bbox 500 3385 2087 3456">
    <p class='ocr_par' dir='ltr' id='par_1_50' title="bbox 500 3385 2087 3456">
     <span class='ocr_line' id='line_1_50' title="bbox 500 3385 2087 3456; baseline -0.002 -12"><span class='ocrx_word' id='word_1_295' title='bbox 500 3405 564 3444; x_wconf 76' lang='lat' dir='ltr'><strong>se</strong></span> <span class='ocrx_word' id='word_1_296' title='bbox 594 3388 861 3444; x_wconf 65' lang='lat' dir='ltr'><strong>Iacobum</strong></span> <span class='ocrx_word' id='word_1_297' title='bbox 897 3388 1025 3444; x_wconf 89' lang='lat' dir='ltr'><strong>vino</strong></span> <span class='ocrx_word' id='word_1_298' title='bbox 1057 3401 1196 3456; x_wconf 87' lang='lat' dir='ltr'><strong>aqua</strong></span> <span class='ocrx_word' id='word_1_299' title='bbox 1236 3387 1403 3441; x_wconf 87' lang='lat' dir='ltr'><strong>misto</strong></span> <span class='ocrx_word' id='word_1_300' title='bbox 1439 3401 1569 3441; x_wconf 85' lang='lat' dir='ltr'><strong>usos</strong></span> <span class='ocrx_word' id='word_1_301' title='bbox 1601 3385 1791 3451; x_wconf 78' lang='lat' dir='ltr'><strong>fuisse,</strong></span> <span class='ocrx_word' id='word_1_302' title='bbox 1824 3386 2087 3455; x_wconf 73' lang='lat' dir='ltr'><strong>uobisque</strong></span> 
     </span>
    </p>
   </div>
   <div class='ocr_carea' id='block_1_51' title="bbox 501 3478 2086 3551">
    <p class='ocr_par' dir='ltr' id='par_1_51' title="bbox 501 3478 2086 3551">
     <span class='ocr_line' id='line_1_51' title="bbox 501 3478 2086 3551; baseline -0.001 -14"><span class='ocrx_word' id='word_1_303' title='bbox 501 3492 559 3537; x_wconf 82' lang='lat' dir='ltr'><strong>ut</strong></span> <span class='ocrx_word' id='word_1_304' title='bbox 588 3481 664 3535; x_wconf 89' lang='lat' dir='ltr'><strong>ita</strong></span> <span class='ocrx_word' id='word_1_305' title='bbox 696 3480 1023 3535; x_wconf 82' lang='lat' dir='ltr'><strong>oﬂ&#39;crremus</strong></span> <span class='ocrx_word' id='word_1_306' title='bbox 1056 3478 1365 3535; x_wconf 75' lang='lat' dir='ltr'><strong>tradidisse.</strong></span> <span class='ocrx_word' id='word_1_307' title='bbox 1397 3479 1454 3534; x_wconf 84' lang='lat' dir='ltr'><strong>Si</strong></span> <span class='ocrx_word' id='word_1_308' title='bbox 1488 3479 1611 3551; x_wconf 88' lang='lat' dir='ltr'><strong>quis</strong></span> <span class='ocrx_word' id='word_1_309' title='bbox 1647 3480 1811 3549; x_wconf 76' lang='lat' dir='ltr'><strong>igitur</strong></span> <span class='ocrx_word' id='word_1_310' title='bbox 1840 3489 1931 3533; x_wconf 88' lang='lat' dir='ltr'><strong>aut</strong></span> <span class='ocrx_word' id='word_1_311' title='bbox 1958 3481 2086 3535; x_wconf 88' lang='lat' dir='ltr'><strong>vino</strong></span> 
     </span>
    </p>
   </div>
   <div class='ocr_carea' id='block_1_52' title="bbox 493 3572 2081 3644">
    <p class='ocr_par' dir='ltr' id='par_1_52' title="bbox 493 3572 2081 3644">
     <span class='ocr_line' id='line_1_52' title="bbox 493 3572 2081 3644; baseline -0.001 -15"><span class='ocrx_word' id='word_1_312' title='bbox 493 3574 634 3641; x_wconf 81' lang='lat' dir='ltr'><strong>solo,</strong></span> <span class='ocrx_word' id='word_1_313' title='bbox 666 3585 757 3629; x_wconf 87' lang='lat' dir='ltr'><strong>aut</strong></span> <span class='ocrx_word' id='word_1_314' title='bbox 798 3587 937 3643; x_wconf 84' lang='lat' dir='ltr'><strong>aqua</strong></span> <span class='ocrx_word' id='word_1_315' title='bbox 985 3572 1125 3637; x_wconf 88' lang='lat' dir='ltr'><strong>sola,</strong></span> <span class='ocrx_word' id='word_1_316' title='bbox 1153 3586 1259 3625; x_wconf 90' lang='lat' dir='ltr'><strong>non</strong></span> <span class='ocrx_word' id='word_1_317' title='bbox 1301 3586 1432 3627; x_wconf 86' lang='lat' dir='ltr'><strong>vero</strong></span> <span class='ocrx_word' id='word_1_318' title='bbox 1474 3572 1632 3627; x_wconf 85' lang='lat' dir='ltr'><strong>mista</strong></span> <span class='ocrx_word' id='word_1_319' title='bbox 1674 3580 1879 3640; x_wconf 88' lang='lat' dir='ltr'><strong>utatur,</strong></span> <span class='ocrx_word' id='word_1_320' title='bbox 1911 3572 2081 3644; x_wconf 86' lang='lat' dir='ltr'><strong>depo-</strong></span> 
     </span>
    </p>
   </div>
   <div class='ocr_carea' id='block_1_53' title="bbox 497 3674 683 3720">
    <p class='ocr_par' dir='ltr' id='par_1_53' title="bbox 497 3674 683 3720">
     <span class='ocr_line' id='line_1_53' title="bbox 497 3674 683 3720; baseline -0.005 0"><span class='ocrx_word' id='word_1_321' title='bbox 497 3674 683 3720; x_wconf 82' lang='lat' dir='ltr'><strong>natur.</strong></span> 
     </span>
    </p>
   </div>
   <div class='ocr_carea' id='block_1_54' title="bbox 572 3755 2087 3827">
    <p class='ocr_par' dir='ltr' id='par_1_54' title="bbox 572 3755 2087 3827">
     <span class='ocr_line' id='line_1_54' title="bbox 572 3755 2087 3827; baseline -0.001 -16"><span class='ocrx_word' id='word_1_322' title='bbox 572 3758 664 3812; x_wconf 76' lang='lat'><strong>52.</strong></span> <span class='ocrx_word' id='word_1_323' title='bbox 697 3757 1055 3813; x_wconf 83' lang='lat' dir='ltr'><strong>Ordinatione</strong></span> <span class='ocrx_word' id='word_1_324' title='bbox 1088 3755 1302 3827; x_wconf 78' lang='lat' dir='ltr'><strong>dignus,</strong></span> <span class='ocrx_word' id='word_1_325' title='bbox 1329 3762 1384 3811; x_wconf 93' lang='lat' dir='ltr'><strong>et</strong></span> <span class='ocrx_word' id='word_1_326' title='bbox 1422 3755 1512 3825; x_wconf 91' lang='lat' dir='ltr'><strong>qui</strong></span> <span class='ocrx_word' id='word_1_327' title='bbox 1548 3756 1600 3811; x_wconf 88' lang='lat' dir='ltr'><strong>in</strong></span> <span class='ocrx_word' id='word_1_328' title='bbox 1640 3770 1797 3812; x_wconf 89' lang='lat' dir='ltr'><strong>sacro</strong></span> <span class='ocrx_word' id='word_1_329' title='bbox 1831 3765 2087 3811; x_wconf 85' lang='lat' dir='ltr'><strong>censetur</strong></span> 
     </span>
    </p>
   </div>
   <div class='ocr_carea' id='block_1_55' title="bbox 498 3846 2089 3917">
    <p class='ocr_par' dir='ltr' id='par_1_55' title="bbox 498 3846 2089 3917">
     <span class='ocr_line' id='line_1_55' title="bbox 498 3846 2089 3917; baseline -0.001 -14"><span class='ocrx_word' id='word_1_330' title='bbox 498 3850 733 3915; x_wconf 80' lang='lat' dir='ltr'><strong>genere,</strong></span> <span class='ocrx_word' id='word_1_331' title='bbox 770 3860 934 3917; x_wconf 87' lang='lat' dir='ltr'><strong>atque</strong></span> <span class='ocrx_word' id='word_1_332' title='bbox 982 3846 1119 3909; x_wconf 82' lang='lat' dir='ltr'><strong>alio,</strong></span> <span class='ocrx_word' id='word_1_333' title='bbox 1153 3846 1436 3901; x_wconf 89' lang='lat' dir='ltr'><strong>ordinetur</strong></span> <span class='ocrx_word' id='word_1_334' title='bbox 1481 3860 1496 3899; x_wconf 90' lang='lat'><strong>:</strong></span> <span class='ocrx_word' id='word_1_335' title='bbox 1543 3846 1633 3915; x_wconf 87' lang='lat' dir='ltr'><strong>qui</strong></span> <span class='ocrx_word' id='word_1_336' title='bbox 1678 3861 1803 3901; x_wconf 86' lang='lat' dir='ltr'><strong>vero</strong></span> <span class='ocrx_word' id='word_1_337' title='bbox 1850 3862 1958 3901; x_wconf 89' lang='lat' dir='ltr'><strong>non</strong></span> <span class='ocrx_word' id='word_1_338' title='bbox 2005 3855 2089 3901; x_wconf 82' lang='lat' dir='ltr'><strong>est</strong></span> 
     </span>
    </p>
   </div>
   <div class='ocr_carea' id='block_1_56' title="bbox 503 3939 2088 4006">
    <p class='ocr_par' dir='ltr' id='par_1_56' title="bbox 503 3939 2088 4006">
     <span class='ocr_line' id='line_1_56' title="bbox 503 3939 2088 4006; baseline 0.001 -11"><span class='ocrx_word' id='word_1_339' title='bbox 503 3953 713 4006; x_wconf 90' lang='lat' dir='ltr'><strong>tonsus,</strong></span> <span class='ocrx_word' id='word_1_340' title='bbox 743 3957 805 3995; x_wconf 86' lang='lat' dir='ltr'><strong>ac</strong></span> <span class='ocrx_word' id='word_1_341' title='bbox 830 3941 1256 3997; x_wconf 89' lang='lat' dir='ltr'><strong>benedictionem</strong></span> <span class='ocrx_word' id='word_1_342' title='bbox 1290 3954 1615 3994; x_wconf 80' lang='lat' dir='ltr'><strong>consecutus</strong></span> <span class='ocrx_word' id='word_1_343' title='bbox 1643 3948 1748 4005; x_wconf 85' lang='lat' dir='ltr'><strong>est,</strong></span> <span class='ocrx_word' id='word_1_344' title='bbox 1776 3939 1827 3994; x_wconf 90' lang='lat' dir='ltr'><strong>in</strong></span> <span class='ocrx_word' id='word_1_345' title='bbox 1855 3941 2088 3997; x_wconf 88' lang='lat' dir='ltr'><strong>amboue</strong></span> 
     </span>
    </p>
   </div>
   <div class='ocr_carea' id='block_1_57' title="bbox 500 4033 1337 4104">
    <p class='ocr_par' dir='ltr' id='par_1_57' title="bbox 500 4033 1337 4104">
     <span class='ocr_line' id='line_1_57' title="bbox 500 4033 1337 4104; baseline -0.005 -13"><span class='ocrx_word' id='word_1_346' title='bbox 500 4051 686 4091; x_wconf 80' lang='lat' dir='ltr'><strong>sacros</strong></span> <span class='ocrx_word' id='word_1_347' title='bbox 720 4048 999 4089; x_wconf 84' lang='lat' dir='ltr'><strong>sermones</strong></span> <span class='ocrx_word' id='word_1_348' title='bbox 1032 4048 1140 4088; x_wconf 87' lang='lat' dir='ltr'><strong>non</strong></span> <span class='ocrx_word' id='word_1_349' title='bbox 1176 4033 1337 4104; x_wconf 73' lang='lat' dir='ltr'><strong>leget.</strong></span> 
     </span>
    </p>
   </div>
   <div class='ocr_carea' id='block_1_58' title="bbox 568 4124 2088 4197">
    <p class='ocr_par' dir='ltr' id='par_1_58' title="bbox 568 4124 2088 4197">
     <span class='ocr_line' id='line_1_58' title="bbox 568 4124 2088 4197; baseline 0.001 -15"><span class='ocrx_word' id='word_1_350' title='bbox 568 4127 661 4182; x_wconf 74' lang='lat'><strong>53.</strong></span> <span class='ocrx_word' id='word_1_351' title='bbox 700 4125 970 4197; x_wconf 80' lang='lat' dir='ltr'><strong>Episcopo</strong></span> <span class='ocrx_word' id='word_1_352' title='bbox 1017 4128 1126 4181; x_wconf 83' lang='lat' dir='ltr'><strong>vita</strong></span> <span class='ocrx_word' id='word_1_353' title='bbox 1180 4126 1508 4192; x_wconf 80' lang='lat' dir='ltr'><strong>excedente,</strong></span> <span class='ocrx_word' id='word_1_354' title='bbox 1545 4124 1725 4183; x_wconf 88' lang='lat' dir='ltr'><strong>clerus</strong></span> <span class='ocrx_word' id='word_1_355' title='bbox 1775 4136 1896 4182; x_wconf 84' lang='lat' dir='ltr'><strong>acta</strong></span> <span class='ocrx_word' id='word_1_356' title='bbox 1946 4125 2088 4183; x_wconf 89' lang='lat' dir='ltr'><strong>illius</strong></span> 
     </span>
    </p>
   </div>
   <div class='ocr_carea' id='block_1_59' title="bbox 497 4218 2088 4285">
    <p class='ocr_par' dir='ltr' id='par_1_59' title="bbox 497 4218 2088 4285">
     <span class='ocr_line' id='line_1_59' title="bbox 497 4218 2088 4285; baseline 0.001 -12"><span class='ocrx_word' id='word_1_357' title='bbox 497 4218 739 4273; x_wconf 74' lang='lat' dir='ltr'><strong>servabit</strong></span> <span class='ocrx_word' id='word_1_358' title='bbox 766 4232 781 4271; x_wconf 91' lang='lat'><strong>:</strong></span> <span class='ocrx_word' id='word_1_359' title='bbox 815 4219 858 4273; x_wconf 85' lang='lat' dir='ltr'><strong>si</strong></span> <span class='ocrx_word' id='word_1_360' title='bbox 892 4227 1071 4273; x_wconf 88' lang='lat' dir='ltr'><strong>autem</strong></span> <span class='ocrx_word' id='word_1_361' title='bbox 1101 4234 1207 4272; x_wconf 89' lang='lat' dir='ltr'><strong>non</strong></span> <span class='ocrx_word' id='word_1_362' title='bbox 1241 4220 1463 4273; x_wconf 89' lang='lat' dir='ltr'><strong>relictus</strong></span> <span class='ocrx_word' id='word_1_363' title='bbox 1492 4230 1578 4275; x_wconf 91' lang='lat' dir='ltr'><strong>est</strong></span> <span class='ocrx_word' id='word_1_364' title='bbox 1605 4218 1855 4285; x_wconf 86' lang='lat' dir='ltr'><strong>clericus,</strong></span> <span class='ocrx_word' id='word_1_365' title='bbox 1885 4230 2088 4275; x_wconf 84' lang='lat' dir='ltr'><strong>metro-</strong></span> 
     </span>
    </p>
   </div>
   <div class='ocr_carea' id='block_1_60' title="bbox 502 4310 2087 4382">
    <p class='ocr_par' dir='ltr' id='par_1_60' title="bbox 502 4310 2087 4382">
     <span class='ocr_line' id='line_1_60' title="bbox 502 4310 2087 4382; baseline 0.003 -17"><span class='ocrx_word' id='word_1_366' title='bbox 502 4310 779 4381; x_wconf 87' lang='lat' dir='ltr'><strong>politauus</strong></span> <span class='ocrx_word' id='word_1_367' title='bbox 820 4312 935 4381; x_wconf 86' lang='lat' dir='ltr'><strong>ipsa</strong></span> <span class='ocrx_word' id='word_1_368' title='bbox 982 4314 1251 4367; x_wconf 82' lang='lat' dir='ltr'><strong>custodiet</strong></span> <span class='ocrx_word' id='word_1_369' title='bbox 1287 4328 1457 4382; x_wconf 89' lang='lat' dir='ltr'><strong>usque</strong></span> <span class='ocrx_word' id='word_1_370' title='bbox 1497 4315 1563 4368; x_wconf 83' lang='lat' dir='ltr'><strong>ad</strong></span> <span class='ocrx_word' id='word_1_371' title='bbox 1603 4313 1742 4371; x_wconf 88' lang='lat' dir='ltr'><strong>alius</strong></span> <span class='ocrx_word' id='word_1_372' title='bbox 1784 4316 2087 4369; x_wconf 86' lang='lat' dir='ltr'><strong>ordinatio-</strong></span> 
     </span>
    </p>
   </div>
   <div class='ocr_carea' id='block_1_61' title="bbox 567 4505 2091 4579">
    <p class='ocr_par' dir='ltr' id='par_1_61' title="bbox 567 4505 2091 4579">
     <span class='ocr_line' id='line_1_61' title="bbox 567 4505 2091 4579; baseline 0.003 -16"><span class='ocrx_word' id='word_1_373' title='bbox 567 4507 658 4563; x_wconf 72' lang='grc'><strong>54.</strong></span> <span class='ocrx_word' id='word_1_374' title='bbox 693 4505 992 4579; x_wconf 78' lang='lat' dir='ltr'><strong>Episcopus</strong></span> <span class='ocrx_word' id='word_1_375' title='bbox 1026 4510 1115 4579; x_wconf 88' lang='lat' dir='ltr'><strong>qui</strong></span> <span class='ocrx_word' id='word_1_376' title='bbox 1153 4519 1373 4579; x_wconf 74' lang='lat' dir='ltr'><strong>prouter</strong></span> <span class='ocrx_word' id='word_1_377' title='bbox 1406 4508 1773 4565; x_wconf 85' lang='lat' dir='ltr'><strong>Barbarorum</strong></span> <span class='ocrx_word' id='word_1_378' title='bbox 1820 4512 2091 4568; x_wconf 85' lang='lat' dir='ltr'><strong>incursio-</strong></span> 
     </span>
    </p>
   </div>
   <div class='ocr_carea' id='block_1_62' title="bbox 2255 2101 3780 2178">
    <p class='ocr_par' dir='ltr' id='par_1_62' title="bbox 2255 2101 3780 2178">
     <span class='ocr_line' id='line_1_62' title="bbox 2255 2101 3780 2178; baseline -0.004 -16"><span class='ocrx_word' id='word_1_379' title='bbox 2255 2106 2363 2178; x_wconf 81' lang='grc' dir='ltr'>κη’.</span> <span class='ocrx_word' id='word_1_380' title='bbox 2406 2105 2518 2161; x_wconf 70' lang='grc' dir='ltr'><strong>Καὶ</strong></span> <span class='ocrx_word' id='word_1_381' title='bbox 2538 2108 2584 2159; x_wconf 78' lang='grc' dir='ltr'>οἱ</span> <span class='ocrx_word' id='word_1_382' title='bbox 2621 2106 2679 2158; x_wconf 83' lang='grc' dir='ltr'>ἐν</span> <span class='ocrx_word' id='word_1_383' title='bbox 2713 2102 3075 2175; x_wconf 73' lang='grc' dir='ltr'>βαρϐαρικαῖς</span> <span class='ocrx_word' id='word_1_384' title='bbox 3117 2101 3683 2171; x_wconf 75' lang='grc' dir='ltr'>Ἐκκλησίαιςίερεῖς,</span> <span class='ocrx_word' id='word_1_385' title='bbox 3725 2103 3780 2157; x_wconf 78' lang='grc' dir='ltr'><strong>εί</strong></span> 
     </span>
    </p>
   </div>
   <div class='ocr_carea' id='block_1_63' title="bbox 2183 2194 3772 2268">
    <p class='ocr_par' dir='ltr' id='par_1_63' title="bbox 2183 2194 3772 2268">
     <span class='ocr_line' id='line_1_63' title="bbox 2183 2194 3772 2268; baseline -0.004 -16"><span class='ocrx_word' id='word_1_386' title='bbox 2183 2200 2284 2268; x_wconf 70' lang='grc' dir='ltr'>τῆς</span> <span class='ocrx_word' id='word_1_387' title='bbox 2318 2201 2426 2252; x_wconf 86' lang='grc' dir='ltr'><strong>τῶν</strong></span> <span class='ocrx_word' id='word_1_388' title='bbox 2468 2198 2714 2267; x_wconf 76' lang='grc' dir='ltr'>συμσίιυν</span> <span class='ocrx_word' id='word_1_389' title='bbox 2770 2196 3114 2267; x_wconf 78' lang='grc' dir='ltr'>προσκαίρου</span> <span class='ocrx_word' id='word_1_390' title='bbox 3157 2194 3377 2265; x_wconf 79' lang='grc' dir='ltr'><strong>ὁμιλίας</strong></span> <span class='ocrx_word' id='word_1_391' title='bbox 3420 2194 3723 2264; x_wconf 75' lang='grc' dir='ltr'>ἀπέχονται</span> <span class='ocrx_word' id='word_1_392' title='bbox 3753 2212 3772 2227; x_wconf 88' lang='grc'><strong>·</strong></span> 
     </span>
    </p>
   </div>
   <div class='ocr_carea' id='block_1_64' title="bbox 2187 2285 3781 2360">
    <p class='ocr_par' dir='ltr' id='par_1_64' title="bbox 2187 2285 3781 2360">
     <span class='ocr_line' id='line_1_64' title="bbox 2187 2285 3781 2360; baseline -0.003 -14"><span class='ocrx_word' id='word_1_393' title='bbox 2187 2293 2298 2346; x_wconf 79' lang='grc' dir='ltr'>ἀλλ’</span> <span class='ocrx_word' id='word_1_394' title='bbox 2341 2287 2435 2346; x_wconf 74' lang='grc' dir='ltr'><strong>οὖν</strong></span> <span class='ocrx_word' id='word_1_395' title='bbox 2480 2291 2676 2360; x_wconf 73' lang='grc' dir='ltr'>μηκέτι</span> <span class='ocrx_word' id='word_1_396' title='bbox 2731 2289 2955 2350; x_wconf 81' lang='grc' dir='ltr'>ταύταις</span> <span class='ocrx_word' id='word_1_397' title='bbox 3004 2287 3122 2342; x_wconf 84' lang='grc' dir='ltr'>καθ’</span> <span class='ocrx_word' id='word_1_398' title='bbox 3154 2285 3534 2357; x_wconf 81' lang='grc' dir='ltr'>οἱονδηποτοῦν</span> <span class='ocrx_word' id='word_1_399' title='bbox 3574 2286 3781 2358; x_wconf 74' lang='grc' dir='ltr'>όμιλείο</span> 
     </span>
    </p>
   </div>
   <div class='ocr_carea' id='block_1_65' title="bbox 2184 2382 2623 2452">
    <p class='ocr_par' dir='ltr' id='par_1_65' title="bbox 2184 2382 2623 2452">
     <span class='ocr_line' id='line_1_65' title="bbox 2184 2382 2623 2452; baseline -0.009 -13"><span class='ocrx_word' id='word_1_400' title='bbox 2184 2401 2367 2439; x_wconf 75' lang='grc' dir='ltr'>τωσαν</span> <span class='ocrx_word' id='word_1_401' title='bbox 2398 2382 2623 2452; x_wconf 82' lang='grc' dir='ltr'>τρόπον.</span> 
     </span>
    </p>
   </div>
   <div class='ocr_carea' id='block_1_66' title="bbox 2257 2471 3779 2544">
    <p class='ocr_par' dir='ltr' id='par_1_66' title="bbox 2257 2471 3779 2544">
     <span class='ocr_line' id='line_1_66' title="bbox 2257 2471 3779 2544; baseline -0.001 -17"><span class='ocrx_word' id='word_1_402' title='bbox 2257 2475 2360 2528; x_wconf 86' lang='grc' dir='ltr'>κθ’.</span> <span class='ocrx_word' id='word_1_403' title='bbox 2412 2474 2572 2536; x_wconf 80' lang='grc' dir='ltr'>Τινὲς</span> <span class='ocrx_word' id='word_1_404' title='bbox 2602 2473 2711 2526; x_wconf 85' lang='grc' dir='ltr'><strong>τῶν</strong></span> <span class='ocrx_word' id='word_1_405' title='bbox 2759 2472 3022 2541; x_wconf 82' lang='grc' dir='ltr'>Πατὲρων</span> <span class='ocrx_word' id='word_1_406' title='bbox 3070 2471 3170 2543; x_wconf 81' lang='grc' dir='ltr'>τὴν</span> <span class='ocrx_word' id='word_1_407' title='bbox 3219 2471 3436 2544; x_wconf 68' lang='grc' dir='ltr'>ἡμέραν</span> <span class='ocrx_word' id='word_1_408' title='bbox 3485 2471 3584 2525; x_wconf 81' lang='grc' dir='ltr'>τοῦ</span> <span class='ocrx_word' id='word_1_409' title='bbox 3624 2471 3779 2526; x_wconf 76' lang='grc' dir='ltr'>θείου</span> 
     </span>
    </p>
   </div>
   <div class='ocr_carea' id='block_1_67' title="bbox 2185 2565 3781 2637">
    <p class='ocr_par' dir='ltr' id='par_1_67' title="bbox 2185 2565 3781 2637">
     <span class='ocr_line' id='line_1_67' title="bbox 2185 2565 3781 2637; baseline -0.001 -16"><span class='ocrx_word' id='word_1_410' title='bbox 2185 2569 2412 2622; x_wconf 77' lang='grc' dir='ltr'>Δείπνου</span> <span class='ocrx_word' id='word_1_411' title='bbox 2456 2567 2593 2637; x_wconf 74' lang='grc' dir='ltr'>μετὰ</span> <span class='ocrx_word' id='word_1_412' title='bbox 2622 2567 2684 2620; x_wconf 71' lang='grc' dir='ltr'>τὸ</span> <span class='ocrx_word' id='word_1_413' title='bbox 2714 2566 3003 2637; x_wconf 77' lang='grc' dir='ltr'>δειπνῆσαι</span> <span class='ocrx_word' id='word_1_414' title='bbox 3041 2566 3323 2637; x_wconf 76' lang='grc' dir='ltr'><strong>προσῆγον</strong></span> <span class='ocrx_word' id='word_1_415' title='bbox 3347 2585 3361 2599; x_wconf 83' lang='grc'><strong>-</strong></span> <span class='ocrx_word' id='word_1_416' title='bbox 3400 2565 3548 2633; x_wconf 77' lang='grc' dir='ltr'>ἔδοξε</span> <span class='ocrx_word' id='word_1_417' title='bbox 3590 2566 3781 2621; x_wconf 78' lang='grc' dir='ltr'>τοίνυν</span> 
     </span>
    </p>
   </div>
   <div class='ocr_carea' id='block_1_68' title="bbox 2186 2659 3096 2734">
    <p class='ocr_par' dir='ltr' id='par_1_68' title="bbox 2186 2659 3096 2734">
     <span class='ocr_line' id='line_1_68' title="bbox 2186 2659 3096 2734; baseline -0.002 -17"><span class='ocrx_word' id='word_1_418' title='bbox 2186 2666 2253 2734; x_wconf 77' lang='grc' dir='ltr'>τῇ</span> <span class='ocrx_word' id='word_1_419' title='bbox 2291 2662 2498 2732; x_wconf 78' lang='grc' dir='ltr'>συνόδῳ</span> <span class='ocrx_word' id='word_1_420' title='bbox 2527 2661 2685 2715; x_wconf 79' lang='grc' dir='ltr'>τοῦτο</span> <span class='ocrx_word' id='word_1_421' title='bbox 2722 2661 2798 2732; x_wconf 76' lang='grc' dir='ltr'><strong>μὴ</strong></span> <span class='ocrx_word' id='word_1_422' title='bbox 2822 2659 3096 2728; x_wconf 84' lang='grc' dir='ltr'>γίνεσθαι.</span> 
     </span>
    </p>
   </div>
   <div class='ocr_carea' id='block_1_69' title="bbox 2256 2752 3777 2824">
    <p class='ocr_par' dir='ltr' id='par_1_69' title="bbox 2256 2752 3777 2824">
     <span class='ocr_line' id='line_1_69' title="bbox 2256 2752 3777 2824; baseline 0.003 -19"><span class='ocrx_word' id='word_1_423' title='bbox 2256 2752 2323 2806; x_wconf 83' lang='grc' dir='ltr'><strong>λ’.</strong></span> <span class='ocrx_word' id='word_1_424' title='bbox 2367 2754 2429 2807; x_wconf 83' lang='lat' dir='ltr'><strong>Ei</strong></span> <span class='ocrx_word' id='word_1_425' title='bbox 2472 2753 2546 2824; x_wconf 84' lang='grc' dir='ltr'>μὴ</span> <span class='ocrx_word' id='word_1_426' title='bbox 2585 2753 2726 2823; x_wconf 79' lang='grc' dir='ltr'>μετὰ</span> <span class='ocrx_word' id='word_1_427' title='bbox 2768 2752 2997 2823; x_wconf 83' lang='grc' dir='ltr'>γνώμης</span> <span class='ocrx_word' id='word_1_428' title='bbox 3047 2752 3373 2818; x_wconf 76' lang='grc' dir='ltr'>ἐπισκόπου,</span> <span class='ocrx_word' id='word_1_429' title='bbox 3418 2752 3570 2806; x_wconf 80' lang='grc' dir='ltr'>ἔνδον</span> <span class='ocrx_word' id='word_1_430' title='bbox 3620 2754 3777 2809; x_wconf 79' lang='grc' dir='ltr'>οἴκου</span> 
     </span>
    </p>
   </div>
   <div class='ocr_carea' id='block_1_70' title="bbox 2188 2844 3069 2919">
    <p class='ocr_par' dir='ltr' id='par_1_70' title="bbox 2188 2844 3069 2919">
     <span class='ocr_line' id='line_1_70' title="bbox 2188 2844 3069 2919; baseline 0.005 -23"><span class='ocrx_word' id='word_1_431' title='bbox 2188 2845 2269 2907; x_wconf 85' lang='grc' dir='ltr'><strong>είς</strong></span> <span class='ocrx_word' id='word_1_432' title='bbox 2300 2844 2617 2919; x_wconf 68' lang='grc' dir='ltr'>εὐκτῄριον,</span> <span class='ocrx_word' id='word_1_433' title='bbox 2642 2844 2703 2896; x_wconf 79' lang='grc' dir='ltr'><strong>οὐ</strong></span> <span class='ocrx_word' id='word_1_434' title='bbox 2742 2846 3069 2915; x_wconf 81' lang='grc' dir='ltr'>προσάγεις.</span> 
     </span>
    </p>
   </div>
   <div class='ocr_carea' id='block_1_71' title="bbox 2262 2938 3784 3010">
    <p class='ocr_par' dir='ltr' id='par_1_71' title="bbox 2262 2938 3784 3010">
     <span class='ocr_line' id='line_1_71' title="bbox 2262 2938 3784 3010; baseline 0.004 -20"><span class='ocrx_word' id='word_1_435' title='bbox 2262 2938 2365 2993; x_wconf 86' lang='grc' dir='ltr'><strong>λα’.</strong></span> <span class='ocrx_word' id='word_1_436' title='bbox 2400 2939 2511 3008; x_wconf 71' lang='grc' dir='ltr'>Τῆν</span> <span class='ocrx_word' id='word_1_437' title='bbox 2536 2938 2643 2991; x_wconf 85' lang='grc' dir='ltr'><strong>τῶν</strong></span> <span class='ocrx_word' id='word_1_438' title='bbox 2679 2938 3185 3010; x_wconf 65' lang='grc' dir='ltr'>ὕδροι-παραστατῶν</span> <span class='ocrx_word' id='word_1_439' title='bbox 3222 2939 3465 3010; x_wconf 82' lang='grc' dir='ltr'>ἀναιρῶν</span> <span class='ocrx_word' id='word_1_440' title='bbox 3502 2940 3719 3010; x_wconf 79' lang='grc' dir='ltr'>αἰρεσιν</span> <span class='ocrx_word' id='word_1_441' title='bbox 3750 2943 3784 2996; x_wconf 78' lang='grc' dir='ltr'>ὁ</span> 
     </span>
    </p>
   </div>
   <div class='ocr_carea' id='block_1_72' title="bbox 2190 3029 3797 3103">
    <p class='ocr_par' dir='ltr' id='par_1_72' title="bbox 2190 3029 3797 3103">
     <span class='ocr_line' id='line_1_72' title="bbox 2190 3029 3797 3103; baseline -0.001 -19"><span class='ocrx_word' id='word_1_442' title='bbox 2190 3031 2601 3103; x_wconf 77' lang='grc' dir='ltr'>Χρυσόστομος,</span> <span class='ocrx_word' id='word_1_443' title='bbox 2636 3029 2855 3097; x_wconf 82' lang='grc' dir='ltr'>Ἣνίκα,</span> <span class='ocrx_word' id='word_1_444' title='bbox 2888 3031 3043 3099; x_wconf 78' lang='grc' dir='ltr'>φησὶ,</span> <span class='ocrx_word' id='word_1_445' title='bbox 3062 3030 3332 3083; x_wconf 86' lang='grc' dir='ltr'>πέπονθεν</span> <span class='ocrx_word' id='word_1_446' title='bbox 3364 3031 3391 3081; x_wconf 84' lang='grc' dir='ltr'><strong>ό</strong></span> <span class='ocrx_word' id='word_1_447' title='bbox 3418 3030 3647 3101; x_wconf 81' lang='grc' dir='ltr'>Κύριος,</span> <span class='ocrx_word' id='word_1_448' title='bbox 3678 3031 3797 3083; x_wconf 55' lang='grc' dir='ltr'>καὶ</span> 
     </span>
    </p>
   </div>
   <div class='ocr_carea' id='block_1_73' title="bbox 2192 3121 3787 3194">
    <p class='ocr_par' dir='ltr' id='par_1_73' title="bbox 2192 3121 3787 3194">
     <span class='ocr_line' id='line_1_73' title="bbox 2192 3121 3787 3194; baseline 0 -19"><span class='ocrx_word' id='word_1_449' title='bbox 2192 3124 2525 3194; x_wconf 81' lang='grc' dir='ltr'>ἐγήγερται,</span> <span class='ocrx_word' id='word_1_450' title='bbox 2569 3122 2697 3193; x_wconf 83' lang='grc' dir='ltr'>οἴνῳ</span> <span class='ocrx_word' id='word_1_451' title='bbox 2734 3122 3027 3193; x_wconf 75' lang='grc' dir='ltr'>ἐχρήσατο.</span> <span class='ocrx_word' id='word_1_452' title='bbox 3066 3121 3238 3176; x_wconf 84' lang='grc' dir='ltr'>Τοῦτο</span> <span class='ocrx_word' id='word_1_453' title='bbox 3270 3121 3528 3185; x_wconf 76' lang='grc' dir='ltr'>λαϐόντες</span> <span class='ocrx_word' id='word_1_454' title='bbox 3555 3124 3605 3176; x_wconf 76' lang='grc' dir='ltr'>οἱ</span> <span class='ocrx_word' id='word_1_455' title='bbox 3654 3124 3787 3194; x_wconf 79' lang='grc' dir='ltr'><strong>Ἀρ-</strong></span> 
     </span>
    </p>
   </div>
   <div class='ocr_carea' id='block_1_74' title="bbox 2195 3210 3773 3287">
    <p class='ocr_par' dir='ltr' id='par_1_74' title="bbox 2195 3210 3773 3287">
     <span class='ocr_line' id='line_1_74' title="bbox 2195 3210 3773 3287; baseline 0 -19"><span class='ocrx_word' id='word_1_456' title='bbox 2195 3218 2391 3287; x_wconf 84' lang='grc' dir='ltr'>μὲνιοι,</span> <span class='ocrx_word' id='word_1_457' title='bbox 2424 3210 2567 3267; x_wconf 70' lang='grc' dir='ltr'>οἶνον</span> <span class='ocrx_word' id='word_1_458' title='bbox 2594 3215 2929 3284; x_wconf 78' lang='grc' dir='ltr'>προσάγουσι</span> <span class='ocrx_word' id='word_1_459' title='bbox 2959 3214 3143 3283; x_wconf 84' lang='grc' dir='ltr'>μόνον,</span> <span class='ocrx_word' id='word_1_460' title='bbox 3166 3215 3266 3269; x_wconf 79' lang='grc' dir='ltr'><strong>οὐκ</strong></span> <span class='ocrx_word' id='word_1_461' title='bbox 3297 3217 3495 3278; x_wconf 77' lang='grc' dir='ltr'>εἰδότες</span> <span class='ocrx_word' id='word_1_462' title='bbox 3530 3218 3627 3269; x_wconf 81' lang='grc' dir='ltr'><strong>καί</strong></span> <span class='ocrx_word' id='word_1_463' title='bbox 3656 3218 3773 3269; x_wconf 73' lang='grc' dir='ltr'><strong>αὐ-</strong></span> 
     </span>
    </p>
   </div>
   <div class='ocr_carea' id='block_1_75' title="bbox 2187 3306 3785 3377">
    <p class='ocr_par' dir='ltr' id='par_1_75' title="bbox 2187 3306 3785 3377">
     <span class='ocr_line' id='line_1_75' title="bbox 2187 3306 3785 3377; baseline -0.003 -14"><span class='ocrx_word' id='word_1_464' title='bbox 2187 3309 2278 3363; x_wconf 82' lang='grc' dir='ltr'><strong>τὸν</strong></span> <span class='ocrx_word' id='word_1_465' title='bbox 2314 3310 2407 3361; x_wconf 77' lang='grc' dir='ltr'><strong>τὸν</strong></span> <span class='ocrx_word' id='word_1_466' title='bbox 2441 3308 2853 3377; x_wconf 58' lang='grc' dir='ltr'>Χρυσςίιστομον,</span> <span class='ocrx_word' id='word_1_467' title='bbox 2890 3308 2988 3360; x_wconf 76' lang='grc' dir='ltr'><strong>καὶ</strong></span> <span class='ocrx_word' id='word_1_468' title='bbox 3017 3306 3330 3375; x_wconf 76' lang='grc' dir='ltr'>Βασίλειον,</span> <span class='ocrx_word' id='word_1_469' title='bbox 3372 3310 3468 3362; x_wconf 77' lang='grc' dir='ltr'>καὶ</span> <span class='ocrx_word' id='word_1_470' title='bbox 3516 3306 3785 3361; x_wconf 73' lang='grc' dir='ltr'>Ἰάκωϐον</span> 
     </span>
    </p>
   </div>
   <div class='ocr_carea' id='block_1_76' title="bbox 2187 3398 3784 3471">
    <p class='ocr_par' dir='ltr' id='par_1_76' title="bbox 2187 3398 3784 3471">
     <span class='ocr_line' id='line_1_76' title="bbox 2187 3398 3784 3471; baseline 0.002 -19"><span class='ocrx_word' id='word_1_471' title='bbox 2187 3401 2318 3470; x_wconf 70' lang='grc' dir='ltr'>οἴνῳ</span> <span class='ocrx_word' id='word_1_472' title='bbox 2350 3399 2679 3470; x_wconf 76' lang='grc' dir='ltr'>μεμιγμένῳ</span> <span class='ocrx_word' id='word_1_473' title='bbox 2711 3399 2867 3453; x_wconf 73' lang='grc' dir='ltr'>ὕδατι</span> <span class='ocrx_word' id='word_1_474' title='bbox 2893 3402 3295 3471; x_wconf 83' lang='grc' dir='ltr'>κεχρημένους,</span> <span class='ocrx_word' id='word_1_475' title='bbox 3328 3402 3427 3455; x_wconf 75' lang='grc' dir='ltr'>καὶ</span> <span class='ocrx_word' id='word_1_476' title='bbox 3456 3401 3591 3471; x_wconf 72' lang='grc' dir='ltr'>ἡμῖν</span> <span class='ocrx_word' id='word_1_477' title='bbox 3630 3398 3784 3455; x_wconf 78' lang='grc' dir='ltr'>οὕτω</span> 
     </span>
    </p>
   </div>
   <div class='ocr_carea' id='block_1_77' title="bbox 2190 3488 3785 3565">
    <p class='ocr_par' dir='ltr' id='par_1_77' title="bbox 2190 3488 3785 3565">
     <span class='ocr_line' id='line_1_77' title="bbox 2190 3488 3785 3565; baseline 0.002 -22"><span class='ocrx_word' id='word_1_478' title='bbox 2190 3491 2646 3561; x_wconf 75' lang='grc' dir='ltr'>παραδεδωκότας</span> <span class='ocrx_word' id='word_1_479' title='bbox 2679 3493 3011 3561; x_wconf 80' lang='grc' dir='ltr'>προσάγειν.</span> <span class='ocrx_word' id='word_1_480' title='bbox 3052 3493 3117 3546; x_wconf 65' lang='lat' dir='ltr'><strong>Et</strong></span> <span class='ocrx_word' id='word_1_481' title='bbox 3153 3510 3241 3556; x_wconf 82' lang='grc' dir='ltr'><strong>τις</strong></span> <span class='ocrx_word' id='word_1_482' title='bbox 3266 3488 3361 3547; x_wconf 81' lang='grc' dir='ltr'><strong>οὖν</strong></span> <span class='ocrx_word' id='word_1_483' title='bbox 3388 3493 3420 3563; x_wconf 76' lang='grc' dir='ltr'><strong>ἢ</strong></span> <span class='ocrx_word' id='word_1_484' title='bbox 3447 3494 3577 3565; x_wconf 82' lang='grc' dir='ltr'>οίνῳ</span> <span class='ocrx_word' id='word_1_485' title='bbox 3603 3494 3785 3565; x_wconf 78' lang='grc' dir='ltr'>μόνῳ,</span> 
     </span>
    </p>
   </div>
   <div class='ocr_carea' id='block_1_78' title="bbox 2154 3583 3785 3657">
    <p class='ocr_par' dir='ltr' id='par_1_78' title="bbox 2154 3583 3785 3657">
     <span class='ocr_line' id='line_1_78' title="bbox 2154 3583 3785 3657; baseline 0.002 -22"><span class='ocrx_word' id='word_1_486' title='bbox 2154 3651 2157 3655; x_wconf 89' lang='lat'><strong><em>_</em></strong></span> <span class='ocrx_word' id='word_1_487' title='bbox 2188 3584 2221 3654; x_wconf 80' lang='grc' dir='ltr'>ἢ</span> <span class='ocrx_word' id='word_1_488' title='bbox 2251 3583 2403 3637; x_wconf 72' lang='grc' dir='ltr'>ὕδατι</span> <span class='ocrx_word' id='word_1_489' title='bbox 2430 3584 2597 3654; x_wconf 83' lang='grc' dir='ltr'>μόνῳ,</span> <span class='ocrx_word' id='word_1_490' title='bbox 2640 3583 2759 3637; x_wconf 81' lang='grc' dir='ltr'>ἀλλ’</span> <span class='ocrx_word' id='word_1_491' title='bbox 2795 3584 2919 3655; x_wconf 70' lang='grc' dir='ltr'>ούχὶ</span> <span class='ocrx_word' id='word_1_492' title='bbox 2956 3584 3283 3657; x_wconf 68' lang='grc' dir='ltr'>μεμιγμένῳ</span> <span class='ocrx_word' id='word_1_493' title='bbox 3331 3585 3533 3656; x_wconf 79' lang='grc' dir='ltr'>χρῷτο,</span> <span class='ocrx_word' id='word_1_494' title='bbox 3577 3584 3785 3641; x_wconf 84' lang='grc' dir='ltr'>καθαι-</span> 
     </span>
    </p>
   </div>
   <div class='ocr_carea' id='block_1_79' title="bbox 2192 3674 2416 3745">
    <p class='ocr_par' dir='ltr' id='par_1_79' title="bbox 2192 3674 2416 3745">
     <span class='ocr_line' id='line_1_79' title="bbox 2192 3674 2416 3745; baseline 0.013 -19"><span class='ocrx_word' id='word_1_495' title='bbox 2192 3674 2416 3745; x_wconf 83' lang='grc' dir='ltr'>ρείσθω.</span> 
     </span>
    </p>
   </div>
   <div class='ocr_carea' id='block_1_80' title="bbox 2260 3762 3795 3838">
    <p class='ocr_par' dir='ltr' id='par_1_80' title="bbox 2260 3762 3795 3838">
     <span class='ocr_line' id='line_1_80' title="bbox 2260 3762 3795 3838; baseline 0.004 -23"><span class='ocrx_word' id='word_1_496' title='bbox 2260 3762 2360 3834; x_wconf 73' lang='grc' dir='ltr'><strong>λβ’.</strong></span> <span class='ocrx_word' id='word_1_497' title='bbox 2402 3764 2460 3817; x_wconf 91' lang='lat'><strong>&#39;0</strong></span> <span class='ocrx_word' id='word_1_498' title='bbox 2488 3763 2834 3836; x_wconf 78' lang='grc' dir='ltr'>χειροτονίας</span> <span class='ocrx_word' id='word_1_499' title='bbox 2861 3763 3111 3833; x_wconf 73' lang='grc' dir='ltr'>ἐπάξιος,</span> <span class='ocrx_word' id='word_1_500' title='bbox 3141 3765 3241 3823; x_wconf 71' lang='grc' dir='ltr'>καὶ</span> <span class='ocrx_word' id='word_1_501' title='bbox 3278 3767 3346 3835; x_wconf 68' lang='grc' dir='ltr'><strong>ἕξ</strong></span> <span class='ocrx_word' id='word_1_502' title='bbox 3373 3765 3661 3838; x_wconf 68' lang='grc' dir='ltr'>ἱερατικοῦ</span> <span class='ocrx_word' id='word_1_503' title='bbox 3691 3784 3795 3822; x_wconf 70' lang='grc' dir='ltr'>τερ-</span> 
     </span>
    </p>
   </div>
   <div class='ocr_carea' id='block_1_81' title="bbox 2187 3850 3799 3931">
    <p class='ocr_par' dir='ltr' id='par_1_81' title="bbox 2187 3850 3799 3931">
     <span class='ocr_line' id='line_1_81' title="bbox 2187 3850 3799 3931; baseline 0.005 -28"><span class='ocrx_word' id='word_1_504' title='bbox 2187 3850 2297 3905; x_wconf 84' lang='grc' dir='ltr'><strong>λῶν</strong></span> <span class='ocrx_word' id='word_1_505' title='bbox 2322 3852 2533 3921; x_wconf 79' lang='grc' dir='ltr'>γένους,</span> <span class='ocrx_word' id='word_1_506' title='bbox 2568 3854 2664 3907; x_wconf 73' lang='grc' dir='ltr'><strong>καὶ</strong></span> <span class='ocrx_word' id='word_1_507' title='bbox 2693 3854 2754 3919; x_wconf 78' lang='grc' dir='ltr'>ἐξ</span> <span class='ocrx_word' id='word_1_508' title='bbox 2794 3854 3007 3927; x_wconf 71' lang='grc' dir='ltr'>ἑτέρου,</span> <span class='ocrx_word' id='word_1_509' title='bbox 3040 3856 3465 3927; x_wconf 68' lang='grc' dir='ltr'>χειροτονείσθω</span> <span class='ocrx_word' id='word_1_510' title='bbox 3486 3870 3503 3888; x_wconf 76' lang='grc'><strong><em>⁸</em></strong></span> <span class='ocrx_word' id='word_1_511' title='bbox 3540 3858 3569 3910; x_wconf 82' lang='grc' dir='ltr'><strong>ό</strong></span> <span class='ocrx_word' id='word_1_512' title='bbox 3599 3858 3660 3910; x_wconf 73' lang='grc' dir='ltr'>εδ</span> 
     </span>
    </p>
   </div>
   <div class='ocr_carea' id='block_1_82' title="bbox 2191 3945 3791 4021">
    <p class='ocr_par' dir='ltr' id='par_1_82' title="bbox 2191 3945 3791 4021">
     <span class='ocr_line' id='line_1_82' title="bbox 2191 3945 3791 4021; baseline 0.004 -24"><span class='ocrx_word' id='word_1_513' title='bbox 2191 3945 2555 4017; x_wconf 75' lang='grc' dir='ltr'>κεκαρμένος,</span> <span class='ocrx_word' id='word_1_514' title='bbox 2600 3945 2696 4000; x_wconf 79' lang='grc' dir='ltr'>καὶ</span> <span class='ocrx_word' id='word_1_515' title='bbox 2724 3946 2978 4015; x_wconf 82' lang='grc' dir='ltr'>εὐλογίας</span> <span class='ocrx_word' id='word_1_516' title='bbox 3024 3948 3226 4019; x_wconf 85' lang='grc' dir='ltr'>τυχὼν,</span> <span class='ocrx_word' id='word_1_517' title='bbox 3277 3950 3365 4003; x_wconf 75' lang='grc' dir='ltr'><strong>ἐπ’</strong></span> <span class='ocrx_word' id='word_1_518' title='bbox 3407 3948 3791 4021; x_wconf 72' lang='grc' dir='ltr'>ἄμϐωνοςίει-</span> 
     </span>
    </p>
   </div>
   <div class='ocr_carea' id='block_1_83' title="bbox 2190 4038 3101 4109">
    <p class='ocr_par' dir='ltr' id='par_1_83' title="bbox 2190 4038 3101 4109">
     <span class='ocr_line' id='line_1_83' title="bbox 2190 4038 3101 4109; baseline 0.005 -19"><span class='ocrx_word' id='word_1_519' title='bbox 2190 4040 2321 4109; x_wconf 82' lang='grc' dir='ltr'>ροὺς</span> <span class='ocrx_word' id='word_1_520' title='bbox 2349 4038 2542 4106; x_wconf 76' lang='grc' dir='ltr'>λόγους</span> <span class='ocrx_word' id='word_1_521' title='bbox 2564 4040 2669 4093; x_wconf 85' lang='grc' dir='ltr'><strong>οὐκ</strong></span> <span class='ocrx_word' id='word_1_522' title='bbox 2689 4039 3101 4109; x_wconf 80' lang='grc' dir='ltr'>ἀναγνώσεται.</span> 
     </span>
    </p>
   </div>
   <div class='ocr_carea' id='block_1_84' title="bbox 2261 4129 3785 4205">
    <p class='ocr_par' dir='ltr' id='par_1_84' title="bbox 2261 4129 3785 4205">
     <span class='ocr_line' id='line_1_84' title="bbox 2261 4129 3785 4205; baseline 0.005 -23"><span class='ocrx_word' id='word_1_523' title='bbox 2261 4129 2363 4199; x_wconf 83' lang='grc' dir='ltr'>λγ’.</span> <span class='ocrx_word' id='word_1_524' title='bbox 2398 4132 2777 4194; x_wconf 83' lang='grc' dir='ltr'>Τελευτῶντος</span> <span class='ocrx_word' id='word_1_525' title='bbox 2810 4132 3140 4198; x_wconf 73' lang='grc' dir='ltr'>ἐπισκόπου,</span> <span class='ocrx_word' id='word_1_526' title='bbox 3170 4135 3197 4187; x_wconf 84' lang='grc' dir='ltr'>ὁ</span> <span class='ocrx_word' id='word_1_527' title='bbox 3226 4132 3428 4205; x_wconf 83' lang='grc' dir='ltr'>κλῆρος</span> <span class='ocrx_word' id='word_1_528' title='bbox 3457 4133 3785 4201; x_wconf 79' lang='grc' dir='ltr'>διαφυλάξει</span> 
     </span>
    </p>
   </div>
   <div class='ocr_carea' id='block_1_85' title="bbox 2188 4222 3793 4298">
    <p class='ocr_par' dir='ltr' id='par_1_85' title="bbox 2188 4222 3793 4298">
     <span class='ocr_line' id='line_1_85' title="bbox 2188 4222 3793 4298; baseline 0.007 -24"><span class='ocrx_word' id='word_1_529' title='bbox 2188 4224 2259 4277; x_wconf 71' lang='grc' dir='ltr'><strong>τά</strong></span> <span class='ocrx_word' id='word_1_530' title='bbox 2294 4223 2599 4294; x_wconf 79' lang='grc' dir='ltr'>πράγματα</span> <span class='ocrx_word' id='word_1_531' title='bbox 2625 4239 2640 4254; x_wconf 83' lang='grc'><em>’</em></span> <span class='ocrx_word' id='word_1_532' title='bbox 2676 4226 2725 4278; x_wconf 81' lang='grc' dir='ltr'><strong>εί</strong></span> <span class='ocrx_word' id='word_1_533' title='bbox 2776 4224 2833 4277; x_wconf 76' lang='grc' dir='ltr'>δὲ</span> <span class='ocrx_word' id='word_1_534' title='bbox 2862 4225 2939 4295; x_wconf 83' lang='grc' dir='ltr'>μὴ</span> <span class='ocrx_word' id='word_1_535' title='bbox 2974 4222 3369 4279; x_wconf 80' lang='grc' dir='ltr'>ὑπολέλειπται</span> <span class='ocrx_word' id='word_1_536' title='bbox 3427 4226 3715 4298; x_wconf 80' lang='grc' dir='ltr'>κληρικὸς,</span> <span class='ocrx_word' id='word_1_537' title='bbox 3752 4230 3793 4285; x_wconf 79' lang='grc' dir='ltr'>ὁ</span> 
     </span>
    </p>
   </div>
   <div class='ocr_carea' id='block_1_86' title="bbox 2194 4315 3796 4390">
    <p class='ocr_par' dir='ltr' id='par_1_86' title="bbox 2194 4315 3796 4390">
     <span class='ocr_line' id='line_1_86' title="bbox 2194 4315 3796 4390; baseline 0 -19"><span class='ocrx_word' id='word_1_538' title='bbox 2194 4318 2604 4390; x_wconf 84' lang='grc' dir='ltr'>μητροπολίτης</span> <span class='ocrx_word' id='word_1_539' title='bbox 2634 4315 2781 4372; x_wconf 80' lang='grc' dir='ltr'><strong>αὐτὰ</strong></span> <span class='ocrx_word' id='word_1_540' title='bbox 2804 4316 3124 4386; x_wconf 78' lang='grc' dir='ltr'>διαφυλάξει</span> <span class='ocrx_word' id='word_1_541' title='bbox 3160 4318 3267 4381; x_wconf 69' lang='grc' dir='ltr'><strong>ἕως</strong></span> <span class='ocrx_word' id='word_1_542' title='bbox 3301 4317 3402 4389; x_wconf 81' lang='grc' dir='ltr'><strong>τῆς</strong></span> <span class='ocrx_word' id='word_1_543' title='bbox 3436 4318 3631 4389; x_wconf 67' lang='grc' dir='ltr'>ἑτέρου</span> <span class='ocrx_word' id='word_1_544' title='bbox 3664 4337 3796 4390; x_wconf 66' lang='grc' dir='ltr'>χει-</span> 
     </span>
    </p>
   </div>
   <div class='ocr_carea' id='block_1_87' title="bbox 2194 4430 2463 4485">
    <p class='ocr_par' dir='ltr' id='par_1_87' title="bbox 2194 4430 2463 4485">
     <span class='ocr_line' id='line_1_87' title="bbox 2194 4430 2463 4485; baseline -0.004 -19"><span class='ocrx_word' id='word_1_545' title='bbox 2194 4430 2463 4485; x_wconf 84' lang='grc' dir='ltr'>ροτονιας.</span> 
     </span>
    </p>
   </div>
   <div class='ocr_carea' id='block_1_88' title="bbox 2259 4504 3789 4581">
    <p class='ocr_par' dir='ltr' id='par_1_88' title="bbox 2259 4504 3789 4581">
     <span class='ocr_line' id='line_1_88' title="bbox 2259 4504 3789 4581; baseline 0.002 -22"><span class='ocrx_word' id='word_1_546' title='bbox 2259 4508 2352 4562; x_wconf 59' lang='grc' dir='ltr'>λδί.</span> <span class='ocrx_word' id='word_1_547' title='bbox 2394 4506 2453 4560; x_wconf 85' lang='lat'><strong>&#39;0</strong></span> <span class='ocrx_word' id='word_1_548' title='bbox 2480 4506 2570 4561; x_wconf 79' lang='grc' dir='ltr'><strong>διὰ</strong></span> <span class='ocrx_word' id='word_1_549' title='bbox 2590 4506 2894 4577; x_wconf 79' lang='grc' dir='ltr'>Βαρόάρων</span> <span class='ocrx_word' id='word_1_550' title='bbox 2919 4505 3110 4575; x_wconf 71' lang='grc' dir='ltr'>ἔφοδον</span> <span class='ocrx_word' id='word_1_551' title='bbox 3139 4507 3215 4577; x_wconf 82' lang='grc' dir='ltr'>μὴ</span> <span class='ocrx_word' id='word_1_552' title='bbox 3238 4504 3469 4569; x_wconf 76' lang='grc' dir='ltr'>ἐπιστὰς</span> <span class='ocrx_word' id='word_1_553' title='bbox 3489 4504 3566 4577; x_wconf 84' lang='grc' dir='ltr'><strong>τῷ</strong></span> <span class='ocrx_word' id='word_1_554' title='bbox 3602 4507 3789 4581; x_wconf 80' lang='grc' dir='ltr'>θρόνῳ</span> 
     </span>
    </p>
   </div>
   <div class='ocr_carea' id='block_1_89' title="bbox 498 4600 2083 4677">
    <p class='ocr_par' dir='ltr' id='par_1_89' title="bbox 498 4603 2082 4673">
     <span class='ocr_line' id='line_1_89' title="bbox 498 4603 2082 4673; baseline 0.003 -18"><span class='ocrx_word' id='word_1_555' title='bbox 498 4616 620 4657; x_wconf 90' lang='lat' dir='ltr'><strong>nem</strong></span> <span class='ocrx_word' id='word_1_556' title='bbox 652 4603 847 4657; x_wconf 83' lang='lat' dir='ltr'><strong>throno</strong></span> <span class='ocrx_word' id='word_1_557' title='bbox 878 4618 983 4657; x_wconf 90' lang='lat' dir='ltr'><strong>non</strong></span> <span class='ocrx_word' id='word_1_558' title='bbox 1019 4604 1295 4673; x_wconf 58' lang='lat' dir='ltr'><strong>prasidet,</strong></span> <span class='ocrx_word' id='word_1_559' title='bbox 1320 4604 1593 4673; x_wconf 82' lang='lat' dir='ltr'><strong>propriam</strong></span> <span class='ocrx_word' id='word_1_560' title='bbox 1624 4604 1807 4659; x_wconf 85' lang='lat' dir='ltr'><strong>sedem</strong></span> <span class='ocrx_word' id='word_1_561' title='bbox 1840 4606 2082 4660; x_wconf 87' lang='lat' dir='ltr'><strong>obtineat</strong></span> 
     </span>
    </p>
   </div>
   <div class='ocr_carea' id='block_1_90' title="bbox 2211 4600 3791 4677">
    <p class='ocr_par' dir='ltr' id='par_1_90' title="bbox 2211 4600 3791 4669">
     <span class='ocr_line' id='line_1_90' title="bbox 2211 4600 3791 4669; baseline 0.001 -14"><span class='ocrx_word' id='word_1_562' title='bbox 2211 4601 2507 4663; x_wconf 58' lang='grc' dir='ltr'>ηπίσκοπος,</span> <span class='ocrx_word' id='word_1_563' title='bbox 2547 4602 2639 4653; x_wconf 76' lang='grc' dir='ltr'><strong>καὶ</strong></span> <span class='ocrx_word' id='word_1_564' title='bbox 2692 4600 2968 4669; x_wconf 83' lang='grc' dir='ltr'>καθέδραν</span> <span class='ocrx_word' id='word_1_565' title='bbox 3018 4600 3119 4669; x_wconf 82' lang='grc' dir='ltr'>τὴν</span> <span class='ocrx_word' id='word_1_566' title='bbox 3171 4601 3383 4652; x_wconf 78' lang='grc' dir='ltr'>οἰκείαν</span> <span class='ocrx_word' id='word_1_567' title='bbox 3432 4602 3632 4669; x_wconf 79' lang='grc' dir='ltr'>ἐχέτω,</span> <span class='ocrx_word' id='word_1_568' title='bbox 3683 4604 3791 4657; x_wconf 73' lang='grc' dir='ltr'>καὶ</span> 
     </span>
    </p>
   </div>
   <div class='ocr_carea' id='block_1_91' title="bbox 495 4695 2083 4765">
    <p class='ocr_par' dir='ltr' id='par_1_91' title="bbox 495 4695 2083 4765">
     <span class='ocr_line' id='line_1_91' title="bbox 495 4695 2083 4765; baseline 0.003 -16"><span class='ocrx_word' id='word_1_569' title='bbox 495 4695 841 4765; x_wconf 88' lang='lat' dir='ltr'><strong>ordinetque,</strong></span> <span class='ocrx_word' id='word_1_570' title='bbox 869 4706 1033 4765; x_wconf 88' lang='lat' dir='ltr'><strong>atque</strong></span> <span class='ocrx_word' id='word_1_571' title='bbox 1068 4696 1251 4750; x_wconf 84' lang='lat' dir='ltr'><strong>omnia</strong></span> <span class='ocrx_word' id='word_1_572' title='bbox 1283 4695 1573 4751; x_wconf 85' lang='lat' dir='ltr'><strong>sacerdotii</strong></span> <span class='ocrx_word' id='word_1_573' title='bbox 1610 4712 1832 4751; x_wconf 87' lang='lat' dir='ltr'><strong>munera</strong></span> <span class='ocrx_word' id='word_1_574' title='bbox 1865 4697 2083 4753; x_wconf 87' lang='lat' dir='ltr'><strong>validis-</strong></span> 
     </span>
    </p>
   </div>
   <div class='ocr_carea' id='block_1_92' title="bbox 497 4782 945 4855">
    <p class='ocr_par' dir='ltr' id='par_1_92' title="bbox 497 4782 945 4855">
     <span class='ocr_line' id='line_1_92' title="bbox 497 4782 945 4855; baseline 0 -16"><span class='ocrx_word' id='word_1_575' title='bbox 497 4788 638 4839; x_wconf 72' lang='lat' dir='ltr'><strong>sime</strong></span> <span class='ocrx_word' id='word_1_576' title='bbox 667 4782 945 4855; x_wconf 80' lang='lat' dir='ltr'><strong>fungatur.</strong></span> 
     </span>
    </p>
   </div>
   <div class='ocr_carea' id='block_1_93' title="bbox 576 4880 2082 4953">
    <p class='ocr_par' dir='ltr' id='par_1_93' title="bbox 576 4880 2082 4953">
     <span class='ocr_line' id='line_1_93' title="bbox 576 4880 2082 4953; baseline 0.001 -16"><span class='ocrx_word' id='word_1_577' title='bbox 576 4881 668 4937; x_wconf 78' lang='grc'>55.</span> <span class='ocrx_word' id='word_1_578' title='bbox 703 4880 1000 4937; x_wconf 80' lang='lat' dir='ltr'><strong>Monachus</strong></span> <span class='ocrx_word' id='word_1_579' title='bbox 1044 4881 1308 4939; x_wconf 80' lang='lat' dir='ltr'><strong>deccnnio</strong></span> <span class='ocrx_word' id='word_1_580' title='bbox 1356 4882 1653 4938; x_wconf 86' lang='lat' dir='ltr'><strong>solitariam</strong></span> <span class='ocrx_word' id='word_1_581' title='bbox 1697 4884 1858 4935; x_wconf 86' lang='lat' dir='ltr'><strong>vitam.</strong></span> <span class='ocrx_word' id='word_1_582' title='bbox 1906 4884 2082 4953; x_wconf 78' lang='lat' dir='ltr'><strong>deget.</strong></span> 
     </span>
    </p>
   </div>
   <div class='ocr_carea' id='block_1_94' title="bbox 497 4970 2084 5047">
    <p class='ocr_par' dir='ltr' id='par_1_94' title="bbox 497 4970 2084 5047">
     <span class='ocr_line' id='line_1_94' title="bbox 497 4970 2084 5047; baseline 0.004 -21"><span class='ocrx_word' id='word_1_583' title='bbox 497 4970 650 5029; x_wconf 81' lang='lat' dir='ltr'><strong>Licet</strong></span> <span class='ocrx_word' id='word_1_584' title='bbox 692 4975 835 5029; x_wconf 89' lang='lat' dir='ltr'><strong>enim</strong></span> <span class='ocrx_word' id='word_1_585' title='bbox 884 4977 1043 5030; x_wconf 83' lang='lat' dir='ltr'><strong>divus</strong></span> <span class='ocrx_word' id='word_1_586' title='bbox 1092 4976 1324 5030; x_wconf 83' lang='lat' dir='ltr'><strong>Basilius</strong></span> <span class='ocrx_word' id='word_1_587' title='bbox 1376 4992 1497 5032; x_wconf 82' lang='lat' dir='ltr'><strong>eam</strong></span> <span class='ocrx_word' id='word_1_588' title='bbox 1552 4993 1671 5047; x_wconf 62' lang='lat' dir='ltr'><strong>quae</strong></span> <span class='ocrx_word' id='word_1_589' title='bbox 1723 4978 1944 5031; x_wconf 85' lang='lat' dir='ltr'><strong>detonsa</strong></span> <span class='ocrx_word' id='word_1_590' title='bbox 2002 4988 2084 5032; x_wconf 87' lang='lat' dir='ltr'><strong>est</strong></span> 
     </span>
    </p>
   </div>
   <div class='ocr_carea' id='block_1_95' title="bbox 498 5067 2081 5139">
    <p class='ocr_par' dir='ltr' id='par_1_95' title="bbox 498 5067 2081 5139">
     <span class='ocr_line' id='line_1_95' title="bbox 498 5067 2081 5139; baseline 0.003 -19"><span class='ocrx_word' id='word_1_591' title='bbox 498 5067 887 5136; x_wconf 70' lang='lat' dir='ltr'><strong>septemdecim</strong></span> <span class='ocrx_word' id='word_1_592' title='bbox 924 5084 1095 5123; x_wconf 86' lang='lat' dir='ltr'><strong>annos</strong></span> <span class='ocrx_word' id='word_1_593' title='bbox 1129 5070 1349 5139; x_wconf 82' lang='lat' dir='ltr'><strong>exigere</strong></span> <span class='ocrx_word' id='word_1_594' title='bbox 1380 5070 1688 5135; x_wconf 83' lang='lat' dir='ltr'><strong>censuerit,</strong></span> <span class='ocrx_word' id='word_1_595' title='bbox 1724 5085 1910 5123; x_wconf 78' lang='lat' dir='ltr'><strong>verum</strong></span> <span class='ocrx_word' id='word_1_596' title='bbox 1945 5086 2081 5139; x_wconf 90' lang='lat' dir='ltr'><strong>quo-</strong></span> 
     </span>
    </p>
   </div>
   <div class='ocr_carea' id='block_1_96' title="bbox 500 5161 2087 5231">
    <p class='ocr_par' dir='ltr' id='par_1_96' title="bbox 500 5161 2087 5231">
     <span class='ocr_line' id='line_1_96' title="bbox 500 5161 2087 5231; baseline 0.004 -19"><span class='ocrx_word' id='word_1_597' title='bbox 500 5161 669 5223; x_wconf 86' lang='lat' dir='ltr'><strong>niam,</strong></span> <span class='ocrx_word' id='word_1_598' title='bbox 688 5161 1325 5231; x_wconf 71' lang='lat' dir='ltr'><strong>prmcipienteApostolo,</strong></span> <span class='ocrx_word' id='word_1_599' title='bbox 1346 5163 1561 5217; x_wconf 85' lang='lat' dir='ltr'><strong>viduam</strong></span> <span class='ocrx_word' id='word_1_600' title='bbox 1592 5164 1641 5216; x_wconf 90' lang='lat' dir='ltr'><strong>in</strong></span> <span class='ocrx_word' id='word_1_601' title='bbox 1673 5162 1911 5216; x_wconf 73' lang='lat' dir='ltr'><strong>Ecclesia</strong></span> <span class='ocrx_word' id='word_1_602' title='bbox 1931 5178 2087 5218; x_wconf 79' lang='lat' dir='ltr'><strong>sexa-</strong></span> 
     </span>
    </p>
   </div>
   <div class='ocr_carea' id='block_1_97' title="bbox 500 5253 2083 5322">
    <p class='ocr_par' dir='ltr' id='par_1_97' title="bbox 500 5253 2083 5322">
     <span class='ocr_line' id='line_1_97' title="bbox 500 5253 2083 5322; baseline 0.003 -19"><span class='ocrx_word' id='word_1_603' title='bbox 500 5254 647 5321; x_wconf 73' lang='lat' dir='ltr'><strong>ginta</strong></span> <span class='ocrx_word' id='word_1_604' title='bbox 681 5266 853 5306; x_wconf 89' lang='lat' dir='ltr'><strong>annos</strong></span> <span class='ocrx_word' id='word_1_605' title='bbox 892 5264 1071 5307; x_wconf 87' lang='lat' dir='ltr'><strong>natam</strong></span> <span class='ocrx_word' id='word_1_606' title='bbox 1109 5254 1411 5322; x_wconf 76' lang='lat' dir='ltr'><strong>eligendam</strong></span> <span class='ocrx_word' id='word_1_607' title='bbox 1449 5270 1571 5309; x_wconf 85' lang='lat' dir='ltr'><strong>esse</strong></span> <span class='ocrx_word' id='word_1_608' title='bbox 1592 5254 1638 5319; x_wconf 72' lang='grc'>⁸,</span> <span class='ocrx_word' id='word_1_609' title='bbox 1673 5254 1861 5308; x_wconf 84' lang='lat' dir='ltr'><strong>Patres</strong></span> <span class='ocrx_word' id='word_1_610' title='bbox 1899 5253 2083 5307; x_wconf 83' lang='lat' dir='ltr'><strong>diaco-</strong></span> 
     </span>
    </p>
   </div>
   <div class='ocr_carea' id='block_1_98' title="bbox 500 5346 2085 5431">
    <p class='ocr_par' dir='ltr' id='par_1_98' title="bbox 500 5346 2085 5431">
     <span class='ocr_line' id='line_1_98' title="bbox 500 5346 2085 5431; baseline 0 -33"><span class='ocrx_word' id='word_1_611' title='bbox 500 5347 707 5431; x_wconf 56' lang='lat' dir='ltr'><strong>nissanr</strong></span> <span class='ocrx_word' id='word_1_612' title='bbox 750 5346 1236 5415; x_wconf 78' lang='lat' dir='ltr'><strong>quadragenariam</strong></span> <span class='ocrx_word' id='word_1_613' title='bbox 1287 5348 1401 5401; x_wconf 86' lang='lat' dir='ltr'><strong>lieri</strong></span> <span class='ocrx_word' id='word_1_614' title='bbox 1451 5348 1707 5401; x_wconf 84' lang='lat' dir='ltr'><strong>dixerunt</strong></span> <span class='ocrx_word' id='word_1_615' title='bbox 1754 5363 1767 5399; x_wconf 75' lang='grc' dir='ltr'><strong>ι</strong></span> <span class='ocrx_word' id='word_1_616' title='bbox 1823 5346 2085 5401; x_wconf 80' lang='lat' dir='ltr'><strong>validiore</strong></span> 
     </span>
    </p>
   </div>
   <div class='ocr_carea' id='block_1_99' title="bbox 499 5434 2085 5510">
    <p class='ocr_par' dir='ltr' id='par_1_99' title="bbox 499 5434 2085 5510">
     <span class='ocr_line' id='line_1_99' title="bbox 499 5434 2085 5510; baseline 0.003 -20"><span class='ocrx_word' id='word_1_617' title='bbox 499 5436 642 5491; x_wconf 80' lang='lat' dir='ltr'><strong>facta</strong></span> <span class='ocrx_word' id='word_1_618' title='bbox 679 5434 942 5503; x_wconf 86' lang='lat' dir='ltr'><strong>Ecclesia,</strong></span> <span class='ocrx_word' id='word_1_619' title='bbox 974 5454 1070 5493; x_wconf 91' lang='lat' dir='ltr'><strong>nos</strong></span> <span class='ocrx_word' id='word_1_620' title='bbox 1104 5454 1325 5509; x_wconf 86' lang='lat' dir='ltr'><strong>quoque</strong></span> <span class='ocrx_word' id='word_1_621' title='bbox 1358 5441 1518 5495; x_wconf 84' lang='lat' dir='ltr'><strong>citius</strong></span> <span class='ocrx_word' id='word_1_622' title='bbox 1550 5439 1783 5510; x_wconf 73' lang='lat' dir='ltr'><strong>sigillum</strong></span> <span class='ocrx_word' id='word_1_623' title='bbox 1820 5442 2085 5495; x_wconf 88' lang='lat' dir='ltr'><strong>monacho</strong></span> 
     </span>
    </p>
   </div>
   <div class='ocr_carea' id='block_1_100' title="bbox 502 5530 849 5596">
    <p class='ocr_par' dir='ltr' id='par_1_100' title="bbox 502 5530 849 5596">
     <span class='ocr_line' id='line_1_100' title="bbox 502 5530 849 5596; baseline 0.006 -13"><span class='ocrx_word' id='word_1_624' title='bbox 502 5530 849 5596; x_wconf 89' lang='lat' dir='ltr'><strong>imponimus.</strong></span> 
     </span>
    </p>
   </div>
   <div class='ocr_carea' id='block_1_101' title="bbox 566 5620 2084 5691">
    <p class='ocr_par' dir='ltr' id='par_1_101' title="bbox 566 5620 2084 5691">
     <span class='ocr_line' id='line_1_101' title="bbox 566 5620 2084 5691; baseline 0.003 -18"><span class='ocrx_word' id='word_1_625' title='bbox 566 5620 658 5675; x_wconf 70' lang='grc' dir='ltr'><strong>ὅθ.</strong></span> <span class='ocrx_word' id='word_1_626' title='bbox 685 5621 787 5688; x_wconf 85' lang='lat' dir='ltr'><strong>Qui</strong></span> <span class='ocrx_word' id='word_1_627' title='bbox 819 5622 1178 5680; x_wconf 89' lang='lat' dir='ltr'><strong>includendus</strong></span> <span class='ocrx_word' id='word_1_628' title='bbox 1205 5635 1312 5691; x_wconf 85' lang='lat' dir='ltr'><strong>est,</strong></span> <span class='ocrx_word' id='word_1_629' title='bbox 1344 5626 1635 5681; x_wconf 84' lang='lat' dir='ltr'><strong>triennium</strong></span> <span class='ocrx_word' id='word_1_630' title='bbox 1668 5625 1723 5679; x_wconf 89' lang='lat' dir='ltr'><strong>in</strong></span> <span class='ocrx_word' id='word_1_631' title='bbox 1753 5623 2084 5679; x_wconf 83' lang='lat' dir='ltr'><strong>monasterio</strong></span> 
     </span>
    </p>
   </div>
   <div class='ocr_carea' id='block_1_102' title="bbox 497 5712 2084 5792">
    <p class='ocr_par' dir='ltr' id='par_1_102' title="bbox 497 5712 2084 5792">
     <span class='ocr_line' id='line_1_102' title="bbox 497 5712 2084 5792; baseline 0.003 -23"><span class='ocrx_word' id='word_1_632' title='bbox 497 5712 652 5782; x_wconf 72' lang='lat' dir='ltr'><strong>prius</strong></span> <span class='ocrx_word' id='word_1_633' title='bbox 697 5716 887 5785; x_wconf 80' lang='lat' dir='ltr'><strong>degat,</strong></span> <span class='ocrx_word' id='word_1_634' title='bbox 943 5732 1006 5773; x_wconf 89' lang='lat' dir='ltr'><strong>ac</strong></span> <span class='ocrx_word' id='word_1_635' title='bbox 1054 5720 1371 5792; x_wconf 87' lang='lat' dir='ltr'><strong>priusquam</strong></span> <span class='ocrx_word' id='word_1_636' title='bbox 1422 5720 1728 5775; x_wconf 85' lang='lat' dir='ltr'><strong>includatur</strong></span> <span class='ocrx_word' id='word_1_637' title='bbox 1780 5720 1870 5774; x_wconf 89' lang='lat' dir='ltr'><strong>ubi</strong></span> <span class='ocrx_word' id='word_1_638' title='bbox 1920 5718 2084 5773; x_wconf 79' lang='lat' dir='ltr'><strong>alium</strong></span> 
     </span>
    </p>
   </div>
   <div class='ocr_carea' id='block_1_103' title="bbox 573 5897 949 5969">
    <p class='ocr_par' dir='ltr' id='par_1_103' title="bbox 573 5897 949 5969">
     <span class='ocr_line' id='line_1_103' title="bbox 573 5897 949 5969; baseline 0.016 -14"><span class='ocrx_word' id='word_1_639' title='bbox 573 5897 636 5955; x_wconf 74' lang='lat'><strong>‘1</strong></span> <span class='ocrx_word' id='word_1_640' title='bbox 667 5898 868 5969; x_wconf 57' lang='lat' dir='ltr'><strong>Titum</strong></span> <span class='ocrx_word' id='word_1_641' title='bbox 896 5903 949 5961; x_wconf 86' lang='lat'><strong>9.</strong></span> 
     </span>
    </p>
   </div>
   <div class='ocr_carea' id='block_1_104' title="bbox 2187 4691 3793 4764">
    <p class='ocr_par' dir='ltr' id='par_1_104' title="bbox 2187 4691 3793 4764">
     <span class='ocr_line' id='line_1_104' title="bbox 2187 4691 3793 4764; baseline 0.001 -19"><span class='ocrx_word' id='word_1_642' title='bbox 2187 4694 2589 4764; x_wconf 82' lang='grc' dir='ltr'>χειροτονείτω,</span> <span class='ocrx_word' id='word_1_643' title='bbox 2628 4694 2722 4745; x_wconf 73' lang='grc' dir='ltr'><strong>καὶ</strong></span> <span class='ocrx_word' id='word_1_644' title='bbox 2753 4691 2933 4746; x_wconf 81' lang='grc' dir='ltr'>πάντα</span> <span class='ocrx_word' id='word_1_645' title='bbox 2967 4692 3034 4745; x_wconf 80' lang='grc' dir='ltr'>τὰ</span> <span class='ocrx_word' id='word_1_646' title='bbox 3071 4691 3172 4759; x_wconf 77' lang='grc' dir='ltr'><strong>τῆς</strong></span> <span class='ocrx_word' id='word_1_647' title='bbox 3205 4692 3509 4762; x_wconf 79' lang='grc' dir='ltr'>ἱερωσύνης</span> <span class='ocrx_word' id='word_1_648' title='bbox 3540 4692 3793 4762; x_wconf 76' lang='grc' dir='ltr'>ἐνεργεί-</span> 
     </span>
    </p>
   </div>
   <div class='ocr_carea' id='block_1_105' title="bbox 2188 4786 2638 4856">
    <p class='ocr_par' dir='ltr' id='par_1_105' title="bbox 2188 4786 2638 4856">
     <span class='ocr_line' id='line_1_105' title="bbox 2188 4786 2638 4856; baseline -0.002 -18"><span class='ocrx_word' id='word_1_649' title='bbox 2188 4803 2266 4839; x_wconf 89' lang='grc' dir='ltr'><strong>τω</strong></span> <span class='ocrx_word' id='word_1_650' title='bbox 2293 4786 2638 4856; x_wconf 74' lang='grc' dir='ltr'>βεϐαιότατα.</span> 
     </span>
    </p>
   </div>
   <div class='ocr_carea' id='block_1_106' title="bbox 2261 4876 3789 4949">
    <p class='ocr_par' dir='ltr' id='par_1_106' title="bbox 2261 4876 3789 4949">
     <span class='ocr_line' id='line_1_106' title="bbox 2261 4876 3789 4949; baseline 0.001 -18"><span class='ocrx_word' id='word_1_651' title='bbox 2261 4877 2353 4931; x_wconf 86' lang='grc' dir='ltr'>λε’.</span> <span class='ocrx_word' id='word_1_652' title='bbox 2405 4879 2463 4931; x_wconf 88' lang='grc' dir='ltr'>Ὀ</span> <span class='ocrx_word' id='word_1_653' title='bbox 2499 4878 2771 4949; x_wconf 70' lang='grc' dir='ltr'>μονάξων,</span> <span class='ocrx_word' id='word_1_654' title='bbox 2813 4878 3037 4943; x_wconf 78' lang='grc' dir='ltr'>μονάσει</span> <span class='ocrx_word' id='word_1_655' title='bbox 3068 4876 3353 4948; x_wconf 72' lang='grc' dir='ltr'>δεκαετὴς,</span> <span class='ocrx_word' id='word_1_656' title='bbox 3388 4878 3451 4930; x_wconf 78' lang='grc' dir='ltr'><strong>Εἰ</strong></span> <span class='ocrx_word' id='word_1_657' title='bbox 3483 4878 3593 4946; x_wconf 83' lang='grc' dir='ltr'>γὰρ</span> <span class='ocrx_word' id='word_1_658' title='bbox 3625 4880 3724 4932; x_wconf 80' lang='grc' dir='ltr'><strong>καὶ</strong></span> <span class='ocrx_word' id='word_1_659' title='bbox 3756 4881 3789 4933; x_wconf 79' lang='grc' dir='ltr'><strong>ό</strong></span> 
     </span>
    </p>
   </div>
   <div class='ocr_carea' id='block_1_107' title="bbox 2189 4973 3790 5044">
    <p class='ocr_par' dir='ltr' id='par_1_107' title="bbox 2189 4973 3790 5044">
     <span class='ocr_line' id='line_1_107' title="bbox 2189 4973 3790 5044; baseline 0.002 -18"><span class='ocrx_word' id='word_1_660' title='bbox 2189 4974 2331 5037; x_wconf 71' lang='grc' dir='ltr'>θεῖος</span> <span class='ocrx_word' id='word_1_661' title='bbox 2368 4973 2646 5035; x_wconf 79' lang='grc' dir='ltr'>Βασίλειος</span> <span class='ocrx_word' id='word_1_662' title='bbox 2698 4973 2795 5041; x_wconf 75' lang='grc' dir='ltr'>τὴν</span> <span class='ocrx_word' id='word_1_663' title='bbox 2852 4974 3307 5044; x_wconf 74' lang='grc' dir='ltr'>ἀποκειραμένην</span> <span class='ocrx_word' id='word_1_664' title='bbox 3367 4974 3459 5027; x_wconf 83' lang='grc' dir='ltr'><strong>τὸν</strong></span> <span class='ocrx_word' id='word_1_665' title='bbox 3512 4976 3790 5029; x_wconf 67' lang='grc' dir='ltr'>ἑπτακαιι</span> 
     </span>
    </p>
   </div>
   <div class='ocr_carea' id='block_1_108' title="bbox 2188 5066 3788 5137">
    <p class='ocr_par' dir='ltr' id='par_1_108' title="bbox 2188 5066 3788 5137">
     <span class='ocr_line' id='line_1_108' title="bbox 2188 5066 3788 5137; baseline 0.006 -22"><span class='ocrx_word' id='word_1_666' title='bbox 2188 5066 2417 5119; x_wconf 85' lang='grc' dir='ltr'>δέκατον</span> <span class='ocrx_word' id='word_1_667' title='bbox 2476 5066 2663 5119; x_wconf 83' lang='grc' dir='ltr'>ἀνύειν</span> <span class='ocrx_word' id='word_1_668' title='bbox 2717 5068 2909 5137; x_wconf 79' lang='grc' dir='ltr'>χρόνον</span> <span class='ocrx_word' id='word_1_669' title='bbox 2968 5067 3289 5137; x_wconf 58' lang='grc' dir='ltr'>ἀπέφηνεν</span> <span class='ocrx_word' id='word_1_670' title='bbox 3346 5067 3647 5122; x_wconf 27' lang='grc' dir='ltr'>ἀλλ’ἐπεὶμ</span> <span class='ocrx_word' id='word_1_671' title='bbox 3684 5071 3788 5125; x_wconf 79' lang='grc' dir='ltr'>τοῦ</span> 
     </span>
    </p>
   </div>
   <div class='ocr_carea' id='block_1_109' title="bbox 2199 5154 3786 5235">
    <p class='ocr_par' dir='ltr' id='par_1_109' title="bbox 2199 5154 3786 5235">
     <span class='ocr_line' id='line_1_109' title="bbox 2199 5154 3786 5235; baseline 0.005 -30"><span class='ocrx_word' id='word_1_672' title='bbox 2199 5154 2532 5208; x_wconf 79' lang='grc' dir='ltr'>Ἀποστόλου</span> <span class='ocrx_word' id='word_1_673' title='bbox 2594 5157 2961 5227; x_wconf 73' lang='grc' dir='ltr'>ἑξηκονταετῆ</span> <span class='ocrx_word' id='word_1_674' title='bbox 3013 5154 3181 5212; x_wconf 77' lang='grc' dir='ltr'>οὖσαν</span> <span class='ocrx_word' id='word_1_675' title='bbox 3221 5157 3321 5231; x_wconf 71' lang='grc' dir='ltr'><strong>τὴν</strong></span> <span class='ocrx_word' id='word_1_676' title='bbox 3370 5160 3430 5213; x_wconf 76' lang='grc' dir='ltr'>ὲν</span> <span class='ocrx_word' id='word_1_677' title='bbox 3479 5160 3786 5235; x_wconf 62' lang='grc' dir='ltr'>Ἐκκλησία</span> 
     </span>
    </p>
   </div>
   <div class='ocr_carea' id='block_1_110' title="bbox 2187 5248 3785 5322">
    <p class='ocr_par' dir='ltr' id='par_1_110' title="bbox 2187 5248 3785 5322">
     <span class='ocr_line' id='line_1_110' title="bbox 2187 5248 3785 5322; baseline 0.004 -23"><span class='ocrx_word' id='word_1_678' title='bbox 2187 5248 2371 5318; x_wconf 77' lang='grc' dir='ltr'>χήραν</span> <span class='ocrx_word' id='word_1_679' title='bbox 2398 5248 2727 5317; x_wconf 72' lang='grc' dir='ltr'>ἐγγυῶντος,</span> <span class='ocrx_word' id='word_1_680' title='bbox 2768 5253 2817 5303; x_wconf 67' lang='grc' dir='ltr'>οἱ</span> <span class='ocrx_word' id='word_1_681' title='bbox 2859 5252 3105 5321; x_wconf 83' lang='grc' dir='ltr'>Πατέρες</span> <span class='ocrx_word' id='word_1_682' title='bbox 3138 5252 3236 5322; x_wconf 81' lang='grc' dir='ltr'>τὴν</span> <span class='ocrx_word' id='word_1_683' title='bbox 3266 5252 3622 5306; x_wconf 80' lang='grc' dir='ltr'>διακόνισσαν</span> <span class='ocrx_word' id='word_1_684' title='bbox 3647 5272 3785 5307; x_wconf 82' lang='grc' dir='ltr'>τεσ-</span> 
     </span>
    </p>
   </div>
   <div class='ocr_carea' id='block_1_111' title="bbox 2191 5344 3790 5418">
    <p class='ocr_par' dir='ltr' id='par_1_111' title="bbox 2191 5344 3790 5418">
     <span class='ocr_line' id='line_1_111' title="bbox 2191 5344 3790 5418; baseline 0.002 -25"><span class='ocrx_word' id='word_1_685' title='bbox 2191 5344 2602 5412; x_wconf 82' lang='grc' dir='ltr'>σαρακονταετῆ</span> <span class='ocrx_word' id='word_1_686' title='bbox 2643 5344 2917 5411; x_wconf 75' lang='grc' dir='ltr'>γίνεσθαι,</span> <span class='ocrx_word' id='word_1_687' title='bbox 2981 5347 3386 5417; x_wconf 79' lang='grc' dir='ltr'>κραταιοτέρας</span> <span class='ocrx_word' id='word_1_688' title='bbox 3418 5348 3519 5414; x_wconf 79' lang='grc' dir='ltr'><strong>τῆς</strong></span> <span class='ocrx_word' id='word_1_689' title='bbox 3550 5347 3790 5418; x_wconf 73' lang='grc' dir='ltr'>Ἐκκλη-</span> 
     </span>
    </p>
   </div>
   <div class='ocr_carea' id='block_1_112' title="bbox 2191 5434 3789 5511">
    <p class='ocr_par' dir='ltr' id='par_1_112' title="bbox 2191 5434 3789 5511">
     <span class='ocr_line' id='line_1_112' title="bbox 2191 5434 3789 5511; baseline 0.004 -25"><span class='ocrx_word' id='word_1_690' title='bbox 2191 5435 2311 5497; x_wconf 83' lang='grc' dir='ltr'>σίας</span> <span class='ocrx_word' id='word_1_691' title='bbox 2347 5434 2750 5505; x_wconf 80' lang='grc' dir='ltr'>γεγενημένης,</span> <span class='ocrx_word' id='word_1_692' title='bbox 2776 5438 2873 5489; x_wconf 76' lang='grc' dir='ltr'><strong>καὶ</strong></span> <span class='ocrx_word' id='word_1_693' title='bbox 2897 5438 3057 5505; x_wconf 74' lang='grc' dir='ltr'>ἡμεῖς</span> <span class='ocrx_word' id='word_1_694' title='bbox 3080 5436 3336 5510; x_wconf 84' lang='grc' dir='ltr'>ὀξύτερον</span> <span class='ocrx_word' id='word_1_695' title='bbox 3362 5438 3467 5511; x_wconf 77' lang='grc' dir='ltr'>τὴν</span> <span class='ocrx_word' id='word_1_696' title='bbox 3504 5456 3575 5509; x_wconf 62' lang='lat' dir='ltr'><strong>ac;</strong></span> <span class='ocrx_word' id='word_1_697' title='bbox 3587 5438 3789 5511; x_wconf 86' lang='grc' dir='ltr'>ραγίδα</span> 
     </span>
    </p>
   </div>
   <div class='ocr_carea' id='block_1_113' title="bbox 2188 5526 3044 5600">
    <p class='ocr_par' dir='ltr' id='par_1_113' title="bbox 2188 5526 3044 5600">
     <span class='ocr_line' id='line_1_113' title="bbox 2188 5526 3044 5600; baseline 0.007 -21"><span class='ocrx_word' id='word_1_698' title='bbox 2188 5526 2267 5596; x_wconf 84' lang='grc' dir='ltr'>τῷ</span> <span class='ocrx_word' id='word_1_699' title='bbox 2303 5528 2592 5598; x_wconf 71' lang='grc' dir='ltr'>μονάζοντι</span> <span class='ocrx_word' id='word_1_700' title='bbox 2631 5546 2697 5599; x_wconf 88' lang='grc' dir='ltr'><strong>ση</strong></span> <span class='ocrx_word' id='word_1_701' title='bbox 2709 5530 3044 5600; x_wconf 85' lang='grc' dir='ltr'>μαινόμεθα.</span> 
     </span>
    </p>
   </div>
   <div class='ocr_carea' id='block_1_114' title="bbox 2262 5618 3786 5696">
    <p class='ocr_par' dir='ltr' id='par_1_114' title="bbox 2262 5618 3786 5696">
     <span class='ocr_line' id='line_1_114' title="bbox 2262 5618 3786 5696; baseline 0.005 -23"><span class='ocrx_word' id='word_1_702' title='bbox 2262 5618 2371 5687; x_wconf 73' lang='grc' dir='ltr'>λς’.</span> <span class='ocrx_word' id='word_1_703' title='bbox 2415 5621 2475 5676; x_wconf 79' lang='grc' dir='ltr'><strong>Ὀ</strong></span> <span class='ocrx_word' id='word_1_704' title='bbox 2520 5622 3049 5695; x_wconf 79' lang='grc' dir='ltr'>ὲγκλεισθησόμενος</span> <span class='ocrx_word' id='word_1_705' title='bbox 3081 5625 3329 5696; x_wconf 86' lang='grc' dir='ltr'>τριετίαν</span> <span class='ocrx_word' id='word_1_706' title='bbox 3375 5624 3690 5696; x_wconf 77' lang='grc' dir='ltr'>προδιάγων</span> <span class='ocrx_word' id='word_1_707' title='bbox 3722 5628 3786 5681; x_wconf 79' lang='grc' dir='ltr'>ἐν</span> 
     </span>
    </p>
   </div>
   <div class='ocr_carea' id='block_1_115' title="bbox 2189 5714 3785 5793">
    <p class='ocr_par' dir='ltr' id='par_1_115' title="bbox 2189 5714 3785 5793">
     <span class='ocr_line' id='line_1_115' title="bbox 2189 5714 3785 5793; baseline 0.005 -25"><span class='ocrx_word' id='word_1_708' title='bbox 2189 5714 2265 5785; x_wconf 81' lang='grc' dir='ltr'>τῷ</span> <span class='ocrx_word' id='word_1_709' title='bbox 2306 5717 2684 5788; x_wconf 82' lang='grc' dir='ltr'>μοναστηρίῳ,</span> <span class='ocrx_word' id='word_1_710' title='bbox 2732 5718 2829 5771; x_wconf 72' lang='grc' dir='ltr'>καὶ</span> <span class='ocrx_word' id='word_1_711' title='bbox 2874 5718 2983 5787; x_wconf 69' lang='grc' dir='ltr'><strong>πρὸ</strong></span> <span class='ocrx_word' id='word_1_712' title='bbox 3040 5719 3130 5788; x_wconf 71' lang='grc' dir='ltr'><strong>τῆς</strong></span> <span class='ocrx_word' id='word_1_713' title='bbox 3174 5719 3535 5791; x_wconf 74' lang='grc' dir='ltr'>ἑγκλείστρας</span> <span class='ocrx_word' id='word_1_714' title='bbox 3591 5720 3785 5793; x_wconf 61' lang='grc' dir='ltr'>ἕτερον</span> 
     </span>
    </p>
   </div>
  </div>
