4028 6288
497 361 594 428 lii

1326 359 1695 423 ARISTENI
1738 354 2088 420 MONACIII
2125 347 2487 417 SYNOPSIS
2527 341 2918 410 CANONUM.

3649 335 3750 402 112

561 479 654 534 26.
684 476 852 533 Filius
884 482 1056 543 patris
1078 471 1333 540 potestati
1360 469 1630 538 subditus,
1646 478 1701 525 et
1723 482 1916 524 servus
1937 466 2068 521 citra
2097 521 2103 534 ε

2245 463 2360 533 κς·’.
2395 463 2460 519 Ὀ
2489 464 2815 532 ὐπεξοῠσιος
2847 459 2986 525 υίὸς,
3021 457 3118 512 καὶ
3153 454 3341 518 δοῦλος
3368 453 3490 525 δίχα
3518 452 3627 508 τῶν
3653 470 3752 505 κυ-

488 572 833 627 dominorum
867 580 1196 622 consensum
1217 603 1234 631 ,
1276 563 1681 620 matrimonium
1715 562 2068 626 contrahens,

485 663 657 733 culpae
684 660 901 718 obnoxii
925 669 1074 714 sunt.

556 754 651 812 i7.
711 752 813 822 Qui
870 735 1204 822 percusserit
1248 749 1317 805 ad
1367 756 1632 813 mortem,
1703 754 1818 803 tum
1864 744 1956 816 qui
1987 742 2069 798 ia-

484 847 670 913 cessit,
689 855 800 899 tum
833 844 924 914 qui
960 843 1274 907 ulciscitur,
1313 840 1607 897 ltOmicida.

557 936 650 992 28.
704 936 1026 990 Diaconissa
1072 950 1195 988 cum
1252 933 1440 1004 gentili
1491 931 1790 992 fornicata,
1839 944 1904 983 ac
1951 941 2068 999 pte-

489 1031 715 1086 nitentia
788 1031 947 1085 ducta
988 1067 1003 1092 ,
1056 1027 1338 1095 septentrio
1415 1022 1746 1095 poenitentia:
1805 1020 2068 1092 subjicia-

488 1134 540 1180 ttt
551 1142 594 1178 r.

562 1214 655 1270 29.
717 1212 1061 1268 Christianus
1116 1208 1444 1265 contumelia
1479 1206 1756 1262 Christum
1790 1203 2066 1272 aﬂiciens,

490 1309 694 1363 nullum
742 1305 975 1360 fructum
1018 1318 1083 1358 ex
1119 1303 1403 1357 vocatione
1433 1315 1531 1356 sua
1562 1301 1846 1371 percipiat.

558 1405 648 1459 '50.
671 1402 861 1472 Nupsit
889 1402 1133 1475 quredam
1155 1413 1248 1470 per
1278 1399 1640 1467 ignorantiam
1665 1399 1781 1452 viro
1807 1396 2066 1461 dimisso;

490 1499 691 1552 deinde
745 1495 913 1566 priori
967 1495 1081 1564 ipse
1138 1491 1422 1546 restitutus
1478 1500 1596 1557 est;
1643 1491 1759 1560 ipsa
1815 1503 1940 1545 vero
1983 1488 2069 1543 di-

491 1591 654 1645 missa
679 1628 696 1655 ,
729 1599 968 1642 scortum
1006 1593 1286 1656 reputatur
1336 1599 1432 1654 per
1483 1581 1844 1654 ignorantiam
1867 1619 1883 1646 ,
1913 1596 1977 1636 ac
2022 1581 2066 1636 si

493 1682 657 1747 velit,
692 1682 895 1736 nubere
933 1689 1131 1750 potest,
1164 1677 1356 1731 melius
1389 1690 1540 1741 vero,
1577 1677 1623 1731 si
1657 1690 1762 1729 non
1794 1673 1980 1728 nubat.

560 1776 652 1831 5i.
681 1773 1031 1838 Encratitas',
1072 1768 1446 1839 Sarcopboros
1466 1808 1484 1834 ,
1515 1777 1676 1836 atque
1727 1765 2068 1836 Apotaetitas

489 1870 666 1928 denuo
707 1869 1029 1937 baptiZabis.
1084 1862 1342 1931 Quamvis
1367 1862 1513 1916 enim
1564 1861 1747 1916 dicant
1779 1859 1921 1916 sein
1964 1858 2067 1912 Pa-

437 1971 441 1975 '
487 1974 664 2028 trem,
718 1973 773 2017 et
829 1960 1059 2024 Filium,
1092 1965 1147 2011 et
1193 1953 1463 2025 Spiritum
1509 1963 1760 2008 sanctum
1805 1966 1926 2007 esse
1973 1952 2068 2006 ba-

489 2056 754 2126 ptizatos,
779 2061 1152 2107 verumtamen
1185 2039 1457 2117 quoniam'
1481 2045 1747 2099 malorum
1789 2053 2066 2099 auctorem

492 2151 659 2204 Deum
690 2146 851 2215 impie
876 2151 1128 2199 asserunt
1153 2140 1305 2209 juxta
1346 2135 1676 2192 Marcionem
1703 2176 1721 2208 ,
1753 2137 1856 2192 nisi
1892 2136 2068 2191 denuo

489 2240 852 2312 baptizentur,
885 2250 992 2290 non
1025 2239 1152 2288 sunt
1183 2229 1498 2300 recipiendi.

557 2333 650 2388 32.
685 2331 814 2397 Quae
846 2344 874 2383 a
907 2328 1026 2383 viro
1055 2323 1280 2380 dimissa
1306 2328 1409 2388 est,
1447 2319 1527 2376 sic
1553 2330 1804 2387 maneat;
1848 2319 1893 2376 si
1923 2319 2068 2376 enim

494 2426 820 2488 mmchctur,
850 2421 1004 2492 juxta
1041 2416 1254 2475 Domini
1298 2427 1629 2478 sermonem,
1655 2413 1792 2469 alius
1825 2428 2071 2469 commu-

490 2519 653 2574 nione
681 2516 1010 2572 excluditur.

563 2611 654 2666 '55.
695 2608 984 2680 Corruptio
1015 2625 1109 2680 per
1157 2590 1264 2665 vim
1297 2609 1534 2665 admissa
1564 2647 1579 2674 ,
1631 2606 1860 2661 crimine
1893 2611 2068 2670 vacat,

493 2715 656 2774 atque
702 2701 898 2760 ancilia
943 2701 991 2759 si
1044 2702 1151 2760 vim
1199 2702 1449 2774 patiatur
1491 2716 1521 2756 a
1563 2699 1827 2767 domino,
1879 2698 2071 2753 insons

491 2805 598 2855 est.

564 2891 659 2948 ει.
696 2889 800 2958 Qui
831 2888 1049 2945 tertium
1097 2886 1504 2943 matrimonium
1539 2883 1811 2942 contrahit
1835 2923 1850 2950 ,
1877 2891 2067 2939 contra

491 2987 639 3056 leges
686 2991 897 3056 peccat.
949 2979 1116 3037 Prout
1158 2989 1338 3036 autem
1395 2977 1649 3036 Ecclesia:
1706 2994 1796 3034 res
1829 2991 1975 3033 nunc
2008 2990 2070 3032 se

493 3076 742 3142 habent,
789 3071 1059 3143 ejusmodi
1106 3068 1389 3135 facinora,
1440 3070 1487 3125 si
1547 3085 1657 3125 non
1687 3068 1904 3138 publica
1959 3077 2071 3121 tra-

495 3170 766 3223 ducantur
796 3207 812 3234 ,
869 3164 1129 3221 dissoluta
1166 3162 1538 3218 fornicatione
1588 3160 1949 3216 tolerabiliora
1977 3158 2064 3229 ju-
2093 3185 2138 3247 ο

491 3263 760 3319 dicantur.

917 3344 1170 3418 Ejusdem
1200 3346 1421 3417 epistota
1468 3346 1644 3401 tertia.

565 3445 619 3500 ι.
670 3439 866 3498 Clerici
915 3442 1006 3511 qui
1058 3439 1113 3495 in
1158 3439 1414 3495 delictum
1467 3438 1760 3503 incidunt,
1795 3437 2074 3505 'gradibus

491 3537 841 3610 dejiciuntur,
870 3534 987 3589 sive
1017 3531 1346 3597 ministrent,
1379 3532 1493 3586 sive
1523 3529 1757 3584 ordinati
1790 3529 1918 3584 sint.

563 3721 622 3777 '2.
656 3717 788 3786 Qum
822 3718 990 3772 fetum
1024 3714 1342 3785 uegit-xerit,
1391 3724 1675 3784 propterea
1707 3715 1850 3784 quod
1884 3715 2076 3770 amicis

496 3817 771 3883 rebusque
814 3811 882 3866 ad
934 3809 1096 3863 vitam
1140 3809 1468 3864 necessariis
1506 3806 1764 3863 destituta
1811 3809 1926 3873 sit,
1970 3809 2076 3865 cri-

497 3907 660 3963 minis
688 3919 881 3972 expers
914 3910 1015 3958 est.

568 4001 624 4054 3.
680 3996 800 4053 Non
854 4013 1106 4068 magnum
1152 3997 1361 4055 crimen
1411 4010 1496 4054 est
1542 3999 1755 4056 ancillae
1788 4000 1998 4067 viduae,
2029 3999 2074 4057 si

501 4093 568 4148 ad
595 4091 861 4146 secundas
892 4091 1108 4162 nuptias
1133 4091 1410 4160 rapiatur:
1441 4090 1693 4162 bigamia:
1717 4107 1842 4147 vero
1861 4105 2074 4162 pinnam

499 4183 667 4237 subit.

576 4275 630 4331 4.
677 4271 1086 4328 liomicidarum
1139 4286 1314 4342 pinnae
1342 4311 1358 4337 ,
1412 4287 1511 4342 pro
1539 4271 2076 4328 circnmstantiarum

501 4368 1019 4434 ratiune,augentur
1049 4374 1140 4417 aut
1177 4365 1510 4421 minuuntur.

571 4457 624 4512 5.
661 4454 1008 4510 Voluntarius
1045 4454 1315 4509 homicida
1363 4454 1554 4526 viginti
1591 4471 1765 4510 annos
1805 4458 2076 4525 pteniten-

2172 561 2308 632 ρίων
2335 556 2725 629 ζευγνύμενος,
2745 556 2846 610 οὐκ
2872 551 3184 609 ἀνεόθυνοι.

2233 738 2337 808 κζ’.
2385 740 2444 793 '0
2473 738 2688 810 πλήξας
2713 739 2852 810 πρὸς
2884 736 3141 802 θάνατον,
3171 735 3267 791 καὶ
3298 731 3624 806 ἀρχόμενος,
3657 729 3758 784 καὶ

2169 835 2541 905 ἀμυνόμενος,
2570 833 2924 904 ἀνδροφόνος.
3659 814 3662 818 ’

2238 925 2346 997 κη’.
2367 929 2627 989 Διάκονος
2653 924 2880 994 Ἕλληνι
2899 919 3280 994 πορνευθεῐσα,
3298 918 3393 972 καὶ
3409 913 3756 990 μεταγνοῢσα

2170 1019 2470 1072 ἑπταετίαν
2500 1017 2881 1070 ὑποπιπτέτω.

2235 1204 2342 1258 κθν,
2386 1201 2657 1273 ’Υὸρίζων
2699 1199 3028 1270 Χριστιανὸς
3052 1198 3145 1251 τὸν
3171 1197 3431 1269 Χριστὸν,
3497 1194 3603 1246 ἀπὸ
3652 1194 3757 1262 τῆξ

2171 1298 2416 1369 κλήσεως
2440 1296 2812 1366 ἀνωφέλητος.

2231 1392 2296 1446 λ’.
2325 1390 2608 1462 Ἐγήματό
2631 1408 2715 1452 τις
2773 1388 2929 1460 ἀνδρὶ
2978 1385 3122 1441 κατά
3173 1385 3402 1454 ἀγνοιαν
3451 1381 3758 1450 ἁφεμένῳ⁸

2173 1480 2295 1539 εἶτα
2323 1489 2391 1556 τῇ
2426 1484 2674 1557 προτέρᾳ
2702 1484 2976 1552 ἀνέφηνεν
3004 1496 3020 1511 '
3057 1480 3090 1550 ὴ
3123 1477 3169 1532 δ’
3191 1476 3393 1546 ἀφείθη
3427 1490 3442 1505 ο
3469 1476 3644 1545 πόρνη
3667 1472 3763 1523 λο-

2172 1583 2392 1653 γίζεται
2449 1582 2594 1635 κατά
2616 1582 2868 1649 ἄγνοιαν,
2928 1575 3027 1630 καὶ
3078 1574 3128 1627 ει
3182 1571 3351 1638 θέλοι,
3415 1567 3757 1638 ζεύγνυταιο

2172 1677 2396 1728 κάλλιον
2417 1674 2498 1738 δὲ,
2517 1676 2564 1726 εί
2605 1671 2679 1744 μὴ
2713 1672 3030 1740 ζεύγνυται.

2234 1768 2339 1823 λα’.
2382 1766 2771 1838 Ἐγκρατίτας,
2798 1765 2893 1818 καὶ
2944 1760 3344 1834 σαρκοφόρους,
3400 1756 3496 1813 καὶ
3546 1756 3765 1810 ἀποτα-

2171 1865 2362 1925 κτίτας
2392 1857 2788 1920 ἀναϐαπτίσεις
2815 1871 2830 1887 ⁸
2863 1857 2911 1910 εί
2972 1855 3083 1924 γὰρ
3139 1853 3236 1907 καὶ
3283 1852 3494 1918 λέγοιεν
3547 1849 3631 1903 ὅτι
3673 1849 3765 1912 είς

2170 1955 2413 2025 Πατέρα,
2450 1954 2546 2008 καὶ
2580 1951 2729 2014 Υίδν,
2789 1950 2883 2004 καὶ
2936 1948 3095 2016 ἀγιον
3144 1944 3375 2014 Πνεῦμα
3425 1939 3767 2011 ἐϐαπτίσθη-

2171 2066 2295 2115 σαν,
2351 2046 2469 2100 ἀλλ’
2525 2044 2650 2098 ἐπεὶ
2683 2041 2875 2097 κακῶν
2931 2038 3167 2110 ποιητὴν
3225 2035 3320 2090 τὸν
3409 2031 3545 2088 Θεδν
3594 2031 3767 2101 βλασ-

2171 2142 2417 2213 φημοῦσι
2481 2138 2625 2194 κατά
2702 2137 3034 2207 Μαρκίωνα,
3096 2135 3174 2206 μὴ
3227 2126 3764 2194 ἀναὸαπτιζόιιενοι,

2169 2238 2263 2292 ἀδε
2272 2254 2416 2291 κτοι.

2227 2325 2330 2397 λβ’,
2368 2325 2435 2378 Ἦ
2482 2324 2618 2395 παρ’
2666 2321 2864 2394 ἀνδρὸς
2919 2318 3212 2388 ἀφίθεῖσαο
3271 2314 3487 2387 μενέτω
3539 2312 3763 2374 οὕτως’

2170 2419 2352 2492 είγάρ
2394 2420 2679 2490 μοιχᾶται,
2699 2415 2844 2470 κατά
2864 2418 2956 2468 τὶν
2978 2411 3072 2467 τοῦ
3142 2408 3353 2482 Κυρίου
3415 2407 3601 2477 λόγον,
3651 2403 3766 2476 τῆς

2171 2514 2312 2586 πρὸς
2340 2515 2531 2585 ἕτερον
2557 2511 2802 2565 κλείεται
2834 2505 3150 2569 κοινωνίας.

2226 2584 2332 2675 λγ’.
2388 2584 2573 2676 Φθορά
2617 2584 3149 2672 κατηναγκασμένη,

2170 2696 2336 2768 δούλη
2417 2692 2720 2766 βιαζομένη
2811 2689 2969 2760 παρά
3051 2687 3343 2754 δεσπότου,

3239 2593 3536 2658 ἀνεύθυνος
3558 2609 3573 2624 ο
3654 2589 3763 2644 καὶ

3436 2681 3760 2744 ἀνεύθυνος.

2237 2881 2343 2938 λδ¹..
2376 2883 2435 2936 Ὀ
2460 2881 2755 2954 τρίγαμος,
2779 2877 2980 2947 ἄνομος
3009 2893 3021 2904 ·
3050 2874 3126 2940 ὡς
3181 2873 3242 2929 δὲ
3292 2872 3453 2944 ῥέπει
3482 2869 3585 2942 τῆς
3625 2866 3763 2924 Ἐκο

2171 2973 2400 3048 κλησίας
2431 2974 2498 3029 τὰ
2517 2971 2750 3027 τοιαῦτα
2771 2970 3106 3042 βλεπόμενα,
3135 2965 3503 3037 ἀστηλίτευτα
3519 2963 3762 3038 κρείττω

2170 3071 2268 3143 τῆς
2299 3069 2595 3142 ἀνειμένης
2623 3065 2883 3141 πορνείας
2914 3063 3240 3136 κρινόμενα.

2549 3341 2661 3399 Τοῦ
2695 3339 2884 3396 αὑτοῦ
2905 3337 3203 3408 ἐπιστολὴ
3234 3336 3422 3406 τρίτη.

2231 3437 2297 3492 α’.
2337 3439 2400 3493 0i
2427 3435 2684 3510 κληρικοὶ
2715 3433 3193 3506 παραπίπτοντες.
3232 3431 3341 3485 τῶν
3367 3429 3599 3503 βαθμῶν
3621 3433 3767 3486 ἁπο-

2176 3531 2497 3596 πίπτουσιν,
2562 3530 2674 3583 εἴτε
2759 3525 3149 3599 ὑπηρετοῦσιν,
3236 3525 3347 3579 εῐτε
3443 3523 3767 3596 κεχειροτό-

2175 3641 2388 3697 νηνται.

2237 3718 2306 3788 β’.
2343 3718 2410 3771 Ἦ
2466 3715 2798 3788 ἀμελήσασα
2841 3711 2937 3767 τοῦ
2975 3714 3258 3783 κυήματος
3325 3711 3396 3765 δι’
3455 3708 3766 3782 ὲρημίανῆ

2178 3809 2416 3884 ἀπορίαν
2436 3811 2547 3865 τῶν
2577 3808 2927 3881 ἐπιτηδείων,
2953 3789 3268 3872 ἀνεύθυνος.

2247 3989 2321 4062 γ’.
2355 3993 2430 4046 Οὐ
2460 3991 2606 4063 μέγα
2636 3993 2889 4061 πταῖσμα
2922 3992 2985 4062 τῇ
3040 3992 3186 4061 χήρᾳ
3215 3988 3379 4062 δούλῃ
3402 3987 3542 4060 πρὸς
3570 3985 3766 4044 δεύτε-

2182 4102 2274 4158 ρον
2304 4083 2487 4154 γάμον
2515 4082 2879 4155 ἀρπαζομένῃ
2901 4100 2915 4112 ·
2947 4081 3010 4136 τὸ
3031 4082 3091 4136 δὲ
3141 4081 3241 4151 τῆς
3263 4079 3531 4152 διγαμίας
3572 4079 3761 4135 ἐπιτί-

2184 4195 2308 4247 μιον
2339 4175 2472 4240 ἕξοι.

2237 4273 2303 4328 δ’,
2325 4272 2446 4325 Τῶν
2477 4271 2821 4341 φονευόντων
2857 4272 2924 4326 τὰ
2953 4272 3232 4343 ἐπιτίμια,
3265 4270 3409 4328 κατά
3436 4272 3498 4324 τὸ
3555 4269 3763 4343 ἰδίωμα

2179 4365 2280 4432 τῆς
2313 4366 2691 4432 περιστάσεως
2724 4361 3080 4428 ἐπιτείνεται,
3114 4365 3148 4435 ἢ
3181 4363 3426 4435 ὑφίεται.

2243 4453 2305 4510 ε’.
2349 4455 2408 4508 ’0
2435 4453 2682 4518 ἑκούσιος
2707 4454 2972 4524 φονευτὴς
2997 4455 3339 4509 εἰκοσαετίαν
3359 4457 3721 4510 ὑποπιπτέτω
3739 4473 3762 4490 ε

504 4549 593 4604 tia:
643 4548 1006 4615 subjiciatur;
1039 4546 1464 4607 involuntarius,
1498 4548 1681 4603 decem
1727 4563 1930 4612 annos;
1966 4548 2073 4602 tor-

2204 4579 2206 4593 .
2249 4545 2508 4609 ἀκούσιος
2555 4546 2842 4600 δεκαετίαν
2871 4560 2888 4580 ·
2950 4549 2979 4600 ὁ
3035 4551 3236 4619 πόρνος
3324 4548 3623 4603 ἑπταετίαν
3653 4564 3669 4583 ·
3700 4551 3762 4604 αι

498 4641 735 4706 nlcotor,
786 4637 1150 4708 septennium.
1207 4637 1455 4708 Virgines
1510 4649 1630 4707 post
1685 4638 2070 4707 professionem

498 4730 683 4800 Iapsze,
717 4729 1025 4797 quindecim
1063 4742 1256 4783 annos.

575 4823 630 4880 6.
659 4820 765 4888 Qui
794 4824 1006 4876 furatus
1047 4832 1131 4878 est
1166 4837 1228 4877 ac
1261 4822 1520 4890 resipuit,
1556 4838 1755 4876 annum
1804 4825 2078 4892 pceniten—

504 4919 635 4969 tiam
675 4925 822 4984 agat,
845 4915 1130 4968 convictus
1163 4928 1310 4978 vero,
1343 4913 1482 4967 duos
1511 4929 1701 4968 annos.

572 5011 625 5062 7.
685 5007 1046 5063 Mascnlorum
1097 5006 1440 5070 concubitor,
1487 5006 1628 5059 sicut
1684 5004 1916 5058 adulter.
1974 5006 2074 5073 Qui

501 5111 692 5159 contra
729 5102 995 5156 rationem
1029 5108 1283 5152 versatus
1313 5107 1395 5152 est
1423 5138 1437 5164 ,
1493 5099 1764 5152 similiter.
1797 5097 2073 5166 Perjurus,

495 5195 785 5251 decennio.
838 5194 1150 5247 incantatur
1192 5203 1244 5246 et
1307 5192 1622 5255 veneﬁcus,
1677 5202 1736 5246 ut
1783 5193 2072 5247 homicida.

498 5287 600 5350 Qui
633 5287 881 5355 sepulcra
933 5285 1292 5354 depraedatur,
1327 5284 1608 5339 decennio.
1661 5283 1762 5349 Qui
1809 5301 1929 5338 cum
1984 5301 2075 5341 so.

501 5394 624 5432 rore
679 5379 958 5441 miscetur,
1006 5387 1064 5429 nt
1117 5377 1404 5432 homicida.
1443 5377 1780 5432 Prohibitum
1840 5378 1893 5432 in
1941 5394 2077 5432 con-

2181 4641 2630 4714 παραπίπτουσαι
2655 4642 2791 4711 μετά
2814 4641 2916 4712 τὴν
2943 4641 3240 4711 ὁμολογίαν
3269 4642 3554 4712 παρθένοι,
3587 4645 3763 4699 πέντε

2185 4736 2281 4786 καὶ
2315 4733 2600 4786 δεκαετίαν
2623 4733 3256 4807 [πεντακαιδεκαετίανῙ.

2236 4832 2313 4892 ς’.
2353 4828 2413 4880 '0
2431 4828 2633 4897 κλέψας
2655 4829 2751 4882 καὶ
2800 4827 3129 4898 μεταγνοὺς,
3155 4828 3405 4883 ἐνιαυτόν
3436 4845 3450 4862 ·
3476 4829 3764 4901 ἐλεγχθεὶς

2180 4921 2257 4986 δὲ,
2291 4919 2480 4988 ἕτερον
2507 4919 2627 4974 ἕνα.

2231 5015 2300 5078 ζ’.
2354 5014 2792 5086 Ἀρσενοκοίτης,
2836 5014 2913 5078 ὡς
2969 5015 3178 5087 μοιχός.
3214 5015 3274 5068 '0
3332 5015 3761 5088 ἀλογευόμενος,

2181 5107 2381 5176 ὁμοίως
2408 5122 2422 5138 ο
2444 5107 2472 5158 ὁ
2493 5105 2777 5175 ἐπίορκος,
2797 5105 3089 5160 δεκαετίαν
3121 5124 3138 5138 ν
3190 5108 3220 5160 ό
3270 5107 3406 5179 γόης
3435 5111 3530 5163 καί
3554 5111 3584 5162 ό
3615 5128 3760 5180 φαρ-

2185 5199 2380 5270 μακδς,
2415 5198 2540 5260 ὡςό
2583 5198 2804 5268 φονεύς.
2846 5197 2909 5254 Ὀ
2953 5199 3346 5273 τυμθωρύχος,
3407 5201 3702 5256 δεκαετίαν
3734 5219 3751 5237 ’

2179 5294 2206 5344 ὁ
2238 5290 2655 5360 ἀδελφόμικτος,
2683 5293 2758 5354 ὡς
2787 5294 2984 5361 φονεύς
3003 5307 3018 5324 ο
3054 5295 3082 5345 ό
3108 5294 3484 5366 ἀπειρημένος
3511 5297 3571 5348 ὲν
3620 5311 3757 5365 συγ·

2190 5385 2380 5454 γενείᾳ
2410 5384 2608 5455 γάμος,
2642 5386 2781 5439 κατὰ
2805 5387 3016 5456 μοιχόν.

501 5471 866 5540 sangiiinitate
899 5469 1300 5524 matrimonium
1327 5508 1343 5535 ,
1373 5471 1562 5526 eadem
1612 5486 1718 5542 qua
1747 5471 2072 5528 adulterium
2112 5490 2273 5546 paena
2308 5478 2628 5533 vindicatur.

566 5567 622 5621 8.
667 5563 861 5622 Lector
895 5567 983 5635 qui
1022 5579 1145 5622 ante
1175 5568 1389 5636 nuptias
1423 5584 1531 5623 rem
1567 5569 1874 5623 habetcum
1905 5584 2070 5639 spon-

496 5675 578 5718 sa.
615 5669 831 5712 maneat
879 5660 1068 5725 lector,
1115 5660 1189 5714 ita
1226 5670 1283 5715 ut
1335 5660 1401 5715 ad
1439 5660 1671 5730 majores
1715 5663 1916 5729 gradus
1960 5676 2069 5715 non

498 5760 880 5819 promoventur
930 5754 1068 5820 :qui
1131 5767 1256 5809 vero
1290 5753 1546 5808 furtivum
1600 5753 1721 5807 iniit
1775 5753 2061 5807 matrimo-

499 5842 671 5907 nium,
713 5843 1031 5911 expeliatur.

2250 5579 2322 5639 η’.
2363 5574 2422 5628 '0
2453 5574 2560 5645 πρὸ
2586 5575 2767 5646 γάμου
2798 5577 3194 5631 συναλλάσσων
3224 5577 3587 5650 ἀναγνώστης
3617 5597 3759 5651 μνη-

2179 5670 2300 5737 στῇ,
2337 5667 2546 5736 μενέτω
2600 5669 2956 5742 ἀναγνώστης
3009 5673 3324 5743 ἀπρόκοπος
3356 5689 3372 5703 ο
3406 5672 3752 5745 κλεψίγαμος

2177 5760 2234 5813 δὲ
2264 5758 2611 5814 ἀπωοείσθω.
