4028 6288
508 322 610 387 ῖ35

1932 313 2369 380 ΊἭΕΟΒΙΛΝΙ

3661 306 3752 372 135

496 435 636 491 Num
693 450 857 491 unum
912 432 1077 489 veluti
1144 431 1400 503 quiddam
1436 430 1802 501 compositum
1857 429 2084 500 ﬁngitis,

2203 428 2313 494 πῶς
2343 428 2409 484 ἄν
2438 444 2585 492 τινες
2621 422 2991 495 συμφρονοῖεν
3031 418 3254 490 μᾶλλον,
3287 417 3384 472 καὶ
3414 416 3473 471 τὸ
3514 414 3644 470 αὐτὸ
3673 418 3758 470 λέ-

499 526 643 597 quod
688 534 800 578 tres
846 524 1026 578 vultus
1070 532 1163 577 aut
1218 523 1509 578 humanam
1563 521 1788 577 omnino
1841 520 2082 578 lormam

500 618 739 673 habent?
767 614 887 689 Vos
917 630 1132 684 quoque
1185 613 1575 678 reclamabitis,
1620 613 1802 667 absit:
1843 627 1942 668 nec
1988 611 2085 669 Dei

501 710 715 772 faciem,
742 722 1099 778 quaecumque
1120 708 1336 760 tandem
1377 704 1467 759 illa
1491 713 1598 768 est,
1623 719 1860 773 ttnquam
1880 702 2085 768 videat,

500 799 591 874 qui
624 801 694 851 ita
728 798 914 853 sentit.
946 798 1085 864 Quid
1125 811 1254 867 ergo
1297 794 1443 865 (nam
1487 803 1538 850 et
1590 794 1692 849 hoc
1743 795 2089 863 interrogare

499 891 668 961 lubet)
700 898 795 944 aut
821 889 977 944 nobis
1020 890 1342 960 hypostases
1375 888 1635 942 denotant
1665 896 1759 941 aut
1791 884 1941 941 vobis
1968 902 2091 955 pcr-

500 983 693 1039 sonm?
735 982 993 1037 nimirum
1046 996 1167 1036 esse
1227 982 1350 1046 tria,
1406 995 1528 1049 qua:
1577 980 1927 1044 dividantur;
1982 996 2088 1034 non

502 1073 732 1141 naturis,
752 1073 844 1129 sed
869 1071 1571 1143 proprietatibus.0ptime.
1593 1071 1711 1142 Quo
1737 1083 1896 1140 pacto
1920 1071 2090 1141 magis

503 1165 671 1235 aliqui
703 1165 1075 1229 consentiant,
1118 1172 1173 1218 et
1206 1166 1347 1221 idem
1395 1166 1598 1229 dicant,
1634 1178 1799 1234 quam
1839 1179 1963 1219 cum
2016 1163 2091 1217 ita

503 1259 759 1324 sentiunt,
793 1259 995 1328 alioqui
1030 1259 1253 1329 syllabis
1302 1259 1695 1327 discrepantes.
1736 1257 2005 1312 Similiter
2040 1267 2094 1311 et

504 1351 556 1405 in
588 1352 834 1406 oratione
883 1366 988 1421 qua
1039 1350 1224 1406 laudat
1277 1350 1656 1414 Athanasium,
1711 1350 2095 1405 Alexandrinae

506 1443 685 1499 lumen
716 1443 962 1499 ecclesiae
988 1455 1002 1503 :
1029 1442 1165 1499 Cum
1206 1444 1377 1510 enim,
1419 1443 1514 1509 ait,
1552 1456 1655 1496 una
1689 1442 2014 1510 substantia,
2041 1453 2096 1498 et

508 1544 621 1591 tres
648 1537 971 1608 hypostases
999 1553 1026 1591 a
1062 1535 1219 1591 nobis
1265 1534 1354 1606 pie
1390 1535 1736 1601 dicerentur,
1778 1533 1924 1605 quod
1955 1533 2093 1588 alte-

507 1639 628 1681 rum
651 1626 948 1683 divinitatis
976 1635 1255 1692 naturam,
1278 1624 1513 1709 alteram
1542 1639 1897 1695 personarum
1933 1624 2092 1681 trium

507 1717 869 1790 proprietates
897 1718 1171 1790 .declaret,
1211 1732 1274 1772 ac
1331 1716 1494 1772 sitnili
1540 1717 1761 1787 quidem
1819 1718 1981 1772 modo
2023 1717 2094 1772 ab

2185 539 2359 595 γοιεν,
2395 522 2429 593 ἧ
2470 519 2645 583 οὕτως
2680 517 2919 589 ἔχοντες,
2951 513 3055 569 κᾶν
3092 514 3215 576 ταῖς
3240 510 3534 575 συλλαϐαῖς
3583 511 3759 581 διαφέ-

2188 630 2395 688 ρωσιν;
2441 613 2678 683 ὀμοίως
2728 610 2822 663 καὶ
2871 609 2931 660 ἐν
2995 601 3079 670 οἷς
3132 602 3476 675 ἐγκωμιάζει
3532 602 3621 657 τδν
3664 602 3759 673 τῆς

2201 703 2603 776 Ἀλεξανδρέων
2653 701 2922 772 φωστῆρα
2949 696 3248 768 γενόμενον
3283 694 3626 759 Ἀθανάσιον,
3660 696 3758 747 πὶ·

2193 797 2277 851 λιν
2304 796 2477 868 φησί·
2510 795 2629 865 Τῆς
2657 796 2767 864 γάρ
2798 794 2929 864 μιᾶς
2954 790 3165 854 οὐσίας,
3190 789 3285 843 καὶ
3308 788 3419 842 τῶν
3441 785 3609 859 τριῶν
3637 787 3761 841 ὐπο-

2192 867 2435 942 στάσεων
2471 885 2786 955 λεγομένων
2819 881 2910 953 ὑφ’
2939 880 3096 952 ὐμῶν
3141 878 3390 943 εὐσεϐῶς
3426 878 3508 949 (τὸ
3531 879 3633 950 μιν
3661 867 3762 950 γὰρ

2190 980 2292 1053 τὴν
2318 979 2482 1051 φύσιν
2523 976 2676 1049 δηλοῖ
2715 977 2816 1048 τῆς
2850 974 3128 1046 θεότητος,
3171 974 3232 1027 τὸ
3255 972 3315 1028 δὲ
3342 971 3441 1036 τὰς
3470 971 3578 1026 τῶν
3605 971 3762 1045 τριῶν

2195 1073 2513 1144 ίδιότητας),
2543 1070 2857 1142 νοουμένων
2874 1068 2969 1122 καὶ
2989 1085 3066 1121 πα
3074 1066 3143 1139 ρὰ
3161 1067 3273 1129 τοῖς
3303 1062 3529 1129 Ἰταλοῖς
3550 1061 3759 1133 ὁμοίως,

2192 1164 2312 1218 ἀλλ’
2351 1164 2413 1218 οὐ
2445 1162 2762 1235 δυναμένων
2789 1161 2878 1215 διὰ
2905 1160 3007 1231 τὴν
3036 1157 3334 1228 στενότητα
3369 1157 3469 1229 τῆς
3510 1154 3642 1228 παρ’
3673 1155 3767 1208 αὐ-

2192 1258 2307 1320 τοῖς
2334 1254 2607 1327 γλώττης,
2636 1257 2731 1309 καί
2757 1255 2859 1324 τὴν
2880 1253 2988 1307 τῶν
3017 1251 3301 1323 ὀνομάτων
3335 1249 3551 1317 πενίαν,
3579 1246 3766 1303 διελεῖν

2192 1348 2301 1402 ἀπὸ
2322 1349 2421 1419 τῆς
2452 1349 2643 1411 οὐσίας
2668 1347 2766 1418 τὴν
2794 1346 3115 1410 ὑπόστασιν,
3146 1343 3243 1398 καὶ
3257 1342 3347 1398 διὰ
3364 1341 3525 1397 τοῦτο
3556 1342 3764 1396 ἀντεισο

2191 1438 2433 1508 αγούσης
2466 1438 2534 1491 τὰ
2566 1437 2857 1507 πρόσωπα,
2905 1435 2996 1490 ἵνα
3046 1434 3124 1506 μὴ
3160 1435 3317 1504 τρεῖς
3357 1432 3539 1487 οὐσίαι
3588 1448 3763 1503 παρα-

2189 1530 2477 1602 saxeam.
2516 1528 2735 1600 Ἀμέλει
2760 1528 2865 1582 κᾶν
2907 1525 2988 1599 τῷ
3018 1526 3103 1591 είς
3150 1525 3225 1585 τὰ
3250 1526 3412 1580 Φῶτα
3452 1523 3599 1597 λόγῳ
3631 1523 3769 1580 οὕτω

2193 1624 2329 1695 φησί
2351 1639 2367 1654 ⁸
2407 1622 2545 1678 Θεοῦ
2583 1623 2640 1677 δὲ
2683 1622 2815 1675 ὅταν
2840 1622 3002 1685 είπω,
3034 1620 3114 1675 ἑνὶ
3146 1619 3288 1688 φωτὶ
3325 1616 3769 1690 περιηστράφθην

2192 1715 2291 1769 καὶ
2344 1714 2513 1786 τρισί.
2564 1712 2728 1785 Τρισὶ
2776 1712 2877 1784 μὲν
2929 1711 3072 1767 κατὰ
3123 1711 3223 1776 τὰς
3266 1711 3561 1783 ίδιότητας,
3609 1710 3771 1781 ἦγουν

517 1808 665 1865 Italis
699 1807 1151 1880 intelligerentur,
1182 1822 1371 1862 verum
1401 1808 1470 1861 ob
1502 1807 1697 1877 lingua:
1748 1806 1889 1862 illius
1927 1822 2100 1877 angu—

2205 1806 2533 1870 ὑποστάσεις
2560 1803 3002 1879 [ὐποστάσεσιν],
3038 1807 3067 1861 ὃ
3103 1821 3218 1859 τισι
3260 1803 3413 1875 φίλον
3444 1804 3654 1871 καλεῖν,
3679 1801 3772 1858 εἴτ’

508 1902 690 1965 suam,
725 1900 1123 1971 verborumque
1163 1900 1425 1970 inopiam,
1458 1898 1775 1971 hypostasin
1814 1898 1883 1953 ab
1911 1913 2095 1954 essen-

512 1995 581 2047 tia
617 1994 951 2063 distinguere
984 2010 1087 2049 non
1125 2001 1366 2063 possent,
1395 2006 1566 2064 eaque
1592 1993 1658 2048 de
1684 2006 1845 2047 causa
1873 1991 1924 2045 in
1950 1990 2094 2047 illius

511 2088 691 2141 locum
755 2102 1113 2157 personarum
1172 2085 1511 2141 induxissent
1579 2100 1798 2151 nomen,
1856 2099 1924 2138 ne
1984 2095 2095 2139 tres

511 2181 828 2236 substantiae
894 2179 1353 2245 admitterentur,
1400 2186 1457 2233 et
1518 2188 1735 2233 caetera.
1791 2177 1976 2232 itidem
2039 2177 2094 2232 in

512 2272 766 2328 oratione
819 2276 883 2328 de
931 2272 1265 2338 Luminibua,
1298 2271 1518 2341 inquit:
1567 2269 1737 2325 Deum
1783 2286 1906 2325 cum
1949 2270 2096 2335 dico,

516 2379 621 2419 uno
656 2365 858 2434 pariter
896 2375 949 2420 et
990 2365 1185 2435 triplici
1234 2365 1436 2419 lumine
1478 2361 1818 2433 perstringor
1849 2378 1865 2429 ;
1903 2362 2100 2432 triplici

516 2457 760 2525 quidem,
792 2464 1052 2527 quantum
1100 2457 1163 2510 ad
1199 2456 1584 2528 proprietates,
1616 2454 1730 2510 sive
1757 2454 2100 2526 hypostases,

2193 1895 2299 1953 οὖν
2331 1898 2650 1969 προσώποις
2700 1898 2877 1970 (οὐδὲν
2931 1899 3040 1970 γὰρ
3089 1897 3221 1969 περὶ
3255 1897 3362 1951 τῶν
3384 1897 3666 1969 ὀνομάτων
3686 1893 3775 1961 Cu-

2194 1990 2579 2063 γομαχοῢμεν,
2625 1991 2730 2055 ἕως
2784 1990 2853 2045 ἃν
2913 1993 3054 2062 πρδς
3097 1990 3200 2063 τὴν
3264 1991 3437 2062 αὐτὴν
3476 1989 3688 2046 ἔννοιαν
3714 1990 3768 2045 αι

2197 2086 2463 2141 ωλλασαῖ
2485 2086 2751 2159 φέρωσιν)
2778 2101 2795 2118 ·
2823 2086 2902 2141 ἑνὶ
2934 2085 3016 2153 δὲ,
3054 2084 3199 2141 κατὰ
3230 2084 3322 2140 τὸν
3357 2084 3456 2156 τῆς
3482 2083 3669 2147 οὐσίας
3693 2083 3777 2137 λό-

2196 2195 2316 2248 γον,
2349 2179 2528 2233 εῐτουν
2574 2178 2850 2250 θεότητος.
2894 2178 3143 2245 Ἱκανῶς,
3195 2172 3377 2248 οἶμαι,
3420 2176 3470 2229 οῖ
3512 2175 3779 2247 παρόντες

2196 2271 2586 2325 εὐκλεέστατοι
2653 2271 2973 2327 διδάσκαλοι
3033 2271 3167 2342 περὶ
3232 2269 3342 2324 τῶν
3400 2269 3779 2340 προκειμένῳν

2197 2366 2331 2437 ἡμῖν
2383 2364 2809 2436 ἐνομοθέτησαν.
2857 2365 3047 2430 οὐσίας
3095 2383 3157 2419 τε
3216 2366 3369 2437 πέρι,
3431 2367 3527 2421 καὶ
3570 2364 3779 2436 φύσεως

2200 2457 2561 2523 ὑποστάσεώς
2582 2459 2642 2511 τε
2671 2460 2762 2513 καὶ
2787 2455 3086 2531 προσώπου
3109 2473 3123 2489 ·
3157 2459 3348 2529 σαφῶς
3379 2476 3441 2513 τε
3467 2455 3781 2530 παραδεδώ-

519 2547 593 2601 uti
632 2548 851 2618 quidam
911 2547 1185 2618 appellare
1241 2546 1465 2610 malunt,
1494 2545 1607 2601 sive
1659 2559 1924 2615 personas
1966 2544 2100 2607 (nec

2203 2565 2383 2617 κασιν,
2424 2551 2506 2605 ὃτι
2531 2549 2590 2604 αῖ
2620 2551 2720 2620 μὲν
2746 2550 2808 2605 τὸ
2836 2548 3071 2604 καθόλου
3103 2549 3469 2622 σημαίνουσιν
3489 2566 3506 2582 ο
3537 2548 3600 2604 αἱ
3626 2548 3705 2613 δὲ,
3724 2548 3783 2603 τδ

518 2640 664 2694 enim
694 2642 759 2696 de
790 2641 1099 2696 nominibus
1149 2639 1553 2703 contendimus,
1595 2638 1834 2707 quandiu
1884 2637 2100 2710 syllabae

2203 2637 2330 2694 καθ’
2365 2639 2621 2696 ἕκαστον.

518 2730 587 2783 ad
620 2731 864 2786 eamdem
899 2732 1222 2786 sententiam
1252 2730 1521 2801 tendunt),
1553 2746 1659 2785 uno
1719 2741 1922 2798 autem,
1990 2740 2254 2800 quantum
2320 2734 2389 2787 ad
2434 2732 2786 2802 substantiae,
2836 2733 2940 2789 hoc
3003 2740 3108 2802 est,
3155 2731 3453 2788 divinitatis
3497 2730 3783 2795 rationem,

521 2822 687 2887 Satis,
734 2824 948 2894 opinor,
982 2824 1036 2879 bi
1100 2826 1441 2882 celeberrimi
1498 2827 1750 2881 doctores
1808 2825 1874 2879 de
1933 2825 2096 2879 rebus
2132 2826 2293 2881 modo
2330 2825 2649 2898 propositis,
2682 2827 2938 2883 nimirum
2991 2827 3062 2884 de
3129 2827 3434 2883 substantia
3467 2838 3524 2883 et
3559 2838 3778 2890 natura,

519 2918 588 2971 de
649 2916 921 2985 hypostasi
973 2925 1027 2969 et
1083 2931 1336 2986 persona,
1396 2916 1550 2972 nobis
1608 2916 2095 2985 pmscripserunt;
2134 2925 2428 2990 aperteque
2497 2918 2859 2987 tradiderunt,
2923 2918 3043 2976 illas
3091 2918 3413 2976 universalis
3466 2919 3545 2976 rei
3576 2919 3785 2992 signiti-

522 3009 791 3062 eationem
824 3006 1047 3075 habere,
1080 3009 1176 3064 bas
1202 3009 1514 3078 singularis.

593 3102 753 3159 GEN.
793 3101 912 3158 Jam
945 3112 1160 3174 tempus
1192 3074 1379 3170 fuerit,
1403 3113 1461 3157 ut
1490 3104 1841 3175 auctoritates
1885 3074 1939 3159 lu
1981 3118 2095 3159 me—

2279 3104 2338 3163 '0
2366 3106 2528 3166 ΚΑΘ.
2560 3108 2765 3180 Καιρὸς
2795 3108 2918 3181 ἤδη,
2948 3106 3049 3173 τὰς
3072 3110 3300 3183 χρήσεις
3329 3110 3409 3173 είς
3430 3107 3601 3178 μέσον
3620 3125 3781 3181 προσ-

522 3194 675 3250 dium
722 3194 1009 3266 proferas,
1065 3195 1131 3251 de
1187 3195 1384 3265 quibus
1444 3206 1758 3251 sanctorum
1815 3195 2095 3251 hominum

526 3297 763 3344 mentem
817 3289 1237 3359 perspiciamus.
1292 3286 1503 3357 Quippe
1570 3290 1637 3343 de
1696 3287 2002 3349 substantia
2050 3297 2103 3343 et

522 3391 741 3448 natura,
764 3380 833 3437 de
855 3382 1130 3453 hypostasl
1160 3391 1214 3436 et
1243 3396 1496 3452 persona.
1520 3382 1929 3447 consentimus;
1957 3378 2101 3434 nulla

529 3476 748 3547 penitus
797 3474 853 3528 in
900 3487 963 3529 re
1016 3474 1367 3530 dissidentes.
1423 3474 1557 3529 Nam
1611 3474 1699 3527 illa
1745 3472 1896 3544 prius
1938 3471 2103 3527 etiam

529 3584 692 3639 quam
722 3567 821 3622 abs
854 3578 906 3623 te
928 3567 1259 3633 dicerentur,
1286 3566 1726 3637 intelligebamus
1753 3582 1767 3623 :
1794 3565 1890 3620 sed
1917 3579 1987 3641 εξ
2009 3580 2107 3621 ore

531 3644 627 3715 tuo
660 3658 881 3715 lubebat
920 3660 1131 3726 audire,
1170 3674 1419 3730 quaenam
1465 3660 1534 3713 de
1586 3658 1670 3713 his
1721 3664 1901 3712 vestra
1956 3642 2106 3713 esset

531 3754 823 3808 sententia.
873 3750 1030 3807 Nunc
1072 3767 1199 3822 ergo
1252 3752 1440 3816 dicito,
1481 3751 1733 3821 quisnam
1789 3758 2104 3805 sanctorum

531 3845 753 3901 Patrum
786 3854 1009 3899 naturas
1039 3845 1173 3899 duas
1219 3855 1345 3914 post
1389 3844 1686 3898 unitionem
1720 3843 1998 3898 statuerit.

606 3938 647 3991 Τ
654 3935 863 3992 HEOR.
892 3936 1155 4001 Primum,
1185 3952 1283 3991 ceu
1306 3945 1547 4006 tempore
1573 3936 1832 4006 primum,
1852 3946 2105 4005 magnum

534 4025 682 4081 illum
713 4027 1071 4080 Athanasium
1101 4025 1347 4095 proferre
1382 4042 1483 4095 par
1524 4034 1630 4091 est,
1661 4026 1818 4096 cujus
1848 4024 1965 4080 haec
1994 4024 2106 4094 ipsa

535 4116 702 4174 verba
734 4124 859 4171 sunt
913 4118 965 4170 in
1012 4118 1237 4185 epistola
1271 4117 1338 4172 ad
1372 4117 1676 4187 Epictetum
1703 4116 1954 4174 Corinthi
1986 4116 2107 4187 epi-

535 4225 802 4283 scopum:
840 4209 917 4263 Ex
955 4208 1055 4263 hoc
1084 4196 1470 4265 absurditatem
1529 4210 1833 4281 perspicere
1860 4210 2107 4281 potestis.

538 4300 597 4355 Si
636 4316 815 4357 sermo
846 4300 1007 4354 unius
1066 4311 1151 4354 est
1200 4300 1519 4356 substantia:
1573 4317 1694 4355 cum
1747 4313 1994 4371 corpore,
2044 4300 2111 4354 de

539 4402 685 4447 terra
723 4402 967 4446 naturam
1028 4406 1181 4443 suam
1232 4390 1508 4445 habente:
1553 4391 1709 4460 sique
1752 4390 2108 4444 consubstan-

2206 3196 2399 3266 θεῖναι,
2429 3201 2517 3256 ῐνα
2550 3201 2616 3255 ἐκ
2641 3202 2850 3256 τούτων
2882 3202 2976 3257 τὸν
3002 3201 3132 3257 νοῦν
3195 3200 3645 3274 καταθρήσωμιν
3673 3202 3783 3260 τῶν

2206 3289 2400 3358 ἁγίων.
2445 3291 2583 3362 Περὶ
2621 3293 2731 3363 γὰρ
2759 3292 2953 3357 οὐσίας
3008 3297 3106 3348 καὶ⁵
3139 3293 3381 3363 φύσεως,
3423 3292 3783 3359 ὑποπάσεώς

2205 3396 2266 3434 τε
2296 3385 2393 3437 καὶ
2441 3381 2760 3454 προσώπου,
2799 3384 3081 3454 σύμφωνοί
3110 3383 3300 3455 ἔσμεν.
3336 3383 3460 3438 κατ’
3490 3384 3650 3439 οὐδὲν
3672 3383 3784 3441 οὐδ’

2206 3474 2343 3538 ὅλως
2370 3473 2782 3547 διαφερόμενοι.
2830 3475 3020 3530 Ταῦτα
3054 3476 3167 3548 γάρ
3204 3476 3300 3531 καὶ
3336 3476 3445 3547 πρὸ
3472 3474 3572 3530 τοῦ
3620 3494 3681 3531 σε
3713 3478 3788 3532 cl-

2208 3568 2351 3634 πεῖν,
2408 3564 2822 3638 ὲγινώσκομεν·
2865 3568 2985 3621 ἀλλ’
3031 3568 3382 3640 Ιἤθελιτγσαμεν
3441 3568 3682 3625 ἀκοῦσαι
3725 3572 3791 3625 ἐκ

2205 3660 2300 3715 τοῦ
2351 3659 2621 3729 στόματός
2660 3675 2779 3725 σου,
2815 3659 2931 3723 πῶς
2965 3678 3097 3714 ποτε
3138 3662 3507 3734 περὶτούτων
3535 3664 3791 3734 φρονεῖτε

2209 3753 2390 3822 ὑμεῖς.
2427 3752 2542 3807 Νῦν
2569 3748 2663 3806 οὖν
2691 3752 2834 3816 είπὲ,
2866 3752 2951 3816 τίς
2974 3752 3086 3807 τῶν
3115 3754 3291 3822 ἁγίων
3311 3753 3408 3809 δύο
3425 3753 3624 3825 φύσεις
3651 3752 3794 3825 μετᾲ

2205 3845 2307 3917 τὴν
2334 3845 2530 3898 ἕνωσιν
2560 3845 2922 3915 ἐδογμάτισεν
2937 3861 2953 3912 ;

2254 3934 2347 3989 -Ὀ
2375 3938 2573 3992 ΘΕΩΡ.
2619 3937 2867 4006 Πρῶτον,
2910 3939 2987 4002 ὡς
3042 3937 3265 4010 πρῶτον
3314 3939 3393 4011 τῷ
3436 3941 3643 4013 χρόνῳ,
3702 3941 3796 3997 τὸν

2213 4030 2389 4101 μέγαν
2430 4028 2750 4084 Ἀθανάσιον
2802 4033 3245 4101 παρεισαγαγεῖν
3300 4030 3471 4098 ἄξιον,
3509 4031 3587 4098 ώς
3617 4034 3682 4091 ἐν
3725 4036 3791 4106 τῇ

2209 4124 2346 4192 πρὸς
2363 4122 2686 4201 Ἐπίκτητον
2712 4124 3019 4178 ἐπίσκοπον
3036 4122 3309 4196 Κορίνθου
3332 4125 3593 4199 ἐπιστολῇ
3610 4127 3797 4184 τοιάδε

2210 4214 2489 4286 γράφοντα
2521 4216 2662 4269 κατὰ
2693 4214 2841 4281 λέξιν
2860 4230 2875 4244 ·
2906 4217 3018 4269 Καὶ
3048 4219 3158 4288 γὰρ
3189 4220 3252 4273 ὲκ
3281 4217 3477 4273 τούτου
3503 4219 3569 4273 τὸ
3593 4220 3798 4275 ἄτοπον

2211 4307 2601 4380 θεωρεῖνήμᾶς
2634 4307 2867 4372 ἔξεστιν.
2902 4309 2963 4361 Εἰ
2995 4308 3281 4378 ὁμοούσιος
3310 4312 3338 4363 ὁ
3371 4310 3547 4379 Λόγος
3579 4312 3662 4385 τῷ
3694 4313 3801 4367 σώ-

2216 4417 2366 4469 ματι,
2408 4402 2471 4455 ὲκ
2514 4401 2617 4471 γῆς
2644 4403 2821 4471 ἔχοντι
2854 4400 2954 4472 τὴν
2993 4400 3189 4471 φύσινι
3225 4404 3509 4475 όμοούσιος
3534 4405 3593 4459 δὲ
3632 4407 3664 4460 ό
3694 4406 3801 4462 A6-

539 4482 682 4538 tialis
710 4492 794 4537 est
820 4482 964 4536 Patri
988 4480 1201 4547 Sermo,
1224 4480 1377 4551 juxta
1401 4481 1797 4537 confessionem
1826 4480 2051 4535 Patrqu
2083 4496 2098 4533 :

2219 4509 2312 4560 γος
2338 4492 2413 4563 τῷ
2469 4494 2664 4563 Πατρὶ,
2700 4494 2847 4546 κατὰ
2878 4494 2979 4563 τὴν
3021 4494 3133 4548 τῶν
3175 4495 3439 4567 Πατέρων
3468 4498 3797 4569 ὁμολογίαν·

539 4576 702 4629 etiant
744 4573 857 4644 ipse
906 4573 1067 4627 Pater
1106 4576 1267 4629 unius
1324 4574 1432 4628 erit
1472 4574 1794 4629 substantiae
1841 4590 1963 4628 cum
1993 4588 2114 4628 eor-

540 4681 671 4737 pore
717 4670 783 4722 de
835 4679 978 4722 terra
1012 4666 1175 4723 facto.
1217 4669 1280 4722 Et
1310 4683 1407 4722 cur
1452 4668 1673 4723 Arianis
1728 4666 2114 4739 indignamini,

542 4760 733 4817 Filium
761 4762 1066 4819 dicentibus
1086 4778 1208 4819 esse
1240 4774 1573 4830 creaturam,
1604 4779 1724 4819 cum
1770 4762 1870 4830 ipsi
1900 4764 2114 4830 dicatis,

542 4854 757 4909 Patrem
798 4854 959 4910 unius
989 4872 1111 4912 cutn
1146 4856 1415 4912 creaturis
1439 4872 1561 4911 esse
1608 4856 1964 4912 substantiae?

614 4941 775 4999 CEN.
808 4945 945 5012 Quid
976 4944 1042 5000 ad
1071 4962 1167 5004 nos
1190 4948 1390 5002 dictum
1423 4946 1589 5013 istud,
1615 4945 1975 5017 philosophe?

610 5146 871 5205 THEOB.
914 5147 1164 5202 Graviter
1212 5162 1307 5202 eos
1343 5145 1534 5216 tangit,
1555 5145 1648 5215 qui
1689 5144 1898 5209 dicunt,
1951 5157 2113 5197 unam

542 5260 663 5303 esse
689 5253 934 5297 naturam
970 5240 1249 5295 Sermonis
1266 5248 1322 5295 et
1355 5239 1557 5295 carnis.
1585 5245 1663 5293 Ac
1688 5238 1831 5301 vide,
1864 5238 2113 5303 obsecro,

543 5353 708 5409 quam
746 5336 1055 5393 admirabili
1118 5336 1328 5389 ratione
1385 5342 1605 5389 sanctus
1652 5331 1737 5385 vir
1785 5331 2118 5386 Athanasius

546 5434 602 5487 in
656 5432 817 5487 tertia
867 5430 1040 5498 ﬁgura
1082 5427 1453 5499 syllogismum
1504 5433 1706 5489 nectat.
1759 5422 1968 5492 Quippe
2003 5422 2115 5493 jam

543 5531 703 5579 antea
745 5535 843 5591 pro
878 5518 1130 5576 confesso
1182 5520 1436 5585 habetur,
1489 5528 1830 5585 quaecunque
1871 5518 1938 5570 de
1985 5516 2117 5571 sub-

546 5615 749 5673 stantia
782 5611 1010 5669 dicenda
1039 5610 1283 5677 veniant,
1326 5609 1519 5664 eadem
1549 5618 1607 5663 et
1655 5618 1865 5663 natura:
1897 5622 2118 5665 accom-

544 5706 839 5763 modanda.
871 5702 1111 5760 lloccine
1142 5703 1195 5758 in
1224 5702 1475 5758 confesso
1502 5710 1608 5771 est,
1634 5714 1701 5758 an
1728 5700 1870 5757 non?

616 5795 775 5853 GEN.
817 5796 1051 5854 Omnino
1083 5798 1136 5853 id
1171 5796 1414 5867 quidem.

2216 4582 2501 4651 ὁμοούσιος
2538 4580 2690 4635 ἔσται
2743 4583 2837 4634 καὶ
2865 4582 3030 4646 αὐτὸς
3073 4583 3101 4636 ό
3127 4585 3321 4656 Πατὴρ
3348 4584 3426 4656 τῷ
3452 4586 3698 4658 σώματι,
3719 4587 3799 4661 τῷ

2217 4678 2282 4727 ἐκ
2339 4674 2443 4745 γῆς
2492 4676 2870 4747 γεγενημένῳ.
2930 4677 3044 4731 Καὶ
3088 4677 3141 4730 τί
3192 4678 3277 4731 ἔτι
3345 4679 3636 4751 μέμφεσθε
3687 4684 3801 4746 τοῖς

2217 4767 2545 4837 ’Δρειανοῖς,
2576 4766 2794 4836 λέγουσι
2827 4767 2920 4822 τὸν
2944 4768 3073 4822 Υίὸν
3100 4769 3333 4839 κτίσμα,
3355 4770 3609 4840 λέγοντες
3640 4774 3800 4830 αὐτοὶ

2217 4860 2313 4913 καὶ
2344 4859 2435 4913 τὸν
2472 4860 2690 4929 Πατέρα
2725 4860 3009 4932 ὁμοοὺσιον
3036 4864 3153 4926 τοῖς
3177 4865 3440 4934 κτίσμασι
3466 4882 3481 4930 ;

2300 4953 2358 5005 '0
2391 4951 2552 5007 ΚΑΘ.
2586 4953 2698 5007 Καὶ
2725 4955 2777 5006 τί
2804 4954 2944 5025 πρὸς
2974 4955 3123 5025 ἡμᾶς
3156 4956 3189 5027 ἡ
3221 4956 3416 5027 χρῆσις
3446 4956 3617 5028 αὕτη,
3652 4956 3806 5030 φιλό-

2221 5062 2387 5114 eoos;

2305 5139 2362 5189 Ὀ
2386 5138 2581 5193 ΘΕΩΡ.
2608 5137 2821 5209 Σφόδρα
2850 5138 3193 5194 καθάπτεται
3217 5139 3326 5192 τῶν
3358 5140 3640 5210 λεγόντων
3667 5143 3801 5216 μίαν

2220 5230 2383 5297 φύσιν
2411 5229 2506 5283 τοῦ
2532 5231 2708 5298 Λόγου
2731 5232 2822 5283 καὶ
2852 5229 2955 5301 τῆς
2982 5232 3205 5302 σαρκός.
3239 5233 3349 5286 Καὶ
3378 5233 3481 5302 ὅρα
3529 5234 3649 5296 πῶς
3672 5234 3806 5289 θαυ-

2223 5322 2433 5391 μασίως
2464 5324 2657 5377 πλέκει
2684 5324 2774 5377 τὸν
2803 5324 3163 5394 συλλογισμὸν
3197 5327 3253 5377 ἒν
3279 5326 3451 5397 τρίτῳ
3480 5327 3735 5399 σχήματι
3771 5326 3801 5380 ὁ

2221 5419 2277 5468 ὲν
2308 5417 2485 5487 ἁγίοις
2515 5417 2854 5480 Ἀθανάσιος.
2909 5418 3525 5491 Προομολογεῖταιγὰρ,
3569 5422 3659 5475 ὅτι
3704 5421 3803 5475 ὅσα

2220 5509 2351 5579 περὶ
2378 5508 2481 5578 τῆς
2527 5508 2717 5569 οὐσίας
2748 5508 3112 5579 λεχθήσεσθαι
3143 5509 3352 5580 μέλλει,
3393 5509 3567 5566 ταῦτα
3608 5513 3708 5567 xui.
3734 5512 3802 5584 τῇ

2220 5602 2381 5673 φύσει
2413 5601 2886 5673 προσαρμοστέον.
2928 5601 3315 5675 Ὧμολόγηται,
3345 5604 3380 5675 ἢ
3409 5604 3471 5659 οὔ
3500 5620 3516 5674 ;

2306 5788 2364 5840 '0
2399 5786 2554 5841 ΚΛΘ.
2596 5786 2743 5841 Πάνυ
2779 5786 2877 5858 μὲν
2906 5785 3018 5841 οὖν.
