4026 6296
342 382 440 447 137

1696 382 2159 446 DlSPUT-ATIO
2200 382 2226 440 ῐ

3506 379 3607 447 138

420 497 482 551 'O
515 497 715 550 ΘΕΩΡ.
762 499 1177 570 Μεταλάὁωμεν
1226 496 1679 571 [μεταϐάλωμεν]
1712 491 1807 551 οὖν
1857 495 1913 549 τὸ

2100 491 2363 551 TBEOB.
2421 493 2831 550 Commutemus
2861 507 2991 565 ergo
3025 492 3344 551 substantia:
3400 512 3600 555 nomen

334 590 433 661 τῆς
461 590 651 654 οὐσίας
699 592 871 663 ὄνομα
906 597 984 656 εἰς
1007 594 1068 647 τὸ
1098 596 1196 666 τῆς
1228 593 1465 663 φύσεως,
1514 592 1609 645 καὶ
1637 592 1918 660 εἴπωμενσ

336 684 398 738 Εἰ
446 687 698 757 ὁμοφυὴς
726 689 754 740 6
782 688 955 757 Λόγος
988 686 1065 758 τῷ
1115 688 1350 759 σώματι,
1378 688 1443 741 ἐκ
1483 690 1586 757 γῆς
1615 685 1793 757 ἔχοντι
1822 685 1921 755 τὴν

338 778 503 849 φύσιν
532 796 547 812 ·
602 782 851 851 ὀμοφυής
903 780 959 834 δὲ
1000 783 1028 835 6
1068 783 1243 851 Λόγος
1275 782 1356 852 τῷ
1386 782 1583 853 Πατρὶ,
1636 782 1777 834 κατὰ
1819 780 1920 849 τὴν

336 872 444 925 τῶν
495 874 757 944 Πατέρων
789 874 1103 945 ὁμολογίαν,
1161 874 1409 947 ὁμοφυὴς
1438 871 1594 928 ἔσται
1619 874 1714 926 καὶ
1758 872 1922 935 αὐτὸς

335 968 361 1019 ὁ
388 966 584 1038 Πατὴρ
610 968 686 1038 τῷ
716 967 954 1037 σώματι,
983 969 1060 1039 τῷ
1085 970 1149 1022 ἐκ
1176 970 1274 1037 τῆς
1297 968 1401 1037 γῆς
1427 966 1727 1035 γενομένῳ.
1754 965 1920 1017 ’Ὥστε

336 1058 447 1118 τοῖς
497 1054 752 1125 λέγουσιν
780 1058 1069 1128 ὁμοούσιον
1125 1056 1343 1129 (ταύτὸν
1375 1058 1431 1111 δὲ
1475 1058 1649 1110 εἰπεῖν
1680 1053 1920 1126 ὀμοφυῆ)

334 1144 427 1201 τὸν
467 1149 643 1219 Λόγον
673 1151 753 1225 τῷ
794 1152 1033 1223 σώματι,
1070 1150 1269 1206 ἕπεται
1299 1150 1381 1216 τὸ,
1438 1150 1530 1204 καὶ
1558 1150 1650 1202 τὸν
1702 1148 1920 1218 Πατέρα

334 1241 627 1309 ὁμοούσιον
662 1246 755 1297 καὶ
784 1246 1004 1315 ὁμοφυῆ
1029 1239 1173 1299 εἶναι
1216 1246 1294 1315 τῷ
1333 1244 1570 1315 σώματι.
1599 1238 1674 1297 Ob
1695 1242 1748 1295 τί
1789 1244 1916 1296 ἀτο-

335 1333 480 1385 πώτε
493 1351 587 1406 ρον
608 1354 621 1399 ;
640 1337 706 1388 Τί
721 1332 813 1389 οὖν
839 1341 903 1390 ὲκ
922 1337 1117 1390 τούτου
1135 1334 1229 1390 τοῦ
1255 1337 1518 1391 ἀδυνάτου
1540 1335 1918 1406 μανθάνομενς

344 1425 404 1481 Ὀ
430 1430 609 1497 Λόγος
634 1431 708 1501 τῷ
748 1432 961 1503 σώματι
980 1435 1079 1487 οὐκ
1121 1433 1268 1487 ἔστιν
1299 1433 1605 1503 ὁμοούσιος,
1638 1431 1761 1483 οὐδὲ
1787 1434 1920 1499 ὁμο-

334 1520 499 1589 φυής.
530 1521 591 1573 Εί
614 1523 668 1575 δὲ
691 1522 1111 1593 οὕτεομοούσιος
1139 1524 1262 1578 οὔτε
1286 1523 1529 1595 ὁμοφυὴς
1546 1522 1624 1591 τῷ
1653 1520 1864 1591 σώματι
1891 1519 1920 1571 6

330 1612 528 1677 Λόγος,
564 1614 747 1682 δῆλον,
781 1617 861 1669 ὅτι
890 1617 1232 1687 ἑτεροούσιος
1264 1622 1359 1670 καὶ
1388 1617 1712 1686 ἐτεροφυὴς,
1756 1614 1849 1666 καὶ
1871 1613 1920 1665 εί

332 1706 659 1777 ἑτεροιρυὴς,
717 1709 883 1779 ἑτέρα
934 1710 1155 1773 πάντως
1208 1710 1371 1779 φύσις
1424 1708 1517 1764 τοῦ
1569 1708 1770 1775 Λόγου,
1825 1703 1921 1757 καὶ

333 1796 497 1869 ἑτέρα
530 1800 630 1852 τοῦ
660 1800 937 1871 σώματος.
981 1805 1093 1856 Οὐκ
1124 1804 1234 1874 ἄρα
1265 1803 1366 1872 μία
1407 1802 1567 1871 φύσις
1602 1801 1630 1853 6
1664 1797 1920 1869 Χριστός·

2025 604 2145 643 cum
2176 599 2382 644 natura
2413 587 2695 653 vocabulo,
2732 595 2788 641 et
2818 587 3061 642 dicamus
3100 605 3114 641 :
3148 586 3204 642 Si
3244 589 3487 655 ejusdem
3520 598 3621 645 est-

2027 691 2232 734 naturze
2264 680 2459 739 Sermo
2487 693 2611 733 cum
2636 691 2889 747 corpore.
2917 677 2979 731 de
3007 686 3148 733 terra
3168 686 3420 733 naturam
3450 694 3607 749 suam

2026 774 2296 835 babente;
2331 774 2487 843 sique
2525 770 2720 827 Sermo
2743 772 2905 839 unius
2935 782 3019 827 est
3045 787 3166 825 cum
3190 771 3351 829 Patre
3380 784 3608 842 natura),

2019 868 2176 937 juxta
2208 864 2609 921 confessionem
2651 863 2873 921 Patrum
2903 882 2917 920 :
2948 864 3113 918 etiam
3153 864 3269 934 ipse
3299 861 3464 920 Pater
3497 866 3603 932 erit

2026 965 2268 1031 ejusdem
2311 976 2432 1016 cum
2471 974 2703 1029 corpore
2753 968 2974 1013 terreno
3023 967 3249 1013 naturae.
3285 956 3402 1023 Quo
3437 956 3520 1022 tit,
3553 966 3612 1012 ut

2024 1057 2185 1125 siqui
2224 1056 2432 1118 dicant,
2460 1052 2784 1109 Sermonem
2833 1052 3003 1107 unius
3047 1066 3169 1106 esse
3211 1066 3335 1106 cum
3379 1066 3610 1122 corpore

2026 1148 2343 1203 substantia:
2393 1145 2566 1215 (valet
2619 1153 2803 1200 autem
2850 1144 2957 1199 hoc
3014 1144 3372 1212 tantumdem,
3438 1160 3502 1200 ac
3559 1146 3607 1201 si

2025 1242 2198 1307 ιιίοιιε,
2252 1240 2493 1311 ejusdem
2539 1238 2806 1307 naturae).
2858 1246 3119 1307 sequatur
3152 1247 3206 1292 et
3238 1236 3455 1293 Patrem
3489 1234 3614 1293 esse

2024 1334 2184 1387 unius
2208 1348 2329 1387 cum
2362 1346 2590 1400 corpore
2617 1331 2938 1399 substantiae
2964 1346 3029 1387 ac
3066 1340 3307 1398 natum;
3340 1348 3447 1402 quo
3477 1332 3611 1401 quid

2026 1424 2359 1480 absurdius?
2381 1424 2519 1494 Quid
2550 1439 2681 1494 ergo
2709 1425 2775 1479 de
2810 1424 2913 1479 hoc
2945 1424 3270 1494 impossibili
3307 1424 3610 1480 discimus?

2027 1514 2221 1570 Sermo
2247 1529 2355 1569 non
2404 1523 2489 1569 est
2528 1515 2772 1582 ejusdem
2822 1523 2943 1569 cum
2986 1530 3217 1585 corpore
3266 1516 3604 1581 substantia},

2028 1626 2127 1664 nec
2153 1610 2396 1677 ejusdem
2434 1620 2664 1664 natura}.
2709 1607 2866 1675 Quod
2899 1610 2943 1665 si
2975 1607 3169 1665 Sermo
3219 1624 3318 1664 nec
3363 1610 3608 1680 ejusdem

2024 1712 2109 1759 est
2140 1718 2263 1757 cum
2294 1717 2522 1762 corpore
2565 1702 2908 1769 substantim,
2954 1717 3054 1757 nec
3098 1703 3338 1771 ejusdem
3375 1713 3605 1769 natura‘,

2024 1794 2244 1863 planum
2285 1803 2395 1857 est,
2440 1809 2568 1850 esse
2617 1794 2765 1847 illum
2795 1795 3120 1850 substantia:
3167 1807 3486 1867 natumque
3530 1788 3611 1853 di"

334 1890 393 1941 1·Ζί
421 1891 479 1944 δὲ
527 1893 622 1944 καὶ
670 1891 769 1963 τὴν
805 1895 1029 1966 πρώτην
1069 1897 1339 1966 πρότασιν
1368 1894 1464 1947 τοῦ
1499 1893 1643 1947 Θείου
1688 1891 1913 1944 Ἀθανα-

2024 1904 2217 1943 vet-san
2245 1886 2301 1942 Si
2337 1900 2547 1942 natura:
2578 1889 2829 1949 diversae.
2864 1889 3089 1942 oumino
3117 1889 3222 1943 alia
3253 1901 3445 1943 natura
3478 1890 3609 1945 Ser.

337 1980 479 2047 σίοῡ,
512 1982 588 2045 ὡς
643 1983 757 2054 ἔχει
792 1986 1106 2056 ἀκριϐείας,
1137 1988 1569 2056 κατανοήσωμεν
1608 1984 1910 2051 λέγουσαν·

336 2075 400 2126 Et
431 2077 723 2146 ὁμοούσιος
763 2081 792 2132 6
825 2082 995 2146 Λόγος
1032 2080 1108 2151 τῷ
1138 2082 1351 2151 σώματι
1381 2082 1445 2134 ἐκ
1477 2079 1577 2148 γῆς
1608 2077 1783 2149 ἔχοντι
1815 2075 1916 2145 τὴν

334 2169 520 2238 φύσιν,
556 2174 819 2241 μέγιστον
841 2177 1153 2245 εὑρήσομεν
1173 2174 1469 2246 θησαυρόν,
1500 2174 1576 2228 Οὐ
1607 2173 1786 2243 μάτην
1807 2170 1916 2240 γὰρ

331 2264 511 2315 κεῖται
544 2264 625 2331 τὸ,
671 2265 764 2322 Ἐκ
800 2269 909 2333 γῆς·
938 2266 1117 2336 ἔχοντι
1147 2268 1245 2339 τὴν
1282 2267 1466 2335 φύσιν.

332 2374 592 2415 accurate
626 2362 766 2419 facta
838 2368 931 2428 sit,

329 2463 415 2506 est
450 2470 463 2507 :
504 2456 578 2510 De
607 2467 753 2512 terra
793 2471 1040 2514 naturam
1098 2477 1249 2513 suam
1306 2462 1554 2514 habente.

418 2545 475 2597 '0
502 2548 663 2601 ΚΛΘ.
683 2548 986 2624 Ὀρθύτατα
1011 2552 1190 2619 λέγεις
1206 2566 1220 2581 ·
1249 2550 1365 2604 ἀλλ’
1385 2551 1509 2622 ἔχου
1529 2550 1623 2604 xci.
1649 2549 1755 2601 τῶν
1770 2546 1918 2617 ὲξῆς.

433 2640 475 2692 0
508 2640 704 2697 ΘΕΩΡ.
749 2643 982 2697 Ἐλοέτω
1018 2648 1109 2719 καῖε
1135 2647 1161 2698 6
1194 2645 1497 2713 ἀγιώτατος
1540 2645 1833 2718 Κύριλλος,
1867 2639 1912 2713 ᾧ

333 2734 539 2804 μὶλλον
584 2735 742 2805 ὑμεῖς
802 2738 1173 2809 ἐπερείδεσθε.
1228 2741 1602 2811 μαρτυρήσων
1628 2740 1705 2810 τῷ
1734 2741 1920 2811 λόγῳο

329 2827 390 2890 ὃς
417 2829 476 2880 ἐν
508 2829 607 2898 μὲν
634 2832 703 2900 τῇ
731 2831 924 2902 πρώτῃ
956 2832 1093 2902 πρὸς
1127 2832 1427 2886 Σούκενσον
1450 2831 1710 2903 ιπιστολῇ
1735 2832 1918 2899 λέγει·

328 2908 487 2971 Ἶσον
522 2916 632 2988 γάρ
667 2920 815 2973 ἐστιν
854 2922 935 2983 είς
981 2922 1215 2987 ἀτοπίας
1271 2921 1455 2991 λόγον,
1509 2922 1571 2976 τὸ
1602 2925 1797 2985 εἰπεῖν,
1832 2923 1915 2977 ὅτι

334 3003 650 3077 μετεϐλήθη
698 3008 758 3059 τὸ
794 3007 957 3079 σῶμα
1000 3012 1082 3074 είς
1131 3010 1384 3081 Θεότητος
1432 3011 1618 3082 φύσιν,
1656 3012 1753 3066 καὶ
1807 3014 1916 3083 μὴν

332 3100 583 3163 κάκεῖνο,
612 3101 697 3155 ὃτι
731 3102 1041 3176 μετεϐλήθη
1064 3105 1094 3157 6
1123 3105 1297 3175 Λόγος
1340 3105 1419 3168 είς
1460 3104 1557 3177 τὴν
1585 3105 1684 3177 τῆς
1709 3106 1915 3179 σαρκὸς

330 3191 522 3259 φύσιν.
555 3192 770 3265 Ὠσπερ
800 3194 909 3267 γὰρ
931 3197 1094 3251 τοῦτο
1142 3198 1427 3269 ἀμήχανον
1484 3183 1774 3273 (ἄτρεπτος
1803 3203 1913 3271 γὰρ

322 3286 431 3347 καὶ
479 3285 840 3353 ἁναλλοίωτός
872 3290 1043 3360 ἐστιν)
1084 3287 1228 3343 οὕτω
1252 3292 1344 3344 καὶ
1363 3291 1424 3344 τὸ
1445 3290 1656 3362 ἕτερον.
1705 3292 1780 3345 Ού
1805 3293 1915 3363 γάρ

329 3383 482 3431 ἐστιν
516 3379 598 3441 είς
635 3380 888 3453 θεότητος
929 3382 1094 3453 φύσιν
1138 3384 1532 3455 μεταχωρῆσαι
1562 3387 1613 3438 τί
1652 3386 1915 3440 δύνασθαι

328 3472 441 3526 τῶν
494 3473 816 3543 κτισμάτων
839 3491 854 3506 ο
890 3477 1098 3547 κτίσμα
1134 3477 1189 3531 δὲ
1224 3478 1320 3531 καὶ
1359 3480 1391 3548 ή
1438 3477 1594 3551 σάρξ.
1627 3480 1825 3547 Σαφῶς
1858 3483 1915 3535 ἃ

330 3566 429 3620 καὶ
453 3569 513 3619 ὲν
548 3571 614 3638 τῇ
650 3566 789 3639 πρὸς
826 3568 1083 3639 Εὑλόγιον
1110 3572 1395 3644 ἐπιστολῇ,
1424 3556 1605 3635 αὑτός
1627 3591 1686 3627 τε
1724 3575 1915 3645 ὁμολο-

328 3660 447 3728 γῶν
479 3660 583 3723 τὰς
615 3659 710 3713 δύο
736 3660 948 3730 φύσεις,
974 3666 1068 3717 καὶ
1099 3663 1206 3718 τῶν
1229 3666 1325 3736 τῆς
1343 3666 1633 3731 ’Δνατολῆς
1666 3666 1911 3736 ἁγιωτά-

327 3769 439 3806 των
488 3754 811 3807 ἐπισκόπων
860 3757 1237 3828 ὑπερμαχῶν,
1291 3760 1361 3812 τὰ
1419 3759 1562 3812 αὐτὰ
1618 3760 1910 3828 λεγόντων,

329 3845 498 3917 φησίν
521 3862 538 3878 ’
577 3848 1052 3919 Ἐπελαμῆἀνοντό
1082 3868 1229 3914 τινες
1270 3851 1370 3921 τῆς
1402 3852 1673 3916 ἐκθέσεως
1702 3848 1771 3921 ἦς
1814 3871 1914 3908 πε-

329 3938 590 4010 ποίηνται
617 3941 669 3992 οἱ
704 3941 1035 4006 ἁνατολικοὶ,
1059 3945 1153 3997 καί
1186 3961 1318 4012 φασι
1342 3962 1359 3977 ο
1400 3946 1555 3999 Διατί
1589 3946 1686 4000 δύο
1721 3948 1914 4016 φύσεις

327 4031 714 4102 ὀνομαζόντων
739 4033 1002 4105 ἠνέσχετο
1028 4035 1061 4108 ἢ
1099 4036 1368 4109 ἐπῄνεσεν
1397 4038 1425 4089 6
1469 4039 1909 4111 Ἀλεξανδρείανά

330 4126 443 4179 Καὶ
485 4127 607 4197 μετ’
662 4126 818 4196 ὀλίγα
853 4128 1019 4199 φησίν
1050 4127 1257 4189 ’,Οὕτω
1297 4131 1394 4185 xci.
1441 4131 1536 4186 ἐπὶ
1590 4132 1912 4207 Νεστορίου,

328 4218 435 4269 κᾶν
477 4217 632 4286 λέγει
657 4217 751 4271 δύο
790 4219 1006 4287 φύσεις,
1037 4218 1136 4292 τὴν
1170 4222 1440 4294 διαφορὰν
1492 4226 1781 4296 σημαίνειν
1816 4228 1913 4296 τῆς

329 4310 538 4381 σαρκὸς
586 4312 685 4364 καὶ
742 4312 836 4365 τοῦ
886 4313 1101 4383 Λόγου*
1155 4316 1344 4387 (ἑτέρα
1370 4317 1479 4387 γὰρ
1534 4320 1568 4389 ή
1601 4318 1697 4373 τοῦ
1734 4318 1913 4389 Λόγου

326 4403 516 4473 φύσις,
571 4404 669 4458 καὶ
708 4403 871 4478 ἐτέρα
917 4406 948 4477 ή
997 4406 1099 4477 τῆς
1147 4408 1373 4480 σαρκὸς)
1409 4409 1526 4462 ἀλλ’
1558 4411 1661 4464 οὐκ
1691 4411 1775 4465 ἔτι
1812 4415 1914 4485 τὴν

325 4498 525 4552 ἕνωσιν
553 4498 811 4569 ὁμολογεῖ
851 4501 970 4567 uel)‘
1018 4500 1177 4572 ήμῶν
1203 4514 1218 4529 ⁸
1265 4504 1427 4571 ήμεὶς
1473 4505 1580 4574 γὰρ
1609 4504 1913 4570 ἑνώσαντες

2028 1983 2204 2037 monis
2233 1992 2341 2046 est,
2387 1981 2491 2035 alia
2540 1978 2813 2048 corporis.
2847 1981 2961 2035 Non
3020 1998 3150 2050 ergo
3198 1982 3452 2039 Christus
3499 2000 3607 2040 una

2028 2084 2223 2128 natura
2277 2082 2382 2127 est.
2429 2072 2584 2138 Quod
2630 2073 2672 2126 si
2722 2070 2952 2141 primatu
2986 2075 3126 2128 hanc
3156 2076 3263 2128 divi
3324 2076 3609 2141 Athanasii

2029 2163 2447 2232 propositionem
2469 2179 2483 2216 :
2508 2160 2565 2215 Si
2603 2162 2795 2217 Sermo
2831 2163 2991 2217 unius
3017 2176 3101 2217 est
3132 2166 3453 2220 substantia'
3481 2182 3608 2220 cum

2024 2272 2257 2326 corpore
2300 2258 2365 2309 de
2405 2264 2550 2311 terra
2598 2266 2849 2309 naturam
2907 2272 3057 2310 suam
3118 2258 3387 2323 habente,
3444 2276 3607 2327 quam

1022 2369 1500 2436 peispexeriutus,
1571 2365 1867 2418 tuaximum
1940 2360 2254 2413 thesaurum
2293 2353 2649 2425 reperiemus.
2706 2351 2915 2424 Quippe
2969 2369 3073 2407 non
3136 2356 3333 2409 l’rustra
3367 2356 3603 2425 positum

2097 2539 2254 2598 SEN.
2305 2542 2631 2597 IiCCii~Sillle
2659 2544 2815 2597 dicis.
2846 2542 2953 2598 Sed
2984 2546 3213 2616 pergito.

2095 2633 2352 2689 THEOR.
2387 2635 2617 2689 Accedat
2648 2645 2707 2688 et
2724 2628 3098 2691 sanctissimus
3117 2637 3371 2705 Cyrillus.
3396 2642 3481 2696 cui
3511 2655 3607 2700 vos

2024 2731 2199 2799 magis
2234 2728 2553 2793 innitimini,
2580 2728 2949 2783 testimonium
2985 2731 3218 2785 orationi
3249 2744 3448 2788 nostra:
3480 2749 3605 2805 pero

2022 2822 2338 2887 hibiturns,
2374 2823 2465 2891 qui
2524 2822 2577 2875 in
2635 2821 2827 2891 priore
2866 2824 2933 2877 ad
2989 2814 3314 2880 Successum
3366 2829 3600 2897 epistola

2024 2916 2203 2983 inquit
2235 2933 2250 2973 :
2280 2914 2385 2970 Par
2409 2923 2515 2980 est,
2539 2916 2681 2984 quod
2713 2916 3106 2971 absurditatem
3144 2919 3360 2987 attinet,
3397 2924 3603 2992 dicere,

2022 3008 2164 3077 quod
2195 3022 2393 3076 corpus
2436 3008 2488 3060 in
2548 3006 2848 3062 divinitatis
2896 3017 3147 3063 naturam
3204 3023 3475 3070 mutatum
3506 3018 3601 3079 sit,

2021 3108 2076 3152 et
2105 3097 2366 3164 vicissim,
2396 3098 2541 3169 quod
2577 3098 2773 3154 Sermo
2822 3109 3067 3171 mutatus
3121 3102 3191 3157 sit
3239 3106 3290 3158 in
3344 3118 3595 3164 naturam

2021 3193 2225 3247 carnis;
2252 3192 2386 3247 Nam
2417 3193 2561 3248 sicut
2595 3193 2698 3248 hoc
2724 3192 2841 3249 ﬁeri
2878 3197 3084 3265 nequit,
3118 3213 3239 3253 cum
3273 3200 3386 3267 ipse
3409 3202 3603 3260 Sermo

2019 3287 2093 3342 sit
2137 3285 2603 3341 incommutabilis
2634 3297 2688 3340 et
2724 3286 3067 3342 al:erationis
3113 3303 3312 3360 expers
3348 3312 3362 3348 :
3394 3294 3477 3357 ita,
3501 3309 3603 3353 nco

2019 3380 2151 3432 illud
2184 3383 2437 3433 alterum.
2478 3376 2596 3433 Non
2641 3379 2786 3433 enim
2822 3389 3128 3434 creatorum
3183 3385 3477 3455 quidquam
3528 3390 3599 3442 sd

2020 3478 2274 3523 naturam
2306 3470 2611 3525 divinitatis
2643 3471 2878 3526 transire
2905 3482 3082 3541 potest
3101 3491 3121 3532 ι
3147 3484 3200 3528 et
3226 3492 3355 3531 caro
3379 3494 3601 3551 quoque

2020 3569 2274 3615 creatura
2306 3570 2409 3616 est.
2437 3559 2583 3617 idem
2613 3562 2905 3633 perspicue
2942 3565 2996 3619 in
3028 3565 3271 3636 Epistola
3307 3572 3373 3624 ad
3423 3573 3592 3628 Eulo-

2017 3656 2165 3725 gium
2194 3664 2301 3708 tam
2333 3670 2430 3724 per
2456 3669 2515 3711 se
2551 3664 2781 3712 naturas
2808 3656 2943 3713 duas
2972 3659 3257 3729 proii'tens,
3279 3679 3443 3733 quam
3471 3681 3615 3723 san--

2017 3736 2296 3803 etissimos
2335 3746 2577 3801 Orientis
2602 3748 2915 3820 episcopos,
2950 3750 3090 3807 idem
3126 3756 3427 3822 tradentes.
3466 3775 3595 3831 pros

2019 3856 2310 3910 pugnans:
2362 3836 2811 3912 Reprelieudunt,
2859 3845 2961 3910 ait,
3005 3848 3252 3905 nonnulli
3298 3848 3493 3911 factam
3528 3861 3595 3915 ait

2016 3935 2372 3989 orientalmus
2425 3935 2697 4005 episcopis
2747 3942 3143 4009 expositionem
3185 3945 3292 4000 :Et
3339 3961 3456 4016 cur,
3514 3951 3598 4005 εικ-

2016 4026 2247 4094 quiuut,
2303 4018 2397 4082 eos
2446 4042 2670 4085 naturas
2719 4030 2853 4092 duas
2898 4031 3144 4095 dicentes
3195 4037 3593 4109 Alexandrinus

2016 4121 2304 4191 episcomts
2338 4124 2481 4179 ferre
2513 4128 2708 4195 potuit,
2732 4140 2823 4182 aut
2860 4131 3150 4198 probavit?
3188 4134 3249 4189 Et
3286 4137 3444 4207 paulo
3473 4155 3593 4209 post

2018 4217 2233 4286 Subjicit
2268 4235 2283 4271 :
2318 4218 2408 4272 Sic
2459 4231 2514 4274 et
2560 4222 2609 4274 in
2645 4238 2808 4278 causa
2866 4224 3119 4293 Nestorii,
3177 4233 3426 4299 quamvis
3460 4233 3595 4292 duas

2018 4310 2267 4375 naturas,
2303 4312 2599 4367 discrimen
2638 4314 2819 4369 carnis
2845 4326 2897 4371 et
2932 4315 3213 4373 Sermonis
3257 4323 3591 4394 signiﬁcans,

2016 4402 2161 4455 dicat
2192 4404 2341 4475 (nam
2387 4405 2491 4459 alia
2543 4396 2733 4460 natura
2768 4409 3047 4465 Sermonis
3089 4424 3193 4479 est,
3223 4415 3326 4472 alia
3362 4421 3592 4493 carnis),

2018 4495 2270 4551 unionem
2312 4509 2489 4553 tamen
2521 4501 2804 4556 nobiscum
2836 4519 2940 4559 non
2969 4508 3283 4564 conlitetur.
3310 4509 3418 4565 Nos
3445 4516 3591 4572 enim

326 4592 506 4647 ταῦτα
535 4588 938 4667 [ταύτας],ἓνα
972 4596 1236 4665 Χριστὸν,
1267 4596 1365 4650 ἕνα
1400 4597 1545 4664 Υίὸν,
1573 4596 1670 4651 ἕνα
1704 4598 1910 4669 Κύριον

2020 4586 2103 4641 llis
2141 4587 2329 4652 unitis,
2366 4605 2529 4643 unum
2558 4591 2861 4662 Christum,
2920 4612 3087 4652 unum
3144 4599 3362 4669 Filium,
3425 4621 3591 4663 unum

326 4683 743 4759 ὁμολογοῦμεν
797 4689 890 4740 καὶ
944 4687 1150 4754 λοιπον,
1202 4689 1332 4758 μίαν
1388 4688 1553 4757 φύσιν
1604 4688 1700 4745 τοῦ
1734 4690 1910 4759 Λόγου

329 4779 788 4851 σεσαρκωμένην.
824 4780 933 4835 Καὶ
963 4780 1080 4850 μετ’
1104 4781 1286 4859 ὀλίγον
1305 4799 1321 4816 ο
1353 4783 1566 4837 Οὐκοῦν
1601 4784 1662 4839 οὐ
1690 4786 1751 4837 τὸ
1772 4785 1914 4839 εἰδέ-

326 4890 416 4927 ναι
444 4874 558 4927 τῶν
586 4874 683 4926 δύο
714 4873 930 4942 φύσεων
960 4874 1057 4945 τὴν
1088 4874 1379 4944 διαφορὰν,
1402 4876 1630 4947 τέμνειν
1654 4877 1804 4932 ἐστὶν
1830 4879 1913 4942 είς

325 4966 419 5019 δύο
444 4968 538 5019 τὸν
575 4967 677 5021 ἕνα
719 4968 977 5037 Χριστόν.
1020 4968 1129 5021 Καὶ
1166 4969 1281 5038 μεθ’
1313 4968 1536 5041 ἕτερον·
1570 4971 1809 5025 Κάκεῖνο
1851 4972 1910 5026 δὲ

328 5060 406 5131 μὴ
432 5060 805 5129 ἀγνοείτωσαν
828 5075 841 5088 ·
877 5061 1052 5114 Ὅπου
1084 5062 1192 5133 γὰρ
1249 5062 1386 5126 ὅλως
1418 5062 1612 5127 ἕνωσις
1644 5066 1910 5135 ὀνομάζε-

324 5167 437 5214 ται.
468 5152 572 5224 οὐχ
618 5152 737 5215 ἐνὸς
769 5155 1095 5224 πράγματος
1144 5155 1475 5225 σημαίνεται
1508 5157 1748 5225 σύνοδος,
1791 5156 1912 5212 ἀλλ’

326 5242 359 5314 ἢ
389 5243 508 5309 δύο,
541 5244 575 5315 ἢ
608 5246 705 5298 καὶ
745 5244 1009 5298 πλειόνων
1056 5246 1151 5300 καὶ
1177 5246 1453 5319 διαφὲρων
1483 5248 1735 5320 ἀλλήλοις
1768 5252 1909 5305 κατὰ

324 5339 512 5404 φύσιν.
560 5338 620 5389 '0
665 5337 846 5391 τοίνυν
879 5338 1051 5407 λέγων
1102 5340 1320 5401 ἕνωσιν.
1375 5340 1621 5409 δηλονότι
1678 5345 1906 5415 σαρκὸς,

322 5412 752 5503 ἐμψύχουμὲνης
784 5432 1008 5502 νοερῶς,
1061 5434 1154 5488 καὶ
1186 5433 1387 5504 Λόγου,
1439 5435 1535 5487 καὶ
1580 5436 1629 5487 oi
1683 5412 1779 5489 δύο
1818 5435 1905 5491 λέ-

320 5528 529 5589 γοντες
578 5522 798 5593 φύσεις,
847 5523 992 5577 οὓτω
1038 5524 1244 5579 νοοῦσι.
1301 5525 1448 5597 Πλὴν
1499 5527 1601 5595 τῆς
1655 5528 1906 5592 ὲνώσεως

320 5616 795 5688 ὁμολογουμένης,
823 5619 1011 5669 οὐκέτι
1041 5618 1343 5671 διίστανται
1383 5619 1629 5691 ἀλλήλων
1672 5621 1741 5673 τὰ
1770 5622 1904 5674 ἐνω-

320 5708 505 5775 θεντα,
562 5706 678 5761 ἀλλ’
729 5702 810 5770 εἷς
853 5708 1042 5761 λοιπὸν
1085 5710 1233 5775 Υἱὸς,
1271 5711 1370 5780 μία
1406 5710 1570 5779 φύσις
1601 5710 1765 5765 αὑτοῦ
1804 5712 1900 5765 τοῦ

323 5800 701 5871 σαρκωθέντυς
746 5787 944 5868 Λόγου.
964 5803 1095 5857 Ἰδοὺ
1138 5805 1321 5873 σαφῶς
1376 5806 1433 5857 ὲν
1464 5804 1677 5867 τούτοις
1726 5807 1753 5857 6
1799 5805 1903 5875 τῆς

321 5894 472 5959 θείας
507 5897 729 5965 μνήμης
762 5895 953 5967 Πατὴρ
985 5898 1143 5967 ἡμῶν
1171 5898 1459 5968 Κύριλλος,
1483 5898 1545 5953 οὐ
1580 5902 1641 5952 τὸ
1669 5898 1897 5965 εἰδέναι,

565 5989 840 6051 Parium.
880 5990 997 6049 Gs.
1060 5992 1383 6057 CXXXIII.

2016 4676 2300 4734 Dominum
2355 4682 2679 4738 conﬁtemur
2727 4702 2740 4740 :
2795 4702 2959 4743 unam
3040 4691 3277 4766 denique
3340 4705 3593 4757 naturam

2019 4771 2301 4829 Sermonis
2334 4775 2697 4833 incantatam.
2726 4782 2801 4834 Ae
2832 4781 2993 4851 paulo
3025 4766 3146 4852 post
3172 4803 3187 4840 :
3218 4787 3401 4857 Itaque
3430 4806 3596 4848 nosse

2016 4875 2338 4923 naturarum
2380 4872 2605 4924 duarum
2636 4874 2954 4941 discrimen,
2982 4891 3089 4932 non
3115 4889 3197 4933 est
3231 4896 3396 4936 unum
3433 4884 3591 4941 Cliri-o

2013 4972 2155 5014 Stum
2184 4961 2239 5014 in
2277 4962 2384 5016 duo
2424 4979 2631 5019 secare.
2682 4964 2921 5021 Rursum
2958 4979 3076 5039 post
3122 4972 3225 5026 alia
3261 4992 3275 5029 :
3309 4973 3419 5031 Nec
3458 4977 3589 5034 illud

2018 5053 2272 5123 ignorent
2305 5073 2319 5110 :
2354 5055 2676 5127 Ubicunque
2718 5060 2789 5113 sit
2839 5062 3053 5117 unionis
3099 5066 3322 5121 omnino
3360 5072 3586 5145 tt'enlio,

2011 5162 2119 5200 non
2157 5147 2315 5203 unius
2345 5149 2418 5203 rei
2455 5150 2619 5204 coitio
2651 5151 3025 5221 signiﬁcatur;
3063 5160 3157 5211 sed
3207 5160 3288 5213 vel
3335 5161 3585 5232 duarum,

2009 5242 2092 5295 vel
2123 5241 2379 5309 plurium,
2408 5252 2465 5305 ct
2496 5243 2637 5298 inter
2666 5260 2725 5299 se
2766 5257 2959 5301 natura
2995 5249 3447 5320 discrepantium.
3484 5256 3589 5323 Qui

2008 5345 2139 5401 ergo
2184 5331 2316 5387 dicit
2358 5335 2630 5399 unionem,
2686 5336 2939 5392 videlicet
2987 5342 3167 5395 carnis
3218 5345 3474 5402 animatae
3521 5364 3587 5403 ac

2010 5432 2192 5481 mente
2239 5426 2500 5496 prmditaa,
2537 5443 2658 5483 cum
2695 5430 2997 5501 Sermone;
3031 5439 3233 5504 quique
3263 5440 3397 5494 duas
3429 5451 3588 5496 natu-

2008 5533 2098 5572 ras
2126 5518 2310 5573 dicunt
2353 5536 2366 5572 :
2399 5534 2584 5576 eorum
2631 5523 2743 5578 luce
2774 5540 2928 5580 mens
2975 5539 3059 5581 est
3106 5538 3270 5597 atque
3295 5536 3581 5603 sententia.

2009 5610 2209 5667 Verum
2247 5606 2598 5683 posteaquam
2649 5618 2903 5673 unionem
2940 5620 3179 5677 confessi
3211 5638 3422 5689 sumus,
3470 5642 3584 5684 nun

2006 5701 2237 5771 amplius
2274 5720 2302 5757 a
2348 5718 2409 5758 se
2455 5704 2685 5762 invicem
2736 5710 2889 5765 unita
2941 5709 3285 5784 discrepant;
3320 5718 3412 5771 sed
3443 5732 3586 5775 unus

2007 5795 2455 5861 deincepsFilius
2486 5810 2589 5865 est,
2626 5815 2732 5854 una
2764 5800 3044 5858 Sermonis
3068 5805 3335 5863 incarnati
3362 5818 3582 5869 natura.

2007 5888 2148 5945 Ecce
2187 5890 2241 5944 in
2290 5890 2375 5945 liis
2422 5890 2560 5947 divae
2589 5896 2867 5951 memoria:
2920 5896 3157 5968 Cyrillus
3213 5911 3400 5970 aperte
3452 5904 3584 5963 dicit

3221 5990 3254 6052 5
