4028 6288
602 326 718 395 143

2030 328 2187 392 THE

2299 332 2469 393 IANI
3764 339 3851 404 144

606 457 791 501 tatem.
822 440 1091 499 divinitati
1157 440 1412 510 equidem
1451 438 1712 507 attrihno,
1769 451 2011 495 creatum
2064 458 2188 498 vero

2298 443 2373 514 τῷ
2404 441 2692 500 Βασιλείςω
2742 440 2934 514 βιϐλίῳ
2958 440 3079 513 Ικαί
3116 441 3176 497 τὸ
3210 441 3495 497 Βασιλείου
3531 442 3730 520 βιϐλίον
3751 451 3843 521 τδι.

611 542 908 593 humanam
963 536 1029 590 ad
1086 528 1336 590 naturam
1371 530 1681 588 referimus.
1738 532 2024 589 Audistine
2081 548 2189 603 quo

608 643 767 703 pacto
801 642 857 686 et
890 632 978 685 hic
1011 629 1227 686 divinus
1261 629 1349 682 vir
1374 628 1540 692 dicat,
1569 626 1678 682 duo
1725 643 1822 682 nos
1857 627 1926 682 de
1972 626 2190 682 Christo

602 738 934 795 agnoscere,
958 724 1058 778 hoc
1086 712 1355 784 divinum,
1390 720 1520 774 illud
1570 720 1909 774 humanum?
1964 720 2187 787 Deinde,

607 834 773 874 unum
807 825 998 871 natura
1032 814 1299 879 divinum,
1334 816 1535 883 inquit.
1571 814 1633 867 Et
1676 829 1999 884 progressus
2049 813 2189 867 ulte-

607 912 770 967 rius-z
807 909 1086 973 Creatum,
1125 908 1226 975 ait,
1263 908 1555 961 humanam
1591 907 1656 960 ad
1702 893 1950 961 naturam
1982 906 2189 959 referi-

606 1024 749 1063 mus.
783 1005 921 1062 Ecce
953 1005 1191 1060 divinam
1220 1004 1272 1056 in
1306 1001 1527 1057 Christo
1553 1011 1831 1065 naturam,
1856 1009 2188 1055 donaturam

608 1098 901 1156 humanam
926 1098 1216 1153 manifeste
1242 1096 1555 1152 confitetur.
1580 1093 1719 1161 Quin
1753 1104 1807 1148 et
1838 1093 2023 1148 Basilii
2053 1092 2191 1148 liber

606 1197 871 1249 adversus
902 1190 1228 1246 Eunomium
1283 1188 1554 1257 scriptus,
1586 1188 1778 1241 eadem
1820 1186 2042 1248 docens,
2077 1186 2190 1238 hac

604 1286 770 1341 verba
815 1284 1058 1338 continet
1094 1300 1106 1336 :
1141 1281 1492 1335 Mediatorem
1547 1280 1697 1333 illurn
1749 1278 1846 1333 Dei
1895 1289 1949 1333 et
2011 1280 2187 1332 Immi-

606 1395 760 1444 num,
789 1378 930 1434 sicut
954 1391 983 1430 a
1014 1390 1211 1446 magno
1242 1375 1334 1429 illo
1368 1373 1630 1444 Apostoio
1656 1372 2021 1443 appellatur”,
2056 1372 2188 1436 nihil

606 1475 677 1526 ita
717 1472 1079 1534 demonstrat,
1122 1480 1178 1521 ut
1211 1466 1331 1521 Filii
1381 1482 1578 1522 nomen
1613 1467 1828 1536 utrique
1850 1476 2078 1531 naturae,
2102 1465 2186 1521 di-

607 1570 748 1621 vinae
778 1579 843 1619 ac
889 1565 1159 1627 humanas,
1193 1576 1257 1614 ex
1290 1575 1447 1629 aequo
1492 1559 1989 1613 accommodatum.
2040 1557 2188 1613 ldem

605 1664 750 1718 enim
776 1673 830 1718 et
865 1660 957 1715 Dei
1003 1658 1174 1714 Filius
1219 1668 1337 1724 est,
1376 1668 1426 1711 et
1455 1655 1624 1712 Filius
1661 1656 1897 1711 hominis
1930 1670 2025 1725 per
2069 1655 2188 1711 dis-

606 1755 983 1827 pensationem
1025 1749 1203 1806 factns
1252 1761 1354 1806 est.
1390 1750 1579 1816 Vides,
1627 1749 1704 1803 uti
1750 1749 1886 1805 duas
1941 1757 2188 1815 naturas,

607 1851 845 1907 divinam
874 1857 930 1902 et
952 1846 1275 1911 humanam,
1301 1842 1628 1899 confitetur?
1655 1842 1855 1898 Eadem
1897 1841 2188 1896 facientem

607 1945 793 1997 videre
828 1943 955 1995 licet
1008 1940 1063 1992 in
1114 1946 1311 2006 quarto
1360 1936 1604 1998 ejusdem
1660 1933 1971 2001 argumenti
2022 1932 2185 1998 libro,

608 2036 699 2090 uhi
737 2037 847 2087 hac
878 2033 1041 2086 verba
1074 2041 1240 2085 sunt:
1272 2029 1484 2099 Ubique
1522 2025 2012 2099 temperamentum
2045 2026 2185 2097 ejus,

608 2129 751 2200 quod
784 2129 1081 2182 humanum
1117 2134 1234 2191 est,
1267 2138 1388 2178 cum
1423 2123 1513 2178 illo
1546 2123 1689 2194 quod
1733 2122 1995 2186 divinum,
2044 2138 2186 2194 pra:-

609 2224 798 2276 dieaus
852 2216 1146 2287 Apostolus
1204 2214 1560 2271 nihilominus
1619 2216 1671 2268 itt
1723 2226 1986 2284 utroque,
2041 2215 2188 2285 quod

607 2314 801 2383 cuique
828 2312 1109 2383 proprium
1145 2321 1251 2373 est,
1286 2310 1572 2379 perspicit.
1622 2307 1720 2365 llic
1769 2320 1825 2365 et
1860 2312 1923 2364 de
1972 2312 2034 2365 iis
2066 2326 2187 2380 qua:

606 2407 825 2476 utrique
874 2415 1080 2459 naturae
1134 2404 1353 2473 pr0pria
1397 2412 1545 2469 sunt,
1589 2402 1786 2470 tradit;
1846 2402 2011 2457 veluti
2066 2419 2188 2473 qua:

608 2513 798 2569 reapse
833 2498 964 2561 sint,
1004 2508 1058 2550 et
1092 2496 1256 2549 animi
1309 2497 1756 2553 consideratione
1789 2499 2182 2568 percipiantur.

2289 535 2373 604 τῷ
2419 536 2563 606 πρὸς
2618 537 2712 589 τὸν
2752 535 3022 607 Εὐνόμιον
3067 536 3139 589 τὰ
3184 537 3325 590 αὐτὰ
3371 536 3642 602 διδάσκον,
3693 546 3847 611 φησί’

2294 631 2398 685 Τδν
2432 631 2662 703 μεσίτην
2686 630 2825 685 Θεοῦ
2855 633 2950 695 καὶ
2983 630 3291 702 ἀνθρώπων
3322 630 3510 695 δἀθὼς
3539 631 3851 704 ὠνόμασενό

2293 726 2471 796 μέγας
2503 726 2826 791 ἀπόστολος,
2864 725 3019 779 οὐδὲν
3061 722 3239 788 οὕτως
3267 723 3343 791 ὼς
3382 725 3444 779 τὸ
3466 724 3562 778 τοῦ
3600 725 3723 789 Υἱοῦ
3748 728 3847 779 δεῖ.

2291 836 2481 873 κνυσιν
2525 818 2721 888 ὅνομα,
2747 818 3012 891 τὲκατέρᾳ
3041 819 3107 889 τῇ
3164 818 3362 887 φύσει,
3404 821 3472 890 τῇ
3509 816 3630 888 θείᾳ
3669 836 3725 873 τε
3769 823 3852 874 καὶ

2292 912 2632 984 ἀνθρωπίνῃ,
2664 916 2806 965 κατὰ
2834 910 2926 965 τὸν
2972 908 3087 965 ῐσον
3143 911 3616 983 ὲφαρμοζόμενον.
3667 911 3722 965 '0
3756 913 3853 984 γὰρ

2290 1005 2457 1069 αὐτὸς
2493 1004 2591 1058 καί
2615 1004 2752 1057 Θεοῦ
2782 1004 2912 1069 ru;
2938 1004 3079 1068 ἐστι,
3135 1005 3231 1057 καὶ
3257 1002 3383 1066 Υίὸς
3420 1004 3709 1074 ἀνθρώπου
3742 1005 3857 1058 κατ’

2288 1100 2606 1170 οἰκονομίαν
2639 1100 2879 1167 ἐγένετο.
2919 1098 3084 1170 Ὀρᾷς
3117 1098 3238 1162 πῶς
3265 1097 3361 1151 δύο
3388 1097 3601 1166 φύσεις,
3632 1096 3776 1151 θείαν
3800 1115 3855 1151 τε

2294 1191 2385 1253 καὶ
2406 1190 2793 1262 ίανθρωπίνην
2842 1189 3143 1260 ὁμολογεῖς
3192 1189 3274 1243 Τὰ
3314 1189 3362 1241 δ’
3391 1190 3531 1242 αὐτὰ
3562 1190 3857 1259 πράττοντα

2293 1288 2395 1338 κάν
2424 1284 2502 1355 τῷ
2530 1286 2781 1355 τετάρτῳ
2828 1284 2970 1354 λόγῳ
3016 1283 3117 1354 τῆς
3147 1282 3324 1352 αὐτῆς
3362 1283 3749 1353 πραγματείας
3780 1280 3859 1346 ἐξ-

2293 1393 2445 1429 εστιν
2496 1376 2661 1429 αὐτὸν
2708 1375 3010 1447 θεωρῆσαι.
3050 1374 3335 1445 Πανταιχοῦ
3387 1374 3516 1442 γὰρ,
3576 1374 3726 1444 φησι,
3769 1371 3859 1442 τὴν

2289 1466 2386 1520 τοῦ
2411 1467 2761 1540 ἀνθρωπίνου
2792 1467 2927 1537 πρὸς
2954 1466 3016 1521 τὸ
3042 1466 3190 1520 θεῖον
3224 1466 3532 1532 ἁνάκρασιν
3563 1466 3591 1518 6
3615 1466 3858 1518 ’Δπόστο-

2289 1560 2377 1623 λος
2406 1561 2723 1631 κηρύσσων,
2746 1560 2901 1613 οὐδὲν
2926 1554 3090 1631 ἦττον
3122 1560 3182 1611 ὲν
3208 1558 3457 1629 ἑκατέρῳ
3487 1558 3547 1611 τὸ
3576 1557 3706 1609 ἴδιον
3734 1556 3861 1610 καθ-

2289 1658 2412 1729 ορᾷ.
2449 1656 2717 1710 Ἐνταῦθα
2744 1658 2839 1709 καὶ
2869 1656 3000 1724 περί
3029 1654 3136 1708 τῶν
3168 1654 3317 1707 ἰδίων
3344 1653 3617 1722 ἑκατέρας
3656 1649 3863 1721 φύσεως

2297 1753 2429 1821 ἡμῖν
2466 1750 2787 1814 διετάξατο,
2836 1748 2911 1811 ὠς
2957 1748 3316 1818 ὑπαρχόντων
3346 1764 3405 1800 τε
3447 1745 3638 1816 καὶῖτῇ
3669 1744 3867 1815 θεωρίᾳ

2297 1847 2752 1917 λαμϐανομένων.
2787 1842 2921 1899 Εἶτα
2948 1842 3179 1915 προῖὼν,
3210 1844 3327 1913 μετ’
3350 1841 3532 1909 ὀλίγον
3561 1841 3696 1910 φησί
3720 1856 3734 1870 ο
3768 1839 3869 1892 Καὶ

2300 1941 2371 2005 ὡς
2395 1941 2462 1996 ἂν
2487 1940 2562 2011 μή
2594 1957 2678 2003 τις
2708 1942 2773 2011 τῇ
2807 1939 3032 2010 ἀκράτῳ
3065 1936 3227 2006 φύσει
3258 1937 3319 1989 τὸ
3344 1936 3487 1989 κατὰ
3514 1934 3608 1987 τὸν
3642 1936 3868 2003 σταυρὸν

2297 2033 2468 2097 πάθος
2530 2032 2938 2105 προστρίὸοιτο,
3007 2031 3076 2086 δι’
3126 2032 3333 2101 ἑτέρων
3390 2028 3743 2099 τρανὼτερον
3778 2025 3870 2094 τὴν

2297 2127 2556 2198 τοιαύτην
2584 2125 2991 2199 ἐπανορθοῦται
3028 2124 3263 2195 πλάνην,
3294 2124 3521 2194 μεσίτην
3552 2123 3717 2175 αὐτον
3738 2117 3872 2173 Θεοῦ

2295 2224 2390 2276 καὶ
2424 2222 2755 2292 ἀνθρώπων,
2799 2221 2896 2273 καὶ
2922 2218 3057 2272 Θεὸν
3101 2217 3409 2289 ὀνομάζων,
3458 2217 3547 2271 ίνα
3578 2218 3645 2269 ἔκ
3674 2213 3771 2268 τοῦ
3808 2212 3873 2266 τὰ

2294 2317 2389 2371 δύο
2414 2317 2543 2387 περὶ
2574 2315 2634 2369 τὸ
2665 2314 2724 2367 ἓν
2756 2313 3050 2382 λέγεσθαι,
3082 2312 3144 2366 τὸ
3178 2313 3493 2383 πρόσφορον
3535 2312 3715 2365 vostro
3753 2311 3881 2380 περί

2295 2411 2581 2479 ἑκάτερον.
2615 2407 2943 2475 Σαφέστατα
2978 2405 3217 2461 ἐνταῦθα
3246 2405 3341 2459 δύο
3373 2406 3504 2478 περί
3546 2406 3608 2458 τὸ
3644 2403 3706 2457 ἒν
3726 2404 3880 2470 λέγε-

2296 2505 2421 2556 σθαι
2450 2500 2605 2573 φησί,
2637 2501 2880 2571 δηλονότι
2911 2498 3130 2568 φύσεις.

608 2592 744 2649 Hinc
773 2591 931 2663 paulo
958 2600 1078 2661 post
1120 2590 1344 2661 subjicit
1382 2590 1507 2647 :Ac
1539 2605 1606 2646 ne
1635 2591 1757 2661 quis
1798 2604 2008 2649 natura:
2041 2599 2454 2664 temperamenti
2506 2597 2718 2666 experti
2780 2596 3085 2665 passionem
3141 2593 3194 2647 in
3249 2608 3416 2648 cruce
3459 2592 3751 2656 attribuat,
3791 2606 3884 2662 per

606 2686 711 2740 alia
758 2681 956 2741 clarius
997 2690 1239 2740 et‘rorem
1276 2685 1584 2757 huiusmodi
1615 2688 1863 2757 corrigit,
1891 2687 2244 2745 Mediatorem
2285 2708 2408 2746 eum
2443 2692 2534 2746 Dei
2572 2703 2627 2747 et
2660 2692 2962 2755 hominum,
3018 2699 3074 2743 et
3104 2689 3269 2743 Deum
3305 2689 3593 2759 appellans
3627 2700 3713 2751 ut,
3753 2700 3888 2756 quo-

609 2782 755 2836 niam
828 2780 934 2834 duo
972 2780 1038 2833 de
1088 2793 1197 2833 uno
1228 2779 1503 2845 dicantur,
1555 2780 1624 2836 de
1680 2772 1913 2852 utquue
1962 2785 2106 2854 quod
2141 2787 2357 2854 utrique
2398 2790 2679 2856 competit,
2716 2787 3067 2856 intelligatur.
3124 2783 3223 2838 Hic
3272 2783 3621 2855 apertissime
3676 2783 3789 2838 duo
3821 2781 3887 2833 de

607 2891 715 2930 uno
748 2873 854 2928 dici
891 2873 1172 2942 praedicat,
1201 2873 1457 2928 nimirum
1492 2886 1722 2930 naturas
1750 2879 1906 2931 duas.

678 2966 942 3021 Similiter
996 2974 1049 3018 et
1095 2965 1149 3019 in
1184 2966 1436 3020 oratione
1490 2966 1557 3021 de
1591 2966 1732 3023 Filio
1771 2971 2033 3039 secunda,
2072 2955 2191 3027 cti-

609 3060 721 3113 rius
771 3058 910 3116 idem
969 3061 1192 3113 duarum
1232 3066 1548 3114 naturarum
1588 3062 1969 3134 proprietates,
2024 3068 2186 3121 etiam

607 3161 728 3219 post
782 3146 1109 3206 ineﬁ‘ahilem
1172 3150 1317 3206 illam
1374 3154 1823 3219 evacuationem,
1903 3159 2082 3214 salvas
2132 3170 2188 3215 et

606 3244 851 3313 integras
916 3253 1038 3295 esse
1091 3242 1257 3296 tradit
1291 3255 1307 3295 :
1341 3239 1645 3307 Credimus,
1681 3242 1876 3312 inquit,
1934 3246 1985 3298 in
2020 3263 2182 3300 unum

2382 2974 2617 3046 Ὁμοίως
2672 2974 2729 3028 δὲ
2786 2975 2891 3028 κάν
2920 2973 2998 3045 τῷ
3030 2975 3275 3047 δευτέρῳ
3318 2973 3463 3047 λόγῳ
3511 2976 3647 3051 περὶ
3684 2974 3824 3028 Υίοῦ
3860 2976 3890 3029 6

2295 3078 2460 3140 αὐτὸς
2496 3077 2836 3146 σαφέστερον
2882 3075 3016 3144 ἡμῖν
3057 3073 3167 3125 τῶν
3198 3072 3292 3125 δύο
3337 3072 3563 3141 φύσεων
3620 3073 3701 3129 τὰ
3751 3068 3892 3125 ἰδιώο

2299 3185 2445 3239 ματα
2478 3164 2754 3230 σώζεσθαι
2797 3164 3137 3235 παραδῶωσι
3170 3164 3264 3216 καὶ
3295 3165 3434 3233 μετὰ
3463 3164 3565 3234 τὴν
3597 3164 3892 3234 ἄφραστον

2296 3245 2549 3316 κένωσιν.
2582 3261 2925 3331 Πιστεύομεν
2951 3262 3058 3333 γὰρ
3109 3262 3188 3323 εἰς
3219 3260 3316 3312 ἐνα
3350 3260 3511 3323 Θεὸν,
3556 3262 3725 3329 φησὶ,
3778 3254 3892 3311 lla-

610 3309 777 3388 Deuin
858 3329 1072 3388 Patrem
1130 3331 1462 3401 ingenitum,
1544 3342 1598 3386 et
1661 3332 1714 3387 itt
1756 3309 1931 3387 imum
1992 3335 2186 3391 Filittnt

2298 3309 2549 3316 ~--—----
2582 3309 2916 3331 ---v-n~r~—-
2962 3309 3052 3333 ,υτ
3110 3309 3187 3323 υτ
3224 3309 3314 3312 -τ-
3493 3309 3510 3323 ν
3565 3309 3725 3329 ηπ,
3780 3309 3819 3311 η

2298 3358 2428 3424 τέρα
2465 3354 2786 3424 ἀγέννητον,
2818 3352 2915 3406 καί
2945 3355 3024 3415 εἰς
3056 3352 3155 3406 ἕνα
3188 3352 3455 3422 γεννητὸν
3496 3353 3633 3405 Υίζν
3676 3349 3897 3424 Ἰησοῦν

606 3428 847 3498 genitum
916 3423 1100 3478 Jesutn
1155 3424 1482 3489 Christum,
1553 3426 1794 3494 ejusdem
1877 3430 2193 3483 substantize

606 3533 731 3576 cum
786 3514 949 3571 Patre
1016 3517 1311 3570 secundum
1369 3516 1735 3583 divinitatem,
1792 3530 1846 3573 et
1904 3521 2189 3574 uoltiscunt

608 3614 907 3669 secundum
948 3627 1167 3666 carnem
1223 3629 1239 3667 :
1284 3627 1397 3667 non
1447 3613 1601 3679 duos,
1649 3617 1741 3668 sed
1776 3630 1938 3668 unum
1974 3617 2189 3683 l-‘ilium,

608 3706 774 3783 salvis
828 3716 1147 3759 naturarum
1212 3706 1659 3775 proprietatibus.
1695 3707 1833 3772 Quin
1862 3718 1914 3763 et
1968 3692 2192 3776 magnus

608 3800 949 3867 Ambrosius,
992 3800 1477 3858 Mediolattensittm
1550 3802 1812 3872 pontifex,
1863 3805 1928 3857 ad
1990 3804 2193 3874 Apolli-

606 3894 821 3951 narium
847 3894 1112 3959 scribens,
1138 3896 1218 3948 sic
1239 3896 1313 3947 ait
1342 3911 1357 3949 :
1386 3894 1681 3949 Discrimen
1711 3896 1892 3950 t'al'ttis
1915 3910 1967 3951 et
1990 3899 2189 3952 divini-

609 3988 737 4041 tatis
796 4001 1097 4041 seivemtts.
1140 3986 1289 4042 Unus
1347 3988 1399 4041 iu
1451 3997 1683 4055 utroque
1715 3980 1952 4058 loquitur
1999 3989 2188 4055 Filius,

607 4078 866 4150 quoniam
917 4087 1146 4149 utraque
1182 4088 1381 4133 natura
1427 4083 1481 4135 in
1518 4082 1635 4149 ipso
1682 4092 1763 4136 est
1798 4098 1813 4137 :
1845 4068 2193 4138 verumlicet

613 4174 752 4224 idem
810 4169 1081 4237 loquatur,
1148 4186 1249 4224 non
1308 4186 1415 4224 uno
1480 4182 1655 4227 tamen
1713 4176 1872 4227 modo
1930 4173 2188 4242 loquitur.

609 4261 744 4317 Nam
793 4264 944 4315 vides
970 4264 1051 4333 sin
1113 4277 1177 4316 eo
1226 4278 1367 4317 nunc
1406 4265 1623 4334 quidem
1681 4265 1773 4321 Dei
1829 4268 2188 4338 maiestatem,

610 4370 753 4409 nunc
786 4364 967 4408 autem
1028 4357 1306 4423 passiones
1366 4356 1621 4412 hominis.
1645 4357 2036 4421 ,Consentanea
2062 4376 2192 4417 vero

607 4448 716 4515 iam
760 4446 918 4501 dictis
968 4454 1023 4500 et
1066 4448 1118 4500 in
1172 4450 1409 4503 secundo
1439 4450 1503 4504 ad
1536 4449 1854 4505 Gratianum
1888 4458 2189 4524 Augustum

611 4534 746 4593 libro
799 4541 964 4593 tradit
997 4555 1010 4592 :
1048 4539 1219 4595 Homo
1248 4539 1403 4596 Jesus
1429 4540 1698 4611 Christus,
1738 4545 1994 4600 Dominus
2018 4548 2191 4618 maje-

608 4637 787 4702 statis,
831 4636 1027 4689 dicitur
1084 4635 1399 4702 crucifixus,
1454 4639 1580 4708 quia
1621 4654 1849 4705 consors
1902 4642 2188 4713 utriusque

2299 4635 2537 4728 λέγεται,
2576 4635 2845 4733 ἑκατέρας

608 4741 721 4781 nati
752 4744 840 4790 rte,
889 4728 939 4780 id
980 4736 1085 4793 est,
1108 4730 1364 4783 humana:
1395 4739 1554 4799 atque
1618 4731 1833 4786 divinae.
1890 4732 1994 4787 Sed
2029 4743 2085 4788 et
2136 4735 2186 4787 in

610 4824 747 4874 Ιιίηἰι
803 4822 876 4876 ad
945 4821 1203 4873 Sabinum
1277 4821 1590 4892 episcopum
1638 4823 1776 4877 idem
1822 4826 1902 4878 vir
1952 4829 2189 4880 sanctis-

607 4914 780 4967 simus
833 4914 949 4966 ait:
991 4915 1123 4967 Cum
1179 4917 1409 4970 essetin
1480 4918 1809 4986 proprietate
1865 4919 2187 4988 divinitatis,

608 5008 909 5062 Clit‘ittliVil
959 5024 1039 5072 se,
1074 5020 1127 5063 et
1181 5012 1388 5080 accepit
1436 5013 1826 5081 plenitudinem
1884 5026 2087 5068 natura:
2136 5028 2189 5071 et

608 5101 993 5169 ροιὶιιιτιίοιιειιι
1052 5106 1301 5157 humanas
1363 5122 1375 5157 :
1429 5108 1569 5159 sicut
1626 5107 1733 5161 Deo
1786 5107 1915 5161 nihil
1980 5112 2184 5173 deerat,

608 5193 682 5246 ita
716 5208 814 5246 nec
844 5195 1076 5249 hominis
1128 5199 1616 5266 consumntationi;
1654 5211 1710 5253 ut
1736 5212 1877 5254 esset
1914 5203 2183 5269 pet-fectus

608 5290 660 5341 in
696 5300 927 5354 utraque
981 5299 1192 5342 natura.

677 5377 835 5435 GEN.
871 5380 1128 5451 Equidem
1159 5384 1396 5449 arbitror
1448 5398 1573 5440 ante
1596 5377 1803 5442 'multos
1839 5404 2011 5446 annos
2039 5407 2184 5449 cura:

608 5472 701 5527 tibi
727 5474 918 5539 fuisse,
958 5474 1123 5531 libros
1147 5478 1223 5530 uti
1253 5478 1555 5549 coliigeres,
1598 5492 2017 5553 sanctorumque
2044 5487 2185 5540 viro-

606 5582 725 5620 rum
755 5568 1111 5624 ;..sctoritatcs
1133 5570 1197 5623 de
1230 5573 1435 5626 naturis
1464 5573 1671 5629 duabus
1694 5591 2036 5647 excerperes.

677 5656 933 5713 ΤΙί[Ο.ὶ.
967 5661 1037 5715 Ea
1066 5678 1195 5718 vero
1226 5665 1404 5721 multa}
1426 5683 1589 5734 etme,
1624 5669 1886 5740 multique
1925 5674 2183 5743 temporis

675 5752 698 5783 ³
726 5750 743 5805 l
773 5749 912 5806 Tim.
950 5771 1007 5819 tt,
1044 5754 1095 5810 5.

2292 3456 2385 3505 τὸν
2437 3450 2699 3522 Χριστὸν,
2754 3448 3044 3519 ὁμοούσιον
3078 3449 3155 3521 τῷ
3206 3449 3385 3519 Πατρὶ
3433 3448 3725 3519 κατὰτὴν
3774 3448 3897 3501 θεό-

2292 3563 2452 3613 τητα,
2487 3546 2583 3597 καὶ
2611 3547 2747 3614 ἡμῖν
2775 3544 2832 3598 δὲ
2871 3544 3011 3598 κατὰ
3034 3543 3133 3613 τὴν
3160 3530 3341 3617 σάρκα
3363 3559 3375 3573 ο
3410 3546 3471 3595 οὐ
3503 3542 3623 3607 δύο,
3641 3542 3779 3600 ἀλλ’
3802 3543 3899 3595 ἔνχ

2294 3638 2440 3701 Υἰδν,
2479 3638 2807 3709 σωζομένων
2837 3636 2948 3690 τῶν
2972 3635 3284 3707 ἰδιωμάτων
3312 3636 3422 3689 τῶν
3452 3636 3709 3703 φύσεων.
3730 3633 3898 3689 Ἀλλὰ
3950 3648 3951 3651 ‘

2294 3734 2387 3786 καὶ
2421 3734 2448 3785 6
2482 3733 2657 3803 μέγας
2694 3732 3045 3804 ’Λμὸρόσιος,
3100 3733 3128 3785 6
3159 3734 3510 3787 Μεδιολάνων
3557 3732 3669 3803 τὴν
3701 3734 3902 3803 ἀρχιε-

2296 3827 2546 3897 ρωσύνην
2581 3826 2787 3891 λαϐὼν,
2830 3827 2967 3895 πρὸς
3002 3826 3387 3896 Ἀπολινάριον
3437 3828 3705 3896 γράφων,
3750 3826 3901 3879 οὕτω

2294 3919 2463 3989 φησί’
2515 3918 2831 3989 Φυλάξομεν
2863 3917 2963 3987 τὴν
3015 3919 3285 3988 διαφορὰν
3332 3919 3536 3988 σαρκὸς
3564 3919 3671 3971 καὶ
3708 3918 3910 3987 θεότη-

2292 4030 2405 4074 τος.
2429 4006 2520 4069 Εἷς
2547 4015 2603 4065 ὲν
2625 4012 2874 4081 ἐκατέρῳ
2905 4012 3059 4065 λαλεῖ
3082 4015 3109 4065 6
3136 4013 3283 4075 Υἱὸς,
3309 4014 3621 4084 ἐπειδήπερ
3649 4011 3907 4083 ἑκατέρα

2296 4107 2457 4175 φύσις
2491 4106 2642 4159 ἐστὶν
2667 4108 2725 4158 ἐν
2756 4106 2908 4176 αὐτῷ
2931 4124 2944 4138 ·
2980 4106 3095 4159 ἀλλ’
3128 4108 3175 4159 εί
3213 4107 3307 4160 καὶ
3341 4106 3368 4157 6
3394 4107 3557 4170 αὐτὸς
3587 4107 3785 4173 λαλεῖ,
3805 4110 3910 4162 οὐκ

2294 4201 2376 4254 ὲνί
2413 4201 2667 4271 μέντοιγε
2696 4202 2816 4272 τρό;
2840 4217 2886 4273 ῳ
2930 4202 3104 4255 λαλεῖ.
3156 4202 3322 4273 Ὁρᾷς
3366 4202 3476 4271 γὰρ
3506 4202 3777 4273 ὲν-οιύτῷ
3808 4203 3909 4257 νῦν

2298 4295 2398 4363 μὲν
2429 4293 2588 4358 δόξαν
2612 4291 2775 4356 Θεοῦ,
2824 4292 2921 4346 νῦν
2954 4293 3007 4345 δὲ
3045 4294 3194 4363 πάθη
3225 4292 3538 4365 ανθρώπου.
3559 4284 3914 4347 ”Ἀκό>.ουθα

2294 4386 2351 4439 δὲ
2381 4389 2495 4450 τοῖς
2539 4388 2856 4457 εἰρημένοις
2904 4388 3004 4439 κάν
3052 4388 3131 4457 τῷ
3157 4388 3397 4458 δευτέρῳ
3432 4386 3527 4440 τοῦ
3566 4390 3725 4459 πρὸς
3763 4389 3911 4459 Γρα-

2294 4477 2477 4530 τιανὸν
2525 4478 2617 4530 τὸν
2674 4477 2898 4548 βασιλέα
2931 4479 3319 4549 συντάγματος
3342 4478 3516 4553 λέγει.
3553 4480 3916 4553 Ἀνθρωπος

2309 4569 2519 4639 Ἰησοῦς
2552 4571 2789 4641 Χριστὸς
2836 4572 2865 4624 6
2918 4571 3123 4641 Κύριος
3147 4575 3245 4643 τῆς
3272 4573 3431 4642 δόξης
3492 4574 3917 4646 ἐσταυρῶσθαι

2879 4662 3146 4734 ὑπάρχων
3174 4663 3391 4731 φύσεως
3421 4669 3731 4733 κοινωνὸς,
3762 4686 3925 4722 τουτ-

2299 4753 2449 4805 έστιν
2481 4746 2857 4826 ’ἀνθρωπίνης
2907 4758 3002 4808 καί.
3045 4756 3197 4819 θείας
3246 4759 3440 4828 ἀμέλει
3474 4762 3587 4813 κάν
3634 4761 3728 4831 τῷ
3775 4762 3921 4831 πρδς

2297 4844 2524 4897 Σαϐῖνον
2552 4848 2641 4899 τὸν
2669 4847 2978 4901 ἐπίσκοπον
3011 4848 3156 4919 λόγῳ
3185 4849 3352 4904 αὐτοῦ
3386 4852 3413 4901 6
3443 4852 3619 4915 αὑτέρς
3650 4854 3923 4921 ἁγιώτα-

2294 4956 2382 5003 τος
2424 4940 2564 5013 ἀνὴρ
2591 4943 2759 5011 φησίν
2785 4960 2796 4973 ·
2842 4944 2931 4996 Ἐν
2976 4944 3054 5012 τῷ
3099 4944 3215 5016 ἰδίῳ
3238 4945 3334 5015 τῆς
3369 4945 3638 5017 θεότητος
3673 4948 3760 5002 ὢν
3795 4951 3923 5003 ἐκέ-

2295 5050 2466 5085 νωσεν
2522 5035 2737 5100 ἑαυτὸν,
2789 5036 2884 5089 καὶ
2932 5036 3091 5089 ἔλαϐε
3127 5038 3187 5091 τὸ
3217 5038 3425 5091 τέλειον
3468 5039 3575 5111 τῆς
3648 5046 3792 5097 κατ’
3828 5044 3927 5098 ἆν-

2299 5126 2517 5195 θρωπον
2539 5124 2753 5194 φύσεως
2777 5126 3099 5199 ὀλόκληρον·
3123 5131 3197 5193 ὡς
3234 5132 3388 5184 οὐδὲν
3418 5130 3616 5187 ἔλειπε
3655 5136 3746 5206 τῷ
3772 5136 3925 5207 Θεῷ,

2297 5216 2465 5273 οὕτως
2493 5217 2611 5271 οὐδὲ
2638 5216 2713 5288 τῷ
2754 5220 3116 5291 καταρτισμῷ
3156 5223 3388 5292 τῴ,κατ’
3442 5225 3797 5299 ἄνθρωπον,
3832 5231 3929 5285 ἵνα

2295 5309 2497 5372 τέλειος
2534 5314 2589 5362 ὲν
2616 5312 2853 5385 ἑκατέρᾳ
2881 5315 3042 5382 φύσει
3069 5319 3334 5391 τυγχάνῃ.

2381 5400 2436 5454 '0
2471 5403 2631 5457 ΚΑΘ.
2701 5404 2856 5476 Ἐμοὶ
2896 5408 3048 5461 δοκεῖ
3105 5410 3186 5462 ὅτι
3245 5413 3350 5481 πρὸ
3414 5414 3647 5470 πολλῶν
3694 5423 3929 5492 χρόνων

2293 5491 2448 5589 ἔσχες
2482 5495 2803 5565 ἐπιμέλειαν
2829 5500 2925 5552 τοῦ
2980 5508 3314 5572 συναγαγεῖν
3351 5507 3563 5576 βιὸλία,
3610 5516 3928 5589 καὶπαρ-

2294 5586 2547 5639 εκϐαλεῖν
2576 5592 2796 5659 χρήσεις
2831 5592 3003 5661 ἁγίων
3040 5598 3168 5666 περί
3197 5598 3303 5652 τῶν
3329 5599 3423 5654 δύο
3450 5601 3734 5671 φύσεων.

2378 5680 2437 5732 '0
2469 5679 2665 5736 ΘΕΩΡ.
2709 5684 2923 5741 Ἐὃιείνα
2971 5687 3181 5744 δέονται
3214 5692 3415 5766 πολλῆς
3456 5702 3783 5768 φρυντίδοη
3828 5710 3931 5762 καὶ
