4026 6296
258 366 355 431 1ιὸ

1606 376 2069 439 DISPUTATIO
2108 375 2156 434 Ι.

3411 360 3518 429 146

257 480 464 551 χρόνον,
517 482 625 535 ὅσα
691 485 897 541 σπάνιά
948 486 1055 541 εἰσι
1108 490 1202 544 καὶ
1239 482 1560 563 δυσεύρετα.
1611 490 1839 561 Περὶνδὲ

1943 500 2121 559 egeni,
2163 502 2281 557 qum
2313 502 2433 542 rara
2456 495 2600 553 sunt,
2639 493 2693 541 et
2725 484 2941 540 inventu
2976 480 3237 538 diﬁcilia.
3263 480 3342 538 De
3371 480 3513 539 duas

256 572 360 626 τῶν
413 573 511 626 δύο
563 574 811 643 φύσεων,
859 580 920 631 ού
954 582 1192 647 σπάνις,
1240 584 1377 637 ἀλλὰ
1404 586 1638 649 πλοῦτος
1666 587 1839 657 ὑπερ-

258 666 467 749 ϐολικδς
492 669 590 721 καὶ
611 668 871 739 δαψίλεια
894 675 954 726 ὲν
972 675 1127 746 πάσῃ
1160 679 1226 747 τῇ
1248 679 1602 750 θεοπνεύστῳ
1620 680 1839 752 Γραφῇ,

260 758 353 828 ὅση
382 760 547 828 ἀέρος
584 763 768 832 χύσις.
814 766 877 819 Ei
906 762 1002 821 οὗν
1034 770 1128 823 καὶ
1159 771 1424 825 πλειόνων
1452 774 1572 845 δέῃ,
1605 776 1842 846 ἑτοίμως

260 849 364 923 ἔχω
393 854 494 908 καὶ
532 854 705 918 ἄλλας
759 864 1133 930 παραγαγεῖν.
1189 863 1402 918 Λύτίκα
1440 865 1575 934 γοῦν
1628 866 1843 932 ἔξεστιν

261 944 497 1000 ἀκοῦσαι
529 949 628 1001 καὶ
672 949 769 1004 τοῦ
826 952 1067 1021 μεγάλου
1108 955 1401 1023 φιλοσόφου
1432 959 1526 1011 καὶ
1558 958 1843 1030 μάρτυρος

268 1037 588 1107 Ἰουστίνου,
649 1045 782 1115 περὶ
837 1046 949 1101 τῶν
997 1047 1182 1101 αὐτῶν
1212 1048 1466 1118 λέγοντος
1490 1052 1549 1103 ὲν
1584 1050 1661 1121 τῷ
1700 1052 1845 1122 Περὶ

267 1130 513 1197 Τριὰδος
542 1136 911 1205 συντάγματι,
951 1140 1092 1192 κατά
1121 1142 1181 1195 τὸ
1211 1141 1278 1206 ιζ’
1313 1142 1614 1212 κεφάλαιον
1645 1144 1841 1210 οὕτως·

254 1222 428 1278 Ὅταν
486 1226 733 1301 ἀκούσῃς
767 1230 898 1302 περὶ
946 1231 1043 1285 τοῦ
1082 1234 1205 1298 ἑνὸς
1252 1234 1384 1289 Υίοῦ
1448 1238 1548 1299 τὰς
1595 1238 1844 1303 ἐναντίας

260 1319 473 1384 φωνὰς,
506 1320 632 1374 κατ’
667 1322 920 1393 ἀλλήλων
968 1325 1162 1397 μέριζε
1207 1330 1331 1395 ταῖς
1361 1329 1558 1401 φύσεσι
1588 1331 1658 1386 τά
1693 1332 1846 1401 λεγό·

252 1424 394 1478 μενα
420 1411 537 1465 ’ἂν
594 1413 697 1483 μέν
753 1432 809 1469 τι
882 1419 1025 1488 μέγα
1075 1420 1174 1474 καὶ
1221 1421 1387 1487 θεῖον,
1429 1425 1495 1494 τῇ
1530 1422 1652 1495 θεία
1678 1423 1845 1493 φύσει

252 1503 596 1578 προσνέμων
621 1520 637 1536 ο
677 1506 843 1577 avet
886 1525 938 1563 τι
972 1512 1175 1582 μικρὸν
1214 1514 1311 1567 καὶ
1364 1509 1735 1586 ἀνθρώπινον,
1776 1519 1843 1589 τῇ

249 1594 579 1670 ἀνθρωπεία
602 1597 955 1672 λογιζόμενος
989 1605 1174 1674 φύσει.
1198 1606 1360 1662 Οὕτω
1391 1608 1500 1680 γὰρ
1531 1609 1627 1664 καλ⁸
1652 1610 1714 1664 τὸ
1734 1609 1847 1664 τῶν

253 1688 455 1759 φωνῶν
493 1692 832 1764 ἀσύμφωνον
865 1696 1162 1769 διαφεύξη,
1224 1701 1468 1771 ἑκάστης
1527 1701 1565 1756 ἃ.
1629 1704 1845 1772 πέφυκε

248 1775 551 1847 δεχόμενος
579 1781 829 1851 φύσεως⁹
852 1788 1060 1842 καὶτὸν
1089 1788 1219 1844 Υίδν
1248 1789 1346 1846 ἕνα
1368 1791 1465 1845 καὶ
1496 1794 1603 1865 πρὸ
1624 1795 1844 1849 πάντων

250 1868 498 1937 αἰώνων,
534 1875 629 1928 καὶ
666 1877 1006 1947 πρόσφατον,
1057 1882 1201 1937 κατά
1264 1886 1366 1948 τὰς
1406 1855 1559 1951 θείας
1616 1889 1656 1942 Γ
1664 1889 1842 1959 ραφὰς
1875 1855 1916 1910 Β

246 1964 645 2036 ὁμολογήσεις.
665 1971 773 2022 Καὶ
797 1972 971 2028 ταῦτα
999 1975 1100 2045 μὲν
1125 1979 1153 2030 ὁ
1188 1977 1333 2042 θεῖος
1373 1977 1685 2047 Ἰουστῖνος.
1707 1984 1763 2037 ’0
1789 1984 1846 2038 δὲ

246 2060 495 2129 χρυσοῦς
540 2062 641 2134 τὴν
677 2065 928 2133 γλῶτταν
969 2070 1227 2141 Ἰωάννης
1256 2074 1311 2125 ἐν
1341 2076 1407 2145 τῇ
1442 2076 1713 2148 ἑρμηνείᾳ
1746 2077 1845 2146 τῆς

255 2153 399 2220 πρὸς
430 2153 705 2225 Τιμόθεον
740 2158 1087 2233 Ἐπιστολῆς,
1121 2164 1265 2219 οὕτω
1301 2168 1469 2236 φησιν
1490 2170 1582 2222 "0
1616 2171 1845 2240 μεσίτης

249 2246 607 2319 ἀμφοτέροις
638 2258 908 2320 κοινωνεῖ,
935 2249 1013 2310 ὧν
1048 2258 1165 2310 ἐστι
1201 2258 1455 2327 μεσίτης.
1472 2261 1715 2315 Μεσίτου
1736 2263 1845 2334 γὰρ

246 2338 417 2394 τοῦτό
453 2343 599 2408 ἐστι,
632 2345 691 2398 τὺ
714 2346 981 2419 ἑκατέρου
1008 2351 1292 2421 ἐχόμενον,
1330 2346 1405 2407 ὧν
1439 2356 1557 2409 ἐστι
1589 2357 1843 2427 μεσίτης,

248 2438 567 2489 κοινωνεῖν.
600 2438 712 2491 Καὶ
738 2441 854 2510 μετ’
889 2443 1102 2510 ὀλίγον’
1130 2444 1193 2498 Ei
1218 2445 1404 2499 τοίνυν
1438 2446 1513 2520 μὴ
1541 2448 1725 2521 ἔχεται
1746 2451 1845 2523 τῆς

246 2524 346 2580 τοῦ
394 2528 619 2600 [ἰατρὸς
649 2530 901 2600 φύσεως,
940 2536 1042 2589 οὐκ
1090 2535 1208 2591 ἔστι
1256 2540 1510 2611 μεσίτης,
1558 2541 1698 2597 ἀλλὰ
1741 2545 1847 2599 ἀπ-

245 2619 612 2690 εσχοίνισται.
653 2622 865 2694 Ὠσπερ
892 2626 1001 2696 γὰρ
1040 2627 1140 2696 τῆς
1170 2627 1481 2701 ἀνθρώπων
1508 2632 1693 2701 ἔχεται
1732 2635 1838 2703 φύ-

245 2722 421 2773 σεως,
461 2709 658 2781 ἐπειδὴ
694 2711 832 2784 πρὸς
862 2713 1188 2786 ἀνθρώπους
1236 2719 1476 2788 ἤρχετο·
1545 2720 1690 2775 οὕτω
1749 2725 1844 2778 καὶ

245 2802 343 2870 τῆς
395 2800 495 2855 τοῦ
532 2803 695 2871 Θεοῦ,
739 2807 929 2881 ἐπειδὴ
978 2809 1135 2880 παρὰ
1169 2810 1305 2865 Θεοῦ
1351 2813 1575 2884 ἤρχετο.
1620 2814 1843 2880 Τούτοις

242 2899 360 2961 τοῖς
390 2897 577 2966 ἁγίοις
602 2900 853 2971 Πατράσι
884 2905 1259 2974 συμφωνοῦσα
1281 2909 1314 2977 ἡ
1345 2909 1479 2976 ἀγία
1511 2911 1721 2979 μεγάλη
1744 2912 1845 2967 καὶ

242 2990 625 3062 οἰκουμενικὴ
643 2992 868 3058 σύνοδος
899 2995 933 3064 ἡ
966 2996 1025 3049 ἐν
1047 2996 1363 3069 Χαλκηδόνι
1391 3001 1845 3072 συναθροισθεῖσα

243 3082 388 3136 Θεοῦ
429 3081 698 3155 νεύματι,
740 3088 835 3141 καὶ
889 3088 1108 3143 εὐσεϐεῖ
1158 3090 1429 3160 βασιλέων
1482 3094 1841 3165 θεσπίσματι,

242 3173 344 3230 [va
377 3178 480 3230 καὶ
508 3178 606 3231 τὸν
634 3180 801 3234 αὑτὸν
830 3183 1089 3254 Χριστὸν,
1120 3184 1274 3246 Υὶὺν.
1305 3185 1510 3254 Κύριον
1546 3191 1836 3260 μονογενῆ,
1867 3217 1911 3275 c

243 3271 301 3323 ἐν
335 3271 441 3324 δύο
471 3271 709 3343 φύσεσιν
741 3276 1097 3346 ἀσυγχύτως.
1130 3278 1460 3347 ἀτρέπτως,
1490 3281 1837 3352 ἀδιαιρέτως,

244 3363 591 3435 ἀχωρίστως
624 3367 1036 3438 γνωριζόμενον
1063 3371 1448 3440 ἐδογμάτισεν,
1476 3374 1717 3445 οὐδαμοῦ
1741 3375 1842 3445 τῆς

240 3453 355 3508 τῶν
390 3454 619 3524 φύσεων
646 3457 916 3529 διαφορᾶς
940 3461 1357 3534 ἀναιρουμένης
1384 3463 1474 3517 διὰ
1502 3466 1600 3536 τὴν
1622 3466 1836 3522 ἕνωσινο

244 3546 577 3619 σωζομένης
628 3548 685 3602 δὲ
721 3551 927 3619 μᾶλλον
956 3552 1058 3622 τῆς
1110 3553 1376 3624 ἰδιότητος
1422 3556 1695 3627 ἑκατέρας
1735 3561 1840 3627 φύ-

243 3653 414 3702 σεως,
444 3640 543 3693 καὶ
568 3642 648 3701 είς
672 3640 731 3694 ἓν
763 3644 1060 3715 πρόσωπον
1089 3646 1185 3700 καὶ
1222 3648 1355 3717 μίαν
1387 3648 1692 3704 ὑπόστασιν
1718 3670 1840 3707 συν-

241 3732 599 3802 τρεχούσηςο
643 3734 746 3789 οὐκ
798 3737 877 3800 είς
924 3737 1018 3796 δύο
1070 3740 1342 3810 πρόσωπα
1403 3743 1834 3817 μεριζόμενονῆ

239 3822 664 3897 διαιρούμενον,
713 3827 852 3887 ἀλλὰ
898 3829 994 3883 ἕνα
1030 3832 1125 3886 καὶ
1177 3833 1269 3888 τὸν
1304 3835 1469 3889 αὑτὸν
1514 3837 1643 3892 Υίδν
1682 3855 1843 3909 μονο-

240 3919 410 3989 γενῆ,
443 3918 586 3972 Θεὸν
614 3921 812 3990 Λόγον,
849 3923 1056 3996 Κύριον
1094 3926 1305 3999 Ἰησοῦν
1345 3928 1604 4001 Χριστόν.

322 4185 395 4240 Ὃ
436 4185 607 4242 ΚΑΘ.
651 4186 830 4252 ὐλως
883 4188 944 4243 τὸ
993 4189 1177 4260 λέγειν
1212 4192 1308 4248 δύο
1350 4194 1562 4265 φύσεις.
1598 4196 1858 4268 ἔμφασιν

240 4282 468 4349 εἰσάγει
500 4282 823 4354 διαιρέσεως
844 4301 857 4315 ο
892 4284 987 4339 καὶ
1016 4285 1253 4353 δέδοικα,
1307 4290 1504 4359 μήπως
1543 4290 1840 4361 φεύγοντες

242 4379 305 4433 τὺ
346 4377 452 4433 τοῦ
487 4376 767 4449 Εὗτυχοῦς
810 4378 871 4432 τὸ
905 4379 1037 4449 μίαν
1084 4380 1249 4450 φύσιν
1292 4381 1494 4449 λέγειν,
1540 4387 1622 4449 είς
1651 4384 1711 4439 τὸ
1739 4385 1838 4440 τοῦ

244 4469 558 4542 Νεστορίου
586 4470 918 4541 ἐμπέσωμεν
948 4470 1242 4544 βάραθρον.
1280 4473 1369 4530 διὰ
1392 4476 1492 4540 τὰς
1523 4475 1617 4530 δύο
1641 4476 1837 4547 φύσεις

243 4564 341 4619 δύο
360 4566 642 4635 πρόσωπα
664 4564 1120 4634 παρεισάγοντος.

329 4658 402 4713 Ὅ
440 4658 642 4715 ΘΕΩΡ.
694 4659 837 4721 Ἀλλ’
869 4660 898 4712 ὁ
950 4659 1247 4732 Νεστόριος
1288 4660 1383 4716 δύο
1440 4662 1634 4733 φύσεις
1680 4662 1836 4729 ἔλεγε

243 4751 694 4822 κεχωρισμένας,
727 4752 826 4823 οὐχ
852 4753 1138 4822 ήνωμένας
1167 4755 1246 4817 εἰς
1277 4756 1569 4826 πρόσωπον
1613 4757 1692 4811 ἓν.
1726 4758 1838 4811 Καὶ

240 4842 411 4898 τοῦτο
430 4843 614 4913 δηλῶν
637 4845 666 4897 ὁ
695 4847 752 4899 ἐν
780 4844 956 4912 ἁγίοις
988 4846 1301 4915 Κύριλλοςι,
1326 4849 1386 4900 ὲν
1409 4851 1473 4919 τῇ
1503 4849 1639 4919 πρὸς
1666 4849 1836 4904 Εύλό-

241 4955 367 5009 γιον
403 4937 665 5009 ἐπιστολῇ
704 4955 901 5009 φησιν’
935 4939 1095 4994 Οὕτω
1134 4941 1229 4993 καὶ
1265 4941 1357 4995 ἐπὶ
1384 4942 1704 5013 Νεστορίου,
1733 4945 1835 4999 κᾶν

239 5032 403 5100 λέγει
432 5031 527 5085 δύο
556 5032 771 5102 φύσεις,
808 5033 1090 5103 σημαίνων
1114 5036 1215 5104 τὴν
1267 5034 1534 5107 διαφορὰν
1568 5038 1670 5106 τῆς
1703 5055 1837 5109 σαρ-

245 5126 346 5190 κδς
373 5124 469 5179 καὶ
493 5125 587 5178 τοῦ
617 5124 753 5179 Θεοῦ
778 5126 977 5194 Λόγου,
1005 5126 1190 5197 (ἑτέρα
1212 5128 1322 5196 γὰρ
1348 5131 1378 5197 ἡ
1407 5128 1500 5181 τοῦ
1523 5129 1697 5197 Λόγου
1731 5130 1834 5198 φύ·

244 5235 360 5285 σις,
416 5218 511 5272 καὶ
551 5217 720 5287 ἑτέρα
763 5219 798 5289 ἡ
841 5218 946 5288 τῆς
1011 5220 1273 5291 σαρκός·)
1327 5221 1444 5275 ἀλλ’
1497 5225 1684 5277 οὐκέτι
1727 5225 1827 5294 τὴν

233 5312 447 5367 ινωσιν
475 5309 733 5378 ὁμολογεῖ
763 5310 886 5380 μεθ’
915 5311 1093 5381 ἡμῶν.
1130 5312 1324 5384 Ἡμεῖς
1369 5315 1479 5385 γὰρ
1528 5316 1835 5381 ἑνώσαντες

237 5406 480 5469 ταύτας,
532 5406 629 5458 ἱνα
660 5404 924 5474 Χριστὸν,
967 5405 1064 5458 ἕνα
1097 5404 1246 5469 Υἰδν,
1275 5407 1372 5461 ἕνα
1401 5408 1606 5480 Κύριον
1636 5411 1833 5481 ὁμολοο

246 5500 482 5570 τοῦμεν,
513 5497 612 5551 καὶ
656 5497 789 5568 μίαν
831 5496 995 5567 φύσιν
1036 5497 1133 5552 τοῦ
1161 5500 1335 5569 Λόγου
1378 5504 1829 5576 σεσαρκωμένην.

250 5592 445 5659 Βάδλζε
509 5588 605 5646 οὖν
643 5592 732 5655 σὺ,
774 5590 918 5645 κατὰ
971 5593 1073 5662 τὴν
1123 5592 1219 5645 τοῦ
1267 5594 1435 5661 σοφοῦ
1490 5595 1833 5667 Σολομῶντος

249 5690 658 5761 παραγγελίαν,
696 5689 836 5760 μήτε
865 5688 944 5750 είς
971 5687 1039 5744 τὰ
1073 5688 1248 5756 δεξιὰ,
1280 5691 1418 5762 μήτε
1473 5692 1555 5755 εἰς
1592 5691 1661 5745 τὰ
1711 5694 1834 5764 ἀρι-

256 5783 439 5854 στιρά,
459 5782 598 5838 ἀλλὰ
619 5781 722 5854 τὴν
743 5779 918 5852 μέσην
950 5781 1046 5834 καὶ
1076 5781 1367 5854 βασιλικὴν
1393 5784 1530 5839 ὁδόν.
1549 5786 1830 5859 Τέσσαρες

253 5877 366 5935 γᾴρ
392 5880 525 5933 είσιν
572 5876 822 5946 αἱρέσεις
855 5876 919 5930 ὲκ
951 5877 1242 5959 διαμέτρου
1292 5878 1554 5948 ἀλλήλαις
1588 5883 1829 5953 μαχόμε-

1944 586 2046 640 bus
2077 594 2255 637 autem
2286 581 2495 636 naturis
2532 596 2634 637 non
2660 579 2907 651 penuria,
2958 577 3052 633 sed
3099 590 3267 647 supra
3296 574 3515 631 modum

1945 677 2137 743 ingens
2193 673 2521 729 abundantia
2575 673 2842 742 copiaque
2897 669 3165 738 reperitur
3215 667 3271 723 in
3309 664 3517 725 omnia

1944 766 2149 833 Spiritu
2191 765 2282 821 Dei
2312 766 2551 835 profecta
2611 744 2917 835 Scriptura,
2947 772 3149 833 quanta
3198 759 3407 816 scilicet
3433 768 3519 815 cst

1944 862 2089 914 aeris
2119 858 2429 915 latedih‘usi
2455 860 2774 929 amplitudo.
2805 856 2987 925 Quare
3012 855 3057 912 si
3084 855 3249 912 etiam
3274 852 3523 922 pluribus

1942 968 2078 1024 Opus
2110 953 2204 1016 sit,
2259 963 2480 1025 paratus
2511 968 2630 1007 sum
2662 958 2717 1007 et
2748 952 2881 1006 alias
2909 949 3179 1017 proferre.
3205 948 3274 1003 Et
3301 946 3516 1019 quidem

1944 1060 2070 1101 mox
2130 1046 2256 1102 licet
2307 1048 2594 1102 audiamus
2626 1050 2876 1115 magnum
2935 1043 3085 1097 illum
3139 1041 3517 1113 philosophum

1943 1148 2105 1208 atque
2156 1148 2445 1209 martyrem
2481 1136 2776 1202 Iustinum,
2798 1139 2864 1194 de
2895 1137 3085 1193 iisdem
3120 1135 3428 1202 loquentem
3466 1132 3519 1186 in

1942 1234 2082 1289 lihro
2117 1236 2188 1289 De
2244 1234 2527 1301 Trinitate,
2582 1235 2761 1304 capite
2813 1232 3024 1287 decimo
3080 1232 3313 1301 septimo
3346 1229 3520 1283 :Cum

1944 1330 2201 1394 audieris,
2232 1329 2425 1397 inquit,
2456 1330 2520 1383 de
2544 1345 2650 1382 uno
2683 1328 2821 1384 Filio
2854 1341 3011 1381 voces
3034 1326 3359 1388 contrarias.
3388 1337 3525 1379 con-

1944 1422 2227 1477 venienter
2260 1422 2468 1491 partire
2525 1424 2735 1477 naturis
2785 1436 2847 1476 ea
2911 1435 3033 1491 quae
3093 1419 3343 1474 dicentur
3395 1434 3411 1473 :
3476 1407 3531 1468 ιτ

1948 1528 2201 1583 magnum
2231 1528 2311 1569 ac‘
2351 1514 2594 1568 divinum
2641 1512 2865 1582 aliquid,
2898 1510 3098 1566 divinae
3129 1517 3335 1564 naturte
3365 1506 3527 1562 attri—

1945 1603 2151 1670 bueus;
2212 1604 2294 1658 sin
2352 1605 2603 1676 exiguum
2650 1614 2703 1657 et
2754 1604 3073 1667 humanum,
3128 1601 3193 1654 ad
3226 1600 3524 1655 humanam

1945 1704 2195 1748 naturam
2269 1680 2531 1749 referens.
2595 1693 2685 1748 Sic
2721 1692 2867 1747 enim
2924 1700 2977 1745 et
3030 1691 3270 1762 ipsarum
3326 1703 3523 1746 vocum

1947 1784 2376 1854 discrepantiam
2424 1784 2640 1846 vitabis,
2673 1792 2865 1837 natura
2891 1778 3133 1852 qualibet
3161 1779 3265 1835 sibi
3292 1788 3531 1849 cognata

1949 1877 2286 1945 recipiente:
2316 1886 2371 1931 et
2406 1892 2570 1930 unum
2627 1874 2822 1929 Filium
2862 1883 2971 1927 tam
3023 1879 3150 1927 ante
3199 1869 3382 1925 omnia
3420 1882 3527 1923 tta:-

1948 1967 2088 2030 cula,
2114 1982 2274 2037 quam
2309 1982 2498 2022 recens
2528 1976 2707 2022 ortum
2725 1964 2879 2033 juxta
2907 1964 3148 2019 Litteras
3175 1976 3365 2018 sacras
3388 1974 3527 2016 con-

1951 2060 2217 2116 ﬂtebcris.
2247 2058 2375 2116 Haec
2403 2060 2621 2115 divinus
2655 2059 2744 2115 ille
2768 2057 3038 2114 Justinus.
3073 2055 3314 2113 Joannes
3345 2063 3526 2109 autem

1948 2153 2391 2226 Chrysostomus,
2438 2154 2492 2209 in
2532 2152 2787 2224 Epistolas
2809 2153 2877 2207 ad
2909 2150 3255 2207 Timotheum
3309 2147 3529 2227 scriptae

1949 2248 2402 2318 interpretatione
2462 2248 2545 2304 sic
2592 2248 2669 2303 ait
2701 2265 2718 2303 :
2753 2245 3022 2302 Mediator
3057 2243 3341 2300 amborum
3394 2256 3531 2296 con-

1948 2355 2069 2396 sors
2096 2349 2215 2406 est,
2284 2356 2518 2413 quorum
2585 2340 2797 2397 scilicet
2846 2345 2929 2395 est
2979 2336 3266 2395 mediator.
3318 2335 3529 2404 Quippe

1948 2436 2261 2491 mediatoris
2294 2444 2393 2500 est,
2446 2445 2505 2490 ut
2537 2434 2859 2503 coniunctus
2893 2448 3082 2489 eorum
3126 2433 3360 2503 utrique,
3394 2447 3532 2502 quo-

1950 2543 2070 2582 rum
2122 2528 2388 2583 mediator
2427 2538 2534 2594 est,
2587 2527 2893 2598 participat.
2941 2526 3019 2582 Ac
3048 2526 3210 2596 paulo
3242 2533 3362 2596 post
3408 2542 3425 2581 :
3468 2526 3526 2580 Si

1946 2635 2079 2690 ergo
2135 2636 2243 2675 non
2281 2620 2612 2690 coniunctus
2634 2628 2718 2674 est
2747 2635 2873 2674 cum
2910 2628 3103 2677 natura
3156 2618 3361 2685 Patris,
3415 2634 3526 2674 non

1946 2718 2031 2766 est
2059 2710 2349 2778 mediator,
2409 2712 2502 2766 sed
2530 2720 2612 2765 est
2663 2712 2731 2767 ab
2790 2725 2855 2766 eo
2886 2718 3192 2775 separatus.
3249 2708 3529 2779 Quemad-

1951 2803 2166 2857 modum
2196 2803 2341 2858 enim
2385 2819 2504 2858 cum
2538 2791 2819 2858 hominum
2845 2814 3043 2875 natura
3067 2803 3393 2875 conjunclus
3419 2799 3526 2875 est,

1948 2896 2203 2967 quoniam
2237 2896 2302 2951 ad
2342 2896 2590 2952 homines
2616 2897 2760 2951 venit
2788 2912 2803 2952 :
2839 2898 2909 2952 ita
2946 2905 3002 2953 et
3032 2912 3154 2953 cum
3186 2897 3279 2953 Dei
3308 2907 3525 2963 natura,

1949 2990 2204 3059 quoniam
2239 3003 2269 3042 a
2306 2987 2415 3044 Deo
2442 2990 2611 3045 venit.
2671 2990 2805 3045 Cum
2838 2990 2990 3046 hisce
3038 2990 3244 3063 sanctis
3273 2990 3525 3046 Patribns

1945 3082 2292 3137 consentiens
2332 3090 2519 3135 sancta
2579 3081 2689 3145 illa,
2740 3094 3044 3151 magnaque
3090 3089 3145 3136 et
3198 3082 3531 3136 universalis

1946 3177 2204 3244 synodus,
2240 3173 2582 3229 Chalcedone
2610 3182 2741 3227 nutu
2798 3172 2891 3227 Dei
2940 3174 3135 3243 pioque
3162 3172 3382 3230 decreto
3413 3174 3525 3224 Au-

1945 3275 2221 3333 gustorum
2250 3272 2598 3334 congregata,
2642 3265 2834 3320 statuit
2859 3279 3021 3317 unum
3044 3273 3100 3319 et
3130 3258 3379 3319 eumdem
3407 3278 3527 3318 esse

1932 3356 2241 3421 Christum,
2269 3353 2488 3421 Filium,
2525 3355 2835 3423 Dominum,
2870 3344 3192 3426 Unig‘enam,
3226 3354 3278 3409 in
3314 3355 3525 3411 naturis

1944 3449 2154 3502 duabus
2179 3448 2315 3503 citra
2347 3447 2746 3513 confusionem,
2772 3449 3142 3513 mutationem,
3174 3447 3519 3510 divisionem,

1944 3541 2343 3609 separationem
2380 3543 2691 3613 adagnitum
2744 3559 2760 3597 :
2813 3556 3153 3612 nequaquam
3206 3554 3523 3597 naturarum

1945 3634 2256 3689 discrimine
2306 3634 2517 3689 sublato
2571 3644 2794 3706 propter
2847 3634 3168 3700 unitionem,
3233 3634 3326 3690 sed
3375 3634 3523 3689 salva

1944 3725 2122 3792 potius
2173 3726 2503 3794 proprietate
2554 3726 2835 3797 utriusque
2880 3735 3107 3793 naturae,
3156 3740 3220 3782 ac
3255 3727 3309 3781 in
3360 3742 3521 3782 unam

1944 3832 2227 3887 personam
2280 3828 2337 3874 et
2382 3834 2543 3873 unam
2592 3819 2907 3891 hypostasin
2964 3831 3193 3876 coeunte
3238 3838 3255 3874 :
3299 3837 3404 3875 non
3466 3822 3520 3877 in

1944 3910 2078 3963 duas
2111 3925 2370 3978 personas
2405 3912 2663 3979 partitum
2702 3911 2784 3969 vel
2834 3913 3093 3975 divisum,
3136 3915 3228 3969 sed
3266 3931 3431 3969 unum
3466 3926 3523 3971 et

1942 4003 2190 4058 eumdem
2220 4003 2415 4058 Filium
2447 4006 2760 4075 unigenam,
2814 4005 2979 4062 Deum
3025 4007 3371 4075 Sermonem,
3417 4009 3519 4067 Do-

1944 4098 2149 4153 minum
2179 4097 2363 4154 Jesum
2396 4098 2699 4157 Christum.

2013 4204 2173 4262 GEN.
2236 4206 2666 4273 Omniacf-duas
2730 4208 2915 4267 dicere
2964 4218 3224 4280 naturas,
3283 4215 3521 4284 speciem

1940 4302 2229 4370 quamdam
2255 4301 2537 4356 divisionis
2566 4302 2860 4358 introducit
2892 4319 2907 4357 :
2945 4319 3008 4359 ac
3040 4320 3223 4359 vereor
3246 4307 3519 4377 equidem,

1941 4411 2011 4451 ne
2045 4395 2283 4451 devitato
2315 4395 2679 4467 Eutychetisis
2709 4397 2992 4465 barathro,
3038 4401 3183 4470 quod
3222 4411 3309 4457 est
3354 4419 3517 4459 unam

1942 4498 2188 4544 naturam
2228 4488 2431 4558 dicere,
2485 4491 2535 4544 in
2586 4490 2819 4547 Nestorii
2849 4492 3159 4549 barathrum
3193 4495 3517 4566 incidamus,

1862 4581 1916 4642 D
1944 4598 2041 4654 per
2067 4583 2201 4638 duas
2234 4593 2478 4652 naturas,
2502 4582 2639 4639 duas
2663 4600 2925 4655 personas
2954 4586 3379 4647 introducentes.

2011 4674 2267 4731 THEOR.
2315 4675 2599 4733 Nestorius
2630 4693 2760 4733 vero
2791 4679 2927 4735 duas
2966 4693 3192 4737 naturas
3240 4696 3527 4753 separatas

1937 4769 2138 4833 aiebat,
2188 4784 2293 4822 non
2345 4770 2525 4825 unitas
2569 4771 2622 4825 in
2671 4786 2830 4825 unam
2861 4786 3167 4840 personam.
3201 4775 3375 4845 Atque
3413 4774 3517 4833 hoc

1939 4877 2072 4917 sane
2128 4863 2394 4919 denotans
2448 4864 2811 4920 sanetus'ille
2867 4864 3208 4936 Cyrillus,in
3261 4869 3514 4937 epistola,

1937 4972 2099 5026 quam
2135 4956 2199 5010 ad
2232 4956 2512 5028 Eulogium
2564 4959 2804 5029 scripsit,
2855 4962 2974 5014 ait:
3019 4958 3111 5014 Sic
3161 4960 3299 5016 etin
3352 4978 3514 5019 causa

1936 5045 2195 5100 Nestorii.
2227 5047 2489 5114 Quamvis
2521 5050 2658 5105 duas
2691 5061 2936 5114 naturas,
2991 5051 3283 5108 discrimen
3335 5048 3515 5111 carnis

1937 5148 1993 5192 et
2026 5138 2308 5195 Sermonis
2346 5141 2685 5211 significans,
2713 5144 2856 5198 dicat
2888 5143 3012 5216 (alia
3043 5162 3271 5217 namque
3317 5161 3520 5206 natura

1937 5218 2221 5286 Sermonis
2240 5245 2344 5297 est,
2373 5235 2475 5288 alia
2499 5236 2723 5308 carnis),
2750 5236 3000 5294 unionem
3027 5247 3205 5295 tamen
3230 5242 3511 5298 nobiscum

1938 5340 2042 5376 non
2077 5326 2384 5381 confitetur.
2432 5326 2541 5382 Nos
2570 5329 2713 5381 enim
2748 5329 2831 5382 his
2874 5330 3070 5393 unitis,
3136 5347 3301 5387 unum
3353 5331 3513 5389 Chri-

1935 5425 2107 5482 stum,
2157 5434 2320 5493 unum
2350 5415 2571 5484 Filium,
2605 5436 2770 5474 unum
2819 5420 3106 5476 Dominum
3151 5424 3510 5490 conﬁtemur;

1935 5526 2097 5564 unam
2150 5512 2381 5581 denique
2427 5521 2676 5567 naturam
2716 5513 2996 5569 Sermonis
3041 5517 3404 5573 incarnatam.
3431 5514 3512 5573 Tu

1935 5603 2119 5674 igitur,
2149 5604 2303 5675 juxta
2353 5606 2612 5676 sapientis
2643 5607 2784 5665 illius
2834 5609 3137 5666 Salomonis
3190 5613 3516 5670 admonitio.

1932 5712 2078 5764 nem,
2112 5711 2210 5752 nec
2244 5696 2310 5751 ad
2339 5698 2615 5753 sinistram
2645 5698 2934 5758 iacesseris
2956 5740 2973 5767 ,
3005 5704 3098 5757 sed
3129 5702 3307 5760 media
3336 5705 3512 5775 regia-

1932 5803 2038 5859 que
2069 5790 2175 5844 via.
2220 5789 2359 5844 Sunt
2394 5791 2537 5846 enim
2569 5803 2803 5865 quatuor
2834 5795 3073 5851 haereses
3124 5810 3192 5852 ex
3247 5795 3516 5855 diametro

1931 5884 2073 5938 inter
2105 5898 2162 5937 se
2226 5894 2531 5954 pugnantes
2572 5902 2586 5940 :
2620 5886 2738 5941 duae
2767 5887 2832 5944 de
2859 5887 3161 5949 divinitate,
3209 5904 3273 5945 ac
3306 5888 3424 5948 dua:
3449 5892 3519 5948 de
