4026 6296
285 397 385 467 153

283 627 461 679 φοσις.

362 707 422 760 Ὀ
459 708 624 764 ΚΛΘ.
672 710 810 777 Ἐγὼ
841 714 944 767 οὒκ
988 714 1336 787 ἐπελαύὁμην
1377 717 1488 769 τῶν
1517 717 1630 770 ἅνω
1676 719 1872 789 ῥηθέν-

285 817 389 852 των
435 802 591 873 παρὰ
647 805 742 857 τοῦ
789 807 944 873 ἁγίου
995 810 1286 880 Κυρίλλου,
1348 812 1590 877 ὁπηνίκα
1647 812 1872 878 ἔλεγεν’

298 892 511 950 ὀποίὼ
551 915 603 950 τι
631 902 824 970 χρῆμά
874 905 1022 956 ἐστιν
1051 908 1076 957 ὁ
1109 905 1395 975 ἄνθρωπος
1446 909 1511 958 ὲκ
1555 908 1730 976 ψυχῆς
1779 909 1873 961 καὶ

287 986 564 1056 σώματος.
602 992 915 1064 Ἐτεροειδῆ
952 997 1050 1067 μὲν
1084 997 1192 1069 γὰρ
1214 1000 1283 1051 τὰ
1307 1000 1560 1064 τοιαῦτα,
1585 1000 1682 1052 καὶ
1709 1000 1876 1070 ἀλλή-

285 1081 397 1144 ὶοις
429 1083 527 1152 οὐχ
557 1085 847 1154 ὁμοούσια,
879 1089 1216 1159 ἑνωθένταγε
1270 1089 1375 1162 μὴν
1410 1091 1540 1160 μίαν
1581 1092 1872 1162 ἀνθρώπου

287 1173 453 1242 φύσιν
507 1177 868 1233 ἀπετέλεσαν.
919 1181 1050 1234 Ἰδοὺ
1101 1182 1195 1234 δύο
1239 1183 1430 1250 φύσεις
1479 1184 1575 1236 καὶ
1614 1183 1870 1248 ἐνταῦθα,

284 1269 437 1341 ψυχὴ
463 1273 556 1322 καὶ
588 1273 768 1342 σῶμα.
808 1277 915 1328 Καὶ
946 1275 1068 1328 οὔτε
1100 1279 1131 1346 ἡ
1163 1278 1307 1347 ψυχὴ
1348 1280 1427 1339 εἰς
1454 1279 1707 1348 σώματος
1747 1296 1877 1347 μετ-

282 1362 498 1434 έτράπη
561 1367 747 1433 φύσιν,
782 1367 907 1422 οὔτε
939 1371 995 1423 τὸ
1025 1371 1183 1442 σῶμα
1215 1374 1296 1433 είς
1327 1373 1491 1440 φύσιν
1525 1372 1703 1442 ψυχῆς
1741 1390 1871 1441 μετο

189 1497 199 1507 .
281 1458 569 1528 εχὼρησεν
599 1475 613 1490 ⁶
665 1461 790 1514 ἀλλ’·
823 1464 1103 1534 ἑκατέρων
1145 1468 1202 1519 ὲν
1237 1468 1351 1530 τοῖς
1405 1467 1556 1529 ἰδίοις
1603 1469 1875 1537 μενόντων

278 1550 453 1616 ὅροις,
483 1554 580 1622 μία
609 1557 674 1608 ὲκ
704 1555 908 1611 τούτων
958 1558 1121 1628 φύσις
1171 1561 1530 1629 ἀπετελέσθη.
1580 1563 1692 1613 Οὐκ
1728 1560 1875 1613 ἔστιν

279 1643 378 1697 οὖν
411 1644 521 1700 τῶν
549 1649 882 1716 ἁνεφίκτων,
920 1652 985 1704 ἐκ
1017 1651 1112 1705 δύο
1159 1654 1376 1722 φύσεων
1419 1656 1548 1724 μίαν
1591 1653 1754 1722 φύσιν
1780 1671 1874 1723 γε·

281 1739 498 1794 νέσΘαι.
544 1741 677 1794 Ἰδοὺ
707 1743 834 1815 γὰρ,
868 1745 959 1798 ἐπὶ
984 1745 1080 1817 τῆς
1115 1743 1418 1810 συνθέσεως
1449 1745 1544 1800 τοῦ
1579 1745 1872 1816 ἀνθρώπου

279 1830 443 1884 τοῦτό
471 1834 639 1889 ἐστιν.

285 2041 426 2087 asto;
457 2028 535 2090 εἰς
559 2028 719 2082 τοῦτο
748 2028 910 2096 μόνον
935 2028 1145 2098 ἐλήφθη
1189 2029 1266 2100 τῷ
1295 2030 1435 2098 ἁγίῳ
1467 2029 1721 2099 Κυρίλλῳ
1748 2072 1762 2093 ,
1791 2030 1871 2091 είς

278 2117 345 2167 τὸ
381 2115 575 2182 δεῖξαι,
624 2120 709 2172 ὅτι
748 2119 974 2174 δυνατόν
1024 2123 1176 2174 ἐστιν
1232 2123 1294 2177 ἐκ
1329 2120 1422 2173 δύο
1465 2121 1559 2172 καὶ
1596 2121 1872 2190 διαφόρων

282 2209 504 2277 φύσεων
531 2211 660 2279 μίαν
697 2212 952 2280 γενέσθαι
998 2212 1323 2274 ὑπόστασιν,
1368 2213 1561 2282 ὥσπερ
1596 2215 1662 2266 ὲκ
1694 2212 1874 2282 ψυχῆς

281 2305 382 2356 καὶ
425 2306 703 2374 σώματος,
737 2309 762 2359 ὁ
799 2309 1026 2376 Πέτρος,
1053 2308 1292 2379 τυχὸν,ῆ
1325 2308 1354 2359 ὁ
1393 2307 1621 2372 Παῦλος.
1644 2309 1731 2374 Τῷ
1765 2308 1874 2378 γὰρ

281 2395 569 2468 Νεστορίῳ
611 2398 925 2468 μαχομένῳ,
964 2398 1226 2453 ἀδύνατον
1257 2400 1468 2467 λέγοντι
1509 2402 1570 2452 ὲκ
1597 2399 1874 2468 διαφόρων

280 2494 506 2560 φύσεων
553 2493 685 2561 μίαν
708 2493 968 2561 γενέσθαι
999 2493 1324 2557 ὑπόστασιν,
1365 2495 1460 2547 καὶ
1488 2492 1576 2546 διὰ
1599 2487 1758 2545 τοῦτο
1795 2493 1873 2552 είς

278 2587 377 2640 δύο
414 2589 704 2656 Χριστοῦς,
754 2591 848 2640 καὶ
882 2587 980 2642 δύο
1027 2589 1198 2651 υἱοὺς,
1233 2588 1323 2640 τὸν
1364 2587 1460 2640 ἕνα
1509 2587 1744 2656 Χριστὸν
1776 2584 1874 2637 καὶ

281 2681 587 2751 ἀμέριστον
612 2676 864 2750 dep/avo);
895 2679 1354 2751 καταμερίζοντι,
1389 2681 1570 2751 ἤγαγε
1601 2681 1658 2733 τὸ
1690 2680 1870 2748 παρά-

280 2776 487 2842 ξειγμα
524 2771 617 2825 τοῦ
664 2771 979 2844 ἀνθρώπου,
1025 2775 1105 2836 είς
1139 2773 1199 2825 τὸ
1231 2772 1420 2838 δεῖξαι,
1458 2773 1542 2826 ὅτι
1587 2770 1776 2840 ὥσπερ
1809 2773 1873 2823 ὲκ

282 2867 466 2937 ψυχῆς
492 2865 588 2918 καὶ
623 2865 871 2934 σώματος
907 2865 1195 2935 ἄνθρωπος
1224 2860 1326 2928 εἷς,
1368 2862 1543 2926 οὕτως
1577 2866 1641 2918 ὲκ
1677 2864 1869 2934 Θεότη-

284 2975 378 3019 τος
407 2958 504 3009 καὶ
537 2957 961 3028 ἁνθρωπότητος
989 2953 1068 3017 εἷς
1099 2956 1352 3025 Χριστός.
1388 2956 1450 3009 Ei
1492 2955 1547 3009 δὲ
1577 2955 1760 3032 βούλῃ,
1796 2952 1873 3007 εί.-

284 3063 485 3113 πωμεν
518 3048 611 3097 καὶ
634 3045 734 3116 τὴν
767 3046 967 3108 αἰτίαν,
1008 3045 1074 3099 δι’
1104 3046 1170 3117 ἣν
1200 3047 1294 3100 ἐπὶ
1324 3045 1423 3115 μὲν
1452 3046 1545 3098 τοῦ
1581 3046 1868 3115 ἀνθρώπου

284 3137 384 3191 τοῦ
409 3140 475 3191 ἐκ
501 3139 678 3208 ψυχῆς
723 3139 1086 3210 συγκειμένου
1131 3139 1230 3192 καὶ
1266 3137 1538 3210 σώματος,
1575 3140 1737 3209 φύσις
1770 3139 1869 3207 μία

1637 417 2098 482 DlSPUTATlO
2141 422 2191 483 l.

356 520 414 571 Ὀ
444 521 644 575 ΘΕΩΡ.
684 526 807 580 ’Ότι
840 529 942 580 οὐκ
969 529 1111 582 ἐστιν
1143 531 1176 601 ὴ
1214 529 1353 603 σὰρξ
1379 532 1472 584 καὶ
1508 531 1535 584 ὁ
1564 532 1734 600 Λόγος
1770 533 1866 603 μία
1901 538 1941 593 Ᾱ

3453 424 3559 487 154

2043 533 2298 588 Ἠιίἐῡῐῖ.
2333 537 2564 603 Carnem
2599 547 2654 590 et
2701 537 3020 593 Sermonem
3068 552 3174 592 non
3231 553 3394 593 unam
3440 554 3567 595 esse

1978 637 2249 681 ltulttrunt.

2051 719 2212 776 GEN.
2258 722 2519 789 Equidem
2573 738 2677 775 non
2721 723 2919 776 oblitus
2969 740 3085 778 sum
3135 739 3322 779 eorum
3373 739 3495 795 qua:
3530 741 3563 778 ει·

1978 827 2166 866 smn-to
2219 814 2424 883 Cyrillo
2460 816 2663 883 prolata
2718 824 2843 868 sunt
2899 826 3075 880 antea,
3126 833 3246 870 cum
3303 819 3558 872 diceret:

1976 909 2145 973 Quale
2190 909 2444 976 quiddun
2494 921 2574 963 est
2629 911 2822 973 homo,
2873 925 2938 962 ex
2993 909 3175 964 animo
3225 912 3299 964 ct‘
3330 924 3560 980 corpore

1978 1011 2255 1055 constans.
2315 1001 2447 1054 Nam
2481 1018 2542 1056 ea
2580 1002 2809 1056 diversa:
2839 1011 2968 1055 sunt
3004 1001 3214 1066 formae,
3263 1018 3364 1057 nec
3393 1003 3559 1072 ejus-

1978 1093 2096 1143 dem
2152 1091 2292 1170 inter
2340 1105 2399 1144 se
2456 1091 2771 1145 substantia:
2804 1109 2818 1145 :
2851 1105 3038 1145 verum
3073 1094 3258 1159 unita,
3303 1103 3555 1148 naturam

1980 1183 2219 1238 hominis
2273 1200 2433 1238 unam
2475 1185 2780 1240 absolvunt.
2834 1184 2910 1239 En
2941 1187 3032 1240 hic
3078 1202 3295 1256 quoque
3349 1196 3558 1242 natura:

1976 1277 2134 1340 duae,
2184 1279 2360 1330 anima
2405 1285 2460 1332 et
2510 1292 2729 1346 corpus.
2776 1276 2964 1348 Neque
3007 1289 3187 1333 tamen
3233 1280 3339 1334 vel.
3375 1280 3556 1334 anima

1977 1371 2224 1439 corporis
2269 1370 2323 1424 in
2375 1381 2628 1424 naturam
2673 1386 2934 1426 conversa
2970 1382 3073 1434 est,
3125 1387 3226 1426 nec
3261 1387 3456 1439 corpus
3499 1373 3554 1426 iu

1978 1464 2172 1518 animm
2204 1473 2454 1518 naturam
2503 1465 2764 1518 transiit:
2795 1466 2888 1520 sed
2931 1464 3194 1519 ambobus
3237 1466 3380 1519 intra
3421 1466 3559 1520 lines

1976 1569 2102 1610 suos
2136 1554 2504 1618 manentibus,
2539 1570 2646 1607 una
2680 1555 2747 1609 de
2787 1555 2868 1609 his
2911 1554 3155 1609 absoluta
3210 1565 3402 1610 natura
3450 1568 3554 1611 εει.

1977 1646 2161 1714 ltaque
2207 1662 2310 1700 non
2346 1656 2521 1700 estex
2573 1661 2762 1700 eorum
2817 1662 3044 1700 numero
3110 1662 3230 1715 quae
3295 1646 3411 1704 ﬁeri
3460 1663 3560 1701 ne-

1975 1753 2200 1808 queunt,
2250 1756 2314 1794 ex
2366 1741 2573 1794 duabus
2631 1739 2841 1793 naturis
2896 1755 3058 1792 unam
3111 1740 3228 1794 fieri
3283 1751 3556 1795 naturam.

1938 1894 1943 1899 _
1977 1833 2112 1887 Nam
2145 1848 2274 1888 ecce
2305 1834 2404 1887 hoc
2435 1834 2487 1887 in
2521 1832 2756 1886 hominis
2786 1844 2871 1886 est
2905 1835 3320 1902 compositiOne.

366 1925 429 1980 Ὃ
465 1929 660 1983 ΘΕΩΡ.
696 1931 770 1984 Τὸ
797 1911 1151 2002 παράδειγμα
1189 1933 1290 2002 τῆς
1324 1934 1446 1988 καθ’
1489 1935 1638 2005 ἡμᾶς
1670 1935 1868 1988 συνθέ-
1905 1897 1944 1952 Β

2051 1925 2308 1983 THEOR.
2359 1927 2679 1996 Exemplum
2732 1928 2861 1980 illud
2912 1939 3110 1982 nostra
3150 1927 3559 1998 compOsitionis

1974 2025 2038 2077 ad
2070 2023 2172 2076 hoc
2221 2022 2489 2076 duntaxat
2536 2037 2564 2074 a
2617 2032 2805 2076 sancto
2841 2021 3042 2094 Cyrillo
3076 2033 3158 2075 est
3211 2030 3556 2092 usurpatum.

1976 2129 2032 2169 ut
2058 2118 2391 2181 ostenderet,
2442 2131 2599 2184 posse
2628 2117 2691 2168 de
2726 2114 2935 2169 duabus
2974 2130 3039 2168 ac
3071 2115 3302 2171 diversis
3347 2115 3557 2167 naturis

1977 2224 2140 2261 unam
2190 2208 2502 2278 hypostasin
2534 2205 2650 2261 ﬁeri
2688 2226 2700 2260 :
2733 2205 2873 2260 sicut
2904 2221 2968 2259 ex
2999 2207 3182 2260 animo
3211 2215 3266 2260 et
3304 2219 3554 2275 corpore,

1974 2303 2172 2356 Petrus
2233 2301 2379 2356 verbi
2433 2300 2643 2373 gratia,
2704 2301 2786 2354 vel
2837 2299 3059 2355 Paulus.
3108 2299 3361 2369 Pugnans
3408 2298 3556 2354 enim

1974 2402 2165 2449 contra
2200 2393 2534 2456 Nestorium,
2569 2393 2659 2461 qui
2696 2392 2810 2445 fieri
2847 2407 3002 2460 posse
3031 2402 3259 2459 negaret
3293 2407 3452 2443 unam
3487 2405 3556 2444 ex

1976 2489 2208 2543 diversis
2244 2488 2454 2541 naturis
2491 2487 2829 2558 hypostasin,
2867 2487 3096 2551 ideoque
3130 2484 3182 2538 iu
3217 2485 3355 2539 duos
3395 2483 3558 2539 Chri-

1975 2597 2112 2649 stos,
2159 2593 2210 2636 et
2247 2585 2383 2636 duos
2422 2579 2610 2644 Filios,
2641 2597 2805 2634 unum
2855 2591 2905 2633 et
2959 2579 3342 2649 impartibilcm
3392 2579 3559 2635 Chri-

1976 2694 2118 2735 stum
2157 2678 2318 2734 stulte
2351 2676 2653 2742 divideret;
2704 2673 2938 2728 hominis
2966 2673 3268 2743 exemplum
3311 2673 3556 2740 adduxit,

1979 2783 2035 2826 ut
2076 2771 2414 2834 ostenderet,
2445 2769 2900 2838 quemadmodum
2932 2783 2996 2820 ex
3032 2768 3210 2820 anima
3244 2774 3298 2820 et
3329 2780 3560 2836 corpore

1976 2874 2189 2920 constet
2222 2879 2360 2918 unus
2385 2863 2571 2925 homo,
2628 2861 2706 2916 sic
2735 2876 2798 2914 ex
2844 2860 3025 2915 divina
3073 2859 3416 2927 humanaque
3459 2876 3561 2914 na-

1979 2971 2097 3012 tura
2140 2957 2420 3012 Christum
2454 2970 2619 3009 unum
2648 2955 2934 3008 exsistere.
2977 2953 3322 3020 Exponamus
3351 2961 3406 3006 et
3429 2965 3561 3007 cau-

1978 3066 2117 3116 Sam,
2152 3050 2194 3104 si
2223 3049 2423 3119 placet,
2460 3049 2526 3102 ob
2571 3061 2733 3116 quam
2771 3049 2826 3098 in
2881 3045 3101 3098 homine
3143 3044 3445 3111 composito
3489 3059 3558 3098 ex

1980 3143 2159 3197 anima
2217 3150 2301 3198 et;
2324 3155 2594 3210 corpore,
2659 3147 2849 3192 natura
2909 3138 3123 3190 dicatur
3180 3151 3304 3189 una.
3349 3136 3558 3205 Quippe

279 3233 532 3298 λέγεται.
583 3234 832 3301 Λέγομεν
875 3235 1005 3303 γὰρ,
1044 3234 1156 3301 Τὴν
1210 3233 1371 3300 φύσιν
1414 3233 1523 3286 τῶν
1571 3231 1872 3301 ἀνθρώπων

1984 3237 2236 3296 dicimus,
2265 3245 2519 3287 naturam
2548 3233 2837 3286 humanam
2865 3245 2892 3282 a
2921 3230 3143 3283 Christo
3173 3231 3554 3293 instauratatn,

285 3324 637 3377 ivexaivwsv
684 3325 712 3377 ὀ
757 3324 1016 3394 Χριστὸς,
1066 3327 1126 3376 οὑ
1183 3324 1441 3393 ὶέγομεν,
1499 3326 1596 3388 τὰς
1653 3325 1869 3389 φύσεις.

296 3417 462 3470 Ἀλλὰ
507 3417 598 3468 καὶ
628 3418 757 3470 ὅταν
784 3419 829 3469 οί
858 3417 990 3470 θεῖοι
1020 3417 1260 3486 Πατέρες
1289 3416 1381 3469 δύο
1409 3417 1597 3484 φύσεις
1627 3417 1876 3485 λέγουσιν

280 3509 376 3563 ἐπὶ
405 3510 500 3562 τοῦ
532 3509 796 3579 Χριστοῦ,
823 3512 927 3580 τὴν
949 3509 1129 3580 ψυχὴν
1175 3512 1268 3562 καὶ
1313 3510 1375 3563 τὸ
1417 3510 1579 3581 σῶμα
1615 3511 1690 3574 ὡς
1741 3512 1871 3581 μίαν

269 3603 453 3670 φύσιν
478 3601 874 3673 λαμϐάνουσιν.
916 3602 1038 3655 Ἐπὶ
1066 3601 1121 3654 δὲ
1146 3602 1237 3656 τοῦ
1261 3602 1500 3675 Χριστοῦ
1555 3604 1686 3674 μίαν
1713 3603 1875 3674 φύσιν

278 3697 470 3765 λέγειν
489 3714 550 3750 κε
560 3695 816 3752 κὼλυται.

369 3790 434 3846 ’0
467 3789 628 3844 ΚΑΘ.
685 3790 956 3860 Βούλομαι
1001 3791 1196 3860 μαθεῖν
1245 3790 1465 3861 πρῶτον
1513 3789 1663 3862 παρὰ
1710 3793 1876 3846 τίνων

281 3885 602 3941 κεκώλυται
641 3884 774 3954 μίαν
821 3885 986 3952 φύσιν
1007 3885 1188 3954 λέγειν
1220 3887 1315 3938 ἐπὶ
1352 3886 1444 3938 τοῦ
1484 3885 1748 3954 Χριστοῦ,
1780 3888 1876 3939 καὶ

281 3986 408 4035 τότε
448 3982 543 4033 καὶ
575 3982 675 4049 τὴν
705 3980 888 4033 αίτίαν
916 3980 985 4034 δι’
1017 3981 1083 4050 ἢν
1120 3981 1278 4034 τοῦτο
1339 3982 1675 4041 κεκώλυται,
1711 3983 1879 4033 ἀκου-

285 4073 524 4144 σύμεθα,
561 4076 609 4127 εί
641 4075 834 4126 δοκεῖ’
874 4073 997 4144 ἐμοὶ
1035 4075 1147 4145 γὰρ
1172 4074 1233 4128 οὐ
1269 4075 1418 4128 δοκεῖ
1459 4074 1541 4128 ὅτι
1569 4074 1879 4129 κεκώλυται

285 4168 444 4235 παρὰ
472 4182 618 4228 τινος
645 4166 753 4218 τῶν
782 4165 955 4234 ἁγίων
994 4167 1282 4236 Πατέρων.

371 4261 432 4316 Ὅ
465 4261 664 4313 ΘΕΩΡ.
719 4259 853 4314 Ἀπὸ
884 4259 981 4313 τοῦ
1027 4259 1210 4327 λέγειν
1251 4259 1346 4314 δύο
1393 4261 1610 4329 φύσεις,
1647 4265 1878 4329 νοεῖται,

280 4355 368 4410 ὅτι
396 4355 463 4407 οὐ
495 4353 618 4425 μία.
645 4352 710 4406 El
739 4353 851 4424 γὰρ
886 4351 1002 4418 δύο,
1055 4354 1118 4406 οὺ
1155 4353 1290 4424 μία*
1328 4357 1378 4408 εἰ
1422 4355 1480 4408 δὲ
1518 4355 1637 4424 μία,
1670 4356 1732 4409 οὐ
1761 4355 1880 4410 δύο.

377 4539 437 4592 '0
464 4537 630 4592 ΚΑΘ.
673 4537 805 4589 Ἀπὸ
830 4535 1036 4590 ’τούτου
1087 4535 1248 4606 μόνον
1284 4535 1466 4605 λέγεις
1514 4537 1596 4590 ὅτι
1629 4537 1879 4591 κεκώλυ-

1979 3344 2082 3380 non
2138 3336 2318 3378 autem
2350 3365 2363 3387 ,
2424 3334 2649 3377 naturas
2701 3320 3054 3374 instauratus.
3105 3319 3292 3372 Itidem
3343 3318 3558 3388 quoties

1978 3415 2081 3465 divi
2111 3413 2300 3467 Patres
2326 3412 2459 3466 duas
2494 3419 2715 3464 naturas
2746 3411 2796 3463 in
2832 3411 3049 3466 Christo
3084 3409 3292 3472 dicunt,
3318 3409 3552 3462 animam

1975 3516 2028 3557 et
2055 3520 2272 3574 corpus,
2311 3518 2475 3558 unam
2510 3513 2759 3576 naturam
2792 3503 3110 3570 accipiunt;
3164 3510 3218 3555 at
3261 3503 3311 3554 in
3341 3501 3559 3556 Christo

1975 3608 2221 3652 naturam
2252 3613 2414 3652 unam
2447 3597 2633 3650 dicere
2669 3597 2999 3665 prohibitum
3033 3605 3138 3650 est.

2049 3797 2207 3853 GEN.
2236 3797 2581 3867 Cognoscere
2631 3799 2863 3866 primum
2913 3797 3114 3866 cupio,
3171 3813 3200 3850 a
3247 3798 3442 3866 quibus
3489 3798 3560 3853 sit

1983 3891 2315 3960 prohibitutn
2343 3900 2591 3943 naturam
2622 3905 2781 3943 unam
2813 3890 2863 3942 in
2888 3890 3104 3944 Christo
3135 3889 3337 3957 dicere,
3366 3890 3560 3946 deinde

1975 4000 2196 4039 causam
2229 3985 2297 4038 ob
2328 3998 2492 4052 quam
2528 3984 2597 4038 sit
2640 3983 2994 4053 prohibitum,
3027 3984 3073 4038 si
3124 3984 3320 4054 placet,
3372 3985 3560 4038 audie-

1979 4093 2120 4132 mus.
2171 4077 2301 4132 Nam
2335 4075 2464 4130 mihi
2496 4077 2717 4146 quidem
2767 4077 2836 4130 ab
2887 4077 3070 4144 aliquo
3117 4088 3428 4133 sanctorum
3463 4075 3563 4131 Pa—

1980 4183 2120 4225 trum
2155 4171 2255 4224 hoc
2281 4185 2404 4225 esse
2433 4169 2769 4238 prohibitum
2803 4183 2909 4222 non
2941 4170 3177 4224 videtur.

2055 4262 2311 4318 THEOR.
2366 4262 2442 4316 Ex
2477 4277 2540 4318 eo
2573 4263 2715 4332 quod
2766 4261 2904 4316 duas
2955 4261 3030 4316 illi
3081 4273 3304 4316 naturas
3351 4261 3560 4328 dicunt,

1981 4373 2144 4410 uuam
2193 4370 2295 4410 non
2338 4370 2460 4410 esse
2489 4355 2796 4418 dicendam,
2828 4354 3166 4424 intelligitur.
3191 4353 3325 4410 Nam
3350 4358 3393 4410 si
3419 4357 3560 4423 dua,

1979 4466 2084 4503 non
2119 4465 2223 4502 una
2250 4466 2265 4504 :
2296 4449 2377 4502 sin
2419 4463 2547 4513 una,
2583 4464 2688 4502 non
2721 4449 2858 4501 duas.

2052 4539 2214 4595 GEN.
2252 4539 2324 4592 Ex
2359 4555 2424 4595 eo
2457 4542 2722 4594 duntaxat
2756 4540 3087 4610 prohibitum
3124 4541 3222 4602 ais,
3257 4540 3398 4608 quod
3428 4539 3562 4595 duas

283 4650 403 4696 ιιαι,
438 4635 503 4684 ὲκ
532 4630 625 4683 τοῦ
660 4629 860 4696 λέγειν,
883 4628 976 4682 δύο
999 4645 1014 4662 ·
1047 4629 1078 4699 ἢ
1115 4628 1206 4681 καὶ
1234 4627 1463 4699 χρήσεις
1495 4628 1663 4699 ἔχεις,
1693 4631 1875 4700 ῥητῶς

1985 4632 2084 4700 ipsi
2139 4632 2321 4686 dicant
2358 4633 2480 4687 :An
2531 4644 2588 4685 et
2635 4635 2990 4689 auctoritates
3045 4633 3233 4700 babes,
3289 4649 3411 4704 quae
3456 4635 3561 4691 hoc

287 4725 452 4780 τοῦτο
481 4723 692 4778 κωλυού
702 4739 798 4784 σας
818 4739 832 4785 ;

374 4821 436 4873 Ὀ
462 4819 661 4871 ΘΕΩΡ.
712 4816 865 4870 Ἔδει
914 4815 1254 4886 ἀρκεσθῆναι
1307 4816 1416 4871 ἀπὸ
1471 4817 1686 4872 τούτου.
1730 4819 1877 4887 Πλὴν

288 4914 390 4968 καὶ
420 4913 653 4982 χρήσεις
695 4909 865 4977 ἁγίων
915 4908 1169 4978 μεγάλων
1197 4907 1327 4979 ἔχω,
1361 4908 1521 4961 τοῦτο
1557 4907 1881 4972 κωλυούσας

288 5003 502 5074 ῥητῶς.
537 5000 648 5053 Καὶ
678 4998 777 5069 τὴν
807 4997 904 5067 μὲν
948 4999 1145 5069 χρῆσιν
1193 4999 1286 5052 τοῦ
1336 4999 1622 5067 Θεολόγου,
1657 5001 1756 5070 τὴν
1789 5001 1880 5053 λέ-

285 5108 529 5164 τουσανο
568 5092 632 5147 El
666 5091 775 5162 γὰρ
795 5090 888 5144 καὶ
921 5091 981 5144 τὸ
1009 5093 1426 5162 συναμφότερον
1461 5091 1539 5155 ἓν,
1568 5093 1681 5146 ἀλλ’
1716 5094 1776 5146 ού
1809 5099 1874 5166 τῇ

284 5187 482 5258 φύσει,
517 5185 796 5257 παρήσειν
848 5202 937 5254 μοι
971 5183 1133 5249 δοκῶ,
1187 5185 1274 5236 διὰ
1326 5186 1385 5238 τὸ
1442 5185 1622 5254 λέγειν
1671 5189 1753 5249 σὲ,
1804 5188 1878 5259 μὴ

281 5278 512 5335 κεῖσθαι
537 5276 712 5340 οὕτως
746 5278 805 5330 ὲν
829 5275 909 5346 τῷ
949 5275 1260 5346 ’Δρμενικῷ
1302 5277 1495 5348 βιδλίῳ
1523 5296 1534 5310 ο
1571 5281 1879 5351 παραγάγω

281 5377 352 5434 δὶ
382 5377 479 5429 τὸν
504 5373 662 5444 ἅγιον
688 5369 1015 5443 ’Δμσρὸσιον
1042 5370 1134 5424 τὸν
1163 5371 1530 5438 Μεδιολάνων,
1556 5373 1698 5428 οὓτω
1723 5376 1877 5448 διαρ-

287 5473 466 5544 ρήδην
498 5473 557 5524 ὲν
583 5466 662 5538 τῷ
692 5466 837 5538 λόγῳ
883 5465 961 5537 τῷ
993 5465 1115 5518 κατ’
1167 5466 1548 5539 ’Δπολιναρίου
1607 5468 1838 5538 λέγοντα
1859 5488 1874 5501 ·

297 5565 688 5634 ,Δνεφάνησαν
715 5561 915 5630 ἕτεροι,
949 5557 1047 5630 τὴν
1076 5559 1256 5628 σάρκα
1284 5558 1380 5612 τοῦ
1409 5559 1620 5630 Κυρίου
1656 5563 1750 5615 καὶ
1780 5565 1878 5632 τὴν
1907 5578 1912 5583 ‘

289 5662 530 5724 οεὰῑητα
569 5656 701 5727 μιᾶς
731 5650 871 5708 εἶναι
896 5652 1111 5720 φύσεως
1136 5651 1412 5719 λέγοντες.
1444 5654 1603 5715 Ποίος
1624 5651 1756 5726 ᾅδης
1779 5653 1878 5729 τὴν

289 5760 552 5820 τοιαύτην
579 5743 937 5818 βλασφημίαν
966 5742 1266 5824 ὲξήμεσενς
1299 5743 1380 5796 Τὰ
1409 5745 1548 5798 αὐτὰ
1573 5749 1667 5799 καὶ
1685 5750 1711 5799 ὁ
1735 5747 1878 5813 θεῖος

295 5845 600 5915 Γρηγόριος
629 5843 657 5895 ὁ
687 5838 913 5910 Νύσσης
942 5837 1061 5908 βοᾷ,
1097 5837 1154 5889 ἐν
1181 5836 1259 5907 τῷ
1295 5837 1440 5907 λόγῳ
1478 5840 1572 5892 καὶ
1608 5842 1770 5904 αὐτὸς
1800 5844 1878 5915 τῲ

295 5938 422 5994 κατ’
469 5933 847 6003 Ἀπολιναρῖου
882 5930 1060 5998 λέγων
1080 5945 1095 5961 ο
1122 5927 1184 5982 El
1208 5927 1299 5983 οὖν
1320 5929 1377 5981 ὲν
1399 5931 1510 5994 τοῖς
1537 5931 1881 5998 ὑπεναντίοις

1979 4726 2182 4780 diserte
2219 4727 2585 4794 prohibeant?

2056 4816 2310 4872 THEOR.
2358 4817 2506 4871 Satis
2549 4818 2650 4872 hoc
2682 4833 2802 4873 esse
2841 4818 2936 4873 tibi
2966 4817 3194 4872 debebat
3229 4833 3241 4868 :
3278 4834 3463 4872 verum
3506 4828 3556 4873 et

1979 4921 2292 4965 sanctorum
2349 4925 2778 4980 magnorumque
2851 4911 3130 4965 hominum
3203 4912 3561 4968 auctoritates

1986 5004 2180 5066 habeo,
2224 5005 2424 5057 diserte
2470 5004 2573 5060 hoc
2617 5003 2992 5072 prohibentes.
3031 5003 3107 5057 Ac
3139 5001 3384 5072 Gregorii
3435 5005 3560 5074 qui-

1983 5097 2105 5149 dem
2149 5095 2406 5164 Tbeologi
2451 5095 2654 5149 dictum
2691 5096 2818 5150 illud
2850 5113 2863 5150 :
2901 5095 3054 5151 Licet
3103 5108 3331 5166 utraque
3364 5107 3555 5152 natura

1981 5187 2232 5256 copulata
2261 5225 2276 5251 ,
2323 5189 2393 5240 sit
2442 5204 2605 5241 unum
2649 5189 2942 5257 quiddam,
2990 5202 3096 5241 non
3145 5197 3325 5242 tamen
3381 5189 3480 5242 hoc
3527 5203 3557 5242 a

1983 5290 2174 5333 natura
2208 5290 2288 5334 est
2319 5296 2332 5332 :
2363 5279 2494 5334 illud
2534 5281 2698 5350 igitur
2731 5281 2984 5336 omittere
3031 5280 3182 5348 libet,
3230 5281 3452 5350 quando
3500 5291 3556 5334 tu

1984 5376 2060 5428 sic
2100 5373 2151 5428 in
2200 5375 2477 5429 Armenici
2525 5374 2651 5430 libri
2697 5385 2850 5436 textu
2886 5375 3148 5444 scriptum
3191 5389 3396 5444 negas:
3427 5389 3557 5443 pro-

1982 5468 2174 5520 ducam
2207 5482 2337 5522 vero
2381 5476 2628 5521 sanctum
2674 5467 2823 5522 illum
2873 5466 3244 5532 Ambrosium,
3292 5465 3558 5522 Mediolao

1986 5575 2209 5614 nensem
2243 5562 2554 5630 episcopum
2590 5559 2667 5614 sic
2709 5575 2968 5630 expresse
2998 5560 3308 5630 loquentem
3339 5563 3390 5617 in
3420 5563 3559 5618 libio

1984 5657 2245 5709 adversus
2268 5653 2622 5725 Apollinarim
2668 5673 2679 5708 :
2717 5653 3010 5726 Emergunt
3039 5656 3152 5723 alii,
3201 5656 3292 5727 qui
3339 5673 3558 5712 carnem

1985 5747 2198 5802 Domini
2231 5749 2418 5802 dicant
2467 5761 2520 5802 et
2552 5740 2917 5815 divinitatem,
2954 5748 3117 5803 unius
3165 5764 3286 5805 esse
3327 5761 3556 5806 ualui-tn.

1986 5842 2115 5907 Qum
2161 5851 2366 5916 tantum
2403 5842 2744 5912 sacrilegium
2797 5842 3006 5896 inferna
3054 5845 3415 5899 vomuerunt?
3453 5844 3559 5896 Εςι-

1986 5934 2103 5989 detn
2155 5935 2310 5989 divos
2345 5935 2433 5989 ille
2461 5933 2758 6005 Gregorius
2786 5931 3084 6004 Nysscnus,
3121 5935 3170 5989 in
3199 5935 3338 5992 libro
3365 5946 3420 5992 et
3446 5937 3562 6006 ipse
