4026 6296
459 388 573 458 159

529 507 690 565 GEN.
720 506 1135 578 Sapientissime
1164 508 1424 581 loqueris.
1458 509 1657 567 Verum
1685 511 1762 566 uti
1796 519 1851 564 tu
1880 510 2041 574 dicis,
2074 517 2117 570 Α

458 596 770 673 exemplum
805 601 910 657 hoc
944 603 1181 659 hominis
1214 619 1281 659 eo
1311 612 1520 659 tantum
1566 620 1595 659 a
1629 606 1831 660 sanctis
1862 604 2040 660 Patri-

1892 390 2332 455 ΤΗΕΟΒΙΑΝῙ

3638 389 3742 456 ίϐθ

2223 507 2282 559 Ὀ
2315 502 2475 560 ΚΑΘ.
2509 501 2808 573 Σοφώτατα
2841 504 3046 573 λέγεις.
3064 504 3208 560 Ἀλλ’
3235 503 3429 579 ὥσπερ
3452 506 3519 562 sit
3534 505 3741 577 λέγεις»

2146 599 2233 653 ὃτι
2265 598 2524 668 εἴληπται
2555 599 2668 662 τοῖς
2698 596 2878 666 ἁγίοις
2901 598 2965 652 τὸ
3016 598 3115 651 τοῦ
3145 597 3436 668 ἀνθρώπου
3477 598 3745 669 παράδειο

460 698 562 753 bt;s
596 706 938 768 usurpatum,
979 705 1040 753 ut
1082 697 1421 762 ostendatur,
1468 699 1925 767 quemadmodum
1974 712 2042 751 ex

2162 709 2266 761 γμα
2294 690 2432 763 πρὸς
2478 691 2640 757 μόνον
2669 690 2731 744 τὸ
2763 689 2960 758 δεῖξαι,
2983 692 3066 745 ὅτι
3092 690 3291 764 ὥσπερ
3315 695 3378 747 ἐκ
3436 692 3618 764 ψυχῆς
3647 695 3744 747 καὶ

459 792 641 846 anima
678 801 734 846 et
767 804 990 861 corpore
1028 806 1167 845 unus
1200 791 1363 844 homo
1395 801 1631 857 constet,
1680 790 1753 847 ita
1785 798 1841 847 et
1878 790 2043 847 Chri-

460 894 603 939 stum
658 899 823 938 unum
859 898 923 937 ex
956 883 1237 937 divinitate
1269 883 1715 955 humanitateque
1744 894 1995 939 constare
2025 900 2042 941 :

459 978 540 1032 sic
568 987 622 1032 et
649 977 767 1047 ipse
799 976 979 1031 dicere
1012 990 1255 1045 possunt,
1287 990 1385 1031 eos
1413 977 1480 1031 ad
1511 978 1612 1032 hoc
1646 992 1863 1034 sumere
1902 979 2044 1034 istud

460 1070 699 1127 hominis
745 1071 1076 1139 exemplum,
1130 1079 1188 1123 ut
1240 1071 1552 1135 ostendant,
1610 1070 1834 1141 perinde
1884 1080 2047 1139 atque

459 1160 640 1215 anime
678 1171 731 1215 et
759 1176 955 1228 corpus
991 1176 1152 1214 unam
1191 1160 1424 1217 hominis
1461 1168 1706 1217 naturam
1738 1161 2044 1229 absolvant,

461 1255 537 1310 uti
569 1266 789 1309 sanctus
817 1255 1051 1323 Cyrillus
1096 1254 1355 1323 loquitur,
1421 1256 1493 1309 ita
1540 1256 1703 1311 etiam
1734 1272 1800 1310 ex
1844 1256 2047 1313 divini-

462 1356 573 1402 tate
606 1356 765 1415 atque
814 1346 1151 1401 humanitate
1195 1356 1441 1401 naturam
1472 1363 1633 1401 uuam
1662 1362 1785 1403 esse
1829 1346 2051 1403 absolu-

464 1450 598 1503 tam,
634 1454 734 1493 nec
768 1440 821 1493 in
857 1439 1077 1493 homine
1120 1438 1473 1496 mutationem
1524 1449 1841 1496 naturarum
1890 1442 2049 1497 dein-

461 1546 589 1601 ceps
623 1532 1047 1603 compositarum
1076 1532 1414 1599 comitatam,
1446 1546 1543 1587 nec
1570 1533 1623 1587 iu
1655 1532 1891 1613 Christo.

532 1622 789 1679 THEOR.
822 1623 935 1679 Nisi
965 1624 1296 1694 prohibitum
1323 1634 1466 1680 esset
1492 1639 1521 1678 a
1548 1626 1749 1679 sanctis
1774 1625 2047 1691 Patribus,

463 1733 529 1773 ne
558 1733 719 1772 uuam
751 1718 803 1771 in
831 1716 1053 1790 Christo
1084 1726 1357 1781 naturam,
1387 1729 1508 1788 post
1532 1716 1733 1772 factam
1766 1719 2047 1784 unionem,

462 1814 705 1867 dicamus
734 1829 748 1866 :
776 1811 1027 1867 fortassis
1066 1826 1232 1868 ausus
1278 1809 1473 1868 fuisset
1506 1810 1701 1881 aliquis
1748 1812 1952 1879 itidem,
1992 1821 2052 1866 ut

2150 787 2406 857 σώματος
2436 785 2726 856 ἄνθρωπος
2751 781 2855 851 εἷς,
2887 786 3065 850 οὕτως
3096 787 3161 839 lx
3194 787 3456 858 θεότητος
3505 788 3601 841 καὶ
3653 788 3745 839 ἀν⁸

2149 877 2503 949 θρωπότητος
2523 872 2603 942 εἷς
2621 877 2860 950 Χριστός
2885 891 2901 906 ⁸
2933 875 3082 930 οὕτω
3097 875 3343 946 δύναμαι
3359 866 3517 945 κάγὼ
3540 877 3739 940 εἰπεῖν,

2155 969 2240 1023 δτι
2271 970 2350 1031 είς
2380 968 2545 1024 τοῦτο
2574 968 3074 1039 παραλαμϐάνουσι
3109 969 3169 1023 τὸ
3238 968 3595 1041 παράδειγμα
3642 969 3740 1023 τοῦ

2150 1061 2468 1134 ἀνθρώπου.
2497 1064 2580 1128 είς
2608 1062 2670 1117 τὸ
2698 1062 2897 1130 δεῖξαι,
2930 1064 3015 1116 ὅτι
3040 1062 3235 1133 ὥσπερ
3262 1063 3413 1133 ψυχὴ
3448 1064 3545 1116 καὶ⁵
3580 1062 3743 1134 σῶμα

2154 1158 2285 1228 μίαν
2314 1156 2609 1225 ἀνθρώπου
2630 1154 2795 1227 φύσιν
2818 1142 3184 1223 ἀπετέλεσαν,
3213 1142 3482 1226 ὦςφησιν
3519 1158 3548 1211 ό
3584 1157 3743 1226 ἆγιος

2153 1250 2448 1323 Κύριλλος,
2473 1249 2623 1305 οὕτω
2655 1254 2749 1305 καὶ
2777 1253 2842 1305 ἐκ
2872 1251 3133 1322 θεότητος
3151 1252 3246 1305 καὶ
3318 1251 3744 1324 ἀνθρωπότητος

2156 1345 2256 1415 μία
2281 1345 2449 1414 φύσις
2473 1344 2838 1415 ἀπετελέσθη,
2869 1345 2967 1399 καὶ
3011 1344 3137 1398 οὔτε
3195 1345 3257 1398 ὲν
3324 1344 3402 1415 τῷ
3470 1344 3746 1415 ἀνθρώπῳ

2152 1439 2333 1510 τροπὴ
2361 1439 2471 1493 τῶν
2502 1438 2630 1509 ἑξῆς
2656 1438 3019 1492 συντεθεισῶν
3041 1440 3260 1509 φύσεων
3323 1437 3746 1509 παρηκολούθη-

2155 1549 2268 1595 σεν,
2302 1532 2427 1585 οὒτε
2458 1534 2516 1585 ὲν
2545 1530 2623 1604 τῷ
2656 1531 2902 1604 Χριστῷ.

2226 1625 2290 1681 '0
2327 1626 2526 1681 ΘΕΩΡ.
2556 1628 2619 1680 Et
2656 1626 2731 1697 μὴ
2755 1626 3067 1681 ἐκεκώλυτο
3097 1623 3250 1697 παρὰ
3299 1624 3412 1680 τῶν
3436 1624 3605 1693 ἁγίων
3629 1624 3745 1680 Udo

2152 1718 2352 1789 τέρων,
2386 1719 2449 1773 τὸ
2474 1719 2657 1787 λέγειν
2686 1718 2817 1789 μίαν
2848 1720 2943 1772 ἐπὶ
2993 1718 3089 1771 τοῦ
3150 1716 3390 1789 Χριστοῦ
3448 1719 3592 1790 μετὰ
3645 1718 3745 1789 τὴν

2156 1814 2359 1869 ἕνωσιν
2389 1814 2577 1884 φύσιν.
2622 1813 2754 1877 ἴσως
2786 1814 2854 1868 ἂν
2891 1814 3161 1885 ἐτόλμησέ
3195 1830 3277 1878 τις
3304 1814 3397 1870 καὶ
3448 1813 3647 1878 οὓτως,
3670 1814 3747 1878 ὡς

468 1916 523 1960 ιιι
558 1904 716 1971 dicis,
759 1904 861 1961 hoc
894 1904 1199 1975 exemplqu
1234 1906 1615 1975 interpretari;
1648 1906 1775 1960 licet
1814 1906 1931 1975 ipsa
1968 1922 2050 1961 re-

2162 1909 2218 1962 σὺ
2248 1909 2376 1981 φῂς,
2404 1907 2661 1962 ἐκλαϐεῖν
2693 1908 2756 1961 τὸ
2778 1908 3143 1979 παράδειγμα
3170 1925 3185 1939 ·
3255 1904 3360 1961 κᾶν
3391 1909 3425 1979 ὴ
3455 1905 3566 1959 τῶν
3595 1922 3748 1977 πρα-

465 2016 581 2054 rum
620 2008 809 2054 natura
855 1997 936 2055 sic
976 1998 1107 2054 illud
1139 1998 1312 2071 accipi
1364 2015 1472 2054 non
1507 2001 1808 2068 permittat,
1842 2000 1919 2055 uti
1954 2001 2051 2055 de-

464 2093 877 2149 monstrabitur.
909 2091 1065 2148 Nunc
1091 2107 1216 2148 cum
1250 2092 1385 2149 tales
1411 2107 1475 2149 ac
1505 2102 1583 2149 tot
1614 2096 1785 2150 sancti
1819 2095 1918 2150 viri
1948 2099 2052 2151 hoc

443 2183 841 2253 prohibuerint
914 2192 1176 2255 tanquam
1252 2185 1578 2253 sacrilegum
1632 2184 1820 2256 (quat,
1876 2186 2052 2256 inquit

463 2275 623 2332 divus
668 2275 756 2330 ille
802 2275 1143 2343 Ambrosius,
1184 2284 1395 2331 tantum
1446 2278 1790 2346 sacrilegium
1839 2276 2050 2334 inferna

463 2368 862 2438 vomuerunt?)
937 2384 1036 2425 ceu
1086 2369 1231 2438 pium
1271 2371 1534 2440 recipere,
1613 2371 1851 2427 hominis
1902 2370 2049 2427 nulla

466 2472 645 2516 mente
680 2462 888 2529 przediti
931 2461 1117 2517 fuerit.

535 2551 695 2607 CEN.
734 2554 924 2609 Dixisti
960 2570 1146 2623 supra,
1180 2568 1248 2609 ne
1281 2554 1450 2622 ipsam
1495 2553 1708 2621 quidem
1743 2570 1922 2609 reruzn
1954 2570 2055 2608 na-

463 2654 642 2700 turam
681 2646 811 2715 pati,
850 2656 911 2700 ut
949 2645 1027 2701 sic
1073 2646 1389 2715 accipiatur.
1441 2646 1709 2712 Quidnam
1758 2647 1922 2717 igitur
1968 2657 2053 2702 est

469 2736 891 2802 impedimento?
934 2752 1109 2807 quove
1163 2746 1322 2807 pacto
1376 2749 1569 2791 natura
1626 2750 1806 2792 rerum
1859 2738 1912 2792 in
1966 2738 2051 2792 his

465 2827 821 2883 adversatur?

534 2922 790 2978 THEOR.
825 2922 1029 2979 Natura
1063 2925 1129 2979 de
1156 2925 1555 2979 universalibus
1585 2934 1639 2978 et
1670 2923 2052 2979 communibus

464 3015 681 3081 dicitur,
719 3032 827 3071 non
876 3018 942 3071 de
976 3018 1397 3084 particularibus
1443 3028 1497 3072 et
1537 3016 1851 3072 individuis.
1878 3016 2053 3071 Homo

462 3107 719 3177 quiddam
749 3116 831 3161 est
862 3106 1187 3163 universale.
1219 3106 1351 3161 Nam
1384 3108 1449 3161 de
1477 3108 1658 3172 Petro,
1686 3106 1956 3178 ειςρυυιο,
1997 3114 2053 3159 et

2155 2005 2391 2070 γμάτων
2430 2000 2598 2070 φύσις
2625 2000 2799 2063 οὕτως
2830 2000 2966 2052 αὐτὸ
3010 1998 3464 2070 ἐκλαμϐάνεσθαι
3508 1999 3611 2054 οὒκ
3661 2000 3747 2072 ἑᾷ,

2152 2091 2229 2156 ὡς
2258 2092 2617 2162 δειχθήσεται
2653 2106 2668 2121 ⁸
2703 2090 2824 2143 νυνὶ
2859 2091 2915 2144 δὲ
2947 2090 3224 2143 τοσούτων
3256 2090 3352 2143 καὶ
3406 2088 3749 2160 τηλικούτων

2155 2184 2347 2254 ἁγίων,
2371 2184 2446 2248 ὡς
2466 2183 2812 2256 βλάσφημον,
2836 2182 2969 2238 αὐτὸ
2996 2184 3360 2239 κωλυσάντων
3385 2184 3559 2255 (ποῖος
3584 2182 3745 2256 ᾅδης.

2155 2280 2321 2349 φησιν
2342 2279 2371 2330 ό
2401 2277 2544 2341 θεῖος
2560 2277 2616 2329 ’Λ
2629 2275 2889 2348 μϐρόσιος
2909 2317 2925 2342 ,
2955 2275 3219 2346 τοιαύτην
3239 2274 3599 2346 βλασφημίαν
3616 2273 3747 2347 ἐξη-

2157 2371 2372 2442 μεσενς)
2404 2370 2484 2434 ὡς
2510 2369 2739 2435 εὐσεϐὲς
2795 2368 3227 2441 παραδέχεσθαι,
3268 2368 3567 2441 ἀνθρώπου
3619 2367 3751 2424 νοῦν

2155 2465 2259 2518 οὐκ
2293 2465 2535 2535 ἔχοντος,
2572 2464 2696 2519 οὐδὲ
2733 2465 2963 2535 φρένας,
2996 2465 3168 2520 ἐστίν.

2237 2558 2296 2611 '0
2338 2559 2500 2614 ΚΑΘ.
2538 2555 2715 2623 Εἲπας
2740 2560 2874 2625 ἄνω,
2906 2560 2989 2613 ὃτι
3011 2559 3136 2613 οὔτε
3166 2563 3199 2629 ὴ
3229 2561 3395 2631 φύσις
3439 2560 3548 2614 τῶν
3602 2576 3748 2633 πρα-

2154 2652 2384 2722 γμάτων
2415 2650 2588 2715 οὔτως
2629 2652 2695 2724 ἑᾷ
2744 2652 3218 2724 ἐπιλαμϐάνεσθαι.
3278 2655 3345 2708 Τί
3387 2654 3481 2708 οὖν
3525 2657 3647 2708 ἐστι
3687 2654 3751 2709 τδ

2156 2744 2369 2798 κωλὺον
2395 2760 2411 2809 ;
2447 2744 2683 2807 καὶπῶς
2716 2745 2750 2814 ἡ
2782 2745 2946 2813 φύσις
2974 2744 3087 2797 τῶν
3112 2746 3464 2817 πραγμάτων
3518 2747 3580 2800 ἐν
3623 2745 3751 2800 τού-

2152 2852 2267 2897 τοις
2280 2835 2591 2889 ἀντίκειται
2614 2853 2633 2903 ;

2227 2926 2288 2981 Ὀ
2313 2927 2600 2984 ΘΕΩΡ.Ἢ
2629 2928 2791 2997 φύσις
2819 2930 2914 2983 ἐπὶ
2938 2929 3050 2985 τῶν
3076 2930 3311 2985 καθόλου
3337 2930 3433 2985 καὶ
3450 2931 3645 2986 κοινῶν
3662 2930 3752 2986 λέ·-

2154 3039 2337 3091 γεται,
2372 3022 2473 3077 οὐκ
2496 3024 2588 3077 ἐπὶ
2617 3024 2727 3077 τῶν
2767 3024 3012 3097 μερικῶν
3035 3026 3133 3079 καὶ
3155 3027 3396 3095 ἀτόμων.
3447 3026 3508 3080 ’0
3536 3024 3630 3079 οὖν
3656 3026 3759 3079 ἄν·Δ

2155 3116 2373 3188 θρωπος
2406 3118 2639 3172 καθόλου
2672 3118 2811 3175 ἐστί.
2850 3118 3007 3174 Κατὰ
3034 3118 3146 3192 γὰρ
3175 3120 3410 3191 Πέτρου,
3468 3120 3564 3174 καὶ
3591 3120 3743 3173 Hau-

463 3202 717 3255 omnibus
750 3201 1024 3271 sigillatim
1061 3203 1370 3257 hominibus
1416 3202 1761 3270 prmdieatur.
1797 3201 2050 3272 Quapro-

2162 3214 2270 3277 λου,
2303 3214 2397 3267 καί
2431 3213 2653 3266 πάντων
2676 3213 2785 3267 τῶν
2810 3212 2955 3267 κατὰ
2999 3214 3170 3283 μέρος
3229 3212 3541 3283 ἀνθρώπων
3572 3230 3747 3280 κατη-

465 3304 584 3362 pter
629 3304 685 3349 et
718 3310 823 3350 una
872 3307 1060 3349 natura
1110 3296 1330 3351 dicitur.
1379 3294 1579 3351 Omnes
1612 3296 1759 3349 enim
1806 3296 2053 3351 homines

463 3400 529 3439 οι
566 3386 744 3441 anima
779 3388 987 3443 ratione
1018 3388 1239 3458 praedita
1286 3397 1339 3441 et
1377 3397 1606 3458 corpore
1646 3399 1921 3454 constant,
1952 3388 2053 3441 ho-

465 3478 735 3548 minisque
780 3477 1151 3535 delinitionem
1205 3479 1501 3549 recipiunt.
1553 3479 1810 3534 nimirum
1856 3478 1997 3534 hanc
2034 3498 2049 3535 :

465 3571 681 3626 Animal
730 3572 939 3628 ratione
985 3574 1289 3644 praeditum,
1336 3571 1581 3627 mortale.
1633 3571 1880 3625 Deﬁnitio
1922 3588 2052 3626 vero

468 3676 716 3720 naturam
752 3666 827 3720 rei
860 3664 1117 3735 subjecta:
1143 3667 1498 3721 demonstrat.
1527 3664 1699 3732 Quam
1729 3665 1798 3719 ob
1829 3681 2048 3721 causam

465 3757 743 3818 individua
779 3759 1051 3830 propriam
1085 3757 1452 3813 deﬁnitionem
1498 3774 1603 3813 non
1636 3758 1857 3813 habent.
1889 3758 2048 3813 Chri-

468 3864 585 3908 stus
616 3863 795 3909 autem
848 3869 947 3910 nec
991 3855 1319 3917 universale.
1353 3870 1450 3909 nec
1477 3870 1766 3910 commune
1795 3856 2048 3926 quiddam

468 3956 572 4003 est.
606 3948 718 4005 Una
748 3949 1000 4004 nimirum
1027 3959 1110 4004 est
1143 3950 1470 4021 hypostasis,
1499 3966 1602 4003 una
1634 3965 1885 4021 persona,
1917 3966 2053 4020 qua-

466 4044 621 4113 sique
662 4043 1015 4099 individuum.
1054 4042 1169 4099 Non
1216 4043 1359 4099 enim
1408 4045 1498 4098 alii
1539 4044 1741 4099 Christi
1794 4055 1941 4106 sunt,
1982 4060 2050 4099 ex

464 4136 749 4194 divinitate
783 4148 948 4206 atque
994 4138 1327 4193 humanitate
1373 4148 1719 4201 constantes.
1760 4140 1827 4193 de
1873 4138 1939 4192 iis
1991 4149 2051 4193 ut

464 4232 811 4305 prmdicetur.
842 4232 1147 4303 Eapropter
1177 4247 1280 4287 una
1313 4232 1497 4301 nequit
1523 4246 1644 4286 esse
1671 4240 1881 4285 natura.
1912 4220 2047 4285 Nam

465 4325 813 4396 particularis
855 4334 912 4382 et
956 4325 1233 4382 individua
1288 4332 1480 4380 natura
1533 4321 1762 4393 reperiri
1812 4324 2046 4393 nequit:

464 4426 559 4481 sed
598 4429 777 4481 omnis
829 4433 1025 4481 natura
1071 4424 1397 4480 universalis
1431 4432 1537 4490 est,
1581 4422 1757 4492 deque
1804 4420 2050 4491 pluribus

464 4518 680 4590 dicitur.
720 4518 834 4573 Non
868 4518 1023 4590 longe
1067 4519 1348 4574 abeamus.
1390 4516 1590 4572 Natura
1626 4517 1806 4570 divina
1855 4516 2046 4584 praedi-

462 4620 618 4667 catur
662 4612 731 4668 de
785 4610 967 4677 Patre,
1021 4614 1088 4667 de
1142 4609 1302 4678 Filio,
1336 4621 1391 4665 et
1425 4608 1632 4678 Spiritu
1680 4617 1868 4662 sancto
1903 4623 1917 4661 :
1956 4606 2046 4661 iti-

462 4707 703 4774 demque
734 4704 1046 4775 angelorum
1077 4715 1268 4760 natura
1306 4704 1369 4757 de
1396 4694 1685 4765 Michaelo,
1712 4700 1973 4765 Gabrieli,
1993 4707 2049 4754 et

464 4800 532 4856 de
553 4799 805 4855 caeteris:
837 4798 1116 4854 hominum
1158 4798 1411 4867 denique,
1431 4797 1497 4851 de
1521 4795 1766 4860 Socrate,
1803 4794 2047 4855 Platone,

465 4896 532 4950 de
557 4893 779 4963 reliquis
806 4892 1171 4962 particulatim
1197 4890 1531 4947 hominibus.
1560 4890 1825 4944 Similiter
1844 4902 1898 4943 et
1926 4889 2043 4953 bos,

464 4994 521 5041 et
565 5000 736 5055 equus
770 4984 983 5055 aliaque
1019 4984 1169 5048 talia,
1213 4983 1279 5038 de
1327 4981 1579 5037 omnibus
1612 4981 1711 5035 sub
1756 4996 1815 5035 se
1850 4979 2049 5034 indivi-

465 5080 608 5135 duis.
642 5078 909 5146 Quoniam
943 5092 1075 5148 ergo
1102 5075 1567 5145 naturazquiddam
1600 5084 1682 5129 est
1714 5072 2042 5140 universale,

463 5172 716 5231 Christus
756 5182 936 5227 autem
976 5170 1234 5241 quiddam
1276 5169 1581 5223 universale
1616 5183 1721 5222 non
1766 5176 1880 5227 est.
1939 5180 2052 5219 ma-

462 5266 665 5325 nifesto
707 5274 877 5337 patet,
928 5263 1177 5320 homines
1223 5273 1369 5318 recte
1423 5262 1721 5317 sentientes
1774 5274 2049 5329 nunquam

467 5360 711 5417 dicmros
743 5374 904 5415 unam
934 5366 1203 5413 naturam.
1235 5356 1420 5426 Itaque
1458 5371 1580 5410 cum
1613 5364 1667 5408 et
1692 5353 1763 5410 ab
1802 5342 1913 5421 ipsa
1958 5367 2052 5405 na-

471 5465 589 5509 tura
625 5469 829 5517 rerum,
852 5460 905 5507 et
939 5468 968 5507 a
1006 5452 1209 5507 sanctis
1248 5450 1379 5504 viris
1415 5449 1759 5505 interdictum
1790 5447 1861 5502 sit
1892 5463 1909 5506 :
1943 5462 2050 5500 non

472 5548 631 5603 modo
651 5525 1131 5616 supervacaneum,
1158 5545 1252 5601 sed
1278 5545 1438 5598 nimis
1463 5544 1638 5597 audax
1679 5555 1894 5611 quoque
1931 5554 2051 5593 mea

476 5640 635 5695 fuerit
708 5640 981 5710 opinione,
1047 5656 1207 5695 unam
1268 5638 1322 5694 in
1394 5636 1613 5693 Christo
1659 5644 1905 5691 naturam
1969 5632 2051 5687 di-

480 5750 621 5789 cere.

554 5822 709 5879 GEN.
746 5823 921 5880 Meum
952 5840 1081 5880 vero
1110 5826 1348 5881 animum
1375 5824 1561 5897 Cyrilli
1590 5824 1836 5880 verberat
1869 5831 2056 5878 aucto-

488 5918 646 5985 ritas,
688 5935 809 5975 eum
858 5920 980 5976 ait:
1022 5917 1137 5976 Una
1185 5932 1381 5977 natura
1429 5917 1712 5976 Sermonis
1763 5916 2054 5975 incarnati.

2156 3308 2426 3376 γορεῖται.
2460 3306 2552 3359 Διὸ
2590 3306 2685 3359 καὶ
2715 3307 2814 3375 μία
2847 3307 3011 3374 φύσις
3037 3304 3281 3373 λέγεται.
3317 3306 3527 3368 Πάντες
3554 3304 3661 3378 γὰρ
3695 3305 3749 3359 oi

2154 3398 2436 3467 ἄνθρωποι
2461 3398 2525 3451 ὲκ
2551 3398 2730 3468 ψυχῆς
2767 3396 2995 3468 λογικῆς
3032 3399 3143 3450 εἰσι
3191 3398 3287 3451 καὶ
3338 3396 3612 3467 σώματος,
3648 3399 3749 3451 καὶ

2153 3491 2245 3543 τὸν
2279 3491 2404 3560 ὅρον
2438 3490 2533 3543 τοῦ
2568 3489 2860 3559 ἀνθρώπου
2889 3489 3257 3559 ἐπιδέχονται,
3315 3489 3375 3552 ὃς
3405 3492 3544 3557 ἐστι,
3591 3490 3746 3544 Ζῶον

2155 3581 2392 3651 λογικὸν.
2420 3583 2635 3652 θνητόν.
2676 3583 2743 3635 Ὀ
2768 3582 2824 3635 δὲ
2854 3583 3099 3653 ὃροςτὴν
3128 3582 3294 3651 φύσιν
3317 3580 3414 3636 τοῦ
3443 3582 3749 3652 ὑποκειμέ-

2154 3696 2247 3730 νου
2277 3680 2608 3748 πράγματος
2638 3675 2811 3748 δηλοῖ.
2845 3676 2946 3729 Διὰ
2975 3676 3134 3730 τοῦτο
3164 3676 3232 3730 τὰ
3252 3677 3431 3749 ἄτομα
3452 3677 3585 3732 [διον
3615 3678 3748 3751 ὅρον

2153 3771 2253 3824 οὐκ
2278 3771 2514 3840 ἔχουσιν.
2558 3770 2617 3824 '0
2657 3770 2713 3824 δὲ
2741 3771 2975 3841 Χριστὸς
3022 3770 3123 3824 οὐκ
3155 3771 3272 3824 ἐστι
3328 3769 3582 3836 καθόλου,
3622 3770 3750 3826 οὐδὶ

2154 3863 2370 3915 κοινόνο
2407 3863 2507 3933 μία
2536 3864 2647 3933 γὰρ
2680 3862 2979 3925 ὑπόστασις
3017 3863 3155 3927 ἐστι,
3192 3864 3287 3917 καὶ
3333 3861 3394 3916 ἓν
3426 3864 3753 3936 πρόσωπον,

2153 3957 2247 4008 καὶ
2279 3955 2503 4023 ἄτομον.
2537 3956 2618 4008 Οὐ
2639 3956 2748 4027 γάρ
2781 3957 2921 4009 εἰσιν
2954 3954 3110 4009 ἄλλοι
3132 3956 3362 4027 Χριστοὶ
3394 3958 3460 4009 ἐκ
3484 3955 3750 4026 θεότητος

2154 4050 2248 4102 καὶ
2274 4049 2723 4121 ἀνθρωπότητος,
2754 4050 2844 4103 ἵνα
2899 4050 3022 4104 κατ’
3079 4050 3310 4103 ἐκείνων
3359 4053 3749 4124 κατηγορηθῇ.

2150 4141 2245 4194 Διὸ
2271 4141 2393 4195 οὐδὲ
2427 4141 2529 4210 μία
2556 4139 2721 4210 φύσις
2742 4140 2969 4197 δύναται
3002 4136 3169 4195 εἶναι.
3223 4141 3475 4214 Μερικὴν
3503 4147 3617 4214 γὰρ
3642 4146 3752 4216 φύς

2153 4253 2264 4301 σιν,
2298 4235 2396 4289 καὶ
2415 4234 2643 4305 ἄτομον,
2679 4235 2966 4306 ἀμήχανον
2989 4236 3173 4307 εὑρεῖν
3204 4254 3218 4269 ο
3276 4235 3418 4292 ἀλλὰ
3456 4239 3611 4292 πᾶσα
3638 4237 3749 4307 φύ-

2153 4345 2239 4391 σις
2268 4327 2501 4381 καθόλου
2528 4325 2679 4391 ἐστὶ,
2703 4328 2799 4382 καί
2831 4328 2976 4381 κατὰ
3004 4328 3270 4383 πλειόνων
3289 4328 3536 4398 λέγεται.
3568 4329 3751 4397 Εὐθὺς

2152 4420 2261 4492 γὰρ
2288 4422 2322 4491 ἡ
2351 4420 2472 4475 θεία
2501 4420 2666 4491 φύσις
2696 4424 3095 4492 κατηγορεῖται
3146 4422 3291 4477 κατὰ
3342 4422 3439 4478 τοῦ
3502 4423 3748 4496 Πατρδς.

2152 4513 2249 4566 καὶ
2280 4512 2374 4565 τοῦ
2400 4511 2554 4577 Υίοῦ,
2582 4514 2676 4569 καὶ
2708 4512 2801 4567 τοῦ
2836 4514 2993 4581 ἁγίου
3024 4514 3351 4586 Πνεύματος
3378 4532 3395 4547 ο
3437 4519 3534 4570 καὶ
3569 4518 3604 4589 ἠ
3630 4517 3750 4570 τῶν

2154 4608 2405 4679 ἀγγέλων
2434 4609 2622 4677 φύσις,
2660 4608 2803 4663 κατὰ
2840 4596 3089 4679 Μιχαὴλ,
3124 4611 3223 4664 καὶ
3282 4610 3552 4682 Γαϐριὴλ,
3642 4612 3739 4666 καὶ

2154 4702 2264 4756 τῶν
2288 4702 2533 4758 λοιπῶν’
2571 4702 2729 4770 καὶὴ
2770 4703 2880 4757 τῶν
2925 4702 3258 4775 ἀνθρώπων,
3318 4704 3461 4758 κατὰ
3516 4705 3752 4777 Σωκρά-

2154 4812 2305 4860 τους.
2336 4797 2436 4850 καὶ
2456 4795 2768 4862 Πλάτωνος,
2789 4798 2881 4849 καὶ
2901 4796 3013 4849 τῶν
3038 4797 3179 4850 κατὰ
3210 4796 3376 4866 μέρος
3403 4797 3742 4866 ἀνθρώπων.

2165 4888 2407 4957 Ὁμοίως
2458 4889 2555 4941 καὶ
2608 4886 2759 4959 βοῦς.
2809 4887 2905 4942 καὶ
2931 4886 3125 4953 ἵππος,
3169 4889 3263 4942 καὶ
3316 4888 3562 4947 τοιαῦτα.
3604 4890 3750 4943 κατὰ

2158 4980 2380 5034 πάντων
2402 4981 2511 5035 τῶν
2542 4982 2634 5035 ὑπ’
2669 4980 2809 5036 αὑτὰ
2837 4979 3079 5049 ἀτόμων.
3140 4981 3296 5034 Ἐπεὶ
3344 4976 3439 5034 οὖν
3497 4982 3531 5051 ὴ
3582 4980 3751 5051 φύσις

2158 5073 2394 5127 καθόλου
2420 5075 2592 5135 ἐστὶν,
2615 5075 2643 5127 ὀ
2668 5072 2722 5126 δὲ
2756 5072 2997 5143 Χριστὸς
3030 5074 3133 5125 οὐκ
3159 5071 3276 5125 ἔστι
3308 5071 3545 5126 καθόλου
3568 5087 3581 5099 ·
3610 5072 3750 5143 πρό·

2155 5164 2339 5236 δηλον,
2364 5167 2445 5220 ὅτι
2481 5166 2580 5237 μία
2616 5165 2778 5235 φύσις
2807 5166 2951 5220 κατὰ
3019 5165 3130 5219 τῶν
3184 5164 3747 5236 εὐφρονούντωνοὺκ

2159 5268 2227 5323 ἂν
2256 5283 2387 5320 ποτε
2406 5265 2737 5338 ῥηθήσεται.
2765 5262 2927 5316 Ἐπεὶ
2949 5261 3134 5316 τοίνυν
3162 5264 3257 5315 καὶ⁸
3297 5261 3455 5334 παρὰ
3506 5262 3613 5332 τῆς
3644 5263 3751 5331 φύ-

2161 5376 2299 5423 σεως
2328 5359 2516 5425 αὐτοῖς
2542 5357 2653 5411 τῶν
2688 5355 3060 5428 πραγμάτων,
3092 5356 3185 5408 καὶ
3217 5355 3371 5426 παρὰ
3430 5355 3540 5407 τῶν
3569 5353 3748 5425 ἁγίων

2161 5452 2494 5518 κεκώλυται,
2543 5451 2607 5504 οὐ
2641 5447 2901 5522 περιττὸν
2926 5448 3113 5517 μόνον,
3166 5448 3304 5503 ἀλλά
3342 5449 3436 5501 καὶ
3471 5448 3752 5519 τολμηρὸν

2160 5547 2350 5619 ἔμοιγε
2379 5546 2520 5610 τέως
2541 5546 2710 5612 δοκεῖ,
2734 5545 2867 5617 μίαν
2898 5545 3061 5615 φύσιν
3088 5546 3271 5616 λέγειν
3330 5547 3424 5600 ἐπὶ
3476 5544 3574 5599 τοῦ
3612 5546 3753 5617 Χρι-

2162 5658 2311 5695 στου.

2231 5822 2293 5875 ’0
2322 5820 2487 5875 ΚΛΘ.
2530 5821 2727 5875 Κλονεῖ
2752 5837 2854 5889 μου
2886 5820 2978 5873 τὸν
3004 5819 3128 5874 νοῦν
3153 5822 3185 5889 ἡ
3216 5819 3413 5890 χρῆσις
3438 5821 3533 5872 τοῦ
3565 5837 3745 5890 μακα-

2168 5914 2284 5985 ρίον
2316 5913 2617 5984 Κυρίλλου,
2651 5914 2683 5982 ἡ
2712 5906 2971 5979 λέγουσα,
3007 5913 3121 5966 Μία
3146 5911 3307 5979 φύσις
3357 5910 3452 5963 τοῦ
3527 5926 3748 5980 σαρκιυ⁴
