4026 6296
517 328 609 394 ΠΙ

1935 332 2371 394 THEORIANI
3685 332 3785 397 172

506 449 557 500 in
589 454 779 503 sancta
824 445 1091 504 Trinitate
1137 444 1447 513 conﬁtetur,
1476 445 1677 503 deinde
1723 456 1916 503 natura
1948 448 2082 503 Em-

2204 449 2289 519 τὴν
2322 448 2455 520 πρὸς
2488 444 2646 520 ἡμῶν
2668 447 3115 524 ὁμολογουμένην
3156 448 3509 523 ἀνθρωπίνην
3537 448 3705 522 φύσιν
3728 451 3785 504 ἓν

507 545 771 602 tnanuelis
812 547 1068 608 humana,
1091 556 1267 613 ,quatn
1316 556 1415 598 uos
1459 541 1806 608 conﬁtemur,
1853 542 1919 597 ad
1954 556 2085 597 suas

506 635 621 689 illas
661 643 771 689 tres
821 645 1045 688 naturas
1088 633 1365 702 adjuncta,
1406 648 1503 704 pro
1551 620 1821 688 Trinitate
1865 644 2088 704 quater-

505 729 722 782 nionetn
765 725 883 781 ﬁeri
937 724 1263 780 concludit:
1314 725 1519 794 optimc
1571 725 1625 780 id
1670 724 1889 794 quidem
1935 724 2087 781 facit.

504 819 713 888 Quippe
749 817 986 886 seipsum
1016 817 1309 873 artiﬁciose
1345 818 1628 888 periteque
1654 825 1868 887 separat
1888 817 1957 872 ah
1981 831 2089 872 uno

499 912 615 965 solo
649 911 775 976 Deo,
800 916 851 963 ct
885 910 951 963 ad
987 908 1296 979 opinionem
1326 910 1391 964 de
1416 908 1661 980 pluribus
1691 908 1793 965 diis
1823 907 2083 965 deﬂectit.

502 1003 599 1057 Sin
656 1016 815 1054 unant
868 1000 1173 1054 divinitatis
1224 1010 1470 1054 naturam
1518 1010 1576 1057 et
1623 1001 1737 1071 ipse
1770 1002 2086 1068 conﬁtetur,

490 1096 744 1165 duasque
775 1103 999 1147 naturas
1051 1093 1103 1145 in
1146 1091 1364 1148 Christo
1398 1109 1413 1148 :
1450 1092 1722 1148 undenam
1774 1094 1823 1148 ei
1862 1106 2082 1149 natura-

500 1203 619 1242 rum
643 1186 933 1257 quaternio
966 1184 1361 1253 proticiscatur,
1389 1184 1531 1240 scire
1560 1199 1797 1256 nequeo.
1819 1184 1928 1240 Nec
1954 1186 2085 1241 item

499 1278 615 1333 ﬁeri
642 1287 843 1349 potest,
870 1285 927 1330 ut
947 1275 1218 1331 Trinitate
1244 1276 1657 1346 quaternioncm
1684 1278 2084 1349 ltypostasium,

498 1373 704 1441 absque
733 1371 956 1425 alterius
988 1370 1295 1443 ltypostasis
1321 1370 1641 1425 accessione
1664 1371 1986 1442 cogitemus.

568 1463 666 1519 His
696 1464 893 1528 dictis,
920 1463 1109 1518 oculos
1140 1461 1423 1518 Generalis
1460 1463 1516 1517 in
1551 1462 1747 1535 Syrum
1774 1464 1926 1518 illum
1967 1465 2085 1535 epi-

498 1573 722 1629 sc0pum
756 1556 1011 1628 conjecit.
1039 1556 1285 1627 Cumque
1319 1553 1527 1611 videret
1555 1571 1679 1612 cum
1709 1557 1861 1612 vultu
1890 1558 1943 1611 in
1970 1567 2082 1611 ter-

496 1666 615 1706 ram
674 1651 884 1717 deﬁxo,
918 1643 1259 1721 nequaquam
1314 1651 1617 1723 suspicere,
1670 1664 1965 1705 conversus
2016 1650 2083 1705 ad

496 1746 894 1809 Theorianutn,
935 1746 1196 1808 innuebat
1222 1746 1295 1814 ei,
1337 1744 1534 1818 Syrum
1571 1745 1649 1799 uti
1690 1744 1982 1815 aspiceret.
2013 1745 2085 1800 At

2194 540 2274 610 τῷ
2311 540 2666 612 Ἐμμανουὴλ
2692 543 2813 605 ταῖς
2852 542 3019 596 αὑτοῦ
3071 541 3331 614 προσθεὶς
3380 544 3626 614 τριτταῖς
3677 542 3786 612 φύ-

2196 651 2340 696 σεσι,
2370 633 2741 704 συμπεραίνει
2770 636 2894 691 ἀντὶ
2948 636 3183 706 Τριάόος
3223 635 3461 706 τετράδα
3505 635 3783 705 γίνεσθαι,

2198 726 2404 796 ἄριστα
2431 723 2591 778 τοῦτο
2618 728 2781 781 ποιεῖ.
2809 726 3096 798 Εὑτέχνως
3125 728 3237 799 γὰρ
3276 727 3371 781 καὶ
3396 729 3783 800 ἐπιστημόνως

2191 817 2572 888 ἀποσχοινίζει
2595 817 2791 872 ἑαυτὸν
2806 818 2900 872 τοῦ
2918 820 3082 889 μόνου
3099 818 3260 884 Θεοῦ,
3281 820 3376 873 καὶ
3396 820 3475 884 εἰς
3490 821 3785 874 πολυθεϊαν

2195 909 2677 982 ἔξοστρακίζεται.
2719 911 2779 964 El
2806 911 2863 964 δὲ
2889 912 3021 983 μίαν
3062 909 3319 982 θεότητος
3377 912 3542 981 φύσιν
3591 915 3787 984 ὁμολο-

2191 1005 2284 1072 γεῖ
2314 1003 2410 1057 καὶ
2452 1003 2641 1069 αὐτὸς,
2686 1002 2778 1058 δύο
2811 1005 2867 1058 δὲ
2905 1005 3100 1073 φύσεις
3134 1004 3226 1057 ἐπὶ
3252 1003 3346 1057 τοῦ
3373 1003 3638 1075 Χριστοῦ,
3683 1006 3783 1057 οὐκ

2189 1093 2329 1166 οἶδα,
2363 1100 2532 1154 πόθεν
2557 1099 2708 1171 αὐτῷ
2736 1101 2769 1171 ἡ
2795 1101 2996 1172 τετρὰς
3030 1100 3140 1155 τῶν
3184 1099 3403 1169 φύσεων
3458 1102 3787 1170 ἐπεισέρχεο

2191 1208 2305 1246 ται.
2347 1190 2741 1246 ’Υποστάσεων
2776 1192 2824 1245 δ’
2858 1188 2928 1247 αὖ
2974 1191 3232 1265 τετράδα,
3286 1193 3411 1264 δίχα
3461 1193 3786 1264 προσθήκης

2190 1283 2386 1355 ἑτέρας
2414 1285 2793 1353 ὑποστάσεως,
2820 1286 2920 1357 τὴν
2946 1284 3156 1358 Τριάδα
3198 1287 3363 1349 νοεῖν,
3396 1287 3708 1357 ἀμήχανον.

2261 1467 2489 1523 Τούτων
2536 1466 2685 1521 οὕτω
2742 1466 3042 1539 ῥηθέντων,
3078 1468 3106 1520 6
3176 1465 3482 1528 Καθολικὺς
3520 1464 3601 1537 τῷ
3623 1464 3784 1536 Σύρῳ

2189 1560 2479 1630 έπισχόπῳ
2504 1560 2841 1631 ἐνητέννισεν.
2880 1560 2971 1624 Ὠς
2996 1559 3090 1614 οὖν
3123 1558 3271 1630 ἐώρα
3316 1560 3513 1613 τοῦτον
3542 1561 3626 1621 εἰς
3679 1560 3785 1629 γῆν

2189 1652 2385 1722 ἔχοντα
2418 1653 2482 1706 τὸ
2511 1651 2669 1724 ὄμμα
2700 1651 2797 1705 καὶ
2818 1653 3089 1723 μηδαμῶς
3117 1651 3474 1715 ἀνανεύοντα,
3518 1651 3785 1724 στραφεὶς

2189 1746 2330 1815 πρὸς
2363 1745 2454 1798 τὸν
2493 1745 2831 1816 Θεωριανὺν,
2882 1746 3130 1799 ὲνένευεν
3189 1744 3341 1825 αύτῴ
3388 1742 3586 1814 βλέψαι
3646 1741 3785 1811 πρὸς

488 1840 573 1907 .is,
607 1839 806 1911 Syrum
843 1838 1095 1900 intuitus,
1127 1837 1389 1902 subrisit;
1428 1847 1486 1892 et
1516 1837 1582 1891 ad
1618 1836 1937 1891 Generalem
1969 1837 2081 1891 ait:

2204 1836 2278 1891 ςδν
2308 1836 2503 1907 Σύρον.
2553 1836 2612 1891 '0
2660 1838 2719 1892 δὲ
2768 1837 2994 1909 βλέψας,
3051 1820 3453 1909 ὕπεμειδίασεο
3493 1838 3588 1889 καί
3646 1851 3785 1904 φησι

482 1932 611 1997 Est,
643 1929 901 1997 domine,
931 1932 1075 2000 quod
1111 1929 1378 1999 insignem
1422 1929 1768 1984 sanctitatem
1814 1938 1962 1983 tuam
1998 1929 2089 1984 in-

498 2036 797 2098 terrogent;
848 2031 1009 2092 teque
1058 2023 1284 2075 obsecro
1342 2035 1409 2075 ne
1459 2023 1555 2075 tibi
1624 2035 1787 2091 grave
1832 2022 1905 2077 sit
1965 2019 2084 2093 ejus

480 2116 739 2172 indicare
768 2114 1121 2169 solutionem.

565 2206 725 2263 GEN.
754 2207 811 2261 Si
842 2206 983 2261 Deus
1010 2206 1340 2261 intellectum
1386 2216 1504 2276 eius
1538 2206 1670 2261 mihi
1706 2206 1943 2273 dederit,
1970 2220 2083 2261 non

476 2301 762 2373 gravabor
800 2301 944 2357 illam
975 2302 1073 2357 tibi
1101 2315 1402 2373 exponere.

568 2393 824 2452 THEOR.
859 2396 983 2453 Sint
1036 2395 1147 2462 hic,
1177 2394 1327 2451 velut
1358 2395 1410 2448 in
1462 2394 1777 2466 hypothesi,
1815 2395 1917 2450 tria
1960 2394 2083 2467 igne

478 2493 867 2565 gratiora,quae
897 2500 1077 2545 tamen
1110 2489 1274 2545 unius
1306 2498 1518 2544 naturas
1543 2489 1672 2555 sint,
1698 2489 1815 2544 auri
1848 2487 2081 2549 scilicet,

476 2582 553 2638 Si
582 2582 775 2637 horum
803 2598 970 2638 unum
1015 2583 1068 2637 in
1103 2584 1283 2653 ignem
1316 2581 1624 2653 conjecero,
1658 2583 1819 2655 plane
1855 2580 2083 2653 ignitum

477 2671 628 2728 illud
682 2673 909 2727 duarum
956 2682 1279 2724 naturarum
1337 2672 1484 2739 erit,
1519 2672 1683 2741 ignis,
1735 2670 1979 2740 inquam.
2028 2678 2083 2725 ct

474 2765 637 2821 .anrl.
692 2762 895 2819 Deinde
940 2764 1053 2818 hoc
1100 2762 1254 2817 unito
1308 2761 1532 2831 reliquis
1584 2762 1795 2816 duobus
1852 2762 2081 2817 necdum

493 2856 703 2930 ignitis,
730 2857 1027 2925 interrogo,
1058 2861 1321 2927 quotnam
1345 2855 1454 2909 sint
1478 2854 1596 2909 haec
1627 2853 1836 2924 ignita?
1856 2852 2081 2920 Triane,

483 2965 598 3007 ceu
637 2947 825 3020 prius?
855 2961 923 3002 an
975 2956 1202 3017 propter
1260 2945 1409 3018 ignis
1452 2956 1707 3000 naturam
1756 2943 1896 3003 facta
1954 2958 2084 3000 sunt

484 3049 732 3113 quatuor
751 3040 774 3097 τ

566 3129 728 3188 GEN.
776 3129 950 3202 Hujus
993 3122 1440 3202 interrogationis
1479 3130 1809 3185 solutionem
1845 3138 2084 3201 exponat
2106 3170 2152 3233 Ο

482 3224 735 3281 Joannes
768 3223 1215 3294 religiosissimus
1240 3223 1531 3293 episcOpus
1564 3220 1841 3277 Cessunii.

570 3316 826 3375 THEOR.
887 3315 1026 3383 Quid
1072 3330 1200 3372 vero
1258 3316 1562 3371 sanctitatis
1627 3327 1730 3370 tuae
1793 3316 2082 3384 prudentia

485 3416 675 3473 .dicit?
724 3414 945 3489 lgnisne
986 3423 1179 3469 natura
1216 3429 1506 3469 numerum
1556 3414 1671 3468 sive
1720 3414 2081 3484 quantitatem

474 3510 661 3567 .trium
694 3510 907 3565 illorum
938 3508 1111 3571 auxit,
1140 3508 1364 3561 annon?

552 3600 726 3660 .GEN.
753 3601 881 3657 Mihi
917 3602 1135 3673 quidem
1169 3616 1277 3655 non
1313 3600 1534 3656 auxisse
1566 3600 1797 3655 videtur.

568 3690 827 3749 THEOR.
859 3692 1026 3761 Atqui
1058 3691 1210 3760 prius
1258 3691 1373 3745 haec
1408 3691 1510 3745 tria
1540 3691 1703 3746 unius
1734 3701 1893 3745 erant
1928 3702 2087 3746 natu-

492 3800 593 3851 rae,
626 3799 772 3839 nunc
802 3784 855 3839 in
884 3798 993 3839 uno
1018 3786 1135 3839 duas
1166 3793 1373 3838 natura:
1404 3784 1844 3853 conspiciuntur.

568 3873 731 3932 GEN.
768 3873 882 3928 Hoc
913 3888 1133 3945 quoque
1164 3873 1221 3927 in
1255 3871 1507 3928 confesso
1532 3884 1640 3928 est.

570 3966 829 4024 THEOR.
858 3966 975 4024 Non
1010 3968 1175 4039 igitur
1205 3977 1289 4022 est
1317 3980 1564 4031 necesse,
1628 3967 1930 4023 trinitatem
1962 3969 2087 4024 illo-

484 4078 620 4119 «rum
644 4062 785 4135 ignis
823 4063 873 4116 vi
904 4062 1204 4132 potiorum,
1240 4059 1356 4115 ﬁeri
1390 4061 1828 4129 quaternionem,
1866 4072 2088 4132 propter

488 4156 727 4212 alteram
761 4152 904 4209 illam
931 4163 1209 4217 naturam,
1245 4149 1505 4206 videlicet
1539 4150 1679 4222 ignis
1709 4151 1732 4205 ?

554 4246 727 4306 .GEN.
757 4246 873 4301 Non
904 4255 990 4301 est
1017 4260 1260 4302 necesse.

572 4337 830 4396 TllEOR.
876 4335 1148 4407 Ineptiunt
1188 4352 1341 4407 ergo,
1369 4334 1466 4407 qui
1510 4334 1727 4404 dicunt,
1777 4337 2089 4393 necessario

489 4434 655 4492 nobis
688 4433 1104 4504 quaternionem
1150 4443 1249 4499 pro
1296 4426 1570 4487 Trinitate
1614 4429 2005 4496 conﬁtendam,
2038 4431 2083 4485 sl

498 4536 723 4583 naturas
752 4524 887 4579 duas
912 4522 969 4578 in
994 4521 1217 4579 Christo
1245 4525 1462 4579 demus.

576 4632 673 4687 His
698 4630 879 4695 dictis,
908 4643 1140 4700 surgens
1196 4628 1289 4684 ille
1347 4627 1519 4701 Syrus
1568 4628 1884 4701 episcopus,
1938 4629 2089 4684 nullo

2188 1928 2325 2000 πρὸς
2355 1929 2448 1980 τὸν
2482 1928 2791 1982 Καθολικόν
2816 1945 2830 1959 ’
2862 1930 3135 1993 Δέσποτα,
3167 1930 3433 1999 ἐρώτημα
3479 1926 3588 1997 έχω
3642 1927 3784 1997 πρὸς

2184 2020 2286 2091 τὴν
2321 2019 2570 2091 μεγάλην
2622 2020 2940 2092 ἁγιωσύνην
2975 2038 3091 2088 σου,
3163 2020 3259 2074 καὶ
3315 2018 3651 2090 παρακαλῶ,
3706 2019 3785 2090 μὴ

2186 2113 2536 2186 κατοκνήσῃς
2563 2114 2743 2167 εἰπεῖν
2777 2129 2871 2183 μοι
2898 2114 2998 2183 τὴν
3025 2110 3219 2165 τούτου
3242 2110 3422 2165 λύσιν.

2270 2204 2329 2258 '0
2358 2205 2521 2261 ΚΑΘ.
2570 2205 2701 2259 Ἐὰν
2726 2207 2755 2259 6
2781 2205 2915 2270 Θεὸς
2936 2205 3099 2259 δώσει
3158 2222 3249 2276 μοι
3268 2207 3368 2276 τὴν
3406 2203 3600 2258 τούτου
3641 2201 3786 2271 γνῶ-

2188 2315 2297 2362 σιν,
2348 2300 2410 2353 οὐ
2442 2300 2774 2371 κατοκνήσω
2812 2298 3023 2370 ταύτην
3053 2300 3230 2352 εἰπεῖν
3266 2314 3370 2352 σοι.

2270 2394 2330 2448 '0
2359 2394 2561 2448 ΘΕΩΡ.
2633 2394 2923 2448 Ἔστωσαν
2979 2396 3054 2458 ὼς
3104 2395 3160 2446 ἑν
3230 2391 3492 2448 ὑποθέσει
3547 2390 3788 2447 ἐνταῦθα

2186 2487 2481 2560 ὁπέρπυρα
2514 2487 2667 2557 τρία,
2703 2490 2833 2558 μιᾶς
2871 2488 3004 2543 ὄντα.
3036 2490 3276 2559 φύσεως,
3335 2486 3538 2558 χρυσοῦ
3578 2485 3778 2556 δηλονο

2185 2581 2289 2636 ότι.
2362 2581 2487 2636 Ἐὰν
2518 2577 2614 2634 οὖν
2658 2582 2868 2634 τούτων
2917 2582 2975 2634 ἒν
3022 2582 3385 2653 πυρακτήσω,
3432 2580 3588 2634 ἔσται
3637 2577 3785 2635 πάν-

2184 2690 2294 2737 τως
2322 2673 2384 2727 τὺ
2413 2676 2932 2746 πεπυρακτωμένον
2960 2673 3056 2727 δύο
3092 2673 3335 2743 φύσεων,
3377 2673 3523 2741 λέγω
3572 2671 3637 2742 δὴ
3680 2690 3781 2726 πυ-

2186 2766 2281 2837 ρὸς
2330 2766 2427 2818 καὶ
2476 2765 2707 2836 χρυσοῦ.
2770 2762 2907 2819 Εἶτα
2968 2764 3181 2828 ὲνώσας
3220 2764 3384 2817 τοῦτο
3421 2766 3537 2826 τοῖς
3570 2762 3783 2825 λοιποῖς

2183 2857 2305 2910 δυσὶ
2364 2859 2477 2922 τοῖς
2517 2858 2595 2930 μὴ
2644 2857 3203 2929 πεπυρακτωμένοις,
3258 2856 3451 2929 ἐρωτῶ
3484 2857 3632 2910 πόσα
3687 2855 3781 2907 νῦν

2184 2952 2294 3004 εἰσι
2327 2949 2501 3005 ταῦτα
2531 2954 2600 3006 τὰ
2624 2952 2922 3023 ὑπέρπυρα
2956 2967 2971 3017 ;
3018 2952 3179 3021 Τρία,
3211 2951 3289 3014 ὼς
3316 2948 3550 3024 πρώην;
3601 2949 3637 3020 ἢ
3694 2949 3784 3002 δια

2183 3042 2283 3116 τὴν
2318 3043 2481 3114 φύσιν
2515 3045 2607 3098 τοῦ
2650 3043 2824 3116 πυρὸς
2850 3044 3108 3112 ἐγένοντο
3146 3044 3433 3115 τέσσαρας

2272 3137 2332 3191 Ὀ
2382 3136 2544 3190 ΚΑθ.
2584 3135 2791 3191 Τούτου
2826 3135 2919 3189 τοῦ
2957 3135 3322 3207 ἐρωτήματος
3366 3135 3395 3188 6
3442 3132 3782 3188 εὐλαϐέστα-

2188 3245 2281 3293 τος
2319 3229 2619 3293 ἐπίσκοπος
2646 3229 2981 3282 Κεσσουνιου
3018 3227 3271 3301 Ἰωάννης
3296 3226 3428 3299 εἴπῃ
3459 3226 3561 3297 τὴν
3601 3226 3783 3279 λύσιν.

2273 3323 2332 3376 '0
2376 3322 2573 3376 ΘΕΩΡ.
2613 3322 2677 3375 Ἦ
2705 3321 2923 3385 σύνεσις
2955 3322 3010 3375 δὲ
3056 3321 3157 3393 τῆς
3193 3320 3511 3393 ἁγιωσύνης
3572 3338 3669 3373 σου
3725 3319 3781 3371 τί

2186 3415 2383 3484 λέγει;
2448 3415 2514 3468 Ἦ
2569 3413 2737 3485 φύσις
2789 3413 2887 3468 τοῦ
2948 3413 3125 3485 πυρὸς
3185 3410 3393 3486 ηὔξησε
3425 3414 3517 3468 τὸν
3545 3413 3781 3483 ἀριθμὸν

2187 3509 2306 3582 ἦτοι
2333 3509 2395 3562 τὸ
2423 3508 2587 3562 ποσὸν
2606 3509 2714 3562 τῶν
2742 3507 2933 3580 τριῶν,
2960 3505 3080 3579 ﬁcii
3111 3523 3129 3576 ;

2272 3600 2332 3653 '0
2373 3602 2534 3653 ΚΑΘ.
2576 3600 2809 3671 Ἔμοιγε
2856 3600 2993 3663 τέως
3025 3598 3197 3666 δοκεῖ,
3238 3599 3322 3653 ὅτι
3371 3600 3472 3653 οὐκ
3516 3597 3777 3671 ηὔξησεν.

2270 3694 2330 3747 '0
2360 3692 2554 3747 ΘΕΩΡ.
2610 3693 2719 3748 Καὶ
2772 3691 2883 3765 μὴν
2928 3693 3125 3764 πρώην
3177 3694 3309 3764 μιᾶς
3369 3687 3515 3763 ἦσαν
3562 3693 3780 3763 φύσεως

2187 3788 2257 3841 τὰ
2288 3790 2439 3860 τρία,
2483 3787 2602 3841 νυνὶ
2624 3787 2681 3841 δὲ
2720 3791 2778 3840 ὲν
2804 3787 2882 3859 τῷ
2914 3786 2996 3840 ἑνὶ
3028 3785 3123 3840 δύο
3152 3787 3504 3860 καθορῶνται
3561 3787 3780 3857 φύσεις.

2272 3881 2331 3937 '0
2365 3880 2523 3935 ΚΑΘ.
2581 3879 2957 3951 Ὀμολογεῖται
2981 3878 3076 3933 καὶ
3104 3878 3281 3935 τοῦτο.

2271 3973 2332 4027 '0
2377 3973 2575 4029 ΘΕΩΡ.
2635 3972 2750 4027 Ούκ
2775 3973 2991 4043 ἀνάγκη
3032 3971 3221 4026 λοιπὸν
3275 3972 3375 4043 τὴν
3432 3973 3628 4043 τριάδα
3673 3992 3781 4027 των

2187 4067 2528 4139 ὑπερπύρων
2560 4066 2796 4135 τετράδα
2826 4064 3083 4135 γενέσθαι
3110 4065 3202 4120 διὰ
3230 4066 3328 4137 τὴν
3362 4067 3561 4139 ἑτέραν
3591 4067 3780 4139 φύσιν,

2188 4158 2309 4231 ἦτοι
2342 4158 2437 4212 τοῦ
2473 4160 2643 4230 πυρός
2668 4175 2685 4226 ;
2900 4187 2906 4195 ·

2270 4249 2333 4305 '0
2364 4250 2528 4306 ΚΑθ.
2562 4251 2676 4305 Ούκ
2716 4252 2955 4325 ἀνάγκη.

2268 4340 2330 4397 '0
2356 4342 2551 4398 ΘΕΩΡ.
2589 4344 3071 4415 Περιττολογοῠσιν
3098 4346 3211 4418 ἄρα
3236 4345 3289 4399 οι
3340 4345 3617 4414 λέγοντες,
3677 4346 3771 4401 ’Δ⁹

2189 4440 2368 4514 νάγκη
2390 4442 2626 4511 τετράδα
2644 4442 2767 4494 ἀντὶ
2792 4442 3027 4514 Τριάδος
3054 4441 3363 4514 ὁμολογεῖν,
3391 4442 3441 4493 ει
3464 4440 3559 4494 δύο
3585 4440 3782 4511 φύσεις

2114 4530 2167 4591 D
2193 4535 2251 4588 ὲν
2284 4536 2361 4603 τῷ
2404 4533 2628 4606 Χριστῷ
2650 4534 2922 4606 δώσομεν.

2260 4625 2481 4679 Τούτων
2496 4623 2641 4679 οὓτω
2662 4626 2964 4698 ῥηθέντων,
2997 4627 3026 4680 6
3058 4626 3229 4701 Σύρος
3279 4628 3582 4694 ἐπίσκοπος
3646 4630 3781 4683 ἁνα-

496 4726 666 4785 verbo
726 4724 970 4795 prolato,
1025 4723 1309 4779 caenaculo
1370 4738 1493 4778 cum
1552 4724 1930 4778 sacerdotibus
1974 4723 2089 4778 suis

2204 4719 2323 4782 κτὰς
2358 4718 2550 4790 ἐξῆλθε
2582 4720 2679 4774 τοῦ
2706 4720 2986 4793 ἀνωγαίου
3058 4723 3197 4794 μετὰ
3233 4722 3342 4775 τῶν
3372 4724 3567 4794 ἱερέων
3588 4724 3779 4788 αὐτοῦ,

484 4832 749 4891 egressus
797 4825 899 4871 est.
952 4815 1327 4883 lnterrOgatus
1379 4824 1557 4869 autem
1619 4828 1650 4867 a
1708 4813 2087 4869 sacerdotibus

498 4914 633 4978 suis,
669 4923 768 4963 cur
801 4906 935 4962 nihil
969 4922 1094 4961 cum
1130 4904 1456 4977 phil050plto
1504 4906 1719 4960 locutus
1746 4914 1893 4961 esset
1932 4922 1947 4961 :
1976 4922 2082 4961 non

497 5004 599 5059 sibi
665 5001 830 5055 licere
882 4998 1036 5065 dixit,
1072 4998 1124 5051 in
1173 4998 1349 5051 aliena
1400 5001 1609 5069 synodo
1658 4998 1723 5053 de
1774 4996 2085 5066 hujusmodi

472 5096 664 5151 rrchus
705 5090 873 5161 loqui.
915 5090 1032 5145 sine
1062 5089 1318 5143 mandato
1360 5088 1689 5158 patriarchae
1718 5088 1823 5143 sui.

569 5183 722 5240 Tunc
778 5194 1079 5249 exsurgens
1132 5177 1447 5248 Stephanus
1498 5182 1689 5235 doctor
1738 5179 1813 5234 ait
1862 5196 1876 5235 :
1934 5179 2085 5252 Rogo

490 5278 839 5333 sanctitatem
869 5282 1105 5329 vestram
1127 5284 1183 5328 ut
1216 5288 1506 5344 parumper
1532 5289 1617 5329 me
1645 5275 1899 5330 audiatis.
1924 5273 2083 5332 Post-

496 5383 661 5441 quam
710 5365 761 5420 ei
815 5364 968 5435 copia
1022 5363 1237 5418 dicendi
1276 5364 1399 5419 data
1451 5364 1848 5431 est:Quidam,
1884 5368 2077 5437 inquit,

499 5457 879 5529 luditnagister
931 5457 1097 5525 coepit
1149 5458 1433 5528 puerulum
1486 5461 1741 5523 edocure,
1797 5462 2086 5532 aiebatqne

498 5555 599 5626 ipsi
622 5551 959 5619 :DicAlpha.
993 5551 1042 5606 ls
1076 5562 1255 5607 autem
1288 5551 1507 5608 nolebat
1538 5553 1746 5609 dicere.
1769 5554 1980 5613 Rursus
2006 5557 2086 5612 lu-

503 5652 823 5721 dittxagister
855 5646 1037 5705 aiebat
1064 5645 1161 5719 ipsi
1187 5664 1201 5701 :
1224 5646 1532 5717 DicAlp/m.
1570 5646 1621 5704 Is
1656 5662 1784 5703 vero
1832 5649 2085 5706 similiter

2191 4809 2361 4882 μηδὲν
2389 4810 2654 4868 ἐπειπών.
2698 4812 3033 4885 Ἐρωτηθεὶς
3067 4814 3124 4866 δὲ
3167 4814 3321 4885 παρὰ
3353 4813 3463 4867 τῶν
3496 4816 3665 4869 αὑτοῦ
3705 4820 3780 4869 ἱε-

2196 4903 2364 4973 ρέων,
2384 4902 2473 4957 διὰ
2505 4906 2558 4957 τί
2588 4906 2689 4959 οὐκ
2721 4904 2992 4977 ὲλάλησάς
3017 4924 3069 4958 τι
3094 4908 3231 4978 πρὸς
3278 4906 3373 4961 τὸν
3440 4909 3776 4979 φιλόσοφονς

2195 4992 2348 5051 εἶπεν
2370 5000 2475 5059 ὅτι,
2511 4998 2627 5051 Οὐκ
2696 4996 2875 5063 ἔξεστί
2913 5015 3004 5071 μοι
3027 4999 3084 5051 ὲν
3111 4999 3371 5071 ἀλλοτρίᾳ
3409 5002 3617 5073 συνόδῳ
3653 5006 3783 5074 περὶ

2190 5090 2302 5145 τῶν
2331 5090 2596 5144 τοιούτων
2628 5090 2815 5143 λαλεῖν
2846 5091 2924 5163 (1)
2956 5090 3086 5145 ἄνευ
3120 5091 3217 5145 τοῦ
3250 5092 3385 5164 ἐμοῦ
3409 5096 3781 5168 πατριάρχου.

2265 5181 2356 5236 Ἐν
2382 5181 2592 5246 τούτοις
2625 5182 2865 5245 ἀναστὰς
2918 5184 3195 5253 Στέφανος
3215 5185 3243 5237 6
3270 5184 3592 5251 διδάσκαλος
3624 5184 3746 5242 εἶπε
3766 5202 3781 5217 ⁸

2192 5274 2513 5344 Παρακαλῶ
2563 5274 2661 5345 τὴν
2715 5273 3031 5346 ἁγιωσύνην
3066 5277 3224 5346 ὑμῶν
3265 5277 3502 5332 ἀκοῦσαί
3551 5296 3660 5349 μου
3691 5299 3784 5352 μι-

2193 5367 2351 5438 κρὸν.
2396 5366 2484 5431 Ὠς
2515 5367 2571 5420 δὲ
2612 5366 2901 5439 ἐπετράπη
2920 5366 3075 5439 αὐτῷ
3103 5368 3360 5440 λαλῆσαι,
3401 5367 3559 5425 εἴπεο
3626 5373 3789 5428 Διδά-

2194 5458 2393 5521 σκαλος
2412 5476 2498 5521 τις
2526 5459 2735 5530 ἧρξατο
2767 5458 3101 5533 μαθητεύειν
3127 5461 3440 5534 παιδάριον,
3471 5464 3571 5520 κα).
3596 5465 3787 5536 ἔλεγεν

2196 5554 2371 5627 αὐτῷ,
2390 5556 2528 5629 Εἰπὲ
2550 5556 2738 5628 ἄλφα.
2761 5557 2836 5611 Τὸ
2863 5555 2922 5611 δὲ
2951 5558 3051 5612 οὑκ
3087 5558 3280 5629 ἢθελεν
3310 5562 3506 5616 εἰπεῖν.
3542 5563 3653 5616 Καὶ
3690 5566 3787 5619 πάι

2198 5651 2282 5705 λιν
2310 5654 2337 5707 6
2369 5652 2694 5717 διδάσκαλος
2740 5651 2928 5723 ἔλεγεν
2955 5652 3105 5724 αὐτῷ
3126 5694 3142 5713 .
3196 5654 3331 5708 Εἰπὲ
3370 5654 3559 5727 αλφα.
3600 5656 3675 5712 Τὸ
3706 5656 3783 5711 δὲ

576 5827 656 5900 (ι)
684 5826 959 5884 llactenus
988 5825 1177 5884 editio.
1214 5824 1455 5896 Pergunt
1484 5824 1683 5885 deinde
1713 5826 1929 5885 codices
1965 5823 2234 5885 Vaticani.
