4026 6296
224 376 307 443 U3
1541 372 1814 435 DISPUT

1836 370 2001 433 \TIO
2038 369 2084 431 Ι.
3324 364 3426 433 174

220 491 385 561 ὁμοίως
427 485 650 541 ἐσιώπα.
700 482 833 541 Εἶτα
895 488 1291 558 ἀγανακτήσας
1344 487 1371 541 6
1422 484 1746 546 διδάσκαλος
1773 488 1810 544 Λ

1849 481 2066 534 silebat.
2098 477 2235 533 Tum
2273 476 2651 549 ludimagister
2689 475 3042 533 stomachans
3072 474 3150 533 ait
3180 480 3430 546 puerulo:

217 580 431 654 λέγειτῷ
458 580 746 653 παιδαρίῳ,
780 581 881 635 Διά
924 580 981 635 τι
1016 582 1079 636 οὗ
1114 582 1331 649 λέγεις;
1374 579 1449 632 Τὸ
1501 578 1558 631 δὲ
1612 578 1742 645 ἔφη,

1846 575 1958 631 Cur
1985 590 2090 630 non
2122 574 2385 646 loqueris?
2410 574 2503 643 qui
2533 572 3037 642 respondit_:!Alpha
3061 574 3242 630 dicere
3266 588 3433 646 expa-

217 673 447 746 Φοΰοῦμαι
474 674 644 727 εἰπεῖν
665 674 855 744 ἄλφα,
893 674 982 729 ἶνα
1010 675 1083 748 μή
1120 693 1191 747 με
1212 672 1532 744 ἀναγκάσῃς
1568 671 1746 724 εἰπεῖν

1846 681 2031 734 vesco,
2059 680 2129 721 ne
2153 682 2241 721 me
2282 665 2539 734 deinceps
2564 675 2788 721 caeteras
2817 681 3037 736 quoque
3065 664 3279 726 litteras
3304 680 3433 737 pro-

216 772 293 826 mi
315 770 371 825 τὰ
401 770 539 840 ἑξῆς.
568 768 740 823 Τοῦτο
757 770 901 838 λέγω
934 767 1115 837 κάγὼ,
1160 766 1288 821 Ἐὰν
1314 765 1746 838 ὁμολογήσωμεν

1841 758 2102 816 nuntiare
2127 773 2314 829 cOgas.
2346 757 2547 814 Eadem
2575 772 2678 828 ego
2710 759 3068 828 responsione
3111 768 3252 813 utor.
3295 755 3430 812 Nam

215 862 293 917 δύο
321 861 492 929 φύσεις
542 862 600 913 ἐν
651 862 728 931 τῷ
780 860 1029 932 Χριστῷ,
1071 860 1287 930 ἀνάγκη
1333 858 1554 920 πάντως
1596 856 1749 927 ήμᾶς

1848 852 1893 909 si
1918 852 2055 909 duas
2084 852 2139 907 in
2170 852 2388 907 Christo
2416 850 2713 908 fatebimur
2761 862 3007 916 naturas,
3040 866 3263 921 prorsus
3297 864 3432 919 opus

214 956 293 1009 καὶ
312 954 391 1008 δύο
410 955 705 1025 ἐνεργείας,
726 955 823 1007 καὶ
843 952 938 1008 δύο
956 953 1241 1024 θελήματα
1262 954 1459 1007 εἰπεῖν·
1482 951 1575 1005 καὶ
1592 950 1747 1004 ἔσται

1846 948 1955 1003 erit
1979 948 2117 1001 duas
2139 960 2359 1017 quoque
2386 945 2571 1000 dicere
2600 944 2947 1013 operationes
2979 952 3037 999 et
3075 943 3209 999 duas
3236 942 3432 998 volun-

214 1052 239 1102 6
265 1044 329 1112 εἷς
355 1049 576 1120 Χριστὸς
604 1048 777 1102 θέλων
823 1048 920 1103 καὶ
960 1025 1043 1120 ⁸μὴ
1076 1047 1247 1103 θέλων
1288 1047 1350 1100 τδ
1384 1044 1521 1100 αὐτὸ
1552 1044 1650 1099 καὶ
1688 1041 1749 1097 εν

1848 1046 1993 1095 tates
2020 1054 2037 1093 :
2061 1048 2225 1109 alque
2253 1036 2330 1093 ita
2356 1052 2498 1092 unus
2537 1036 2789 1106 idemque
2804 1034 3058 1091 Christus
3090 1050 3255 1089 unam
3284 1049 3403 1091 eam
3422 1061 3438 1075 ι

215 1143 430 1212 πρᾶγμα,
466 1142 659 1206 καίτις
698 1142 847 1213 μάχη
887 1140 1011 1196 καθ’
1036 1138 1234 1195 ἑαυτοῦ
1263 1138 1420 1193 ἔσται
1476 1135 1556 1209 τῷ
1614 1135 1697 1189 ἑνί
1729 1148 1745 1164 ·

1848 1132 2085 1201 demque
2101 1146 2215 1188 rem
2236 1132 2379 1188 volet
2393 1140 2448 1188 et
2465 1130 2630 1191 nolet.
2650 1140 2705 1187 et
2724 1146 2899 1202 pugna
2915 1132 3160 1201 quzedam
3178 1129 3438 1186 adversus

212 1234 361 1287 όοὺδὲ
398 1234 471 1306 τῷ
513 1235 737 1307 τυχόντι
784 1233 1062 1309 ἀνθρώπῳ
1112 1232 1397 1304 συμϐῆναι
1448 1229 1664 1302 πρέπον
1709 1229 1744 1301 ἢ

1848 1240 1910 1281 se
1942 1225 2115 1295 ipsum
2146 1226 2241 1281 uni
2270 1226 2520 1298 subjecto
2549 1226 2700 1283 erit:
2728 1226 2872 1296 quod
2902 1226 3121 1296 quidem
3172 1239 3241 1280 ne
3275 1224 3436 1282 cuili-

209 1327 510 1399 ἐνδεχόμενον
536 1327 681 1384 εἴποι
707 1346 794 1394 τις
823 1329 912 1385 ἀν.

1849 1317 1939 1372 bet
1972 1319 2189 1387 quidem
2219 1317 2424 1374 homini
2456 1318 2705 1373 accidere
2739 1317 2821 1373 vel
2849 1332 3150 1389 congruum
3189 1316 3273 1374 vel
3302 1331 3432 1387 pro-

1853 1408 2030 1462 babile
2051 1409 2327 1480 quispiam
2360 1408 2576 1465 dixerit.

264 1505 433 1563 ΘΕΩΡ.
462 1506 566 1561 Τοῦ
597 1508 853 1577 λέγοντος
876 1508 969 1564 δύο
997 1509 1284 1583 θελήματα
1315 1510 1570 1583 ἀλλήλοις
1596 1510 1751 1563 ἔναν-

1921 1499 2132 1557 THER.
2178 1503 2313 1559 Eum
2344 1504 2435 1573 qui
2483 1503 2629 1559 dicat
2662 1503 2799 1559 duas
2850 1504 3082 1559 invicem
3132 1506 3436 1561 contrarias

206 1598 449 1670 τιούμενα,
487 1606 582 1654 καὶ
622 1600 721 1655 δύο
774 1601 1057 1672 ἐνεργείας
1124 1601 1447 1674 μαχομένας
1486 1601 1749 1674 ἀλλήλαις

1852 1595 2180 1661 voluntates,
2210 1605 2263 1651 et
2302 1596 2437 1652 duas
2470 1596 2754 1653 discordes
2799 1598 2854 1651 in
2908 1596 3129 1655 Christo
3160 1601 3436 1668 Operatio-

207 1692 255 1745 ἐν
268 1690 333 1763 τῷ
361 1694 431 1747 ἑνὶ
457 1693 699 1767 Χριστῷ,
722 1690 769 1750 ὦ
793 1695 1106 1761 διδάσκαλε,
1136 1695 1257 1751 οὐδὲ
1287 1694 1528 1749 ἀκοῦσαι
1559 1693 1749 1757 ποσῶς

1851 1708 1969 1761 nes,
2000 1709 2034 1749 ο
2063 1696 2273 1761 doctor,
2304 1709 2371 1750 ne
2400 1694 2667 1766 tantisper
2692 1696 2911 1766 quidem
2938 1698 3127 1753 audire
3144 1699 3434 1768 patiemur.

205 1784 490 1857 ἀνεχόμεθα.
522 1783 651 1859 Εἶχε
684 1791 786 1861 μὲν
804 1790 911 1860 γὰρ
940 1789 1003 1844 τὸ
1018 1790 1324 1859 πεφυκέναι
1359 1789 1536 1843 θέλειν
1561 1790 1589 1843 6
1614 1806 1753 1861 σαρο

1852 1786 1989 1843 Nam
2012 1800 2066 1844 et
2121 1798 2393 1859 quatenus
2428 1790 2591 1845 homo
2616 1790 2825 1847 volendi
2862 1791 3122 1848 facultate
3149 1793 3436 1864 pmditum

204 1877 375 1943 κωθεὶς
403 1880 570 1949 Λόγος
600 1880 680 1945 ὡς
700 1881 1011 1954 ἄνθρωπος,
1054 1882 1138 1955 τῷ
1173 1883 1325 1956 αὐτῷ
1371 1883 1543 1956 θεῑκῷ
1582 1883 1746 1954 θελή·
1779 1871 1794 1929 1

1852 1892 1971 1939 erat
2020 1882 2361 1940 incarnatum
2399 1883 2680 1952 Verbum;
2722 1885 2812 1941 illa
2864 1896 3044 1942 tamen
3097 1903 3125 1941 a
3162 1888 3442 1945 voluntate

207 1984 312 2037 ματι
331 1971 645 2043 κινούμενόν
674 1989 734 2027 τε
772 1975 868 2028 καὶ
904 1972 1275 2045 τυπούμενον,
1318 1975 1420 2029 οὐκ
1468 1976 1750 2028 ἐναντιού-

1854 1975 2035 2031 divina
2078 1976 2496 2047 permovebatur
2542 1986 2597 2033 et
2648 1976 3068 2045 informabatur,
3100 1996 3209 2036 non
3251 1992 3436 2039 autem

204 2073 355 2127 μενον.
388 2061 455 2115 Τὸ
489 2064 599 2136 γὰρ
634 2065 849 2119 ἐκείνου
881 2066 1080 2131 θέλειν,
1121 2066 1290 2138 φησὶν
1332 2069 1361 2121 6
1426 2066 1565 2130 Baio;
1614 2066 1752 2138 Γρη-

1856 2074 2209 2143 repugnabat.
2242 2073 2488 2145 Namque
2517 2076 2754 2131 humana
2792 2075 3066 2138 voluntas.
3094 2089 3154 2134 ut
3177 2079 3253 2134 ait
3282 2080 3438 2135 divus

200 2153 369 2223 τόριος,
396 2156 542 2211 οὐδὲν
586 2158 911 2212 ὑπεναντίον
963 2158 1103 2231 Θεῷ,
1146 2160 1349 2214 θεωθὲν
1400 2160 1545 2214 ὅλον.
1579 2159 1642 2214 Ei
1688 2160 1749 2213 δὲ

1854 2162 2167 2236 Gregorius.
2202 2165 2314 2223 Deo
2347 2183 2452 2221 non
2501 2167 2917 2236 adversabatur,
2952 2170 3078 2238 quia
3133 2179 3247 2227 tota
3275 2171 3432 2227 deiti-

146 2275 152 2281 ο
197 2244 497 2321 τεθέωτο,τῇ
531 2250 630 2303 τοῦ
661 2251 914 2317 θεοῦντος
943 2252 1187 2324 δηλονότι
1210 2254 1460 2325 συμφυῒα
1483 2253 1736 2307 τεθέωτσΙ

1851 2254 2101 2313 cabatur.
2150 2255 2305 2324 Quod
2339 2258 2383 2313 si
2437 2256 2823 2325 deiﬁcabatur,
2855 2262 2923 2316 ab
2976 2262 3181 2319 unione
3227 2264 3438 2320 scilicet

197 2337 430 2405 τδ,θεοῦν
485 2345 579 2397 καὶ
633 2344 971 2415 θεούμενον,
1031 2347 1127 2401 δύο
1183 2347 1408 2411 πάντως
1469 2346 1588 2401 ἀλλ’
1649 2348 1750 2419 οὐχ

1851 2361 1973 2403 cum
2018 2350 2127 2405 Deo
2159 2348 2537 2405 deiticabatur.
2573 2349 2832 2407 Jamvero
2882 2352 3143 2409 deiﬁcans
3192 2364 3248 2411 et
3277 2355 3439 2410 deitio

196 2432 261 2496 ἓν,
287 2434 426 2507 εἴπερ
445 2437 553 2495 τῶν
588 2439 730 2510 πρός
753 2456 807 2493 τι
845 2441 903 2494 τό
947 2457 1008 2493 τε
1060 2439 1221 2495 θεοῦν
1257 2443 1351 2495 καὶ
1390 2441 1450 2495 τὸ
1517 2443 1750 2513 θεούμε·

1852 2448 2057 2506 catum,
2085 2439 2195 2496 duo
2216 2458 2438 2513 prorsus
2461 2453 2611 2505 sunt,
2636 2458 2744 2501 non
2774 2459 2979 2513 unum;
3016 2448 3272 2516 quoniam
3299 2448 3441 2504 rela-

196 2541 288 2580 vov.
312 2528 383 2581 Τὰ
412 2529 465 2583 δὲ
499 2530 644 2602 πρός
665 2548 742 2596 τι,
767 2533 990 2597 πάντως
1018 2532 1274 2606 ἀλλήλοις
1319 2534 1746 2605 συνεισάγεσθαι

1854 2531 1947 2586 tivi
1983 2533 2200 2589 termini
2252 2544 2381 2590 sunt
2426 2534 2689 2591 deiﬁcans
2735 2544 2791 2590 et
2832 2535 3145 2592 deiﬁcatum
3178 2556 3194 2593 :
3228 2540 3439 2597 relativi

197 2620 393 2689 πέφυκε,
443 2626 537 2679 καὶ
590 2626 812 2698 θατέρῳ
838 2628 1276 2683 συνεπινοείσθαι
1315 2629 1577 2702 θάτερον·
1629 2626 1746 2701 εἶχε

1852 2634 2030 2681 autem
2061 2627 2274 2682 termini
2300 2627 2522 2683 omnino
2554 2627 2784 2682 invicem
2816 2614 3243 2698 connectuntur,
3274 2642 3329 2687 et
3358 2634 3439 2688 al-

200 2714 279 2780 μὲν
296 2711 379 2769 οὖν
404 2716 617 2789 θέλημα
658 2720 893 2790 φυσικὸν
915 2721 992 2785 ὡς
1014 2721 1311 2793 ἄνθρωπος
1342 2725 1370 2776 6
1395 2722 1613 2796 Σωτήρ,
1665 2723 1748 2794 τῷ

1852 2727 2025 2775 lcrum
2051 2737 2173 2774 cum
2198 2720 2370 2776 altero
2391 2721 2681 2791 cogitatur.
2706 2718 2907 2777 Habuit
2938 2722 3104 2793 igitur
3131 2726 3437 2783 naturalem

200 2807 319 2879 αὑτῷ
352 2810 511 2883 θεῖκῷ
549 2813 829 2883 θελήματι
858 2815 1229 2888 τυπούμενον,
1271 2817 1372 2870 οὐκ
1394 2818 1749 2890 ἐναντιούμε-

1852 2810 2181 2867 voluntatem
2212 2822 2270 2867 ut
2318 2812 2484 2867 homo
2522 2811 2806 2879 Servatur,
2835 2814 3036 2869 divina:
3066 2816 3168 2885 ipsi
3220 2818 3442 2875 confor-

197 2915 285 2952 νον·
312 2903 367 2955 οὐ
385 2907 489 2976 γὰρ
513 2908 853 2977 ήναντιωται
884 2909 1202 2963 παντάπασι
1228 2909 1306 2982 τῷ
1327 2910 1470 2982 Θείῳ
1495 2911 1558 2965 τὸ
1586 2929 1748 2982 φυσι-

1853 2920 2019 2970 mem,
2048 2920 2155 2960 non
2207 2902 2587 2958 adversantem
2631 2923 2647 2960 :
2684 2918 2808 2957 nam
2844 2908 2986 2976 quod
3034 2910 3283 2964 naturale
3331 2921 3439 2977 est.

198 2992 289 3059 κὸν,
316 2996 426 3050 ἐπεὶ
456 3000 551 3052 τὸν
588 2997 830 3071 Ποιητὴν
863 2999 1138 3054 αἰτιατέον
1169 3001 1516 3074 πεποιηκότα
1548 3003 1610 3055 τὸ
1644 3001 1749 3073 φύ-

1852 3010 2074 3067 prorsus
2124 2994 2234 3049 Deo
2265 3010 2371 3048 non
2408 2995 2760 3063 adversatur;
2799 2996 3040 3067 alioquin
3088 2998 3318 3055 Creator
3357 3018 3442 3057 re-

197 3101 261 3138 σει
282 3089 600 3163 μαχόμενον.

1849 3089 2267 3159 prehendendus
2315 3098 2485 3158 esset,
2540 3089 2633 3160 qui
2690 3100 2882 3144 natura
2937 3091 3040 3146 sibi
3100 3096 3439 3152 contrarium

1771 3220 1820 3283 c
1851 3190 2111 3238 creasset.

250 3270 499 3342 Στέᾳανος
521 3276 551 3328 6
576 3274 902 3340 διδασκαλος
938 3272 1059 3331 εἶπε
1095 3293 1109 3308 ο
1156 3275 1270 3349 Τὴν
1303 3277 1436 3349 μίαν
1503 3277 1747 3334 ὑπόστα-
1778 3270 1820 3283 ‘-

1924 3274 2235 3344 Stephanus
2266 3276 2459 3331 doctor
2486 3276 2564 3331 ait
2596 3295 2611 3332 :
2640 3270 2808 3347 Atqui
2848 3276 2899 3331 in
2944 3278 3100 3334 unica
3156 3278 3438 3351 bypostasi

197 3374 265 3412 σιν
282 3362 364 3417 δύο
400 3364 583 3433 λέγειν
626 3367 880 3439 θελήσας
934 3367 1105 3439 ἔχειν,
1139 3370 1254 3423 τῶν
1306 3369 1587 3426 ἀδυνάτων
1650 3374 1747 3426 καὶ

1849 3366 1983 3421 duas
2019 3363 2289 3422 allirmare
2340 3367 2671 3437 voluntates,
2722 3370 3084 3442 impossibile,
3136 3371 3436 3443 inexplica-

195 3455 455 3529 ἀμηχάνων
486 3466 585 3516 καὶ
616 3461 904 3518 ἀπιθάνων
932 3463 1076 3518 ἐστι.
1107 3464 1234 3531 Πῶς
1262 3464 1371 3537 γὰρ
1413 3464 1746 3538 μερισθήσε-

1848 3457 1977 3524 bile,
2002 3470 2055 3514 et
2089 3460 2402 3517 incredibile
2425 3473 2529 3517 est.
2557 3461 2658 3530 Qui
2687 3463 2831 3519 enim
2870 3463 3015 3519 ﬁerit
3042 3474 3242 3533 p0test,
3268 3472 3438 3538 utqui

194 3563 264 3605 ται
294 3555 321 3606 6
359 3551 438 3620 εἷς
461 3560 587 3612 καθ’
617 3558 845 3626 ὲαυτόνς

1850 3567 1990 3607 unus
2025 3561 2129 3618 est,
2160 3551 2213 3607 in
2242 3568 2301 3608 se
2338 3553 2651 3609 dividatur?

243 3644 418 3703 ΘΕΩΡ.
479 3650 804 3722 Ὀμολογεῖς
832 3654 923 3708 τὸν
945 3653 1186 3726 Χριστὸν
1217 3651 1479 3723 πεινῆσαι
1510 3651 1609 3707 καὶ⁵
1660 3652 1745 3706 δι-

1922 3644 2181 3701 TlIEOR.
2241 3645 2523 3703 Paterisne
2582 3645 2857 3702 Christum
2910 3650 3173 3717 esurisse,
3228 3651 3436 3718 sitisse,

192 3738 331 3807 Ψῆσαι
369 3744 459 3798 καὶ
497 3744 772 3811 νυστάξαι
807 3748 903 3801 καὶ
950 3749 1240 3813 κοπιάσαι,
1290 3747 1367 3809 ὼς
1423 3749 1567 3801 κατά
1607 3747 1746 3818 ἀλή-

1848 3740 2255 3804 dormitavisse,
2282 3750 2337 3795 et
2372 3739 2652 3808 fatigatum
2678 3756 2820 3806 esse,
2844 3748 2900 3795 ut
2927 3745 3201 3800 hominem
3225 3761 3434 3809 verum.

193 3828 319 3885 θειαν
340 3834 631 3906 ἄνθρωπον
661 3836 816 3905 ὄντα,
841 3837 875 3907 ἢ
899 3836 993 3905 ob;

460 3853 631 3891 κυπον
661 3836 816 3905 ὄντα,
841 3837 875 3907 ἢ
899 3836 993 3905 ob;
1849 3831 2050 3886 necne?

255 3924 305 3979 Ὀ
341 3930 791 3985 ΔΙΔΑΣΚΑΛΟΣ.
840 3930 967 3994 Πῶς
1010 3931 1116 4002 γάρ
1156 3929 1217 3984 οὔ
1244 3948 1264 3997 ;
1296 3930 1618 4002 ’Ἄνθρωπος
1644 3929 1742 3997 ὢν,

1924 3924 2220 3982 DOCTOR.
2250 3924 2489 3992 Quidni?
2531 3923 2702 3982 Homo
2726 3943 2889 3997 quum
2913 3939 3085 3993 esset,
3111 3928 3225 3984 haec
3254 3932 3436 3986 omnia

192 4021 307 4075 κατὰ
330 4024 611 4096 ἀλήθειαν,
643 4025 706 4079 οὐ
741 4026 885 4080 κατά
907 4025 1239 4096 φαντασίαν,
1259 4021 1373 4097 εἶχε
1404 4023 1601 4080 ταῦτα.

1517 4042 1601 4080 τα,
1845 4032 1997 4083 vere,
2028 4032 2135 4071 non
2165 4017 2463 4072 secundum
2496 4016 2866 4088 phantasiam,
2899 4018 3107 4075 habuit.

255 4111 305 4166 ’0
348 4115 541 4170 ΘΕΩΡ.
576 4117 804 4184 Λοιπὸν,
840 4118 1040 4172 πεινῶν
1063 4117 1223 4190 ήθελε
1264 4120 1483 4188 φαγεῖν,
1529 4120 1625 4171 καὶ
1665 4117 1743 4171 δι-

1920 4107 2390 4166 THEORIANUS.
2429 4107 2570 4164 Num
2622 4111 2789 4181 igitur
2839 4114 3092 4168 esuriens
3144 4117 3435 4173 comedere

192 4200 284 4268 φῶν
309 4204 459 4275 ήθελε
486 4208 660 4270 πιεῖν,
690 4207 790 4260 καὶ
820 4205 1103 4272 νυστάζων
1131 4207 1407 4273 ὑπνῶσαι,
1454 4208 1551 4262 κει
1575 4206 1743 4262 τᾶλλα

1845 4207 2098 4272 volebat,
2154 4207 2342 4260 sitiens
2400 4205 2611 4261 volebat
2662 4208 2884 4270 bibere.
2934 4222 3129 4263 somno
3179 4222 3434 4280 gravatus

192 4293 415 4363 ὡσαύτως
440 4317 458 4367 ;

1846 4299 2105 4365 dormire,
2129 4310 2183 4353 et
2215 4308 2408 4353 caetera
2438 4298 2724 4353 similiter?

260 4388 309 4445 '0
329 4391 592 4449 ΔΙΔΔΣΚ.
614 4391 871 4447 Μάλιστα
898 4392 1081 4466 ήθελε,
1117 4396 1210 4449 καὶ
1239 4396 1366 4450 καθ’
1403 4395 1433 4450 ὃ
1458 4394 1613 4462 Θεὸς,
1653 4396 1745 4450 ἵνα

1924 4390 2220 4448 DOCTOR.
2254 4389 2491 4447 Maxime
2521 4391 2755 4457 volebat,
2775 4391 2936 4448 etiam
2970 4406 3241 4465 quatenus
3264 4399 3429 4462 Deus.

191 4480 219 4551 ἡ
243 4483 354 4548 ἁγία
383 4487 548 4541 αὑτοῦ
574 4486 717 4558 σὰρξ
740 4487 916 4559 φάγῃ-

1845 4495 2089 4543 sanctam
2117 4486 2233 4555 ejus
2255 4500 2475 4540 carnem
2503 4485 2626 4540 cibo
2659 4485 2759 4540 uti.

257 4576 307 4632 ⁸0
334 4578 526 4636 ΘΕΩΡ.
562 4578 776 4644 "sum;
802 4580 1062 4645 ἒξελάὅου
1110 4579 1171 4634 τὸ
1207 4582 1339 4635 καθ’
1375 4579 1433 4647 ὃ,
1491 4580 1554 4635 οὗ
1598 4580 1742 4635 κατά
1771 4588 1818 4645 ι)

1920 4576 2389 4656 ᾘΙΕΟΒΙΑΝῙΙΞ.
2423 4577 2592 4633 Aliter
2623 4580 2892 4649 usurpasti
2925 4574 3220 4636 dictionem
3252 4594 3438 4652 quale-

192 4668 241 4720 τὸ
268 4672 459 4742 κυρίως
491 4671 907 4745 σημαινόμενον
940 4670 1128 4729 αὐτοῦ.
1190 4670 1338 4744 Πλὴν
1380 4670 1587 4742 ἕψομαί
1636 4688 1740 4726 σοι.

1848 4693 2093 4746 nus,non
2123 4683 2303 4729 autem
2330 4673 2489 4744 quIa
2528 4673 2701 4743 ipsius
2726 4674 2897 4744 magis
2925 4680 3201 4743 preprium
3227 4679 3437 4749 signiti-

194 4763 382 4833 Ἥθελε,
428 4770 561 4841 φής,
612 4769 710 4823 καὶ⁸
762 4768 885 4822 καθ’
934 4768 964 4821 ὃ
1029 4768 1163 4834 Θεὸς
1208 4767 1360 4838 ἴναή
1416 4767 1549 4838 ἁγία
1576 4768 1745 4822 αὑτοῦ

1845 4781 2055 4826 catum.
2102 4768 2464 4823 Nihilominus
2526 4766 2622 4820 tibi
2664 4765 2959 4835 obsequar.
3018 4764 3270 4833 Volebat,
3326 4774 3428 4833 ais.

194 4859 305 4929 σὰρξ
329 4864 509 4935 eam;
1847 4867 2038 4931 etiam,
2089 4872 2357 4935 quatenus
2388 4861 2549 4928 Deus,
2584 4869 2829 4915 sanctam
2854 4861 3023 4929 ipsius
3052 4876 3271 4917 carnem
3311 4865 3435 4919 cibo

1847 4956 1964 5012 uti?

256 5041 307 5095 Ὀ
328 5044 589 5099 ΔῐΔΛΣΚ.
630 5040 927 5113 Ὀρθότατα
948 5040 1152 5110 λέγεις.

1929 5049 2229 5108 DOCTOR.
2266 5049 2596 5105 Rectissime
2623 5048 2786 5106 dicis.

259 5132 313 5187 '0
333 5135 526 5191 ΘΕΩΡ.
596 5134 661 5186 Ἦ
706 5134 844 5205 σάρξ
912 5134 1078 5189 αὑτοῦ
1122 5134 1242 5207 ήτοι
1299 5134 1734 5207 ήάνθρωπότης

1919 5142 2393 5199 THEOliIANUS.
2433 5143 2545 5213 Age
2587 5157 2713 5197 vero
2748 5156 2880 5198 caro
2911 5142 3061 5212 ejus,
3098 5146 3213 5201 sive
3240 5147 3432 5201 huma-

190 5227 333 5281 αὑτοῦ
356 5230 547 5299 ἢθελεν
582 5229 669 5282 ἴνα
698 5229 849 5300 φάγῃ
874 5230 908 5299 ή
946 5230 1143 5302 οεότης
1174 5230 1381 5298 αὑτοῦ;

1847 5240 2016 5298 nitas,
2051 5238 2335 5291 volebatne
2359 5235 2696 5291 divinitatem
2726 5236 2897 5306 ipsius
2929 5236 3052 5293 cibo
3086 5238 3206 5292 uti?

256 5322 309 5375 '0
329 5323 591 5376 AlAAXK.
622 5319 719 5375 Οὔ.
1919 5327 2219 5384 DOCTOR.
2250 5326 2469 5381 Minime
2489 5327 2750 5397 gentium.

257 5416 310 5470 '0
335 5416 648 5489 91-309.;‘11
676 5417 735 5470 δὲ
784 5415 974 5486 θεότης
1019 5414 1185 5471 αὐτοῦ
1228 5414 1419 5488 ἤθελεν
1454 5414 1541 5471 τνα
1593 5416 1741 5487 φάγῃ

1916 5421 2177 5478 THEOR.
2247 5420 2513 5489 Divini‘tas
2570 5428 2753 5474 autem
2804 5420 2922 5492 ejus
2972 5422 3257 5478 volebatne
3317 5423 3431 5494 ipsa

194 5511 310 5585 αὕτη
330 5528 346 5577 ς

1846 5514 2227 5571 manducare?

261 5610 313 5662 ’0
335 5609 597 5665 ΔιΔΔΣΚ.
642 5608 886 5674 Ἀπαγε.

859 5624 886 5661 :.
1919 5608 2221 5663 DOCTOR.
2245 5609 2449 5681 Apage.

263 5702 316 5756 Ὀ
339 5703 529 5757 ΘΕΩΡ.
562 5702 703 5771 Ἀρι
726 5696 822 5754 οὗν
849 5698 902 5751 τι
941 5700 1004 5752 ἐκ
1022 5697 1230 5754 τούτων
1257 5700 1551 5768 συνάγεται
1575 5719 1590 5768 ;
1619 5701 1743 5755 Ὅτι

1918 5701 2176 5757 THEOR.
2208 5702 2347 5768 Quid
2376 5718 2506 5773 ergo
2531 5702 2659 5757 hinc
2688 5701 3032 5758 concluditur
3051 5702 3075 5755 ?
3097 5701 3302 5773 Nempe
3326 5704 3434 5759 duo

198 5795 523 5863 ιαὶδύο,καὶ
583 5797 683 5848 οὐκ
737 5792 1155 5865 ἐναντιούμενα.
1202 5792 1269 5846 Ἦ
1309 5794 1409 5865 μὲν
1442 5793 1551 5864 γὰρ
1607 5791 1746 5866 σὰρξ

1848 5808 1993 5859 esse,
2059 5808 2158 5848 nec
2196 5793 2299 5847 sibi
2340 5794 2637 5850 contraria.
2694 5793 2837 5849 Caro
2881 5794 3026 5848 enim
3074 5794 3290 5849 volebat
3343 5810 3438 5850 co-

200 5882 333 5957 ήθελε
348 5892 541 5961 φαγεῖν
564 5891 657 5944 καὶ
680 5886 971 5959 πληρῶσαι
992 5888 1063 5945 τὰ
1088 5885 1392 5965 τροφοδόχα
1417 5886 1617 5957 ἀγγεῖα
1646 5888 1744 5939 αὺ-

1853 5888 2097 5953 medere,
2143 5898 2245 5940 nec
2308 5898 2409 5941 sua
2467 5884 2683 5942 viscera
2749 5885 2906 5956 quasi
2967 5885 3111 5941 fame
3182 5886 3434 5943 exinani~
