4026 6296
531 358 637 425 179
1958 360 2356 425 ΤΗΕΟΒΙΑΝ
2365 361 2390 421 Ι
3708 352 3813 421 180

531 476 816 533 Dominum
847 495 952 535 non
987 481 1209 538 cadunt.
1235 481 1373 538 Nam
1407 481 1693 539 arbitrium
1725 489 1846 552 post
1874 478 2115 534 habitam

2232 478 2317 529 irai
2367 476 2671 547 αἱρουμένη
2711 473 2821 545 πρὸ
2873 474 2968 529 τοῦ
3019 474 3214 543 ἐτέρου
3271 476 3331 529 τὸ
3368 475 3579 547 ἕτερον.
3635 474 3699 529 Ὅ
3749 470 3812 527 δὶ

529 574 598 626 de
642 571 923 641 ignotam
974 575 1329 645 quaestionem
1369 584 1424 630 et
1470 574 1942 636 deliberationem,
1997 570 2114 625 sive

2232 569 2432 639 Κύριος
2459 567 2522 622 οὗ
2558 567 2715 639 ψιλὸς
2758 566 3051 638 ἄνθρωπος
3084 564 3182 631 ὢν,
3217 567 3354 623 ἀλλά
3393 570 3489 622 καὶ
3514 567 3671 631 Θεὸς,
3707 563 3814 618 ’καὶ

530 667 819 722 consilium
864 679 918 722 et
955 668 1241 737 judicium,
1289 669 1503 725 affectio
1534 670 1777 740 quaedam
1821 664 2004 721 estad
2040 663 2114 728 id,

2232 660 2408 713 πάντα
2444 659 2629 723 εἰδὼς,
2663 658 2921 730 ἀνενδεὴς
2951 659 3222 729 σκέψεως,
3261 661 3354 712 καὶ
3385 658 3693 730 ζητήσεως,
3715 656 3814 711 καὶ

528 777 637 828 quo
663 764 729 815 de
752 760 1017 828 judicium
1054 764 1259 818 factum
1289 772 1412 819 est:
1447 772 1567 833 post
1604 778 1767 834 quam
1804 761 2000 817 electio
2029 774 2118 813 se-

2232 751 2426 823 βουλῆς
2450 753 2711 822 ὑπάρχει,
2754 752 2850 807 καὶ
2891 751 3128 823 κρίσεως
3150 767 3163 782 ·
3200 752 3300 805 καὶ
3328 751 3577 821 φυσικῶς
3612 752 3716 822 τήν
3752 766 3811 802 τε

528 854 737 924 quitur,
759 855 988 910 alterum
1013 871 1122 926 prae
1152 856 1321 914 altero
1339 857 1606 929 deligens.
1634 856 1895 912 Dominus
1912 862 2115 910 autem.

2232 847 2363 917 πρὸς
2396 846 2458 901 τὸ
2492 847 2658 900 καλὸν
2697 846 2813 917 ἔχει
2839 847 3141 910 οίκείωσιν,
3164 847 3266 917 τήν
3295 863 3353 899 τε
3384 846 3521 917 πρὸς
3548 844 3610 899 τὸ
3636 844 3813 899 κακὸν

529 950 622 1017 qui
656 950 831 1006 nudus
867 952 1032 1006 homo
1068 966 1175 1005 non
1220 958 1323 1018 est,
1370 951 1465 1006 sed
1511 949 1675 1005 etiam
1723 950 1888 1010 Deus,
1934 954 1989 1001 et
2023 945 2115 1012 qui

2232 940 2607 1012 ἅλλοτρίωσιν.
2651 940 2750 994 Διὰ
2777 930 2964 993 ¹τοῦτο
3008 939 3291 1009 γνωμικὸν
3337 939 3371 1008 ἢ
3418 936 3813 1009 προαιρετικὸν

527 1044 683 1099 novit
733 1044 937 1109 omnia,
980 1059 1081 1100 nec
1131 1043 1579 1100 considerationis
1620 1041 1783 1098 ullius
1826 1048 1967 1110 eget,
2019 1052 2119 1092 nec

2232 1034 2442 1105 θέλημα
2473 1033 2567 1087 ἐπὶ
2596 1031 2692 1086 τοῦ
2747 1033 2957 1103 Κυρίου
2997 1034 3057 1086 οὐ
3098 1031 3358 1103 λέγομεν,
3386 1028 3527 1085 ἀλλὰ
3554 1028 3814 1101 φυσικόν,

527 1141 925 1210 inquisitionis,
984 1154 1083 1195 nec
1143 1138 1381 1205 consilii,
1436 1152 1538 1194 nec
1592 1135 1782 1207 iudicii
1832 1152 1848 1189 :
1895 1142 1953 1190 et
2009 1140 2125 1186 tum
2204 1128 2643 1198 coniunctionem
2694 1142 2821 1181 cum
2877 1127 3019 1181 bono
3072 1123 3396 1180 naturaliter
3462 1124 3645 1189 habet,
3700 1135 3815 1179 tum

527 1235 867 1291 aversioncm
923 1252 952 1288 a
1012 1235 1175 1290 malo.
1220 1231 1564 1305 Quapmpter
1615 1229 1962 1287 arbitrariam
2015 1233 2109 1281 aut
2146 1221 2435 1295 eligentem
2506 1222 2841 1277 voluntatem
2917 1220 3150 1275 Domino
3202 1235 3311 1275 non
3360 1220 3671 1282 tribuimus,
3721 1219 3817 1273 sed

525 1331 859 1387 naturalem.

602 1424 741 1479 Tum
795 1422 1238 1493 religiosissimus
1288 1424 1577 1494 episcopus
1644 1421 1865 1478 lsaacus
1919 1418 2055 1474 dixit
2102 1432 2118 1470 :

529 1515 815 1575 Sufficiunt
843 1518 961 1572 haec
990 1517 1057 1570 de
1089 1516 1299 1573 duabus
1329 1516 1699 1571 voluntatibus
1730 1510 2119 1574 Emmanuelis,

527 1612 602 1667 iis
655 1609 873 1680 quidem
924 1608 1017 1677 qui
1062 1624 1170 1663 non
1227 1609 1587 1673 contentiose,
1627 1622 1749 1677 qua:
1792 1605 1936 1661 dicta
1968 1612 2117 1665 sunt.

2317 1413 2377 1466 ⁸0
2411 1410 2820 1475 εὐλαϐέστατος
2860 1409 3167 1474 ἐπίσκοπος
3203 1410 3393 1465 Ἰσαὰκ
3424 1403 3605 1463 εἶπενο
3626 1409 3824 1479 Ἀρκεῖ

2229 1509 2345 1569 τοῖς
2379 1505 2456 1578 μὴ
2482 1503 2803 1575 φιλονείκως
2830 1502 3094 1558 ἀκούουσι
3112 1503 3220 1556 τῶν
3245 1502 3523 1572 ῥηθέντων
3548 1501 3679 1571 περὶ
3704 1501 3823 1553 τῶν

2227 1600 2322 1654 δύο
2351 1599 2678 1670 θελημάτων
2712 1595 2810 1650 τοῦ
2850 1594 3226 1667 Ἐμμανουήλ.
3280 1595 3416 1649 Είπὲ
3454 1595 3612 1665 ἡμῖν,
3642 1598 3693 1647 εἰ
3725 1610 3825 1648 κε-

528 1701 781 1757 audiunt.
814 1696 990 1763 Nunc,
1021 1699 1066 1753 si
1099 1699 1296 1770 placet,
1331 1699 1495 1754 etiam
1535 1700 1602 1754 de
1630 1698 1863 1769 geminis
1887 1695 2118 1751 actioni-

2232 1690 2428 1759 λεύεις,
2458 1694 2554 1746 καὶ
2587 1691 2720 1763 περὶ
2748 1689 2858 1744 τῶν
2891 1688 2987 1744 δύο
3028 1688 3350 1761 ἐνεργειῶν.

528 1793 634 1850 bus
669 1792 851 1848 dicito.

603 1884 860 1943 THEOR.
893 1885 973 1940 Ad
1001 1885 1486 1941 demonstrandum
1523 1884 1768 1938 actiones
1796 1879 1996 1936 Christi
2022 1878 2122 1934 du-

526 1981 723 2053 plices,
773 1979 917 2050 apud
958 1993 1053 2033 vos
1092 1980 1344 2033 oratione
1391 1976 1602 2047 prolixa
1658 1992 1763 2031 non
1814 1989 1953 2045 opus
2001 1987 2123 2030 esse

530 2073 791 2139 arbitror,
845 2074 935 2143 qui
984 2074 1159 2128 sacris
1211 2071 1432 2127 Litteris
1464 2069 1600 2127 estis
1645 2068 1919 2124 innutriti.
1984 2063 2121 2120 Nam

529 2183 831 2238 exspuere,
883 2166 1166 2238 lutumque
1214 2166 1282 2221 de
1334 2174 1495 2234 sputo
1540 2165 1833 2229 coniicere,
1888 2162 2125 2230 caecique

528 2260 764 2332 pupulas
788 2262 1070 2327 inungere,
1103 2257 1336 2313 hominis
1358 2259 1583 2311 omnino
1608 2256 1753 2311 actio
1776 2264 1882 2311 est.
1912 2252 2125 2323 Quippe

530 2352 875 2410 divinitatem
912 2366 1177 2420 exspuere
1216 2364 1326 2406 non
1377 2350 1641 2414 dicemus,
1700 2347 1745 2401 si
1798 2361 1903 2402 non
1946 2344 2123 2401 insani

531 2446 728 2504 simus.
757 2446 826 2499 At
852 2444 1023 2499 lutum
1054 2442 1182 2498 illud
1218 2443 1272 2497 in
1308 2441 1525 2497 oculum
1555 2450 1610 2496 et
1633 2441 1811 2495 lucem
1841 2450 2126 2496 converte-

531 2552 630 2606 re,
688 2536 741 2591 id
788 2536 1057 2591 divinitati
1122 2533 1346 2589 omnino
1407 2532 1791 2588 attribuemus.
1847 2532 2124 2601 Eiusmodi

533 2631 660 2703 quis
692 2630 904 2685 inﬁnita
962 2629 1219 2699 reperiat,
1251 2626 1299 2682 si
1346 2627 1565 2680 oracula
1609 2624 1790 2679 divina
1844 2624 2127 2694 diligenter

531 2722 857 2794 inspexerit.
891 2722 1007 2777 Erit
1048 2732 1229 2776 autem
1264 2735 1354 2775 res
1382 2726 1494 2773 tota
1539 2718 1822 2787 perspicua
1860 2719 1926 2771 de
1959 2714 2123 2783 gladii

534 2832 753 2890 quoque
784 2816 1068 2872 candentis
1090 2815 1357 2884 exemplo.
1394 2812 1526 2868 Nam
1561 2812 1609 2868 is
1640 2811 1847 2883 pariter
1890 2819 1948 2865 et
1978 2819 2127 2866 secat

534 2919 591 2968 ct
618 2912 761 2976 urit;
792 2920 982 2977 estque
1009 2907 1173 2963 dubio
1199 2904 1388 2975 procul
1420 2904 1562 2960 ustio
1587 2904 1807 2976 quidem
1841 2918 1946 2958 non
1971 2902 2124 2965 ferri,

524 3003 636 3063 sed
669 3004 807 3073 ignis
835 3018 848 3057 :
885 3000 1054 3056 sectio
1085 3014 1232 3064 vero,
1272 3013 1377 3053 non
1413 2998 1576 3066 ignis,
1607 2999 1700 3052 sed
1734 2996 1885 3052 ferri.
1924 2994 2125 3053 Eiiecta

2310 1872 2370 1927 '0
2406 1868 2602 1924 ΘΕΩΡ.
2658 1868 2796 1937 Περὶ
2828 1867 2937 1921 τῶν
2980 1865 3076 1920 δύο
3105 1864 3402 1934 ἐνεργειῶν
3436 1864 3532 1919 τοῦ
3569 1863 3822 1935 Χριστοῦ

2226 1967 2327 2019 οὐκ
2354 1961 2510 2034 οἶμαι
2536 1964 2683 2033 ὑμᾶς
2709 1960 2922 2014 δεῖσθαι
2950 1958 3127 2028 λόγων
3154 1946 3369 2011 πολλῶν
3405 1956 3487 2021 εἰς
3511 1955 3822 2022 ἀπόδειξιν,

2225 2057 2357 2119 τοὺς
2394 2057 2517 2118 ταῖς
2545 2055 2724 2116 θείαις
2764 2048 3252 2122 ἐντεθραμμένους
3285 2048 3554 2117 Γραφαῖς.
3607 2046 3681 2098 Τὸ
3707 2045 3823 2116 γὰρ

2231 2142 2456 2210 πτῦσαι,
2491 2143 2584 2197 καὶ
2611 2142 2785 2213 πηλὸν
2819 2143 2884 2195 ἐκ
2921 2138 3020 2193 τού
3050 2137 3381 2209 πτύσματος
3408 2138 3665 2206 ποιῆσαι,
3720 2136 3823 2190 καὶ

2226 2241 2418 2314 χρῖσαι
2448 2238 2549 2303 τὰς
2592 2235 2764 2309 κόρας
2799 2235 2899 2289 τοῦ
2949 2232 3157 2304 τυφλοῦ
3183 2273 3200 2298 ,
3235 2228 3559 2304 ἀνθρωπίνη
3597 2231 3821 2294 πάντως

2228 2336 2379 2391 ἐστὶν
2433 2334 2712 2402 ἐνέργεια.
2775 2329 2976 2387 Πτύειν
3017 2327 3129 2398 γὰρ
3174 2328 3274 2381 οὐκ
3309 2326 3379 2381 ἂν
3416 2326 3674 2396 εἴποιμεν
3715 2326 3822 2395 τὴν

2228 2434 2485 2504 θεότητα,
2526 2431 2684 2501 εἴπερ
2718 2429 2782 2483 οὐ
2818 2423 3180 2499 μαινοίμεθα.
3223 2422 3300 2477 Τδ
3327 2422 3387 2476 δὲ
3420 2422 3512 2476 τὸν
3539 2420 3711 2492 πηλὸν
3737 2421 3824 2483 είς

2228 2528 2384 2597 ὄμμα
2403 2525 2498 2578 καὶ
2517 2523 2635 2593 φῶς
2666 2518 3215 2592 μετασκευάσασθαι,
3246 2515 3471 2579 πάντως
3496 2519 3565 2585 τῇ
3594 2514 3821 2585 θεότητι

2228 2621 2494 2691 δώσομεν.
2546 2617 2658 2671 Καὶ
2700 2614 2873 2687 μυρία
2927 2613 2993 2670 ἄν
3039 2629 3126 2675 τις
3189 2610 3345 2683 εὕροι
3392 2608 3649 2673 τοιαῦτα,
3699 2609 3821 2670 τοῖς

2230 2709 2403 2772 θείοις
2455 2703 2737 2777 ἐπιμελῶς
2773 2701 3031 2772 ἐγκύψας
3064 2698 3295 2769 λογίοις.
3321 2696 3521 2753 Ἔσται
3552 2696 3607 2749 δὲ
3644 2693 3826 2763 σαφὲς

2227 2803 2392 2858 τοῦτο
2419 2801 2518 2856 καὶ
2551 2798 2639 2854 διὰ
2680 2794 3137 2868 παραδείγματος
3164 2791 3266 2862 τῆς
3299 2786 3825 2861 πεπυρακτωμένης

2234 2888 2762 2965 μαχαίρας.Τέμνει
2794 2886 2905 2954 γὰρ
2949 2883 3093 2953 αὕτη
3140 2884 3201 2935 ἐν
3246 2878 3430 2949 ταυτῷ
3482 2876 3581 2930 καὶ
3645 2875 3822 2929 καίει.

2230 2986 2343 3040 Καὶ
2382 2984 2532 3038 ἐστιν
2561 2984 2596 3052 ή
2648 2981 2747 3046 μὲν
2787 2976 2987 3041 καῦσις
3029 2974 3316 3047 προδήλως
3343 2972 3405 3025 ού
3435 2970 3532 3026 τοῦ
3569 2968 3821 3039 σιδήρου,

537 3096 775 3164 deuictus
821 3094 1160 3149 diversarum
1207 3098 1529 3146 naturarum
1578 3099 1735 3154 sunt,
1786 3098 1896 3143 tam
1956 3089 2127 3144 sectio

2232 3077 2369 3132 ἀλλὰ
2397 3074 2495 3131 τοῦ
2534 3071 2813 3145 πυρός.Ἦ
2840 3070 2897 3123 δὲ
2927 3066 3073 3137 τομὴ
3103 3066 3165 3119 οὐ
3198 3063 3293 3119 τοῦ
3326 3063 3522 3133 πυρὸς,
3546 3061 3684 3115 ἀλλὰ
3707 3057 3815 3112 τοῦ

537 3203 705 3260 quam
748 3189 983 3245 adustio.
1024 3183 1228 3244 Verum
1263 3193 1486 3255 propter
1518 3183 1795 3243 unionem,
1837 3196 1943 3236 non
1990 3179 2127 3251 ignis

536 3294 750 3338 tantum
785 3297 909 3339 esse
937 3278 1167 3336 dicimus
1184 3279 1325 3334 hanc
1348 3278 1642 3344 ustionem,
1670 3277 1767 3333 sed
1785 3276 1950 3331 etiam
1973 3275 2124 3332 ferri.

538 3376 632 3435 Sic
653 3378 797 3432 enim
818 3375 963 3445 loqui
989 3372 1260 3430 solemus:
1281 3368 1393 3427 Hoc
1414 3370 1618 3427 ferrum
1642 3369 1774 3425 urit.
1800 3367 1893 3424 Sic
1915 3383 2129 3440 quoque

536 3486 657 3528 rem
683 3466 1181 3526 considerabimus:
1207 3464 1416 3521 Animae
1445 3473 1549 3531 est,
1581 3479 1781 3534 corpus
1816 3479 1976 3519 suum
2008 3463 2127 3518 ani-

536 3578 694 3620 mare
735 3576 801 3617 ac
844 3559 1142 3617 vivificare.
1176 3555 1334 3625 Quod
1368 3556 1586 3627 quidem
1628 3570 1695 3611 ex
1734 3557 2016 3611 amborum
2044 3554 2127 3611 di-

539 3663 753 3725 remptu
781 3661 946 3724 patet.
978 3650 1113 3707 Nam
1134 3650 1321 3729 anima
1346 3658 1592 3718 tempore
1620 3650 1809 3705 mortis
1834 3664 1866 3705 a
1898 3663 2129 3718 corpore

538 3763 640 3803 suo
674 3747 963 3813 dirempta,
995 3758 1195 3811 corpus
1244 3751 1516 3797 mortuum
1570 3751 1771 3797 manet.
1819 3741 1953 3797 Cum
1995 3757 2129 3814 ergo

540 3840 797 3899 divinitas
823 3840 943 3909 eius
968 3850 1243 3907 nunquam
1268 3849 1369 3890 nec
1396 3849 1428 3889 a
1456 3849 1686 3903 corpore
1715 3848 1818 3889 nec
1846 3836 1916 3890 ab
1946 3836 2127 3891 anima

540 3934 810 4002 dirempta
873 3930 1079 3993 fuerit,
1160 3943 1268 4000 quo
1318 3936 1476 3999 pacto
1526 3928 1636 3982 vim
1693 3927 1854 3983 istam
1906 3930 2125 3996 animm,

537 4027 910 4083 viviﬁcantem
968 4022 1199 4089 scilicet,
1248 4037 1358 4077 non
1415 4021 1607 4077 habuit
1660 4020 1778 4091 eius
1832 4024 2130 4080 divinitas?

538 4121 812 4180 Nimirum
846 4135 875 4175 a
907 4131 1136 4189 corpore
1170 4114 1515 4184 indit-empta,
1552 4115 1710 4187 eique
1737 4116 1984 4186 copulata
2026 4118 2128 4190 hy-

539 4214 829 4283 postatice,
878 4220 1149 4265 mortuum
1199 4222 1419 4263 manere
1453 4223 1652 4278 corpus
1702 4206 1845 4264 baud
1893 4209 2125 4265 sinebat.

539 4306 753 4378 Quippe
803 4306 931 4359 dum
982 4303 1126 4358 inest
1170 4301 1348 4357 anima
1389 4302 1628 4370 corpori,
1669 4317 1947 4372 nunquam
1995 4302 2125 4357 illud

537 4408 815 4457 mortuum
851 4406 956 4452 est.
1000 4396 1142 4451 Nam
1184 4409 1308 4449 cum
1348 4394 1534 4450 anima
1562 4396 1633 4449 sit
1661 4393 1889 4464 spiritus
1925 4395 2126 4462 vitalis,
2162 4411 2203 4466 ο

540 4508 740 4563 corpus
779 4492 956 4561 ipsum
994 4488 1250 4554 viviﬁcat,
1291 4490 1433 4543 sicut
1480 4487 1645 4542 etiam
1675 4487 1873 4544 alicubi
1903 4490 2123 4558 sapiens

540 4588 636 4645 ille
686 4584 930 4649 Salonio,
969 4583 1035 4638 de
1084 4582 1263 4652 impiis
1304 4581 1627 4650 quibusdam
1661 4593 1715 4638 ct
1754 4581 1823 4639 de
1858 4591 2127 4637 astrorum

542 4678 846 4737 cultoribus
881 4677 1128 4746 loquens,
1160 4675 1299 4730 dixit
1330 4691 1347 4729 :
1379 4673 1514 4729 Luto
1539 4674 1693 4729 vilior
1733 4683 1813 4729 est
1845 4676 1955 4729 vita
1984 4674 2126 4745 ipso-

543 4792 686 4840 rum,
733 4773 989 4846 quoniam
1038 4771 1354 4838 ignorarunt
1417 4782 1539 4823 cum
1582 4767 1674 4838 qui
1722 4766 1874 4837 ﬁnxit
1917 4782 2027 4829 eos,
2077 4778 2126 4821 et

542 4868 799 4937 efﬁcacem
845 4862 1081 4915 animum
1116 4859 1391 4929 inspiravit
1420 4859 1517 4925 eis,
1552 4873 1617 4912 ac
1642 4856 1883 4925 spiritum
1917 4855 2128 4912 vitalem

542 4961 617 5012 eis
642 4956 830 5028 afﬂavit
857 4954 923 5008 ¹⁵.

634 5134 794 5189 GEN.
854 5132 1182 5202 Quicunque
1240 5129 1631 5185 conscientiam
1692 5142 1843 5182 suam
1904 5129 2132 5197 pedibus

544 5226 847 5297 proculcat,
877 5224 1177 5295 praesertim
1210 5222 1266 5278 in
1308 5221 1554 5275 doctrina
1591 5220 1709 5275 ﬁdei
1742 5262 1757 5286 ,
1804 5236 1907 5275 nou
1939 5222 2133 5289 dignus

545 5326 631 5371 est
676 5316 934 5385 appellari
988 5314 1353 5369 Christianus.
1388 5312 1499 5383 Ego
1543 5328 1672 5367 vero
1719 5312 1884 5364 Deum
1933 5320 2125 5365 testem

546 5408 824 5479 appellans
872 5406 1066 5471 fateor,
1117 5420 1202 5459 me
1241 5416 1293 5459 et
1342 5405 1583 5475 eiusdem
1634 5404 1909 5457 vobiscqu
1964 5403 2133 5457 fuisse

545 5499 671 5553 ﬁdei
698 5510 753 5554 et
782 5513 928 5564 esse,
977 5514 1041 5553 ex
1070 5512 1179 5567 quo
1221 5495 1389 5552 libros
1440 5511 1625 5552 sacros
1675 5496 1929 5565 inspexi:
1978 5495 2132 5562 cuius

542 5591 751 5646 scilicet
783 5606 840 5645 cs
871 5591 985 5660 ipse
1024 5589 1169 5651 ﬁdei,
1210 5600 1264 5642 et
1309 5589 1361 5641 in
1401 5589 1637 5647 medium
1671 5588 1769 5643 abs
1795 5596 1848 5643 te
1881 5587 2129 5657 produc-tl

546 5687 653 5739 δὶνὶ
689 5686 894 5743 Patres.

617 5847 663 5883 "
702 5846 830 5918 sap.
874 5862 962 5913 xv,
1004 5846 1087 5911 lO,
1128 5846 1214 5901 il.

2237 3171 2491 3243 σιδήρου.
2547 3166 2662 3221 Καὶ
2713 3164 2885 3233 ἄλλης
2938 3162 3035 3215 καὶ
3075 3160 3243 3228 ἄλλης
3292 3156 3510 3227 φύσεως
3544 3155 3825 3225 ἐνέργειαι

2230 3268 2266 3339 ἧ
2294 3282 2358 3320 τε
2385 3262 2530 3333 τομὴ
2590 3259 2686 3315 καὶ
2718 3260 2753 3328 ἡ
2807 3244 3031 3315 καῦσις.
3078 3252 3178 3307 Διὰ
3220 3250 3278 3305 δὲ
3330 3250 3432 3321 τὴν
3484 3248 3706 3339 ἐνωσιν,
3745 3243 3827 3315 μὴ

2234 3336 2400 3431 μόνον
2430 3352 2530 3409 τοῦ
2567 3350 2744 3431 πυρὸς
2784 3343 2932 3401 εἶναι
2976 3345 3214 3415 λέγομεν
3261 3341 3364 3415 τὴν
3417 3337 3637 3406 καῦσιν,
3680 3336 3826 3392 ἀλλὰ

2230 3429 2328 3507 καὶ
2356 3447 2454 3503 τοῦ
2490 3430 2737 3516 σιδήρου.
2771 3440 2936 3496 Καίει
2956 3437 3068 3509 γὰρ
3091 3439 3119 3492 6
3145 3436 3367 3507 σίδηρος
3396 3429 3574 3499 οὗτος,
3612 3433 3823 3503 φαμέν.

2229 3542 2590 3613 Σκοπήσομεν
2609 3538 2667 3592 δὲ
2697 3536 2795 3591 καὶ
2829 3532 2996 3588 οὕτω·
3027 3531 3224 3602 Ψυχῆς
3252 3531 3371 3584 ἐστι
3400 3528 3461 3581 τὸ
3488 3525 3698 3598 ψυχοῦν
3722 3525 3825 3579 καὶ

2230 3636 2523 3704 ζωοποιεῖν
2573 3631 2636 3687 τὸ
2689 3628 2894 3698 ἑαυτῆς
2954 3626 3157 3694 σῶμα·
3190 3624 3289 3677 καὶ
3340 3622 3503 3691 δῆλον
3553 3620 3664 3675 ἀπὸ
3722 3616 3824 3675 τοῦ

2192 3715 2195 3719 ’
2229 3724 2536 3800 χωρισμοῦ.
2565 3718 2965 3791 Χωριζομένης
2992 3714 3104 3785 γὰρ
3120 3712 3328 3782 ταύτης
3348 3710 3492 3766 κατὰ
3513 3709 3607 3764 τὸν
3624 3709 3827 3779 καιρὸν

2229 3819 2326 3875 τοῦ
2362 3817 2595 3873 θανάτου
2654 3812 2763 3867 ἀπὸ
2813 3809 2910 3863 τοῦ
2957 3808 3162 3863 οἰκείου
3213 3804 3508 3877 σώματος,
3560 3802 3714 3875 μένει
3760 3802 3827 3855 τὸ

2232 3912 2396 3983 σῶμα
2437 3907 2655 3980 νεκρόν.
2701 3903 2856 3958 Ἐπεὶ
2900 3901 2997 3956 οὖν
3049 3901 3084 3972 ἡ
3132 3897 3327 3969 θεότης
3358 3897 3527 3952 αὑτοῦ
3557 3894 3827 3949 οὐδέποτε

2229 4006 2357 4063 οὔτε
2383 4006 2479 4060 τοῦ
2512 4001 2789 4073 σώματος,
2821 3995 2946 4051 οὔτε
2980 3996 3082 4066 τῆς
3127 3991 3311 4067 ψυχῆς
3361 3989 3661 4064 ἐχωρίσθη,
3702 3988 3829 4053 πῶς

2230 4100 2328 4172 τὴν
2354 4097 2638 4168 ἐνέργειαν
2667 4090 2878 4160 ταύτην
2907 4088 3009 4157 τῆς
3032 4086 3233 4157 ψυχῆς,
3251 4083 3313 4136 τὸ
3335 4082 3628 4151 ζωογονεῖν
3652 4098 3825 4172 φημι,

2230 4171 2334 4247 ούκ
2370 4183 2521 4258 εἶχεν
2577 4186 2611 4256 ἠ
2659 4182 2857 4252 θεότης
2912 4175 3118 4239 αὐτούς
3154 4174 3299 4230 Ἀλλ’
3345 4174 3653 4247 ἀχώριστος
3685 4171 3829 4229 οὖσα

2230 4283 2329 4337 τοῦ
2362 4282 2642 4351 σώματος,
2683 4275 2783 4329 καὶ
2810 4269 2936 4327 καθ’
2981 4270 3283 4324 ὑπόστασιν
3334 4269 3596 4341 ἡνωμένη
3644 4259 3824 4340 αὐτῷ,

2231 4376 2335 4429 οὐκ
2361 4371 2451 4427 sla.
2484 4370 2670 4443 μένειν
2699 4366 2834 4423 αὐτὸ
2862 4363 3081 4437 νεκρόν.
3114 4362 3313 4435 Ψυχῆς
3346 4362 3457 4435 γὰρ
3482 4361 3711 4430 ἐνούσης
3744 4361 3829 4432 τῷ

2242 4466 2480 4537 σώματι,
2509 4464 2769 4519 οὐδέποτε
2792 4459 2992 4531 νεκρὸν
3032 4458 3220 4512 ἐκεῖνο
3248 4457 3513 4528 τυγχάνει
3541 4456 3621 4511 ὃν.
3646 4453 3829 4511 Πνεῦ-

2243 4581 2320 4636 μα
2364 4562 2476 4632 γὰρ
2523 4556 2755 4624 ζωτικὸν
2794 4549 2931 4608 οὖσα
2958 4554 2996 4625 ἡ
3023 4550 3172 4624 ψυχὴ
3192 4592 3207 4617 ,
3234 4549 3517 4615 ’ζωοποιεῖ
3544 4548 3607 4602 τὸ
3638 4549 3826 4619 σῶμα,

2238 4656 2315 4720 ὥς
2338 4672 2444 4710 που
2468 4651 2563 4707 καὶ
2585 4650 2614 4704 ὁ
2635 4648 2804 4719 σοφὸς
2836 4647 3092 4716 Σολομὼν
3118 4642 3248 4715 περί
3285 4658 3450 4696 τινων
3482 4641 3829 4711 παρανόμων

2239 4748 2334 4804 καὶ
2390 4738 2807 4812 είδωλολατρῶν
2863 4730 2987 4791 εἷπε
3039 4751 3055 4767 ·
3118 4732 3332 4802 Πηλοῦ
3382 4733 3731 4802 ἀτιμότερος
3794 4736 3829 4787 ὁ

2230 4842 2375 4910 ,ϐίος
2401 4835 2625 4904 αὐτῶν,
2650 4835 2743 4889 ὅτι
2760 4834 3081 4902 ἠγνόησαν
3098 4827 3208 4882 τὸν
3223 4825 3549 4882 πλάσαι-τα
3567 4824 3824 4892 αὐτοὺς,

2236 4932 2338 4988 καί
2366 4930 2475 4985 τὸν
2498 4930 2931 4998 ἐμπνεύσαντα
2951 4921 3158 4989 αὐτοῖς
3176 4919 3393 4992 ψυχὴν
3417 4920 3823 4991 ἐνεργοῦσαν,

2237 5029 2341 5081 καί
2365 5022 2821 5095 ἐμφυσήσιιντα
2847 5018 3057 5084 αὐτοῖς
3081 5015 3322 5085 πνεῦμα
3348 5011 3617 5075 ζωτικόν.

2321 5121 2382 5175 '0
2414 5119 2582 5173 ΚΑΘ.
2635 5118 2830 5179 Ὅστις
2858 5113 2919 5167 τὸ
2947 5114 3151 5167 οίκείον
3198 5110 3513 5164 καταπατεϊ
3552 5109 3828 5173 συνειδὸς.

2236 5217 2332 5270 καὶ
2371 5212 2610 5285 μάλιστα
2637 5212 2696 5264 ἐν
2726 5209 2843 5270 τοῖς
2884 5205 3015 5278 περὶ
3043 5205 3284 5267 πίστεως
3321 5202 3490 5273 λόγῳ,
3540 5202 3644 5254 οὐκ
3677 5201 3829 5257 ἔστιν

2237 5310 2389 5374 ἄξιος
2434 5303 2723 5360 καλεῖσθαι
2758 5297 3111 5373 Χριστιανός.
3162 5293 3311 5365 Ἐγὼ
3341 5293 3400 5348 δὲ
3446 5292 3700 5363 ὁμολογῶ
3732 5294 3829 5348 ἐπὶ

2239 5400 2360 5472 Θεῷ
2424 5398 2690 5468 μάρτυρι,
2749 5394 2833 5447 δτι
2886 5394 2987 5462 τῆς
3046 5388 3219 5459 αὐτῆς
3253 5388 3385 5460 ὑμῖν
3431 5386 3675 5449 πίστεως
3730 5387 3828 5440 καὶ

2237 5495 2388 5565 ήμην
2423 5493 2517 5545 καὶ
2549 5491 2688 5561 είμὶ,
2720 5488 2907 5556 ἐξότου
2936 5488 3059 5549 ταῖς
3097 5484 3273 5546 θείαις
3318 5480 3563 5551 ἑνέκυψα
3592 5480 3826 5552 βίϐλοις,

2232 5580 2302 5656 ἦς
2334 5585 2427 5638 καὶ
2452 5582 2617 5646 αὐτὸς
2651 5578 2724 5647 εἴ,
2756 5580 2853 5635 καὶ
2880 5578 2933 5634 oi
2961 5575 3115 5653 παρὰ
3153 5573 3251 5631 σοῦ
3289 5576 3373 5650 είς
3419 5572 3589 5647 μέσον
3618 5573 3824 5645 ἀχθέν-

2228 5696 2322 5743 τες
2352 5677 2486 5729 θεῖοι
2522 5674 2788 5746 Πατέρες.
