4026 6296
243 314 343 391 ’181

1617 316 2082 386 ῸΙΞΡΗΤΑἸῚΟ
2120 321 2169 382 Ι.
2257 378 2259 381 ,

3404 311 3507 380 182

313 439 374 492 '0
403 436 605 493 ΘΕΩΡ.
624 437 687 491 Εί
705 433 878 500 οὕτως
904 436 1216 504 ἐπίστευες,
1241 438 1334 493 καὶ
1364 439 1666 504 πιστεύεις,
1692 438 1818 492 ’ἐνει-

1995 430 2251 489 TIIEOR.
2290 432 2348 488 Si
2377 430 2459 488 sic
2488 430 2863 497 credebantet
2904 445 3048 486 nunc
3089 428 3305 497 credis,
3337 442 3507 499 quare

236 547 329 584 κεν
373 530 525 594 τίνος
583 529 777 584 λοιπὸν
825 530 1073 601 ἔγραψας
1140 532 1200 583 ὲν
1259 533 1329 600 τῇ
1385 531 1650 603 ἐπιστολῇ
1698 547 1821 596 σου,

255 620 499 693 Λέγομεν
544 622 680 692 μίαν
715 623 879 690 φύσιν
909 622 1100 690 είςετὸν
1131 623 1409 694 Χριστόνς

325 713 386 767 Ὅ
417 712 585 767 ΚΑΘ.
620 712 973 768 Ἀποὸλέπων
1002 715 1083 775 είς
1112 713 1172 767 τὸ
1196 714 1289 767 τοῦ
1316 712 1608 785 ἀνθρώπου
1644 713 1827 784 παράο

236 806 459 875 δειγμα,
492 798 539 874 ᾧ
584 805 636 858 οἱ
677 805 825 873 ἅγιοι
853 804 1101 877 Πατέρες
1141 806 1469 877 ἐχρήσαντο,
1498 804 1593 859 τοῦ
1623 807 1687 859 ὲκ
1717 805 1826 876 ψυ-

237 899 337 968 Χῆς
364 895 740 967 συγκειμένου
794 895 888 948 καὶ
936 893 1213 966 σώματος,
1276 898 1373 951 καὶ
1404 896 1504 966 μία
1541 897 1705 964 φύσις
1733 896 1824 949 λε-

235 988 475 1058 γομένου
516 987 661 1060 μετὰ
686 987 788 1055 τὴν
816 988 1035 1055 ἕνωσιν,
1066 989 1160 1044 καὶ
1188 988 1309 1055 τὰς,
1342 989 1403 1054 ἐξ
1426 982 1509 1044 ὦν
1537 988 1823 1057 συνετέθη,

238 1080 432 1151 φύσεις
456 1079 802 1151 ἀσυγχύτους
829 1084 924 1136 καὶ
956 1082 1266 1153 ἀτρέπτους
1302 1080 1690 1149 φυλάττοντος,
1722 1080 1826 1134 οὐκ

236 1175 479 1242 ὲδόκουν,
513 1175 592 1239 ὡς
618 1174 886 1239 πολλάκις
914 1171 1071 1230 εῑπόν
1103 1192 1189 1230 σοι
1212 1216 1228 1241 ,
1268 1174 1629 1244 σφάλλεσθαι.
1686 1173 1823 1227 ’Υπ-

236 1269 547 1340 ελάμὸανον
568 1268 627 1325 δὲ
658 1269 862 1324 καὶτὸν
893 1269 1166 1339 μακάριον
1185 1268 1478 1340 Κύριλλθν,
1508 1269 1639 1338 μίαν
1661 1267 1827 1335 φύσιν

232 1362 327 1416 τοῦ
358 1361 536 1433 Λόγου
566 1362 1005 1434 σεσαρκωμένην
1045 1362 1299 1432 λέγοντα,
1335 1361 1500 1415 τοῦτο
1533 1360 1825 1427 βούλεσθαι

232 1454 455 1525 δηιλοῦν.
490 1456 735 1510 Ἤκουον
773 1457 829 1510 δὲ
866 1457 962 1511 καὶ
1007 1456 1163 1528 παρὰ
1195 1456 1432 1520 πολλῶν,
1476 1456 1631 1510 ὅτιοί
1686 1454 1825 1511 Ῥωο

236 1548 392 1617 μαῐοι
449 1545 547 1599 δύο
585 1544 775 1615 φύσεις
826 1546 1268 1619 κεχωρισμένας,
1303 1544 1381 1610 ὡς
1427 1547 1457 1601 ό
1507 1546 1825 1618 Νεστόριος,

227 1640 654 1711 δογματίζουσι.
694 1641 805 1695 Καὶ
840 1641 925 1696 διὰ
958 1640 1120 1695 τοῦτο
1166 1640 1417 1712 σφοδρῶς
1446 1640 1827 1713 ἅντιμαχόμεο

231 1747 322 1794 νος
379 1730 483 1801 τῆς
522 1732 654 1801 μιᾶς
686 1732 907 1799 φύσεως
934 1731 1157 1799 λέξεως,
1192 1732 1290 1785 καὶ
1331 1730 1477 1785 κατὰ
1508 1732 1603 1786 τοῦ
1636 1748 1826 1803 κεχω-

225 1822 552 1893 ρισμένας,
587 1822 650 1879 τὸ
689 1825 842 1894 μίαν
880 1824 1266 1896 άνττιθέμεθα.
1311 1826 1467 1879 Κατὰ
1535 1825 1721 1893 μέντοι
1761 1843 1827 1894 γε

230 1918 328 1970 τὸν
361 1916 491 1973 νοῦν
516 1915 691 1983 οὕτως
734 1917 1024 1991 ἐφρόνουν,
1055 1910 1151 1973 καὶ
1195 1916 1344 1973 οὕτω
1372 1919 1581 1991 φρονῶ,
1626 1919 1702 1982 ὡς
1733 1921 1835 1973 αὑ-

230 2009 319 2075 τδς
375 2011 513 2081 ήμῖν
543 2012 939 2083 διετράνωσας,
992 2013 1060 2067 ἐκ
1084 2003 1195 2066 τ’ῶν
1246 2011 1408 2066 θείων
1440 2012 1677 2084 Γραφῶν
1732 2012 1834 2076 τὰς

227 2102 551 2171 ἀποδείξεις
584 2105 934 2176 ποιούμενος.
974 2106 1092 2161 Νῦν
1124 2103 1219 2162 οὖν
1252 2109 1302 2162 εί
1326 2107 1471 2178 ἔχεις
1505 2106 1636 2162 ἄλλο
1661 2107 1836 2178 κεφά-

230 2195 415 2262 λαιον,
446 2198 685 2269 πρόσθες
708 2215 724 2231 ο
758 2201 853 2253 καὶ
894 2198 1026 2273 περὶ
1054 2197 1292 2269 ἐκείνου,
1324 2203 1373 2256 εί
1407 2201 1577 2269 δοκεῖ,
1613 2205 1840 2275 ποιησόέ

234 2291 386 2362 μεθα
417 2293 521 2362 τὴν
556 2291 821 2359 διάλεξιν.

320 2385 392 2439 '0
428 2386 627 2440 ΘΕΩΡ.
676 2385 1091 2457 ’Δναγνώσομεν
1128 2387 1316 2442 λοιπὸν
1344 2389 1435 2443 καὶ
1466 2387 1627 2444 πάλιν
1648 2389 1712 2442 ὲκ
1738 2388 1837 2461 τῆς

230 2477 339 2546 σῆς
370 2479 692 2549 ἐπιστολῆς.

308 2570 385 2626 Ὅ
418 2571 588 2626 ΚΑΘ.
624 2573 759 2641 Ἀγε
777 2611 792 2627 .

308 2669 410 2733 Ὦς
439 2661 538 2721 οὖν
570 2664 1039 2738 ἀνεγινώσκομεν,
1070 2668 1317 2740 Ιήλθομεν
1344 2670 1427 2733 είς
1451 2668 1544 2724 τὸν
1570 2670 1757 2737 τόπον,
1774 2662 1837 2724 οὗ

228 2757 297 2833 ἦν
356 2760 801 2831 γεγραμμένονο
850 2758 1203 2830 Ἐσκήνωσεν
1262 2763 1323 2815 έν
1368 2764 1437 2832 τῇ
1487 2762 1688 2835 γαστρὶ
1737 2766 1836 2833 τῆς

230 2853 524 2928 Παρθένου
574 2852 735 2908 ἐννέα
792 2853 980 2926 μηνῶν
1033 2853 1266 2926 χρόνον,
1328 2856 1422 2909 καὶ
1483 2855 1645 2909 πέντε
1698 2857 1838 2927 ήμεο

138 2960 141 2961 ⁷
231 2949 374 3019 ρῶν.

298 3036 481 3097 Εἶπεν
510 3044 541 3098 ό
566 3044 767 3098 ΘΕΩΡ.
798 3043 970 3097 Πόθεν
1006 3041 1155 3115 ἔχεις
1200 3041 1389 3108 τοῦτο,
1420 3044 1503 3099 ὅτι
1536 3044 1694 3100 ὲννέα
1730 3046 1840 3117 μῆ·-

1926 526 2209 583 scribehas
2240 524 2292 579 in
2319 523 2545 594 epistola
2576 533 2665 580 tua
2691 539 2707 580 :
2744 522 2982 579 Dicimus
3010 536 3173 577 unam
3209 522 3262 576 in
3288 519 3511 577 Christo

1925 615 2223 673 naturam?

1992 710 2157 768 GEN.
2194 711 2456 784 Equidem
2491 712 2788 782 respiciens
2821 712 2887 767 ad
2927 709 3057 765 illud
3099 709 3408 777 exemplum
3440 706 3510 761 ab

1928 807 2145 863 homine
2196 815 2472 877 sumptum
2498 822 2531 872 ,'
2569 821 2679 875 quo
2728 804 2900 861 sancti
2957 804 3147 863 Patres
3197 801 3280 858 usi
3341 808 3508 863 sunt.

1929 899 2166 964 homine,
2213 900 2458 970 inquam,
2492 912 2559 953 ex
2598 896 2779 952 anima
2813 910 3151 968 corporeque
3179 894 3508 965 composito,

1931 993 2135 1063 quique
2180 1002 2304 1062 post
2353 992 2608 1047 unionem
2660 1005 2782 1046 esse
2829 998 3022 1045 natura
3049 988 3250 1044 dicitur
3284 1003 3413 1054 una,
3454 996 3508 1043 et

1930 1097 2176 1153 naturas,
2220 1102 2287 1141 ex
2326 1086 2524 1156 quibus
2576 1093 2662 1139 est
2692 1082 3049 1154 compositus.
3098 1080 3413 1137 inconfusas
3459 1089 3515 1136 et

1930 1178 2245 1233 mutationis
2298 1188 2549 1248 expertes
2600 1177 2800 1232 retinet
2836 1215 2854 1240 ,
2928 1174 3152 1230 minime
3200 1173 3356 1239 mihi,
3409 1187 3512 1246 ceu

1930 1270 2208 1327 multoties
2238 1270 2331 1325 tibi
2360 1272 2469 1339 jam
2503 1268 2635 1335 dixi,
2679 1268 2789 1323 falli
2825 1266 3069 1325 videbar.
3112 1265 3378 1322 Praeterea
3415 1280 3515 1335 pu-

1930 1365 2136 1428 tabam,
2188 1365 2407 1418 beatum
2462 1358 2610 1417 illum
2659 1361 2943 1434 Cyrillum,
2999 1376 3121 1415 cum
3170 1360 3301 1416 dicit
3351 1374 3513 1413 unum

1930 1467 2180 1512 naturam
2212 1456 2495 1512 Sermonis
2527 1456 2889 1519 incarnatam,
2919 1453 3023 1509 hoc
3053 1455 3227 1521 ipsum
3272 1450 3518 1506 indicare

1932 1548 2089 1604 velle.
2116 1549 2158 1601 Α
2184 1547 2429 1618 pluribus
2452 1546 2735 1601 audiebam
2760 1545 3010 1616 denique,
3038 1544 3317 1599 Romanos
3335 1558 3521 1598 exem—

1926 1643 2015 1714 plo
2044 1642 2279 1698 Nestorii
2309 1644 2445 1698 duas
2474 1652 2696 1697 naturas
2717 1651 2995 1708 separatas
3022 1647 3281 1695 statuere.
3305 1637 3517 1706 Quam.

1929 1736 2116 1792 obrem
2173 1735 2335 1791 unius
2400 1745 2605 1789 natura:
2682 1748 2871 1789 vocem
2924 1732 3282 1796 vehementer
3322 1737 3522 1800 propu.

1936 1836 2186 1897 gnantes,
2220 1842 2318 1897 pro
2340 1826 2597 1898 separatis
2628 1827 2858 1892 naturis,
2892 1840 3057 1879 uuam
3100 1823 3520 1893 reponebamus.

1933 1922 2156 1979 interim
2183 1932 2364 1978 mente
2387 1921 2467 1977 sic
2496 1919 2824 1985 sentiebam.
2861 1928 2917 1973 et
2941 1917 3137 1983 sentio,
3165 1915 3520 1986 quemadmo-

1936 2018 2061 2074 dum
2096 2017 2213 2087 ipse
2258 2014 2416 2072 nobis
2438 2012 2724 2069 declarain
2756 2027 2852 2082 per
2887 2025 2981 2066 cas
3010 2009 3525 2075 demonstrationes,

1937 2128 2071 2184 quas
2101 2127 2167 2167 ex
2207 2108 2407 2166 divinis
2436 2108 2657 2165 Litteris
2689 2105 3040 2162 centexehas.
3084 2104 3273 2173 Itaque
3301 2101 3347 2159 si
3382 2117 3527 2158 nunc

1937 2203 2084 2261 aliud
2116 2214 2278 2276 caput
2305 2202 2501 2269 habes,
2535 2201 2760 2273 adjicito
2790 2216 2804 2253 :
2833 2206 2891 2253 ut
2917 2197 3082 2252 etiam
3110 2195 3179 2253 de
3206 2194 3321 2262 illo,
3356 2197 3403 2253 si
3439 2194 3526 2252 vi-

1938 2300 2180 2364 debitur,
2206 2298 2604 2368 colloquamur.

2011 2390 2271 2449 THEOR.
2306 2391 2446 2461 Ergo
2472 2404 2663 2445 rursus
2687 2404 2752 2444 ex
2785 2387 3013 2456 epistola
3061 2397 3149 2444 tua
3191 2386 3371 2460 legere
3399 2402 3526 2457 per-

1939 2500 2151 2556 gemus.

2009 2574 2169 2633 GEN.
2207 2577 2319 2646 Age
2349 2590 2496 2631 vero.

2010 2672 2145 2727 Cum
2176 2671 2338 2741 igitur
2382 2669 2705 2740 legeremus,
2751 2668 2818 2723 ad
2865 2683 2989 2723 eum
3032 2665 3211 2722 locum
3254 2668 3525 2725 venimus,

1940 2762 2030 2817 ubi
2075 2761 2342 2833 scriptum
2393 2769 2514 2817 erat
2562 2776 2578 2815 :
2636 2758 2917 2817 Habitavit
2967 2758 3021 2813 in
3082 2769 3237 2814 utero
3295 2754 3537 2826 Virginis

1942 2870 2135 2911 novem
2165 2855 2431 2911 mensium
2460 2863 2516 2911 et
2544 2854 2787 2925 quinque
2814 2852 3026 2909 dierum
3059 2852 3259 2923 Spatio.

2013 3050 2159 3107 Dixit
2192 3065 2322 3122 ergo
2349 3048 2606 3106 THEOR.
2626 3045 2803 3116 Unde,
2846 3061 3053 3116 quaeso,
3082 3046 3134 3101 id
3167 3044 3353 3110 habes,
3385 3046 3535 3115 quod

226 3154 325 3199 νας
356 3136 458 3192 καὶ
488 3137 653 3193 πέντε
700 3138 915 3210 ἡμέρας
945 3138 1267 3210 ἐσκήνωσεν
1314 3139 1372 3193 ἐν
1404 3141 1471 3212 τῇ
1505 3143 1709 3213 γαστρὶ
1732 3141 1831 3213 τῆς

1949 3160 2133 3202 novem
2180 3143 2460 3199 mensibus
2491 3152 2547 3197 et
2581 3140 2824 3213 quinque
2854 3139 3045 3196 diebus
3100 3139 3426 3196 habitaverit
3471 3137 3527 3191 in

230 3231 526 3301 πανάγνου
556 3231 842 3304 Παρθένου
866 3248 884 3299 ;

313 3325 383 3377 Ὀ
418 3323 590 3380 ΚΑΘ.
619 3325 860 3395 Ἐχομεν
888 3324 994 3380 ἀπὸ
1013 3324 1124 3380 τῶν
1148 3326 1321 3398 ήμετέ
1330 3343 1438 3397 ρων
1471 3327 1833 3394 διδασκάλων,

227 3412 311 3466 δτι
344 3413 423 3467 τὰ
453 3413 783 3482 πρωτότοκα
817 3414 1008 3471 παιδία
1035 3415 1287 3469 ποιοῦσιν
1312 3418 1372 3470 ὲν
1403 3420 1470 3487 τῇ
1512 3417 1702 3489 μήτρᾳ
1727 3417 1836 3470 τῶν

227 3504 455 3560 ἑαυτῶν
515 3505 781 3578 μητέρων
835 3507 1100 3562 ἐπέκεινα
1150 3508 1263 3563 τῶν
1313 3510 1387 3579 μὴ
1449 3510 1836 3580 πρωτοτόκων,

230 3602 406 3656 πέντε
440 3600 681 3672 ἡμέρας.
710 3601 824 3654 Καὶ
849 3600 1006 3655 τοῦτο
1031 3602 1353 3658 πιστοῦνται
1395 3602 1504 3657 ἀπὸ
1529 3601 1623 3656 τοῦ
1667 3603 1835 3673 σοφοῦ

228 3688 633 3757 Σολομῶντος.
668 3688 919 3758 λέγοντος
974 3692 1101 3763 περὶ
1146 3691 1383 3749 ἑαυτοῦο
1435 3695 1840 3764 Δεκαμενιαίῳ

456 3782 675 3852 παγεὶς
700 3783 1014 3854 ἐνσώματι
1033 3801 1046 3816 ’
1075 3784 1236 3840 τοῦτο
1258 3786 1589 3858 βουλομένου
1618 3788 1837 3861 δηλοῦν,

229 3877 314 3930 δτι
348 3876 419 3930 οὐ
446 3874 616 3946 μόνον
644 3876 802 3931 ἐννέα
842 3878 1020 3949 μῆνας
1050 3875 1119 3950 ἦν
1149 3880 1208 3933 ἐν
1238 3882 1306 3952 τῇ
1360 3882 1548 3954 μήτρᾳ
1577 3882 1676 3953 τῆς
1708 3882 1838 3934 ἑαυυ

230 3969 335 4025 τοῦ
372 3969 613 4042 μητρὸς,
638 3969 776 4026 ἀλλὰ
806 3971 903 4026 καὶ
938 3972 1048 4026 ἀπὸ
1080 3972 1173 4027 τοῦ
1212 3974 1445 4029 δεκάτου
1480 3976 1694 4032 ἔλαϐεν.
1750 3979 1839 4044 Ὧς

233 4064 603 4135 πρωτότοκον
632 4063 727 4119 οῦν
753 4065 782 4119 ὁ
820 4064 1192 4139 Ἐμμανουήλ,
1222 4067 1315 4121 τὸν
1346 4064 1465 4123 ἴσον
1496 4072 1682 4135 αὐτοῖς
1707 4071 1841 4143 χρόα

232 4175 326 4212 νον
363 4160 428 4211 ὲν
463 4161 532 4228 τῇ
566 4159 753 4230 μήτρᾳ
790 4158 891 4231 τῆς
926 4159 1128 4215 ἑαυτοῦ
1158 4162 1369 4234 μητρὸς
1404 4164 1732 4235 πεποίηκεν.

318 4251 386 4307 Ὀ
410 4251 616 4306 ΘΕΩΡ.
648 4250 709 4308 '0
734 4251 990 4323 Σολομῶν
1020 4254 1166 4309 κατὰ
1187 4255 1281 4310 τὸν
1310 4256 1566 4327 ἀριθμὸν,
1589 4256 1842 4330 ἀριθμῶν

231 4345 347 4399 τῶν
385 4343 686 4415 Ἐϐραίων,
729 4344 1109 4417 δεκαμηνιαίῳ
1153 4347 1334 4419 χρόνῳ
1379 4346 1500 4403 εἷπε
1546 4350 1746 4420 παγεὶς
1782 4352 1840 4403 ὲν

235 4436 472 4510 σώματι
496 4453 514 4469 ⁸
558 4438 658 4493 καὶ
681 4436 790 4508 γὰρ
824 4439 878 4491 οἰ
911 4440 1079 4511 μῆνες
1124 4439 1235 4494 τῶν
1283 4439 1555 4513 Ἐὗραίων
1588 4444 1842 4516 μικρότε-

235 4530 327 4602 ροί
371 4531 487 4585 είσι
528 4530 641 4586 τῶν
680 4531 974 4610 ἡμετέρων
1023 4532 1235 4604 μηνῶν.
1286 4536 1521 4590 Ἐκεῖνοι
1572 4513 1703 4609 γάρ⁷
1742 4538 1844 4607 τήν
1874 4513 1920 4571 Β

236 4624 488 4696 σελήνην
517 4620 707 4693 έχουσι
737 4623 937 4694 μέτρον
962 4623 1070 4677 τῶν
1102 4627 1237 4696 παρ’
1267 4626 1452 4691 αὐτοῖς
1479 4630 1667 4699 μηνῶν
1689 4646 1707 4662 ο
1743 4630 1845 4704 τήν

233 4720 358 4788 γάρ
401 4716 585 4790 ἀρχὴν
613 4718 715 4786 τῆς
769 4716 1001 4789 σελήνης
1030 4718 1250 4791 ἔχουσιν
1277 4720 1455 4792 ἀρχὴν
1495 4720 1588 4776 τοῦ
1637 4722 1842 4793 μηνός’

237 4814 344 4867 καὶ
387 4812 455 4866 τὸ
478 4810 642 4875 τέλος
679 4810 843 4867 πάλιν
883 4812 1077 4883 αὐτῆς,
1119 4812 1275 4877 τέλος
1310 4812 1405 4867 τοῦ
1443 4816 1611 4887 μηνὸς
1638 4814 1843 4871 αὐτῶν.

241 4908 535 4964 οὐδέποτε
562 4909 621 4963 δὲ
645 4907 845 4980 σελήνη
875 4907 989 4981 ἔχει
1017 4909 1235 4982 ἡμέρας
1260 4907 1325 4979 λ’,
1358 4910 1390 4982 ἢ
1422 4910 1526 4977 λα’,
1557 4912 1636 4975 ὡς
1660 4910 1846 4984 ἔχουσι

236 5005 291 5056 οἱ
336 5003 517 5073 μῆνες
547 4999 729 5071 ήμῶν.
775 5001 930 5055 Κατὰ
960 5002 1092 5071 γοῦν
1118 5002 1210 5057 τὸν
1239 5002 1477 5074 ἀριθμὸν
1507 5004 1618 5059 τῶν
1655 5007 1844 5075 μηνῶν

236 5097 366 5151 τῶν
395 5094 671 5167 Ἐσραίων
693 5091 845 5150 εἶπεν
863 5097 890 5149 ό
907 5094 1163 5166 Σολομῶν
1184 5112 1198 5127 ·
1225 5097 1633 5167 Δεκαμηνιαίφ
1646 5100 1845 5168 χρόνῳ

238 5188 477 5259 παγείς
496 5184 836 5256 ἐνσώματι.
886 5187 950 5241 Ὀ
991 5187 1047 5241 δὲ
1069 5187 1172 5258 τῆς
1200 5189 1531 5261 οἰκουμένης
1561 5192 1788 5264 φωστὴρ
1818 5196 1846 5245 ὁ

237 5280 500 5356 χρυσοῦς
532 5280 635 5353 τὴν
678 5279 929 5350 γλῶτταν
970 5278 1226 5353 Ἰωάννης
1262 5285 1319 5337 έν
1368 5283 1445 5355 τῷ
1473 5283 1620 5355 λόγῳ
1654 5284 1730 5355 τῷ
1764 5287 1844 5351 είς

237 5373 354 5447 τὴν
386 5373 652 5444 Γέννησιν
689 5371 788 5427 τοῦ
828 5373 1039 5444 Κυρίου
1084 5374 1246 5445 ήμῶν
1291 5375 1470 5444 Ἰησοῦ
1499 5376 1760 5447 Χριστοῦ,
1788 5380 1846 5431 ὲν

237 5459 287 5537 ᾧ
332 5465 439 5522 καὶ
469 5458 601 5537 περὶ
626 5464 746 5531 τοῦ,
775 5467 909 5520 πότε
935 5466 1019 5521 δεῖ
1045 5465 1143 5540 τήν
1174 5467 1271 5521 τοῦ
1302 5466 1559 5539 Σωτῆρος
1589 5470 1846 5539 γέννησιν

240 5556 565 5629 ἑορτάξειν,
598 5558 789 5629 σαφῶς
820 5558 1227 5626 ἀποδείκνυσιν,
1246 5552 1523 5635 οῦήάρχή
1554 5577 1567 5592 ’
1599 5578 1619 5614 ι
1651 5564 1719 5620 "A
1747 5564 1849 5620 πά-

245 5647 347 5705 λαι
405 5648 745 5721 πατριάρχαι
806 5649 907 5721 μὲν
943 5647 1462 5724 ὥδινρν,.προφῆται
1492 5648 1550 5704 δὲ
1614 5650 1845 5721 προῦλε-

336 5824 394 5857 “
430 5823 557 5897 Sap.
599 5842 693 5892 vn,
736 5828 790 5893 7,
830 5827 893 5883 2.

1942 3236 2265 3292 castissima
2296 3234 2535 3305 Virginis
2563 3235 2757 3290 utero?
2978 3295 2981 3297 ε

2014 3327 2176 3384 GEN.
2213 3329 2541 3399 Accepimus
2573 3344 2603 3382 a
2627 3327 2943 3384 doctoribus
2963 3326 3189 3388 nostris,
3210 3323 3530 3396 primigenia

1944 3423 2183 3495 quinque
2233 3423 2427 3480 diebus
2485 3423 2536 3477 in
2599 3434 2833 3478 matrum
2887 3435 3106 3475 suarum
3161 3418 3282 3472 alvo
3330 3417 3531 3470 diutius

1946 3516 2211 3573 exsistere
2242 3532 2406 3589 quam
2458 3515 2597 3571 fetus
2643 3531 2749 3571 non
2788 3513 3160 3585 primigenios.
3201 3512 3377 3580 Atque
3407 3508 3532 3563 huic

1944 3610 2183 3679 epinioui
2209 3610 2369 3666 ﬁdem
2405 3609 2698 3666 conciliant
2722 3625 2789 3664 ex
2824 3608 2915 3663 illo
2941 3608 3190 3677 sapiente
3216 3604 3536 3665 Solomone,

1947 3706 2014 3758 de
2047 3719 2104 3758 se
2134 3704 2252 3775 ipso
2280 3705 2494 3761 dicente
2526 3723 2542 3761 :
2588 3704 2776 3760 Decem
2826 3703 3086 3758 mensium
3123 3701 3291 3770 spatio
3327 3696 3560 3764 deﬁxus.

1946 3799 1999 3854 in
2032 3816 2250 3870 corpore
2269 3798 2351 3871 [ui
2386 3799 2469 3865 ¹⁶;
2504 3798 2721 3869 quibus
2763 3796 2946 3851 verbis
2987 3796 3088 3848 hoc
3118 3792 3361 3847 indicare
3395 3788 3531 3850 vult,

1947 3893 2091 3961 quod
2142 3907 2249 3947 non
2303 3891 2464 3946 modo
2513 3904 2710 3945 novem
2750 3887 3027 3944 mensibus
3056 3886 3111 3940 in
3165 3892 3321 3940 utero
3347 3882 3538 3936 matris

1949 4000 2060 4039 sua
2076 3982 2265 4050 fuerit,
2284 3988 2381 4041 sed
2403 3984 2567 4038 etiam
2591 3981 2790 4039 decimi
2818 3990 3027 4049 partem
3050 3978 3286 4048 aliquam
3305 3973 3529 4044 ceperit.

1948 4075 2143 4133 Noster
2161 4077 2324 4149 igitur
2337 4074 2681 4142 Emmanuel,
2707 4083 2962 4143 tanquam
2990 4067 3547 4141 fetusprimigenius..

1951 4187 2049 4242 par
2083 4174 2344 4241 temporis
2376 4173 2614 4240 spatium
2644 4174 2698 4225 in
2723 4166 2885 4227 utero
2903 4167 3093 4223 matris
3118 4166 3316 4236 exegit.

2024 4263 2066 4317 Τ
2073 4264 2279 4322 HEOR.
2306 4264 2587 4327 Salomon,
2605 4263 2950 4319 Hebraeorum
2972 4274 3125 4317 more
3154 4268 3394 4327 tempora
3420 4271 3529 4310 me-

1953 4356 2111 4423 tiens,
2139 4356 2328 4412 decem
2355 4355 2619 4412 mensium
2656 4353 2832 4426 spzttio
2858 4367 2918 4408 se
2950 4353 3002 4406 in
3040 4364 3269 4420 corpore
3298 4347 3544 4405 deﬁxum

1951 4448 2121 4505 fuisse
2161 4449 2315 4506 dicit.
2366 4448 2579 4519 Quippe
2616 4462 2833 4503 menses
2884 4444 3233 4502 Hebraorum
3293 4441 3535 4496 minores

1948 4550 2074 4596 sunt
2100 4542 2300 4595 nostris
2325 4538 2767 4595 mensibus.Nam
2791 4536 3085 4594 secundum
3106 4536 3293 4590 lunam
3318 4546 3534 4587 menses

1950 4649 2079 4690 suos
2115 4634 2492 4701 dimetiuntur,
2514 4631 2761 4702 adeoque
2790 4631 2932 4687 lunae
2972 4628 3296 4701 principium
3328 4624 3534 4680 facitmt

1951 4729 2153 4783 mensis
2182 4727 2505 4798 principium
2529 4742 2555 4793 ;r
2583 4741 2646 4780 ac
2668 4724 2907 4779 vicissim
2943 4724 3086 4779 luna?
3113 4721 3296 4781 ﬁnem.
3336 4718 3535 4773 mensis

1950 4823 2033 4876 sui
2062 4820 2244 4878 tinem.
2264 4818 2563 4888 Numquam
2595 4834 2723 4871 vero
2758 4816 2881 4870 luna
2922 4816 3039 4869 dies
3063 4813 3132 4867 30
3153 4813 3234 4868 vel
3260 4812 3318 4867 5i
3337 4810 3538 4872 .iustar

1952 4919 2259 4964 nostrorum
2279 4908 2540 4964 mensium
2563 4907 2742 4963 habet.
2763 4905 3113 4975 ltaquejuxta
3132 4919 3410 4957 numerum
3437 4900 3538 4954 lle-

1954 5002 2226 5058 bravorum
2254 5002 2523 5057 mensium
2562 4999 2820 5055 Solomon
2849 4998 2984 5053 dixit
3018 4998 3247 5052 :Decem
3280 4995 3537 5049 mensium

1954 5096 2134 5161 spatio
2160 5095 2365 5168 deﬁxus
2400 5094 2456 5149 in
2492 5110 2729 5165 corpore.
2762 5093 3032 5148 Caeterum
3066 5091 3248 5145 inmeu
3281 5087 3410 5144 illud
3446 5103 3539 5142 or-

1954 5188 2057 5250 bis,
2108 5185 2348 5241 Joannes
2399 5184 2840 5255 Chrysostomus,
2891 5181 2945 5236 iu
2990 5179 3237 5235 oratione
3276 5178 3341 5232 de
3382 5175 3539 5232 Nati-

1957 5278 2122 5333 vitate
2195 5275 2409 5332 Domini
2476 5275 2645 5330 nostri
2714 5273 2840 5327 J'esu
2897 5270 3141 5332 Christi,
3200 5284 3307 5341 qua
3373 5268 3544 5322 etiam

1956 5372 2101 5427 clare
2146 5373 2501 5434 demonstrat,
2554 5367 2772 5437 quando
2827 5364 3030 5420 Natalis
3087 5362 3398 5418 Servatoris
3450 5376 3540 5415 cc-

1958 5463 2245 5519 lebrandus
2303 5463 2413 5527 sit,
2473 5460 2627 5527 cujus
2685 5457 2902 5525 quidem
2966 5453 3229 5510 orationis
3288 5454 3390 5507 hoc
3457 5460 3545 5505 est

1956 5557 2279 5614 exordium:
2336 5573 2353 5606 ι
2408 5552 2541 5619 Quae
2582 5551 2710 5605 olim
2764 5547 3086 5621 patriarcha:
3142 5545 3537 5618 parturiebant,

1958 5650 2327 5725 pnedieehant
2375 5656 2549 5714 vates,
2592 5644 2726 5717 justi
2774 5642 2961 5699 videre
3012 5639 3429 5703 desiderabant...
3472 5651 3535 5688 ea
