3954 6282
444 346 545 409 187

1856 336 2293 399 THEORIANI

3608 273 3709 399 ns

442 462 699 519 'l‘rinitati
732 480 747 515 :
776 476 883 517 non
912 469 1089 516 autem
1133 457 1217 515 vel
1242 457 1394 515 Patri
1438 456 1565 529 soli,
1599 457 1683 513 vel
1709 456 1807 513 soli
1848 456 2023 526 Spiri-

2156 454 2223 526 λη
2247 452 2482 525 Τριάδι*
2520 450 2599 525 τῷ
2640 448 2819 526 [lupi
2854 450 2910 507 δὲ
2940 451 3109 524 μόνῳ,
3156 450 3189 527 ἢ
3240 450 3317 523 τῷ
3366 451 3507 525 ἁγίῳ
3540 453 3713 508 Πνεῦ-

443 556 521 609 tui
564 554 791 609 sancto?

516 646 675 703 GEN.
703 648 796 702 Sic
825 661 853 700 a
893 647 1097 702 sanctis
1128 645 1440 701 hominibus
1468 645 1643 699 edocti
1671 656 1879 697 sumus.
1915 641 2027 696 Nec

443 736 601 806 longe
628 736 975 791 abiverimus.
1010 734 1233 804 Magnus
1271 734 1360 789 ille
1385 734 1715 788 Athanasius
1769 734 1825 788 in
1896 747 2023 786 ora-

444 831 593 884 tione
645 830 709 883 de
758 830 940 883 carnis
991 828 1369 896 assumptione
1421 842 1485 881 ac
1545 825 1835 889 Trinitate,
1874 824 2029 892 cujus

444 937 608 990 supra
633 923 835 975 mentio
866 920 1013 977 facta
1044 932 1147 987 est,
1196 921 1509 992 hujusmodi
1554 918 1761 990 profert
1796 938 1811 975 :
1878 917 2029 972 Vidi-

444 1031 566 1070 mus
598 1032 753 1077 eunt,
791 1032 883 1071 nec
915 1017 1158 1084 speciem,
1215 1032 1307 1070 nec
1370 1014 1821 1084 pulchritudinem
1866 1012 2029 1067 habe-

446 1106 539 1160 bat
575 1108 639 1161 ".
680 1106 813 1162 Nam
841 1118 1001 1162 antea
1025 1108 1235 1163 viderat
1262 1123 1384 1163 eum
1432 1108 1485 1161 in
1540 1107 1720 1161 divina
1766 1106 2032 1177 gloriosa-

449 1212 558 1268 que
580 1196 780 1265 fortun,
805 1200 1086 1255 sedentem
1110 1200 1165 1255 in
1199 1199 1308 1253 alto
1346 1198 1679 1268 sublimique
1709 1196 1881 1261 solio;
1907 1210 2030 1249 cum

452 1288 741 1363 Seraphim
765 1293 1110 1362 majestatem
1142 1292 1259 1361 ejus
1282 1291 1461 1345 verbis
1487 1291 1639 1345 hisce
1674 1288 2031 1343 concelebra.

448 1384 615 1439 hant:
648 1382 901 1448 Sanctus,
927 1395 1395 1450 sanctus,sanctua
1419 1383 1679 1438 Dominus
1712 1382 1948 1438 Sabaoth
1966 1380 2031 1435 ’⁸.

450 1475 647 1533 Postea
674 1492 801 1534 vero
833 1478 975 1531 videt
1006 1492 1129 1533 eum
1157 1487 1435 1547 assnrnpta
1486 1477 1627 1532 servi
1699 1476 1895 1541 fortuna,
1960 1476 2036 1529 si-

455 1566 643 1623 milem
677 1568 987 1624 hominibus
1012 1570 1249 1627 factum“
1301 1569 1539 1624 Videsne
1591 1569 1835 1624 divinum
1893 1570 2037 1623 hunc

2131 559 2265 617 ματι
2302 547 2451 618 μόνῳ
2472 545 2533 601 οὗ
2555 563 2571 613 ;

2210 638 2270 694 Ὀ
2300 638 2461 695 ΚΛΘ.
2487 640 2583 694 Ἐκ
2610 640 2721 694 τῶν
2749 642 2920 710 ἁγίων
2955 642 3314 715 ἐδιδάχθημεν
3339 643 3517 699 τοῦτο.
3538 644 3712 710 Εὐθὺς

2127 734 2155 785 ό
2186 734 2358 802 μέγας
2400 734 2724 798 Ἀθανάσιος
2750 738 2810 790 ὲν
2842 735 2923 807 τῷ
2962 737 3075 791 ἄνω
3106 738 3537 811 μνημονευθέντι
3570 742 3705 809 περὶ

2128 830 2227 895 τῆς
2273 828 2609 900 σαρκώσεως
2655 830 2750 884 καὶ
2789 829 3025 903 Τριάδος
3070 831 3213 901 λόγῳ
3238 872 3251 895 ,
3291 831 3469 885 τοιάδε
3507 831 3709 902 φησιν’

2129 922 2392 991 Ετδομεν
2424 923 2639 987 αὐτόν,
2673 923 2775 978 καὶ
2815 926 2929 978 οὐκ
2973 919 3143 994 εἶχεν
3168 921 3534 990 εἶδος-,οὕτε
3562 923 3715 977 κάλ-

2131 1011 2401 1082 λος.ἿΙν
2435 1016 2547 1085 γὰρ
2596 1015 2761 1071 αὐτὸν
2810 1016 2920 1085 πρὸ
2962 1015 3158 1070 τούτου
3206 1016 3495 1088 θεωρήσας
3543 1018 3601 1069 ὲν
3648 1016 3727 1087 τῇ.

2134 1107 2289 1179 θεῖκῇ
2328 1108 2424 1162 καὶ
2474 1106 2674 1179 haec
2723 1101 2944 1178 μορφῇ,
3006 1107 3321 1179 καθήμενον
3374 1108 3469 1161 ἐπὶ
3522 1106 3719 1178 θρόνον

2134 1199 2342 1270 ὑψηλοῦ
2373 1199 2470 1253 καὶ
2496 1200 2843 1271 ιπηρμένου,
2870 1199 2959 1252 ὅτε
2984 1198 3054 1252 τὰ
3083 1199 3290 1271 Σεραφὶ
3300 1217 3339 1270 μ
3370 1199 3719 1268 ἐδοξολόγουν

2131 1292 2319 1356 αὑτὸν,
2351 1293 2578 1361 λέγοντα
2601 1308 2617 1324 ·
2648 1291 2878 1361 Ἀγιος.
2913 1290 3103 1362 ἅγιος,
3128 1290 3298 1362 ἅγιος
3347 1292 3566 1361 Κύριος
3604 1294 3719 1347 Σα-

2136 1384 2315 1439 ϐαὼθ.
2349 1384 2460 1437 Καὶ
2496 1382 2639 1453 μετά
2686 1382 2862 1437 ταῦτα
2910 1385 3019 1454 ὁρᾷ
3057 1383 3221 1436 αὑτὸν
3272 1384 3489 1453 μορφὴν
3528 1382 3721 1436 δούλου

2137 1474 2398 1540 λαϐόντα,
2446 1474 2543 1527 καὶ
2584 1475 2645 1528 ὲν
2679 1474 2990 1545 ὁμοιώματι
3037 1473 3346 1545 ἀνθρώπων
3402 1475 3718 1546 γενόμενον.

2148 1568 2313 1639 Ὁρᾷς
2361 1568 2479 1631 πῶς
2529 1568 2680 1640 μόνῳ
2723 1568 2803 1641 τῷ
2864 1568 2979 1639 Υἱῷ
3027 1568 3178 1622 δοκεῖ
3226 1568 3568 1639 προσάπτειν
3629 1570 3723 1623 τὸν

454 1659 629 1713 virum
664 1660 765 1713 soli
803 1659 940 1715 Filio
977 1661 1146 1716 videri
1183 1673 1265 1716 ter
1298 1670 1551 1737 sanctum
1574 1663 1735 1716 istum
1770 1661 2033 1733 hymnum

2156 1660 2427 1731 ιρισάγιον
2456 1659 2629 1731 ὕμνον
2653 1664 2681 1715 ό
2707 1662 2853 1725 θεῖος
2876 1654 3032 1727 οὗτος
3060 1663 3239 1732 ἀνήρ;
3270 1662 3424 1727 Ὅτε,
3467 1664 3623 1733 φησὶ,
3656 1663 3727 1718 τὰ

455 1752 798 1806 attribtterc?
838 1768 989 1817 cum,
1015 1752 1211 1822 inquit,
1237 1751 1527 1823 Seraphitn
1558 1753 1896 1822 maiestatem
1918 1753 2037 1821 ejus

2156 1756 2399 1826 Ξεραφὶμ
2474 1754 2829 1822 ὲδοξολόγουν
2908 1754 3110 1822 αὐτὸν,
3167 1754 3399 1824 λέγοντα
3432 1770 3450 1787 θ
3495 1756 3728 1821 Ἄγιος,

463 1841 645 1896 verbis
685 1843 837 1899 hisce
891 1843 1352 1899 concelebrabant
1401 1861 1417 1900 :
1480 1843 1734 1908 Sanctus,
1795 1854 2035 1908 sanctus,

2156 1813 2337 1917 Erice,
2358 1813 2540 1917 ’ἅγιος
2577 1813 2793 1916 impio;-
2816 1845 3080 1901 Σαϐαὼθ.
3096 1813 3108 1822 ι
3125 1813 3405 1916 Καίμετὰ
3429 1813 3605 1901 ταῦτα

454 1948 672 1990 sanctus
712 1936 970 1991 Dominus
989 1936 1245 1993 Sabaoth.
1282 1936 1477 1992 Postea
1541 1951 1671 1992 vero
1720 1936 1869 1991 videt
1913 1951 2037 1991 eum

2156 1938 2308 1994 ιύτὸν
2364 1938 2581 2012 μορφὴν
2623 1938 2813 1993 δούλου
2856 1938 3086 1993 λαϐόντα
3111 1980 3125 2005 ,
3168 1938 3266 1994 καὶ
3316 1940 3376 1993 ἐν
3416 1939 3733 2011 ὁμοιώματι

458 2040 736 2098 assumpta
764 2031 905 2086 servi
937 2029 1135 2096 forma,
1169 2030 1401 2086 similem
1441 2030 1755 2087 horninibus
1807 2031 2035 2087 factum.

2156 2031 2448 2104 Mpdmwv
2481 2033 2789 2102 γενόμενον.
2830 2032 2993 2086 ’Λλλὰ
3023 2031 3087 2092 δὴ
3116 2032 3212 2087 καὶ
3247 2032 3276 2085 ό
3307 2033 3464 2101 ἆγιος
3495 2031 3733 2105 Ἐπιφά-

455 2120 602 2185 Quin
644 2134 699 2177 et.
729 2132 952 2177 sanctus
983 2121 1317 2194 Epiphanius
1344 2124 1395 2177 in
1422 2125 1672 2180 oratione
1724 2124 1792 2180 de
1848 2132 2039 2179 sancta

2156 2143 2257 2188 no;
2296 2126 2353 2179 ὲν
2383 2126 2460 2196 τῷ
2498 2125 2581 2189 είς
2613 2125 2715 2197 τὴν
2746 2124 2910 2194 ἁγίαν
2960 2125 3227 2180 Θεοτόκον
3273 2124 3420 2196 λόγῳ
3458 2127 3528 2181 τὰ
3566 2127 3735 2196 ὅμοια

458 2209 709 2284 Dcipara,
748 2215 947 2271 similia
998 2216 1434 2286 dicens:Beata,
1492 2219 1689 2287 inquit,
1733 2218 1875 2273 inter
1927 2232 2045 2271 mu-

2156 2220 2392 2288 φάσκων,
2414 2220 2601 2289 φησὶν,
2668 2220 2731 2272 Ἡ
2759 2218 3007 2291 μακαρία
3022 2220 3083 2271 ἐν
3104 2218 3377 2287 γυναιξὶν,
3394 2221 3427 2289 ἠ
3443 2219 3536 2273 τὸν
3559 2220 3740 2288 Λόγον

458 2303 644 2374 lieres,
676 2321 797 2377 qua:
832 2306 1153 2365 Sermonem
1185 2325 1252 2365 ex
1279 2320 1332 2366 te
1360 2312 1694 2364 incarnatum
1747 2308 2040 2380 peperisti;

2156 2312 2210 2363 ὲκ
2240 2310 2333 2363 σοῦ
2371 2310 2726 2380 σαρκωθὲντα
2755 2308 3010 2373 τεκοῦσα,
3043 2310 3219 2379 Λόγον
3257 2309 3352 2364 τὸν
3382 2308 3480 2365 τοῦ
3515 2310 3741 2381 Πατρός

460 2395 779 2453 Sermonem
808 2386 976 2477 illum,
1004 2402 1094 2471 qui
1136 2399 1316 2456 Patris
1352 2411 1437 2455 cst
1470 2400 2042 2467 Filiua;Sermonem,

2156 2402 2302 2467 Υἱὸν,
2335 2402 2509 2470 Λόγον
2540 2403 2631 2454 τὸν
2650 2401 2977 2473 προαιώνιον
2992 2400 3149 2469 Θεδν,
3186 2400 3363 2470 Λόγον
3386 2401 3479 2455 τὸν
3498 2402 3741 2473 ἄναρχον

460 2492 555 2559 qni
574 2503 659 2546 ρει
678 2494 817 2547 Deus
833 2494 1043 2548 saeculis
1070 2496 1249 2565 prior;
1272 2496 1616 2560 Sermonem,
1641 2494 1939 2563 quiexpers
1962 2501 2046 2549 est

2156 2493 2242 2546 καὶ
2298 2493 2493 2555 ἀΐδιον,
2548 2492 2723 2561 Λόγον
2779 2492 2871 2547 τὸν
2930 2491 3222 2562 όμοούσιον
3270 2492 3371 2563 τῆς
3417 2493 3736 2564 ἀχωρίστου

462 2582 741 2653 principii,
778 2596 831 2639 et
863 2595 1139 2651 aeternus;
1177 2586 1524 2653 Sermonem,
1562 2587 1653 2656 qui
1682 2585 1928 2654 ejusdem
1958 2595 2045 2640 est

2156 2585 2410 2657 Τριάδος,
2441 2586 2613 2653 Λόγον
2639 2585 2734 2637 τὸν
2775 2584 2873 2637 σὺν
2910 2583 3087 2654 Πατρὶ
3134 2583 3229 2637 καὶ
3271 2582 3414 2654 ἁγίῳ
3455 2583 3744 2653 Πνεύματι

461 2677 784 2732 substantia:
805 2694 926 2732 cum
960 2681 1311 2748 inseparabili
1345 2680 1649 2745 Trinitate;
1697 2679 2044 2743 Sermonem,

463 2766 557 2835 qui
587 2783 709 2821 cum
744 2767 907 2824 Patre
939 2787 1000 2825 ac
1032 2771 1237 2841 Spiritu
1266 2782 1457 2826 sancto
1499 2772 1795 2835 aduratur;
1826 2769 2045 2823 Sermo-

466 2879 618 2927 nem,
644 2866 732 2933 qui
766 2881 990 2921 consors
1024 2878 1108 2922 est
1142 2868 1261 2921 solii
1305 2870 1549 2936 paterni;
1576 2868 1918 2927 Sermonem,
1956 2865 2044 2935 qui

463 2954 735 3010 Cherubis
777 2955 1009 3024 insidet;
1069 2959 1407 3024 Sermonem,
1465 2975 1626 3026 quem
1668 2958 1771 3011 illa:
1827 2958 2047 3025 quadri-

466 3044 671 3100 {omnes
708 3047 891 3103 bestia:
933 3047 1113 3103 verbis
1146 3050 1294 3104 hisce
1328 3050 1752 3105 concelebrant:
1792 3047 2045 3115 Sanctus,

2152 2677 2636 2747 προσκυνούμενον
2658 2717 2672 2742 ,
2700 2677 2876 2745 Λόγον
2922 2674 3013 2731 τὸν
3038 2676 3329 2747 σύνθρονον
3359 2674 3454 2730 τοῦ
3498 2677 3743 2748 Πατρός,

2149 2771 2323 2838 Λόγον
2366 2771 2456 2824 τὸν
2488 2771 2581 2823 ἐπὶ
2616 2769 2903 2840 Χερουϐὶμ
2954 2768 3286 2841 καθήμενον,
3329 2768 3500 2837 Λόγον
3559 2767 3621 2822 ὃν
3669 2771 3744 2824 τὰ

2148 2864 2510 2935 τετράμορφα
2562 2863 2677 2926 ζῶα
2748 2860 3136 2930 δοξολογοῦσι,
3195 2862 3460 2930 λέγοντα⁴
3514 2862 3744 2933 Ἄγιος,

2152 2958 2337 3027 ἅγιος,
2374 2956 2542 3027 ἅγιος
2568 2958 2787 3024 Κύριος
2806 2953 3072 3020 Σαϐαὼθ,
3132 2954 3373 3024 πλήρης
3412 2957 3445 3009 ὁ
3477 2956 3745 3023 οὐρανὸς

2154 3053 2251 3105 καὶ
2281 3053 2317 3118 ὴ
2350 3050 2425 3120 γὴ
2451 3049 2558 3118 τῆς
2582 3050 2769 3118 δόξης
2795 3048 3009 3104 αὐτοῦ.
3056 3048 3244 3120 Ὁρᾷς,
3272 3049 3421 3111 ὅπως
3456 3048 3550 3102 καὶ
3580 3040 3747 3111 οὗτος

467 3152 704 3207 sanctus,
733 3158 945 3196 sanctus
987 3142 1236 3197 Dominus
1272 3143 1526 3207 Sabaoth,
1560 3144 1777 3213 plenum
1827 3153 1902 3196 cst
1948 3158 2046 3196 ca:-

2156 3145 2301 3195 δοκεῖ
2343 3140 2486 3210 μόνῳ
2523 3140 2596 3210 τῷ
2624 3139 2741 3212 Υἱῷ
2771 3139 2863 3194 τὸν
2897 3138 3184 3213 τρισάγιον
3212 3138 3382 3210 ὕμνον
3413 3140 3749 3212 προσαρμὸ-

468 3232 577 3286 lum
629 3242 678 3287 et
708 3245 849 3287 terra
877 3236 1156 3301 majestate
1195 3237 1384 3306 ipsius.
1409 3235 1603 3292 Videu’
1632 3246 1688 3289 nt
1727 3248 1779 3290 et
1817 3236 1905 3290 ille
1945 3235 2045 3288 soli

468 3322 611 3380 Filio
646 3336 725 3379 ter
760 3340 1006 3382 sanctum
1044 3330 1300 3399 hymnum
1325 3329 1633 3407 _attribuere
1662 3330 1945 3383 videatur?
1976 3330 2050 3382 ait

469 3420 616 3474 enim
652 3422 861 3489 :Quem
901 3425 1005 3478 ilhc
1028 3425 1428 3494 quadriformes
1459 3407 1643 3480 [restire
1692 3425 1869 3480 verbis
1900 3424 2051 3478 hisce

473 3513 892 3569 concelebrant:
928 3514 1175 3582 Sanctus,
1196 3525 1431 3582 sanctus,
1452 3517 1807 3581 ianctus,etc.
1830 3516 1971 3581 Quin
2000 3523 2053 3568 et

472 3603 630 3659 divus
655 3604 767 3675 ipse
795 3604 1242 3679 Chrysostomus,
1284 3606 1335 3660 in
1382 3606 1628 3662 oratione
1651 3608 1718 3662 de
1748 3606 2051 3669 benedicto,

388 3748 391 3749 ν
472 3696 630 3765 cujus
668 3698 879 3754 initium
914 3716 930 3754 :
967 3701 1039 3755 De
1076 3699 1357 3754 miraculis
1386 3701 1439 3755 in
1509 3698 1770 3753 miracula
1802 3716 1819 3757 :
1874 3696 2056 3753 verbis

474 3790 564 3847 his
618 3793 805 3848 eadem
856 3794 985 3853 dicit
1040 3810 1054 3847 :
1097 3790 1268 3848 Hodie
1312 3808 1403 3848 rex
1454 3792 1754 3863 maiestatis
1804 3792 1856 3846 in
1908 3801 2054 3846 terra

475 3881 559 3939 sic
582 3884 1017 3949 concelebratur,
1052 3885 1130 3939 uti
1175 3893 1324 3939 vates
1375 3884 1699 3955 descripsit:
1749 3895 1805 3940 et
1838 3883 2056 3939 'laztitiae

474 3975 716 4032 celestis
761 3978 1054 4048 participes
1102 3979 1406 4051 terrigenas
1462 3979 1639 4035 facit:
1704 3989 1761 4035 ut
1805 3978 2058 4044 ostendat

475 4068 761 4123 amborum
816 4082 874 4123 se
928 4069 1263 4137 Dominum,
1345 4070 1437 4140 qui
1484 4071 1759 4140 utrimque
1816 4083 2055 4127 consona

384 4196 388 4201 ι
450 4176 611 4216 voce
643 4162 1074 4219 concelebretur.
1108 4162 1405 4234 Propterea
1447 4164 1636 4236 superi
1709 4164 1929 4233 quidem
1981 4164 2056 4219 illi

474 4257 708 4314 salutem
751 4258 906 4313 istam
936 4259 989 4313 in
1024 4258 1186 4313 terris
1218 4257 1525 4315 indicantes
1559 4258 1870 4316 canebant:
1916 4256 2058 4313 San-

473 4358 613 4412 ctus,
666 4359 900 4413 sanctus,
963 4359 1174 4402 sanctus
1224 4348 1482 4402 Dominus
1512 4346 1768 4413 Sabaoth,
1808 4348 1960 4415 plena
1982 4357 2057 4403 est

475 4440 722 4493 uniuersa
782 4449 927 4493 terra
981 4439 1261 4510 majestate
1286 4440 1449 4508 ipsius
1490 4453 1512 4493 :
1555 4438 1713 4493 inferi
1753 4454 1901 4503 vero,
1932 4455 2055 4494 cum

2153 3236 2265 3296 ζειν
2290 3251 2304 3298 ;
2334 3233 2541 3301 λέγων’
2582 3234 2679 3287 'Ov
2710 3231 2781 3286 τὰ
2815 3230 3175 3304 τετράμορφα
3204 3231 3320 3297 ζῶα
3363 3230 3741 3301 δοξολογοῦσι,

2150 3328 2399 3394 λέγοντα,
2434 3327 2654 3397 Ἄγιος,
2692 3322 2881 3395 ἅγιος,
2928 3324 3133 3397 ἅγιοςθ
3170 3326 3267 3381 καὶ
3293 3325 3361 3380 τὰ
3396 3324 3547 3396 ἑξῆς.
3578 3325 3749 3381 Ἀλλὰ

2154 3425 2248 3477 καὶ
2274 3424 2301 3474 ὁ
2329 3422 2471 3484 θεῖος
2506 3420 2901 3493 Χρυσόστομος
2947 3420 3029 3484 εἰς
3067 3420 3161 3475 τὸν
3188 3419 3583 3493 εὐλογημένον,
3609 3416 3674 3475 οὗ
3715 3424 3754 3495 ἠ

2152 3516 2332 3584 ἀρχήο
2377 3515 2472 3567 Ἐκ
2512 3512 2814 3582 θαυμάτων
2841 3514 2921 3575 εἰς
2945 3511 3242 3583 θαύματα*
3291 3513 3360 3567 τὰ
3386 3513 3530 3569 αὑτά
3568 3531 3750 3586 φησι⁶

2154 3605 2431 3674 Σήμερον,
2456 3605 2657 3674 λέγων,
2686 3605 2715 3657 ὁ
2752 3603 3011 3675 βασιλεὺς
3041 3604 3141 3676 τῆς
3172 3603 3332 3675 δόξης
3358 3604 3451 3659 ἐπὶ
3475 3606 3581 3676 γῆς
3608 3623 3760 3680 προσ

2156 3700 2410 3766 φητικῶς
2452 3697 2760 3761 δοξάζεται,
2803 3697 2900 3751 καὶ
2946 3698 3243 3763 κοινωνοὺς
3272 3698 3372 3769 τῆς
3411 3698 3757 3771 ῑπουρανίου
3852 3697 3876 3737 δ

2157 3788 2395 3860 εὐωχίας
2437 3790 2566 3853 τοὺς
2612 3791 2869 3860 γηγενεῖς
2900 3788 3301 3855 ἀναδείκνυσιν,
3334 3790 3421 3846 (va
3452 3791 3627 3865 δείξῃ,
3665 3794 3761 3848 ὅτι

2158 3880 2323 3942 αὐτός
2387 3881 2505 3933 ἐστι
2563 3880 2770 3952 Κύριος
2839 3880 3206 3953 ἀμφοτέρων,
3269 3881 3347 3944 ὡς
3397 3881 3763 3953 ἑκατέρωθεν

2161 3970 2473 4044 συμφώνως
2496 3972 2931 4045 ἀνυμνούμενος.
2974 3974 3073 4028 Διὰ
3094 3972 3258 4028 τοῦτο
3289 3975 3339 4029 οἱ
3376 3975 3473 4046 μὲν
3501 3977 3617 4032 ἄνω
3648 3977 3767 4051 τὴν

2161 4068 2253 4120 ἐπὶ
2280 4067 2385 4138 γῆς
2428 4068 2704 4133 σωτηρίαν
2740 4065 3201 4137 καταμηνύοντες⁹
3234 4066 3487 4137 ἔψαλλον,
3528 4069 3765 4139 Ἄγιος,

2160 4160 2354 4230 ἅγιος,
2381 4159 2553 4229 ἅγιος
2578 4160 2800 4228 Κύριος
2831 4160 3098 4225 Σαϐαὼθ,
3135 4160 3375 4230 πλήρης
3398 4159 3572 4217 πᾶσα
3604 4163 3642 4231 ἠ
3676 4163 3765 4233 γῆ

2160 4253 2274 4324 τῆς
2296 4253 2484 4323 δόξης
2523 4253 2736 4309 αὐτοῦ.
2789 4255 2849 4307 Ol
2878 4252 2937 4307 δὲ
2984 4252 3138 4307 κάτω
3174 4256 3239 4324 τῇ
3292 4248 3609 4326 ὲθιτουρανίῳ
3662 4258 3773 4311 εὑ-

2162 4347 2409 4418 φροσύνῃ
2446 4344 3048 4416 συμπανηγυρίςοντες,
3086 4344 3340 4415 ἔκραζον·
3383 4345 3653 4403 Ὡσαννὰ
3675 4347 3774 4416 τῷ

2160 4435 2273 4502 υιῷ
2305 4434 2505 4492 Δαϐίδ.
2544 4436 2732 4505 Ὁρᾷς,
2784 4436 2870 4489 ὅτι
2916 4436 3011 4489 καὶ
3041 4437 3092 4489 οι
3125 4436 3273 4507 τρεῖς
3313 4428 3461 4490 οὗτοι
3519 4438 3775 4508 μεγάλοι

476 4527 666 4582 laetitia
702 4529 911 4585 cmlesti
942 4528 1364 4585 celebrationem
1425 4546 1579 4585 suam
1636 4530 2048 4602 coniungentes,

2164 4528 2261 4595 τῆς
2316 4525 2649 4597 Ἐκκλησίας
2700 4528 2990 4599 φωστῆρες
3038 4525 3118 4601 τῷ
3165 4526 3281 4598 Υῑῷ
3329 4526 3477 4598 μόνω
3530 4528 3779 4586 δοκοῦσι

477 4620 785 4675 clamabant
820 4638 834 4675 :
865 4620 1119 4676 Hoaanna
1154 4621 1269 4690 [ilio
1304 4621 1543 4679 Davidia.
1580 4623 1741 4678 Vides
1801 4623 1917 4687 haec
1954 4625 2054 4678 tria

479 4728 675 4783 magna
728 4713 986 4768 Ecclesia:
1008 4714 1210 4769 lumina
1249 4713 1420 4770 videri
1457 4713 1594 4769 Filio
1640 4713 1742 4770 soli
1814 4721 1898 4769 ter
1932 4730 2057 4771 san-

478 4814 625 4859 ctmn
652 4805 803 4860 illum
833 4809 1094 4877 hymnum
1129 4808 1465 4864 attribuere?

553 4896 814 4953 THEOR.
850 4898 993 4953 Bene
1018 4899 1219 4953 dictum
1248 4899 1346 4963 abs
1382 4910 1455 4963 te,
1492 4899 1683 4955 videri.
1738 4900 1855 4955 Non
1908 4901 2055 4956 enim

480 4994 809 5060 attribuunt,
841 4994 935 5047 sed
968 4994 1268 5049 attribuere
1316 4994 1593 5048 videntur.
1637 4993 1905 5049 Videntur
1957 5011 2059 5049 au-

480 5096 616 5151 tem,
649 5090 743 5141 sed
788 5087 1010 5155 quibus,
1050 5086 1319 5141 obsecro?
1372 5084 1473 5151 Qui
1510 5098 1794 5157 penetrare
1823 5087 1888 5141 ad
1944 5103 2063 5157 pro-

480 5178 808 5234 funditatem
841 5179 1129 5234 sententia:
1181 5192 1501 5247 magnorum
1564 5176 1792 5234 istorum
1844 5180 2062 5235 divino-

480 5284 713 5341 rumque
754 5269 1034 5325 hominum
1084 5282 1379 5339 nequeunt.
1413 5269 1549 5325 Cum
1583 5266 1869 5340 Seraphim
1898 5273 2067 5343 maje-

483 5372 681 5419 statem
734 5363 853 5433 ejus
907 5362 1385 5428 concelebrabant,
1462 5364 1640 5431 inquit
1693 5364 1931 5420 eximius
1976 5365 2066 5422 ille

482 5453 813 5510 Athanasius
857 5472 870 5509 :
902 5456 995 5509 sed
1056 5470 1162 5508 non
1210 5454 1326 5508 ait:
1362 5454 1548 5509 Solum
1583 5454 2065 5521 concelebrabant,

482 5545 687 5613 absque
719 5544 879 5599 Patre
917 5561 981 5600 ac
1034 5544 1238 5615 Spiritu
1287 5554 1498 5601 sancto.
1548 5545 1841 5618 Quippe'si
1898 5556 2064 5601 totam

487 5634 810 5691 Trinitatem
836 5637 1309 5702 concelebrabant,
1348 5640 1659 5693 necessario
1680 5638 1889 5695 scilicet
1925 5654 2061 5697 con-

560 5814 604 5847 "
636 5812 743 5869 isa.
776 5828 896 5879 un,
936 5814 992 5870 2.
1070 5817 1115 5847 "
1146 5816 1251 5871 lsa.
1292 5831 1371 5881 vr,
1401 5818 1455 5871 5.

2169 4617 2513 4692 προσάπτειν
2540 4616 2633 4672 τὸν
2659 4616 2951 4690 τρισάγιον
2980 4616 3189 4691 ὕμνονς

2254 4897 2315 4949 '0
2352 4894 2545 4948 ΘΕΩΡ.
2578 4893 2787 4965 Ὀρθῶς
2820 4892 3070 4967 εἴρηκας,
3102 4896 3187 4949 ὅτι
3215 4894 3496 4951 δοκοῦσιν·
3540 4897 3603 4951 οὐ
3644 4900 3733 4969 γᾶ
3745 4919 3785 4973 ρ

2168 4987 2599 5056 προσάπτουσιν,
2653 4987 2790 5041 ἀλλὰ
2848 4988 3071 5042 δοκοῦσι
3104 4988 3467 5059 προσάπτειν.
3519 4992 3788 5049 Δοκοῦσι

2165 5080 2246 5147 δὲ,
2272 5081 2423 5147 τίσι;
2460 5082 2585 5144 Τοῖς
2629 5080 2705 5152 μὴ
2741 5084 2821 5145 εἰς
2855 5082 2917 5135 τὸ
2947 5083 3111 5153 βάθος
3164 5084 3403 5139 εἰσδῦναι
3431 5085 3792 5156 δυναμένοις

2169 5172 2265 5227 τοῦ
2318 5175 2435 5236 νοὸς
2464 5175 2575 5227 τῶν
2638 5174 2893 5246 μεγάλων
2921 5174 3127 5230 τούτων
3172 5179 3266 5231 καὶ
3311 5177 3475 5231 θείων
3515 5179 3789 5249 ἀνδρῶν.

2170 5268 2302 5322 Ὅτε
2332 5269 2401 5323 τὰ
2434 5270 2691 5341 Σεραφὶμ
2724 5272 3079 5339 ὲδοξολόγουν
3114 5273 3303 5338 αὑτὸν,
3334 5275 3500 5344 φησὶν
3520 5274 3550 5327 ό
3580 5277 3791 5345 μέγας

2180 5363 2537 5426 ’Λθςινάσιοςο
2594 5364 2708 5416 ἀλλ’
2769 5366 2871 5419 οὑκ
2930 5363 3051 5419 εἷπε
3104 5384 3119 5399 ο
3163 5366 3345 5421 Μόνον
3408 5367 3791 5438 ὲδοξολόγουν

2169 5456 2335 5527 χωρὶς
2393 5456 2487 5509 τοῦ
2534 5456 2770 5526 Πατρός,
2809 5461 2903 5511 καὶ
2959 5458 3054 5512 τοῦ
3108 5460 3267 5528 ἁγίου
3312 5458 3666 5531 Πνεῦματος.
3710 5466 3790 5520 Εἰ

2169 5550 2279 5617 γὰρ
2324 5549 2421 5617 τὴν
2451 5550 2583 5619 ὃλην
2611 5550 2957 5617 ἐδοξολόγουν
2996 5554 3225 5623 Τριάδα,
3260 5552 3322 5618 ἐξ
3361 5554 3618 5625 ἀνάγκης
3677 5558 3796 5630 δη·-

2169 5641 2347 5695 λονότι
2375 5641 2471 5697 καὶ
2496 5641 2589 5695 τὸν
2614 5641 2745 5696 Υίὸν
2776 5643 3145 5712 ἑδοξολόγουν,
3178 5644 3377 5709 Καλῶς
3416 5639 3514 5699 οὖν
3540 5640 3725 5703 εἶπεν
3762 5650 3796 5705 ό
