4026 6296
350 342 443 409 18⁸)

1687 354 2154 420 DISPUTATIO
2194 362 2245 425 Ι.

3489 366 3594 436 190

348 456 539 526 Πατὴρ,
567 456 697 510 Ὀτε
738 457 806 511 τὰ
854 459 1107 530 Σεραφὶμ
1143 460 1488 530 ὲδοξολόγουν
1532 461 1720 519 αὐτόν.
1751 460 1911 517 Οὕτω

2018 470 2366 527 celebrabant
2397 486 2450 530 et
2471 475 2690 534 Filium.
2714 479 3054 550 Quapropter
3083 490 3228 539 recte
3258 480 3395 539 dixit
3426 482 3596 536 Atha-

344 552 542 621 νοήσεις
597 551 696 604 καὶ
753 551 844 605 τὸν
877 553 1032 622 ἆγιον
1075 554 1421 625 Ἐπιφανιον,
1470 559 1575 621 καὶ,
1618 556 1710 609 τὸν
1766 556 1911 608 θεῖον

343 641 739 711 Χρυσόστομον,
773 645 869 697 καὶ
913 644 1109 709 ἄλλους
1138 646 1248 700 τῶν
1285 647 1463 714 ἁγίων
1484 687 1499 710 ,
1531 649 1689 710 ὅσους
1718 648 1786 701 ἂν
1830 646 1915 700 εὖ·

344 750 439 807 ρῃς
471 732 699 788 τοιαῦτα
732 737 1065 806 γράφοντας.
1099 738 1275 807 Σαφὲς
1305 739 1352 792 δ’
1385 737 1452 792 ἂν
1497 732 1609 809 εἴη,
1658 739 1688 792 ὃ
1735 739 1909 807 λέγει.

342 829 429 882 καὶ
452 829 543 882 ἐπὶ
565 830 1003 901 παραδείγματι,
1040 832 1230 887 τοῦτον
1258 834 1351 886 τὸν
1381 836 1585 903 τρόπον
1602 851 1616 864 ο
1635 834 1778 904 Γυνὴ
1802 850 1909 898 τις,

343 920 399 974 οὐ
436 920 544 974 τῶν
595 924 662 975 ὲκ
720 923 917 992 γένους
972 926 1366 997 καταγομένων
1419 923 1725 998 βασιλικοῦ,
1791 926 1913 979 ἀλλ’

340 1013 451 1068 οὐδὲ
478 1013 586 1067 τῶν
609 1016 748 1083 ἄγαν
782 1016 1088 1087 ἐπιφανῶν,
1135 1017 1262 1089 ἔσχε
1308 1017 1591 1090 θυγατέρα
1641 1017 1915 1091 ὡραιοτά-

338 1122 449 1177 την,
480 1106 692 1172 κάλλει,
728 1109 824 1164 καὶ
854 1110 1205 1183 σωφροσύνῃ,
1259 1112 1357 1165 καὶ⁵
1398 1110 1665 1183 φρονήσει
1726 1112 1913 1176 πάσας

340 1197 431 1265 τὰς
488 1200 615 1255 κατ’
670 1204 851 1256 έκεῖνο
913 1202 1107 1273 καιροῦ
1166 1206 1434 1272 γυναῖκας
1500 1202 1909 1274 ὑπερνικῶσαν.

337 1294 547 1366 Ταύτην
583 1294 841 1367 βασιλεὺς
879 1296 1002 1350 ἰδὼν
1054 1297 1235 1360 πάσας
1275 1296 1510 1368 ἔχουσαν
1538 1294 1639 1359 τὰς
1662 1295 1772 1350 τῶν
1808 1312 1911 1364 γυ-

336 1387 533 1444 ναικῶν
594 1389 803 1461 ἀρετὰς
854 1389 1188 1461 ἀκιϐδήλους
1242 1388 1341 1444 καὶ
1388 1388 1661 1459 καθαρὰς,
1719 1387 1913 1441 ἔλαΰεν

335 1483 495 1552 αὐτὴν
524 1483 705 1555 ἑαυτῷ
733 1483 815 1547 είς
840 1485 1098 1553 γυναῖκα,
1144 1481 1240 1537 καὶ
1280 1482 1470 1551 στέφει
1513 1480 1803 1551 βασιλικῷ,
1835 1480 1912 1543 ὡς

333 1575 495 1639 εἰκὸς,
531 1575 877 1630 ἐταινίωσεν.
926 1576 1269 1640 Ἐνιστάντος
1298 1575 1357 1628 δὲ
1390 1574 1484 1628 τοῦ
1525 1571 1745 1646 καιροῦ,
1786 1572 1911 1626 καθ’

332 1668 387 1723 ὃν
414 1671 562 1724 πᾶσα
584 1673 619 1743 ἡ
647 1672 804 1735 πόλις
825 1671 920 1726 τὸν
950 1673 1302 1744 εὐφημισμὸν
1328 1672 1650 1743 ἀναπέμπει
1672 1674 1784 1732 τοῖς
1808 1670 1908 1741 βα-

333 1763 591 1829 σιλεῦσιν,
619 1762 742 1821 εῐπέ
775 1784 862 1831 τις
905 1769 972 1838 τῇ
1010 1768 1181 1838 μητρὶ
1203 1768 1304 1837 τῆς
1332 1764 1686 1835 βασιλίσσης,
1733 1763 1906 1827 Ἑλθὲ,

2012 564 2197 618 nasius
2230 564 2401 621 :Cum
2432 570 2719 641 Seraphin]
2752 587 2875 626 eum
2911 573 3383 629 concelebrabant.
3409 573 3499 628 Sic
3539 581 3595 628 et

2011 664 2262 711 sanctum
2291 659 2688 729 Ephiphanium
2716 674 2771 717 et
2831 664 3015 717 divum
3063 665 3212 718 illum
3269 665 3592 735 Cbrysostob

2013 765 2178 813 mum,
2251 762 2307 807 et
2360 764 2588 811 caeteros
2657 768 2877 813 sanctos
2932 758 3201 823 homines,
3240 771 3594 827 quoscunque

2015 844 2142 899 talia
2179 848 2485 903 scribentes
2521 850 2813 920 repercris,
2848 852 3137 921 inteliiges.
3175 850 3364 905 Fuerit
3411 861 3591 905 autem

2013 952 2101 994 res
2126 947 2231 992 tota
2272 941 2556 1011 perspicua
2589 957 2685 1011 per
2718 944 3048 1011 exemplum,
3079 944 3181 997 hoc
3220 942 3419 997 modo:
3472 940 3590 995 Muo

2012 1026 2113 1083 lier
2143 1033 2409 1100 quaedam,
2438 1048 2543 1088 non
2575 1034 2722 1102 regio
2749 1044 3008 1102 prognata
3040 1047 3259 1104 genere,
3331 1034 3441 1087 imo
3492 1045 3593 1086 nec

2013 1121 2207 1179 illustri
2262 1124 2478 1193 quidem
2538 1124 2851 1188 admodum,
2920 1125 3084 1179 tiliam
3144 1124 3592 1179 vennstissimam

2013 1213 2237 1280 habuit,
2270 1215 2467 1282 forma,
2495 1216 2780 1286 pudicitia,
2828 1218 3111 1289 prudentia
3166 1218 3423 1272 mulieres
3475 1215 3594 1281 ejus

1986 1352 1987 1355 η
2015 1308 2275 1376 temporis
2304 1309 2587 1366 universas
2614 1318 2987 1379 superantem.
3028 1309 3157 1362 Eam
3190 1308 3377 1364 videns
3415 1306 3592 1375 impe-

2013 1410 2164 1455 rator
2190 1400 2442 1456 omnibus
2496 1401 2778 1470 praeditam
2836 1400 3088 1456 femineis
3142 1398 3458 1463 virtutibus,
3524 1410 3589 1451 ac

2013 1493 2245 1549 sinceris
2312 1494 2570 1563 quidem,
2660 1494 2992 1564 minimeque
3053 1492 3284 1558 fucatis,
3361 1483 3590 1546 uxorem

2013 1587 2116 1642 sibi
2165 1588 2394 1654 accepit,
2426 1596 2479 1639 et
2510 1586 2883 1657 imperatoria,
2913 1600 3016 1657 pro
3048 1599 3217 1652 more,
3247 1598 3448 1637 corona
3507 1596 3593 1635 re.

2012 1678 2243 1734 dimivit.
2295 1678 2600 1749 Appetente
2659 1693 2787 1735 vero
2838 1687 3081 1748 tempore
3125 1693 3233 1747 quo
3272 1676 3400 1730 urbs
3460 1674 3587 1728 uni~

2012 1787 2168 1827 versa
2212 1772 2403 1827 {ausus
2435 1773 2657 1827 vocibus
2699 1770 2957 1841 Augustis
3003 1770 3309 1826 act-lamare
3361 1780 3595 1821 consue-

331 1858 413 1912 ῐνα
447 1858 694 1933 ἀκούσῃς
736 1861 844 1914 ὑπὸ
875 1832 1527 1931 παστίςνεύφημουμένην
1556 1832 1658 1927 τῆς
1701 1858 1907 1918 πόλεως

2015 1864 2112 1930 vit,
2156 1865 2376 1933 quidam
2414 1863 2571 1918 matri
2602 1832 2900 1934 Augusiae,
2942 1862 3100 1928 Veni,
3148 1863 3247 1927 ait,
3319 1871 3379 1915 ut
3424 1859 3590 1913 ﬁliam

327 1951 421 2024 τὴν
448 1952 752 2025 θυγατέρα.

400 2132 458 2186 '0
486 2132 658 2186 ΚΑΘ.
695 2133 981 2206 Ἀρτιάσας
1010 2134 1103 2190 τὸν
1139 2135 1322 2206 λόγον,
1354 2131 1510 2192 εἴπεν
1537 2154 1552 2169 ·
1589 2138 1826 2207 Ἐγνων,
1885 2135 1914 2189 ὁ

325 2220 480 2295 βούλῃ
545 2225 746 2280 είπεῖν.
806 2225 1016 2280 Ἐπεὶό
1043 2227 1399 2299 εὖφημισμὸς
1453 2229 1633 2291 κοινός
1672 2230 1793 2281 ἐστι
1814 2226 1910 2283 τοῦ

324 2316 594 2386 βασιλέως
621 2317 719 2373 καὶ
772 2319 872 2390 τῆς
924 2318 1270 2393 βασιλίσσης,
1328 2322 1510 2385 καλῶς
1566 2321 1792 2376 δύναταί
1828 2339 1911 2386 τις

320 2410 619 2468 daemon
646 2410 741 2465 τὸν
782 2411 1002 2482 Πατέρα
1049 2412 1449 2483 δοξολογοῦσιν,
1511 2416 1561 2468 οἳ
1612 2417 1703 2468 τὸν
1758 2416 1908 2485 Υίὺν,

318 2497 411 2552 καὶ
439 2499 501 2552 τὸ
537 2499 766 2568 Πνεῦμα
787 2498 849 2553 τὸ
874 2500 1055 2568 ἆγιον.
1078 2501 1268 2555 Ταῦτα
1295 2500 1405 2573 γὰρ
1436 2502 1613 2555 πάντα
1638 2503 1736 2555 καὶ
1766 2502 1905 2573 ἅμα,

320 2590 410 2642 καὶ
455 2590 633 2659 χωρὶς
692 2589 1088 2661 ὲκφωνούμενα
1147 2590 1425 2659 ἀληθεύει,
1476 2593 1606 2647 ἄνευ
1672 2593 1771 2664 τῆς
1812 2592 1909 2647 τοῦ

322 2682 481 2750 μόνου
517 2684 847 2755 προσθήκης
884 2684 1177 2754 λεγόμενα.

393 2777 455 2832 '0
487 2778 691 2833 ΘΕΩΡ.
744 2776 1089 2849 Ἀπήλλαξας
1119 2779 1466 2848 πραγμάτων
1514 2781 1685 2851 ἡμᾶς,
1734 2778 1909 2848 ἁγιώο

314 2884 438 2922 τατε
474 2868 743 2922 δέσποτα.
792 2869 906 2921 Οὐκ
936 2868 1044 2940 ἄρα
1085 2870 1244 2939 μόνον
1267 2869 1345 2939 τῷ
1382 2869 1495 2939 Υίῷ
1524 2865 1618 2945 ᾖδε
1648 2870 1716 2924 τὰ
1740 2870 1914 2940 Σεραο

318 2961 419 3032 φὶμ
446 2962 545 3013 τὸν
578 2962 864 3031 τρισάγιον
890 2960 1083 3033 ῦμνον,
1124 2962 1261 3016 ἀλλὰ
1288 2965 1356 3031 τῇ
1409 2964 1508 3035 ὅλῃ
1529 2962 1743 3034 Τριάὂι.
1802 2962 1911 3016 Καὶ

314 3053 399 3109 διὰ
421 3053 592 3108 τοῦτο
619 3054 682 3106 οὐ
730 3055 812 3108 δεῖ
844 3054 1164 3125 προσθεῖναι
1231 3054 1316 3118 τὸ,
1360 3054 1425 3107 '0
1453 3053 1841 3123 σταυρωθεὶς,
1876 3056 1908 3123 ἢ

314 3147 479 3219 ἄλλην
512 3146 645 3202 τινὰ
670 3149 1012 3219 προσθήκην.
1043 3147 1202 3203 Ἐστι
1240 3147 1300 3202 δὲ
1326 3148 1419 3202 καὶ
1457 3148 1633 3213 ἄλλως
1694 3149 1911 3202 ἀποδεῖ-

315 3239 424 3307 ξαι,
479 3241 573 3295 ὅτι
635 3240 738 3294 οὐκ
795 3240 890 3294 ἐπὶ
937 3241 1100 3311 μόνου
1145 3238 1243 3295 τοῦ
1301 3240 1435 3295 Υίοῦ
1483 3240 1577 3294 τὸν
1626 3238 1909 3310 τρισάγιον

313 3333 483 3404 ῦμνον
520 3333 553 3387 ὁ
590 3333 765 3405 μέγας
801 3331 1124 3403 Ἐπιφάνιος
1176 3332 1485 3401 ἱξελάϐετο,
1511 3334 1572 3399 ἐξ
1602 3332 1776 3402 αὐτῆς
1808 3332 1910 3401 τῆς

312 3425 684 3498 προτεθείσης
711 3425 878 3479 αὐτοῦ
926 3427 1200 3496 χρήσεως.
1256 3424 1397 3495 Φησὶ
1455 3425 1587 3497 γάρ·
1616 3424 1791 3494 Λόγον
1816 3423 1910 3478 τὸν

314 3518 617 3589 σύνθρονον
668 3514 764 3570 τοῦ
808 3515 1042 3588 Πατρδς,
1099 3517 1271 3586 Λόγον
1307 3516 1400 3571 τὸν
1433 3518 1663 3570 ἐπὶτῶν
1697 3517 1908 3587 Χερου-

233 3618 238 3620 ’
310 3610 410 3681 οιμ
432 3609 778 3681 καθήμενον.
833 3609 949 3663 Οὐκ
993 3610 1236 3681 ὲσήμανε
1291 3610 1456 3681 μόνον
1504 3609 1597 3665 τὸν
1650 3609 1780 3662 Υἰὸν
1818 3608 1910 3662 ἐπὶ

310 3702 420 3757 τῶν
477 3700 778 3774 Χερουϐὶμ
804 3698 1105 3770 καθῆσθαι,
1130 3702 1260 3756 ἄνευ
1287 3701 1381 3755 τοῦ
1423 3702 1639 3773 Πατρδς
1669 3703 1764 3755 καὶ
1812 3699 1908 3755 τοῦ
1936 3719 1941 3723 ·

316 3796 683 3866 Πνεύματος·
745 3792 1040 3863 σύνθρονον
1084 3792 1195 3865 γὰρ
1237 3793 1330 3847 τοῦ
1390 3794 1605 3865 Πατρὺς
1645 3797 1909 3865 προεῖπεν

312 3889 499 3945 αὐτόν.
562 3886 723 3942 Οὕτω
754 3887 846 3942 καὶ
877 3887 973 3944 ἐπὶ
1008 3890 1107 3959 τῆς
1144 3886 1452 3955 δοξολογίας
1482 3873 1752 3943 δεῗνοεῖν.
1781 3888 1914 3940 Κοι-

311 3984 401 4039 rev
434 3984 499 4038 τὸ
531 3981 833 4052 καθῆσθαι,
889 3980 1043 4053 κοινὴ
1071 3980 1417 4052 ἡδοξολογία.
1445 3980 1822 4053 Συμϐἁλλεται
1851 3980 1910 4035 δὲ

316 4080 446 4150 ἡμῖν
483 4080 550 4132 οὐ
594 4077 810 4148 μικρῶς
864 4076 1002 4148 πρὸς
1051 4076 1143 4131 τὸν
1182 4076 1548 4145 προκείμενον
1582 4076 1728 4144 νοῦν,
1756 4078 1854 4131 καὶ
1882 4075 1911 4129 δ

312 4172 452 4244 πρὸς
510 4170 594 4242 τῷ
633 4171 780 4226 τέλει
841 4170 952 4225 τῶν
982 4170 1295 4243 Πράξεωνό
1350 4170 1743 4243 εὐαγγελιστὴς
1778 4171 1911 4225 ἀνα-

311 4266 522 4338 γράφει
556 4264 797 4325 Λουκᾶς.
850 4262 991 4327 Φησὶ
1061 4264 1191 4334 γὰρ,
1242 4261 1490 4325 είπόντος
1536 4265 1631 4315 τοῦ
1693 4260 1910 4314 Παύλου

315 4359 473 4431 ῥῆμα
499 4359 563 4412 ἓν
589 4374 604 4390 ·
634 4357 716 4411 ὃτι
747 4354 960 4422 Καλῶς
984 4355 1053 4410 τὸ
1073 4355 1319 4425 Πνεῦμα
1342 4354 1409 4409 τὸ
1438 4354 1612 4426 ἅγιον
1636 4353 1912 4423 “(unus

312 4450 412 4507 διὰ
476 4450 739 4509 Ἡσαΐου
767 4447 875 4503 τοῦ
932 4447 1247 4519 προφήτου
1279 4446 1431 4516 πρὸς
1476 4448 1621 4515 τοὺς
1649 4449 1914 4516 πατέρας

2017 1969 2164 2013 tuam
2194 1958 2261 2014 ab
2298 1958 2431 2015 urbe
2463 1966 2574 2014 tota
2613 1958 2812 2013 faustis
2869 1956 3048 2029 excipi
3108 1953 3591 2012 acclamationibus

2009 2056 2220 2111 audias.

2084 2147 2220 2205 Tum
2246 2147 2406 2204 GEN.
2440 2148 2750 2215 interrupto
2768 2144 3079 2215 ,Titcoriani
3135 2156 3387 2197 sermone
3421 2157 3436 2196 :
3501 2138 3593 2192 ln-

2014 2235 2219 2307 telligo,
2245 2237 2441 2303 inquit,
2466 2236 2592 2305 quid
2627 2236 2812 2291 dicere
2840 2234 2999 2290 velis.
3032 2232 3259 2298 Quando
3304 2230 3443 2285 illaec
3498 2243 3595 2282 ac-

2013 2328 2267 2384 clamatio
2309 2327 2511 2397 fausta,
2545 2329 2852 2383 communis
2884 2338 2967 2381 est
3013 2329 3260 2396 Augusto
3317 2339 3440 2379 cum
3477 2321 3592 2377 Au-

2012 2431 2167 2490 gusta
2190 2461 2208 2488 ,
2238 2431 2386 2476 recte
2419 2422 2539 2489 quis
2574 2421 2754 2474 dicere
2794 2430 2995 2490 potest,
3054 2419 3200 2487 quod
3230 2418 3322 2487 qui
3371 2416 3591 2479 Filium,

2011 2510 2227 2567 Patrem
2256 2528 2471 2582 quoque
2501 2512 2891 2567 concelebrent
2944 2526 2998 2565 et
3030 2512 3290 2581 Spiritum
3319 2519 3589 2563 sanctum.

2010 2602 2139 2659 Haec
2169 2604 2312 2658 enim
2346 2604 2523 2659 omnia
2565 2614 2673 2658 tam
2721 2602 2882 2658 simul
2927 2619 3090 2672 quam
3140 2602 3368 2657 seorsim
3423 2615 3597 2654 enun-

2013 2699 2171 2761 tiata,
2195 2712 2325 2752 vera
2351 2705 2479 2752 sunt
2522 2714 2536 2751 :
2570 2696 2729 2751 modo
2759 2696 2929 2751 solius
2969 2712 3074 2751 vox
3116 2712 3223 2751 non
3281 2693 3593 2764 adjiciatur.

2083 2790 2341 2847 THEOR.
2375 2790 2640 2845 Liberasti
2679 2805 2775 2845 nos
2802 2789 3047 2844 molestia
3072 2831 3085 2853 ,
3119 2787 3464 2843 sanctissime
3498 2786 3596 2840 do-

2014 2883 2183 2937 mine.
2214 2880 2481 2936 Nimirum
2507 2885 2770 2950 sequitur,
2810 2881 3087 2951 Seraplios
3123 2896 3226 2934 non
3259 2878 3396 2934 Filio
3452 2877 3595 2933 dun-

2015 2984 2165 3029 taxat
2187 2976 2442 3045 hymnum
2470 2973 2617 3027 illutn
2652 2984 2733 3027 ter
2756 2982 3003 3029 sanctum
3035 2971 3321 3034 cecinisse,
3348 2969 3441 3025 sed
3473 2969 3599 3022 uni-

2014 3081 2185 3123 versae
2213 3064 2489 3131 Trinitati,
2512 3072 2795 3135 propterea
2826 3080 2930 3118 non
2965 3062 3271 3119 addendum
3310 3069 3393 3117 est
3421 3059 3590 3115 illud:

2017 3161 2123 3228 Qui
2166 3160 2456 3230 cruciﬁxus
2506 3168 2603 3225 est,
2666 3174 2767 3214 nec
2825 3158 2928 3214 alia
2987 3156 3251 3227 quaepiam
3300 3153 3591 3226 appendix.

2013 3254 2337 3323 Quanquam
2367 3261 2419 3309 et
2445 3252 2667 3309 aliunde
2693 3252 2912 3322 probari
2960 3259 3156 3320 potest,
3214 3263 3468 3319 maguum
3524 3244 3594 3298 il-

2014 3345 2123 3400 lum
2150 3347 2507 3417 Epiphanium
2528 3362 2637 3402 non
2659 3347 2723 3403 de
2754 3344 2868 3402 solo
2887 3345 3024 3401 Filio
3057 3356 3137 3399 ter
3166 3334 3410 3398 sanctum
3438 3340 3599 3410 bym-

2013 3456 2141 3495 num
2173 3438 2539 3509 intellexisse;
2578 3439 2743 3507 idque
2775 3438 2840 3494 de
2875 3435 3058 3494 verbis
3091 3433 3221 3490 dicti
3251 3434 3394 3505 ejus,
3429 3438 3594 3484 antea

2013 3535 2225 3603 positis.
2260 3534 2348 3589 Ait
2372 3534 2567 3589 enim:
2600 3550 2621 3585 ι
2661 3532 3001 3594 Sermonem,
3024 3529 3114 3597 qui
3136 3522 3595 3583 consorscstsolii

2014 3628 2265 3697 paterni;
2298 3626 2640 3691 Sermonem,
2693 3624 2783 3695 qui
2814 3622 3081 3680 Cherubis
3142 3620 3361 3677 insidet.
3391 3636 3412 3670 ι
3438 3617 3599 3673 Certe

2016 3736 2121 3774 non
2148 3720 2252 3775 hoc
2274 3718 2409 3783 vult,
2441 3717 2616 3774 solum
2652 3715 2849 3771 Filium
2885 3710 3154 3771 Cherubis
3198 3710 3457 3773 insidere.
3481 3708 3599 3764 sine

2014 3813 2177 3869 Patre
2208 3828 2269 3868 ac
2297 3810 2500 3882 Spiritu
2532 3818 2748 3864 sancto.
2806 3807 2939 3864 Nam
2996 3814 3155 3861 antea
3209 3803 3333 3859 solii
3383 3799 3598 3874 paterni

2015 3913 2323 3962 consortem
2386 3901 2544 3958 dixit.
2589 3899 2732 3955 Idem
2779 3899 2848 3955 de
2901 3895 3376 3953 concelebratione
3427 3890 3599 3962 maje-

2015 3999 2177 4056 statis
2206 3995 2636 4066 intelligendum.
2662 3991 2984 4050 Communis
3018 3999 3103 4046 est
3124 3988 3320 4053 sessio,
3355 4000 3600 4043 commu-

2017 4094 2102 4150 nis
2134 4091 2449 4149 celebratin.
2478 4086 2591 4144 Nec
2611 4101 2802 4158 parum
2826 4084 2983 4140 nobis
3034 4083 3101 4138 ad
3162 4082 3306 4137 hunc
3375 4092 3596 4134 sensum

2014 4195 2070 4241 et
2095 4183 2225 4239 illud
2250 4182 2486 4246 confert,
2530 4179 2672 4249 quod
2719 4178 2773 4233 in
2832 4176 2983 4233 Actis
3035 4173 3364 4245 evangelista
3421 4170 3599 4227 Lucas

2019 4279 2071 4333 in
2100 4286 2344 4332 extremo
2374 4272 2589 4328 scribit.
2621 4269 2710 4325 Ait
2733 4270 2902 4334 enim,
2931 4267 3160 4322 Paulum
3212 4265 3315 4320 hoc
3371 4263 3596 4320 verbum

2017 4369 2306 4441 protulisse
2335 4384 2351 4422 :
2380 4364 2536 4420 Recte
2569 4361 2803 4433 Spiritus
2836 4371 3053 4417 sanctus
3081 4374 3173 4429 per
3192 4357 3395 4413 Isaiam
3430 4365 3598 4410 vatem

2019 4465 2227 4519 locutus
2254 4470 2331 4516 est
2361 4461 2429 4514 ad
2459 4468 2637 4529 patres
2673 4465 2882 4513 nostros
2910 4455 3053 4509 ltisce
3083 4452 3248 4509 verbis
3281 4466 3301 4509 ε
3352 4452 3487 4507 Vade
3530 4450 3598 4505 ad

313 4542 511 4614 ἡμῶν,
541 4542 762 4615 λέγων,
803 4542 1133 4612 Πορεύθητι
1154 4544 1306 4612 πρὸς
1342 4542 1452 4599 τὸν
1487 4544 1645 4600 ,λαὸν
1672 4541 1911 4608 τοῦτον,

2016 4558 2269 4628 populum
2292 4555 2453 4617 hunc,
2478 4562 2525 4606 et
2546 4550 2713 4605 dicito
2740 4564 2762 4604 .°
2792 4548 3027 4603 Auribus
3078 4546 3335 4609 audietis,
3391 4554 3443 4599 et
3495 4561 3598 4599 non

313 4639 415 4692 καὶ
442 4637 645 4700 εἰπὸν,
678 4634 865 4705 Ἀκοῇ
891 4636 1221 4702 ἀκούσατε,
1253 4635 1352 4691 καί
1381 4638 1454 4689 οὐ
1473 4635 1559 4705 μὴ
1620 4636 1877 4705 συνιῆτε
1902 4652 1916 4667 ·

316 4731 417 4785 καὶ
446 4730 801 4797 ,ϐλέποντες
854 4728 1143 4799 βλέψετε,
1195 4728 1297 4783 καὶ
1332 4732 1407 4785 οὐ
1430 4729 1517 4798 μὴ
1564 4729 1766 4799 (Mite,
1823 4731 1918 4783 καὶ

315 4823 386 4875 τὰ
426 4822 585 4891 ἑξῆς.
636 4821 704 4875 Τί
723 4818 853 4890 οὖν;
884 4822 1067 4877 Μόνον
1096 4822 1157 4876 τὸ
1186 4820 1415 4892 Πνεῦμα
1437 4822 1500 4875 τὸ
1549 4820 1707 4891 ἅγιον
1751 4823 1922 4878 εῐπω-

322 4936 423 4991 μεν
448 4914 727 4986 καθῆσθαι
758 4913 852 4967 ἐπὶ
876 4913 972 4968 τοῦ
1003 4913 1197 4985 θρόνου
1253 4914 1350 4969 τοῦ
1378 4913 1584 4985 ὑψηλοῦ
1612 4915 1707 4969 καὶ
1733 4918 1916 4989 ἐπῃρ-

321 5012 516 5083 μένου,
538 5010 619 5080 τῷ
646 5008 908 5081 προφήτῃ
948 5006 1150 5081 Ἡσαΐᾳ
1176 5009 1653 5076 διακελευόμενον·
1686 5012 1914 5082 Πορεύ-

320 5108 457 5172 θητι
492 5104 642 5173 πρὸς
665 5102 775 5156 τὸν
813 5102 971 5156 λαόν
997 5115 1013 5131 ·
1042 5101 1137 5154 καὶ
1179 5102 1248 5155 τὰ
1290 5101 1454 5171 ὲξῆςς
1490 5102 1679 5174 ἐπειδὴ
1718 5105 1746 5155 ὁ
1770 5102 1914 5168 θεῖος

318 5195 540 5259 Παῦλος
567 5193 663 5248 τοῦ
723 5192 884 5260 ἁγίου
944 5192 1261 5263 Πνεύματος
1320 5194 1597 5266 μέμνηται
1640 5196 1841 5266 μόνους
1874 5198 1910 5270 ἢ

322 5288 419 5342 καὶ
465 5287 558 5343 τὸν
596 5285 839 5354 Πατέρα,
866 5285 963 5339 καὶ
994 5284 1087 5340 τὸν
1114 5286 1241 5338 Υίόν
1268 5301 1283 5351 ;

405 5380 474 5434 Ὃ
503 5380 664 5435 ΚΑΘ.
705 5378 941 5433 Λέλυται
964 5380 1146 5446 τοῦτο,
1172 5384 1268 5436 καὶ
1293 5381 1454 5437 πλέον
1481 5384 1611 5455 περὶ
1627 5383 1820 5440 τούτου
1844 5389 1907 5442 οὐ

322 5476 436 5550 χρὴ
476 5473 680 5542 λέγειν.

404 5566 475 5621 '0
508 5565 701 5621 ΘΕΩΡ.
739 5568 970 5639 Ἶδωμεν
990 5568 1200 5636 λοιπὸν,
1240 5570 1294 5624 τί
1327 5570 1574 5642 ἔγραψας
1600 5574 1659 5627 ἐν
1688 5578 1755 5646 τῇ
1796 5577 1910 5631 ὲπι.

326 5660 495 5733 στολῇ
524 5676 617 5715 σου
642 5662 773 5733 περὶ
804 5660 903 5715 τοῦ
931 5660 1126 5734 μύρου.

399 5838 450 5874 ’⁸
491 5837 607 5896 Act.
628 5855 826 5909 xsvnt,
849 5840 943 5909 24,
970 5841 1063 5899 25.
1140 5842 1187 5875 “
1215 5841 1323 5901 lsa.
1352 5860 1424 5912 vt,
1455 5844 1509 5912 9,
1546 5844 1633 5905 10.

2012 4643 2322 4713 intelligetis
2350 4653 2370 4696 :
2398 4640 2629 4696 videntes
2664 4638 2925 4702 videbitis,
2967 4644 3017 4692 et
3050 4652 3153 4691 non
3178 4636 3503 4705 perspiciatis
3533 4635 3597 4698 ¹⁹,

2016 4748 2073 4793 et
2103 4744 2326 4792 caatera.
2377 4732 2516 4800 Quid
2562 4731 2725 4804 ergo?
2765 4731 3017 4788 solumne
3049 4730 3312 4801 Spiritum
3348 4738 3599 4784 sanctum

2016 4831 2259 4887 dicemus
2285 4830 2339 4883 in
2369 4827 2481 4883 alto
2499 4826 2833 4896 sublimique
2862 4824 2998 4879 solio
3025 4821 3421 4888 considentem,
3446 4820 3602 4877 Isaiae

2016 4924 2127 4980 vati
2169 4922 2466 4996 praecipere
2490 4936 2513 4977 :7
2547 4917 2692 4979 Vade
2735 4919 2805 4974 ad
2851 4918 3103 4989 populum
3136 4916 3276 4971 hunc
3299 4916 3366 4981 ¹⁰,
3404 4924 3458 4971 et
3491 4929 3600 4969 ete-

2016 5027 2156 5081 tcra,
2191 5017 2449 5086 quoniam
2482 5013 2639 5069 divus
2668 5012 2867 5069 Paulus
2896 5010 3075 5067 sancti
3120 5011 3386 5066 duntaxat
3423 5007 3601 5081 Spiric

2024 5123 2111 5169 tus
2146 5108 2426 5166 meminit?
2458 5122 2528 5163 an
2564 5105 2782 5162 Patrem
2813 5120 3047 5176 quoque,
3083 5121 3207 5160 cum
3236 5102 3420 5159 leioi

2091 5383 2250 5444 GEN.
2294 5385 2402 5440 Hoc
2428 5383 2541 5453 jam
2591 5382 2825 5453 solutum
2866 5390 2987 5447 est,
3042 5394 3140 5435 nec
3175 5378 3465 5449 quidquam
3514 5381 3600 5438 di.

2019 5483 2253 5539 centium
2287 5480 2533 5548 amplius.

2093 5571 2349 5629 THEOR.
2384 5572 2649 5643 Deinceps
2684 5572 2986 5640 videamus,
3009 5573 3139 5645 quid
3168 5573 3221 5628 in
3249 5571 3475 5643 cpistola
3506 5578 3596 5626 tua

2026 5672 2085 5727 1e
2120 5675 2395 5741 unguento
2436 5667 2841 5739 perscripseris.
