4026 6296
458 348 556 412 195

1878 348 2083 413 TllEO
2093 349 2311 411 RIANI

3614 349 3713 419 196

518 466 677 523 GEN.
721 468 797 524 Ita
831 469 942 525 ﬁat.
976 468 1145 525 Lubet
1169 470 1313 527 enim
1339 470 1407 526 de
1429 469 1652 525 vocibus
1680 469 2001 540 quibusdam

2200 468 2243 520 0
2280 463 2443 520 ΚΛΘ.
2482 463 2642 520 Οὕτω
2673 465 2933 532 γενέσθω.
2972 466 3245 539 Βούλομαι
3295 466 3405 541 γὰρ
3439 469 3715 542 ἐρωτῆσαι

448 560 500 611 in
570 576 633 613 ea
700 561 910 627 positis,
973 563 1326 632 interrogare.
1386 561 1491 617 Sed
1530 561 1681 629 prius
1736 570 2029 637 utrumque

448 648 644 703 librum
693 651 834 705 inter
890 667 949 707 se
993 652 1361 719 conferamus,
1405 662 1461 708 et
1489 653 1787 717 videamus,
1818 667 1885 706 an
1923 651 2026 708 sibi

451 743 818 811 respondeant
851 762 866 799 :
900 744 1096 801 deinde
1149 762 1458 817 quaeramus
1507 745 1576 802 de
1636 745 1702 801 iis
1736 746 1789 801 in
1830 745 2029 814 quibus

447 832 735 887 haeremus.

809 927 995 984 Sancti
1027 929 1110 984 IV
1159 932 1370 986 concilii
1413 931 1672 1001 deﬁnitio.

518 1017 803 1073 Sulliceret
835 1021 1052 1090 quidem
1079 1023 1145 1076 ad
1177 1024 1473 1092 perfectam
1505 1025 1724 1094 pictatis
1762 1024 2027 1093 cognitio-

445 1125 568 1164 nem
600 1118 657 1164 et
688 1112 1183 1178 confirmationem,
1218 1114 1318 1169 hoc
1358 1117 1627 1169 eruditum
1682 1131 1745 1168 ac
1805 1115 2027 1171 salubre

446 1203 640 1258 divinae
696 1206 887 1272 gratiae
937 1207 1265 1275 symbolum,
1317 1208 1459 1277 quod
1525 1219 1579 1263 et
1618 1208 1912 1277 perfectam
1959 1210 2025 1263 de

443 1295 624 1360 Patre,
647 1308 699 1351 et
734 1298 888 1362 Filio,
914 1307 965 1353 et
998 1298 1199 1369 Spirittt
1246 1311 1433 1355 sancto
1481 1301 1785 1357 doctrinam
1838 1305 2022 1367 tradit,

443 1395 497 1439 et
525 1387 953 1444 incarnationem
983 1390 1192 1445 Domini
1222 1392 1456 1448 ﬁdeliter
1498 1394 1895 1464 cxcipieutibus
1928 1410 2025 1450 ex-

442 1476 613 1531 hibet.
648 1477 753 1532 Sed
788 1480 1004 1550 quando
1030 1481 1127 1547 illi,
1164 1483 1254 1551 qui
1284 1484 1724 1553 prmdicationem
1776 1485 2021 1540 veritatis

443 1569 665 1625 abolere
696 1582 982 1639 conantur,
1014 1589 1111 1643 per
1140 1591 1263 1629 suas
1289 1576 1528 1632 haereses
1554 1591 1721 1633 novas
1749 1578 2019 1648 quasdam

441 1662 722 1719 doctrinas
767 1675 1113 1734 pepererunt,
1172 1669 1294 1722 aliis
1349 1677 1615 1738 suscepta:
1663 1679 1886 1740 prOpter
1920 1684 2019 1723 nos

442 1755 930 1811 administrationis
964 1757 1260 1814 Dominicm
1303 1762 1619 1833 mysterium
1666 1775 2019 1829 corrumpere

2136 557 2268 630 περί
2320 574 2483 612 τινων
2538 557 2740 625 λέξεων
2779 561 2899 613 ἐκεῖ
2950 561 3244 631 κειμένων.
3274 560 3439 616 Ἀλλά
3498 562 3715 634 πρῶτον

2132 646 2516 718 ἀντιϐάλωμεν
2568 649 2858 720 ἀμφότερα
2908 649 2978 703 τά
3005 649 3213 718 βιϐλία,
3267 650 3364 706 καὶ
3420 652 3711 724 ῐδωμεν,εί

2132 734 2377 801 ὲξισάζει
2400 754 2415 770 ⁸
2445 730 2544 790 ’καὶ
2579 740 2702 791 τότε
2731 741 2861 811 περὶ
2904 734 2981 795 ὧν
3000 740 3446 813 ἀμφιϐάλλομεν,
3498 724 3710 815 ἑρωτήέ

2132 847 2318 901 σομεν.

2442 922 2614 991 Ὄρος
2657 920 2765 989 τῆς
2816 925 2987 992 ἁγίας
3020 924 3069 978 δ’
3107 927 3402 984 συνόδου.

2196 1014 2399 1085 Ἤρκει
2423 1013 2525 1084 μὲν
2553 1010 2648 1069 οὖν
2670 1016 2748 1077 είς
2767 1016 2956 1089 ἐντελῆ
2975 1020 3078 1090 τῆς
3102 1021 3391 1085 εὐσεϐείας
3414 1021 3710 1089 ὲπίγνωσίν

2128 1120 2187 1157 τε
2211 1104 2308 1158 καὶ
2339 1104 2655 1176 βεϐαίωσιν,
2679 1107 2738 1161 τὸ
2778 1106 2945 1178 σοφὸν
2968 1112 3075 1165 ,καὶ
3111 1112 3389 1185 σωτήριον
3423 1115 3586 1169 τοῦτο
3614 1118 3712 1187 τῆς

2130 1196 2282 1262 θείας
2300 1201 2526 1271 χάριτος
2547 1199 2840 1271 σύμϐολον·
2863 1205 2994 1275 περί
3014 1223 3073 1260 τε
3097 1207 3207 1278 γὰρ
3228 1207 3325 1261 τοῦ
3355 1210 3591 1280 Πατρδς,
3616 1211 3710 1264 καὶ

2126 1290 2220 1344 τοῦ
2255 1291 2411 1357 Υίοῦ,
2440 1294 2653 1348 καὶ-τοῦ
2677 1295 2832 1363 ἁγίου
2848 1296 3166 1369 Πνεύματος
3200 1301 3509 1357 ἐκδιδάσκει
3536 1302 3595 1358 τδ
3615 1306 3711 1357 τέ-

2126 1380 2288 1447 λειον,
2310 1383 2406 1436 καὶ
2433 1383 2526 1437 τοῦ
2556 1384 2764 1457 Κυρίου
2786 1388 2888 1458 τήν
2918 1389 3341 1462 ἑνανθρώπησιν
3360 1395 3476 1457 τοῖς
3502 1394 3711 1460 πιστῶς

2123 1472 2436 1543 δεχομένοις
2466 1476 2821 1548 παρίστησιν.
2849 1479 2991 1535 Ἀλλ’
3019 1482 3320 1554 ἐπειδήπερ
3354 1484 3405 1538 οι
3429 1485 3530 1557 τῆς
3575 1486 3713 1555 ἁλη-

2125 1564 2283 1627 θείας
2308 1565 2523 1621 ἀθετεῖν
2551 1568 2958 1640 ἐπιχειροῦντες
2983 1571 3042 1623 τὸ
3070 1574 3459 1643 κήρυγμα,δώ
3487 1575 3595 1629 τῶν
3623 1576 3706 1629 oi-

2122 1657 2572 1730 κείωνιαίρέσεων
2599 1662 2696 1725 τὰς
2728 1663 3091 1739 καινοφωνίας
3125 1666 3410 1733 ἀπέτεκον,
3431 1670 3481 1722 οἱ
3517 1670 3616 1738 μὲν
3642 1668 3707 1722 τὸ

2121 1747 2225 1819 τῆς
2250 1749 2317 1802 δι’
2346 1754 2495 1822 ἡμᾶς
2519 1752 2615 1805 τοῦ
2648 1753 2853 1826 Κυρίου
2880 1756 3191 1829 οίκονομίας
3210 1762 3510 1831 μυστήριον
3540 1778 3715 1833 παρα-

441 1844 790 1914 attdentibus,
822 1859 876 1904 et
907 1848 1148 1920 Deiparm
1171 1832 1369 1906 vocem,
1416 1851 1621 1922 Virgini
1675 1853 2008 1906 tribuendam

2126 1841 2372 1911 φθείρειν
2394 1844 2723 1914 τολμῶντες,
2757 1847 2855 1901 καὶ
2880 1849 2982 1921 τὴν
3009 1849 3271 1914 Θεοτόκος
3292 1853 3385 1909 ἐπὶ
3419 1853 3522 1925 τῆς
3551 1832 3711 1925 Παρ-

438 1941 802 2011 negantibus;
862 1941 983 1998 aliis
1041 1932 1417 2001 confusionem
1470 1957 1527 2001 et
1588 1946 2020 2001 commiStiuuem

442 2034 933 2100 introduceutibus,
958 2046 1012 2090 et
1036 2053 1197 2090 unam
1230 2054 1351 2094 esse
1378 2040 1560 2093 carnis
1614 2040 2023 2109 divinitatisque

441 2137 689 2182 naturam
759 2129 925 2184 stulte
997 2132 1567 2197 comntiuiscentibus,
1627 2132 1871 2202 adeoque
1927 2147 2021 2202 per

439 2224 584 2277 hanc
611 2222 988 2279 confusionem
1017 2237 1322 2281 moustrose
1350 2226 1735 2292 statuentibus,
1783 2225 2018 2279 divinam

441 2315 714 2388 Unigeniti
750 2328 1000 2375 naturam
1035 2334 1155 2375 esse
1186 2320 1496 2390 passibilem
1529 2339 1542 2375 :
1580 2331 1868 2390 eapropter
1906 2319 2020 2374 haec

438 2424 651 2479 sancta,
691 2429 884 2484 magna
917 2424 972 2468 et
1002 2413 1333 2469 universalis
1350 2415 1612 2486 synodus,
1638 2428 1735 2469 eos
1765 2415 1834 2466 ab
1868 2413 2016 2466 onmi

437 2519 625 2560 contra
665 2508 948 2561 veritatem
981 2507 1387 2562 machinatione
1446 2506 1639 2561 volens
1701 2504 2017 2569 excludere,

440 2595 1126 2666 doctrinamquetraditam
1154 2598 1453 2665 antiquitus
1517 2598 1795 2651 immotam
1863 2611 2017 2650 asse-

432 2678 588 2754 rens,
620 2700 745 2743 ante
770 2690 949 2742 omnia
987 2690 1203 2754 statuit,
1236 2698 1294 2744 ut
1324 2701 1633 2745 sanctorum
1656 2690 1761 2744 518
1797 2689 2016 2744 Patrum

437 2780 572 2836 tides
604 2781 916 2837 inconvulsa
953 2795 1293 2852 permaneat.
1335 2785 1415 2838 Ac
1460 2795 1681 2854 propter
1744 2799 1842 2839 eos
1890 2786 2018 2857 qui-

437 2874 559 2926 dem
590 2872 681 2942 qui
712 2871 972 2942 Spiritum
1004 2884 1257 2930 sanetum
1319 2886 1658 2946 oppugnant,
1709 2876 2013 2933 doctrinam

436 2966 500 3018 de
532 2966 837 3020 substantia
862 2965 1101 3035 Spiritus
1131 2982 1161 3020 a
1196 2970 1403 3023 sanctis
1440 2968 1546 3023 illis
1582 2968 1682 3024 150
1734 2968 2013 3037 Patribus,

433 3055 641 3126 aliquot
693 3065 817 3126 post
860 3060 1019 3113 annis
1075 3060 1130 3113 in
1196 3059 1443 3131 Augusta
1492 3062 1628 3117 urbe
1678 3067 2011 3133 congressis,

2127 1934 2285 1987 θένου
2323 1936 2510 2007 φωνὴν
2539 1938 2971 2009 ἀπαρνούμενοι,
3000 1941 3051 1994 οἱ
3081 1941 3138 1996 δὲ
3163 1943 3427 2013 σύγχυσιν
3449 1945 3545 2000 καὶ
3564 1945 3712 2014 κρᾶ-

2126 2042 2211 2079 σιν
2233 2027 2570 2097 εἰσάγοντες,
2633 2031 2733 2085 καὶ
2782 2034 2915 2103 μίαν
2954 2028 3097 2088 εἶναι
3156 2036 3319 2105 φύσιν
3351 2037 3453 2107 τῆς
3501 2035 3712 2107 σαρκὸς

2124 2119 2220 2173 καὶ
2246 2121 2346 2190 τῆς
2376 2120 2636 2193 θεότητος
2699 2124 3138 2190 ἀναπλάττοντες
3182 2129 3449 2199 ἀνοήτως,
3479 2128 3576 2183 καὶ
3598 2146 3712 2184 πα-

2125 2209 2293 2281 θητὴν
2324 2211 2422 2265 τοῦ
2451 2214 2794 2282 Μονογενοῦς
2827 2215 2929 2288 τὴν
2958 2218 3110 2272 θείαν
3136 2218 3300 2289 φύσιν
3339 2224 3406 2293 τῇ
3440 2221 3709 2292 συγχύσει

2121 2309 2549 2377 τερατευόμενοι
2578 2324 2597 2342 ο
2629 2308 2719 2363 διὰ
2749 2309 2910 2364 τοῦτο
2953 2314 3137 2365 πᾶσαν
3166 2314 3354 2378 αὐτοῖς
3380 2313 3708 2369 ἀποκλεῖσαι

2124 2399 2263 2453 κατὰ
2294 2400 2394 2471 τῆς
2447 2399 2710 2473 ἀληθείας
2769 2406 3024 2477 μηχανήν
3050 2405 3353 2481 βουλομένη
3388 2409 3421 2480 ή
3448 2408 3708 2481 παροῦσα

2122 2490 2218 2544 νῦν
2245 2490 2443 2565 αῦτηὴ
2483 2494 2638 2563 ἁγία,
2669 2497 2879 2570 μεγάλη
2930 2499 3030 2553 καὶ
3071 2499 3425 2571 οίκουμενικὴ
3463 2500 3710 2566 σύνοδος,

2121 2582 2182 2633 τὸ
2207 2582 2303 2634 τοῦ
2334 2584 2693 2655 κηρύγματος
2730 2588 2940 2642 ἄνωθεν
2963 2589 3262 2643 ἀσάλευτον
3283 2592 3703 2658 ἐκδιδάσκουσα,

2119 2673 2290 2747 ὥρισε
2321 2677 2788 2749 προηγουμένως.
2856 2684 2966 2750 τιη¹
2995 2681 3166 2750 ἁγίων
3196 2684 3456 2754 Πατὲρων
3485 2686 3586 2754 τὴν
3617 2684 3708 2738 πί-

2121 2784 2239 2821 στιν
2270 2768 2457 2838 μένειν
2513 2770 3011 2843 ἀπαρεγχείρητον.
3070 2776 3182 2830 Καὶ
3211 2776 3301 2830 διὰ
3336 2780 3439 2848 μὲν
3470 2778 3595 2843 τοὺς
3622 2778 3705 2851 τῷ

2122 2863 2402 2935 Πνεύματι
2436 2863 2515 2936 τῷ
2545 2865 2687 2935 ἁγίῳ
2717 2869 3085 2938 μαχομένους,
3104 2870 3207 2939 τὴν
3227 2874 3439 2942 χρόνοις
3472 2872 3705 2944 ὕστερον

2119 2956 2272 3027 παρά
2302 2957 2412 3010 τῶν
2452 2958 2552 3029 τῆς
2615 2957 3009 3031 βασιλευούσης
3061 2962 3270 3025 πόλεως
3323 2964 3692 3021 συνελθόντων

2120 3050 2292 3120 ἁγίων
2321 3048 2397 3122 ρν¹
2426 3051 2689 3122 Πατέρων
2714 3052 2845 3124 περὶ
2872 3056 2971 3125 τῆς
3011 3053 3106 3108 τοῦ
3148 3054 3470 3126 Πνεύματος
3508 3060 3703 3122 οὐσίας

435 3148 686 3203 traditam
724 3150 1237 3220 contlrmat;qttam
1268 3153 1342 3206 illi
1369 3154 1643 3210 universis
1688 3165 1875 3210 notam
1930 3154 2008 3209 fe-

2121 3140 2531 3211 παραδοθεῖσαν
2552 3141 2902 3196 διδασκαλίαν
2930 3147 3108 3217 κυροῖ,
3131 3146 3196 3219 ἢν
3226 3149 3425 3202 ἐκεῖνοι
3445 3155 3555 3214 τοῖς
3592 3154 3703 3205 πᾶσι

432 3247 644 3304 certmt,
674 3254 781 3295 non
811 3241 966 3310 quasi
1001 3243 1256 3312 quiddam
1289 3243 1602 3311 afferentes,
1630 3248 1773 3314 quod
1816 3246 2013 3316 priori-

431 3330 533 3387 bus
562 3333 812 3397 deesset,
843 3335 936 3389 sed
968 3349 1122 3388 suam
1166 3335 1234 3389 de
1290 3333 1495 3406 Spiritu
1551 3349 1740 3391 sancto
1804 3346 2016 3393 senten-

435 3422 565 3476 tiam
601 3425 865 3481 adversus
904 3425 1046 3490 illos,
1072 3425 1163 3497 qui
1213 3434 1533 3496 potestatem
1612 3426 1731 3495 ejus
1794 3428 2013 3482 abolere

426 3515 810 3586 conabantur,
857 3533 1133 3574 sacrarum
1194 3518 1516 3575 Litterarum
1565 3520 1893 3576 testimoniis
1945 3521 2013 3575 il-

429 3609 766 3666 lustrantes:
833 3624 1056 3682 propter
1106 3628 1200 3669 eos
1254 3628 1405 3676 vero,
1457 3614 1546 3683 qui
1604 3626 2007 3669 sacramentum

428 3700 730 3757 Dominicte
785 3703 1210 3774 dispensationis
1282 3703 1627 3761 falsariorum
1687 3722 1840 3761 more
1884 3721 2009 3761 cor-

428 3810 684 3864 rutnpere
705 3804 942 3861 tentant,
969 3797 1416 3867 etimp’rudenter
1474 3813 1669 3867 purum
1730 3799 2007 3855 hominem

424 3901 548 3943 esse
580 3897 852 3958 nugantur
903 3903 1028 3943 eum
1068 3889 1159 3956 qui
1215 3890 1282 3943 de
1326 3900 1512 3945 sancta
1578 3888 1800 3962 Virgine
1838 3890 2005 3946 Maria

423 3990 741 4047 procreatus
775 3978 911 4046 fuit;
948 3980 1088 4036 beati
1121 3978 1329 4053 Cyrilli,
1360 3981 1450 4051 qui
1473 3980 1858 4038 Alexandrinae
1905 3999 2004 4051 pa-

423 4082 542 4127 stor
564 4070 813 4126 ecclesia
842 4069 967 4137 fuit,
989 4071 1277 4144 synodales
1298 4072 1365 4125 ad
1387 4070 1699 4126 Nestorium
1724 4081 1779 4127 et
1806 4070 2005 4127 Orien-

427 4164 562 4220 tales
592 4165 881 4234 episcopos
916 4165 1127 4220 litteras
1178 4166 1280 4220 sibi
1312 4167 1721 4221 consentientes
1755 4166 2002 4235 amplexa

420 4267 549 4314 est:
589 4265 699 4312 tum
732 4257 799 4312 ad
828 4255 1167 4313 Nestoriana:
1214 4258 1502 4312 dementiae
1548 4256 2001 4323 eonlutationem,

423 4359 537 4403 tum
573 4350 639 4403 ad
677 4349 1179 4419 interpretationem
1244 4366 1345 4421 pro
1398 4351 1465 4405 iis
1516 4350 1846 4418 institutam,
1902 4351 2001 4420 qui

418 4442 510 4513 pio
532 4442 650 4497 zelo
671 4441 900 4514 symboli
920 4440 1155 4497 salubris
1172 4441 1505 4497 intellectum
1533 4442 1865 4498 desiderant.
1894 4441 1990 4495 At-

2119 3248 2205 3285 σιν
2226 3230 2559 3303 ἐγνώρισαν·
2591 3233 2689 3305 οὐχ
2716 3232 2793 3296 ὥς
2827 3251 2884 3288 τι
2917 3234 3106 3290 λοιπὸν
3152 3241 3268 3302 τοῖς
3328 3241 3701 3310 προλαϐοῦσιν

2115 3325 2523 3394 ἐπεισάγοντες,
2558 3327 2697 3381 ἀλλά
2722 3327 2823 3399 τὴν
2858 3329 3111 3402 περὶτοῦ
3160 3331 3320 3401 ἁγίου
3375 3337 3700 3409 Πνεύματος

2115 3417 2298 3473 αὐτῶν
2351 3418 2584 3487 ἔννοιαν,
2645 3424 2791 3477 κατὰ
2834 3423 2946 3478 τῶν
2994 3427 3098 3497 τὴν
3154 3428 3325 3483 αὐτοῦ
3373 3430 3700 3488 δεσποτείαν

2114 3510 2331 3566 ἀθετεῖν
2367 3514 2750 3587 πειρωμένων,
2787 3518 3098 3589 Γραφικαίς
3125 3523 3457 3594 μαρτυρίαις
3481 3526 3699 3598 τρανὼ-

2114 3620 2333 3666 σαντες·
2370 3605 2459 3661 διὰ
2480 3606 2538 3660 δὲ
2559 3606 2687 3673 τοὺς
2717 3607 2779 3661 τὸ
2797 3612 2895 3680 τῆς
2919 3611 3241 3682 οίκονομίας
3291 3613 3699 3685 παραφθείρειν

2112 3698 2526 3771 ἐπιχειροῦντας
2555 3701 2879 3773 μυστήριον,
2904 3704 3001 3757 καὶ
3029 3703 3188 3774 ψιλὸν
3218 3706 3519 3779 ἄνθρωπον
3538 3706 3694 3781 ξεῖναι

2110 3792 2203 3844 τὸν
2251 3792 2317 3844 ἐκ
2353 3792 2456 3863 τῆς
2492 3792 2652 3862 ἁγίας
2716 3795 2997 3866 Παρθένου
3034 3797 3299 3870 τεχθέντα
3322 3802 3571 3873 Μαρίας,
3596 3806 3697 3858 ἁν-

2109 3881 2275 3947 αιδῶς
2338 3881 2743 3955 ληρωδοῦντας,
2782 3885 2883 3948 τὰς
2940 3884 3036 3941 τοῦ
3076 3889 3353 3959 μακαρίου
3392 3890 3691 3962 Κυρίλλου,

2068 3972 2203 4031 ,τοῦ
2260 3976 2359 4044 τῆς
2398 3973 2793 4047 ’Δλεξανδρὲων
2839 3976 3172 4049 Ἐκκλησίας
3220 3982 3519 4051 γενομένου
3568 4001 3694 4039 ποιν-

2110 4068 2273 4138 μὲνος
2303 4069 2586 4133 συνοδικὰς
2631 4070 2923 4133 ἐπιστολὰς
2985 4073 3122 4143 πρός
3153 4091 3212 4127 τε
3239 4074 3558 4148 Νεστόριον,
3596 4079 3695 4135 καὶ

2104 4161 2229 4224 τοὺς
2260 4162 2362 4232 τῆς
2394 4162 2691 4234 ’Δνατολῆς
2740 4164 3039 4236 ἀρμοδίους
3097 4165 3267 4232 οὔσας
3314 4168 3555 4239 ἐδέξατο·
3608 4176 3695 4236 είς

2103 4251 2325 4323 ἔλεγχον
2350 4256 2450 4325 μὲν
2478 4256 2579 4327 τῆς
2600 4256 2896 4329 Νεστορίου
2920 4260 3364 4331 φρενοϐλαϐείας,
3391 4266 3695 4338 ἑρμηνείαν

2102 4346 2161 4400 δὲ
2202 4348 2315 4401 τῶν
2386 4348 2607 4403 εὐσεϐεῖ
2655 4350 2808 4421 ζήλῳ
2845 4352 2940 4406 τοῦ
2968 4355 3242 4427 σωτηρίου
3281 4359 3557 4429 συμϐόλου
3591 4381 3693 4417 πο-

2104 4437 2345 4494 θούντων
2376 4440 2475 4512 τὴν
2499 4440 2747 4499 ἔννοιαν·
2787 4437 2877 4509 αἷς
2928 4446 3026 4500 καὶ
3082 4447 3185 4519 τὴν
3246 4450 3540 4525 ἐπιστολὴν
3592 4454 3691 4509 τοῦ

419 4551 526 4605 que
558 4536 641 4591 bis
666 4536 955 4605 epistolam
982 4550 1202 4605 quoque
1226 4534 1523 4591 beatissimi
1559 4537 1999 4607 sanctissimique

2113 4532 2199 4601 τῆς
2229 4534 2497 4607 μεγίστης
2534 4534 2756 4607 Ῥώμης
2790 4537 3083 4610 προέδρου,
3132 4541 3230 4595 τοῦ
3258 4548 3691 4616 μακαριωτάτου

421 4626 813 4697 archiepiscopi
838 4626 1056 4692 Leonis,
1092 4616 1238 4682 illius
1265 4627 1518 4681 maximae
1565 4627 1752 4683 Romae
1809 4626 1998 4697 ιπεπεὶ-

419 4718 527 4784 dis,
583 4719 649 4779 ad
686 4730 889 4775 sanctre
922 4720 1196 4774 memorize
1250 4718 1570 4774 Flavianum
1632 4720 2001 4792 archiepisco-

416 4826 568 4881 pum,
612 4812 917 4867 evertendaa
970 4812 1377 4881 depravationis
1421 4812 1775 4883 Eutychiante
1831 4826 1997 4869 causa

415 4907 696 4976 scriptam,
729 4906 895 4960 veluti
920 4906 1100 4974 magni
1131 4906 1273 4960 illius
1304 4904 1448 4960 Petri
1481 4905 1812 4962 confessioni
1858 4921 1995 4962 con-

383 4998 749 5062 ‘veuientem,
781 5011 832 5052 et
867 4998 1174 5052 columnam
1201 4998 1489 5066 quamdam
1516 5007 1677 5076 recta:
1712 5000 1996 5054 sententia:

417 5092 713 5162 publicam,
740 5094 1005 5147 adversus
1038 5091 1302 5144 malarum
1349 5091 1663 5160 opinionum
1715 5103 1991 5157 auctores,

414 5184 482 5237 ad
530 5185 828 5238 orthodoxa
894 5184 1142 5252 dogmata
1196 5183 1543 5247 stabilienda,
1607 5185 1803 5239 merito
1864 5199 1994 5240 con-

404 5276 607 5344 juuxit.
630 5275 763 5330 Nam
790 5286 845 5331 et
873 5276 936 5330 iis
960 5278 1073 5330 haec
1104 5276 1329 5345 opponit
1370 5290 1514 5342 sese,
1549 5276 1640 5344 qui
1668 5274 1988 5332 sacram‘en-

415 5380 525 5423 tum
562 5368 985 5436 dispensationis
1013 5368 1066 5422 in
1104 5371 1238 5423 duos
1272 5368 1408 5422 tilios
1444 5369 1753 5425 distrahere
1806 5370 1992 5423 nitun-

416 5470 539 5525 tur;
581 5470 634 5514 et
664 5476 758 5515 eos
784 5470 927 5515 coetu
965 5471 1280 5515 sanctorum
1315 5460 1558 5530 expellit,
1597 5462 1691 5529 qui
1751 5461 1982 5529 passibi—

415 5554 520 5612 lem
581 5555 762 5609 dicere
818 5553 1157 5608 divinitatem
1217 5553 1492 5623 Unigeuiti
1560 5555 1798 5620 audent;
1833 5565 1888 5609 et
1922 5554 1989 5609 iis

412 5647 639 5713 resistit,
668 5646 755 5715 qui
791 5646 842 5699 in
867 5646 1081 5701 duabus
1129 5646 1330 5702 Christi
1380 5647 1593 5701 naturis
1654 5646 1989 5704 commistio-

409 5752 534 5792 nem
571 5738 653 5791 vel
680 5736 1051 5793 confusionem
1079 5737 1463 5808 exeogitautet
1501 5751 1595 5792 eos
1628 5736 1981 5803 exterminat,

409 5830 499 5897 qui
537 5837 805 5895 sumptam
835 5833 901 5886 de
936 5830 1089 5889 nobis
1112 5829 1368 5886 servilem
1400 5827 1656 5895 formam,
1703 5830 1983 5888 caelestem

2104 4624 2201 4678 καὶ
2232 4624 2541 4693 ἁγιωτάτου
2588 4627 3031 4699 ἀρχιεπισκόπου
3052 4632 3309 4701 Λέοντος,
3333 4639 3436 4709 τὴν
3457 4644 3694 4710 γραφεῖ.

2104 4732 2205 4770 σαν
2236 4721 2371 4789 πρὸς
2401 4719 2494 4775 τὸν
2548 4720 2607 4773 ὲν
2633 4720 2813 4790 ἁγίοις
2865 4724 3301 4795 ἀρχιεπίσκοπον
3360 4730 3689 4805 Φλαϐιανδν,

2098 4809 2191 4902 ἐπὶ
2214 4810 2497 4902 ἀναιρέσει
2544 4812 2646 4883 τῆς
2698 4813 2961 4888 εὐτυχοῦς
3023 4822 3339 4887 κακονοίας,
3395 4824 3491 4880 ἁτε
3522 4827 3589 4899 δὴ
3618 4832 3688 4902 τῇ

2097 4897 2193 4952 τοῦ
2247 4900 2486 4971 μεγάλου
2528 4903 2737 4976 Πέτρου
2794 4906 3058 4982 ὁμολογίᾳ
3108 4897 3688 4978 συμϐαίνουσαν·

2098 4995 2288 5062 κοινήν
2343 5012 2467 5048 τινα
2504 4995 2708 5068 στήλην
2765 4998 3077 5068 όρθοδοξίας
3140 5005 3285 5067 κατά
3317 5006 3428 5060 τῶν
3456 5010 3688 5063 κακοδο-

2099 5083 2354 5151 ξούντων,
2386 5087 2614 5151 εἰκότως
2647 5091 2986 5161 συνήρμοσε,
3024 5094 3165 5163 πρὸς
3195 5095 3296 5168 τὴν
3324 5098 3434 5153 τῶν
3465 5101 3689 5174 ὀρθοδό-

2099 5177 2204 5243 ξων
2226 5180 2517 5248 δογμάτων
2562 5182 2878 5249 βεϐαίωσιν.
2928 5187 3057 5251 Τοῖς
3085 5206 3144 5242 τε
3177 5191 3285 5261 γὰρ
3316 5192 3398 5255 εἰς
3428 5192 3558 5247 Υίὸν
3581 5196 3686 5267 τὴν
3728 5244 3735 5247 μ

2093 5272 2281 5341 δυάδα,
2315 5275 2376 5327 τὸ
2404 5279 2504 5345 τῆς
2556 5275 2871 5345 οἰκονομίας
2912 5278 3147 5352 διασπᾷν
3198 5284 3540 5356 ἐπιχειροῦσι
3575 5306 3686 5360 μυο

2095 5368 2336 5435 στήριον,
2400 5369 2840 5438 παρατάττεται·
2872 5374 3126 5436 καὶτοὺς
3187 5376 3440 5446 παθητὴν
3494 5378 3681 5449 λέγειν

2091 5461 2406 5531 τολμῶντας
2440 5461 2536 5515 τοῦ
2588 5464 2931 5532 Μονογενοῦς
2996 5466 3096 5538 τὴν
3131 5467 3383 5539 θεότητα,
3414 5471 3512 5526 τοῦ
3564 5475 3676 5528 τῶν

2093 5552 2256 5622 ἱερῶν
2287 5553 2591 5607 ἀπωθεῖται
2621 5554 2907 5624 συλλόγου·
2938 5559 3163 5621 καὶτοῖς
3194 5561 3287 5614 ἐπὶ
3318 5561 3413 5617 δύο
3452 5563 3673 5634 φύσεων

2090 5644 2183 5697 τοῦ
2241 5645 2485 5715 Χριστοῦ
2538 5649 2736 5717 κρᾶσιν
2764 5649 2799 5719 ἢ
2862 5650 3127 5722 σύγχυσιν
3169 5655 3482 5711 ἐπινοοῦσιν
3521 5660 3673 5713 ἀνθίο

2090 5738 2436 5793 σταται⁶καὶ
2491 5741 2619 5803 τοὺς
2665 5739 2942 5811 οὐράνιον,
2995 5742 3256 5817 ἢὲτέρας
3305 5747 3452 5811 τινὸς
3496 5749 3672 5819 ὑπάρ-

2090 5850 2209 5903 χειν
2236 5831 2424 5899 ούσίας
2476 5832 2577 5905 τὴν
2608 5833 2667 5901 ἐξ
2698 5834 2858 5908 ήμῶν
2916 5836 3218 5908 ληφθεῖσαν
3247 5838 3399 5912 αὐτῷ
3428 5842 3530 5913 τὴν
3556 5840 3670 5895 δού-
