4026 6296
273 393 375 462 19⁸1

1641 385 2100 451 DlSPUTATIO
2143 384 2192 446 ῐ.

3430 377 3534 447 NQ

266 514 362 568 λου
388 508 606 582 μορφὴν
636 505 1083 580 παραπταίοντας
1113 504 1415 575 ἑξελαύνει·
1464 502 1561 557 καὶ
1591 504 1715 566 τοὺς
1744 502 1838 556 δύο

1974 512 2093 559 esse,
2128 495 2213 551 vel
2244 495 2468 549 alterius
2497 492 2775 563 cujusdam
2809 495 3135 552 substantias
3176 496 3439 568 delirant;
3476 513 3535 557 et
3633 478 3637 483 θ

270 602 369 674 μὲν
398 603 508 672 πρὸ
530 599 631 663 τῆς
668 598 921 659 ένώσεως
969 596 1163 665 φύσεις
1212 594 1307 651 τοῦ
1342 594 1553 666 Κυρίου
1580 592 1844 663 μυθεύον⁴

1974 604 2072 655 'os,
2101 590 2191 659 qui
2218 589 2352 642 duas
2385 590 2602 656 quidem
2639 587 2847 642 Domini
2868 599 3091 643 naturas
3113 601 3240 646 ante
3272 594 3532 649 unionem

264 710 380 758 τας,
414 692 549 763 μίαν
577 688 636 743 δὲ
665 686 806 760 μετά
834 686 937 759 τὴν
965 686 1164 742 ἕνωσιν
1212 684 1680 751 ἀναπλάττοντας,
1708 685 1844 738 ἀνα-

267 784 570 858 θεματίζει.

346 918 641 988 Ἐπόμενοι
680 918 862 972 τοίνυν
893 920 1007 982 τοῖς
1047 917 1224 986 ἁγίοις
1272 917 1586 987 Πατράσιν,
1617 914 1713 968 ἕνα
1754 916 1850 968 καὶ

267 1012 357 1064 τὸν
397 1010 567 1064 αὐτὸν
589 1012 877 1081 ὁμολογεῖν
901 1013 1049 1077 Υίδν,
1083 1012 1178 1064 τὸν
1205 1012 1410 1081 Κύριον
1440 1008 1599 1080 ἡμῶν
1641 997 1851 1080 Ἰησοῦν

268 1100 506 1172 Χριστὸν
524 1142 540 1164 ,
575 1100 889 1171 συμφώνως
920 1103 1161 1164 ἅπαντες
1190 1102 1581 1170 ὲκδιδάσκομεν
1602 1117 1617 1131 ·
1646 1101 1851 1154 τέλειον

268 1197 360 1249 τὸν
386 1197 550 1248 αὐτὸν
601 1197 659 1247 ὲν
696 1195 933 1263 θεότητι,
980 1196 1074 1248 καὶ
1115 1192 1323 1247 τέλειον
1357 1194 1450 1247 τὸν
1476 1194 1637 1247 αὐτὸν
1665 1196 1723 1247 ὲν
1761 1196 1857 1247 ἀνι

271 1287 619 1359 θρωπότητιο
670 1287 807 1340 Θεὸν
859 1286 1102 1357 ἀληθῶς,
1153 1286 1249 1340 καὶ
1292 1285 1583 1355 ἄνθρωπον
1635 1284 1854 1357 ἀληθῶς

268 1380 363 1434 τὸν
388 1379 580 1443 αὐτὸν,
632 1380 697 1431 ἐκ
727 1376 908 1449 ψυχῆς
939 1377 1168 1446 λογικῆς
1200 1377 1297 1430 καὶ
1331 1372 1586 1446 σώματος
1609 1390 1623 1405 ·
1662 1375 1854 1446 ὁμοού.

270 1490 391 1527 σιον
440 1473 521 1542 τῷ
582 1472 759 1542 Πατρὶ
808 1472 953 1524 κατὰ
986 1471 1250 1541 θεότητα,
1312 1470 1409 1522 καὶ
1439 1468 1727 1540 όμοούσιον
1766 1469 1855 1522 τὸν

269 1566 443 1619 αὐτὸν
500 1567 635 1636 ἡμῖν
681 1563 829 1617 κατὰ
886 1562 986 1635 τὴν
1032 1563 1468 1633 ἀνθρωπότητα’
1501 1562 1645 1615 κατά
1676 1562 1856 1614 πάντα

267 1660 459 1727 ὅμοιον
492 1660 648 1729 ἡμῖν,
682 1659 855 1728 χωρὶς
902 1656 1180 1729 ἁμαρτίας
1203 1672 1217 1687 ·
1251 1655 1358 1727 πρὸ
1387 1654 1604 1709 αἰώνων
1653 1654 1754 1724 μὲν
1792 1656 1856 1707 ὲκ

268 1752 369 1805 τοῦ
439 1751 658 1823 [ἰατρὸς
725 1749 1059 1822 γεννηθέντα
1111 1750 1250 1805 κατὰ
1294 1750 1393 1821 τὴν
1449 1748 1714 1819 θεότηταο
1769 1746 1857 1799 ἐπ’

1955 682 2291 747 fabulantur,
2320 695 2483 736 unam
2509 696 2639 736 vero
2667 694 2790 752 poet
2834 686 3089 742 unionem
3135 688 3368 758 tingunt.
3405 703 3538 743 ana-

1958 774 2299 829 thematizat.

2031 902 2334 973 Sequentes
2362 918 2493 974 ergo
2520 914 2737 960 sanctos
2761 908 2882 962 illos
2910 906 3126 972 Patres,
3155 911 3393 969 universi
3412 930 3544 970 con-

1957 1009 2091 1049 sena
2109 1010 2240 1050 voce
2257 1013 2420 1050 unum
2436 1008 2490 1050 et
2509 999 2758 1053 eumdem
2775 996 2973 1055 Filium
2990 1002 3276 1059 Dominum
3291 1017 3536 1063 nostrum

1956 1085 2139 1142 Jesum
2165 1089 2467 1153 Chi-istum,
2504 1091 2865 1146 conﬁtendum
2892 1110 3015 1150 esse
3049 1096 3305 1153 docemus
3336 1117 3348 1153 :
3380 1114 3541 1155 eum-

1958 1180 2080 1233 dem
2110 1180 2165 1233 in
2185 1182 2471 1236 divinitate
2494 1182 2795 1251 perlectum
2819 1194 2873 1240 et
2890 1188 3139 1241 eumdem
3165 1191 3464 1258 perfectum
3486 1195 3541 1247 in

1961 1271 2299 1327 humanitate
2324 1290 2339 1327 :
2373 1289 2499 1330 vere
2522 1276 2713 1341 Deum,
2738 1287 2792 1330 et
2824 1280 3075 1335 eumdem
3113 1299 3240 1339 vere
3270 1286 3540 1340 hominem

1960 1378 2024 1417 ex
2047 1364 2311 1432 participe
2337 1366 2566 1421 rationis
2589 1368 2768 1421 anima
2788 1384 3126 1440 corporeque
3144 1386 3489 1431 constantem
3524 1396 3541 1434 :

1960 1452 2202 1523 ejusdem
2236 1471 2360 1509 cum
2393 1455 2553 1510 Patre
2578 1460 2920 1524 substantia,
2954 1466 3252 1517 secundum
3291 1468 3548 1524 divinita-

1966 1550 2096 1606 tem,
2128 1553 2182 1596 et
2232 1546 2483 1599 eumdem
2546 1547 2827 1602 uobiscum
2894 1551 3135 1619 ejusdem
3200 1558 3545 1628 substantiae,

1963 1637 2259 1690 secundum
2294 1636 2686 1695 humanitatem
2719 1658 2733 1695 :
2762 1642 2993 1698 similem
3026 1646 3182 1702 nobis
3211 1666 3308 1719 per
3337 1655 3545 1717 omnia,

1962 1737 2194 1796 excepto
2228 1740 2452 1796 peccato
2483 1748 2496 1784 :
2527 1741 2651 1786 ante
2678 1736 2870 1789 szccula
2907 1738 3125 1807 quidem
3155 1755 3220 1795 ex
3261 1741 3421 1798 Patre
3450 1762 3547 1815 ge-

269 1844 521 1916 ὲσχὰτων
642 1843 753 1897 τῶν
779 1820 1001 1914 ἡμερῶν
1032 1843 1125 1897 τὸν
1155 1842 1322 1896 αὑτὸν
1347 1820 1417 1896 δι’
1442 1844 1617 1912 ἡμᾶς,
1655 1842 1749 1894 καὶ
1772 1841 1859 1894 διὰ

1974 1820 2159 1883 nilum,
2216 1822 2392 1890 quoad
2456 1823 2815 1893 divinitatem,
2873 1833 3133 1887 extremis
3179 1848 3309 1889 vero
3356 1837 3549 1893 diebus

268 1935 375 2008 τὴν
413 1937 695 2007 ἡμετέραν
732 1934 1008 2006 σωτηρίαν
1047 1937 1115 1989 ἐκ
1165 1934 1388 2005 Μαρίας
1422 1934 1525 2004 τῆς
1576 1933 1857 2003 Παρθένου

268 2028 378 2099 τῆς
406 2028 701 2092 Θεοτόκου,
743 2027 889 2081 κατὰ
913 2028 1014 2099 τὴν
1044 2026 1476 2098 ἀνθρωπότητα,
1514 2026 1612 2079 ἕνα
1637 2028 1733 2079 καὶ
1764 2027 1857 2078 αὑ·

271 2122 375 2177 τὸν
416 2121 682 2194 Χριστὸν,
728 2121 879 2186 Υίδν,
916 2120 1143 2191 Κύριον,
1174 2120 1480 2189 Μονογενῆ,
1525 2120 1588 2171 ὲκ
1623 2119 1719 2172 δύο
1757 2117 1861 2185 φύ-

272 2232 421 2267 σεων
476 2213 826 2285 ἀσυγχύτως,
886 2215 1198 2286 ἀτρέπτως,
1254 2213 1598 2282 ἀδιαιρέτως,
1658 2214 1860 2283 ἀχωρί-

275 2325 425 2372 στως
453 2307 863 2379 γνωριζόμενον
882 2322 897 2340 ⁸
950 2306 1187 2380 οὐδαμοῦ
1221 2306 1323 2375 τῆς
1349 2307 1455 2361 τῶν
1491 2306 1709 2376 φύσεων
1740 2306 1861 2359 δια-

272 2401 457 2471 φορᾶς
495 2401 864 2473 ἀνῃρημένης
910 2399 1000 2454 διὰ
1029 2399 1129 2469 τὴν
1174 2398 1405 2463 ἕνωσιν,
1453 2397 1769 2469 σωζομένης
1805 2397 1863 2450 δὲ

276 2491 491 2564 μᾶλλον
526 2492 627 2561 τῆς
668 2492 930 2560 ἰδιότητος
962 2489 1235 2560 ἑκατέρας
1276 2490 1493 2560 φύσεως
1517 2530 1533 2554 ,
1564 2490 1659 2543 καὶ
1690 2490 1771 2553 είς
1806 2488 1863 2541 ἓν

274 2586 584 2657 πρόσωπον
628 2584 726 2638 καὶ
770 2583 902 2656 μίαν
955 2584 1258 2636 ὑπόστασιν
1291 2581 1730 2652 συντρεχούσηςο
1764 2582 1866 2634 οὐκ

274 2681 365 2742 εἰς
391 2678 487 2733 δύο
516 2677 793 2748 πρόσωπα
827 2675 1194 2747 μεριζόμενον
1223 2675 1255 2746 ἦ
1292 2673 1703 2746 διαιρούμενον,
1749 2672 1865 2726 ἀλλ’

275 2770 380 2824 ἕνα
410 2770 506 2824 καὶ
536 2770 631 2823 τὸν
660 2767 826 2822 αὐτὸν
861 2768 989 2821 Υἱόν
1018 2769 1315 2837 μονογενῆ.
1351 2766 1485 2819 Θεὸν
1510 2766 1707 2835 Λόγον,
1747 2766 1863 2819 Κύ-

277 2880 404 2936 ριον
438 2859 652 2931 Ἰησοῦν
682 2860 956 2930 Χριστόν·
990 2858 1248 2931 καθάπερ
1278 2858 1488 2915 ἀνωθεν
1515 2859 1563 2912 οί
1590 2857 1868 2928 προφῆται

280 2957 417 3025 περὶ
455 2951 649 3018 αὑτοῦ,
699 2954 793 3005 καὶ
818 2950 982 3014 αὐτὸς
1012 2950 1163 3021 ἡμᾶς
1196 2953 1223 3003 ὁ
1248 2949 1458 3020 Κύριος
1498 2947 1703 3021 Ἰησοῦς
1732 2950 1870 3019 Χρισ-

284 3049 419 3112 οτδς
456 3045 839 3113 ἒξεπαίδευσε,
866 3045 958 3098 καὶ
983 3044 1043 3096 τὸ
1070 3044 1180 3096 τῶν
1211 3044 1475 3112 Πατέρων
1505 3041 1664 3111 ήμῶν
1688 3058 1871 3113 παρα-

278 3141 489 3197 δέδωκε
563 3138 858 3210 σύμϐολον.
941 3137 1163 3190 Τούτων
1228 3137 1410 3190 τοίνυν
1478 3134 1618 3203 μετὰ
1683 3136 1867 3205 πάσης

279 3232 634 3304 πανταχόθεν
661 3230 949 3302 ἀκριϐείας
988 3246 1048 3283 τε
1098 3229 1191 3282 καὶ
1215 3227 1520 3297 ἐμμελείας
1551 3225 1681 3296 παρ’
1713 3228 1872 3297 ἡμῶν

277 3326 788 3388 διατυπωθέντων,
844 3324 1049 3393 ὥρισεν
1101 3323 1133 3391 ἡ
1190 3321 1323 3388 ἁγία
1373 3325 1468 3372 καὶ
1513 3319 1871 3388 οίκουμενικὴ

281 3422 537 3483 σύνοδος,
571 3418 767 3490 ἑτέραν
800 3417 986 3470 πίστιν
1025 3410 1217 3486 μηδενὶ
1258 3413 1462 3479 ἐξεῖναι
1490 3414 1810 3484 προφέρειν,
1838 3412 1869 3484 ἢ

281 3512 658 3583 συγγράφειν,
691 3511 725 3581 ἢ
763 3508 1096 3573 συντιθέναι,
1145 3508 1178 3579 ἢ
1232 3497 1475 3578 φρονεῖν,
1520 3508 1551 3577 ἢ
1596 3507 1874 3561 διδάσκειν

281 3611 540 3680 ἑτέρους.
598 3607 741 3670 Τοὺς
784 3606 842 3659 δὲ
890 3602 1212 3675 τολμῶντας
1265 3603 1299 3672 ἢ
1337 3602 1646 3657 συντιθέναι
1686 3606 1875 3656 πίστιν

283 3706 510 3773 ἑτέραν,
548 3702 722 3771 ἤγουν
761 3697 1146 3770 προκομίζειν,
1200 3696 1235 3766 ἢ
1268 3696 1559 3760 διδάσκειν,
1612 3694 1647 3767 ἢ
1693 3711 1876 3762 παρα.

281 3797 489 3852 διδόναι
517 3795 711 3864 ἓτερον
742 3790 1015 3861 σύμϐολον
1049 3792 1163 3852 τοῖς
1197 3788 1480 3842 ἐθέλουσιν
1512 3786 1871 3858 ἐπιστρέφειν

287 3896 369 3956 είς
407 3890 715 3956 ἐπίγνωσιν
754 3885 1017 3956 ἀληθείας
1048 3882 1107 3947 ἐξ
1142 3878 1521 3951 Ἑλληνισμοῦ,
1569 3879 1603 3948 ἧ
1653 3878 1877 3932 Ἰουδαϊ-

288 3984 456 4056 σμοῦ,
491 3984 664 4052 ἡγουν
692 3980 753 4045 ἐξ
772 3979 1038 4050 αἱρέσεως
1066 3977 1164 4047 τῆς
1182 3973 1599 4045 οίασδηποτοῦν,
1625 3971 1873 4039 τούτους,

285 4081 337 4134 εί
375 4078 478 4150 μὲν
508 4073 621 4129 εἷεν
649 4074 944 4127 ἐπίσκοποι
973 4071 1005 4142 ἦ
1060 4069 1317 4139 πνιληρικολ⁵
1336 4110 1352 4135 ,
1386 4065 1707 4137 ἀλλοτρίους
1735 4061 1877 4121 εἶναι

286 4173 419 4235 τοὺς
462 4169 797 4229 ἐπισκόπους
848 4164 948 4233 τῆς
994 4159 1345 4229 ἑπισκοπῆςο
1394 4161 1489 4213 καὶ
1524 4160 1650 4222 τοὺς
1682 4159 1879 4228 κληριο

289 4268 449 4330 κους,
482 4262 580 4317 τοῦ
616 4262 859 4332 κλήρου·
893 4258 943 4311 εἰ
972 4257 1029 4310 δὲ
1068 4253 1394 4326 μονάζοντες
1444 4254 1480 4325 ἢ
1520 4251 1701 4305 λαῖκοὶ
1740 4248 1875 4319 εἶεν,

290 4353 805 4428 ἀναθεματίζεσθαι
832 4348 1057 4411 αὐτούς.

374 4484 535 4540 Ἐπεὶ
562 4481 622 4535 δὲ
654 4477 977 4550 ἀνεγνώσθη
1014 4478 1042 4529 ό
1069 4475 1228 4546 ὅρος,
1273 4468 1369 4528 καὶ
1395 4473 1462 4527 τά
1495 4471 1676 4545 βιϐλία
1723 4470 1879 4540 εὑρέ-

1963 1915 2216 1975 eumdem
2246 1929 2467 1986 propter
2491 1934 2610 1986 nos,
2640 1931 2694 1974 et
2750 1922 2984 1978 salutem
3037 1936 3299 1995 nostram,
3361 1940 3543 1984 natum

1964 2020 2031 2058 ex
2093 2004 2258 2060 Maria
2307 2008 2523 2078 Virgine
2575 2009 2831 2081 Deipara,
2882 2017 3183 2072 secundum
3237 2021 3548 2075 humanita-

1966 2107 2072 2150 tem
2105 2114 2118 2149 :
2152 2114 2315 2152 unum
2346 2111 2400 2155 et
2435 2102 2685 2159 eumdem
2752 2107 3031 2162 Christum
3087 2108 3308 2177 Filium,
3365 2115 3548 2169 Domi-
3604 2144 3607 2145 ν

1966 2203 2115 2253 num,
2150 2189 2526 2261 Unigeuitum,
2558 2179 2886 2264 qui'duabns
2914 2213 2977 2254 ex
3012 2202 3224 2258 naturis
3245 2206 3378 2260 citra
3414 2222 3549 2261 con-

1968 2278 2258 2346 fusionem,
2299 2287 2677 2350 mutationem,
2718 2288 3066 2356 divisionem,
3122 2296 3547 2364 scparatinnem,

1967 2374 2326 2441 agnoscitur;
2413 2390 2754 2445 nequaquam
2832 2389 3147 2437 naturarum
3232 2386 3605 2445 discrimine.

1966 2476 2189 2533 propter
2245 2466 2499 2520 unionem
2552 2470 2788 2531 sublato,
2864 2476 2957 2527 sed
3004 2475 3287 2546 utriusque
3341 2489 3553 2535 natura

1970 2558 2303 2625 proprietate
2352 2560 2499 2614 Salva
2557 2562 2759 2630 potius,
2816 2573 2869 2616 et
2930 2565 2981 2617 in
3032 2582 3193 2620 unam
3261 2585 3549 2638 personam

1969 2666 2243 2721 unamque
2267 2654 2582 2723 bypostasiu
2606 2666 2875 2710 coeunte:
2911 2672 3020 2712 non
3048 2661 3099 2712 in
3130 2661 3265 2717 duas
3289 2678 3552 2731 personas

1968 2741 2299 2813 discerptum
2334 2746 2416 2800 vel
2447 2747 2707 2813 divisum,
2739 2750 2832 2802 sed
2873 2766 3039 2804 unum
3084 2763 3139 2807 et
3171 2756 3419 2809 eumdem
3456 2756 3551 2811 Fi-

1971 2832 2104 2886 lium
2130 2835 2439 2905 unigenatn,
2471 2836 2639 2891 Deum
2669 2837 3009 2906 Sermonem,
3043 2840 3331 2898 Dominum
3366 2844 3552 2902 .lesum

1971 2924 2295 2983 Christum:
2357 2928 2502 2984 sicut
2555 2929 2684 2984 olim
2720 2943 2871 2987 vates
2900 2935 2967 2989 de
3007 2934 3145 3005 ipso,
3184 2944 3238 2991 et
3284 2938 3400 3009 ipse
3452 2956 3554 2995 nos

1975 3015 2235 3074 Dominus
2258 3018 2418 3076 Jesus
2440 3022 2694 3078 Christus
2722 3024 2945 3091 erudiit,
2970 3036 3026 3079 et
3074 3029 3385 3099 symbolum
3415 3030 3547 3088 illud

1973 3109 2192 3165 Patrum
2229 3124 2539 3168 nostrorum
2572 3118 2815 3172 tradidit.
2847 3117 2943 3173 His
2971 3134 3100 3190 ergo
3124 3136 3250 3176 cum
3276 3126 3427 3180 omni
3453 3141 3556 3180 un-

1975 3205 2136 3274 dique
2165 3208 2517 3263 accuratione
2564 3209 2955 3283 diligentiaque
3010 3230 3038 3267 a
3083 3215 3239 3271 nobis
3300 3218 3552 3284 sancltls,

1975 3312 2128 3352 sacra
2156 3307 2211 3353 et
2240 3300 2565 3357 universalis
2598 3304 2840 3373 synodus
2892 3306 3154 3375 decrevit,
3207 3310 3412 3365 nemini
3470 3310 3556 3367 (as

1973 3405 2098 3447 esse
2130 3392 2292 3447 ﬁdem
2342 3393 2501 3449 aliam
2535 3395 2802 3464 proferre,
2839 3399 2924 3454 vel
2953 3400 3003 3454 in
3069 3400 3279 3456 litteras
3329 3402 3555 3470 referre,

1977 3484 2059 3538 vel
2094 3500 2443 3555 componere,
2475 3487 2561 3542 vel
2591 3489 2866 3559 amplecti,
2902 3492 2985 3547 vel
3037 3494 3179 3547 alios
3214 3494 3433 3550 docere.
3494 3496 3555 3550 Si

1975 3578 2066 3645 qui
2093 3588 2222 3633 vero
2243 3579 2449 3635 fuerint
2477 3581 2594 3634 ausi
2626 3584 2787 3637 uilem
2854 3584 3016 3639 aliam
3074 3586 3155 3640 vel
3203 3601 3555 3657 componere,

1977 3670 2092 3725 sive
2122 3670 2389 3739 proferre,
2419 3673 2504 3728 vel
2526 3675 2744 3743 docere,
2778 3678 2861 3730 vel
2920 3677 3064 3732 aliud
3128 3678 3196 3732 iis
3250 3679 3557 3749 symbolum

1980 3761 2216 3827 tradere,
2273 3764 2363 3831 qui
2424 3765 2490 3818 de
2548 3766 2889 3835 paganismo,
2931 3766 3047 3822 sive
3092 3765 3398 3833 Judaismo,
3439 3771 3562 3825 sive

1977 3864 2122 3909 secta
2153 3870 2497 3926 quacumque
2533 3859 2781 3915 veritatis
2826 3860 2893 3912 ad
2945 3859 3281 3930 agnitionem
3320 3876 3379 3917 se
3428 3876 3562 3916 con-

1980 3957 2192 4002 vertere
2222 3948 2406 4003 volunt
2438 3969 2451 4005 :
2487 3966 2599 4014 eos,
2627 3952 2671 4005 si
2707 3952 2911 4006 fuerint
2939 3943 3182 4022 episcopi
3216 3954 3296 4008 vel
3344 3954 3563 4020 clerici,

1979 4046 2089 4093 tam
2120 4041 2188 4093 ab
2216 4042 2594 4111 episcoporum
2653 4056 2818 4112 quam
2849 4043 3178 4099 clericorum
3220 4046 3425 4101 ordine
3472 4060 3559 4100 re-

1981 4144 2197 4202 movet;
2241 4133 2325 4188 sin
2359 4135 2635 4201 monachi,
2664 4136 2749 4193 vel
2789 4136 2912 4193 laici
2944 4137 3170 4203 fuerint,
3217 4140 3559 4195 anathemati

1978 4228 2169 4283 statuit
2199 4242 2316 4282 esse
2342 4227 2648 4296 subjectos.

2055 4435 2420 4519 Posteaquam
2459 4448 2673 4505 concilii
2704 4448 2986 4506 decretum
3016 4451 3303 4505 recitatum
3344 4449 3563 4517 fuisset,

295 4579 472 4649 θησαν
500 4539 852 4639 ὲξισάζοντα,
902 4539 977 4620 τό·
993 4584 1054 4620 τε
1093 4539 1464 4636 ίΑρμηνικὸν,
1496 4539 1605 4616 ⁷καὶ
1640 4562 1702 4615 τὸ
1745 4539 1868 4615 Ῥω-

1980 4555 2146 4615 atque
2172 4542 2311 4599 liber
2339 4542 2662 4599 Armenicus
2694 4542 2941 4598 Romano
2973 4544 3305 4613 respondere
3365 4542 3561 4611 depre-

296 4668 521 4740 pabzbv,
551 4666 647 4719 καὶ
676 4664 733 4717 αί
768 4660 848 4730 τῷ
876 4656 1169 4729 Καθολικῷ
1211 4655 1473 4711 δοκοῦσαι
1517 4657 1748 4721 ἀσαφεῖς
1779 4654 1879 4706 αὐ-

294 4760 388 4815 τοῦ
420 4758 600 4824 λέξεις
636 4754 859 4828 μετρίαι
891 4750 1051 4806 οῦσαι
1089 4749 1283 4817 ίκανῆς
1328 4748 1666 4819 τετυχήκασι
1703 4762 1881 4815 σαφηο

296 4846 687 4916 νείας,εῐπενδ
708 4845 1020 4918 Θεωριανδς
1050 4840 1189 4913 πρὸς
1221 4840 1313 4895 τὸν
1344 4838 1671 4894 Καθολικόν·
1690 4836 1878 4908 Ὁρᾷς,

300 4946 576 5017 ἁγιώτατα
604 4940 862 5007 δέσποτα,
911 4938 995 4991 ὅτι
1024 4936 1136 4989 τῶν
1161 4932 1239 5007 χλ⁹
1281 4932 1558 5003 θεοφόρων
1616 4929 1880 4999 Πατέρων

300 5043 444 5103 θεῖος
481 5023 673 5109 χορὸς,
731 5032 841 5085 τῶν
900 5031 958 5083 ὲν
985 5026 1381 5097 Χαλκηδονέων
1438 5024 1592 5077 πόλει
1641 5039 1880 5093 συναγη-

298 5133 608 5206 γερμένων,
665 5128 728 5181 οὗ
766 5127 926 5195 μόνον
969 5121 1122 5175 οὐδὲν
1173 5120 1279 5186 ἔξω
1311 5120 1414 5189 τῆς
1445 5118 1554 5171 τῶν
1588 5117 1880 5185 δογμάτων

299 5229 600 5301 ὀρθότητος
644 5219 945 5291 λελάληκεν
992 5218 1029 5291 ἢ
1062 5216 1439 5286 πεφρόνηκεν,
1476 5210 1593 5265 ἀλλ’
1628 5208 1747 5263 οὐδὲ
1776 5206 1881 5261 κᾶν

304 5300 405 5394 μιᾷ
429 5320 579 5385 λέξει
617 5316 744 5387 ξένη
791 5314 873 5377 είς
932 5310 1031 5383 τὴν
1081 5307 1300 5362 ἔκθεσιν
1339 5302 1434 5359 τοῦ
1484 5303 1633 5357 θείου
1685 5300 1881 5354 τούτου

299 5418 429 5488 ὅρου
478 5414 777 5486 ἐχρήσατο.
830 5409 1116 5480 Τετήρηκε
1151 5404 1260 5474 γὰρ
1308 5404 1407 5473 τήν
1435 5399 1721 5479 τεηπίστιν
1770 5396 1880 5450 τῶν

303 5509 409 5582 πρὸ
440 5506 613 5564 αὑτοῦ
642 5504 815 5574 ἁγίων
843 5500 1130 5572 Πατέρων,
1148 5498 1247 5552 καὶ
1278 5494 1422 5550 αὑτά
1438 5493 1504 5565 δὴ
1528 5492 1596 5547 τὰ
1631 5493 1877 5565 ῥήματα.

303 5605 433 5666 Καὶ.
453 5601 504 5656 εί
523 5598 796 5663 κελεύεις,
819 5595 981 5663 δείξω
1010 5610 1114 5659 σοι,
1140 5593 1206 5646 ὲκ
1236 5590 1409 5644 ποίων
1432 5584 1883 5660 προγενεστέρων

296 5695 460 5749 θείων
487 5693 753 5761 Πατέρων
803 5688 916 5751 τοῖς
965 5683 1260 5759 μακαρίοις
1298 5681 1518 5743 τούτοις
1560 5677 1730 5741 θείοις
1771 5677 1884 5730 [Ια-

304 5789 499 5861 τράσιν
525 5787 740 5856 ἑκάστη
766 5782 912 5850 λέξις
958 5779 1052 5835 τοῦ
1081 5779 1213 5851 ὅρου
1239 5777 1435 5830 τούτου
1476 5771 1880 5844 παρείληπται.

310 5884 373 5936 Δί
404 5880 625 5946 πλείους
660 5870 999 5950 γάρναὺτιῖιν
1040 5872 1148 5927 ἀπὸ
1193 5868 1305 5925 τῶν
1342 5865 1420 5940 τῷ
1468 5862 1727 5939 μακαρίῳ
1772 5861 1884 5916 Κνι-

1982 4643 2225 4697 benstss:
2273 4638 2409 4694 satis
2459 4648 2644 4693 essent
2696 4639 2936 4711 denique
3004 4637 3294 4695 declarata:
3340 4639 3563 4693 concilii

1981 4746 2164 4797 voces,
2197 4744 2329 4786 sane
2356 4730 2691 4796 tolerabiles,
2726 4746 2849 4800 quau
2871 4730 3122 4786 Generali
3161 4731 3284 4785 visae
3314 4731 3564 4786 luerunt.

1980 4827 2244 4891 obscurae,
2321 4823 2665 4879 Theorianus
2745 4826 2893 4878 hisce
2976 4822 3296 4879 Generaletn
3380 4824 3563 4880 verbis

1982 4916 2339 4987 compellabat
2370 4931 2385 4970 :
2416 4916 2599 4981 Vides,
2644 4916 2993 4971 sanctissime
3050 4916 3288 4982 domine,
3341 4930 3558 4970 sacrum

1984 5014 2132 5067 illum
2186 5028 2387 5071 coetum
2438 5014 2541 5069 650
2596 5011 2904 5066 divinorum
2964 5009 3210 5075 Patrum,
3262 5012 3316 5063 in
3364 5010 3563 5079 oppido

1983 5105 2414 5163 Cbalccdonensi
2464 5114 2941 5176 congregatorum,
3007 5117 3114 5157 non
3194 5102 3357 5155 modo
3426 5102 3561 5156 nihil

1984 5212 2139 5260 extra
2176 5203 2484 5270 dogmattnn
2515 5198 2896 5254 rectitudinem
2923 5195 3007 5249 vel
3038 5194 3278 5249 locutum
3307 5209 3448 5258 esse,
3476 5195 3559 5247 vel

1986 5298 2245 5359 sensisse,
2298 5297 2393 5349 sed
2450 5308 2515 5347 ne
2562 5306 2666 5344 una
2720 5291 2940 5360 quidem
2995 5289 3278 5360 peregrina
3330 5302 3464 5339 voce
3492 5287 3561 5339 ad

1987 5390 2148 5460 hujus
2192 5386 2358 5442 divini
2404 5385 2609 5440 decreti
2662 5384 3056 5452 expositionem
3091 5394 3275 5433 usum.
3331 5376 3461 5432 Nam
3506 5388 3562 5430 ct

1986 5484 2143 5538 [idem
2172 5479 2390 5535 Patrum
2427 5493 2487 5533 se
2522 5477 2788 5545 majorum
2814 5483 2973 5530 atate
3016 5472 3261 5537 retinuit,
3327 5483 3380 5527 et
3445 5470 3562 5540 ipsa

1985 5590 2200 5647 quoque
2235 5572 2420 5629 verba.
2467 5569 2766 5626 Ostendam
2816 5582 2944 5629 vero
2968 5567 3088 5631 tibi,
3146 5566 3188 5620 si
3245 5565 3444 5636 placet,
3495 5579 3566 5618 cit

1984 5668 2182 5739 quibus
2223 5662 2625 5736 antiquioribus
2650 5662 2790 5716 divis
2807 5661 3061 5716 Patribus
3093 5658 3147 5714 hi
3184 5659 3326 5713 beati
3375 5655 3569 5711 Patres

1984 5775 2174 5817 vocem
2206 5760 2505 5831 quamlibet
2537 5758 2701 5828 hujus
2730 5755 2934 5811 decreti
2977 5752 3334 5824 sumpserint.
3402 5750 3567 5806 Com-

1986 5855 2169 5929 plures
2189 5853 2411 5926 quidem
2442 5860 2593 5911 certe
2631 5852 2698 5909 de
2726 5849 2916 5922 Cyrilli
2950 5847 3359 5906 commentariis
3409 5859 3573 5899 usur-
