4026 6296
479 287 587 359 ἱὶΰ
1876 288 2084 355 ΤΗΕο

2200 295 2320 358 ὶΝΙ
3637 292 3748 357 216

472 421 687 470 rantes.
742 411 921 479 Quare
965 415 1020 466 et
1066 408 1232 467 animl
1296 411 1461 468 vestri
1507 411 1765 469 seandalo
1815 414 2063 483 percussi

2200 415 2449 480 ῑὰνοντες.
2497 415 2589 471 Διδ
2634 416 3087 485 ἐσκανδαλίξεσθε
3128 417 3220 472 τὸν
3263 415 3392 471 νοῦν
3431 412 3527 471 καὶ
3572 409 3753 483 ὑμεῖς.

476 514 631 573 sum,
662 505 788 560 dum
804 520 905 562 nos
931 502 1222 577 Eutycheti
1256 504 1481 576 ejusque
1508 506 1838 561 asseclarnm
1862 506 2062 578 degma

2200 509 2480 581 ομίξοντες
2515 514 2664 584 ἡμᾶς
2698 515 3010 584 ὁμόφρονας
3041 508 3184 567 εἶναι
3212 510 3309 566 τοῦ
3343 506 3622 581 Εὗτυχοῦς
3659 506 3759 561 καὶ

479 612 672 659 tenere
732 601 1021 672 putaretis,
1079 599 1173 670 qui
1214 614 1376 654 unam
1422 607 1675 655 naturam
1702 614 1870 672 pravo
1896 616 2061 657 sensu

2200 602 2276 658 ὦν
2319 602 2441 676 μετ’
2465 605 2655 672 αὑτοῦ,
2696 606 2809 661 τῶν
2847 606 3119 676 λεγόντων
3165 603 3296 676 μίαν
3336 598 3498 673 φύσιν
3542 597 3755 662 κακῶς.

481 703 757 750 asserunt.
782 687 1168 749 Verumtamen
1205 708 1268 749 ex
1296 693 1400 749 hac
1421 694 1675 763 colloquii
1718 694 2066 751 ventilatione

482 786 687 841 nudata
726 793 812 842 est
866 786 1153 857 palamque
1212 786 1459 842 convicta
1490 788 1761 857 utrimque
1792 788 2063 843 mentien-

476 879 615 934 tium
664 878 892 945 falsitas,
942 879 1144 951 prodiit
1193 878 1249 934 in
1300 879 1479 936 lucem
1528 880 1750 949 veritas,
1802 880 2067 951 planeque

477 971 724 1027 enustitit
777 981 892 1026 tum
944 987 1040 1027 vos
1090 988 1119 1026 a
1152 970 1471 1029 Nestoriaua
1514 974 1796 1041 divisione,
1827 984 1937 1030 tum
1966 990 2066 1031 nos

480 1062 553 1119 ab
608 1063 949 1135 Eutycltiana
1012 1056 1332 1121 confusione
1381 1065 1541 1135 longe
1570 1065 2063 1121 abessezinvicem

479 1168 681 1224 autem,
712 1171 810 1227 per
866 1155 958 1212 Dei
990 1156 1242 1229 gratiam,
1280 1156 1510 1227 proximi
1552 1154 1650 1212 visi
1685 1172 1891 1224 sumus,
1923 1158 2063 1228 quod

2166 696 2314 768 Πλὴν
2342 699 2407 752 ὲκ
2434 700 2534 770 τῆς
2566 698 2794 772 ἐρεύνης
2823 699 3032 771 ταύτης
3095 694 3393 767 ἐγυμνώθη
3421 693 3519 749 καὶ
3549 692 3760 744 ἀπεκα-

2163 791 2343 863 λύφθη
2370 794 2403 860 ή
2429 794 2614 863 ἀπάτη
2638 792 2735 863 τῆς
2765 790 3120 864 ψευδολογίας
3151 789 3453 861 ἑκατέρων,
3480 786 3577 839 καί
3604 780 3759 837 ἐδιώο

2165 884 2299 958 χθη,
2332 886 2430 940 καὶ
2461 885 2673 956 φανερὰ
2702 885 2928 955 γέγονεν
2958 886 2991 957 ἠ
3023 883 3252 955 ἀλήθεια
3272 922 3288 948 ,
3319 879 3416 935 καὶ
3444 874 3759 947 ὲστερεώθη

2164 981 2248 1034 ὅτι
2288 980 2509 1051 μακρὰν
2540 977 2634 1047 ἀφ’
2657 978 2811 1049 ὑμῶν
2842 978 2990 1031 ἐστιν
3019 977 3052 1049 ἡ
3084 974 3177 1028 τοῦ
3214 972 3516 1042 Νεστορίου
3549 967 3761 1033 διαίρε-

2167 1088 2273 1138 σις,
2319 1072 2417 1126 καὶ
2456 1072 2549 1141 ἀφ’
2583 1070 2744 1143 ἡμῶν
2788 1072 2816 1143 ἡ
2861 1068 2958 1124 τοῦ
3007 1066 3288 1138 Εὐτυχοῦς
3328 1064 3620 1135 σύγχυσις,
3668 1058 3766 1113 καὶ

2168 1165 2399 1239 πλησίον
2427 1164 2675 1236 ἀλλήλων
2699 1165 3006 1235 γεγόναμεν
3032 1165 3100 1235 τῇ
3135 1159 3395 1234 ὀρθότητι
3417 1158 3526 1211 τῶν
3550 1152 3768 1224 δογμά-

480 1249 681 1306 attinet
734 1249 801 1305 ad
850 1250 1165 1321 dogmatum
1218 1250 1617 1305 rectitudiuem.
1677 1249 1782 1305 Sed
1807 1251 2062 1320 quoniam

2201 1279 2275 1316 ων
2294 1303 2309 1327 ,
2343 1261 2530 1332 χάριτι
2554 1258 2650 1313 τοῦ
2681 1258 2841 1314 Θεοῦ.
2874 1257 3094 1328 Ἐπειδὴ
3123 1255 3181 1311 δὲ
3212 1258 3241 1310 6
3274 1254 3464 1327 θρόνος
3493 1252 3593 1325 τῆς
3622 1250 3766 1320 ὑμε-

480 1344 652 1401 vestri
699 1342 911 1413 imperii
953 1350 1214 1414 potestas,
1258 1356 1380 1412 qua:
1422 1343 1710 1399 sacerdotii
1757 1343 2066 1399 libertatem

2202 1356 2333 1425 έρας
2365 1353 2680 1423 βασιλείας,
2715 1353 2809 1423 ἀφ’
2832 1344 2893 1407 οῦ
2924 1351 2958 1423 ἡ
2988 1351 3088 1423 τῆς
3118 1346 3535 1421 ἀρχιερωσύνης
3565 1341 3769 1397 αὐθεν-

480 1436 739 1507 protegit,
793 1435 938 1506 genti
993 1443 1192 1491 nostrae
1261 1435 1330 1491 ab
1412 1434 1709 1492 inlldelium
1780 1436 2068 1506 tyrannide

2206 1449 2259 1504 ία
2288 1448 2644 1520 κρατύνεται,
2671 1448 2956 1520 ἀφῄρηται
2984 1426 3095 1501 ἀπὸ
3119 1442 3214 1497 τοῦ
3244 1442 3438 1512 γένους
3469 1436 3629 1522 ἡμςῦν
3659 1433 3772 1488 ἀπὸ

479 1536 666 1599 erepta
697 1537 803 1595 est,
834 1528 1038 1585 ideirco
1070 1543 1225 1585 meus
1268 1543 1486 1600 quoque
1518 1528 1864 1598 pontiﬁcatus
1895 1529 2071 1596 patrio

2203 1542 2268 1613 ἧς
2296 1541 2613 1614 τυραννίδος
2640 1540 2753 1594 τῶν
2783 1536 3135 1609 ἀλλοφύλων,
3161 1535 3253 1591 διὰ
3277 1532 3439 1588 τοῦτο
3468 1532 3564 1586 καὶ
3593 1530 3631 1599 ἡ
3662 1526 3768 1597 ἀρ·

482 1624 601 1681 solo
630 1640 695 1680 ac
720 1627 848 1681 sede
876 1624 1155 1696 depulsus,
1184 1624 1238 1681 in
1264 1624 1439 1682 aliena
1459 1625 1678 1697 regione
1705 1625 2067 1699 periclitatur.

2200 1633 2482 1707 tspmadvq
2523 1633 2685 1707 ἡμῶν
2728 1632 2961 1706 ἐδιώχθη
3004 1629 3115 1687 ἀπὸ
3155 1629 3257 1701 τῆς
3298 1626 3533 1700 πατρίου
3580 1621 3771 1693 χώρας

485 1716 847 1785 Quamobrem
896 1732 1071 1789 neque
1125 1717 1181 1773 in
1224 1717 1479 1790 praesenti
1522 1717 1905 1775 Armeniorum
1954 1721 2070 1791 epi-

2200 1731 2267 1783 :at
2294 1729 2390 1782 τοῦ
2421 1728 2636 1801 θρόνου,
2667 1711 2763 1782 καὶ
2790 1729 2873 1791 εἰς
2902 1724 3196 1795 ἀλλοτρίαν
3223 1720 3410 1795 χώραν
3443 1713 3777 1777 κλυδωνίζεο

482 1810 635 1880 scopi
689 1819 745 1866 et
779 1810 1031 1868 doctores
1059 1823 1242 1868 coram
1300 1811 1520 1877 adsunt,
1562 1827 1739 1885 neque
1779 1813 1903 1869 licet
1952 1781 2071 1873 sine

2200 1781 2264 1879 .g
2310 1781 2807 1895 παροίκοῦσα.Ἐξ
2848 1781 2929 1893 ἧς
2963 1781 3145 1881 αιτίας
3191 1781 3545 1885 οἶδεἰχομεν
3599 1810 3777 1877 ιγγὺς

483 1903 677 1961 borum
731 1905 970 1977 generali
1001 1904 1520 1978 coucilioquaesltui
1566 1917 1750 1965 vestro
1806 1921 2069 1980 quantum

2200 1919 2311 1992 ιρδς
2343 1917 2406 1973 τὸ
2440 1918 2617 1991 παρὸν
2646 1916 2775 1981 τοὺς
2810 1915 3093 1987 ἀρχιερεῖς
3131 1913 3228 1966 καὶ
3264 1906 3624 1967 διδασκάλους
3658 1901 3776 1956 τῶν

483 2011 621 2067 opus
650 2007 735 2055 est
769 2000 1117 2070 respondere,
1146 2014 1217 2056 ne
1248 2014 1348 2071 pro
1392 1996 1681 2058 conco‘rdla
1710 2015 1901 2058 ausam
1933 2001 2073 2058 mul-

2202 2010 2526 2082 Αρμενίων*
2569 2008 2666 2064 καὶ
2706 2009 2878 2081 χωρὶς
2915 2007 3015 2076 τῆς
3054 2006 3167 2060 τῶν
3206 2005 3425 2061 πάντων
3465 1994 3777 2070 συμδολῆςο

486 2092 723 2162 tiplicem
759 2092 1047 2149 discordiae
1100 2094 1311 2158 demus,
1351 2108 1527 2164 neque
1567 2093 1938 2149 inconstanter
1966 2094 2070 2148 ali-

2200 2102 2495 2158 ινένδεκτόν
2536 2102 2654 2155 ἐστι
2688 2099 2903 2154 τελείαν
2941 2096 3125 2153 δοῦναι
3158 2091 3456 2163 ἀπολογίαν
3488 2088 3569 2159 τῷ
3602 2101 3780 2169 προσ.

485 2184 614 2254 quid
669 2184 1040 2241 absurdumve
1090 2184 1396 2257 loquamur.
1449 2183 1616 2256 Igitur
1655 2184 1799 2242 haud
1860 2194 2071 2241 rectum

2207 2198 2417 2267 ἁγματι
2453 2196 2551 2251 τοῦ
2596 2194 2915 2267 ζητήματος
2985 2189 3175 2262 ὑμῶν,
3219 2189 3309 2243 ινα
3355 2185 3434 2259 μὴ
3475 2182 3601 2241 ἀντὶ
3644 2180 3783 2235 ἑνώ-

440 2285 449 2293 ’
488 2278 625 2334 ηιὶιιὶ
651 2278 826 2334 visum
879 2286 985 2345 est,
1010 2293 1133 2340 cum
1164 2277 1228 2334 iis
1259 2289 1468 2334 tantum
1522 2278 1612 2349 qui
1644 2276 1788 2335 circa
1827 2294 1912 2335 me
1945 2288 2074 2334 sunt

2200 2308 2338 2355 rswc,
2376 2289 2669 2359 διαφόρους
2714 2288 2900 2352 αίτίας
2948 2283 3279 2356 παρέξωμεν
3323 2274 3634 2354 χωρισμοῦ,
3680 2270 3782 2326 καὶ

486 2371 822 2439 hotuinibus,
871 2372 939 2428 de
979 2372 1081 2428 bac
1131 2371 1449 2444 gravissima
1476 2373 1844 2428 controversia
1884 2369 2084 2429 ἀείρει-η

2200 2386 2571 2457 τεσαλευμένοι
2606 2385 2701 2439 καὶ
2734 2382 3017 2439 ἀλλόκοτοι
3051 2378 3287 2449 γενῶαιν
3318 2376 3367 2428 oi
3403 2373 3554 2442 λόγοι
3587 2368 3778 2442 ἡμῶν.

485 2466 693 2522 sionem
722 2464 986 2532 scribere,
1017 2466 1169 2537 prius
1185 2481 1347 2538 quam
1379 2466 1433 2522 in
1457 2466 1772 2545 Armeniam
1798 2482 2072 2541 magnam,

2200 2480 2277 2533 lti
2309 2477 2469 2531 τοῦτο
2503 2477 2604 2531 οὐκ
2639 2474 2993 2546 ἐνδεχόμενον
3028 2469 3207 2535 ἔδοξεν
3240 2467 3375 2538 ἡμῖν
3414 2461 3557 2535 μετὰ
3598 2458 3786 2530 μόνων

485 2557 599 2615 imo
645 2566 702 2613 et
758 2558 816 2614 in
876 2559 1120 2631 reliquas
1149 2560 1296 2616 orbis
1352 2568 1535 2632 partes
1562 2560 1780 2616 nuntios
1801 2560 2074 2628 miserim,

2200 2573 2286 2627 πῶν
2320 2572 2451 2645 παρ’
2479 2570 2626 2641 ἡμᾶς
2664 2568 2877 2641 γράψαι
2916 2565 3015 2637 τὴν
3052 2561 3358 2631 ἀπολογίαν
3394 2558 3488 2614 τοῦ
3522 2552 3785 2609 τοιούτου

487 2662 824 2724 ettnctosque
882 2641 1264 2709 Armeniorum
1303 2653 1575 2724 sapientes
1609 2654 2075 2725 congregaverim,

2200 2641 2423 2733 ιεγάλοί»
2452 2660 2789 2735 ζητήματος.
2819 2658 3013 2731 μέχρις
3037 2657 3108 2712 ἂν
3131 2651 3545 2721 ἀποστείλωμεν
3572 2647 3655 2709 είς
3682 2645 3787 2710 τὴν

486 2757 784 2818 coramque
828 2746 962 2817 ipsis
991 2756 1229 2803 vestram
1282 2747 1423 2804 hanc
1457 2748 1524 2804 de
1559 2746 1665 2806 {ide
1706 2759 1763 2804 et
1790 2747 2076 2820 disciplina

2200 2757 2431 2829 ιεγάλην
2459 2754 2756 2828 Ἀρμενίαν
2778 2795 2792 2820 ,
2824 2755 2921 2808 καὶ
2949 2753 3030 2816 είς
3056 2751 3167 2805 πᾶν
3198 2750 3366 2823 μέρος
3390 2745 3490 2816 τῆς
3519 2740 3801 2809 ρίκουμΔν

488 2832 747 2893 Ecclesia:
773 2838 1129 2909 quaestionem
1157 2838 1499 2909 exposuerim
1535 2857 1551 2895 :
1582 2837 1725 2911 quod
1773 2855 1899 2897 cum
1962 2839 2077 2908 (iet,

2200 2868 2310 2922 Inc,
2340 2852 2436 2905 καὶ
2467 2847 2889 2919 ὲπισυνάξωμεν
2919 2845 3169 2908 ἅπαντας
3198 2843 3325 2906 τοὺς
3357 2833 3441 2900 οἷς
3471 2839 3591 2891 εστι
3620 2832 3790 2888 δύνα-

489 2926 743 3001 equidem
791 2946 983 3017 omnes
996 2946 1146 2987 meos
1162 2943 1412 3001 conatus,
1431 2934 1695 3003 studium,
1720 2933 2076 3001 voluntatem,

2200 2962 2279 3007 ιις
2314 2942 2512 3015 σοφίας
2545 2942 2901 3014 Ἀρμενίους,
2940 2940 3037 2994 καὶ
3074 2935 3308 2991 ἐνώπιον
3348 2930 3532 2987 αὐτῶν
3563 2926 3793 2998 ’προθή-

489 3039 736 3094 operam,
774 3024 1262 3092 'adbortatiouem,
1320 3029 1430 3083 vim
1459 3029 1692 3099 exempli
1763 3028 1962 3100 ipsam,
2020 3024 2076 3084 in

2200 3052 2367 3107 τωμεν
2395 3036 2489 3090 τὸν
2522 3034 2659 3105 παρ’
2683 3033 2838 3105 ὑμῶν
2870 3030 3210 3103 ζητούμενον
3244 3026 3375 3095 περὶ
3406 3022 3509 3094 τῆς
3542 3020 3791 3081 πίστεως

490 3133 555 3173 eo
607 3118 885 3175 collocabo
943 3131 1003 3175 ut
1043 3121 1246 3177 amoris
1298 3121 1470 3177 mutui
1510 3123 1770 3193 pacisque
1796 3122 1941 3177 inter
1977 3136 2075 3178 nos

2200 3133 2279 3187 ιαὶ
2314 3130 2416 3202 τῆς
2454 3129 2665 3195 τάξεως
2701 3128 2803 3201 τῆς
2836 3124 3170 3196 Ἐκκλησίας
3210 3120 3392 3190 λόγον,
3432 3114 3573 3187 ἐμοῦ
3612 3131 3792 3171 κατα-

492 3214 862 3269 instauranda:
890 3223 1079 3270 anetor
1104 3216 1204 3270 sim
1240 3232 1254 3271 :
1290 3214 1540 3271 videlicet
1568 3226 1627 3271 ut
1646 3230 1745 3271 nos
1774 3213 2075 3281 vobiscum,

2200 3225 2570 3296 ναγκάζοντος
2598 3223 2694 3277 καὶ
2725 3220 3150 3282 ἐπισπεύδοντος
3179 3217 3276 3271 καὶ
3305 3210 3416 3268 οἷον
3443 3205 3795 3279 ἀγωνιζομέ-

492 3307 587 3378 qui
624 3305 833 3376 priores
862 3308 966 3363 hoc
989 3308 1231 3379 spiritale
1260 3308 1456 3365 bonum
1485 3308 1602 3365 tieri
1625 3309 1880 3376 eurastis,
1912 3309 2087 3365 beati-

2200 3335 2279 3373 νου
2313 3316 2408 3371 καὶ
2442 3314 2899 3388 προθυμουμένου
2933 3312 3031 3367 καὶ
3058 3308 3425 3381 ποδηγοῦντος
3455 3303 3661 3365 αὐτοὺς
3696 3297 3794 3353 καὶ

494 3402 682 3459 tudine
707 3402 796 3459 ilia
824 3403 1171 3474 pacificatum
1196 3403 1344 3475 digni
1367 3403 1559 3472 simus,
1596 3419 1755 3474 quam
1783 3404 1839 3461 in
1901 3403 2083 3461 Evan-

2200 3410 2625 3484 παροτρύνοντος
2654 3411 2734 3474 είς
2765 3409 2825 3463 τὸ
2856 3407 3030 3463 αἴτιον
3060 3404 3158 3475 τῆς
3191 3403 3417 3473 ἀγάπης
3448 3400 3543 3454 καὶ
3574 3398 3679 3467 τῆς
3712 3395 3794 3446 σί-

493 3495 637 3564 gelio
666 3495 915 3554 Christus
968 3497 1244 3567 promisit.
1267 3498 1534 3566 Quoniam
1565 3514 1697 3556 vero
1723 3498 1878 3555 missi
1906 3515 1935 3554 a
1963 3514 2083 3555 ma-

2200 3505 2358 3576 5"lWlC
2380 3519 2394 3534 ⁸
2425 3503 2500 3568 ὡς
2537 3502 2604 3557 ἂν
2634 3505 2729 3558 καὶ
2765 3503 2929 3574 ἡμεῖς
2967 3498 3088 3571 μεθ’
3112 3497 3267 3568 ὑμῶν
3296 3495 3406 3548 τῶν
3437 3488 3795 3556 πρωταιτίων

494 3588 780 3659 ευῑιυόὶιιο
807 3599 896 3644 tua
924 3589 1027 3643 viri
1054 3588 1481 3659 postulaverunt,
1513 3598 1733 3646 utnuuc
1756 3591 1919 3645 etiam
1952 3590 2078 3646 bre-

2200 3595 2280 3652 τοῦ
2328 3596 2570 3651 τοιούτου
2616 3590 2993 3666 πνευματικοῦ
3039 3588 3270 3661 ἀγαθοῦ,
3314 3586 3642 3655 ἁξιωθῶμεν
3693 3577 3792 3634 τοῦ

498 3687 623 3736 νοω
676 3680 912 3753 aliquem
941 3680 1146 3750 scripto
1172 3696 1478 3738 sermonem
1498 3682 1575 3751 .de
1606 3692 1789 3737 nostra
1822 3681 1878 3737 in
1913 3684 2079 3739 rebus

2200 3689 2542 3762 μακαρισμοῦ
2567 3687 2678 3743 τῶν
2700 3686 3059 3760 εἰρηνοποιῶν
3080 3683 3170 3739 τοῦ
3194 3677 3610 3754 ὲπηγγελμὲνου
3638 3671 3796 3744 παρά

496 3772 621 3829 fidei
649 3773 919 3830 sententia
952 3773 1021 3830 ad
1077 3784 1320 3829 sanctam
1372 3773 1707 3842 maiestatem
1738 3775 2085 3832 tuammitte-

2200 3781 2283 3835 τοῦ
2319 3780 2580 3853 Χριστοῦ.
2615 3780 2769 3834 Ἐπεὶ
2805 3779 2864 3833 δὲ
2900 3780 2952 3832 ot
2990 3776 3141 3849 παρὰ
3170 3774 3272 3847 τῆς
3311 3770 3465 3844 ὑμῶν
3499 3762 3798 3841 μεγαλειόο

496 3878 705 3934 minus,
736 3866 790 3921 id
836 3879 971 3922 sane
993 3865 1245 3934 fecimus,
1272 3865 1416 3922 haud
1442 3866 1555 3923 fere
1586 3870 1808 3932 nostris,
1836 3868 1930 3923 sed
1960 3884 2089 3924 sau-

2200 3888 2350 3943 mso;
2385 3871 2784 3937 ἀποσταλέντες
2816 3869 3090 3943 ἐζήτησαν
3131 3865 3331 3940 μικρόν
3361 3880 3484 3918 τινα
3518 3860 3614 3914 καὶ
3654 3857 3800 3928 πρὸς

498 3969 710 4015 ctorum
742 3961 835 4031 qui
864 3970 990 4017 ante
1010 3960 1415 4032 separationem
1448 3961 1633 4018 vixere
1654 3961 1935 4018 doctorum
1961 3977 2088 4017 ver-

2200 3965 2252 4018 :6
2288 3966 2464 4037 παρὸν
2493 3964 2651 4034 λόγον
2682 3964 2963 4037 ἔγγραφον
2993 3962 3091 4015 καὶ
3129 3960 3259 4032 περὶ
3286 3957 3385 4028 τῆς
3422 3952 3667 4013 πίστεως
3697 3946 3798 4030 τοῦ

494 4053 585 4109 bis
608 4064 844 4113 utentes.

2200 4059 2464 4132 ἡμετέρου
2492 4060 2765 4129 δόγματος
2794 4054 3170 4127 ἀποσταλῆναι
3203 4052 3337 4124 πρὸς
3367 4048 3466 4122 τὴν
3495 4045 3665 4116 ἁγίαν
3696 4042 3799 4114 βα-

500 4148 706 4205 σιλείαν
741 4165 836 4203 σου
857 4190 871 4215 ,
906 4146 1067 4203 τοῦτο
1103 4147 1485 4220 πεποιήκαμεν
1518 4148 1620 4203 οὐκ
1655 4145 1747 4219 ἀφ’
1773 4147 1935 4222 ἡμῶν
1955 4186 1973 4217 ,
2008 4149 2123 4202 ἀλλ’
2158 4151 2269 4207 ἀπὸ
2292 4152 2400 4207 τῶν
2426 4155 2679 4226 χρήσεων
2718 4148 2828 4206 τῶν
2868 4150 3042 4220 ἁγίων
3065 4143 3406 4203 διδασκάλων
3426 4142 3526 4212 τῆς
3558 4137 3801 4210 Ἐκκλη-

501 4242 624 4309 σίας
648 4244 759 4299 τῶν
789 4241 897 4316 πρὸ
921 4241 1016 4297 τοῦ
1044 4241 1353 4314 χωρισμοῦ.

574 4337 906 4395 Contitemur
941 4337 1125 4408 itaque
1154 4336 1676 4393 consubstantialem
1700 4346 1755 4393 et
1795 4339 2095 4394 increatam

503 4440 749 4489 sanctam
796 4430 1140 4497 Trinitatem,
1191 4430 1245 4485 in
1277 4440 1389 4486 tres
1440 4431 1752 4487 distinctam
1810 4447 2095 4501 personas.

504 4538 725 4596 ttuaque
781 4533 975 4579 natura
1009 4533 1064 4579 et
1091 4523 1375 4579 divluitatc
1415 4523 1781 4595 coniunctam,
1813 4526 1955 4589 haud
1983 4526 2096 4580 cir-

511 4619 904 4691 cumscriptam
958 4626 1206 4688 tempore
1235 4658 1250 4683 ,
1276 4631 1457 4688 neque
1485 4629 1848 4685 cessaturam,
1873 4618 1958 4675 vel
1981 4620 2097 4675 cui-

511 4710 646 4769 libet
695 4711 985 4769 mutationi
1008 4711 1329 4778 obnoxiam,
1352 4720 1411 4766 ut
1436 4720 1632 4767 creata:
1653 4721 1863 4768 natura:
1894 4710 2095 4769 solent.

504 4803 675 4863 Pa'er
739 4814 827 4863 est
901 4804 1197 4876 ingenitus,
1255 4804 1455 4876 quippe
1500 4816 1531 4859 a
1557 4805 1777 4860 nemine
1822 4819 2097 4861 manans:

508 4893 684 4955 Filius
728 4912 760 4952 a
806 4896 967 4953 Patre
1006 4896 1222 4966 genitus
1246 4895 1687 4961 iucorporaliter,
1719 4905 1778 4949 ut
1807 4911 1875 4951 ex
1912 4906 2097 4953 mente

510 4990 735 5047 Verbum
779 5004 799 5047 :
850 4990 1085 5060 Spiritus
1161 5002 1193 5043 a
1250 4986 1413 5043 Patre
1483 4987 2102 5058 incompreliensibiliter

513 5083 1053 5152 inscrutabiliterque
1086 5082 1404 5151 procedens.
1434 5078 1564 5135 Sine
1610 5079 1875 5151 principio
1895 5078 2097 5149 Pater;

512 5190 547 5234 at
588 5175 757 5235 Patre
813 5185 995 5233 autem
1043 5186 1269 5249 experte
1304 5175 1556 5249 principii
1608 5174 1818 5245 Filius;
1863 5176 2102 5249 itemque

518 5262 755 5341 Spiritus
812 5267 1090 5340 ingenitus
1153 5268 1274 5325 sine
1320 5268 1603 5339 principio,
1665 5269 1820 5339 cujus
1852 5270 1930 5327 rei
1962 5272 2102 5327 ratio

516 5372 695 5431 tteque
720 5370 905 5417 mente
928 5361 1175 5433 intelligi,
1204 5377 1379 5434 neque
1397 5364 1574 5431 lingua
1606 5364 1867 5436 explicari
1892 5373 2099 5436 potest:

520 5468 628 5511 una
674 5452 950 5519 voluntas,
986 5470 1094 5510 una
1134 5455 1242 5521 vis,
1282 5472 1386 5511 una
1440 5457 1676 5527 potentia
1712 5473 1894 5513 :unus
1921 5471 2098 5512 rerum

517 5550 757 5604 omnium
808 5543 1003 5617 factor,
1055 5565 1196 5605 unus
1243 5550 1509 5618 provisor,
1537 5551 1688 5623 cujus
1709 5550 1877 5619 gloria
1901 5549 2098 5606 cmlum

515 5642 570 5698 'te
594 5641 788 5713 iusque
834 5642 1092 5713 repletur.
1149 5642 1473 5699 Novissimis
1500 5652 1680 5698 autem
1716 5644 1925 5710 diebus,
1964 5660 2101 5699 unus

521 5735 586 5789 tle
631 5744 815 5790 sant-ta
848 5732 1138 5801 Triuitate,
1174 5734 1344 5789 Filius
1412 5750 1629 5803 nempe,
1661 5735 1878 5791 volente
1919 5734 2104 5806 Patre,

524 5834 577 5882 ει
601 5836 790 5884 sancto
822 5824 1028 5900 Spiritu
1059 5838 1405 5902 cooperante,
1435 5827 1501 5884 ad
1532 5828 1826 5884 humanam
1854 5840 2101 5887 naturam

2280 4340 2684 4413 Ὀμολογοῦμεν
2713 4339 2845 4409 γοῦν
2899 4335 3186 4407 δμοοῦσιον
3221 4334 3319 4388 καὶ
3351 4330 3654 4402 ἀγέννητον
3696 4326 3800 4409 τὴν

2204 4437 2365 4502 ἁγίαν
2403 4434 2612 4505 Τριάδα
2657 4434 2716 4486 ὲν
2746 4433 2895 4502 τρισὶ
2942 4427 3335 4500 διαιρουμένην
3384 4425 3505 4487 ταῖς
3552 4419 3801 4475 ὑποστά-

2207 4542 2347 4590 σεσι,
2389 4526 2482 4578 καὶ
2532 4526 2613 4588 εἰς
2671 4524 2801 4594 μίαν
2834 4520 3001 4590 φύσιν
3045 4521 3142 4573 καὶ
3187 4518 3422 4588 Θεότητα
3467 4512 3797 4584 ἑνουμένην,

2204 4620 2308 4673 οὐκ
2351 4619 2649 4690 είργμένην
2698 4620 2757 4671 ὲν
2802 4616 2982 4688 χρόνῳ
3024 4614 3147 4668 οὐδὲ
3174 4613 3491 4682 παυομένην
3523 4609 3558 4680 ἢ
3595 4622 3802 4678 τρεπο-

2208 4714 2379 4789 μένην
2406 4714 2483 4780 ὠς
2528 4713 2766 4785 γενητὴν
2811 4713 2996 4781 φύσιν.
3042 4710 3102 4764 '0
3149 4704 3342 4775 Πατὴρ
3381 4704 3707 4774 ἁγέννητος,
3735 4698 3796 4753 οὐ

2206 4810 2315 4882 γὰρ
2360 4809 2425 4862 ἐκ
2465 4825 2634 4875 τινος,
2662 4807 2746 4861 δτι
2790 4806 2850 4873 ἐξ
2894 4802 3144 4865 οὐδενός·
3191 4804 3221 4855 6
3260 4799 3387 4863 Υἱὸς
3432 4795 3695 4868 γεννητὸς
3735 4795 3802 4848 ὲκ

2205 4901 2300 4957 τοῦ
2353 4901 2592 4971 Πατρὺς,
2632 4899 2947 4970 ἀσωμάτως
2985 4895 3065 4961 ὡς
3112 4896 3271 4964 λόγος
3322 4895 3387 4945 ὲκ
3422 4889 3519 4946 νοῦ
3545 4906 3562 4921 ·
3605 4890 3705 4943 καὶ
3738 4889 3802 4941 τὸ

2207 4993 2434 5065 Πνεῦμα
2474 4992 2811 5064 ἑκπορευτὸν
2850 4993 2916 5045 ὲκ
2952 4989 3047 5045 τοῦ
3099 4986 3315 5059 Πατρδς
3356 4983 3801 5056 ἁνεξερευνήτως

2206 5082 2305 5136 καὶ
2331 5082 2744 5152 ἀκατανοήτως.
2781 5082 3053 5151 Ἀνιρχος
3108 5080 3139 5133 6
3180 5075 3394 5148 Πατὴρ,
3441 5075 3536 5129 καὶ
3587 5074 3653 5128 ὲκ
3698 5068 3797 5126 τοῦ

2209 5179 2452 5248 ἀνάρχου
2482 5176 2695 5247 Πατρός
2724 5176 2753 5229 6
2784 5174 2910 5238 Υἱός
2933 5190 2947 5203 ⁸
2982 5176 3080 5227 καὶ
3110 5172 3173 5226 τὸ
3210 5170 3440 5240 Πνεῦμα
3476 5169 3798 5237 ἀγεννήτως

2211 5271 2305 5324 καὶ
2338 5270 2594 5342 ἀνάρχως
2644 5268 2742 5325 καὶ
2785 5268 3193 5338 ἀκαταλήπτως
3241 5264 3342 5337 νῷ,
3396 5264 3489 5319 καὶ
3538 5256 3800 5337 ἀρρήτως

2208 5362 2355 5434 λόγῳ
2378 5378 2391 5390 ⁸
2414 5362 2473 5415 ἓν
2508 5361 2719 5433 θέλημα
2750 5362 2843 5415 καὶ
2877 5361 2977 5429 μία
3011 5360 3243 5430 δύναμις
3277 5360 3374 5414 καὶ
3400 5356 3501 5429 μία
3540 5356 3798 5423 ἐξουσία*

2212 5452 2294 5519 εἷς
2324 5457 2557 5528 ποιητὴς
2583 5458 2693 5509 τῶν
2722 5457 2917 5523 ὄντων,
2944 5456 3039 5509 καὶ
3080 5456 3164 5519 είς
3194 5452 3503 5528 προνοητὴς
3552 5449 3797 5515 πάντων,

2211 5544 2274 5610 οῦ
2298 5552 2516 5623 πλήρης
2544 5554 2572 5603 6
2597 5551 2823 5622 οὐρανὸς
2850 5551 2944 5603 καὶ
2975 5552 3008 5622 ἡ
3039 5549 3107 5620 γῆ
3133 5550 3233 5620 τῆς
3265 5548 3448 5617 δόξης,
3490 5547 3611 5607 Ἐπ’
3633 5542 3796 5615 ἐσχά-

2210 5661 2318 5698 των
2339 5644 2395 5698 δὲ
2418 5644 2524 5696 τῶν
2549 5644 2580 5713 ἠ
2590 5639 2792 5713 μερῶν,
2825 5642 2855 5694 6
2886 5637 2967 5704 εἷς
2996 5642 3098 5712 τῆς
3133 5640 3293 5710 ἁγίας
3324 5637 3559 5709 Τριάδος
3588 5637 3618 5690 6
3642 5636 3792 5699 Υἱὸς,

2212 5736 2435 5807 εὐδοκία
2464 5733 2557 5787 τοῦ
2592 5733 2804 5806 Πατρός
2840 5735 2934 5787 καὶ
2969 5733 3259 5804 συνεργείᾳ
3292 5730 3387 5784 τοῦ
3419 5726 3584 5811 αγίου
3625 5725 3794 5782 Πνεῦ-

2216 5846 2385 5904 ματος
2417 5827 2664 5883 ἔκκλινεν
2686 5828 2766 5895 εἰς
2796 5825 2898 5900 τὴν
2929 5826 3205 5900 ἡμετέραν
3227 5826 3391 5899 φύσιν
3418 5824 3507 5881 διὰ
3532 5822 3630 5898 τὴν
3658 5822 3793 5895 qua.
