4026 6296
297 363 388 434 217
1616 368 2079 437 DISPU'I‘ATIO
2118 369 2204 436 II.

3438 368 3543 434 218

291 482 442 553 τέραν
472 483 746 553 σωτηρίαν
770 499 783 512 δ
816 480 916 537 ’καὶ
971 482 1162 539 ἔλαϐεν
1215 490 1250 557 ἠ
1286 485 1469 541 τελεία
1514 486 1710 559 θεότης
1753 490 1837 561 sip

1960 497 2181 561 propter
2238 498 2481 544 nostram
2536 469 2777 543 salutem.
2821 498 2995 544 semet
3043 472 3345 552 inclinavit,
3380 485 3542 541 itaut

286 573 485 629 τελείαν
511 574 859 648 ἀνθρωπίνην
881 579 1065 647 φύσιν,
1091 578 1272 654 ψυχὴν
1299 581 1395 636 καὶ
1417 580 1545 637 νοῦν
1570 584 1663 638 καὶ
1688 582 1837 654 σῶμα

1952 587 2194 658 perfecta
2225 586 2482 643 divinitas
2512 582 2810 657 perfectam
2838 584 3095 641 asciverit
3120 578 3544 651 humanitatem,

287 665 345 718 ἐκ
373 664 464 735 τῆς
496 667 857 737 ἀειπαρθένου
885 669 1105 741 Μαρίας
1125 688 1141 704 ο
1190 675 1283 727 καὶ
1330 674 1552 743 ἐγένετο
1590 675 1753 748 καινὴ
1782 677 1849 731 ἐκ

282 758 367 811 δύο
394 758 607 827 φύσεων
637 761 717 823 είς
746 760 876 830 μίαν
911 763 1220 819 ὑπόστασιν
1252 762 1559 822 ἑνωθεισῶν
1599 770 1849 842 ἀπορρή-

282 866 378 905 τως
414 851 507 904 καὶ
548 853 869 925 ἀχωρίστως
899 870 919 888 ⁸
955 857 1051 911 καὶ
1100 858 1364 932 ἐγεννήθη
1411 861 1470 929 ἐξ
1512 862 1685 935 αὐτῆς
1714 864 1847 930 θεὸς

281 944 718 1018 ινανθρωπήσας,
746 950 843 1003 καὶ
870 949 899 1002 ὁ
928 950 1055 1016 Υἱδς
1083 952 1179 1007 τοῦ
1205 953 1367 1021 Θεοῦ,
1402 954 1532 1022 Υἱδς
1555 957 1845 1029 ἀνθρώπου

282 1042 364 1091 καὶ
387 1039 676 1111 γενόμενος
709 1042 805 1095 καὶ
832 1042 1169 1114 καλούμενος
1203 1045 1315 1101 οὒτ’
1348 1048 1624 1119 ἠλλοιώθη
1654 1053 1719 1107 ἐκ
1745 1054 1845 1125 τῆς

280 1127 612 1204 ἀνθρωπίνης
644 1134 836 1199 οὐσίας
864 1136 927 1189 τὸ
946 1136 1295 1209 προσληφθὲν
1316 1147 1381 1195 ἐκ
1404 1143 1513 1213 τῆς
1538 1144 1842 1216 Παρθένου,

278 1218 457 1273 ἀλλ’ὲν
491 1224 559 1293 τῇ
586 1222 813 1297 ἀρρήτῳ
842 1224 1035 1281 ἑνώσει
1077 1227 1177 1299 τῆς
1210 1229 1465 1302 θεότητος
1499 1236 1593 1289 καὶ
1623 1235 1723 1307 τῆς
1750 1239 1846 1290 ἀν-

277 1311 633 1386 θρωπότητος,
668 1318 888 1389 ἔμεινεν
916 1322 1299 1395 ἀμετάϐλητος
1321 1328 1417 1380 καὶ
1442 1326 1716 1400 ἄτρεπτος
1737 1329 1845 1385 τῶν
1884 1370 1885 1373 η

274 1407 474 1472 φύσεων
498 1412 530 1478 ἡ
570 1413 907 1484 φανέρωσις,
949 1416 1090 1488 πλὴν
1132 1420 1282 1491 μόνῳ
1328 1416 1405 1495 νῷ
1461 1422 1844 1498 θεωρουμένη,

271 1502 357 1554 καὶ
386 1502 709 1592 ἀχωρίστως
736 1508 831 1562 καὶ
861 1507 1212 1580 ἁδιαιρέτως.
1247 1515 1358 1567 Καὶ
1377 1518 1486 1586 γὰρ
1512 1518 1845 1591 ὑπερέκεινα

268 1592 359 1663 τῆς
392 1594 592 1664 μίξεως
621 1597 729 1651 τῶν
762 1598 975 1659 θνητῶν
1009 1602 1231 1673 φύσεων
1260 1610 1460 1663 νοεῖται
1489 1610 1521 1680 ἡ
1555 1612 1649 1667 τοῦ
1679 1613 1843 1684 ῐιοιη-

266 1685 354 1742 τοῦ
376 1688 573 1761 κρᾶσις
601 1690 741 1761 μετὰ
764 1694 858 1749 τιῦ
885 1698 1217 1768 κτίσματος·
1249 1700 1459 1757 ἐκεῖναι
1480 1704 1591 1775 γὰρ
1613 1703 1646 1778 ἢ
1676 1708 1844 1778 χωρί-

1952 680 2191 736 animam
2245 680 2476 742 scilicet,
2500 688 2736 734 mentem
2792 692 3119 750 corpusque,
3173 691 3239 733 ex
3275 690 3538 749 perpetua

1951 770 2176 844 Virgine
2233 772 2405 829 Mai-ia
2440 793 2455 829 :
2492 773 2741 844 factaque
2801 787 2940 829 nova
2988 769 3307 842 coniunctio
3365 778 3447 823 est
3474 784 3540 824 ex

1954 867 2159 924 duabus
2208 868 2420 923 naturis
2476 865 2577 921 sub
2631 882 2861 936 persona
2904 866 3063 921 unica
3114 862 3457 919 ineﬂabiliter
3486 874 3541 916 et

1952 958 2413 1033 inseparabiliter
2447 960 2640 1027 ttnitis,
2700 960 2951 1030 Deosque
2979 960 3304 1015 humanatus
3338 958 3406 1013 de
3427 958 3540 1012 Ma-

1948 1057 2029 1112 ria
2092 1066 2252 1111 natus
2277 1063 2360 1111 est
2393 1071 2407 1108 :
2446 1063 2497 1110 et
2525 1053 2616 1123 qui
2662 1050 2829 1109 Filius
2857 1052 2955 1109 Dei
2986 1062 3090 1118 est,
3134 1053 3275 1107 idem
3312 1061 3367 1106 et
3395 1066 3454 1106 re
3484 1060 3539 1105 et

1950 1146 2169 1203 nomine
2218 1144 2389 1201 Filius
2450 1144 2685 1200 hominis
2744 1159 2865 1199 esse
2888 1144 3053 1213 cmpit
3086 1159 3101 1198 :
3139 1156 3312 1213 neque
3356 1150 3537 1197 tamen

1949 1242 2188 1297 utbomo
2218 1239 2396 1308 ﬂeret,
2423 1238 2659 1295 divinam
2695 1244 2945 1315 naturam
2974 1239 3285 1293 immutavit
3312 1255 3327 1304 ;
3363 1250 3538 1307 neque

1946 1332 2002 1390 id
2028 1333 2169 1404 quod
2220 1348 2249 1387 a
2277 1330 2499 1404 Virgine
2551 1330 2816 1399 sumpsit,
2850 1329 3146 1385 humanam
3171 1327 3535 1387 substantiam

1949 1425 2227 1491 deseruit;
2280 1427 2375 1482 sed
2432 1424 2486 1479 in
2518 1410 2775 1478 ineffabili
2807 1416 3103 1478 divinitatis
3124 1429 3180 1477 el.
3210 1408 3539 1477 humanita-

1947 1518 2015 1573 tis
2042 1516 2262 1583 unione,
2283 1516 2634 1573 immutabilis
2665 1525 2719 1570 et
2752 1513 3183 1571 inconvertibilis
3210 1522 3533 1570 naturarum

1946 1612 2148 1669 mansit
2203 1612 2467 1677 ostensio,
2524 1626 2687 1683 quam
2721 1618 2901 1665 tamen
2931 1617 3112 1665 mente
3160 1608 3534 1668 tantummodo

1944 1702 2304 1773 contemplari
2333 1702 2487 1768 licet;
2520 1715 2715 1770 eaque,
2741 1708 2799 1755 ut
2837 1699 2971 1764 disi,
3025 1695 3464 1767 inseparabiliter
3484 1705 3540 1751 et

267 1780 436 1846 ζονται
480 1788 549 1855 τῇ
592 1784 811 1852 imitat,
845 1789 880 1861 ἦ
920 1790 1358 1861 μεταϐάλλουσιν
1404 1799 1487 1859 εὶς
1528 1797 1704 1853 ἄλλασ
1734 1799 1837 1854 ὅδὲ

1952 1795 2327 1854 indivisibilite
2349 1811 2374 1850 r
2408 1794 2655 1850 coniecta
2716 1803 2821 1852 est.
2853 1791 3070 1848 Etenim
3097 1791 3375 1847 Creatoris
3399 1806 3539 1853 con-

269 1875 488 1950 Ποιητὴς
524 1878 694 1949 φύσει
717 1881 926 1953 ἥνωται
966 1885 1120 1955 ἡμῖν,
1152 1890 1433 1959 χωρισμὸν
1462 1890 1495 1961 ἢ
1535 1893 1837 1966 μεταϐολὴν

1945 1892 2116 1948 cretio
2168 1906 2288 1946 cum
2356 1897 2639 1953 creatura,
2724 1902 2889 1957 supra
2945 1887 3159 1943 solitam
3199 1872 3535 1943 mortalium

266 1969 356 2021 οὐκ
377 1969 599 2039 ἐδέξατο
628 1973 713 2039 είς
742 1972 1167 2050 ἀνθρωπότητκ,
1205 1981 1237 2052 ἢ
1273 1982 1374 2051 τῆς
1415 1983 1842 2058 ἀνθρωπὸτητος

244 2060 337 2136 ἐἰς
365 2060 619 2133 θεότητα.
651 2066 745 2119 Διὸ
795 2067 859 2120 οὐ
899 2069 1044 2124 κατά
1066 2071 1162 2126 τὸν
1203 2072 1503 2148 Νεστόριον
1545 2079 1843 2152 μιρίζομεν

242 2154 334 2217 τίς
364 2155 456 2210 δύο
499 2158 775 2231 πρόσωπα
809 2162 900 2217 τὸν
947 2164 1047 2220 ἶνα
1082 2167 1340 2240 Χριστὸν,
1393 2170 1533 2239 οὐδὲ,
1566 2176 1709 2230 κατὰ
1749 2177 1843 2233 τὸν

270 2246 476 2321 Εὐτυχῆ
512 2251 613 2307 καὶ
641 2252 767 2318 τοὺς
801 2256 1120 2330 ὁμόφρονας
1161 2262 1352 2328 αὐτοῦ,
1401 2260 1481 2329 είς
1519 2266 1842 2339 μίανφύσιν

265 2343 583 2413 συγχίομεν,
621 2346 761 2401 ἀλλὰ
794 2347 1031 2419 λέγομεν
1072 2352 1171 2417 τὰς
1202 2350 1295 2409 δύο
1340 2358 1535 2426 φύσεις
1572 2363 1716 2417 κατὰ
1749 2365 1840 2420 τὸν

262 2434 425 2529 μέγαν
453 2436 764 2511 Γρηγόριον
792 2443 886 2495 τὸν
913 2445 1176 2516 Θεολόγον
1203 2450 1260 2502 ὲν
1290 2452 1356 2522 τῇ
1384 2452 1519 2524 πρὸς
1545 2455 1840 2529 Κληδόνων

258 2528 505 2602 ιπιστολῇ
539 2530 826 2604 γράφοντα
855 2537 1002 2590 κατὰ
1038 2539 1424 2614 Ἀπολιναρίου
1458 2548 1554 2601 καὶ
1594 2528 1705 2604 τῶν
1742 2553 1840 2607 σὺν

260 2618 419 2693 αὐτῷ,
450 2623 536 2678 ὅτι
576 2624 772 2693 φύσεις
810 2627 905 2683 δύο
929 2644 948 2661 ⁸
987 2626 1107 2686 εἶτα
1145 2632 1292 2704 λέγει
1347 2638 1440 2691 καὶ
1491 2639 1591 2711 τὴν
1630 2643 1836 2708 αἰτίαν.

258 2713 377 2810 eo;
413 2717 509 2771 καὶ
555 2717 871 2791 ἄνθρωπος.
917 2723 1027 2780 Καὶ
1076 2727 1136 2780 ἐν
1186 2729 1458 2806 ἀληθείᾳο
1506 2734 1602 2789 καὶ
1645 2738 1752 2810 γὰρ
1788 2741 1839 2794 εί

258 2807 380 2874 85b;
426 2810 657 2883 μόνονῆ
697 2814 989 2888 ἄνθρωπος
1034 2819 1217 2891 μόνον,
1252 2821 1478 2893 εὔλογον
1518 2827 1586 2881 ἂν
1626 2807 1835 2901 εἵη-λέ-

257 2918 365 2973 γειν
391 2909 525 2976 μίαν
554 2906 719 2978 φύσιν
742 2908 913 2980 ἔχειν,
937 2911 969 2985 ἢ
992 2913 1145 2969 θείαν
1168 2916 1201 2988 ἢ
1235 2918 1580 2992 ἀνθρωπίνην
1604 2938 1622 2956 ο
1647 2924 1836 2997 ἐπειδὴ

256 2997 305 3050 δὲ
329 2997 460 3064 Θεὸς
483 3002 608 3055 ἐστι
638 3002 734 3056 καὶ
762 3003 1051 3077 ἄνθρωπος
1096 3008 1319 3074 ἐνωθεὶς
1348 3013 1577 3087 ἀρρήτῳ
1621 3014 1835 3085 ἑνώσει,

253 3090 401 3160 δῆλον
428 3095 515 3149 ὅτι
580 3096 736 3150 θείαν
791 3099 905 3169 ἔχει
962 3100 1126 3171 φύσιν
1183 3106 1279 3157 καὶ
1312 3105 1687 3181 ἀνθρωπίνην,
1719 3110 1835 3165 ἀλλ’

1942 1993 2261 2041 naturarum
2324 1982 2629 2039 mistionem
2686 1993 2769 2037 est
2804 1998 2820 2037 :
2853 1983 2934 2037 ha:
2980 1982 3179 2053 quippe
3203 1980 3288 2036 vel
3316 1980 3382 2035 ab
3412 1978 3537 2034 aliis

1947 2089 2277 2151 separantur
2306 2077 2432 2132 dum
2462 2077 2581 2133 aliis
2611 2075 2891 2139 ttniuntur,
2939 2074 3021 2129 vel
3072 2074 3219 2129 aliud
3266 2072 3396 2144 quid
3423 2070 3537 2127 eiii.

1944 2172 2173 2229 ciuntur
2216 2188 2237 2245 :q
2293 2169 2520 2227 Creator
2555 2178 2738 2224 autem
2787 2167 3109 2222 naturaliter
3159 2160 3536 2221 nobis‘unitus

1946 2276 2053 2337 est,
2113 2265 2241 2336 quin
2306 2275 2490 2320 tamen
2539 2279 2569 2318 a
2623 2260 2916 2319 divinitate
2963 2259 3444 2330 separaretur,vel
3478 2258 3533 2313 in

1946 2360 2343 2417 humanitatem
2399 2356 2658 2412 divinitas
2706 2365 3135 2412 converteretur.
3168 2352 3533 2421 Quamobrem

1942 2451 2086 2508 haud
2143 2467 2267 2507 cum
2292 2449 2548 2506 Nestorio
2597 2466 2761 2504 unum
2799 2449 3077 2504 Christum
3114 2449 3165 2502 in
3196 2447 3331 2503 duas
3351 2459 3536 2516 perso‘

1946 2567 2047 2606 nas
2080 2550 2369 2620 partimur,
2425 2562 2599 2618 neque
2654 2561 2776 2601 cum
2813 2545 3107 2615 Eutychete
3147 2545 3368 2615 ejusque
3394 2558 3537 2598 asso-

1943 2644 2041 2699 clis
2110 2644 2162 2698 in
2219 2642 2434 2697 unicam
2466 2650 2718 2695 naturam
2774 2638 3203 2704 confundimus;
3260 2637 3352 2691 sed
3396 2634 3533 2690 duas

1945 2748 2166 2792 naturas
2217 2750 2284 2790 ex
2317 2734 2495 2805 magni
2525 2733 2759 2801 theologi
2822 2730 3071 2801 Gregorii
3096 2728 3362 2784 sententia
3398 2726 3535 2781 dici-

1944 2842 2088 2892 mus,
2127 2823 2219 2897 qui
2245 2827 2299 2880 in
2354 2826 2587 2896 epistola
2618 2825 2684 2880 ad
2728 2823 3044 2879 Cledonium
3080 2822 3341 2876 adversus
3362 2818 3531 2891 Apol-

1942 2919 2169 2975 linarem
2193 2920 2419 2989 ejusque
2446 2929 2837 2976 consectaneos
2855 2917 2992 2973 duas
3022 2925 3242 2971 naturas
3260 2913 3487 2970 aliirmat
3512 2929 3526 2967 :

1940 3013 2095 3085 cujus
2129 3015 2203 3069 rei
2228 3014 2637 3082 additcausam,
2673 3011 2797 3084 quia
2820 3013 3068 3069 videlicet
3099 3011 3237 3066 Deus
3262 3011 3531 3079 homoque

1939 3116 2043 3163 est.
2071 3105 2240 3163 Recte
2272 3106 2323 3163 id
2347 3120 2477 3163 sane
2508 3127 2525 3166 :
2562 3123 2687 3162 nam
2720 3106 2763 3163 si
2793 3104 2935 3161 Deus
2961 3103 3331 3159 tantummodo
3359 3112 3529 3171 esset,

254 3182 569 3256 ἠνωμὲνως,
604 3190 948 3261 ἀχωρίστως,
985 3194 1176 3269 ὥσπερ
1219 3196 1365 3270 ψυχὴ
1396 3202 1491 3255 καὶ
1526 3202 1706 3274 σῶμα·
1740 3206 1835 3259 καὶ

1946 3201 2029 3258 vel
2055 3202 2218 3257 homo
2259 3202 2655 3270 tantummodo,
2683 3209 2830 3258 recte
2873 3201 3145 3256 diceretur
3178 3214 3337 3252 unam
3374 3206 3532 3251 natu-

252 3275 325 3369 ίτι
363 3280 691 3351 ὑπερϐαίνει
731 3286 764 3356 ή
806 3286 1034 3357 ἀλήθεια
1084 3289 1185 3361 τῆς
1234 3292 1483 3358 ἑνώσεως
1535 3297 1596 3350 τὸ
1652 3300 1837 3369 παρά-

250 3368 463 3440 δειγμα,
495 3373 578 3437 ὡς
617 3377 714 3428 καὶ
749 3377 920 3449 αὐτὸς.
946 3382 973 3433 ό
1000 3379 1318 3447 διδάσκαλος
1347 3382 1475 3455 ἑξῆς
1507 3379 1690 3456 λέγει·
1719 3368 1835 3445 Οὐκ

246 3464 399 3531 ἄλλος
450 3469 555 3523 καὶ
602 3468 790 3537 ἄλλος,
825 3472 900 3544 μὴ
932 3473 1173 3542 γένοιτοο
1203 3477 1273 3531 τὰ
1308 3482 1420 3550 γὰρ
1454 3481 1741 3553 ἀμφότερα
1773 3484 1831 3537 ὲν

244 3562 305 3629 τῇ
341 3564 674 3633 συγκράσει,
713 3563 851 3619 Θεοῦ
886 3567 986 3636 μὲν
1028 3569 1578 3643 ὲνανθρωπήσαντος.
1618 3577 1831 3648 ἀνθρὼο

244 3667 342 3705 που
376 3651 433 3707 δὲ
476 3652 801 3718 Θεωθέντος.
834 3656 947 3709 Καὶ
997 3656 1235 3729 ἀλλαχοῦ
1277 3677 1432 3731 φησι,
1463 3662 1695 3727 Διπλοῦς
1721 3664 1831 3736 γὰρ

242 3737 306 3814 ἦν
328 3744 582 3817 δηλονότι
611 3748 675 3818 τῇ
704 3745 865 3817 φύσει
896 3747 958 3801 ού
988 3751 1052 3821 τῇ
1087 3752 1403 3807 ὑποστάσει.

1944 3312 2059 3352 ram
2122 3294 2344 3361 habere,
2376 3297 2461 3351 vel
2513 3296 2753 3352 divinam
2789 3295 2997 3351 scilicet
3047 3295 3130 3349 vel
3182 3294 3522 3348 humanam:

1945 3404 2091 3444 nunc
2152 3405 2273 3444 cum
2334 3388 2475 3445 Deus
2527 3400 2583 3446 et
2639 3386 2799 3445 homo
2839 3389 2912 3443 sit
2953 3384 3210 3441 inetiahili
3244 3382 3529 3454 copulatus

1943 3483 2165 3549 unione,
2188 3492 2401 3539 constat
2431 3498 2553 3537 eum
2608 3491 2715 3539 tum
2744 3482 2986 3537 divinam
3036 3482 3239 3537 habere
3275 3486 3526 3534 naturam

1945 3581 2055 3626 tum
2081 3573 2245 3627 etiam
2280 3572 2592 3637 humanam,
2623 3571 2912 3641 coniuncte
2946 3580 3127 3626 tamen
3160 3580 3215 3623 et
3242 3570 3527 3636 insepara-

1942 3666 2126 3722 biliter
2149 3681 2247 3721 ceu
2281 3665 2464 3721 anima
2499 3681 2805 3737 corpusque
2829 3673 2955 3721 sunt
2988 3684 3001 3721 :
3032 3666 3140 3720 imo
3177 3660 3545 3735 hypostaticaa'

1941 3759 2159 3816 unionis
2194 3760 2394 3815 veritas
2425 3760 2739 3831 praedictum
2768 3759 3075 3841 exemplum
3119 3764 3359 3828 superat,
3382 3753 3528 3809 velut

244 3845 349 3912 ipse
404 3848 606 3899 doctor
650 3844 703 3898 in
761 3846 1117 3915 sequentibus
1170 3848 1285 3905 alt:
1319 3849 1433 3904 Non
1480 3849 1618 3905 alius
1662 3862 1828 3922 atque
1866 3854 2006 3911 alius
2044 3863 2167 3923 est;
2196 3854 2383 3911 absit:
2450 3864 2677 3925 utraque
2722 3854 2869 3910 enim
2935 3868 3025 3909 res
3076 3854 3128 3907 in
3176 3847 3527 3907 concretione

245 3937 407 4004 adest,
446 3937 596 3992 Deus
647 3938 896 3997 videlicet
931 3942 1267 4010 incarnatus,
1323 3945 1485 4002 homo
1506 3947 1827 4009 :deiﬂcaluS.
1872 3951 2012 4006 Tum
2044 3960 2098 4008 et
2129 3950 2256 4007 alibi
2324 3952 2398 4005 ait
2429 3950 2686 4021 :‘Duplici
2720 3951 2863 4006 enim
2917 3961 3110 4006 natura
3148 3955 3382 4012 constat,
3418 3959 3527 4000 non

245 4047 493 4102 persona.

306 4126 380 4181 To
405 4126 464 4181 se
495 4126 683 4198 λέγειν
715 4130 864 4201 ἡμᾶς
903 4133 1032 4203 μίαν
1059 4134 1240 4205 φύσιν,
1281 4137 1356 4209 μή
1397 4154 1481 4202 τις
1517 4138 1586 4191 δι’
1617 4136 1748 4193 ἄλλο
1780 4152 1834 4193 τι

240 4218 514 4297 ὑπολάϐῃ,
545 4222 663 4276 ἀλλ’
688 4225 720 4297 ἢ
749 4225 837 4281 διὰ
865 4226 967 4298 τήν
1005 4228 1118 4282 τῶν
1155 4228 1251 4283 δύο
1281 4230 1501 4301 φύσεων
1524 4229 1833 4303 ἀχώριστον

241 4313 474 4370 ἕνωσιν
530 4315 559 4370 ὃ
600 4317 1005 4391 μεμαθήκαμεν
1043 4325 1196 4396 παρὰ
1241 4325 1355 4378 τῶν
1402 4324 1706 4394 όρθοδόξων
1749 4324 1835 4381 διο

240 4402 531 4463 δασκωων
583 4410 683 4479 τῆς
721 4409 1090 4484 Ἑκκλησίας,
1143 4415 1383 4486 μάλιστα
1422 4416 1481 4472 δὲ
1531 4418 1683 4490 παρὰ
1736 4417 1833 4473 τοῦ

243 4498 395 4568 ἁγίου
436 4502 714 4574 Κυρίλλου
770 4504 864 4558 τοῦ
912 4503 1346 4580 ’Δλεξανδρείας.
1392 4510 1580 4575 καθὼς
1631 4511 1835 4583 γράφει

2012 4136 2167 4206 Quod
2195 4146 2378 4192 autem
2412 4152 2511 4192 nos
2534 4152 2695 4191 unam
2726 4145 2977 4192 naturain
3004 4135 3256 4199 dicimus,
3282 4134 3335 4190 id
3367 4147 3528 4189 nemo

1938 4229 2011 4286 ob
2040 4229 2203 4286 aliain
2230 4244 2454 4287 causam
2500 4229 2621 4291 ﬁeri
2659 4230 2958 4296 existimet,
2989 4229 3093 4285 nisi
3126 4228 3251 4300 quia
3293 4228 3522 4281 duarum

1940 4332 2262 4381 naturarum
2285 4323 2664 4392 inseparabilis
2692 4323 2816 4379 unio
2835 4333 2917 4379 est
2949 4341 2963 4379 :
3001 4337 3162 4393 quam
3196 4335 3309 4376 rem
3337 4320 3406 4375 ab
3435 4335 3527 4374 or-

1937 4417 2191 4473 thodoxis
2205 4416 2455 4473 Ecclesia:
2470 4417 2784 4473 doctoribus
2795 4415 3381 4487 didicimus,priecipue
3393 4430 3526 4469 vero

1939 4526 1969 4565 a
1990 4521 2182 4565 sancto
2215 4508 2418 4579 Cyrillo
2444 4505 2835 4577 Alexandrino,
2862 4511 2951 4579 qui
2980 4517 3170 4563 contra
3206 4508 3521 4563 Nestorium

242 4588 393 4660 οὗτος
422 4599 572 4653 κατὰ
608 4595 906 4670 Νεστορίου
935 4602 995 4654 ἐν
1030 4600 1098 4672 τῇ
1139 4602 1332 4676 πρώτῃ
1368 4604 1505 4676 πρὸς
1534 4579 1834 4659 Σούξιτενσον

1943 4606 1994 4660 in
2019 4606 2192 4675 prima
2216 4606 2283 4659 ad
2320 4604 2655 4659 Successum
2712 4603 2940 4673 epistola
2992 4604 3065 4657 ita
3116 4601 3346 4659 scribit:
3377 4600 3522 4655 Con-

242 4690 529 4764 hsto‘t'o).ﬁ.
572 4690 982 4763 Ὀμολογοῦμεν
1024 4695 1157 4769 μίαν
1194 4695 1289 4751 τοῦ
1332 4698 1509 4767 Λόγου
1546 4699 1709 4769 φύσιν
1745 4715 1835 4753 σε·

243 4784 633 4857 σαρκωμένην,
661 4784 736 4849 ὡς
787 4788 838 4840 οί
885 4787 1130 4859 Πατέρες
1177 4791 1486 4861 εἰρήκασιν,
1540 4792 1704 4846 Ἀλλὰ
1736 4793 1834 4848 καὶ

243 4872 298 4926 ἐν
322 4876 389 4947 τῇ
421 4874 660 4947 δευτέρᾳ
686 4874 823 4947 πρὸς
852 4876 1016 4932 αὐτὸν
1046 4876 1307 4951 ἐπιστολῇ
1340 4879 1420 4934 ἔτι
1448 4880 1833 4955 ἀριδηλότερον

243 4962 408 5033 λέγει,
436 4964 619 5029 τιθεὶς
666 4967 888 5038 πρῶτον
920 4967 1015 5023 τὸν
1054 4968 1213 5038 λόγον
1256 4971 1364 5025 τῶν
1402 4970 1833 5043 ἐναντιουμένων

241 5057 387 5129 αὐτῷ
416 5057 633 5127 λέγοντι
672 5059 802 5131 μίαν
831 5062 998 5131 φύσιν
1025 5063 1122 5116 τοῦ
1154 5064 1791 5138 Λόγουῇεσαρκωμὲνην
1811 5080 1826 5096 ’

242 5150 305 5203 Εί
335 5155 400 5206 ὲκ
430 5152 527 5207 δύο
556 5154 775 5223 φύσεων
801 5153 1131 5227 συνηνέχθη.
1165 5158 1352 5228 φησὶν,
1382 5160 1410 5214 ό
1454 5158 1829 5230 Ἐμμανουὴλ,

246 5243 383 5313 μετὰ
434 5245 493 5299 δὲ
537 5245 640 5318 τὴν
689 5234 893 5301 ἕνωσιν
937 5248 1035 5318 μία
1071 5248 1234 5318 φύσις
1272 5253 1476 5304 νοεῖται
1517 5246 1827 5322 τοῦΛόγου

243 5341 662 5412 σεσαρκωμὲνη,
685 5341 877 5412 ἕψεται
904 5343 1122 5407 πάντως
1147 5344 1209 5399 τὸ
1234 5343 1432 5415 χρῆναι
1454 5344 1638 5414 λέγειν
1663 5345 1830 5401 αὐτὸν

242 5430 440 5484 παθεῖν
466 5432 545 5495 είς
588 5431 727 5487 ἰδίαν
759 5430 948 5501 φύσιν.
984 5432 1127 5504 Πρὸς
1158 5432 1257 5498 οὓς
1298 5434 1652 5504 ἀπολογεῖται
1687 5440 1828 5507 μετά

241 5536 396 5586 τινας
428 5521 621 5592 λόγους
650 5525 747 5579 καὶ
788 5523 948 5579 τοῦτο
972 5541 987 5556 '
1023 5526 1160 5581 Ποία
1209 5525 1394 5581 τοίνυν
1432 5528 1624 5581 παθεῖν
1661 5528 1826 5582 αὐτὸν

243 5614 459 5687 ἀνάγκη
488 5620 569 5682 είς
600 5618 740 5673 ίδίαν
766 5616 951 5689 φύσιν,
991 5622 1041 5673 ει
1072 5618 1285 5689 λέγοιτο
1326 5620 1465 5689 μετὰ
1500 5619 1601 5692 τὴν
1626 5620 1823 5677 ἕνωσιν

250 5708 346 5777 μία
375 5711 535 5779 φύσις
578 5712 711 5765 Υίοῦ
752 5713 1182 5785 σεσαρκωμένη;
1241 5713 1304 5767 El
1337 5711 1435 5783 μὲν
1474 5714 1584 5785 γὰρ
1630 5714 1730 5770 οὐκ
1756 5709 1824 5787 ἦν

1940 4698 2160 4753 ﬁtemur
2226 4712 2389 4753 unam
2440 4695 2602 4753 Verbi
2669 4706 2920 4752 naturam
2980 4697 3359 4761 incarnatam,
3442 4695 3520 4749 uti

1938 4791 2130 4848 Patres
2163 4784 2432 4846 dixerunt.
2494 4789 2599 4845 Sed
2663 4798 2717 4846 et
2767 4791 2820 4846 in
2880 4788 3119 4845 secunda
3157 4789 3221 4843 ad
3269 4789 3521 4843 eumdem

1937 4882 2192 4954 epistola,
2227 4883 2407 4939 adhuc
2442 4882 2787 4938 enucleatius
2841 4882 2940 4945 ait,
2990 4893 3276 4949 postquam
3321 4880 3520 4936 adver-

1935 4976 2174 5034 santium
2199 4977 2325 5041 sibi,
2367 4976 2459 5046 qui
2493 4991 2655 5031 unam
2693 4974 2845 5032 Verbi
2879 4976 3220 5030 incarnatam
3264 4985 3516 5029 naturain

1932 5066 2210 5131 dicebant,
2274 5067 2393 5123 haec
2426 5068 2591 5122 verba
2631 5066 2862 5122 retulit:
2905 5085 2925 5119 ι
2963 5068 3019 5122 Si
3056 5080 3121 5121 ex
3164 5065 3371 5121 duabus
3421 5075 3517 5121 na.

1936 5158 2075 5215 toris
2137 5171 2498 5217 coacervatus
2555 5168 2641 5216 est
2678 5160 3017 5222 Emmanuel.
3074 5170 3198 5229 post
3258 5160 3514 5214 unionem

1933 5263 2118 5309 autem
2177 5269 2283 5309 una
2332 5263 2529 5309 natura
2595 5254 2922 5326 intelligitur
2973 5252 3134 5309 Verbi
3196 5255 3518 5321 incarnata,

1934 5348 2182 5418 profecto
2216 5350 2393 5419 ipsum
2427 5349 2483 5402 in
2535 5348 2759 5420 propria
2807 5358 2999 5402 natura
3056 5362 3274 5417 passum
3333 5347 3518 5402 dicere

1932 5450 2167 5509 oportet.
2201 5461 2219 5496 ι
2257 5443 2302 5495 Α
2340 5442 2541 5513 quibus
2572 5446 2646 5497 ita
2698 5457 2757 5498 se
2793 5442 3037 5498 defendit
3079 5452 3198 5513 post
3234 5441 3339 5496 alia
3370 5442 3516 5496 dicta

1930 5534 2011 5588 sic
2044 5532 2196 5588 :Cur
2224 5549 2353 5591 vero
2386 5550 2523 5606 opus
2554 5536 2662 5601 sit,
2719 5538 2897 5607 ipsum
2939 5537 2994 5592 in
3052 5537 3267 5609 propria
3318 5544 3511 5590 natura

1930 5626 2064 5694 pati,
2116 5626 2160 5680 si
2222 5626 2436 5681 dicatur
2479 5636 2603 5696 post
2647 5628 2900 5682 unionem
2958 5642 3065 5682 una
3115 5639 3312 5683 natura
3343 5625 3514 5684 Verbi

1931 5715 2254 5774 incarnata?
2292 5717 2349 5772 Si
2375 5718 2520 5773 enim
2546 5718 2693 5775 forte
2718 5735 2824 5776 non
2856 5722 3078 5777 essetin
3114 5722 3509 5784 incarnationis

247 5799 305 5852 ἰν
328 5802 443 5865 τοῖς
469 5802 657 5874 λόγοις
688 5805 787 5876 τῆς
824 5802 1229 5884 οἰκονομίαςτὸ
1256 5806 1501 5876 πεφυκὸς
1526 5806 1821 5879 ὑπομένειν

1943 5809 2142 5865 ratione
2192 5811 2499 5877 subjectum
2532 5812 2827 5881 passionis,
2887 5821 3034 5870 recte
3083 5813 3330 5871 dicerent
3362 5816 3509 5883 quod

247 5893 304 5947 τὸ
328 5893 511 5971 πάθος,
538 5898 720 5974 ὀρθῶς
743 5899 811 5957 ἂν
843 5898 1053 5973 ἔφησαν
1084 5899 1164 5957 ὅτι
1191 5898 1347 5965 ὄντος
1370 5896 1467 5955 τοῦ
1511 5902 1818 5972 πεφυκότος

1928 5903 2238 5962 desiderato
2274 5904 2543 5975 passionis
2574 5905 2842 5982 subjecto,
2883 5923 3111 5969 necesse
3140 5907 3280 5968 fciet
3333 5908 3504 5983 ipsam
