4026 6296
489 335 598 399 919
1903 334 2093 394 ΠῖΕΟ

2200 334 2326 396 ᾹΝΙ
3670 336 3777 404 220

491 448 654 505 \'.~rbi
697 457 943 506 naturam
977 448 1163 506 subire
1194 448 1529 516 passionem.
1560 443 1879 516 Rursusque
1907 447 2072 503 dicit:

2200 448 2434 517 πάσχειν,
2465 447 2615 502 πᾶσά
2641 463 2756 510 πως
2781 447 2996 519 ἀνάγκη
3021 449 3085 518 τῇ
3113 446 3209 501 τοῦ
3231 446 3405 518 Λόγου
3435 450 3595 516 φύσει
3629 469 3771 524 συμ-

494 542 645 610 Qnod
680 543 831 595 aiunt
887 539 1213 602 adversarii.
1276 541 1325 594 si
1379 555 1483 596 una
1547 547 1630 594 est
1682 549 1875 594 natura
1918 538 2079 593 Verbi

2200 542 2399 603 Saivetv
2445 541 2506 594 τὸ
2544 540 2734 605 πάθος.
2778 541 2889 596 Καὶ
2932 539 3098 595 πάλιν
3143 540 3326 610 λέγει’
3366 543 3489 597 Ὅτι
3525 543 3778 612 λέγουσιν

495 637 805 701 incuruata,
827 635 985 702 plane
1009 649 1231 688 necesse
1255 643 1337 687 est
1359 633 1796 687 commistioucm
1819 632 2084 687 accidisse

2200 636 2235 687 >ί
2265 635 2696 706 ἐναντιούμενοι,
2725 634 2774 688 εί
2813 633 2915 704 μία
2959 633 3124 704 φύσις
3150 633 3246 690 τοῦ
3279 634 3456 704 Λόγου
3488 653 3780 707 σεσαρκω-

494 738 550 782 et
613 727 1021 787 confusionem,
1092 726 1372 780 deminuta
1462 725 1625 779 veluti
1682 740 1746 779 ac
1805 725 2082 782 subtracta

2200 730 2353 800 μένη,
2405 727 2557 782 πᾶσά
2597 745 2714 791 πως
2756 726 2971 800 ἀνάγκη
3009 727 3193 794 λέγειν
3251 727 3468 798 φυρμὸν
3520 729 3781 798 γενέσθαι

496 823 734 877 hominis
789 823 842 876 in
898 820 1121 876 Christo
1160 830 1388 882 natura;
1449 821 1503 873 hi
1573 822 1751 875 denuo
1810 820 2084 890 ignorant,

2200 823 2284 876 καὶ
2319 822 2643 894 σύγκρασιν,
2697 821 3029 894 μειουμένης
3067 819 3262 893 ὥσπερ
3297 823 3392 875 καὶ
3434 822 3782 878 ὑποκλεπτο-

495 901 624 968 dum
679 923 826 970 recta
884 914 1248 984 distorquent,
1301 930 1462 968 unam
1520 929 1705 967 revera
1763 927 1883 974 esse
1920 911 2083 968 Verbi

496 1012 838 1068 iucarnatam
874 1009 1308 1069 naturam.Tum
1337 1008 1524 1076 paucis
1545 1008 1852 1078 iuterjectis
1879 1006 2084 1062 dictum

501 1122 660 1164 suum
717 1106 986 1176 exemplis
1027 1103 1322 1160 declarat:
1368 1104 1482 1159 Non
1541 1103 1711 1164 enim.
1765 1103 1965 1172 inquit,
2033 1100 2088 1157 id

500 1199 1038 1271 tantummodoquod
1075 1210 1264 1254 natura
1291 1215 1384 1253 sua
1420 1197 1648 1266 simplex
1689 1207 1795 1262 est,
1820 1195 2089 1255 veraciter

2191 915 2362 988 μένης
2392 916 2498 986 τῆς
2541 912 2833 986 ἀνθρώπου
2873 915 3092 983 φύσεως
3142 916 3201 967 ἒν
3253 913 3442 986 αὐτῷ’
3498 917 3785 988 ἠγνόησαν

2188 996 2354 1064 πάλιν
2385 1010 2436 1064 οί
2463 1008 2533 1062 τὰ
2570 1008 2706 1079 ὀρθὰ
2739 1008 3181 1079 διαστρέφοντες,
3212 1009 3294 1062 ὃτι
3329 1010 3456 1064 κατ’
3510 1010 3786 1082 ἀλήθειάν

2190 1103 2307 1156 ἐστι
2345 1102 2445 1174 μία
2481 1101 2651 1170 φύσις
2696 1101 2791 1154 τοῦ
2835 1103 3015 1171 Λόγου
3064 1103 3490 1176 σεσαρκωμένη.
3521 1106 3634 1159 Καὶ
3667 1106 3786 1177 μετ’

2189 1195 2347 1266 ὀλίγα
2375 1197 2659 1267 δηλοποιεί
2699 1195 2790 1249 διὰ
2842 1196 3310 1269 παραδειγμάτων
3355 1196 3448 1252 τὸν
3487 1197 3690 1268 λόγον’
3725 1201 3787 1253 οὐ

501 1311 667 1355 ιιιιιιιιι
718 1295 951 1357 dicitur;
1008 1309 1194 1348 verum
1231 1293 1287 1350 id
1330 1293 1494 1353 etiam
1538 1294 1603 1346 de
1641 1292 1707 1345 iis
1759 1290 2092 1361 praedicator

2200 1290 2301 1361 γὰρ
2332 1289 2428 1345 ἐπὶ
2455 1289 2634 1359 μόνων
2660 1289 2772 1344 τῶν
2795 1288 2988 1343 ἁπλῶν
3009 1290 3148 1344 κατά
3177 1291 3276 1362 τὴν
3298 1291 3464 1361 φύσιν
3489 1291 3548 1346 ἒν
3570 1291 3790 1362 ἀληθῶς

502 1405 624 1459 qua:
660 1403 756 1458 per
785 1387 1240 1458 compositionem
1298 1386 1673 1458 conglutinata
1698 1394 1864 1450 sunt;
1906 1384 2090 1460 cujus-

2200 1385 2434 1452 λέγεται.
2471 1380 2612 1438 ἀλλά
2645 1383 2740 1440 καὶ
2768 1383 3002 1441 ἐπὶτῶν
3046 1386 3188 1449 κατὰ
3231 1383 3485 1438 σύνθεσιν
3514 1387 3792 1456 συνηγμέ-

502 1485 650 1539 ntodi
711 1490 795 1538 est
845 1484 1007 1539 homo
1059 1497 1126 1539 ex
1181 1496 1409 1550 corpore
1462 1479 1753 1550 animaque
1810 1487 2087 1542 constans.

2200 1464 2320 1539 νων,
2373 1475 2559 1531 ὁποῖόν
2605 1493 2658 1534 τι
2692 1475 2888 1548 χρῆμά
2931 1477 3083 1530 ἔστιν
3118 1478 3147 1529 ὀ
3185 1478 3475 1548 ἄνθρωπος
3509 1481 3575 1531 ὲκ
3606 1479 3790 1548 ψυχῆς

503 1590 624 1646 qua:
698 1585 824 1633 sunt
882 1575 1101 1644 quidem
1186 1574 1550 1643 heterogeuea
1619 1587 1797 1641 neque
1858 1571 2090 1628 invicem

2200 1572 2287 1624 καὶ
2320 1570 2597 1641 σώματος,
2634 1567 2914 1640 ἑτεροειδῆ
2961 1569 3060 1644 μὲν
3100 1569 3168 1624 τὰ
3208 1571 3455 1636 τοιαῦτα,
3491 1574 3586 1626 καὶ
3623 1571 3792 1642 ἀλλή-

501 1668 1027 1732 consubstantialia,
1093 1667 1263 1729 nihilo
1317 1675 1496 1723 tamen
1547 1665 1725 1724 utilius
1777 1664 2090 1733 conjuncta,

2200 1665 2306 1727 λοις
2337 1665 2435 1735 οὺχ
2467 1663 2752 1734 ὀμοούσια,
2790 1662 3063 1718 ὲνωθέντα
3109 1681 3175 1734 γε
3207 1664 3341 1735 μὴν,
3383 1666 3484 1738 τὴν
3526 1667 3658 1738 μίαν
3696 1669 3796 1725 ἀν-

503 1765 722 1824 unicam
782 1761 1019 1822 hominis
1071 1772 1324 1817 naturam
1363 1761 1635 1827 elﬁciunt;
1679 1773 1992 1829 quanquam
2037 1759 2090 1811 in

2200 1756 2419 1828 θρώπου
2448 1757 2613 1826 φύσιν
2658 1755 3022 1821 ἀπετέλεσαν,
3071 1756 3179 1812 κᾶν
3205 1761 3323 1819 τοῖς
3351 1761 3450 1830 τῆς
3484 1761 3790 1828 συνθέσεως

502 1855 917 1924 compositionis
944 1853 1158 1910 ratione
1190 1852 1497 1910 diﬂ'erentia
1533 1853 1693 1917 inest,
1740 1851 1810 1907 ob
1839 1862 2087 1912 naturam

2200 1821 2376 1921 λόγοις
2403 1821 2693 1924 ἐνυπάρχῃ
2743 1852 2804 1907 τὸ
2845 1852 3106 1925 διάφορον
3141 1853 3285 1907 κατά
3488 1857 3652 1926 φύσιν
3680 1821 3791 1912 τῶν

505 1951 721 2008 illarum
746 1965 926 2009 rerum
958 1964 1079 2018 qua:
1108 1950 1174 2002 ad
1201 1948 1455 2007 unionem
1481 1947 1837 2007 conveniunt.
1863 1945 2090 2001 Frustra

505 2045 671 2122 igitur
701 2053 829 2104 sunt
860 2045 951 2117 qui
988 2045 1160 2106 aiunt,
1205 2043 1348 2114 quod
1379 2043 1424 2101 si
1457 2058 1562 2098 una
1595 2042 1664 2097 sit
1698 2051 1894 2097 natura
1928 2037 2092 2095 Verbi

504 2139 817 2204 incarnata,
873 2152 1100 2206 prorsus
1158 2135 1470 2192 commistio
1538 2134 1674 2189 facta
1710 2132 1903 2194 fuisset
1929 2141 2094 2201 atque

510 2229 810 2296 concretio,
859 2239 1121 2296 tanquam
1154 2228 1432 2282 deminuta
1485 2238 1647 2296 atque
1689 2224 1966 2280 subtracta
1998 2224 2096 2284 bo-

507 2326 673 2382 miuis
726 2334 919 2381 natura
967 2340 979 2377 :
1024 2336 1198 2389 neque
1241 2321 1385 2375 enim
1442 2321 1815 2387 deminuitur,
1868 2329 1930 2374 ut
1988 2317 2091 2386 ipsi

503 2419 685 2480 aiunt,
731 2428 905 2484 neque
957 2413 1323 2469 subtrahitur.
1375 2410 1543 2465 Multa
1597 2409 1699 2464 alia
1735 2409 1788 2464 in
1842 2410 2093 2470 eamdem

504 2506 832 2566 sententiam
866 2506 1009 2560 dicta
1040 2514 1150 2559 tum
1205 2505 1343 2571 apud
1379 2511 1626 2558 sanctum
1661 2499 1947 2572 Cyrillum,
1977 2506 2090 2553 tum

506 2604 648 2674 apud
680 2601 816 2656 alios
839 2601 1091 2656 dortores
1125 2596 1536 2667 deprehendere
1557 2606 1665 2650 est.
1699 2595 1843 2650 idem
1877 2594 2092 2661 doctor,

505 2699 596 2766 qui
651 2695 971 2751 divisionem
1053 2692 1394 2747 nferetttihus
1459 2689 1694 2748 obstitit.
1754 2697 1946 2741 contra
2000 2703 2095 2742 eos

506 2802 725 2857 quoque
761 2785 855 2856 qui
914 2785 1134 2838 unicam
1192 2781 1536 2837 aliirmabant
1593 2778 1878 2835 confusam
1932 2787 2094 2833 natu-

507 2896 649 2945 ram,
682 2878 814 2932 dicit
845 2878 900 2933 in
933 2876 1107 2945 prima
1133 2873 1363 2945 epistola
1399 2891 1412 2928 :
1447 2871 1874 2927 Cousiderantes
1902 2869 2092 2942 igitur,

507 2985 567 3028 ut
593 2974 725 3040 dixi,
767 2970 1161 3026 incarnationis
1211 2970 1503 3030 rationem,
1535 2965 1672 3022 duas
1721 2965 1967 3020 videmus
2000 2979 2096 3021 na-

511 3079 664 3122 turas
714 3067 859 3122 inter
899 3080 960 3120 se
1007 3063 1332 3119 convenisse
1380 3076 1478 3132 per
1513 3059 1772 3114 unionem
1811 3059 2096 3126 insepara-

509 3161 693 3225 bilem,
747 3157 1035 3214 inconfuse
1095 3165 1151 3210 et
1202 3151 1740 3213 inconvertibiliter:
1794 3164 1919 3204 nam
1964 3163 2095 3205 caro

509 3253 700 3323 utique
731 3267 858 3306 caro
885 3260 991 3320 est,
1031 3263 1138 3304 non
1171 3247 1448 3312 divinitas,
1483 3259 1792 3319 quanquam
1824 3242 1917 3301 Dei
1949 3241 2093 3296 facta

509 3357 768 3404 estcaro.
827 3343 1060 3401 Verbum
1132 3341 1334 3410 pariter
1393 3339 1535 3395 Deus
1589 3347 1717 3404 est,
1773 3352 1880 3392 non
1941 3350 2092 3404 caro,

508 3450 821 3509 quanquam
881 3433 1023 3488 idem
1061 3447 1160 3499 per
1212 3430 1534 3487 oeconomiae
1571 3429 1896 3500 mysterium
1931 3427 1998 3483 ad
2034 3442 2096 3484 se

507 3544 729 3584 carnem
780 3525 1085 3580 transtulit.
1151 3522 1430 3592 Pauloque
1484 3527 1606 3590 post
1642 3519 1716 3574 ait
1764 3517 2090 3586 :Quautum

509 3622 675 3694 igitur
709 3619 1043 3689 cogitatione
1084 3615 1322 3684 solisque
1360 3614 1554 3668 animae
1581 3610 1754 3667 oculis
1780 3609 2094 3681 perspicere

510 3717 777 3770 rationem
840 3713 966 3767 licet
1024 3727 1130 3781 qua
1203 3707 1527 3776 Uuigenitus
1587 3705 1918 3760 humanatus
1980 3711 2086 3767 est,

511 3809 645 3863 duas
690 3821 813 3861 esse
847 3815 1072 3860 naturas
1105 3802 1285 3856 unitas
1316 3801 1546 3855 dicimus
1567 3841 1585 3866 ,
1619 3815 1783 3852 unum
1813 3797 2092 3853 Christum

511 3898 708 3954 Filium
741 3907 795 3951 et
826 3896 1135 3959 Dominum,
1161 3892 1394 3950 Verbum
1427 3892 1516 3946 Dei
1549 3893 1900 3945 humanatum
1929 3899 2094 3958 atque

511 3990 878 4045 incarnatum.

580 4107 698 4168 Jam
733 4125 854 4168 cum
882 4107 1000 4163 ham
1017 4105 1180 4168 elicita
1221 4105 1547 4175 theologiam
1593 4114 1833 4157 nostram
1869 4115 2094 4170 prorsus

514 4213 730 4275 regant,
769 4217 866 4260 nos
901 4201 1153 4260 videlicet
1186 4198 1452 4268 ejusmodi
1496 4195 1728 4257 ducibus
1762 4198 1814 4249 in
1847 4194 2095 4249 veritatis

513 4297 620 4361 via,
656 4311 774 4370 quae
818 4294 886 4354 ad
921 4292 1094 4355 Deum
1134 4292 1306 4356 ducit,
1353 4299 1594 4356 utentes,
1630 4298 1776 4344 recte
1811 4288 2093 4358 libereque

513 4388 875 4457 tbeologicum
944 4398 1191 4441 nosuum
1258 4397 1568 4439 sermonem
1625 4381 1825 4452 duplici
1878 4382 2096 4441 ratione

511 4479 892 4551 proferimus;
925 4492 1118 4550 nempe
1167 4493 1330 4530 uuam
1389 4475 1553 4532 Verbi
1595 4485 1850 4534 naturam
1913 4473 2097 4528 incar-

2195 1949 2275 2009 είς
2310 1947 2541 2017 ἑνότητα
2587 1946 3139 2016 συγκεκομισμένων.
3188 1946 3644 2018 Περιττολογοῦσι
3677 1949 3807 2005 τοίο,

2193 2058 2292 2094 νυν
2319 2041 2369 2094 οἱ
2404 2039 2682 2109 λέγοντες,
2717 2039 2794 2104 ὡς
2825 2040 2982 2112 εῐπερ
3015 2041 3101 2112 εἴη
3131 2039 3226 2094 τοῦ
3271 2042 3450 2109 Λόγου
3493 2043 3658 2110 φύσις
3691 2043 3792 2114 μία

2199 2135 2622 2206 σεσαρκωμένη,
2665 2135 2844 2205 πάντη
2901 2151 2963 2187 τε
3006 2135 3101 2188 καὶ
3145 2134 3364 2198 πάντως
3404 2135 3597 2191 ἕποιτο
3626 2137 3696 2195 ἂν
3726 2138 3792 2191 τὸ

2197 2229 2413 2300 φυρμὸν
2436 2227 2694 2298 γενέσθαι
2730 2228 2825 2282 καὶ
2853 2228 3182 2298 σύγκρασιν,
3214 2227 3290 2293 ὡς
3323 2229 3662 2310 μειουμένης
3690 2230 3789 2284 καὶ

2195 2323 2686 2394 ὑποκλεπτομένης
2734 2323 2836 2389 τῆς
2883 2321 3182 2394 ἀνθρώπου
3224 2323 3476 2394 φύσεως·
3517 2324 3642 2382 οὔτε
3679 2327 3791 2396 γάρ

2199 2416 2528 2496 μεμείωται,
2575 2414 2725 2482 οὔτε,
2761 2415 2946 2480 καθώς
2997 2432 3181 2487 φησιν,
3215 2417 3640 2477 ὑποκλέπτεται.
3679 2419 3793 2472 Καὶ

2194 2510 2334 2566 ἄλλα
2365 2511 2537 2566 πολλά
2566 2511 2667 2581 τῆς
2696 2511 2866 2576 αὐτῆς
2890 2510 3109 2576 ἑννοίας
3138 2511 3290 2583 παρά
3312 2527 3370 2566 τε
3404 2511 3480 2581 τῷ
3508 2513 3650 2582 ἁγίῳ
3679 2513 3793 2565 Κυ-

2202 2603 2367 2676 ρῐλλῳ
2404 2605 2500 2657 καὶ
2533 2605 2746 2676 ἑτέροις
2778 2603 3129 2668 διδασκάλοις
3170 2604 3322 2660 ἔστιν
3356 2606 3557 2676 εὑρεῖν.
3598 2605 3658 2658 '0
3694 2606 3792 2658 a6-

2196 2695 2289 2758 τὸς
2338 2694 2682 2760 διδάσκαλος,
2741 2693 2800 2755 ὃς
2857 2695 2953 2754 καὶ
3007 2696 3230 2749 ἀντεῖπε
3286 2695 3423 2767 πρὸς
3476 2697 3603 2758 τοὺς
3653 2695 3794 2749 διαί-

2201 2806 2352 2860 ρεσιν
2384 2788 2694 2853 ποιοῦντας,
2722 2789 2821 2842 καὶ
2863 2790 2998 2859 πρὸς
3031 2791 3160 2854 τοὺς
3185 2789 3327 2847 κατά
3373 2790 3642 2861 σύγχυσιν
3691 2791 3792 2862 τὴν

2200 2883 2330 2953 μίαν
2363 2881 2527 2950 φύσιν
2556 2881 2846 2950 λέγοντας,
2880 2881 3028 2950 λέγει
3073 2885 3133 2936 ἓν
3157 2886 3224 2955 τῇ
3256 2882 3450 2957 πρώτῃ
3489 2884 3750 2954 ἐπιστολῇ
3770 2900 3790 2916 ο

2210 2972 2552 3036 Ἐννοοῦντες
2577 2971 2780 3037 τοίνυν,
2813 2973 2888 3038 ὡς
2942 2972 3100 3044 ἔφην,
3141 2975 3234 3028 τὸν
3282 2975 3382 3046 τῆς
3433 2975 3794 3047 ὲνανθρωπήο

2200 3083 2339 3130 σεως
2398 3066 2623 3137 τρόπον,
2691 3064 2912 3137 ὁρῶμεν
2965 3066 3048 3121 ὅτι
3110 3065 3204 3122 δύο
3273 3066 3465 3137 φύσεις
3524 3069 3791 3141 συνῆλθον

2122 3183 2166 3242 ε
2199 3157 2460 3230 ἀλλήλαις
2509 3156 2633 3212 καθ’
2675 3158 2873 3213 ἕνωσιν
2910 3157 3285 3214 ἀδιάσπαστον
3333 3158 3662 3232 ἁσυγχύτως
3693 3162 3793 3216 καὶ

2201 3250 2519 3321 ἀτρέπτωςο
2545 3252 2578 3322 ὴ
2623 3249 2730 3323 γάρ
2759 3251 2920 3322 σὰρξ,
2962 3251 3100 3320 σάρξ
3133 3253 3250 3306 ἐστι
3277 3253 3374 3306 καὶ
3397 3252 3457 3306 ού
3487 3252 3704 3324 θεότης,
3739 3255 3792 3309 εί

2199 3345 2296 3400 καὶ
2331 3343 2524 3413 γέγονε
2577 3342 2713 3398 Θεοῦ
2753 3342 2931 3416 σάρξ·
2971 3343 3173 3411 ὁμοίως
3208 3343 3302 3401 καὶ
3331 3344 3359 3395 ὁ
3415 3343 3591 3413 Λόγος
3645 3344 3786 3407 Θεὸς

2196 3439 2317 3493 ἐστι
2375 3437 2468 3492 καὶ
2496 3436 2557 3491 οὐ
2589 3435 2745 3509 σὰρξ,
2785 3438 2836 3490 εἰ
2884 3436 2977 3490 καὶ
3019 3422 3160 3493 ἰδίαν
3193 3437 3492 3513 ἐποιήσατο
3519 3437 3620 3510 τὴν
3650 3438 3791 3510 σάρ-

2197 3549 2272 3587 κα
2323 3528 2708 3600 οίκονομικῶς.
2773 3529 2882 3582 Καὶ
2940 3528 3060 3599 μετ’
3129 3529 3286 3597 ὀλίγα
3332 3529 3524 3597 λέγει·
3575 3529 3792 3584 Οὐκοῦν

2202 3627 2301 3698 μὲν
2331 3628 2455 3680 ὅσον
2498 3618 2633 3696 ἧκεν
2681 3623 2763 3686 είς
2807 3622 3019 3680 ἔννοιαν
3062 3624 3153 3683 καὶ
3194 3625 3274 3686 εἰς
3330 3624 3492 3696 μόνον
3539 3623 3601 3680 τὸ
3656 3625 3791 3693 όρᾷν

2197 3724 2312 3785 τοῖς
2342 3721 2444 3790 τῆς
2482 3718 2662 3788 ψυχῆς
2701 3717 2920 3788 ὄμμασι
2953 3716 3076 3772 τίνα
3113 3717 3315 3787 τρόπον
3366 3715 3792 3788 ἐνηνθρώπησεν

2199 3818 2227 3870 ὀ
2275 3815 2611 3884 Μονογενὴς,
2667 3811 2762 3864 δύο
2810 3810 2911 3873 τὰς
2964 3809 3162 3881 φύσεις
3207 3805 3352 3864 εἶναί
3416 3827 3598 3881 φαμεν
3658 3812 3794 3864 ἑνω·

2202 3907 2409 3971 Οείσας,
2448 3905 2544 3958 ἕνα
2593 3903 2833 3975 Χριστὸν
2873 3902 3004 3957 Υίὸν
3037 3903 3131 3956 καὶ
3161 3902 3370 3973 Κύριον
3397 3902 3490 3956 τὸν
3526 3901 3622 3957 τοῦ
3654 3901 3791 3958 θεοῦ

2200 4001 2373 4068 Λόγον
2406 3998 2909 4069 ὲνανθριυπήσαντα
2940 3998 3032 4050 καὶ
3059 3998 3505 4068 σεσαρκωμένον.

2276 4095 2343 4146 ’Δ
2377 4093 2441 4159 δὴ
2474 4090 2766 4163 γνώρισμά
2798 4091 2906 4144 εἰσι
2939 4092 3005 4160 τῇ
3060 4090 3314 4163 ἡμετέρᾳ
3353 4091 3544 4165 τελείᾳ
3583 4091 3790 4162 σοφίᾳο

2199 4193 2426 4254 τούτους
2467 4189 2560 4243 οὖν
2586 4189 2816 4258 ὁδηγοὺς
2873 4189 3097 4258 ἔχοντες
3150 4188 3248 4242 καὶ
3304 4189 3467 4259 ἡμεῖς
3521 4167 3660 4259 πρὸς
3690 4189 3792 4260 τὴν

2197 4285 2299 4357 τῆς
2326 4282 2587 4353 ἀληθείας
2620 4282 2739 4335 ὁδὸν
2769 4280 2867 4353 τὴν
2897 4280 3138 4351 ἄγουσαν
3169 4282 3249 4344 είς
3289 4281 3380 4334 τὸν
3424 4281 3581 4346 Θεὸν,
3612 4280 3791 4355 ὀρθῶς

2200 4381 2297 4434 καὶ
2325 4375 2653 4448 ἑλευθερίως
2684 4375 2928 4447 φέρομεν
2959 4375 3038 4437 εἰς
3061 4373 3259 4446 διπλῆν
3301 4373 3540 4446 θεωρίαν
3581 4377 3675 4428 τὸν
3705 4374 3792 4427 λό-

2200 4490 2321 4546 γον,
2355 4471 2487 4541 μίαν
2515 4469 2768 4538 λέγοντες
2801 4470 2965 4539 φύσιν
2992 4466 3088 4520 τοῦ
3121 4467 3298 4536 Λόγου
3336 4467 3788 4538 σεσαρκωμένην,

516 4583 698 4627 natam
726 4573 980 4638 dicimus,
1023 4569 1320 4627 secundum
1365 4580 1612 4629 sanctum
1645 4568 1934 4640 Cyrillum,
1970 4581 2093 4639 pro-

2200 4566 2342 4621 κατά
2370 4565 2462 4618 τδν
2512 4562 2668 4632 ἆγιον
2694 4560 2988 4635 Κύριλλον,
3040 4560 3133 4615 διὰ
3163 4563 3263 4632 τὴν
3299 4562 3541 4634 ἀρρητον
3568 4559 3788 4625 ἕνωσιν,

513 4678 635 4738 pler
670 4665 996 4725 itteﬂabilettt
1032 4664 1320 4731 unionem;
1356 4677 1409 4728 et
1437 4663 1573 4724 duas
1596 4677 1814 4734 quoque
1839 4660 2093 4729 dicimus,

511 4762 809 4821 secundum
858 4767 1106 4815 sanctum
1152 4756 1504 4832 Gregorium,
1544 4767 1766 4828 propter
1801 4755 2096 4811 iuvariabi-

511 4855 618 4910 lem
669 4862 985 4912 naturarum
1043 4849 1239 4906 divina:
1292 4859 1348 4904 et
1402 4850 1652 4906 humanae
1703 4847 2094 4905 conditionem.

515 4950 609 5007 Sic
636 4949 779 5006 enim.
808 4947 982 5004 sancti
1009 4946 1200 5002 Patres
1228 4958 1378 4998 arma
1403 4943 1630 5011 jusdtiae
1657 4957 1760 4997 non
1802 4939 2095 5014 simplicia,

514 5037 608 5098 sed
646 5042 940 5108 utrimque,
985 5039 1166 5105 idest,
1220 5038 1413 5100 dextra
1454 5037 1786 5106 sinistraque
1829 5033 2097 5092 candentia

515 5152 786 5212 gerentes,
819 5150 874 5192 ιιι
900 5138 971 5194 ait
1002 5135 1352 5205 Apostolns’,
1375 5134 1589 5188 Arianae
1625 5130 1844 5202 quidem
1899 5129 2096 5185 distiu-

515 5233 681 5294 ctioui
734 5242 965 5300 naturae,
1002 5229 1368 5286 Sabellianam
1418 5230 1470 5282 ln
1511 5225 1779 5283 Trinitate
1833 5225 2094 5282 unitatem

517 5337 726 5384 natura:
778 5333 1171 5395 opposuerunt,
1223 5320 1353 5390 quin
1409 5327 1584 5380 tarnuu
1643 5317 1857 5374 unicam
1914 5329 2098 5387 perso-

517 5434 644 5478 nam
701 5424 1008 5480 assererent
1045 5433 1059 5470 :
1097 5415 1462 5474 Salnellianam
1497 5426 1627 5466 vero
1674 5423 1919 5479 persona:
1973 5409 2098 5464 uui-

518 5523 706 5579 taleut,
750 5513 950 5576 Ariana
993 5524 1348 5582 personarum
1389 5504 1742 5563 distinctione
1779 5501 2099 5576 proﬂrgave.

525 5607 774 5673 ruut,ita
811 5618 995 5665 tamen
1051 5613 1104 5666 ut
1157 5598 1555 5665 distinctionem
1588 5597 1886 5667 quamlibet
1926 5595 2098 5650 unica:

523 5711 732 5758 natura:
755 5701 822 5758 ab
856 5698 1098 5754 Ecclesia
1130 5707 1354 5767 prorsus
1382 5689 1709 5765 expulerint.
1746 5687 1981 5760 Parique
2019 5703 2100 5744 ra-

594 5887 680 5945 ‘ll
710 5886 838 5944 Cor.
874 5900 951 5954 vt,
983 5884 1034 5938 7.

2195 4656 2426 4724 καὶδύο,
2460 4657 2602 4710 κατά
2627 4656 2719 4709 τὸν
2746 4655 2901 4722 ἆγιον
2932 4654 3237 4727 Γρηγόριον
3269 4654 3362 4707 τὸν
3391 4652 3679 4722 Θεολόγον,
3703 4653 3791 4708 διὰ

2194 4752 2256 4807 τὺ
2280 4751 2718 4821 ἀκαινοτόμητον
2751 4749 2846 4802 κα)⁵
2876 4747 3264 4820 ἀμετάϐλητον
3294 4746 3405 4799 τῶν
3439 4746 3662 4816 φύσεων
3691 4746 3790 4816 τῆς

2194 4863 2254 4900 τε
2277 4844 2428 4909 Θείας
2463 4847 2560 4897 καὶ
2589 4841 2691 4912 τῆς
2729 4842 3080 4914 ἀνθρωπίνης
3104 4859 3118 4874 ο
3158 4843 3220 4896 οὐ
3257 4845 3538 4923 μονομερῆ
3570 4844 3788 4917 ἔχοντες

2196 4940 2262 4999 τὰ
2288 4938 2429 5000 ὅπλα
2453 4937 2576 5006 ’τῆς
2601 4934 2979 5012 δικαιοσύνης,
3026 4933 3165 4988 ἀλλά
3196 4933 3348 4999 δεξιά
3391 4937 3486 4991 και
3515 4938 3786 5008 ἀριστερά

2199 5030 2342 5096 κατά
2399 5029 2491 5082 τὸν
2535 5029 2904 5090 Ἀπόστολον·
2957 5029 3100 5087 κατὰ
3140 5030 3242 5100 μὲν
3297 5030 3400 5101 τῆς
3464 5031 3786 5102 διαιρέσεως

2209 5123 2423 5196 Ἀρείου
2454 5125 2555 5193 τῆς
2585 5122 2679 5176 ἐπὶ
2724 5123 2823 5194 τῆς
2851 5122 3104 5194 φύσεως.
3141 5123 3241 5194 τῆς
3275 5125 3508 5198 Τριάδος
3536 5128 3640 5199 τὴν
3671 5129 3787 5180 ἑνό-

2197 5235 2340 5291 τητα
2369 5216 2467 5274 τοῦ
2512 5215 2806 5273 Σαϐελλίου
2858 5217 2968 5277 τῶν
3013 5217 3235 5288 φύσεων
3279 5218 3544 5288 τιθέντες,
3606 5221 3706 5276 καὶ
3729 5223 3786 5275 τὸ

2203 5314 2332 5384 μίαν
2363 5312 2547 5380 λέγειν
2582 5312 2886 5367 ὑπόστασιν
2913 5311 3326 5384 ἀπορρίψαντες
3350 5326 3367 5350 ν
3419 5313 3567 5370 κατά
3593 5314 3653 5369 δὲ
3688 5314 3784 5383 τῆς

2204 5410 2334 5476 μιᾶς
2370 5405 2721 5468 ὑποστάσεως
2755 5405 2852 5463 τοῦ
2887 5405 3205 5473 Σαὸελλίου,
3238 5407 3339 5478 τὴν
3380 5407 3652 5478 διαίρεσιν
3679 5410 3781 5462 τῶν

2203 5500 2558 5559 ὑποστάσεων
2589 5497 2684 5555 τοῦ
2725 5499 2939 5569 Ἀρείου
2969 5499 3359 5567 ἀντιτιθέντες,
3395 5501 3491 5556 καὶ
3521 5503 3622 5573 τὴν
3645 5504 3780 5557 διαί·

2203 5612 2355 5666 ρεοιν
2382 5594 2483 5663 τῆς
2518 5593 2646 5663 μιᾶς
2677 5592 2896 5663 φύσεως
2926 5593 3226 5671 πρόρριζον
3272 5595 3382 5650 ἀπὸ
3414 5594 3517 5668 τῆς
3555 5597 3780 5668 Ἐκκλη..

2203 5686 2326 5746 σίας
2359 5685 2797 5753 ἀνασπάσαντες.
2841 5685 3080 5753 Ὁμοίως
3120 5689 3216 5742 καὶ
3254 5688 3354 5758 τὴν
3390 5689 3659 5766 σύγχυσιν
3687 5688 3772 5744 τοῦ
