4026 6296
624 295 733 362 239

2029 294 2427 357 THEORIAN
2441 294 2479 360 l.

3752 288 3844 351 2ίο

622 418 771 465 tuam
802 378 1025 465 brachia
1074 409 1265 476 tendit,
1326 417 1614 479 vestroque
1645 406 1931 479 complexu
1982 404 2186 476 fruige-

2305 404 2581 477 μιὼτατος
2623 403 2720 459 καὶ
2765 402 2969 473 ἀγαθὸς
3013 401 3304 464 incohat“;
3362 404 3390 455 ό
3435 400 3734 473 Νοσὲρτης.
3767 410 3845 459 καὶ

621 501 734 557 stit.
775 500 890 557 ~Sic
943 500 1146 557 utinam
1201 518 1305 557 una
1344 502 1450 557 fide
1492 502 1727 570 c0pulati
1770 502 1919 571 puris
1975 501 2194 564 animis,

616 605 941 666 remotoque
973 595 1118 651 omni
1154 594 1415 651 scandan
1465 594 1706 648 divinent
1743 592 2016 648 viviflcum
2046 590 2194 655 salu-

625 694 907 757 taremque
951 701 1145 757 panem
1174 688 1540 752 comedamus,
1572 684 1802 758 mystico
1830 683 2031 740 Caristi
2065 698 2195 737 con-

622 781 768 837 vivio
813 779 1147 836 confidenter
1174 780 1656 845 communicemus,
1711 778 1936 851 ejusque
1988 776 2193 833 nomini

621 874 831 941 laudern
878 873 1267 929 concinamusl
1316 872 1469 939 Vale,
1522 873 1971 929 reverendissitne
2028 882 2084 926 et
2144 872 2194 925 in

621 965 852 1020 Domino
879 966 1093 1033 dilecte,
1126 964 1433 1031 Generalis,
1466 964 1549 1019 vir
1584 964 1955 1020 sanctissime.

2303 495 2715 569 ὁμοφρονοῦντα
2741 496 2829 550 τὸν
2860 495 3023 567 χορὸν
3052 494 3165 547 τῶν
3222 492 3524 566 ἀρχιερέων
3555 493 3736 554 αὐτοῦ,
3765 496 3844 547 καὶ

2303 586 2403 657 τὴν
2434 585 2731 656 σύμπασαν
2779 584 2890 638 τῶν
2926 582 3235 653 Ἀρμενίων
3266 581 3474 653 πληθύν
3502 598 3516 613 ο
3556 581 3765 652 καλάμη
3797 582 3847 635 δὲ

2304 682 2400 735 καὶ
2434 680 2622 751 χόρτος
2650 678 2725 749 μὴ
2752 676 3230 751 συμπεριληφθείη
3261 678 3328 748 τῇ
3360 675 3558 746 στερεᾷ
3600 674 3764 747 ταύτῃ
3782 676 3847 729 ol-

2305 773 2511 842 κοδομῇ
2571 771 2669 825 ἐπὶ
2718 770 2796 842 τῷ
2849 772 3085 842 ἀρραγεί
3115 769 3351 843 θεμελίῳ
3405 767 3482 837 τῷ
3511 768 3751 841 Δεσπότῃ
3772 768 3847 821 καὶ

2306 866 2521 939 βασιλεῖ
2545 869 2576 936 ἡ
2588 866 2703 938 μῶν
2738 866 2857 937 Θεῷ
2890 867 3104 936 Σωτῆρι
3128 862 3351 940 Χρξστῷ
3381 861 3581 935 ἐχούσῃ
3609 862 3703 931 τὴν
3738 862 3849 932 σύμ·

2305 962 2494 1031 πηξιν.
2530 960 2659 1014 Ἰδοὺ
2694 960 2750 1015 δὲ
2799 959 2956 1031 καὶή
2999 956 3294 1030 μετριότης
3314 955 3496 1027 ἡμῶν,
3524 957 3621 1008 καὶ
3669 956 3700 1027 ή
3744 956 3851 1008 καθ’

619 1056 771 1129 ἡμᾶς
798 1057 927 1127 ἁγία
970 1059 1061 1113 καὶ
1096 1056 1432 1129 ἀποστολικὴ
1472 1056 1770 1126 Ἐκκλησία
1818 1056 1919 1121 τὰς
1952 1054 2200 1126 ἀγκάλας
2235 1054 2407 1125 αὐτῆς
2440 1058 2507 1125 τῇ
2574 1053 2731 1123 ὑμῶν
2765 1051 3082 1123 ὲξὴπλωσεν
3141 1050 3410 1120 ὁσιότητι,
3441 1048 3535 1103 καὶ
3562 1048 3705 1102 ἐστιν
3729 1048 3850 1101 ἕτοι-

621 1171 721 1223 μος
757 1155 839 1215 εἰς
886 1151 985 1222 τὴν
1019 1152 1293 1221 ὑμετέραν
1325 1150 1595 1221 ὑποδοχήν
1617 1166 1629 1181 ·
1659 1150 1755 1203 καὶ
1829 1150 1957 1222 μιᾶς
2031 1148 2273 1213 πίστεως
2307 1148 2593 1218 γεγονότες
2626 1147 2900 1217 φάγοιμεν
2930 1143 3068 1217 ὁμοῦ
3094 1144 3235 1215 μετὰ
3270 1142 3572 1205 συνειδότος
3606 1144 3853 1197 ἀνακεκα-

618 1245 895 1317 θαρμένου
939 1245 1035 1299 καὶ
1069 1246 1201 1316 άτερ
1231 1243 1533 1298 σκανδάλου
1558 1242 1763 1309 παντὸς
1799 1243 1892 1296 τὸν
1924 1242 2072 1295 θεῖον
2140 1240 2307 1311 ἄρτον
2344 1241 2439 1296 τὸν
2488 1240 2751 1305 ζωοποιὸν
2806 1237 2903 1291 καὶ
2939 1238 3232 1307 σωτήριον,
3304 1234 3401 1290 καὶ
3450 1234 3546 1288 τοῦ
3615 1236 3851 1305 μυστικοῦ

615 1339 787 1394 αὑτοῦ
840 1340 1061 1395 δείπνου
1118 1339 1522 1411 μεταλάϐωμεν
1563 1338 2035 1410 ἀνεπαισχύντως,
2094 1338 2191 1393 καὶ
2228 1338 2389 1405 δόξαν
2444 1337 2581 1409 ὁμοῦ
2621 1337 2700 1407 τῷ
2747 1337 2978 1408 ὀνόματι
3046 1335 3217 1391 αὐτοῦ
3284 1335 3703 1405 ἀνενέγκοιμεν.
3739 1334 3854 1406 Ἐρο

619 1438 788 1505 ρωσο,
818 1429 1116 1503 τιμιώτατε
1156 1432 1252 1486 καὶ
1282 1433 1338 1485 ἐν
1366 1432 1559 1503 Κυρίῳ
1591 1432 1842 1502 ἁγαπητὲ
1875 1430 1968 1485 καὶ
2005 1412 2283 1485 ’Καθολικέ
2312 1432 2444 1501 ἆνερ
2475 1430 2761 1484 όσιὼτατε.

690 1527 823 1583 Post
867 1526 1088 1581 biduum
1138 1527 1314 1580 vocati
1379 1527 1443 1580 ad
1490 1529 1755 1597 synodum
1787 1526 2083 1590 venimus;
2120 1524 2186 1579 ibi

2374 1524 2531 1579 Μετὰ
2578 1524 2634 1578 δὲ
2674 1522 2765 1577 δύο
2818 1524 3036 1593 ἡμέρας
3079 1520 3517 1593 μετακληθέντες
3573 1521 3855 1592 ἀνήλθομεν

614 1621 832 1676 silentio
875 1620 1102 1683 indicw,
1140 1618 1307 1689 ccepit
1362 1618 1648 1675 Generalis
1706 1619 1769 1673 de
1807 1619 1968 1673 unica
2003 1628 2186 1671 natura

2298 1621 2377 1683 είς
2432 1617 2531 1689 τὴν
2583 1617 2833 1672 σύνοδον·
2865 1616 3075 1686 σιωπῆς
3117 1616 3172 1670 δὲ
3224 1616 3544 1686 γενομένης,
3604 1616 3855 1688 ἧρξατοό

614 1718 904 1780 disserere,
955 1713 1288 1783 argumentis
1333 1716 1525 1783 nettipe
1582 1711 1915 1767 confirmans
1974 1712 2117 1782 quod
2148 1715 2193 1766 si

617 1824 722 1861 una
762 1808 977 1862 dicatur
1014 1805 1214 1861 Christi
1272 1812 1494 1869 natura,
1552 1817 1699 1860 recte
1741 1805 1793 1861 id
1851 1804 1964 1867 liat,
2019 1820 2194 1875 neque

612 1901 744 1957 hinc
785 1898 984 1969 aliquid
1014 1897 1327 1953 detrimenti
1365 1906 1513 1951 recta
1546 1897 1679 1952 lides
1722 1897 1922 1967 capiat.
1960 1895 2035 1951 lta
2068 1912 2194 1951 vero

613 1992 807 2062 agebat
844 1989 1153 2057 Geueraiis,
1206 2006 1314 2044 non
1347 1989 1490 2056 quod
1526 1988 1642 2059 ipse
1668 1988 1747 2043 sic
1776 1989 2069 2057 judicarct,
2102 1987 2195 2042 sed

610 2082 739 2155 quia
789 2084 913 2138 huic
960 2082 1167 2155 synodo
1204 2081 1506 2136 interetant
1556 2080 1725 2149 ipsius
1776 2080 2039 2151 episcopi,
2101 2082 2193 2150 qni

615 2176 784 2247 priori
837 2175 1127 2235 conventui
1163 2191 1274 2232 non
1330 2173 1639 2243 adfuerant,
1681 2174 1773 2230 sed
1832 2174 1994 2231 fando
2040 2174 2191 2228 audi-

614 2278 807 2324 verant
835 2266 1151 2325 Generalem
1188 2268 1242 2322 in
1276 2267 1642 2322 Romanorum
1669 2275 1853 2335 partes
1887 2266 2190 2329 transiisse,

613 2376 979 2433 areanamque
1016 2359 1299 2432 epistolam
1348 2363 1413 2415 ad
1455 2359 1836 2429 imperatorem
1886 2360 2192 2428 scripsisse,

610 2471 716 2524 qua
747 2455 1012 2524 synodum
1050 2463 1303 2525 quartam
1341 2468 1401 2509 se
1429 2452 1672 2524 recipere
1698 2451 1897 2509 aiebat.
1918 2451 2088 2519 Quam
2123 2453 2195 2508 ob

611 2560 726 2609 rem
749 2546 1000 2602 Geuerali
1026 2546 1418 2610 irascebantur,
1437 2546 1526 2617 qui
1562 2561 1703 2601 nunc
1724 2545 1794 2600 ita
1823 2560 1883 2601 se
1906 2557 2190 2616 propterea

613 2640 858 2709 gerebat,
910 2636 969 2695 ut
1030 2640 1167 2695 hanc
1220 2637 1329 2695 illis
1386 2639 1694 2708 opinionem
1744 2638 2031 2694 eximeret.
2083 2636 2194 2695 Nos

611 2744 745 2786 vero
764 2730 1047 2786 Generalis
1077 2745 1300 2800 scopum
1351 2730 1686 2800 ignorantes,
1718 2746 2048 2802 magnopere
2096 2732 2193 2787 ad-

612 2811 986 2880 versabantur.
1031 2823 1182 2880 lilius
1203 2834 1381 2880 autem
1424 2824 1703 2879 nobiscum
1749 2825 2044 2896 disputatio
2091 2826 2193 2882 hu-

608 2915 845 2986 jusmodi
880 2915 1002 2971 fuit.

608 3003 611 3005 ’
685 3003 1097 3061 οΕλΕιιΑιιδ.
1152 3005 1318 3060 Sacra
1350 3006 1577 3076 epistola
1618 3003 1779 3073 lecta,
1814 3005 2043 3079 cognovi
2100 3021 2190 3061 sa-

611 3100 980 3163 cratissimum
1032 3114 1213 3166 regem
1250 3098 1531 3154 criminari
1568 3099 1829 3155 adversus
1881 3114 2005 3164 nos,
2040 3100 2183 3170 quod

611 3209 772 3250 ttuatn
808 3191 1012 3247 Christi
1052 3200 1299 3248 naturam
1353 3192 1635 3246 dicamus:
1668 3202 1722 3247 et
1770 3191 1882 3247 hac"
1920 3193 1987 3248 de
2023 3207 2186 3247 causa

609 3300 705 3340 vos
752 3285 966 3340 misisse
997 3283 1147 3349 dicit,
1203 3292 1264 3340 ut
1292 3284 1358 3338 de
1387 3286 1488 3340 hoc
1517 3285 1757 3356 capitulo
1813 3284 2087 3357 simulque
2122 3287 2187 3340 de

612 3380 882 3449 reliquis,
932 3395 1162 3451 quorum
1223 3378 1273 3432 in
1329 3380 1515 3449 priore
1565 3377 1926 3447 disputatione
1986 3380 2188 3433 tuentio

608 3487 719 3527 non
750 3470 874 3538 fuit,
910 3486 1052 3525 nunc
1098 3471 1454 3540 quaestionem
1506 3470 1874 3526 instituamus.
1910 3469 2018 3539 Ego
2055 3485 2183 3524 vero

606 3564 1010 3630 existimabam,
1054 3562 1491 3633 quandoquidem
1537 3572 1590 3618 et
1645 3562 1781 3618 duas
1841 3572 2063 3617 naturas
2118 3564 2187 3618 ob

606 3657 983 3715 confusionem
1008 3655 1393 3713 excludendam
1426 3654 1677 3724 dicimus,
1715 3667 1770 3713 et
1809 3672 1999 3713 rursus
2021 3672 2183 3711 unam

605 3754 676 3807 ob
709 3752 945 3821 ipsarum
999 3747 1543 3819 inseparabllitatem,
1598 3748 1733 3804 nihil
1779 3748 1922 3804 ultra
1970 3765 1997 3802 a
2030 3750 2186 3804 nobis

605 3844 789 3913 exigi:
844 3842 970 3897 dum
1028 3842 1175 3899 enim
1227 3856 1389 3896 unam
1445 3840 1801 3906 allirmamus,
1862 3841 2183 3898 divisionem

606 3926 985 3992 Nestorianam
1011 3936 1284 3991 vitamus:
1316 3936 1445 3988 dum
1490 3942 1670 3988 autem
1696 3932 1831 3989 duas
1861 3933 2182 3999 asseritnus,

609 4030 679 4084 ab
712 4026 1059 4099 Eutychiana
1078 4025 1395 4083 confusione
1424 4025 1766 4081 divertimus.
1794 4024 1849 4079 Si
1870 4040 1999 4097 ergo
2025 4027 2184 4095 quid-

606 4138 767 4190 quam
798 4128 1055 4190 praeterea
1101 4133 1129 4170 a
1158 4118 1315 4174 nobis
1335 4115 1639 4188 postulatis,
1670 4131 1779 4171 non
1797 4117 2182 4188 obsequemur.

606 4214 743 4270 Nam
805 4213 977 4267 sancti
1032 4226 1248 4283 quoque
1297 4209 1485 4265 Patres
1549 4209 1707 4265 modo
1761 4210 1895 4265 duas
1957 4221 2182 4268 naturas

2298 1711 2597 1778 Καθολικδς
2631 1710 2761 1783 περὶ
2788 1709 2885 1777 τῆς
2919 1710 3048 1780 μιᾶς
3073 1708 3285 1779 φύσεως
3312 1708 3676 1775 διαλέγεσθαι,
3705 1725 3857 1762 κατα-

2298 1804 2571 1867 σκευάζων
2629 1805 2712 1859 ὅτι
2736 1804 2795 1857 τὸ
2828 1802 3004 1871 λέγειν
3029 1803 3121 1856 καὶ
3146 1802 3276 1873 μίαν
3304 1798 3469 1871 φύσιν
3493 1801 3587 1855 τὸν
3634 1803 3847 1871 Χριστὸν

2297 1897 2462 1951 καλόν
2490 1898 2628 1960 ἔστι,
2668 1897 2762 1951 καὶ
2786 1896 2936 1949 οὐδὲν
2970 1896 3033 1948 ὲκ
3049 1888 3239 1948 τούτου
3259 1893 3461 1964 ὀδρθδς
3499 1893 3857 1948 καταϐλάπτεο

2295 2007 2385 2045 ται
2416 1989 2575 2059 λόγος
2612 1989 2744 2059 (l7).
2780 1988 2952 2043 Τοῦτο
2977 1987 3033 2042 δὲ
3079 1988 3251 2042 ἐποίει
3284 1989 3381 2059 οὺχ
3403 1988 3485 2041 ὅτι
3512 1988 3685 2052 οὕτως
3713 1989 3856 2059 ἐφρό·

2296 2099 2402 2151 νει,
2453 2081 2570 2135 ἀλλ’
2622 2082 2703 2136 ὅτι
2734 2082 2988 2152 παρῆσαν
3034 2059 3093 2133 ἓν
3120 2083 3186 2151 τῇ
3211 2079 3414 2151 συνόδῳ
3443 2078 3616 2151 ταύτῃ
3649 2080 3857 2133 ἐπίσκο-

2299 2192 2388 2230 ποι
2448 2174 2639 2241 αὑτοῦ,
2697 2173 2892 2238 όττινες
2935 2176 2995 2228 ὲν
3032 2176 3095 2245 τῇ
3140 2175 3382 2246 προτέρᾳ
3414 2173 3511 2245 μὲν
3542 2175 3743 2245 συνόδῳ
3769 2175 3855 2227 οὐκ

2294 2264 2454 2341 ἦσαν,
2484 2269 2931 2341 προηκηκόεισαν
2957 2268 3014 2322 δὲ
3043 2266 3126 2321 ὅτι
3149 2266 3178 2320 ό
3211 2266 3511 2330 Καθολικδς
3546 2267 3729 2337 ἡνώθη
3754 2269 3855 2329 τοῖς

2310 2362 2625 2433 Ῥωμαίοις,
2670 2361 2763 2415 καὶ
2810 2360 3016 2433 ἔγραψε
3063 2362 3335 2432 μυστικὴν
3372 2360 3591 2432 γραφὴν
3624 2361 3756 2432 πρὸς
3776 2362 3857 2413 τὸν

2298 2453 2545 2526 βασιλέα,
2578 2454 2752 2524 λέγων
2783 2453 2867 2507 ὅτι
2906 2452 3150 2524 Δέχομαι
3205 2451 3304 2524 τὴν
3332 2453 3598 2523 τετάρτην
3632 2452 3854 2511 σύνοδον,

2298 2548 2389 2603 καὶ
2433 2542 2573 2619 ἦσαν
2610 2545 3056 2613 σκανδαλισμένοι
3110 2544 3245 2617 πρὸς
3294 2544 3384 2599 τὸν
3425 2545 3745 2601 Καθολικόν.
3772 2544 3859 2597 Διὰ

2294 2638 2452 2694 τοῦτο
2489 2637 2620 2709 γοῦν
2649 2637 2922 2707 διεγένετο
2951 2635 3119 2697 οὕτω,
3156 2636 3327 2691 θέλων
3356 2635 3555 2700 αὐτοὺς
3595 2637 3858 2707 πληροφο-

2298 2732 2460 2801 ρῆσαι
2486 2730 2568 2784 ὅτι
2613 2729 2714 2783 οὐκ
2742 2729 2883 2783 εἰσὶν
2915 2729 3092 2800 ἀληθῆ
3120 2727 3156 2784 ὃ.
3183 2729 3483 2801 ἀκηκόασιν
3503 2747 3517 2761 .
3547 2728 3668 2784 ἀλλ·
3689 2731 3857 2800 ἡμεῖς,

2294 2824 2386 2879 τὸν
2414 2822 2615 2877 σκοπὸν
2642 2821 2809 2877 αὐτοῦ
2840 2822 3183 2890 ἀγνοοῦντες,
3216 2822 3460 2892 σφοδρῶς
3485 2822 3859 2893 ἀντελέγομενο

2220 2948 2261 3008 c
2295 2918 2329 2990 ἠ
2357 2916 2413 2971 δὲ
2440 2914 2573 2989 πρὸς
2597 2917 2745 2985 ἡμᾶς
2768 2914 2931 2969 αὐτοῦ
2958 2913 3191 2980 διάλεξις
3224 2912 3299 2993 ἦν
3324 2914 3484 2985 αὕτη.

2372 3011 2430 3066 Ὀ
2462 3009 2870 3064 ΚΔθΟᾹΙΚΟΣ.
2919 3008 3211 3077 Ἀναγνοὺς
3255 3008 3355 3071 τὰς
3393 3007 3543 3075 θείας
3578 3006 3861 3071 συλλαϐὰς,

2290 3107 2461 3175 ἔγνων
2492 3105 2573 3159 ὅτι
2632 3105 2660 3159 ὁ
2692 3103 2966 3166 θειότατος
3017 3102 3276 3174 βασιλεὺς
3338 3104 3578 3159 αίτιᾶται
3613 3105 3760 3176 ἡμᾶς
3793 3103 3861 3166 ὡς

2290 3199 2553 3269 λέγοντας
2608 3198 2741 3267 μίαν
2805 3198 2968 3267 φύσιν
2999 3199 3093 3253 τὸν
3122 3199 3355 3271 Χριστόν
3377 3217 3389 3231 ο
3426 3198 3523 3254 καὶ
3548 3199 3617 3272 δὴ
3656 3201 3751 3255 καὶ
3783 3200 3861 3253 se

2287 3292 2445 3346 τοῦτο
2467 3292 2635 3363 ἡμᾶς,
2687 3291 2869 3362 φησὶν,
2930 3291 3290 3357 ἀπέπταλκεν,
3343 3292 3417 3356 ὡς
3478 3292 3544 3346 ἂν
3606 3293 3857 3361 καὶπερὶ

2286 3386 2380 3439 τοῦ
2424 3383 2717 3454 κεφαλαίου
2764 3383 2954 3438 τούτου
3013 3386 3105 3438 καὶ
3158 3385 3283 3457 περὶ
3355 3385 3465 3439 τῶν
3515 3385 3723 3439 λοιπῶν
3765 3378 3835 3438 ὧν

2291 3477 2482 3547 μνείαν
2530 3476 2653 3530 τότε
2722 3476 2783 3530 οὐ
2818 3478 3193 3549 πεποιήμεθα,
3250 3478 3610 3549 ποιησώμεθα
3650 3478 3744 3534 νῦν
3773 3481 3862 3549 τὴν

2288 3566 2548 3633 διάλεξιν.
2589 3566 2733 3637 Ἐγὼ
2766 3569 2866 3639 μὲν
2892 3568 3073 3640 ᾤμην,
3100 3569 3223 3623 ἐπεὶ
3249 3571 3342 3624 καὶ
3370 3570 3463 3624 δύο
3493 3570 3693 3640 φύσεις
3739 3570 3860 3641 δμο-

2286 3659 2556 3733 λογοῦμεν
2609 3661 2699 3714 διὰ
2747 3661 2808 3715 τὸ
2851 3661 3161 3733 ἀσύγχυτον
3200 3662 3309 3716 τῶν
3339 3662 3579 3735 φύσεων,
3614 3665 3712 3718 καὶ
3744 3664 3862 3735 μίαν

2287 3752 2458 3807 διὰτὸ
2483 3753 2790 3825 ἀδιαίρετον
2828 3753 2990 3809 πάλιν
3022 3754 3223 3820 αὐτῶν,
3275 3756 3443 3828 μηδὲν
3482 3755 3651 3811 πλέον
3706 3757 3859 3809 ἀπαι·

2289 3841 2499 3895 τεῖσθαι
2527 3844 2713 3913 ἡμᾶς’
2755 3844 2815 3896 ἐν
2864 3844 2972 3919 γὰρ
3033 3846 3109 3914 τῷ
3147 3844 3329 3913 λέγειν
3382 3848 3512 3916 μίαν
3551 3848 3742 3917 φύσιν,
3770 3851 3863 3913 τὴν

2290 3932 2552 4004 διαίρεσιν
2577 3933 2921 4006 ἐκφεύγομεν
2971 3935 3061 3989 τοῦ
3096 3936 3393 4005 Νεστορίου
3418 3951 3433 3966 ·
3491 3938 3549 3990 έν
3579 3938 3638 3990 δὲ
3681 3937 3758 4007 τῷ
3786 3936 3864 3989 λέ-

2292 4041 2409 4093 γειν
2447 4024 2541 4079 δύο
2573 4024 2786 4095 φύσεις,
2817 4026 2912 4080 τοῦ
2938 4026 3212 4097 Εὗτυχοῦς
3240 4028 3337 4099 τὴν
3361 4028 3629 4098 σύγχυσιν
3659 4045 3861 4101 Rapa»

2287 4119 2566 4189 κλίνομεν.
2625 4120 2687 4173 Ei
2738 4115 2834 4174 οὖν
2861 4121 3019 4187 ὑμεῖς
3059 4120 3223 4173 πλέον
3265 4120 3458 4176 τούτου
3493 4123 3738 4192 ζητεῖτε,
3771 4122 3861 4190 οὐχ

2288 4205 2532 4276 ἑψόμεθα
2588 4206 2737 4276 ὑμῖν.
2784 4208 2895 4260 Καὶ
2924 4207 3034 4278 γὰρ
3075 4208 3125 4261 οι
3165 4206 3302 4261 θεῖοι
3336 4208 3581 4278 Ιιατέρες
3607 4208 3745 4264 ποτὲ
3768 4207 3862 4280 μὲν

605 4306 808 4363 Christi
863 4304 1068 4369 dicunt,
1120 4301 1275 4358 modo
1308 4315 1511 4365 unam;
1561 4300 2039 4370 nequaquanrsibi
2094 4302 2177 4359 vel

2291 4295 2381 4349 δύο
2417 4295 2607 4365 φύσεις
2638 4296 2887 4365 λέγονται
2919 4296 3010 4352 τὸν
3036 4297 3292 4369 Χριστὸν,
3324 4297 3455 4354 ποτὲ
3486 4298 3545 4353 δὲ
3578 4300 3738 4372 μίαν,
3767 4299 3860 4353 οὐκ

608 4401 839 4457 invicem
886 4404 1269 4467 repugnantes,
1317 4394 1414 4448 sed
1456 4394 1582 4463 quia
1637 4403 1885 4447 neutrum
1934 4392 2180 4459 effatum,

607 4491 654 4545 si
692 4500 837 4547 recte
883 4488 1233 4557 intelligatur,
1271 4484 1339 4538 ab
1369 4483 1691 4539 orthodoxia
1728 4485 1954 4539 recedit.
2024 4483 2069 4551 Q
2094 4486 2179 4540 λοι]

606 4584 650 4636 si
704 4581 843 4637 forte
898 4576 1115 4647 aliquis,
1168 4578 1279 4632 Deo
1336 4576 1547 4646 sibique
1608 4576 1799 4644 hostis,
1863 4588 2178 4632 sanctorum

587 4674 829 4738 Patrum
888 4684 1170 4729 sermones
1212 4667 1349 4724 falsa
1375 4667 1823 4737 interpretatione
1878 4670 2176 4736 convellit;

607 4778 755 4824 certe
800 4781 900 4821 nos
937 4779 999 4820 ea
1044 4778 1165 4833 qua:
1204 4769 1349 4816 recte
1379 4761 1578 4828 scripta
1620 4768 1673 4812 et
1709 4759 1978 4815 intellecta
2031 4770 2181 4830 sunt,

607 4874 884 4929 nunquam
935 4852 1397 4925 improbabimus:
1451 4865 1573 4904 nam
1602 4850 1647 4905 si
1685 4850 1753 4903 ita
1786 4851 1989 4903 animis
2029 4865 2180 4906 com-

607 4952 781 5025 parati
807 4963 1072 5013 essemus,
1103 4944 1398 5018 permultas
1434 4958 1651 5015 quoque
1688 4942 1859 4997 sancti
1890 4942 2179 5014 Evangelii

606 5053 659 5100 et
699 5051 1018 5098 caeterorum
1081 5034 1560 5106 hagiugraphmum
1608 5035 1868 5088 librorum
1901 5034 2183 5091 dictiones

607 5132 1005 5189 veliicaremus.
1041 5127 1179 5181 Ecce
1207 5126 1349 5180 enim
1391 5123 1638 5194 sacrilegi
1680 5123 1918 5177 latrones
1949 5124 2176 5193 litterre,

608 5241 672 5280 ex
704 5220 930 5293 singulis
976 5234 1142 5289 pmpe
1181 5226 1491 5272 sanctarum
1528 5214 1932 5284 Scripturarum
1983 5218 2179 5271 dlCtlU-

607 5319 766 5370 nibus
803 5311 1051 5367 haeresim
1081 5311 1312 5380 aliquam
1342 5315 1767 5380 progenuerunt.

676 5409 1144 5467 TllEOitlA‘iUS.
1194 5408 1252 5463 ln
1301 5407 1583 5477 superiore
1651 5420 1867 5475 quoque
1925 5405 2173 5475 disputa-

609 5508 757 5561 tione
801 5506 1104 5574 optavitnus
1137 5520 1166 5557 a
1199 5516 1394 5573 magna
1429 5499 1718 5555 sanctitate
1789 5506 1877 5552 tua
1931 5498 2173 5565 edoceri,

607 5596 859 5666 quisnam
883 5592 1107 5648 Patrum
1139 5602 1455 5647 sanctorum
1485 5598 1540 5644 et
1570 5589 1791 5643 ubinam
1826 5606 1986 5643 unam
2019 5591 2175 5648 libri.

2288 4390 2692 4460 ἐναντιούμενοι
2718 4391 2934 4455 ἑαυτοῖς
2982 4391 3078 4444 καὶ
3121 4391 3393 4463 ἀλλήλοις,
3428 4392 3547 4449 ἀλλ’
3571 4397 3659 4451 ὅτι
3692 4392 3864 4463 ἀμφό-

2284 4498 2438 4551 τερα,
2472 4481 2712 4546 εὐσεϐῶς
2745 4482 3033 4553 νοούμενα,
3065 4484 3165 4536 οὐκ
3201 4484 3529 4538 ἐκπίπτουσι
3575 4490 3681 4558 τῆς
3710 4487 3860 4556 ὀρθο-

2280 4572 2481 4639 δοξὶας.
2515 4575 2575 4628 El
2613 4573 2669 4628 δέ
2699 4592 2781 4638 τις
2825 4576 3017 4647 ἐχυρὸς
3047 4576 3140 4630 τοῦ
3172 4576 3305 4629 Θεοῦ
3366 4580 3460 4630 καὶ
3489 4576 3693 4634 ἑαυτοῦ
3740 4581 3859 4639 τοὺς

2283 4662 2474 4731 λόγους
2506 4663 2617 4723 τῶν
2640 4664 2798 4719 θείων
2827 4668 3086 4735 Πατέρων
3110 4668 3541 4740 παρερμηνεύει,
3571 4672 3741 4743 ἡμεῖς
3767 4674 3860 4725 οῦκ

2280 4756 2758 4830 ἀποδοκιμάσομεν
2814 4760 2883 4813 τὰ
2904 4760 3088 4825 καλῶς
3135 4762 3417 4833 γραφέντα
3444 4765 3539 4817 καὶ
3576 4765 3857 4837 νοηθέντα’

2282 4850 2331 4902 εί
2364 4849 2471 4919 γὰρ
2525 4849 2685 4903 τοῦτο
2715 4851 2938 4920 ποιῆσαι
2975 4852 3300 4923 θελήσομεν,
3337 4855 3437 4920 τὰς
3482 4857 3743 4924 πλείονας
3772 4857 3857 4912 τοῦ

2282 4959 2339 4995 τε
2400 4940 2556 5012 ἁγίου
2590 4942 2925 5012 Εὑαγγελίου
2990 4945 3083 4997 καὶ
3127 4946 3236 5000 τῶν
3265 4944 3468 5001 λοιπῶν
3503 4949 3859 5022 ἁγιογράφων

2280 5036 2481 5091 δέλτων
2515 5036 2690 5104 λέξεις
2721 5038 3176 5109 ἀπορῤαπίσομεν
3201 5055 3218 5072 ο
3250 5038 3435 5109 σχεδὸν
3455 5042 3565 5110 γὰρ
3591 5044 3659 5097 ὲκ
3684 5045 3858 5113 πάσης

2270 5128 2479 5209 λέξεως
2515 5130 2625 5185 τῶν
2654 5130 2828 5201 ἁγίων
2872 5132 3105 5204 Γραφῶν
3162 5133 3373 5205 αἵρεσιν
3399 5134 3786 5207 ἀπεγέννησαν
3811 5137 3855 5189 οἱ

2280 5224 2372 5278 τοῦ
2396 5224 2718 5295 γράμματος
2752 5225 3039 5294 ἱερόσυλοι.

2363 5406 2421 5459 '0
2454 5404 2861 5461 ΘΕΩΡΙΛΝΟΣ.
2889 5406 3001 5461 Καὶ
3031 5407 3088 5459 ὲν
3115 5403 3181 5481 τῇ
3208 5407 3447 5481 προτέρᾳ
3462 5409 3704 5477 διαλέξει
3735 5410 3856 5480 ἠθε-

2278 5497 2524 5571 λήσαμεν
2541 5496 2962 5567 ἀναδιδαχθῆναι
2983 5498 3133 5569 παρὰ
3153 5498 3251 5568 τῆς
3278 5499 3518 5570 μεγάλης
3540 5501 3855 5570 ἁγιωσύνης

2283 5608 2400 5657 σου,
2455 5589 2537 5653 τίς
2586 5589 2696 5643 τῶν
2746 5588 2919 5658 ἁγίων
2961 5589 3055 5643 καὶ
3095 5590 3197 5644 ποῦ
3235 5592 3363 5663 μίαν
3405 5593 3568 5662 φύσιν
3623 5590 3750 5649 εἷπε
3771 5596 3855 5647 τὸν

675 5798 792 5870 (i7)
840 5792 916 5851 ita
940 5808 998 5851 se
1028 5804 1277 5850 acturum
1308 5792 1364 5849 in
1386 5788 1568 5847 futura
1603 5788 1808 5864 synodo
1854 5791 2178 5862 promiserat
2219 5790 2413 5847 Nerses
2455 5792 2655 5864 disput,
2684 5792 2846 5865 prim.
2871 5793 2969 5848 sub
2999 5794 3178 5851 finem.
