4026 6296
217 378 321 442 SH

1596 383 2062 448 DISPUTATIO
2098 387 2189 453 Π.

3377 378 3488 450 242

222 500 466 569 Χριστόν
489 515 501 529 ·
530 500 628 553 καὶ
656 499 819 554 τοῦτο
849 502 971 556 τότε
996 503 1133 568 τέως
1169 504 1269 558 οὒκ
1301 505 1507 570 ἔδειξας
1529 523 1542 537 ·
1576 504 1674 559 νῦν
1698 504 1812 569 οὖν,

1925 502 1986 556 sti
2010 510 2258 557 naturam
2292 501 2508 557 dixerit.
2542 500 2693 568 Quod
2723 498 2985 555 hactenus
3020 515 3124 555 non
3150 498 3497 556 demonstra-

223 592 323 665 [εἴ]
356 610 440 646 σοι
473 593 702 648 δυνατόν
741 597 881 655 ἐστι.
916 598 1109 664 δεῖξον.

300 686 463 739 ΚΑΘ.
504 686 778 755 Ἐτοίμως
804 688 913 757 ἔχω
943 690 1099 744 τοῦτο
1125 692 1206 755 είς
1244 691 1413 761 μέσον
1443 693 1809 762 παραγαγεῖν.

242 776 336 829 Ἕν
361 780 431 846 τῇ
465 777 605 845 πρὸς
649 780 909 833 Ἀκάκιον
954 781 1260 853 Μελιτηνῆς
1284 784 1538 855 ἐπιστολῇ
1567 787 1595 838 ὁ
1632 785 1811 856 μακὰ-

216 884 356 938 ·ριος
392 867 663 939 napum;
699 872 1083 943 ἀριδηλότερον
1109 874 1271 928 τοῦτο
1306 875 1609 948 παρίστησι
1630 897 1643 909 ·
1680 877 1815 948 φησὶ

224 960 339 1029 γὰρ
368 962 573 1015 ταῦτα’
602 981 621 1013 ι
651 964 732 1016 Τὰ
757 964 817 1029 ἐξ
871 958 946 1017 ὧν
972 967 1118 1020 ἐστιν
1159 968 1188 1021 ὁ
1239 965 1321 1031 εἷς
1356 969 1451 1023 καὶ
1496 970 1654 1041 μόνος
1687 972 1815 1031 Υἱὸς

231 1053 331 1106 καὶ
360 1052 565 1123 Κύριος
610 1055 817 1122 Ἰησοῦς
845 1057 887 1110 Χ
897 1058 1099 1128 ριστδς,
1128 1058 1206 1123 ὠς
1236 1061 1291 1114 ιν
1323 1062 1554 1125 ἐννοίαις
1583 1063 1813 1135 δεχόμε-

228 1161 335 1210 νοι,
392 1144 489 1197 δύο
546 1147 646 1214 μὲν
694 1146 886 1216 φύσεις
924 1150 1167 1219 ἡνῶσθαι
1212 1171 1392 1223 φαμεν
1463 1155 1604 1226 μετὰ
1634 1155 1816 1227 δὲτὴν

224 1238 431 1291 ἕνωσιν
484 1238 558 1299 ὡς
606 1241 959 1312 ἀνῃρημένης
1004 1243 1107 1315 ἤδη
1127 1244 1227 1314 τῆς
1278 1248 1357 1310 είς
1406 1246 1500 1302 δύο
1528 1249 1815 1319 διατομῆς,

230 1331 369 1399 μίαν
400 1326 544 1383 εἶναι
579 1334 907 1406 πιστεύομεν
945 1335 1043 1406 τὴν
1086 1337 1180 1390 τοῦ
1213 1338 1343 1391 Υἱοῦ
1373 1338 1535 1408 φύσιν
1568 1340 1643 1405 ὡς
1674 1340 1814 1409 ἑνὸς,

229 1422 378 1492 πλὴν
405 1424 931 1495 ένανθρωπήσαντος
956 1429 1051 1482 καὶ
1087 1432 1529 1500 σεσαρκωμένου.

302 1515 505 1572 ΘΕΩΡ.
530 1516 829 1588 Θαυμάζω,
859 1521 1117 1586 δέσποτα,
1150 1521 1268 1586 πῶς
1325 1522 1454 1578 ἄλλο
1494 1526 1819 1596 ὑποσχεθεὶς

227 1605 429 1672 δεῖξαι,
462 1606 594 1661 ἄλλο
628 1609 967 1680 παρήγαγες.
1012 1611 1354 1682 ’Υπεσχέθης
1376 1614 1484 1686 γὰρ
1529 1616 1698 1681 δεῖξαι
1729 1618 1818 1671 τὸν

232 1698 515 1768 μακάριον
540 1698 806 1769 Κύριλλον
834 1700 1061 1769 λέγοντα
1094 1703 1224 1774 μίαν
1250 1703 1412 1771 φύσιν
1437 1706 1527 1759 τὸν
1559 1708 1602 1760 Χ
1611 1709 1815 1778 ριστὸν·

226 1790 256 1840 ὁ
280 1790 331 1843 δὲ
367 1790 427 1843 οὐ
457 1789 609 1859 λέγει
638 1790 817 1848 τοῦτο.
860 1793 1020 1848 Ἀλλὰ
1058 1796 1151 1861 τί;
1183 1797 1327 1850 Μίαν
1376 1794 1515 1854 εἶναι
1569 1802 1821 1856 πιστεύο-

232 1900 340 1949 μεν
367 1882 469 1952 τὴν
498 1881 593 1936 τοῦ
626 1884 757 1937 Υίοῦ
783 1885 943 1955 φύσιν
974 1888 1049 1951 ὼς
1082 1889 1201 1954 ἑνός
1223 1902 1238 1917 ·
1270 1893 1369 1947 καὶ¹
1394 1892 1514 1947 τότε
1548 1895 1817 1965 ἐπήγαγε,

228 1973 385 2043 Πλὴν
415 1976 943 2045 ἐνανθρωπήσαντος
980 1980 1076 2034 καὶ
1114 1984 1560 2055 σεσαρκωμένου.
1620 1987 1823 2042 Ἔασον

225 2061 343 2123 οὖν.
365 2068 416 2119 εἰ
449 2067 709 2127 κελεύεις.
728 2070 824 2135 τὰς
841 2074 1064 2143 χρήσεις
1078 2077 1176 2138 τὰς
1195 2076 1491 2147 λεγομένας
1518 2078 1646 2149 μίαν
1663 2080 1823 2149 φύσιν

225 2157 327 2211 τνιῦ
386 2160 589 2213 ,Υἱοῦ·
642 2164 771 2232 περὶ
833 2165 941 2233 γὰρ
1009 2167 1200 2222 τούτου
1281 2171 1510 2241 οὐδεμία
1589 2173 1826 2242 ἀμφιδο-

228 2247 324 2300 ita.
354 2265 373 2278 ⁶
417 2248 638 2307 λέλυται
678 2254 787 2325 γὰρ
838 2258 894 2309 ἐν
950 2261 1017 2329 τῇ
1076 2261 1321 2333 προτέρα
1373 2263 1625 2329 διαλέξει,
1685 2268 1743 2318 ἐν
1788 2261 1822 2341 ᾖ

226 2343 644 2414 παρηγάγομεν
681 2347 772 2399 τὸν
821 2350 993 2418 μέγαν
1067 2350 1381 2407 Ἀθανάσιον
1444 2358 1573 2425 περὶ
1613 2358 1823 2427 Ἀρείου

235 2434 499 2502 λέγοντα,
542 2438 657 2501 πῶς
694 2439 907 2505 ἐδόξαζε
954 2441 1049 2495 δύο
1080 2444 1275 2512 φύσεις
1304 2446 1399 2499 τοῦ
1416 2448 1610 2515 Λόγου,
1663 2450 1824 2504 Ἀλλὰ

227 2528 410 2593 δ-ἰξον
476 2529 581 2583 ποῦ
638 2532 974 2604 γέγραπται,
1009 2536 1105 2607 μία
1139 2536 1300 2608 φύσις
1334 2537 1480 2595 ἐστὶν
1506 2542 1534 2596 ὁ
1567 2544 1820 2615 Χριστός.

303 2801 475 2857 ΚΛΘ.
537 2803 681 2858 Ἀλλ’
716 2807 930 2875 εἴρηκε,
966 2827 983 2861 ι
1018 2808 1171 2863 Μετὰ
1194 2810 1249 2863 δέ
1280 2828 1343 2880 γε
1374 2813 1471 2883 τὴν
1520 2813 1711 2869 ἕνωσιν
1750 2817 1825 2881 ὡς

233 2896 597 2967 ἀνῃρημένης
643 2899 742 2969 ἤδη
790 2901 884 2971 τῆς
928 2904 1007 2965 εἰς
1034 2902 1127 2956 δύο
1161 2903 1441 2975 διατομῆς.
1475 2925 1492 2956 ι
1532 2906 1595 2960 Τί
1634 2906 1825 2961 τούτου

234 2988 420 3059 ζητεῖς
448 2991 782 3059 σαφέστερον
804 3009 819 3057 ;

296 3084 500 3138 ΘΕΩΡ.
523 3084 597 3135 Τὸ
620 3104 637 3137 ι
680 3084 768 3149 Ὠς
796 3086 1149 3158 ἀνῃρημένης
1165 3088 1265 3159 ἤδη
1291 3088 1389 3158 τῆς
1418 3091 1495 3153 είς
1517 3089 1610 3144 δίο
1642 3090 1825 3144 διατο-

1921 594 2015 659 sti,
2054 610 2217 657 nunc.
2246 594 2291 648 si
2322 602 2494 662 potes,
2520 593 2863 648 demonstra.

1986 684 2147 743 GEN.
2183 686 2293 756 Ego
2321 701 2451 742 vero
2488 686 2544 741 id
2568 686 2619 739 in
2649 684 2880 740 medium
2915 684 3178 749 proferre,
3208 684 3340 739 nihil
3381 701 3497 738 mn-

1916 784 2101 836 ralior.
2159 779 2214 834 in
2244 776 2469 848 epistola
2506 779 2572 833 ad
2602 776 2854 832 Acacium
2883 775 3273 830 Meiitinensem
3304 775 3503 831 beatus

1916 872 2149 945 Cyrillus
2198 870 2481 941 perspicue
2516 884 2627 924 rem
2663 868 2825 923 tradit
2866 869 2950 923 his
2993 868 3206 923 verbis:
3238 886 3256 918 ι
3299 867 3393 930 Ea,
3426 881 3496 921 ex

1916 967 2117 1036 quibus
2163 974 2252 1020 est
2297 978 2436 1019 unus
2460 973 2513 1017 et
2542 961 2692 1017 solus
2725 958 2897 1015 Filius
2926 975 2989 1014 ac
3041 959 3298 1015 Dominus
3333 958 3492 1015 Jesus

1919 1059 2199 1123 Christus,
2234 1067 2487 1129 tanquam
2535 1055 2862 1125 cogitatione
2904 1053 3191 1124 complexi,
3220 1056 3351 1108 duas
3373 1054 3500 1122 qui-

1918 1154 2039 1209 dem
2092 1162 2316 1207 naturas
2386 1150 2667 1222 copulatas
2718 1162 2841 1204 esse
2896 1147 3167 1203 dicimus:
3228 1146 3321 1201 sed
3371 1154 3497 1216 post

1919 1246 2193 1310 unionem,
2216 1246 2377 1301 veluti
2402 1244 2513 1313 jam
2538 1243 2755 1298 sublata
2788 1241 3053 1297 divisione
3079 1240 3136 1295 in
3166 1240 3292 1305 duo,
3326 1254 3489 1294 unam

1918 1354 2037 1395 esse
2062 1340 2331 1393 credimus
2361 1336 2479 1391 Filii
2511 1344 2758 1391 naturam
2784 1344 2967 1403 utpore
2989 1334 3168 1399 unius,
3195 1346 3381 1387 verum
3412 1339 3493 1385 ta-

1920 1446 2041 1486 men
2085 1428 2365 1484 humanati
2397 1438 2558 1499 atque
2588 1426 2877 1482 incarnati.
2902 1443 2922 1478 ιν

1992 1517 2247 1575 THEOR.
2281 1517 2481 1583 Miror,
2542 1517 2777 1580 domine,
2820 1514 3087 1586 quomodo
3116 1512 3260 1569 aliud
3293 1510 3499 1583 promi-

1922 1613 2079 1676 seris,
2140 1612 2285 1665 aliud
2317 1610 2553 1666 dederis.
2586 1609 2923 1664 Promiseras
2976 1608 3118 1662 enim
3162 1615 3213 1661 te
3240 1615 3496 1660 ostensu-

1923 1719 2067 1768 rum,
2120 1718 2149 1757 a
2183 1704 2341 1758 beato
2388 1701 2591 1773 Cyrillo
2623 1700 2827 1757 CitriSli
2856 1699 2960 1754 dici
2994 1714 3153 1753 unam
3198 1710 3450 1753 naturam
3476 1714 3497 1751 ε

1924 1797 1968 1851 is
2001 1811 2128 1851 vero
2167 1794 2386 1849 minime
2442 1793 2492 1848 id
2542 1794 2636 1848 ait.
2703 1792 2843 1859 Quid
2877 1791 3049 1861 ergo?
3082 1790 3301 1847 Scilicet
3333 1802 3501 1864 unam

1923 1904 2045 1943 esse
2095 1888 2369 1942 credimus
2408 1883 2527 1940 Filii
2564 1896 2836 1951 naturam,
2896 1893 3081 1952 utpote
3126 1882 3329 1949 unius;
3382 1890 3494 1934 sta-

1926 1978 2126 2049 timque
2149 1979 2385 2035 addidit:
2413 1976 2793 2033 Verumtamen
2823 1974 3101 2030 humanaii
3124 1980 3289 2044 atque
3316 1972 3497 2029 ineat-

1925 2071 2054 2125 nati.
2102 2068 2304 2125 Omitte
2344 2069 2527 2138 igitur,
2571 2070 2615 2123 si
2660 2069 2857 2138 placet,
2892 2067 3190 2123 locutiOnes
3220 2065 3339 2121 illas
3372 2079 3495 2134 quae

1925 2178 2085 2217 unam
2118 2164 2301 2217 dicunt
2349 2161 2470 2216 Filii
2502 2172 2752 2216 naturam
2781 2178 2796 2216 :
2830 2174 3007 2229 neque
3038 2158 3181 2213 enim
3200 2160 3303 2213 hac
3332 2171 3499 2233 super

1923 2270 1982 2309 re
2012 2252 2305 2321 dubitatur,
2329 2269 2451 2325 quae
2479 2254 2531 2307 in
2574 2252 2852 2323 superiore
2893 2250 3161 2320 colloquio
3179 2261 3364 2305 nostro
3382 2247 3496 2319 jam

1924 2348 2142 2404 definita
2204 2360 2305 2411 est,
2358 2347 2447 2402 ubi
2510 2362 2764 2416 magnum
2830 2345 3189 2400 Athanasium
3236 2343 3499 2400 adversus

1924 2442 2114 2495 Arium
2150 2440 2413 2495 dicentem
2444 2439 2809 2501 exlnibuimus,
2843 2452 3078 2506 quanam
3128 2434 3328 2491 mentis
3382 2449 3497 2490 sua)

1926 2532 2141 2586 notione
2166 2535 2297 2586 duas
2336 2530 2497 2586 Verbi
2533 2540 2754 2585 naturas
2804 2529 3156 2599 intelligeret.
3223 2526 3327 2581 Sed
3359 2526 3491 2581 illud

1926 2627 2102 2695 potius
2148 2626 2477 2693 demonstra,
2504 2624 2721 2679 ubinam
2753 2622 3013 2693 scriptum
3044 2622 3115 2676 sit
3150 2636 3309 2675 uuam
3332 2619 3511 2675 Chrim

1926 2720 1994 2772 sti
2026 2734 2144 2774 esse
2175 2729 2452 2775 naturam.

1997 2809 2154 2863 GEN.
2187 2810 2346 2880 Atqui
2392 2810 2597 2864 dictum
2634 2808 2703 2864 ab
2740 2821 2805 2862 eo
2833 2817 2921 2862 est
2955 2822 2971 2864 ι
3010 2825 3030 2859 ι
3072 2805 3201 2861 Post
3234 2805 3506 2860 unionem.

1925 2915 2102 2958 autem
2140 2904 2300 2958 veluti
2338 2904 2449 2973 jam
2486 2902 2693 2958 sublata
2732 2907 2785 2957 in
2824 2902 2929 2957 duo
2965 2901 3254 2957 divisione.
3294 2918 3313 2953 ι
3357 2898 3495 2968 Quid

1929 2999 2029 3053 hoc
2062 2997 2263 3052 cia'ins
2300 2996 2577 3065 posmias?

1997 3089 2249 3145 THEOR.
2281 3088 2451 3143 Verba
2474 3106 2487 3144 :
2510 3108 2526 3140 ι
2556 3087 2895 3159 Snblatajnm
2928 3087 2979 3141 in
3012 3086 3115 3141 duo
3148 3085 3412 3141 divisrone
3435 3103 3452 3135 ι
3483 3122 3501 3151 ,

233 3176 347 3246 μῆς
372 3194 391 3229 ι
418 3220 431 3242 ,
472 3177 634 3231 τοῦτο
654 3178 822 3248 λέγει,
851 3180 910 3233 τὸ
940 3180 996 3235 δὲ
1056 3184 1135 3246 είς
1183 3183 1275 3236 δύο
1315 3185 1605 3254 Χριστοὺς,
1661 3184 1697 3254 ἢ
1738 3184 1823 3239 δύο

1934 3184 2244 3256 signiﬁcant
2279 3184 2357 3239 vel
2393 3183 2445 3237 in
2483 3183 2618 3238 duos
2652 3181 2921 3247 Christos,
2951 3180 3033 3235 vel
3066 3182 3119 3235 in
3154 3181 3287 3234 duas
3318 3193 3502 3250 perso-

230 3270 609 3342 πρόσωπα,ἦ
669 3270 764 3325 δύο
815 3272 1163 3338 ὑποστάσεις.
1227 3276 1293 3330 Εἰ
1336 3277 1391 3329 δὲ
1442 3279 1519 3342 είς
1573 3278 1666 3331 δύο
1733 3278 1831 3347 φύ-

235 3375 350 3420 σεις
380 3361 524 3413 νοεῖν
582 3360 806 3426 ἐθέλεις,
841 3362 983 3417 οὕτω
1021 3365 1233 3433 νοήσεις
1261 3367 1322 3419 τὸ
1362 3368 1528 3438 ῥητὸν
1566 3368 1830 3433 εὐσεϐῶς,

244 3468 262 3500 ι
310 3451 700 3523 Ἀνῃρημὲνης
752 3452 853 3524 ἥδη
914 3454 1014 3522 τῆς
1055 3456 1135 3519 είς
1178 3455 1271 3510 δύο
1331 3457 1520 3526 φύσεις
1579 3458 1685 3530 ἰδίᾳ
1742 3460 1833 3513 καὶ

238 3543 345 3595 ἀνὰ.
374 3545 546 3614 μέρος
574 3544 859 3616 διατομῆς,
891 3548 1173 3601 τουτέστιν
1202 3551 1281 3613 είς
1330 3548 1479 3601 θείαν
1504 3550 1666 3620 φύσιν
1703 3551 1830 3625 ἰδία,

238 3637 437 3702 nisi:
467 3637 826 3712 ἀνθρωπίνην
856 3642 1019 3711 φύσιν
1058 3642 1183 3715 ἰδία·
1224 3662 1242 3695 ι
1276 3645 1365 3713 ἀφ’
1394 3636 1454 3697 οὗ
1491 3645 1598 3715 γὰρ
1622 3644 1834 3718 ᾐνὼθη-

238 3750 337 3784 σαν
377 3734 437 3785 αἱ
470 3732 567 3786 δύο
612 3733 831 3803 φύσεις,
871 3736 1167 3808 ἀχώριστοι
1206 3739 1550 3809 μεμενήκασι
1588 3739 1681 3792 καὶ
1735 3755 1833 3807 με·

237 3825 426 3879 νοῦσιν
450 3827 541 3879 ἀεί
569 3844 580 3855 ·
615 3827 774 3882 τοῦτο
800 3828 910 3900 γάρ
955 3832 1072 3882 ἐστι
1093 3830 1160 3883 τὸ
1188 3830 1339 3902 παρὰ
1369 3831 1475 3885 τῶν
1503 3831 1674 3899 ἁγίων
1718 3830 1831 3884 Πα-

234 3921 417 3988 τέρων
476 3920 796 3991 λεγόμενον,
856 3941 875 3975 t
919 3923 1268 3992 ἀδιαιρέτως,
1348 3926 1692 3994 ἁχωρίστως,
1753 3926 1832 3990 είς

241 4015 374 4083 μὲαν
403 4014 704 4068 ὑπόστασιν
726 4015 979 4083 γενέσθαι
1008 4016 1104 4088 τὴν
1136 4016 1346 4071 ἕνωσιν.
1363 4036 1381 4069 ι
1408 4018 1527 4071 ’Ότι
1553 4019 1608 4071 δὲ
1632 4021 1659 4071 ὁ
1677 4018 1829 4086 Ξιγιος

241 4107 521 4180 Κῦριλλος
557 4109 659 4162 οὐκ
675 4109 1002 4179 ἑδογμάτιζε
1025 4109 1207 4183 [μίαν]
1240 4112 1399 4178 φύσιν
1451 4112 1541 4164 τὸν
1574 4112 1828 4181 Χριστὸν,

244 4199 428 4253 ἔνεστι
484 4198 827 4268 καταμαθεῖν
886 4200 995 4254 ἀπὸ
1053 4199 1268 4253 πολλῶν
1324 4199 1488 4253 αὐτοῦ
1537 4217 1827 4271 συγγραμ-

243 4291 477 4361 μάτων·
530 4288 800 4361 πολλαχοῦ
860 4291 969 4364 γὰρ
1021 4290 1113 4346 δύο
1172 4290 1363 4362 φύσεις
1420 4293 1678 4362 ὁμολογεί
1738 4292 1830 4346 τὸν

236 4383 505 4453 Χριστὸν,
559 4379 635 4446 ὡς
657 4382 923 4437 δέδεικται
967 4384 1024 4437 έν
1051 4385 1115 4454 τῇ
1176 4382 1424 4453 προτέρᾳ
1465 4382 1723 4450 διαλέξει.
1767 4384 1829 4436 Ei

237 4477 352 4547 γὰρ
378 4475 512 4544 μίαν
545 4474 710 4543 φύσιν
743 4473 1070 4545 ὲδογμάτιζε
1102 4476 1192 4529 τὸν
1222 4476 1480 4547 Χριστὸν,
1510 4475 1827 4547 εὑρίσκεται

1931 3295 2027 3334 nas
2060 3286 2151 3333 aut
2184 3279 2513 3349 hyposmses.
2546 3275 2697 3343 Quod
2728 3278 2772 3332 si
2804 3276 2854 3330 in
2886 3278 3018 3332 duas
3050 3284 3270 3329 naturas
3297 3274 3499 3330 intelai-

1924 3387 2049 3441 gere
2080 3371 2237 3433 velis,
2271 3382 2380 3425 tum
2420 3371 2597 3425 adhuc
2631 3371 2931 3424 orthodoxe
2966 3368 3043 3422 sic
3080 3367 3368 3421 dictionem
3407 3367 3499 3422 in-

1924 3464 2151 3535 telliges,
2190 3478 2381 3533 nempe
2422 3482 2435 3517 :
2478 3482 2496 3515 ι
2537 3461 2757 3517 Sublata
2782 3461 2893 3530 jam
2940 3462 2993 3515 in
3038 3460 3172 3516 duas
3206 3461 3499 3527 separatim

1926 3556 2339 3626 partialiterque
2376 3564 2599 3610 naturas
2632 3554 2929 3619 divisione;
2968 3554 3019 3607 id
3056 3562 3139 3608 est
3172 3552 3226 3607 in
3258 3551 3497 3606 divinam

1925 3658 2171 3703 naturam
2201 3665 2465 3715 seorsum,
2492 3648 2733 3717 itemque
2762 3661 3012 3704 seorsum
3042 3648 3093 3703 in
3120 3646 3435 3701 humanam.
3470 3662 3491 3698 ι

1923 3738 2002 3795 Ex
2034 3756 2140 3809 quo
2170 3742 2313 3796 enim
2347 3742 2507 3795 unitas:
2532 3740 2751 3796 fuerunt
2776 3742 2893 3795 dua:
2926 3749 3152 3798 naturae.
3179 3754 3255 3793 eae
3287 3738 3501 3808 insepa-

1925 3834 2119 3888 rabiles
2167 3842 2504 3898 manserunt,
2562 3848 2882 3903 semperque
2923 3842 3160 3887 manent.
3193 3830 3307 3887 Hoc
3350 3831 3494 3885 enim

1922 3928 2062 3996 apud
2098 3925 2289 3982 Patres
2323 3926 2590 3995 signiticat
2633 3927 2724 3980 illa
2768 3926 3006 3981 locutio:
3038 3945 3055 3976 ι
3086 3924 3497 3979 lodivisibiliter

1922 4028 1975 4071 et
2024 4016 2454 4087 inseparabiliter
2516 4016 2617 4071 sub
2677 4031 2780 4069 una
2839 4030 3068 4084 persona
3120 4014 3315 4069 factam
3372 4030 3497 4070 esse

1924 4109 2203 4165 unionem.
2262 4127 2281 4159 ι
2342 4108 2495 4175 Quod
2547 4121 2727 4164 autem
2781 4116 3002 4163 sanctus
3053 4106 3284 4178 Cyrillus
3334 4123 3495 4161 unam

1921 4202 2121 4257 Christi
2176 4212 2425 4256 naturam
2483 4216 2603 4257 esse
2664 4217 2768 4256 non
2826 4202 3139 4267 censuerit,
3189 4215 3253 4255 ex
3313 4201 3498 4257 midtis

1922 4294 2167 4365 ejusdem
2200 4294 2416 4364 scriptis
2448 4308 2777 4364 cognoscere
2806 4293 2931 4348 licet
2966 4309 2981 4347 :
3016 4308 3155 4360 sa~pe
3184 4292 3326 4347 enim
3359 4293 3494 4347 duas

1922 4386 2125 4442 Christi
2158 4384 2452 4441 conﬁtetur
2478 4396 2725 4449 naturas,
2748 4385 2907 4440 sicuti
2932 4386 2986 4439 in
3016 4384 3197 4455 priore
3227 4385 3499 4455 colloquio

1923 4480 2349 4533 demonstratum
2400 4476 2524 4531 fuit.
2572 4477 2703 4531 Nam
2761 4478 2806 4532 si
2859 4476 2997 4531 forte
3045 4477 3282 4547 Cyrillus
3335 4494 3499 4532 unam

237 4567 301 4621 οὗ
351 4567 515 4637 μόνον
551 4568 689 4620 πᾶσι
729 4569 839 4631 τοῖς
881 4566 1057 4635 ἁγίοις
1091 4567 1392 4640 Πατράσιν,
1438 4566 1574 4620 ἀλλὰ
1603 4568 1697 4619 καὶ
1725 4567 1823 4621 αὑ·-

1931 4568 2131 4625 Christi
2170 4578 2423 4623 naturam
2467 4583 2587 4623 esse
2621 4569 2913 4631 docuisset,
2946 4582 3050 4622 non
3087 4569 3256 4621 solum
3294 4570 3497 4624 sanctis

237 4655 331 4719 τὸς
376 4653 573 4709 ἑαυτοῦ
604 4655 1032 4728 διαμαχόμενος.
1097 4657 1185 4710 Ἐν
1218 4656 1346 4724 γοῦν
1385 4658 1522 4730 πρὶς
1568 4657 1821 4728 Ἰωάννην

240 4749 553 4801 ἐπίσκοπον
613 4749 947 4819 Ἀντιοχείας
989 4748 1118 4819 περὶ
1159 4748 1257 4819 τῆς
1286 4750 1510 4819 εἰρήνης
1539 4749 1818 4819 ἐπιστολῇ,

240 4844 335 4897 ἵνα
364 4842 464 4906 τὰς
511 4844 891 4913 παραχθείσας
944 4843 1066 4895 τότε
1119 4844 1343 4915 χρήσεις
1375 4847 1432 4898 ὲν
1462 4846 1528 4915 τῇ
1567 4844 1822 4917 φθασάσῃ

236 4935 505 5005 γενέσθαι
550 4935 785 5002 διαλέξει
848 4934 1192 5007 παραλείψω,
1227 4934 1369 4989 οὕτω
1417 4935 1601 5005 σαφῶς
1649 4952 1821 5005 φησι·

239 5052 263 5086 ιι
298 5030 418 5092 Τὰς
448 5029 505 5081 δὲ
532 5029 893 5098 εὐαγγελικὲις
923 5025 1161 5098 περὶτοῦ
1186 5026 1387 5098 Κυρίου
1424 5025 1629 5095 φωνὰς,
1666 5026 1823 5091 ἴσμεν

228 5129 373 5188 τοὺς
412 5123 695 5192 θεολόγονς
749 5122 948 5195 ἄνδρας
1002 5121 1099 5186 τὰς
1136 5122 1235 5193 μὲν
1260 5120 1697 5183 κοινοποιοῦντας
1748 5120 1822 5183 ὡς

230 5218 331 5289 ἐφ’
358 5217 478 5280 ἑνὸς
511 5216 829 5287 προσώπου,
858 5216 959 5277 τὰς
1002 5214 1057 5267 δὲ
1107 5214 1446 5285 διαιροῦντας
1505 5212 1579 5276 ὡς
1612 5213 1703 5265 ἐπὶ
1733 5211 1823 5265 δύο

234 5318 476 5389 φύσεις·
504 5316 596 5368 καὶ
623 5314 721 5378 τὰς
783 5315 880 5385 μὲν
912 5314 1237 5384 θεοπρεπεῖς
1295 5309 1437 5364 κατὰ
1464 5310 1561 5377 τὴν
1591 5307 1822 5377 θεότητα

228 5413 339 5468 τοῦ
376 5408 640 5482 Χριστοῦ,
685 5408 785 5471 τὰς
822 5406 880 5462 δὲ
909 5406 1191 5470 ταπεινὰς,
1220 5407 1361 5460 κατὰ
1393 5404 1489 5476 τὴν
1543 5401 1826 5475 ἀνθρωπὸ-

233 5523 385 5576 τητα
412 5502 579 5556 αὑτοῦ
607 5489 1018 5573 παραδιδόντας.
1054 5519 1071 5551 ι
1116 5501 1175 5552 '0
1198 5494 1288 5554 οὖν
1307 5498 1449 5553 οὕτω
1485 5498 1575 5551 καὶ
1608 5495 1824 5567 φρονῶν

240 5600 347 5652 καὶ
368 5597 622 5665 γράφων,
638 5594 755 5660 πῶς
777 5593 996 5664 ἔμελλεν
1017 5592 1258 5647 ἐναντίον
1273 5592 1434 5647 αὑτοῦ
1452 5591 1826 5661 δογματίζεινς

236 5689 385 5758 Φησὶ
410 5685 522 5758 γὰρ
545 5686 646 5751 τὰς
676 5686 774 5757 μὲν
807 5683 1247 5747 κοινοποιοῶτας
1279 5684 1354 5746 ὡς
1385 5684 1471 5752 ἐφ’
1509 5682 1626 5749 sva;
1654 5700 1826 5753 προσ-

243 5761 426 5844 ὧπον,
479 5781 579 5842 τὰς
601 5778 659 5831 δὲ
693 5777 1036 5849 διαιροῦντας
1057 5777 1131 5839 ὡς
1158 5778 1252 5830 ἐπὶ
1278 5774 1373 5830 δύο
1398 5775 1611 5847 φύσεις.
1662 5774 1828 5829 Ἀλλὶ

247 5875 345 5930 καὶ
368 5869 729 5941 παρακατιὼν
742 5887 900 5940 φησι·
926 5890 943 5924 ι
966 5869 1156 5942 Ταύτῃ
1171 5887 1253 5924 τοι
1268 5870 1360 5925 καὶ
1379 5870 1407 5926 δ
1427 5868 1702 5938 πάνσοφος
1716 5868 1821 5923 Πέ-

1925 4662 2207 4726 Patrihus,
2262 4676 2448 4716 verum
2508 4662 2625 4731 ipse
2679 4660 2782 4716 sibi
2843 4674 3146 4730 repugnare
3200 4660 3493 4716 videretur.

1925 4752 2135 4808 Etenim
2178 4753 2231 4807 in
2272 4752 2500 4822 epistola
2533 4754 2600 4807 de
2636 4768 2766 4823 pace
2800 4751 2864 4805 ad
2902 4750 3161 4806 Joannem
3197 4753 3497 4809 Antiochia:

1924 4846 2234 4914 episcopum
2291 4848 2469 4916 (mitto
2512 4846 2653 4900 enim
2702 4845 3051 4901 auctoritates
3095 4860 3233 4915 quas
3279 4846 3391 4913 jam
3441 4847 3496 4901 in

1923 4938 2206 5008 superiore
2245 4938 2616 5008 disputatione
2662 4937 3026 5007 laudavimus)
3072 4937 3153 4993 sic
3193 4948 3375 5008 aperte
3414 4941 3497 4995 di-

1923 5031 1997 5084 cit
2034 5045 2048 5083 :
2093 5047 2111 5079 ι
2150 5029 2503 5099 Evangelicas
2533 5030 2600 5085 dc
2633 5030 2850 5086 Christo
2884 5029 3187 5085 locutiones
3224 5031 3429 5087 scimus
3463 5047 3507 5085 at

1929 5121 2189 5192 theologis
2217 5124 2411 5192 partim
2446 5123 2538 5177 uni
2574 5137 2815 5191 personae
2846 5138 3169 5179 communes
3201 5123 3338 5187 ﬁeri,
3367 5140 3495 5193 par-

1929 5214 2023 5267 tim
2071 5215 2232 5269 dividi
2283 5230 2346 5269 ac
2394 5214 2604 5270 duabus
2656 5216 2865 5271 naturis
2913 5217 3155 5272 attribui.
3205 5215 3267 5271 Et
3315 5218 3493 5273 subli-

1929 5311 2127 5364 miores
2161 5308 2375 5378 quidem
2410 5309 2477 5364 ad
2510 5308 2713 5366 Christi
2744 5309 3116 5368 divinitatem.
3152 5310 3383 5365 humiles
3421 5311 3489 5363 a.l

1927 5401 2163 5471 ejusdem
2200 5400 2583 5455 humanitatem
2620 5402 2894 5471 pertinere
2924 5414 3131 5471 putant.
3162 5421 3180 5454 ι
3222 5402 3321 5469 Qui
3358 5418 3503 5473 ergo.

1928 5499 2005 5551 sic
2051 5496 2125 5549 ait
2174 5505 2228 5548 ot
2270 5495 2483 5559 scribit,
2517 5509 2744 5548 curnam
2789 5494 3063 5548 contraria
3106 5494 3339 5563 dogmati
3388 5508 3489 5547 suo

1928 5587 2269 5643 censuisset?
2298 5587 2439 5641 Dicit
2472 5585 2635 5651 enim,
2666 5585 2799 5641 alias
2835 5585 3135 5640 locutiones
3169 5598 3497 5640 communes

1930 5680 2042 5736 fieri
2096 5679 2185 5734 nni
2246 5694 2518 5747 personae,
2568 5679 2702 5733 alias
2749 5677 2965 5733 divisim
3017 5676 3228 5731 duabus
3281 5676 3495 5730 naturis

1930 5774 2165 5829 attribui.
2205 5772 2339 5827 Tum
2390 5773 2445 5829 in
2498 5771 2948 5842 subsequentibus
2995 5770 3126 5826 dicit
3174 5788 3188 5826 :
3240 5788 3260 5823 ι
3314 5769 3386 5823 lta
3432 5778 3496 5826 et

1929 5867 2365 5939 Sapientissinms
2394 5865 2586 5923 Petrus
2612 5881 2627 5922 :
2653 5863 2883 5935 Cliristo,
2915 5864 3223 5936 inquit,pro
3258 5863 3412 5918 nobis
3438 5863 3493 5917 in
