4026 6296
444 316 548 389 24⁸7
1877 332 2278 395 ΤΗΕΟΒΙΛΝ
2288 333 2312 393 Ι
3584 324 3697 388 248

517 437 776 497 ΤΠΕΟΒ.
812 441 870 498 Si
911 443 1233 499 traditiones
1262 445 1401 516 ejus,
1432 455 1488 499 ut
1521 445 1679 509 dicis.
1712 445 2011 501 custodire-

2185 446 2385 499 ΘΕΩΡ.
2438 445 2500 498 El
2529 446 2627 509 τὰς
2669 447 2879 500 ἐκείνου
2914 444 3265 518 παραδόσεις,
3298 442 3373 504 ὠς
3403 437 3532 513 qui);
3563 439 3699 508 ὲφυι

445 528 549 592 tis,
593 544 933 603 nequaquam
977 532 1232 591 Patribus
1283 535 1739 591 adversarcmini.
1779 536 2014 593 Prorsus

2126 539 2364 607 λάττετε,
2391 538 2622 613 ἐναντίοι
2665 540 2775 602 τοῖς
2816 537 3097 610 Πατράσιν
3126 535 3226 589 οὐκ
3256 530 3323 588 ἂν
3373 527 3492 599 ἦτε.
3531 530 3701 600 ’Δκή-

441 622 589 676 enim
657 638 832 696 nuper
894 627 1093 681 audisti
1164 627 1434 697 prolatum
1504 642 1534 683 a
1603 628 1761 684 nobis
1830 628 2013 699 magni

2126 649 2249 695 κοας
2269 632 2488 696 πάντως
2516 632 2619 702 τήν
2648 628 2877 704 ἔναγχος
2901 628 3205 703 παρ’ήμῶν
3232 620 3701 697 παραδειχθεῖσαν

443 716 728 772 Athanasii
762 718 1159 786 testimonium,
1186 720 1391 777 inferos
1422 736 1517 778 eos
1550 721 1889 793 appellantis,
1921 722 2014 793 qui

2126 724 2315 797 κρῆσιν
2352 725 2447 781 τοῦ
2476 725 2714 797 μεγάλου
2736 724 3089 788 Ἀθανασίου,
3122 721 3242 785 πῶς
3272 718 3409 793 ᾅδην
3438 717 3695 785 ὠνόμασε

443 802 684 860 Verbum
728 813 787 862 et
820 823 1039 862 carnem
1076 810 1263 865 dicunt
1303 826 1465 865 unam
1506 822 1755 867 naturam
1800 829 1819 867 ι
1857 829 2012 868 eum-

2126 821 2241 884 τοὺς
2274 819 2531 887 λέγοντας
2559 819 2651 873 τὸν
2672 818 2847 888 Λόγον
2870 819 2966 873 καὶ
2988 817 3087 887 τὴν
3123 813 3307 886 σάρκα
3330 811 3466 878 μίαν
3501 810 3697 880 φύσιν·

440 897 674 985 demque
703 898 919 956 Patrem
957 917 1085 956 mox
1116 903 1405 970 dicentem,
1433 904 1732 975 quamlibet
1760 907 2012 963 haeresim

2126 912 2210 966 καὶ
2241 911 2356 975 πῶς
2390 929 2522 983 φησι
2557 910 2960 985 παρακατιὼν·
2996 928 3015 961 ι
3047 909 3236 979 Πάσης
3274 906 3384 976 γὰρ
3433 903 3703 973 αἱρέσεως

440 981 723 1059 impietate
765 1006 862 1047 vos
911 994 1271 1065 superavisse.
1305 994 1493 1067 Neque
1533 1013 1665 1053 vero
1715 1008 1767 1055 te
1817 1000 2016 1071 pudeat

439 1083 694 1139 convinci
725 1098 755 1139 a
784 1084 963 1150 nobis,
986 1102 1218 1156 quorum
1250 1089 1519 1144 mundana
1546 1089 1761 1145 fortuna
1791 1101 1844 1144 et
1872 1091 2016 1146 litte-

444 1184 630 1230 ratura
663 1177 809 1231 nulla
838 1187 944 1244 est,
970 1182 1064 1235 sed
1092 1182 1240 1236 illum
1274 1183 1447 1254 cogita
1473 1192 1648 1240 vatem
1677 1184 2014 1256 Balaamum,

439 1272 532 1341 qui
562 1285 622 1326 se
649 1272 730 1326 Vel
759 1270 828 1326 ab
857 1273 1009 1329 asina
1042 1275 1239 1347 corrigi
1274 1293 1468 1345 passus
1496 1287 1600 1333 est.

512 1451 606 1509 His
630 1453 943 1526 disputatis,
968 1456 1041 1513 ait
1066 1457 1315 1515 Generali
1341 1460 1610 1517 Atmanus
1634 1478 1650 1518 :
1679 1454 1791 1533 Ego
1817 1477 2015 1518 arcana

436 1539 537 1601 fari
562 1548 777 1614 nescio;
804 1564 970 1604 unmn
997 1551 1101 1606 hoc
1126 1552 1266 1617 scio,
1289 1562 1340 1608 te
1366 1554 1676 1625 imperatori
1701 1556 2013 1625 scripsisse,

438 1648 493 1694 et
538 1641 724 1697 verbis
773 1643 935 1698 etiam
990 1644 1383 1715 significavisse
1436 1663 1534 1719 per
1580 1648 1723 1705 hunc
1772 1648 2015 1705 sodalem

443 1745 621 1785 meum
666 1731 1052 1802 philosophum
1101 1737 1194 1807 qui
1246 1753 1461 1794 mecum
1508 1739 1680 1795 adest.
1724 1738 2014 1811 Propterea

438 1837 538 1878 ceu
570 1823 639 1879 ad
668 1825 972 1882 coniectum
1006 1829 1281 1899 negotium
1312 1830 1456 1896 veni,
1492 1845 1600 1886 non
1638 1831 1705 1888 ad
1738 1833 2015 1902 discepta-

442 1918 669 1973 tionem.
697 1917 851 1989 Rogo
880 1920 1063 1993 igitur,
1094 1937 1226 1977 num
1256 1937 1317 1978 ea
1351 1940 1473 1994 qua:
1502 1923 1817 1994 imperatori
1848 1926 2019 1997 signi-

2119 998 2282 1057 πλέον
2311 1002 2391 1066 εἰς
2423 1001 2682 1056 ἀσέϐειαν
2704 998 3071 1068 ὲξεκλίναιῑε.»
3101 999 3215 1053 Καὶ
3273 995 3348 1066 μὴ
3403 992 3705 1063 αἰσχυνθῇς

2118 1090 2213 1165 ύφ⁴
2268 1093 2458 1166 ήμῶνξ
2479 1091 2902 1167 ἐλεγχόμενοςμ
2928 1093 3042 1172 τῷν
3062 1090 3205 1145 κατὰ
3300 1089 3395 1144 τὸν
3460 1086 3576 1159 βίον
3605 1085 3703 1139 καὶ

2115 1188 2208 1241 τὸν
2238 1187 2400 1258 λόγον
2426 1185 2581 1241 οὐδὲν
2612 1186 2807 1253 ὄντων,
2833 1185 2953 1239 ἀλλ’
2981 1182 3328 1255 ἐνθυμήθητι
3353 1179 3450 1235 τὸν
3502 1178 3701 1249 μάντιν

2117 1277 2326 1336 ἐκεῖνον
2364 1281 2461 1334 τὸν
2499 1276 2732 1335 παλαιὸν
2764 1277 3019 1349 Βαλαὰμ,
3058 1276 3120 1342 ὃς
3152 1273 3380 1345 καὶτῆς
3430 1270 3555 1327 όνου
3607 1269 3704 1324 τόν

2118 1374 2339 1445 ἔλεγχον
2359 1373 2644 1438 ἀσπασίως
2677 1372 2921 1445 ἐδέξατο.

2188 1467 2408 1521 Τούτων
2442 1464 2586 1519 οὕτω
2606 1464 2905 1536 ῥηθέντων,
2938 1464 2969 1518 ό
2988 1461 3259 1533 Ἀτμάνος
3298 1475 3423 1513 etus
3451 1456 3588 1525 πρὸς
3606 1454 3703 1508 τὸν

2117 1551 2441 1613 Καθολικόν.
2455 1548 2600 1625 Ἐγὼ
2615 1554 2975 1627 κεκρυμμένα
2998 1554 3179 1623 λέγειν
3201 1552 3301 1605 οὐκ
3320 1544 3460 1604 οῖδω
3479 1547 3537 1601 ἓν
3556 1541 3703 1612 οἴδα,

2115 1652 2199 1705 ὅτι
2219 1646 2469 1724 ἔγραψας
2488 1647 2623 1721 πρὸς
2640 1649 2733 1703 τὸν
2760 1647 3007 1719 βασιλέα,
3026 1647 3122 1702 καὶ
3138 1645 3405 1717 ἀγράφως
3418 1641 3703 1712 ἐμήνυσας

2118 1745 2256 1817 πρὸς
2282 1746 2446 1799 αὑτὸν
2481 1744 2570 1799 διὰ
2600 1743 2695 1800 τοῦ
2755 1742 3057 1814 συντρόφου
3116 1758 3219 1812 μου
3258 1739 3355 1793 τοῦ
3406 1735 3703 1807 φιλοσόφου

2119 1840 2179 1894 ὃν
2207 1833 2377 1902 οἶδας.
2407 1836 2517 1891 Καὶ
2548 1837 2635 1891 διὰ
2665 1836 2831 1890 τοῦτο
2854 1832 3022 1905 ἦλθον
3050 1834 3147 1890 νῦν
3185 1831 3269 1896 εῐς
3299 1832 3533 1903 πρᾶγμα
3565 1828 3702 1883 ἕτοι-

2124 1948 2243 2001 μον,
2261 1931 2363 1985 ούκ
2378 1930 2457 1993 εἰς
2473 1927 2989 2000 διαλέξεις.Ἐρωτῶ
3005 1922 3101 1982 οὖν
3124 1945 3182 1981 σε
3200 1926 3248 1980 εἰ
3272 1924 3446 1989 θέλεις
3470 1922 3704 1989 ποιῆσαι

443 2009 645 2076 licasti,
675 2019 797 2066 rata
829 2012 1070 2069 habeas?
1103 2015 1186 2071 sin
1223 2016 1421 2082 minus,
1451 2025 1640 2088 aperte
1670 2017 1723 2074 id
1756 2018 1927 2087 dicas,
1960 2028 2019 2075 ut

2126 2017 2156 2077 ἀ
2176 2021 2457 2092 ἐμήνυσας
2488 2016 2566 2089 τῷ
2594 2016 2830 2090 βασιλεῖ’
2862 2017 2911 2070 ει
2938 2015 2996 2071 δὲ
3028 2016 3265 2089 psi-imit}
3292 2014 3426 2087 ἡμῖν
3450 2009 3703 2083 φανερῶς

441 2114 810 2167 revertamur.
844 2107 971 2166 Hatc
1001 2111 1287 2169 audientes
1319 2112 1485 2169 verba
1522 2114 1597 2171 illi
1632 2114 1896 2188 episcopi.
1925 2118 2018 2189 qui

2126 2110 2210 2166 ῐνα
2237 2106 2691 2181 ὑποστρέψωμεν.
2720 2107 2946 2162 Τούτων
2984 2106 3244 2177 κατήκοοι
3289 2104 3399 2159 τῶν
3429 2103 3701 2176 ῥημάτων

434 2200 549 2268 jam
580 2210 741 2257 antea
772 2201 962 2261 oli'ensi
996 2214 1157 2262 erant
1180 2206 1459 2274 Generali,
1490 2209 1805 2265 tumultuari
1839 2225 2021 2283 caepe-

2126 2201 2410 2271 γεγονότες
2455 2200 2504 2252 οἱ
2560 2197 3170 2271 προσκανδαλισθέντες
3227 2195 3517 2268 ἀρχιερεῖς
3556 2193 3704 2247 κατὰ

437 2302 586 2359 runt,
624 2294 988 2367 invicemque,
1024 2308 1081 2351 ιιι
1128 2300 1363 2369 proximi
1412 2310 1602 2369 erant,
1637 2303 1819 2358 dicere
1870 2323 1885 2360 :
1937 2305 2016 2362 En

2126 2293 2212 2349 τοῦ
2256 2290 2590 2358 Καθολικοῦ,
2642 2286 2881 2365 ἤρξαντο
2937 2288 3293 2360 θορυϐεῖσθαι
3349 2286 3447 2341 καὶ
3517 2284 3704 2355 λέγειν

438 2400 565 2441 vera
596 2402 791 2459 reapse
818 2398 946 2444 sunt
971 2406 1091 2459 qua:
1121 2401 1279 2447 antea
1308 2392 1641 2451 audivimus.
1662 2394 1820 2451 Brevi
1855 2397 2019 2468 igitur

2126 2389 2350 2450 ἕκαστος
2380 2385 2519 2456 πρὸς
2569 2384 2663 2438 τὸν
2718 2383 2946 2450 ἔγγιστα
2994 2381 3204 2438 αὑτοῦ*
3258 2382 3467 2444 Ὄντως
3523 2378 3703 2449 ἀληθῆ

437 2480 593 2551 lapso
622 2487 889 2550 tempore,
915 2492 967 2536 et
994 2481 1104 2551 iam
1134 2487 1486 2542 decrescente
1512 2486 1767 2555 tumultu,
1796 2505 2016 2566 manum

2126 2474 2258 2535 εἰσὶν
2285 2479 2321 2533 ἀ
2339 2477 2682 2547 ἀκηκόαμεν.
2718 2476 2944 2546 Ὀλίγης
2979 2471 3076 2530 οὖν
3102 2474 3252 2546 ὥρας
3280 2474 3703 2544 διαγενομένης,

441 2573 731 2631 intendens
766 2576 1152 2649 silentiumque
1184 2580 1431 2637 indicens
1466 2581 1776 2646 Generalis,
1811 2584 1887 2639 ait
1915 2601 2013 2639 no-

441 2667 528 2723 bis
567 2686 581 2722 :
632 2667 805 2725 Hodie
844 2671 1064 2741 quidem
1102 2673 1238 2730 satis
1273 2675 1562 2731 verborum
1596 2675 1831 2745 efﬂuxit;
1868 2692 2033 2742 receo,

442 2763 553 2817 dite
582 2762 694 2834 jam
730 2767 796 2820 ad
830 2766 1072 2836 requiem
1110 2784 1127 2826 :
1172 2784 1362 2824 rursus
1399 2770 1544 2825 enim
1578 2785 1675 2827 vos
1706 2771 2016 2829 audiemus.

440 2852 548 2911 Nos
583 2870 715 2929 ergo
745 2858 1099 2916 recessimus.

512 3042 648 3097 Exin
706 3058 899 3098 novem
936 3043 1051 3099 dies
1085 3044 1471 3111 decurrerunt,
1503 3045 1634 3117 quin
1677 3045 1879 3117 aliquid
1924 3062 2020 3101 no-

2059 2583 2062 2587 ‘
2120 2573 2215 2627 καὶ
2247 2569 2482 2641 θορύϐου
2498 2566 2698 2639 μικροῦ
2725 2567 3054 2639 γενομένου,
3078 2566 3429 2628 Κατασείσας
3448 2567 3514 2636 τῇ
3531 2566 3703 2638 χειρὶ,

2121 2665 2216 2721 καὶ
2250 2665 2411 2735 σιγᾷν
2432 2662 2996 2735 παρακελευσάμενος
3024 2662 3052 2716 ὁ
3074 2661 3384 2724 Καθολικὸς
3410 2654 3532 2714 εἷπε
3566 2661 3709 2731 πρὸς

2121 2760 2268 2830 ἡμᾶς
2287 2773 2302 2788 ο
2335 2754 2588 2827 Σήμερον
2618 2753 2788 2808 πολλά
2821 2752 3179 2825 διελέχθημεν
3202 2770 3217 2784 ·
3250 2752 3489 2822 ὑπάγετε
3514 2749 3709 2805 λοιπὸν

2124 2851 2218 2904 καὶ
2268 2846 2651 2919 ἀναπαύθητε,
2711 2845 2807 2901 καὶ
2864 2845 3054 2901 ἄλλοτε
3113 2845 3275 2899 πάλιν
3352 2844 3708 2914 ἀκουσόμεθα

2124 2943 2278 3016 ὑμῶν
2291 2983 2306 2998 .
2335 2937 2687 3011 Ἀπήλθομεν
2719 2937 3030 3010 τοιγαροῦν.

2178 3037 2425 3108 γἘκτοτε
2463 3033 2521 3087 δὲ
2578 3031 2867 3105 παρῆλθον
2922 3031 3130 3103 ἡμέραι
3174 3028 3331 3086 ἐννέα
3401 3029 3498 3084 καὶ
3550 3027 3708 3081 οὐδὲν

441 3137 526 3192 bis
552 3135 835 3192 Generalis
861 3136 1218 3207 signiﬁcaret,
1237 3138 1325 3208 qui
1352 3138 1422 3193 ob
1448 3138 1826 3208 aegritudinem
1852 3138 2015 3193 animi

2126 3128 2395 3200 ἐμήνυσεν
2423 3127 2556 3197 ἡμῖν
2572 3126 2599 3178 ό
2624 3122 2950 3188 Καθολικδς,
2982 3121 3328 3190 λυπούμενος
3346 3121 3402 3176 δὲ
3433 3121 3545 3175 οὐδ’
3567 3118 3710 3183 ὅλως

440 3242 669 3299 prorsus
717 3229 935 3299 publico
984 3227 1307 3285 abstinebat.
1348 3229 1542 3287 Sciens
1585 3245 1713 3287 vero
1760 3233 2021 3286 Atmanus

443 3325 588 3393 quod
621 3323 693 3378 ob
725 3322 999 3392 proditum
1033 3330 1305 3378 secretum
1343 3321 1435 3378 ille
1470 3330 1759 3389 maereret,
1784 3332 1839 3379 et
1878 3323 2021 3393 quod

445 3416 654 3478 homini
692 3415 951 3480 maxime,
983 3414 1078 3485 qui
1111 3414 1162 3468 id
1200 3412 1552 3484 patefecerat,
1577 3413 1817 3471 oﬂ‘ensus
1857 3424 2021 3481 esset,

442 3520 720 3566 convento
751 3508 1007 3565 Generali
1033 3508 1109 3564 ait
1135 3526 1150 3564 :
1175 3506 1315 3569 Puto
1339 3509 1684 3565 sanctitatem
1712 3518 1861 3565 tuam
1888 3510 2021 3564 mihi

441 3602 630 3668 irasci,
654 3600 750 3658 sed
783 3602 1057 3658 immerito
1088 3620 1100 3656 :
1127 3600 1272 3671 quod
1305 3600 1449 3657 enim
1476 3612 1532 3657 tu
1564 3602 1844 3659 arbitraris
1873 3618 2025 3658 arca-

444 3714 599 3764 nnm,
630 3697 682 3751 id
716 3710 814 3767 per
839 3695 1157 3751 universam
1189 3693 1513 3751 Romaniam
1547 3696 1672 3750 trita
1708 3696 1887 3751 fabula
1918 3706 2020 3751 est.

444 3790 677 3864 Scripsit
700 3791 844 3847 enim
874 3789 976 3846 hoc
1001 3790 1202 3846 sodalis
1229 3804 1384 3845 meus
1413 3788 1466 3843 in
1494 3789 1882 3861 disputatione,
1905 3806 2024 3861 quae

443 3886 581 3940 lecta
620 3883 720 3938 fuit
753 3898 938 3939 coram
979 3881 1189 3955 synodo
1234 3888 1398 3953 atque
1437 3880 1493 3937 in
1533 3881 1763 3952 palatio,
1795 3883 2025 3953 ejusque

446 3978 779 4049 exemplaria
814 3976 935 4049 plus
967 3987 1185 4032 centum
1222 3987 1352 4032 sunt
1381 3976 1673 4045 descripta,
1703 3975 1774 4031 ita
1811 3983 1868 4031 ut
1900 3978 2024 4031 uni-

447 4088 605 4128 versa
654 4071 918 4126 Romanis
968 4085 1057 4126 res
1109 4068 1428 4123 innotuerit.
1472 4067 1603 4122 Sine
1649 4083 1809 4123 causa
1859 4070 2026 4141 igitur

450 4164 580 4219 mihi
613 4163 898 4229 irasceris,
930 4179 1052 4220 cum
1088 4164 1216 4218 mihi
1252 4164 1435 4233 potius
1462 4163 1814 4234 expostulare
1845 4176 2021 4220 tecum

442 4259 646 4323 liceat,
679 4257 821 4328 quod
860 4273 947 4313 me
978 4258 1231 4328 gentilem
1274 4264 1429 4311 tuum
1464 4267 1520 4313 et
1550 4257 1603 4312 in
1642 4258 1746 4319 {ide
1780 4258 2022 4315 sodalem

448 4365 561 4405 rem
610 4349 879 4405 celaveris
917 4365 1078 4420 quam
1126 4349 1418 4419 peregrino
1466 4348 1672 4403 homini
1720 4351 2023 4407 revelabas.

2124 3219 2343 3292 προῄει.
2384 3217 2550 3283 Γνοὺς
2571 3217 2627 3272 δὲ
2652 3219 2681 3271 ό
2698 3215 2968 3289 Ἀτμάνος
2987 3218 3071 3271 ὅτι
3090 3215 3180 3269 διὰ
3201 3214 3266 3269 τὸ
3313 3214 3706 3285 φανερωθῆναι

2120 3313 2182 3367 τὸ
2216 3312 2519 3385 μυστήριον
2546 3310 2828 3377 λυπεῖται,
2868 3309 2966 3363 καὶ
2989 3310 3077 3363 ὅτι
3103 3308 3230 3363 κατ’
3290 3304 3458 3363 αὐτοῦ
3502 3305 3710 3378 μᾶλλον

2124 3407 2383 3461 λυπεῖται
2414 3402 2513 3458 τοῦ
2546 3401 2989 3475 φανερώσαντος,
3005 3398 3204 3471 ἀνῆλθε
3236 3399 3374 3470 πρὸς
3403 3400 3497 3452 τὸν
3528 3398 3712 3454 Καθο-

2120 3499 2272 3555 λικὸν
2306 3498 2401 3553 καί
2432 3495 2726 3568 (matri-pb;
2747 3492 2913 3548 αὐτόν
2938 3509 2954 3527 θ
2998 3490 3405 3564 Ὑπολαμϐάνω
3437 3494 3520 3546 ὅτι
3583 3491 3713 3548 κατ’

2123 3592 2259 3664 ἐμοῦ
2288 3587 2543 3645 λυπεῖται
2572 3589 2605 3659 ἠ
2636 3583 2922 3659 ἁγιωσύνῃ
2954 3604 3074 3654 σου,
3135 3582 3254 3641 ἀλλ’
3306 3585 3407 3639 οὐκ
3461 3584 3578 3638 ἔστι
3629 3582 3712 3639 δι-

2124 3704 2281 3741 καιον
2310 3704 2324 3718 ⁸
2355 3686 2383 3738 ὃ
2417 3683 2526 3753 γὰρ
2561 3683 2625 3737 σὺ
2688 3682 2989 3752 μυστήριον
3045 3679 3197 3754 ἔχειν
3275 3679 3709 3750 ὑπολαμϐάνεις,

2122 3780 2334 3851 πᾶσαὴ
2372 3776 2653 3849 Ῥωμανία
2715 3774 3012 3845 κωμῳδίαν
3061 3775 3199 3847 ἔχει.
3295 3772 3547 3845 Ἔγραφε
3598 3775 3711 3848 γᾶρ

2124 3876 2286 3931 τοῦτο
2312 3877 2339 3929 ό
2369 3870 2674 3945 σύντροφός
2710 3887 2811 3941 μου
2836 3869 2895 3923 ἑν
2922 3872 2991 3943 τῇ
3020 3864 3282 3937 διαλέξει,
3308 3864 3433 3942 ἥτις
3460 3867 3713 3938 ἀνεγνώ.

2126 3972 2231 4039 σθη
2262 3962 2357 4020 ἐπὶ
2391 3964 2614 4019 συνόδου
2655 3957 2751 4017 xui.
2780 3961 2873 4015 ἐπὶ
2906 3958 3200 4022 παλατίου,
3254 3958 3350 4014 καὶ⁸
3383 3957 3712 4031 μετεγράφη

2124 4063 2183 4115 ὲν
2208 4052 2571 4129 ἀντιγράφοις
2600 4057 2863 4112 ἐπέκεινα
2903 4054 3013 4108 τῶν
3042 4050 3261 4119 ἑκατὸν,
3322 4052 3417 4107 καὶ
3461 4052 3715 4121 γνωστὸν

2125 4155 2344 4226 ἐγένετο
2377 4152 2463 4223 ἐφ’
2483 4153 2578 4222 ὅλῃ
2608 4153 2675 4222 τῇ
2712 4149 3014 4223 Ῥωμανῐᾳ.
3048 4147 3163 4203 Ούκ
3188 4147 3428 4218 εύλόγως
3453 4145 3713 4219 οὖνλυπῇ

2126 4247 2250 4304 κατ’
2276 4240 2412 4317 ἐμοῦ
2438 4262 2454 4281 ο
2483 4243 2595 4317 ἐγὼ
2624 4241 2830 4316 μᾶλλον
2888 4241 3091 4311 ὀφείλω
3146 4239 3371 4304 δικαίως
3415 4239 3713 4295 λυπεῖσθαι

2128 4340 2274 4394 κατά
2324 4330 2418 4391 σού
2448 4337 2531 4390 ὅτι
2571 4334 2898 4406 ἀπέκρυψας
2926 4332 3087 4387 τοῦτο
3116 4335 3212 4387 ἀπ’
3240 4332 3376 4404 ἐμοῦ
3418 4334 3517 4388 τοῦ
3580 4337 3720 4404 όμοο

449 4444 517 4499 Ει
558 4446 774 4515 quidem
822 4444 868 4499 si
916 4444 1009 4499 uni
1052 4444 1185 4499 mihi
1229 4443 1466 4498 conﬁsus
1508 4442 1720 4509 fuisses,
1754 4444 2022 4501 incolune

2135 4433 2302 4502 φύλου
2348 4430 2444 4485 καὶ
2492 4430 2791 4501 όμοπίστου
2846 4444 2962 4493 σου⁹
3014 4429 3108 4483 καὶ
3168 4426 3532 4498 ἀπεκάλυψας
3574 4426 3714 4483 αὐτὸ
3773 4458 3785 4467 ~

2147 4526 2222 4538 ..ς
2400 4525 2471 4538 αι
2526 4518 2719 4538 ιον-ιν
2805 4520 2818 4538 \
2892 4520 3006 4538 επὶ
3094 4519 3108 4538 1
3254 4519 3416 4538 ansae
3477 4533 3494 4538 _
3642 4512 3670 4538 ο-

448 4552 709 4593 arcanum
752 4546 918 4603 esset,
949 4552 1124 4605 neque
1165 4545 1225 4590 ut
1263 4550 1411 4591 nunc
1445 4534 1501 4590 in
1542 4536 1734 4607 vulgus
1774 4535 2024 4593 dissemi-

448 4641 657 4683 Italum.

520 4809 723 4865 Novem
780 4808 945 4881 igitur
993 4803 1285 4877 praeteritis
1329 4807 1554 4876 diebus,
1602 4807 1774 4863 misit
1802 4807 1871 4862 ad
1927 4822 2024 4863 nos

448 4903 731 4959 Generalis
749 4902 1064 4972 episcopum
1084 4898 1408 4969 Gregorium
1434 4900 1820 4956 consobrinum
1843 4914 2029 4964 suum,

452 5002 814 5065 cOgnomento
853 5006 1106 5064 parvum,
1142 4991 1379 5061 itemque
1422 4993 1737 5061 episcopum
1788 4990 2028 5045 lsaacum

454 5100 508 5145 et
538 5092 818 5145 doctorem
852 5088 1214 5157 Stephanum,
1247 5086 1338 5156 qui
1372 5083 1501 5140 tnihi
1534 5083 1888 5156 (Theoriano)
1918 5085 2032 5154 pri-

456 5190 579 5237 vato
630 5181 682 5235 in
731 5179 1036 5248 colloquio,
1068 5177 1429 5249 pra‘sentibus
1473 5179 1636 5233 etiam
1686 5178 1923 5231 Atmano
1974 5185 2029 5230 et

456 5275 776 5345 presbytero
823 5260 1111 5335 Michacle,
1146 5269 1399 5326 dixerunt
1432 5286 1449 5324 :
1487 5269 1768 5342 Signiﬁcat
1798 5267 1894 5324 tibi
1928 5269 2028 5323 do-

457 5368 643 5424 minus
678 5356 891 5430 noster,
920 5378 979 5420 se
1012 5364 1109 5421 tibi
1142 5373 1200 5419 ut
1226 5365 1457 5419 honesto
1489 5364 1606 5421 viro
1637 5373 1691 5419 et
1729 5363 2032 5418 christiano

458 5473 730 5517 secretum
771 5457 1177 5514 concredidisse
1223 5466 1481 5527 tanquam
1533 5455 1644 5512 Deo
1689 5473 1705 5512 :
1752 5465 1805 5511 te
1850 5467 2030 5510 autem

461 5553 565 5608 sibi
631 5551 952 5623 promisisse
1013 5548 1218 5603 nemini
1284 5558 1644 5619 praeterquam
1714 5545 2031 5618 imperatori

459 5646 754 5701 dicturum.
782 5644 935 5701 Nunc
966 5651 1019 5699 te
1046 5642 1202 5698 tidem
1233 5645 1421 5699 arcani
1450 5641 1678 5715 fregisse
1710 5642 1888 5713 palam
1916 5650 2031 5706 est;

530 5765 643 5835 (18)
699 5760 1023 5819 Armeniaca
1068 5761 1256 5835 (legito.
1310 5759 1409 5817 llic
1466 5771 1646 5817 autem
1699 5757 1914 5817 Nerscli
1972 5761 2024 5815 in

460 5833 822 5912 patriarchatu
851 5833 1132 5890 successit.

2136 4526 2421 4592 ἁλλογενεῖ
2449 4518 2629 4593 ἀνδρί.
2660 4522 2722 4575 Εἰ
2758 4520 2867 4591 γὰρ
2889 4520 3012 4591 ἐμοὶ
3042 4519 3189 4591 μόνῳ
3251 4519 3589 4595 ὲθάῤῥησας,
3641 4512 3713 4593 ἦν

2135 4613 2201 4675 ἂν
2229 4619 2309 4673 ἔτι
2340 4618 2666 4690 μυστήριον,
2694 4618 2788 4670 καὶ⁷
2818 4615 2918 4669 ούκ
2974 4615 3042 4669 ἂν
3074 4612 3377 4689 ὃιεγνώσθη
3425 4619 3599 4672 πᾶσιν
3635 4616 3713 4682 ὡς

2134 4730 2255 4770 νυν.

2204 4803 2605 4875 Παρελθουσῶν
2636 4798 2731 4857 οὖν
2756 4802 2865 4857 τῶν
2888 4802 3043 4858 ὲννέα
3100 4800 3345 4875 ἡμερῶν,
3418 4800 3711 4858 ἀπέστειλε

2133 4898 2271 4968 πρὸς
2301 4898 2452 4967 ἡμᾶς
2491 4896 2582 4949 τὸν
2621 4896 2924 4950 ἐπίσκοπον
2986 4894 3293 4967 Γρηγόριον
3340 4894 3435 4947 τὸν
3490 4890 3714 4965 ἀνεψιὶῦ

2132 4990 2295 5045 αὐτοῦ
2327 4990 2420 5044 τὸν
2450 4985 2669 5061 Μικρὸν
2709 4988 2846 5059 (i8),
2879 4987 2977 5043 xui.
3012 4990 3104 5042 τὸν
3150 4989 3457 5043 ἐπίσκοπον
3518 4988 3713 5043 Ἰσαὰκ

2125 5084 2226 5139 καὶ
2291 5082 2384 5137 τὸν
2413 5082 2736 5137 διδάσκαλον
2772 5083 3069 5150 Στέρανον,
3115 5081 3314 5145 οἵτινες
3352 5076 3507 5135 εἷπον
3574 5083 3709 5152 πρός

2132 5197 2200 5249 με
2253 5178 2363 5248 (19)
2416 5170 2539 5232 κατ⁴
2603 5178 2758 5240 ἰδίαν,
2810 5178 3097 5247 παρόντων
3145 5176 3240 5230 καὶ
3288 5177 3385 5231 τοῦ
3435 5176 3711 5249 ’Ᾱτμόινοο

2136 5273 2230 5326 καὶ
2268 5271 2363 5325 τοῦ
2396 5271 2556 5324 παπᾶ
2586 5269 2804 5341 Μιχαὴλ
2831 5284 2849 5302 ·
2890 5263 2949 5323 Ὀ
2999 5264 3269 5339 δεσπότης
3322 5268 3483 5339 ἡμῶν
3516 5270 3710 5341 μηνύει

2140 5385 2223 5421 σοι
2272 5368 2353 5419 ὅτι
2386 5366 2497 5432 ἐγὼ
2528 5362 2919 5433 ἐνεπιστεύθην
2973 5379 3074 5428 σοι)
3103 5360 3180 5426 ὡς
3233 5361 3387 5433 καλῷ
3435 5363 3711 5436 ἀνθρώπῳ

2138 5460 2233 5513 καὶ
2273 5458 2347 5524 ὡς
2405 5456 2745 5527 Χριστιανῷ,
2808 5456 3109 5527 μυστήριον
3144 5452 3221 5517 ὡς
3270 5454 3365 5510 ἐπὶ
3411 5454 3576 5510 Θεοῦο
3620 5454 3712 5509 καὶ

2138 5549 2202 5601 σὺ
2275 5545 2584 5618 ὑπεσχὲθης
2657 5563 2749 5618 μοι
2813 5545 3006 5616 μηδενὶ
3074 5546 3253 5599 εἰπεῖν
3311 5545 3345 5616 ἦ
3403 5546 3552 5619 μόνῳ
3634 5546 3711 5617 τῷ

2139 5638 2399 5710 βασιλεῖ’
2438 5638 2531 5690 καὶ
2562 5637 2662 5691 οὐκ
2726 5636 3002 5706 ὲφύλαξας
3056 5637 3155 5709 τὴν
3227 5637 3550 5708 ὑπόσχεσιν,
3618 5638 3710 5694 καὶ

2205 5757 2319 5829 (l9)
2360 5757 2495 5812 Hinc
2528 5767 2713 5829 aperte
2742 5756 3151 5829 cognoscimus,
3182 5755 3510 5829 scriptorem
3549 5757 3710 5828 hujus

2145 5826 2358 5902 quoque
2387 5826 2638 5885 secundm
2666 5826 3046 5898 disputationis
3071 5826 3461 5885 Thcorianum‘.
