4026 6296
218 328 322 396 249

1560 346 2021 409 DISl‘UTATlO
2062 350 2146 413 II.

3362 359 3474 424 950

218 457 311 518 οὐκ
354 460 624 531 ἐποίησας
685 459 868 526 καλῶς
903 474 919 491 ·
973 462 1069 516 καὶ
1130 461 1226 519 νῦν
1282 460 1782 538 ἐσκανδαλίσθησαν

1894 468 2036 537 quod
2076 466 2278 525 factum
2320 468 2436 539 ipse
2478 469 2752 543 vituperat
2798 486 2813 526 :
2857 485 2986 528 ecce
3027 471 3171 527 enim
3206 472 3473 542 Armenii,

216 560 258 611 oi
286 555 574 627 Ἀρμένιοι
602 554 741 626 πρὸς
773 553 895 626 ἐμὲ,
924 556 1019 609 καὶ
1048 553 1155 609 εἶσὶ
1186 558 1589 629 τεταραγμένοι
1622 575 1637 590 ·
1691 558 1789 613 καὶ

215 644 299 705 διὰ
362 650 525 704 τοῦτο
557 649 818 723 ὑπέμεινε
854 648 1131 714 παντελῶς
1167 650 1199 720 ὴ
1238 650 1496 715 ὑπόθεσις
1547 652 1648 723 τῆς
1702 653 1790 707 ἐν·

214 744 417 807 ὠσεως.
459 743 519 797 '0
545 743 603 796 δὲ
634 742 940 813 Θεωριανος
967 737 1089 796 εἷπε
1120 743 1258 815 πρὸς
1286 743 1788 808 αὐτούςΤινώσκω

215 837 289 889 ὅτι
325 836 547 906 γραφὴν
583 834 906 888 ἀπέστειλεν
933 836 960 888 ὀ
996 834 1300 901 Καθολικδς
1349 836 1418 891 δι’
1456 835 1594 906 ἐμοῦ
1649 838 1786 908 πρὸς

215 928 571 998 τὸνβασιλέα
613 928 1090 1000 ὲσφραγισμένην,
1154 930 1221 1001 ἡν
1279 930 1374 983 καὶ
1430 929 1641 996 ἀνέγνω
1697 948 1786 1001 μοι

218 1022 352 1074 κατὰ
384 1019 558 1090 μόνας
592 1034 607 1049 ⁸
641 1019 903 1087 γινώσκω
928 1022 1011 1074 ὃτι
1080 1020 1175 1075 καὶ
1224 1022 1490 1092 ἀγράφως
1542 1023 1785 1095 ἐμήνυσε

212 1114 274 1169 δι’
298 1112 434 1183 ἐμοῦ
463 1112 600 1183 πρὸς
626 1115 719 1167 τὸν
754 1114 982 1183 βασιλέα
1011 1113 1138 1181 περὶ
1192 1114 1290 1186 τῆς
1317 1114 1562 1179 ὲνὼσεως
1584 1130 1602 1147 ⁶
1658 1119 1788 1186 ὀμο-

213 1205 352 1274 λογῶ
379 1207 461 1260 ὅτι
496 1207 595 1261 καὶ
627 1206 972 1277 παρήγγειλέ
1038 1224 1129 1277 μοι
1185 1208 1376 1278 μηδενὶ
1449 1209 1623 1261 εἰπεῖν
1687 1206 1785 1278 τὴν

210 1298 429 1371 γραφὴν
459 1297 633 1370 ἀλλ’ἢ
660 1298 737 1370 τῷ
759 1297 1000 1369 βασιλεῖ,
1034 1298 1132 1352 καὶ
1187 1300 1314 1362 τοὺς
1367 1299 1561 1367 λόγους
1616 1299 1783 1354 αὐτοῦ

212 1394 391 1445 εἰπεῖν
422 1390 575 1461 αὐτῷ
612 1391 905 1463 μυστικῶς
933 1406 949 1421 ο
986 1392 1080 1445 καὶ
1108 1392 1185 1456 ὡς
1247 1392 1579 1464 ὐπεσχέθην,
1644 1392 1787 1448 οὕτω

209 1487 299 1538 καὶ
335 1484 638 1554 πεποίηκα,
677 1483 771 1536 καὶ
799 1482 1044 1552 ἐφύλαξα
1067 1484 1167 1556 τὴν
1199 1485 1626 1555 ξπαραγγελίαν.
1676 1484 1787 1539 Καὶ

209 1578 367 1630 τοῦτο
397 1576 556 1646 δῆλον
585 1577 643 1642 ἐξ
669 1569 744 1629 ὧν
771 1575 953 1645 μέλλω
974 1577 1184 1646 λέγειν.
1211 1577 1431 1631 Ἐὀωκα
1463 1578 1538 1649 τῷ
1572 1579 1788 1651 βασιλεῖ

210 1671 305 1743 τὴν
332 1669 557 1741 γραφὴν
578 1669 1061 1739 ὲσφραγισμένηνο
1096 1665 1252 1724 εἷπον
1280 1670 1349 1724 τὰ
1390 1672 1616 1743 ῥήματα
1682 1691 1776 1744 μυ-

214 1768 436 1831 στικῶς,
475 1766 641 1821 ιιόνου
673 1766 770 1820 τοῦ
824 1765 1116 1834 λογοθέτου
1170 1768 1602 1836 παρισταμένου.
1681 1769 1785 1821 Ἐκ

1892 558 1992 626 ait,
2025 558 2155 615 mihi
2188 560 2380 615 offensi
2415 569 2563 628 sunt,
2597 568 2651 616 et
2683 561 2872 618 turbas
2904 562 3070 621 cient.
3101 564 3470 631 Quamobrem

1893 652 2116 709 ttuionis
2148 653 2622 729 negetiumpiane
2654 653 2918 725 refriguit.
2951 655 3031 712 Ad
3066 656 3182 712 haec
3208 654 3475 712 Thestia-

1896 758 2000 797 nus
2030 744 2104 798 ait
2137 762 2152 799 :
2184 742 2400 798 Memini
2432 760 2461 799 a
2491 734 2741 801 Generali
2774 744 2907 800 mihi
2940 747 3169 801 traditas
3203 746 3268 801 ad
3303 748 3474 817 impe-

1899 844 2132 889 ratorem
2184 835 2396 893 litteras
2444 836 2787 907 obsignatas,
2836 852 2975 908 quas
3030 838 3163 893 mihi
3217 839 3469 909 privatim

1891 925 2209 996 prailegerat
2259 943 2275 983 :
2330 926 2589 991 memini,
2633 928 2813 983 verbis
2858 942 3080 999 quoque
3127 928 3472 996 signiﬁcasse
3528 944 3531 947 λ

1889 1014 2204 1088 imperatori
2246 1018 2314 1074 de
2362 1020 2565 1075 unione
2607 1034 2701 1090 per
2746 1035 2833 1075 me
2870 1033 2889 1073 ι
2929 1020 3108 1076 fateor
3149 1020 3281 1076 mihi
3327 1036 3467 1091 pra:-

1886 1121 2101 1180 ceptum
2151 1127 2180 1165 a
2232 1111 2485 1168 Generali
2534 1114 2743 1181 fuisse,
2804 1123 2864 1169 ut
2916 1113 3117 1169 nemini
3167 1114 3467 1183 quidquam

1888 1200 1992 1255 nisi
2030 1201 2348 1270 imperatori
2382 1206 2449 1260 de
2482 1205 2568 1260 his
2600 1205 2797 1262 litteris
2833 1206 3093 1271 dicerem,
3128 1216 3182 1260 et
3214 1215 3274 1260 ut
3304 1206 3467 1259 verba

1888 1292 2059 1365 ipsius
2091 1292 2307 1352 secre'to
2338 1299 2404 1350 ad
2436 1296 2822 1367 imperatorem
2855 1296 3139 1353 referrem.
3168 1296 3280 1368 Ego
3315 1312 3469 1352 verm

1890 1395 1949 1439 ut
1981 1387 2381 1458 spoponderam
2426 1391 2500 1445 ita
2544 1390 2650 1462 egi,
2682 1400 2737 1445 et
2779 1392 3112 1462 promissum
3156 1389 3282 1447 feci.
3316 1389 3471 1456 Quod

1893 1488 1954 1534 ut
1978 1478 2376 1547 demonstrem,
2405 1483 2480 1537 rei
2512 1493 2678 1555 gestae
2703 1483 2900 1539 seriem
2929 1499 3266 1556 expromam.
3297 1481 3472 1536 Litte-

1889 1585 1979 1625 ras
2024 1570 2340 1641 imperatori
2377 1572 2689 1645 obsignatas
2724 1574 2917 1628 tradidi
2956 1593 2971 1631 :
3009 1574 3298 1630 commissa
3334 1589 3469 1629 mea:

1899 1662 2023 1717 fidei
2048 1664 2211 1719 verba
2245 1675 2460 1721 secreto
2492 1664 2737 1721 conclavi
2766 1666 2904 1730 dixi,
2932 1684 3040 1722 uno
3071 1674 3284 1722 astante
3316 1666 3467 1733 logoo

1891 1757 2063 1809 theta.
2097 1755 2361 1825 Deinceps
2396 1773 2526 1813 vero
2561 1758 3048 1814 circumscribeudi
3086 1760 3468 1827 imperatorem

212 1874 331 1911 τοτε
371 1856 628 1923 ἐξουσίαν
682 1856 784 1910 οὐκ
828 1852 979 1925 εἶχον.
1030 1857 1348 1927 περιορίσαι
1401 1857 1494 1912 τὸν
1539 1858 1782 1929 βασιλέα.

1895 1840 2124 1902 facultas
2161 1848 2291 1903 mihi
2329 1864 2432 1927 non
2470 1849 2597 1917 fuit,
2633 1859 2796 1920 atque
2831 1850 3161 1921 impediendi
3197 1852 3468 1906 volentem

215 1949 307 2003 καὶ
338 1948 785 2003 κωλύσαιαύτδν
845 1948 1178 2020 βουλόμενον
1235 1948 1476 2015 ἐξειπεῖν
1528 1951 1663 2005 αὐτὸ
1720 1954 1787 2021 τῇ

209 2040 535 2113 Ἐκκλησία,
567 2041 597 2110 ἢ
628 2043 697 2111 τῇ
729 2040 1023 2113 συγκλήτῳ
1071 2041 1165 2095 καὶ
1196 2044 1264 2115 τῇ
1295 2041 1456 2114 βουλῇ
1485 2041 1674 2100 αὑτοῦ.
1727 2042 1790 2096 Ei

208 2132 406 2197 δ’ἴσως
444 2135 645 2203 ἀπορεί
672 2132 703 2187 ὁ
727 2131 1035 2197 Καθολικὺς
1098 2132 1213 2196 πῶς
1254 2134 1357 2187 οὐκ
1409 2132 1645 2211 ἐφύλαξε
1729 2134 1791 2187 τὺ

209 2230 513 2300 μυστήριον
544 2232 573 2281 ὀ
606 2228 887 2297 βασιλεὺς,
933 2228 1238 2295 γινώσκετε
1272 2229 1572 2294 ὀτιπάντες
1600 2229 1789 2301 σχεδὸν

209 2322 341 2392 πλὴν
363 2323 462 2376 τοῦ
488 2322 754 2394 βασιλέως
767 2304 969 2391 ’ἔλεγον
991 2322 1074 2376 ὅτι
1102 2322 1205 2375 οὐκ
1233 2323 1383 2378 ἔστιν
1427 2325 1455 2376 ὀ
1488 2312 1788 2384 Καθολικός

209 2416 498 2486 ἄνθρωπος
546 2414 731 2486 ὀρθὸς.
787 2414 885 2469 καὶ
946 2414 1207 2469 οὐδέποτε
1264 2414 1635 2487 παραδέξεται
1689 2414 1788 2485 τὴν

205 2509 443 2563 ἕνωσιν·
495 2511 820 2582 διαστρέφει
871 2508 983 2580 γὰρ
1046 2510 1147 2572 τὰς
1207 2508 1361 2572 θείας
1418 2508 1641 2579 Γραφὰς
1693 2510 1789 2564 καὶ

204 2602 622 2674 παρερμηνεύει
648 2604 727 2665 είς
750 2602 809 2656 τὸ
836 2600 1039 2655 οίκείον
1065 2600 1340 2673 βούλημα,
1404 2603 1501 2656 καὶ
1538 2605 1786 2673 ῥήμασιν

208 2697 553 2771 μὲνέπεσθαι
607 2694 721 2761 τοῖς
754 2696 932 2763 ἁγίοις
963 2699 1243 2768 ὁμολογεῖ,
1282 2697 1430 2769 ἔργῳ
1462 2695 1519 2751 δὲ
1573 2696 1784 2761 τούτοις

207 2788 527 2847 ἀντίκειται,
566 2786 624 2838 '0
657 2785 713 2839 δὲ
740 2785 1003 2856 βασιλευς
1028 2790 1144 2851 τοῖς
1180 2785 1357 2841 ταῦτα
1384 2786 1643 2855 λέγουσιν
1687 2788 1785 2841 ἀν-

204 2881 382 2948 τέλεγε
415 2880 620 2949 πάντη,
650 2877 737 2932 διὰ
767 2877 866 2950 τὴν
892 2878 1058 2949 τιμὴν
1082 2876 1217 2947 γοῦν
1252 2877 1343 2932 τοῦ
1366 2876 1692 2943 Καθολικοῦ,
1715 2878 1784 2933 τὰ

209 2960 526 3046 γράμματα.
561 2974 672 3027 Καὶ
705 2972 863 3044 δῆλον
891 2972 952 3040 ἐξ
977 2965 1053 3027 ὧν
1073 2972 1171 3026 νῦν
1212 2972 1407 3026 πλατεῖ
1432 2972 1663 3041 στόματι
1695 2973 1784 3026 λέ-

205 3046 384 3135 γουσιν
413 3067 465 3121 oi.
504 3065 767 3137 Ῥωμαῖοι
791 3065 992 3131 πάντες
1022 3066 1213 3136 σχεδον
1239 3065 1380 3137 ὑπὲρ
1410 3064 1505 3121 τοῦ
1545 3065 1782 3119 Καθολι-

1894 1942 1947 1994 id
1974 1941 2158 1996 dicere
2184 1924 2462 2009 Ecclesiae,
2486 1945 2700 1999 senatui
2729 1944 3071 2012 concilioque
3102 1958 3219 1999 suo.
3247 1944 3396 2010 Quod
3422 1941 3468 1996 si

1894 2033 2033 2089 forte
2058 2034 2341 2091 Generaiis
2365 2052 2507 2107 aegre
2536 2037 2639 2093 sibi
2674 2038 2990 2109 persuadet,
3016 2039 3290 2106 quomodo
3316 2050 3468 2091 arca-

1895 2144 2027 2182 num
2065 2126 2365 2199 imperator
2395 2145 2502 2185 non
2538 2132 2962 2192 conservaverit,
2993 2131 3153 2185 velim
3188 2130 3288 2186 hoc
3322 2130 3467 2187 acia.

1892 2221 1994 2285 tis,
2028 2232 2256 2276 cunctos
2306 2219 2419 2277 fere
2469 2223 2606 2291 apud
2655 2238 2787 2289 nos,
2822 2231 3055 2294 excepto
3106 2222 3467 2291 imperatore.

1888 2313 2267 2369 orthodoxiam
2317 2314 2600 2371 Generalis
2649 2316 2965 2387 negavisse,
3011 2331 3186 2387 neque
3228 2331 3351 2370 eum
3400 2315 3469 2371 ad

1894 2406 2150 2460 unionem
2189 2421 2541 2461 accessurum
2576 2408 2925 2464 existimasse
2959 2426 2974 2463 :
3012 2408 3271 2479 pervertit
3298 2408 3468 2475 enim,

1887 2498 2138 2561 aiebant,
2175 2497 2388 2552 divinas
2431 2496 2699 2565 Litteras,
2737 2497 2983 2567 falsaque
3028 2501 3470 2569 interpretatione

1887 2584 1955 2638 ad
1994 2598 2152 2636 suum
2198 2584 2408 2639 libitum
2450 2586 2618 2640 trahit
2654 2603 2667 2641 :
2704 2595 2757 2642 et
2791 2598 3049 2643 oretenus
3083 2589 3299 2657 quidem
3338 2604 3467 2643 san-

1887 2684 2002 2729 ctos
2043 2672 2233 2729 Patres
2272 2676 2468 2731 sectari
2509 2677 2740 2743 dictitat,
2769 2694 2826 2733 re
2867 2688 3046 2733 autem
3082 2694 3206 2733 vera
3249 2679 3335 2733 his
3373 2679 3469 2733 ad-

1887 2779 2162 2820 versatur.
2195 2766 2403 2834 Quibus
2444 2769 2742 2837 imperator
2780 2770 3223 2826 criminatoribus
3262 2768 3467 2826 litteras

1886 2855 2173 2911 Generalis
2235 2859 2410 2927 palam
2471 2862 2744 2930 opposuit.
2794 2858 2931 2916 llinc
2984 2877 3113 2931 ergo
3166 2870 3313 2929 patet
3367 2879 3466 2917 cur

1886 2965 2029 3006 nunc
2061 2953 2243 3007 cuneli
2283 2953 2395 3008 fere
2430 2953 2659 3008 Romani
2699 2970 2797 3024 pro
2829 2953 3080 3009 Generaii
3126 2964 3234 3007 tam
3279 2965 3467 3023 aperte

1883 3044 2190 3113 loquantur.
2210 3048 2386 3115 Atque
2411 3048 2547 3101 hanc
2567 3047 2856 3103 Theoriani
2888 3047 3256 3102 narrationem
3283 3047 3463 3102 caeteri

205 3159 296 3213 κοῦ
318 3178 331 3191 ’
352 3158 783 3231 ύπογρὰᾡαντες
812 3154 907 3214 οὖν
932 3160 982 3213 οί
998 3159 1258 3231 ῥηθέντες
1314 3158 1532 3225 ἐξεῖπον
1583 3159 1779 3215 ταῦτα.

1886 3145 2015 3198 socii
2064 3145 2375 3199 testimonio
2415 3159 2515 3201 suo
2556 3143 2927 3200 firmaverunt.
2964 3145 3141 3212 Quare
3184 3144 3465 3201 Generalis

212 3250 269 3304 ’0
298 3251 354 3306 δὲ
378 3249 543 3323 θυμῷ
561 3249 626 3304 τι
652 3249 817 3304 πλέον
840 3250 1026 3320 ἀφεὶς,
1060 3250 1291 3317 ἐξέϐαλε
1339 3251 1432 3305 τὸν
1463 3251 1776 3321 Θεωριανδν

1886 3236 2111 3289 multum
2145 3238 2210 3290 de
2241 3238 2319 3292 ira
2354 3238 2657 3303 remittens,
2688 3238 2917 3292 hactum
2946 3237 3171 3292 absolvit
3205 3238 3463 3291 crimina-

201 3344 275 3416 τῷ
308 3345 451 3409 τέως
483 3347 586 3416 τῆς
622 3343 952 3409 αἰτιάσεως’
984 3344 1081 3398 καὶ
1108 3347 1175 3416 τῇ
1207 3344 1338 3416 ἑξῆς
1373 3344 1780 3417 μετεκαλέσατο

201 3433 341 3505 ἡμᾶς
362 3434 506 3506 πρὸς
544 3434 645 3505 τὴν
682 3434 921 3498 σύνοδον,
954 3434 1048 3487 καί
1068 3452 1203 3503 φησι
1232 3437 1371 3504 πρὸς
1399 3438 1547 3507 ἡμᾶς
1577 3451 1593 3469 ⁸
1644 3435 1779 3507 Περὶ

202 3524 301 3581 τῶν
335 3531 397 3582 ὲν
438 3525 667 3597 Χριστῷ
692 3525 788 3581 δύο
814 3528 1029 3597 φύσεων
1055 3526 1150 3580 καὶ
1168 3527 1289 3581 τότε
1317 3528 1412 3582 καὶ
1444 3530 1539 3581 νῦν
1576 3529 1778 3592 ἱκανῶς

202 3621 567 3692 διελέχθημεν
600 3637 615 3653 ο
650 3617 775 3673 ἐπεὶ
796 3620 851 3674 δὲ
885 3622 915 3692 ἡ
943 3619 1037 3674 τοῦ
1103 3620 1373 3692 βασιλέως
1428 3622 1619 3694 γραφὴ
1681 3623 1778 3677 καὶ

202 3717 323 3787 περὶ
356 3715 538 3771 ἄλλων
564 3714 884 3783 κεφαλαίων
915 3712 1068 3783 λέγει
1096 3716 1248 3785 ἡμᾶς
1302 3711 1679 3787 διαλεχθῆναι,
1727 3716 1778 3770 εί

204 3809 454 3865 κελεύετε
487 3811 693 3873 εἰπεῖν,
730 3808 902 3880 ἡδέως
931 3808 1085 3880 ὑμῶν
1106 3808 1475 3881 ἀκουσόμεθα.

267 3903 459 3958 ΘΕΩΡ.
485 3901 800 3974 Ἐμάθομεν
826 3899 956 3976 [ὅτι]
984 3904 1041 3956 ὲν
1070 3902 1187 3965 τοῖς
1218 3902 1387 3965 θείοις
1440 3902 1776 3974 μυστηρίοις

202 3987 341 4047 οἶνον
358 3992 729 4064 προσάγουσιν
755 3994 803 4045 οἱ
838 3991 1145 4063 Ἀρμένιοι,
1211 3987 1357 4062 ὕδωρ
1385 3991 1537 4063 αύτῷ
1569 3993 1644 4065 μὴ
1688 4013 1779 4065 μι-

200 4082 419 4154 γνύντες
445 4102 461 4119 ⁸
492 4086 800 4157 βουλόμεθα
823 4085 1018 4156 μαθεῖν
1046 4085 1212 4141 πόθεν
1256 4082 1415 4141 τοῦτο
1444 4084 1773 4157 παρέλαϐον.

274 4182 434 4237 ΚΑΘ.
487 4182 550 4236 '0
585 4181 731 4244 θεῖος
755 4181 1155 4255 Χρυσόστομος
1205 4184 1264 4236 ἒν
1314 4184 1380 4253 τῇ
1438 4182 1776 4254 ὀγδοηκοστῇ

206 4269 427 4346 πέμπτῃ
450 4273 641 4346 ὁμιλίᾳ
665 4273 761 4328 τοῦ
787 4274 931 4329 κατὰ
952 4273 1235 4330 Ματοαῐον
1263 4275 1601 4345 Εὑαγτελίου
1636 4271 1780 4329 οὕτω
1828 4350 1831 4353 _

204 4364 388 4433 φησίν*
419 4384 437 4418 ι
473 4365 630 4430 Τίνος
704 4362 895 4421 ἕνεκεν
926 4365 1027 4437 οὐχ
1045 4365 1192 4437 ὕδωρ
1238 4366 1417 4431 ἔπιεν,
1448 4365 1565 4421 ἀλλ’
1613 4361 1779 4433 οἶνον,

1882 3330 2027 3383 tione
2056 3328 2448 3385 Theorianum.
2483 3331 2860 3401 Subseqneute
2890 3341 3066 3384 autem
3099 3330 3185 3383 die
3214 3329 3367 3384 nobis
3396 3330 3462 3385 ad

1878 3421 2143 3493 synodum
2176 3422 2381 3476 vocatis
2412 3426 2488 3478 ait
2518 3440 2534 3482 :
2571 3425 2644 3478 De
2675 3424 2880 3479 duabus
2909 3424 3126 3494 quidem
3160 3424 3213 3478 in
3244 3423 3463 3479 Christo

1881 3514 2093 3568 naturis
2127 3523 2181 3569 et
2215 3514 2341 3571 olim
2377 3526 2430 3571 et
2460 3532 2602 3570 nunc
2632 3516 2836 3571 dictum
2873 3518 3001 3571 satis
3035 3529 3116 3571 est
3153 3535 3166 3571 :
3204 3515 3461 3585 quoniam

1882 3622 2010 3663 vero
2045 3607 2389 3679 imperatoris
2423 3610 2674 3681 epistola,
2707 3619 2766 3664 ut
2798 3612 2860 3665 de
2895 3611 3017 3664 aliis
3050 3625 3267 3679 quoque
3302 3610 3455 3675 capio

1884 3701 2009 3755 tulis
2041 3702 2379 3771 disputemus
2409 3713 2611 3772 monet,
2634 3704 2675 3760 si
2698 3704 2828 3774 quid
2859 3704 3009 3759 vobis
3042 3703 3225 3759 dicere
3258 3703 3461 3773 placet,

1884 3790 2115 3847 libenter
2144 3795 2447 3851 audiemus.

1961 3897 2219 3955 THEUR.
2264 3900 2514 3957 Relatum
2547 3902 2704 3959 nobis
2725 3911 2828 3967 est,
2858 3902 3147 3957 Armenios
3180 3902 3232 3956 in
3266 3901 3462 3958 divinis

1885 3994 2170 4065 mysteriis
2224 3994 2407 4049 vinum
2441 3994 2657 4060 offerre,
2686 4010 2825 4065 aqua
2859 4009 2965 4048 non
3016 3993 3270 4049 admista.
3307 3992 3460 4050 Scire

1882 4103 2129 4150 avemus,
2160 4086 2304 4141 unde
2333 4085 2386 4141 id
2425 4086 2682 4141 traditum
2712 4085 3048 4156 acceperint.

1958 4178 2117 4235 GEN.
2161 4177 2327 4233 Divus
2361 4176 2785 4251 Chrysostomns
2822 4180 3151 4249 octogesima
3183 4178 3373 4249 quinta
3402 4178 3458 4235 in

1892 4268 2132 4325 Matthxi
2170 4266 2523 4340 Evangelium
2559 4268 2780 4323 humilia
2814 4269 2891 4324 sic
2915 4270 3031 4324 ait:
3070 4289 3090 4323 ι
3124 4269 3234 4324 Cur
3264 4285 3292 4322 a
3326 4286 3463 4324 con-

1889 4364 2034 4419 vivio
2063 4379 2294 4435 surgens
2325 4364 2470 4419 haud
2505 4378 2699 4433 aquam
2735 4364 2829 4419 sed
2864 4364 3045 4418 vinum
3079 4364 3257 4421 bihit?
3286 4362 3461 4418 Nimio

204 4455 472 4520 ἀ·›αστάς;
504 4455 712 4527 Ἀλλην
740 4456 951 4527 αἵρεσιν
1006 4455 1251 4527 πονηρὰν
1297 4456 1599 4529 πρόρριζον
1649 4459 1781 4511 ἀνα-

1886 4474 2005 4512 rnm
2050 4465 2110 4512 ut
2158 4470 2381 4527 pravam
2434 4456 2592 4510 aliam
2640 4458 2890 4511 haeresim
2937 4455 3183 4511 funditus
3235 4455 3457 4513 deleret.

207 4547 355 4600 σπῶν
383 4564 397 4580 ο
428 4550 551 4603 ἐπεὶ
578 4549 689 4621 γάρ
722 4550 828 4620 sig!
850 4567 998 4613 τινες
1025 4550 1083 4604 ὲν
1117 4549 1231 4613 τοῖς
1268 4550 1598 4623 μυστηρίοις
1624 4550 1777 4605 ὕδατι

1887 4547 2157 4616 Quoniam
2190 4548 2334 4602 enim
2372 4557 2502 4603 sunt
2534 4548 2785 4603 nonnulli
2819 4547 2907 4629 qui
2941 4564 3075 4618 aqua
3101 4548 3154 4603 in
3183 4548 3459 4620 mysteriis

204 4642 549 4713 κεχρημένοι,
608 4641 823 4707 δεικνὺς
870 4639 953 4696 ὅτι
1013 4641 1106 4697 καὶ
1157 4641 1319 4712 ἡνίκα
1364 4640 1427 4696 τὸ
1479 4642 1780 4714 μυστήριον

1886 4650 2134 4709 utuntur,
2171 4641 2569 4697 demonstravit
2596 4640 2651 4696 in
2696 4650 3038 4695 antecessum
3072 4641 3370 4709 Dominus,
3397 4655 3459 4697 se

212 4734 506 4801 παρέδωκε,
538 4734 638 4787 καὶ
691 4735 855 4803 ἡνίκα
878 4733 1116 4799 ἀναστὰς
1138 4736 1309 4807 χωρίς
1344 4734 1659 4806 μυστηρίων
1685 4737 1779 4805 ψι-

204 4822 306 4893 λὴν
331 4826 606 4898 τράπεζαν
657 4827 1007 4897 παρετίθετο,
1068 4828 1199 4897 οἴνῳ
1253 4830 1471 4900 ἐχρῆτο.
1514 4847 1532 4883 ι
1612 4828 1778 4900 Ὁρᾷς

203 4918 289 4969 ὅτι
310 4921 538 4991 πονηρὰν
563 4915 777 4991 αἵρεσιν
808 4916 1068 4988 ὀνομάζει
1098 4919 1158 4973 τδ
1193 4919 1499 4992 κεχρῆσθαι
1537 4920 1687 4975 ὕδατι
1718 4924 1777 4975 ὲν

202 5013 315 5071 τοῖς
341 5014 497 5077 θείοις
528 5013 883 5087 μυστηρίοις;
920 5013 1031 5069 Καὶ
1056 5012 1221 5068 πάλιν
1240 5029 1256 5045 ο
1298 5031 1316 5065 ι
1336 5015 1433 5068 Ἐκ
1457 5014 1553 5068 τοῦ
1583 5016 1779 5085 γεννήσ-

110 5106 111 5109 “
210 5119 389 5173 ματος,
427 5108 579 5176 φησὶ,
617 5100 721 5175 τῆς
769 5106 1017 5173 ἀμπέλου
1041 5121 1057 5136 ο
1103 5105 1349 5176 ἄμπελος
1386 5107 1442 5160 δὲ
1477 5102 1644 5175 οἶνονς
1676 5106 1775 5179 οὐχ

207 5194 379 5267 ὕδωρ,
440 5197 625 5270 γεννᾷ.
679 5218 700 5251 ι
760 5197 827 5253 Τί
886 5198 1076 5252 τούτου
1132 5199 1316 5268 ζητεῖς
1359 5201 1773 5271 φανερώτερονς

207 5288 363 5343 ’Δλλᾶ
393 5293 485 5346 καὶ
515 5295 573 5345 ὲν
596 5293 663 5361 τῇ
692 5290 1027 5362 ὀγδοηκοστῆ
1066 5290 1296 5364 πέμπτῃ
1346 5292 1532 5365 ὁμιλίᾳ
1589 5295 1670 5356 είς
1713 5293 1774 5346 τὸ

210 5383 344 5435 κατὰ
370 5383 619 5453 Ἰωάννην
652 5382 1008 5454 Εὑαγγέλιον,
1034 5385 1115 5446 είς
1172 5382 1255 5450 τὸ,
1287 5383 1582 5452 Ἐξῆλθεν
1628 5378 1773 5454 αἷμα

211 5470 494 5542 καὶῦδωρ,
518 5472 665 5529 οὕτω
706 5471 909 5543 φησίν*
943 5491 962 5525 ι
999 5472 1112 5544 Οὐχ
1133 5472 1324 5537 ἁπλῶς
1367 5474 1489 5527 οὐδὲ
1526 5472 1603 5549 ὡς
1649 5473 1772 5529 ἔτυ-

212 5579 308 5632 χεν
327 5560 477 5621 αὗται
512 5567 787 5639 προῆλθον
814 5566 873 5621 αἱ
899 5566 1096 5635 πηγαὶ,
1121 5566 1239 5621 ἀλλ’
1264 5566 1455 5638 ἐπειδὴ
1496 5567 1556 5633 ἐξ
1592 5570 1774 5640 ἀμφο-

217 5653 381 5724 τέρων
407 5657 606 5711 τούτων
634 5657 668 5727 ἠ
711 5654 1012 5723 Ἐκκλησία
1041 5655 1360 5711 συνίσταται
1387 5672 1403 5688 ·
1441 5656 1537 5709 καὶ
1591 5658 1772 5711 ἴσασιν

213 5749 271 5801 οἱ
292 5745 813 5822 μυσταγωγούμενοι,
847 5746 919 5817 ὀι⁹
948 5749 1145 5814 ὓδατος
1173 5749 1637 5821 ἀναγεννὼμενοι,
1698 5751 1772 5805 δι’

223 5838 438 5911 αἵματος
464 5846 554 5900 καὶ
584 5842 789 5919 σαρκὸς
816 5841 1149 5916 τρεφόμεθα,
1184 5842 1358 5917 ἀρχὴν
1399 5844 1670 5916 λαμϐάνει
1702 5843 1773 5899 τὰ

1885 4745 1942 4791 et
1982 4752 2110 4791 cum
2147 4734 2466 4806 mysterium
2509 4736 2611 4789 hoc
2657 4734 3000 4799 institueret,
3035 4744 3088 4788 et
3116 4748 3236 4788 cum
3265 4749 3462 4791 exsur-

1881 4844 2036 4898 gens,
2068 4828 2309 4899 seposito
2340 4828 2599 4898 mysterio
2623 4867 2638 4892 ,
2666 4841 3008 4880 communem
3044 4841 3282 4880 mensam
3304 4825 3460 4881 exhi-

1881 4924 2063 4984 beret,
2084 4921 2211 4976 vino
2244 4920 2412 4975 inisse
2442 4934 2621 4974 usum.
2660 4938 2679 4971 ›
2717 4914 2916 4974 Viden’
2947 4926 3005 4972 ut
3035 4920 3195 4975 divus
3234 4934 3454 4988 pravam

1880 5015 2129 5070 haeresim
2159 5015 2416 5085 appellat,
2453 5027 2607 5083 aqum
2637 5012 2689 5066 in
2720 5012 2921 5067 divinis
2955 5012 3226 5082 mysteriis
3257 5008 3457 5065 usum?

1880 5108 2270 5177 Rursusqueu
2303 5103 2374 5160 Ex
2400 5106 2805 5176 genimine,ait,
2823 5105 2949 5160 vitis
2967 5122 2981 5165 :
3002 5106 3127 5160 vitis
3148 5115 3325 5160 autem
3344 5119 3455 5159 non

1878 5174 2123 5268 aquam,
2167 5174 2261 5250 sed
2301 5174 2479 5251 vinum
2537 5196 2724 5265 gignit.
2760 5213 2781 5247 ι
2837 5194 2975 5262 Quid
3028 5196 3203 5249 adhuc
3253 5195 3453 5249 clarius

1882 5289 2169 5361 postulas?
2232 5286 2338 5343 Sed
2389 5288 2533 5342 enim
2589 5287 2807 5341 humilia
2853 5301 3069 5357 quoque
3120 5270 3452 5357 octogesima

1876 5385 2072 5449 quinta
2118 5383 2172 5437 iu
2223 5380 2453 5436 Joannis
2503 5378 2897 5449 Evangelium,
2949 5394 3115 5449 super
3143 5380 3291 5434 dicto
3337 5380 3451 5444 illo,

1880 5474 2058 5530 Exinit
2096 5475 2315 5545 sanguis
2355 5484 2402 5528 et
2433 5490 2592 5544 aqua,
2624 5472 2703 5527 sic
2750 5474 2824 5526 ait
2854 5489 2867 5526 :
2913 5490 2932 5523 ι
2970 5472 3086 5528 Non
3120 5472 3321 5527 frustra
3353 5488 3451 5526 uno

1878 5584 1989 5640 que
2018 5584 2146 5624 casu
2183 5570 2368 5639 aliquo
2401 5568 2581 5623 fontes
2627 5562 2682 5622 ω
2716 5568 3073 5637 prodierunt,
3104 5568 3195 5623 sed
3226 5568 3354 5637 quia
3384 5565 3451 5625 ex

1876 5661 1961 5718 his
1991 5661 2258 5718 ambobus
2288 5659 2568 5729 consurgit
2597 5658 2859 5715 Ecclesia.
2898 5659 3090 5716 Sciunt
3124 5660 3343 5727 initiati,
3380 5678 3449 5717 ex

1874 5767 2015 5823 aqua
2069 5751 2417 5821 regenerati,
2449 5750 2715 5819 sanguine
2759 5758 2816 5807 ct
2850 5764 3018 5806 cat-ue
3063 5751 3292 5816 alimur;
3345 5754 3450 5806 hoc

1874 5857 1957 5903 est
1978 5844 2360 5919 mysteriorum
2394 5842 2630 5911 initium,
2652 5852 2710 5900 ut
2739 5857 2860 5900 eum
2888 5842 2956 5899 ad
2985 5843 3275 5906 verendum
3295 5841 3446 5898 illum
