4026 6296
288 322 357 385 26
363 327 398 387 5

1652 316 2117 383 DISPUTATIO
2157 315 2243 378 II.

3452 308 3562 376 2f6

287 444 487 508 κὰριος
542 433 755 502 Παῦλος
801 435 945 511 πρὶς
1004 436 1294 507 Ἐὅραὶους
1345 432 1500 508 φησῐ⁶
1553 432 1765 490 Λαϐὼν
1814 432 1872 488 τε

1988 444 2142 501 aqua:
2216 422 2417 484 mentio
2474 425 2616 483 facta
2695 432 2780 482 est
2827 440 2841 481 :
2889 418 3088 481 etenim
3147 420 3238 479 illa
3292 421 3564 479 sacriﬁcia

281 531 437 602 αἷμα
464 528 585 585 τῶι⁴
608 529 843 602 τράγων
867 530 1110 585 καὶτῶν
1145 531 1416 601 μόσχων,
1454 524 1606 600 μετὰ
1651 527 1875 593 ὕδατος

280 624 391 680 καὶ
435 624 597 692 ἐρίου
635 624 932 680 κοκκίνου
992 623 1091 678 καὶ
1143 622 1463 686 ὑσσώπου,
1499 620 1650 677 αὑτό
1700 637 1765 675 τε
1803 620 1872 674 τὸ

277 716 537 782 ,βιϐλίον
572 714 667 770 καὶ
718 716 919 771 πάντα
954 716 1059 771 τὸν
1105 718 1260 771 λαὸν
1296 715 1609 785 ἐρῤἀντισε
1655 712 1872 783 λέγων’

295 808 485 862 Τοῦτο
500 808 564 861 τὸ
585 805 729 879 αἷμα
744 808 855 879 τῆς
877 809 1166 876 διαθήκης
1193 805 1268 880 ἧς
1292 809 1503 877 Κύριος
1531 808 1873 862 ἐνετείλατο

281 901 443 969 πρὸς
474 900 629 970 ὑμᾶς
652 905 685 956 ὀ
713 904 858 969 Θεός
885 918 899 931 ·
925 902 1020 956 καὶ
1054 903 1167 970 τὴν
1192 902 1439 970 σκηνὴν
1463 901 1532 955 δὲ
1550 900 1647 954 καὶ
1674 900 1875 954 πάντα

279 992 358 1047 τὰ
404 997 598 1061 σκεύη
634 994 744 1062 τῆς
784 998 1163 1066 λειτουργίας
1193 996 1275 1063 τῷ
1301 997 1500 1067 αἵματι
1532 998 1747 1066 ὁμοίως
1780 994 1876 1063 £15-

275 1084 553 1156 ῥάπισε.
584 1089 695 1141 Kal.
742 1088 969 1158 σχεδὸν
996 1090 1065 1142 ἐν
1111 1090 1311 1158 αἵματι
1349 1087 1547 1141 πάντα
1577 1085 1876 1155 καθαρίζει·

292 1195 390 1231 ται
440 1178 598 1233 κατὰ
651 1180 1018 1251 τὸνγόμον,
1061 1183 1159 1236 καὶ
1196 1183 1374 1253 χωρὶς
1400 1180 1875 1251 αἱματεκχυσίας

294 1270 363 1324 οὐ
378 1271 604 1339 γίνεται
625 1273 862 1343 ἄφεσις.
892 1275 1167 1337 Ἤκουσας
1185 1274 1265 1328 δτι
1281 1274 1498 1345 πρῶτον
1512 1274 1614 1346 τὴν
1633 1275 1877 1343 σύγκρα-

293 1381 373 1417 σιν
423 1364 489 1429 ἕξ
539 1365 779 1437 αἵματος
838 1368 932 1421 καὶ
962 1366 1153 1433 ὕδατος
1194 1368 1525 1440 γεγενῆσθαι
1554 1383 1569 1399 ’
1613 1370 1673 1421 έν
1702 1367 1760 1422 δὲ
1795 1367 1873 1440 τῷ

284 1454 586 1525 ραν-τέξειν,
647 1457 837 1520 ὕδατος
898 1460 1088 1529 μνείαν
1134 1460 1427 1531 πεποίηκε.
1475 1460 1677 1522 Τοῦτο,
1711 1462 1870 1531 φησι.

281 1549 352 1603 τὸ
398 1544 548 1618 αἷμα
600 1549 711 1619 τῆς
759 1550 1074 1621 διαθήκης.
1113 1553 1224 1607 Καὶ
1267 1552 1433 1607 πάλιν
1463 1556 1533 1606 τὰ
1568 1552 1737 1622 σκεύη
1770 1552 1872 1624 τῆς

281 1638 638 1712 λειτουργίας
678 1642 758 1715 τῷ
816 1646 1008 1714 αἵματι
1046 1645 1247 1716 ὁμοίως
1278 1647 1590 1719 έρῤάντισε,
1625 1649 1719 1701 καὶ
1747 1664 1873 1717 σχε-

278 1734 371 1788 δὸν
400 1735 604 1807 αἵματι
631 1738 811 1791 πάντα
841 1736 1208 1809 καθαρίζεται
1262 1740 1407 1793 κατὰ
1433 1741 1527 1793 τὸν
1557 1740 1743 1811 νόμον,
1777 1741 1873 1794 καὶ

282 1827 459 1898 χωρὶς
485 1829 928 1901 αἱματεκχυσίας
946 1831 1008 1884 οὐ
1040 1832 1251 1900 γίνεται
1281 1833 1475 1901 ἄφεσις
1497 1849 1513 1866 ο
1553 1834 1648 1890 καὶ
1693 1834 1881 1904 τετρά-

283 1939 369 1984 κις
397 1924 638 1993 αἵματος
666 1924 1072 1995 μνημονεύσας,
1104 1925 1204 1979 οὐκ
1228 1924 1637 1994 ἐμνημόνευσεν
1658 1923 1873 1988 ὓδατος.

279 2010 435 2085 Ἀρα
469 2015 556 2071 διὰ
579 2017 738 2071 τοῦτο
765 2018 1023 2090 εἴπαμεν,
1052 2019 1152 2073 οὐκ
1176 2013 1334 2073 εἶπεν
1369 2017 1514 2090 ὕδωρ
1570 2019 1723 2085 btet;
1776 2020 1872 2072 καὶ

274 2103 403 2167 πῶς
417 2121 554 2175 φησι
570 2107 705 2176 μετὰ
722 2104 914 2171 ὕδατος
925 2108 1020 2163 καὶ
1036 2110 1183 2179 ἐρίου
1201 2109 1478 2165 κοκκίνου.
1498 2109 1591 2181 Μὴ
1627 2106 1719 2164 οὖν
1749 2110 1836 2177 ξεν
1845 2112 1882 2162 Ξ·

208 2214 218 2227 ι
276 2193 404 2263 ζου,
435 2196 698 2277 δέσποταη
736 2201 786 2253 si
829 2200 926 2254 καὶ
941 2203 1001 2255 ὲν
1022 2205 1135 2265 τοῖς
1160 2202 1588 2271 Εὑαγγελίοιςτὸ
1620 2201 1765 2275 ὕδωρ
1781 2205 1879 2257 οὐκ

278 2286 643 2361 ἐξεφώνησεν
664 2291 692 2343 ὁ
711 2291 928 2363 Σωτήρ.
963 2292 1273 2364 Ἐμὰθομεν
1302 2294 1406 2365 γὰρ
1426 2293 1535 2348 ἀπὸ
1564 2296 1663 2365 τῆς
1699 2312 1877 2365 κατη-

277 2382 505 2452 χήσεως
562 2381 657 2436 τοῦ
693 2383 912 2456 Νύσσης
973 2385 1299 2458 Γρηγορίου,
1345 2388 1428 2441 ὅτι
1455 2386 1513 2455 ἐξ
1558 2385 1751 2450 ὓδατος
1783 2388 1878 2440 καὶ

273 2475 430 2527 οἴνου
485 2474 547 2529 τὺ
592 2478 687 2530 τοῦ
718 2477 927 2549 Κυρίου
971 2480 1133 2551 σῶμα
1185 2480 1536 2551 συνέστηκεν.
1576 2478 1759 2537 Εἰπὼν
1783 2478 1876 2537 οὖν

277 2561 451 2638 αἷμα,
485 2569 547 2623 τὸ
572 2568 633 2636 ἐξ
657 2570 984 2646 ἀμφοτέρων
1008 2574 1109 2645 τὴν
1124 2574 1340 2644 γένεσιν
1369 2574 1603 2647 ὲσχηκδς
1660 2574 1874 2647 ὑπεσή-

281 2678 495 2733 μανεν.

369 2755 435 2808 ’0
457 2756 613 2814 ΚΑΘ.
634 2760 909 2832 ’Δρκετῷς
936 2763 1064 2833 περὶ
1080 2762 1173 2817 τοῦ
1192 2763 1494 2833 κεφαλαίου
1509 2764 1698 2820 τούτου
1716 2765 1871 2823 εἷπο-

285 2860 432 2916 μενο
467 2845 599 2900 ὅταν
649 2848 707 2903 δὲ
739 2848 837 2905 σὺν
884 2850 1005 2924 Θεῷ
1054 2853 1375 2924 ποιήσωμεν
1425 2856 1525 2924 τὴν
1574 2857 1869 2925 πάγκοινον

288 2933 532 3004 σύνοδον,
588 2939 938 3012 προθήσομεν
995 2945 1063 2998 τὰ
1112 2945 1241 3016 περὶ
1286 2944 1379 2999 τοῦ
1418 2948 1664 3002 τοιούτου
1694 2966 1867 3018 κεφα-

1985 520 2329 578 adumbratio
2364 530 2672 576 nostrorum
2705 524 2883 573 erant.
2921 516 3176 571 Scribens
3207 514 3391 584 itaque
3431 514 3564 568 bea-

1984 624 2076 668 tus
2136 611 2335 666 Paulus
2375 613 2441 666 ad
2478 610 2732 665 Hebraeos
2762 609 2839 663 ait
2872 627 2885 662 :
2918 605 3139 677 Sumpta
3169 606 3425 677 sanguine
3452 606 3568 659 Itiro
3652 628 3654 630 τ

1984 722 2164 759 corum
2212 722 2274 759 ac
2323 706 2625 766 vitulorum,
2658 719 2776 758 cum
2825 719 2965 775 aqua
3009 713 3059 756 et
3106 701 3292 757 uellere
3324 701 3565 755 coccineo

1988 810 2145 870 atque
2190 798 2439 869 hyssopo,
2473 798 2666 851 librum
2708 799 2881 865 ipsum
2926 806 3271 867 cunctumque
3314 795 3567 864 populum

1988 891 2210 958 aspersit
2237 888 2416 942 dicens
2443 904 2460 941 .'
2490 887 2588 941 Hic
2616 897 2694 941 est
2725 888 2940 956 sanguis
2970 888 3179 955 foederis
3206 886 3345 957 quod
3379 885 3533 941 Domi
3545 912 3569 933 «ι

1988 998 2085 1035 nus
2118 981 2255 1035 vobis
2289 981 2555 1049 imposuit.
2595 979 3015 1035 Tubernuctrlum
3048 995 3250 1050 quoque
3294 989 3340 1034 et
3388 978 3568 1034 omnia

1987 1076 2124 1128 sacri
2145 1074 2425 1128 ministerii
2451 1075 2799 1129 instrumenta
2823 1077 3076 1143 sanguine
3099 1078 3299 1143 pariter
3318 1076 3567 1143 aspersit.

1989 1165 2106 1222 lmo
2135 1176 2325 1223 cuncta
2356 1172 2729 1239 propemodum
2778 1169 3033 1238 sanguine
3076 1167 3279 1235 expiari
3310 1169 3474 1223 solent
3503 1183 3569 1225 ea:

1982 1263 2112 1331 legis
2159 1279 2365 1328 norma,
2404 1277 2451 1318 et
2497 1265 2610 1318 sine
2643 1263 2917 1333 sanguinis
2964 1263 3219 1333 effusione
3251 1278 3353 1317 non
3385 1263 3445 1333 ﬁt
3479 1280 3565 1318 re:

1988 1356 2166 1409 missio
2201 1357 2265 1410 ".
2299 1357 2512 1413 Audisti
2542 1360 2719 1430 primo
2747 1359 3025 1429 sanguinis
3063 1369 3119 1414 et
3163 1373 3316 1430 aqua:
3360 1358 3563 1413 factam

1990 1450 2292 1515 misturam,
2322 1452 2520 1506 nullam
2568 1464 2744 1507 tamen
2782 1454 2834 1507 in
2864 1453 3195 1524 aspergendo
3226 1468 3379 1523 aqua;
3411 1468 3564 1509 men-

1987 1540 2187 1598 tionem
2233 1542 2404 1606 :Hic,
2444 1544 2642 1616 inquit,
2690 1546 2909 1617 sanguis
2954 1546 3184 1617 faueris.
3226 1545 3567 1616 Rursusque,

1991 1647 2115 1689 vasa
2150 1634 2434 1692 ministerii
2474 1641 2737 1710 sanguine
2781 1642 2986 1711 pariter
3016 1641 3268 1707 aspersit,
3300 1649 3355 1697 et
3383 1641 3564 1696 omnia

1985 1730 2376 1796 propemodum
2418 1733 2682 1801 sanguine
2714 1744 3013 1804 purgantur
3036 1749 3102 1788 ex
3136 1733 3265 1805 legis
3310 1736 3565 1805 praescri-

1987 1827 2098 1888 pto,
2131 1830 2187 1875 et
2216 1822 2335 1877 sine
2363 1825 2626 1894 sanguine
2669 1841 2776 1880 non
2813 1825 2873 1880 tit
2912 1825 3177 1882 remissio.
3218 1826 3443 1894 Quater,
3476 1826 3565 1882 in-

1984 1927 2168 1981 quam,
2201 1926 2499 1973 memorato
2532 1920 2818 1989 sanguine,
2853 1935 3047 1990 aquam
3086 1919 3307 1975 silentio
3342 1920 3561 1990 pressit.

1982 2008 2121 2064 Num
2171 2026 2301 2082 ergo
2336 2013 2678 2083 negabimus,
2716 2016 2891 2085 primo
2920 2029 3134 2085 quoque
3181 2029 3375 2085 aquam
3410 2028 3562 2069 como

1984 2103 2382 2159 memoratam?
2412 2106 2573 2176 Atqui
2610 2107 2746 2162 dixit
2771 2124 2786 2161 :
2818 2106 2955 2168 Cum
2983 2120 3124 2178 aqua
3154 2115 3208 2163 et
3236 2107 3357 2163 lana
3385 2107 3565 2164 cocci-

1983 2209 2106 2250 nea.
2137 2195 2215 2253 Ne
2264 2198 2430 2270 igitur
2458 2201 2654 2256 mirum
2701 2202 2794 2257 tibi
2841 2202 3111 2268 videatur,
3145 2201 3384 2266 domine,
3416 2201 3560 2271 quod

1982 2288 2035 2340 in
2061 2285 2370 2359 Evangeliis
2394 2304 2590 2360 aquam
2614 2307 2720 2348 non
2744 2292 3030 2363 appellarit
3050 2291 3327 2349 Servator.
3354 2291 3566 2362 Quippe

1978 2378 2092 2448 jam
2145 2396 2175 2435 a
2228 2381 2455 2454 Nysseni
2496 2383 2745 2457 Gregorii
2777 2388 3111 2444 cateehetico
3142 2385 3316 2442 edocti
3350 2401 3560 2450 sunms,

1980 2473 2183 2530 Christi
2228 2490 2427 2547 corpus
2472 2492 2537 2533 ex
2584 2492 2724 2548 aqua
2758 2489 2815 2533 et
2858 2478 2983 2533 vino
3014 2477 3184 2535 fuisse
3213 2492 3557 2534 conversum.

1978 2567 2115 2648 Cum
2142 2583 2269 2640 ergo
2297 2568 2546 2625 Christus
2574 2571 2893 2640 sanguinem
2926 2572 3080 2639 dixit,
3131 2587 3246 2629 rem
3275 2582 3562 2643 utramque

1978 2660 2121 2717 unde
2148 2660 2240 2717 ille
2271 2671 2356 2718 est
2383 2661 2609 2720 eﬂ'ectus
2650 2665 3031 2724 subindicavit.
3545 2652 3551 2658 ’

2048 2748 2206 2811 GEN.
2241 2754 2385 2811 Satis
2424 2758 2489 2811 de
2521 2757 2624 2812 hoc
2656 2757 2889 2824 capitulo
2924 2758 3176 2816 diximus.
3209 2760 3343 2818 Cum
3377 2771 3557 2818 autem

1975 2850 2281 2922 generalem
2297 2853 2563 2926 synodum
2582 2853 2690 2909 Deo
2706 2853 2917 2910 favente
2933 2855 3346 2922 celebrabimus,
3359 2872 3419 2911 ea
3435 2870 3555 2926 qua!

1974 2959 2006 2998 a
2043 2951 2095 2999 te
2126 2958 2290 3012 super
2335 2945 2437 3001 hac
2468 2962 2526 3002 re
2574 2948 2849 3019 disputata
2879 2946 3104 3005 fuerunt
3146 2951 3464 3019 referemus,
3495 2960 3551 3009 et
3632 2972 3636 2978 ’

294 3026 443 3081 λαίου
481 3033 637 3104 παρὰ
668 3033 764 3086 σοῦ
794 3033 1124 3105 λαληθέντα,
1149 3037 1246 3092 καὶ
1306 3039 1361 3091 εἰ
1397 3055 1447 3092 τι
1490 3042 1520 3093 ὁ
1553 3040 1866 3109 πανάγαθος

1983 3034 2021 3090 si
2054 3035 2179 3106 quid
2214 3047 2476 3109 praeterea
2518 3040 2662 3096 Deus
2690 3043 2925 3112 optimus
2961 3051 3184 3099 annuet.
3227 3041 3383 3101 Nunc
3427 3058 3547 3115 age,

300 3117 432 3185 Θεὸς
451 3123 757 3195 εὐδοκήσει.
782 3122 899 3181 Νῦν
923 3124 1041 3194 οὖν,
1069 3129 1197 3184 εἴτι
1225 3130 1370 3203 ἔχεις
1387 3131 1514 3186 ἄλλο
1544 3131 1865 3203 κεφάλαιον,

286 3213 373 3277 εἰς
394 3212 564 3284 μέσον
586 3216 841 3273 τιθέσθω.

371 3302 431 3360 '0
454 3306 659 3364 ΘΕΩΡ.
692 3309 941 3365 Ἤκουσα
958 3312 1042 3367 ὅτι
1069 3312 1303 3387 προχθὲς
1330 3313 1473 3369 κατὰ
1496 3316 1596 3386 τὴν
1615 3316 1869 3390 εἰκοστὴν

274 3397 452 3468 Ξκτην
475 3398 571 3451 τοῦ
625 3400 966 3472 Δεκεμϐρίου
995 3403 1310 3474 έωρτὰσατε
1339 3403 1431 3457 τοῦ
1477 3405 1634 3473 ἁγίου
1662 3407 1871 3477 Στεφά-

1975 3128 2021 3183 si
2061 3126 2199 3185 forte
2248 3131 2391 3186 aliud
2445 3134 2743 3205 capitulum
2794 3135 2849 3191 in
2901 3149 3151 3207 promptu
3205 3138 3409 3205 habes,
3460 3152 3555 3197 ex-

1975 3238 2133 3293 pone.

2047 3318 2295 3377 TilEOR.
2363 3321 2557 3377 Audivi
2619 3323 3053 3389 nudiustertius.
3114 3324 3201 3378 die
3267 3321 3553 3379 Decembri

1974 3424 2127 3469 sexta
2172 3431 2332 3485 supra
2370 3418 2707 3480 vicesimam,
2743 3416 2919 3473 sancti
2952 3415 3211 3486 Stephani
3253 3423 3558 3486 protomar-

272 3506 374 3544 νου
410 3490 509 3545 τοῦ
545 3494 1011 3567 πρωτομάρτυρος
1057 3497 1274 3569 ἑορτὴν,
1320 3499 1415 3551 καὶ
1469 3499 1741 3566 ἀνέγνωτε
1772 3498 1865 3553 τοῦ

1983 3508 2107 3580 tyris
2142 3507 2340 3564 festum
2373 3526 2468 3566 vos
2498 3510 2864 3577 celebrantes,
2891 3525 3001 3581 quo
3031 3510 3117 3566 die
3159 3508 3389 3581 Nysseni
3436 3522 3555 3563 scr-

274 3584 513 3657 Νύσσης
539 3584 697 3655 λόγον
725 3588 804 3651 εις
828 3588 997 3660 αὐτὴν
1022 3590 1174 3662 αὑτῷ
1197 3590 1518 3662 πονηθέντα,
1551 3584 1614 3645 οὗ
1646 3594 1679 3663 ἡ
1701 3591 1865 3663 ἁρχὴ,

1983 3614 2189 3654 monem
2243 3598 2503 3670 iegebatis
2556 3601 2626 3658 de
2690 3600 2779 3656 illo
2833 3600 3003 3669 festo,
3059 3597 3214 3668 cuius
3269 3598 3481 3654 initium
3534 3615 3551 3653 :

280 3693 303 3728 s
341 3676 435 3740 Ὠς
455 3676 597 3749 καλὴ
624 3679 733 3732 τῶν
753 3679 973 3749 ἀγαθῶν
999 3683 1032 3753 ή
1057 3681 1367 3737 ἁκολουθίαί
1395 3701 1413 3734 s
1444 3684 1551 3738 Καὶ
1578 3683 1867 3756 ἐθαύμασα

1983 3709 1996 3741 ι
2040 3689 2209 3758 Quam
2244 3692 2468 3761 pulchra
2498 3703 2581 3748 est
2614 3694 2876 3748 bonorum
2917 3691 3219 3748 succeasioi
3257 3710 3276 3744 ι
3322 3690 3557 3747 Mirabar

276 3770 370 3824 πῶ
382 3792 399 3834 ,'
412 3770 575 3827 τοῦτο
593 3774 953 3846 πεποιήκατε,
972 3775 1054 3829 ὅτι
1078 3779 1137 3829 ὲν
1174 3777 1250 3848 τῷ
1268 3777 1413 3847 λόγῳ
1430 3777 1608 3849 τούτῳ
1626 3779 1870 3849 ἀναμφιη

1983 3795 2152 3839 autem
2195 3786 2286 3855 qui
2330 3786 2379 3839 id
2422 3784 2693 3853 faceretis,
2721 3785 3155 3857 quandoquidem
3190 3784 3243 3838 in
3292 3784 3393 3839 hoc
3439 3782 3556 3853 ipso

276 3864 495 3929 λέκτως
534 3864 810 3922 δείκνυται
839 3868 919 3921 ὅτι
980 3868 1197 3940 πρῶτον
1223 3870 1459 3938 ὀφείλεις
1495 3872 1753 3941 ἑορτάσαι
1800 3874 1869 3925 τὰ

1983 3894 2225 3935 sermone
2261 3879 2547 3950 perspicue
2594 3878 3021 3950 demonstratur,
3050 3877 3245 3933 debere
3288 3885 3342 3931 te
3379 3875 3555 3944 primo

276 3958 548 4014 Γενέθλια
576 3959 672 4014 τοῦ
699 3962 931 4034 Κυρίου,
958 3966 1051 4016 καὶ
1066 3963 1210 4017 οὕτω
1235 3966 1335 4035 τὴν
1357 3965 1553 4037 ἑορτὴν
1582 3965 1673 4019 τοῦ
1710 3966 1867 4034 ἁγίου

1983 3971 2187 4025 Domini
2224 3949 2428 4027 Natalia
2466 3949 2766 4037 celebrare,
2803 3972 2997 4027 deinde
3034 3968 3207 4025 sancti
3246 3976 3551 4039 protomar-

276 4052 561 4121 Στεφάνου
611 4052 707 4109 τοῦ
777 4059 1264 4129 πρωτομάρτυρος.
1334 4058 1523 4129 Ὑμεῖς
1574 4058 1673 4130 μὲν
1726 4059 1869 4112 κατὰ

1983 4062 2111 4135 tyris
2159 4061 2417 4133 Stephani
2456 4062 2823 4118 festivitatem.
2858 4061 2965 4117 Vos
2994 4070 3175 4115 autem
3209 4060 3295 4114 die
3327 4060 3554 4114 Decem-

276 4144 380 4215 τὴν
426 4142 521 4209 κς¹
585 4145 682 4200 τοῦ
753 4147 1097 4220 Δεκεμϐρίου
1167 4150 1484 4222 έωρτάσατε
1548 4151 1657 4205 τοῦ
1716 4168 1867 4223 πρω-

1983 4156 2087 4210 bris
2111 4154 2183 4210 26
2213 4154 2405 4210 festum
2435 4154 2860 4227 Protomartyris
2895 4154 3143 4225 agitatis;
3193 4150 3403 4207 Domini
3452 4166 3554 4204 au-

278 4238 642 4309 τομάρτυρος
691 4238 790 4309 τὴν
837 4240 1055 4313 ἑορτὴν,
1096 4241 1165 4295 τὰ
1223 4243 1282 4295 δὲ
1322 4241 1414 4296 τοῦ
1464 4244 1672 4315 Κυρίου
1710 4244 1871 4298 Γενέ-

1983 4258 2081 4303 tem
2122 4250 2320 4303 natalia
2365 4256 2515 4303 sexta
2560 4248 2776 4304 demum
2809 4246 3051 4303 Januarii
3087 4247 3176 4301 die
3208 4244 3552 4299 celebraturi.

284 4332 406 4385 θλια
448 4332 674 4401 μέλλετε
716 4331 974 4404 έπρτάσαι
1017 4335 1099 4397 εἰς
1136 4336 1233 4397 τὰς
1262 4334 1320 4401 ἒξ
1352 4334 1447 4388 τοῦ
1511 4335 1861 4408 Ἰανουαρίου.

1983 4342 2074 4409 Qui
2108 4357 2240 4412 ergo
2270 4342 2421 4396 vobis
2453 4340 2730 4412 Nyssenus
2761 4351 3024 4397 consonat
3052 4341 3236 4396 dicens
3265 4354 3280 4394 :
3322 4357 3341 4389 ι
3381 4336 3554 4403 Quam

286 4428 406 4490 ιιὼς
436 4422 533 4481 οὖν
558 4401 789 4499 συνᾴδειν
820 4426 949 4496 ὑμῖν
987 4429 1015 4481 ὁ
1047 4427 1310 4498 Νύσσης;
1344 4428 1508 4497 Λέγει
1545 4430 1674 4499 γὰρ,
1777 4431 1864 4493 Ὠς

1983 4433 2197 4504 pulchra
2224 4446 2309 4490 est
2341 4434 2606 4491 bonorum
2636 4435 2929 4499 successio,
2958 4448 3118 4504 quam
3150 4430 3327 4490 dulcis
3354 4429 3554 4486 laetitia:

284 4521 422 4591 καλὴ
476 4519 589 4575 τῶν
655 4520 880 4589 ἀγαθῶν
930 4522 964 4592 ἡ
1022 4521 1343 4585 ἀκολουθία,
1398 4523 1476 4587 ὡς
1546 4523 1775 4591 γλυκεῖα
1832 4525 1864 4595 ἠ

1983 4527 2344 4583 continuatio!
2376 4526 2453 4581 En
2485 4528 2629 4582 aliud
2658 4543 2721 4583 ex
2753 4528 2861 4582 alio
2889 4527 3107 4591 festum,
3128 4540 3196 4581 en
3225 4525 3452 4594 gratiam
3484 4538 3552 4577 ex

280 4616 381 4685 τῆς
403 4614 746 4687 εὐφροσύνης
776 4617 1015 4695 διαδοχή.
1045 4616 1178 4671 Ἰδοὺ
1204 4618 1312 4688 γὰρ
1334 4616 1529 4690 ἑορτὴν
1554 4618 1612 4683 ἐξ
1638 4618 1862 4688 ἑορτῶν,

1983 4619 2143 4688 gratia
2195 4620 2521 4689 excipimus.
2574 4617 2699 4675 ﬂeri
2762 4636 2862 4675 nos
2909 4618 3237 4677 universalis
3291 4616 3553 4678 Dominus

286 4712 376 4763 καὶ
437 4708 606 4780 χάριν
657 4708 1135 4781 ἀναλαμϐάνομεν
1178 4713 1402 4786 χάριτος
1431 4730 1445 4743 υ
1496 4712 1621 4782 χθὲς
1669 4714 1865 4784 ἡμεῖςό

1983 4712 2113 4766 iesto
2161 4713 2409 4766 convivio
2455 4714 2684 4781 excepit,
2744 4713 2904 4769 hodie
2955 4712 3167 4767 Domini
3222 4710 3481 4765 imitator.
3526 4728 3547 4761 ι

281 4800 375 4854 τοῦ
412 4800 615 4866 παντὸς
646 4801 926 4876 Δεσπότης
952 4802 1245 4869 εἱστίασεν,
1292 4810 1534 4875 σήμερον
1561 4808 1587 4858 ὁ
1619 4805 1866 4877 μιμητὴς

1983 4802 2152 4856 Audin
2188 4802 2317 4873 quid
2351 4803 2531 4858 dicat?
2560 4803 2639 4859 Tu
2672 4820 2799 4861 vero
2842 4806 3167 4859 imitatorem
3209 4803 3555 4858 solemnitate

279 4894 376 4951 τοῦ
408 4896 711 4951 Δεσπότου.
747 4914 768 4948 s
837 4897 1085 4963 Ἀκούεις
1114 4897 1168 4950 τί
1202 4897 1385 4965 λέγεις
1414 4898 1487 4953 Σὺ
1508 4898 1563 4951 δὲ
1583 4899 1673 4951 τὸν
1692 4916 1868 4969 μιμησ-

1983 4894 2235 4961 :elebras,
2268 4895 2549 4952 Dominum
2580 4899 2988 4968 praetermittis?
3009 4896 3181 4954 Crede
3208 4897 3363 4963 mihi,
3388 4896 3553 4965 pudet

276 4992 385 5061 τὴν
434 4991 743 5059 έώρτασας,
794 4991 888 5046 τὸν
931 4991 988 5046 δὲ
1044 4991 1326 5062 Δεσπότην
1359 4992 1740 5064 παρέὸλεψας·
1775 4993 1866 5045 καὶ

1983 5001 2059 5071 me
2091 4989 2276 5055 vestri,
2307 4990 2394 5058 qui
2431 4990 2716 5045 manifeste
2761 4992 2897 5045 adeo
2928 4989 3184 5053 convicti,
3214 4986 3413 5057 corrigi
3446 5004 3551 5041 non

276 5086 576 5138 πίστευσον
606 5102 721 5157 μοι,
746 5085 1074 5160 αἰσχύνομαι
1099 5085 1214 5139 ἀνθ’
1240 5087 1416 5155 ὑμῶν,
1438 5088 1540 5153 ὅτι,
1582 5090 1694 5149 τοῖς
1724 5087 1866 5141 οὕτω

1983 5083 2236 5140 )atimini.
2268 5086 2470 5139 Auctor
2493 5084 2741 5156 equidem
2772 5086 2922 5141 vobis
2948 5100 3089 5147 sum.
3126 5091 3186 5138 ut
3214 5082 3553 5153 quandoqui-

271 5178 621 5251 προφανέσιν
651 5179 1028 5248 ἐλεγχόμενοι,
1078 5177 1441 5255 διορθωθῆναι
1487 5181 1589 5235 οὐκ
1633 5179 1863 5250 ἐϐουλή-

1983 5176 2090 5229 1em
2136 5190 2197 5230 ea
2229 5192 2349 5251 quas
2392 5177 2653 5233 lectiones
2702 5176 2965 5247 liturgicaz
2997 5177 3195 5231 docent
3226 5191 3333 5230 non
3362 5175 3553 5229 obser-

270 5269 432 5341 θητε.
465 5270 946 5343 Συμὸουλεύσαιμι
977 5270 1023 5325 δ’
1052 5270 1120 5326 ἂν
1166 5272 1315 5344 ὑμῖν,
1361 5274 1484 5327 ἐπεὶ
1527 5272 1593 5327 τὰ
1617 5272 1723 5328 ὑπὸ
1752 5274 1861 5326 τῶν

1983 5269 2129 5334 ratis,
2166 5268 2422 5326 lectiones
2470 5270 2615 5341 ipsas
2657 5271 2939 5336 omittatis,
2978 5284 3045 5324 ne
3075 5268 3254 5325 abhis
3288 5275 3548 5338 perpetuo

271 5366 730 5441 ἀναγνωσμάτων
778 5364 1085 5437 δηλούμενα
1126 5367 1187 5421 οὐ
1238 5366 1564 5436 φυλάττετε,
1621 5367 1759 5438 μηδὲ
1788 5367 1857 5421 τὰ

1983 5363 2263 5434 'edarguti,
2301 5363 2519 5434 gravius
2551 5362 2812 5433 iudicium
2856 5363 3155 5434 patiamini.

274 5459 688 5534 ἀναγνώσματα
722 5459 868 5531 ἔχειν
908 5461 1006 5514 καὶ⁴
1052 5461 1474 5529 ἀναγινώσκειν,
1523 5460 1610 5514 ἵνα
1648 5462 1721 5532 μὴ
1753 5460 1858 5515 ὑπὸ

272 5556 484 5611 τούτων
503 5553 773 5628 διηνεκῶς
790 5554 1133 5629 ἐλεγχόμενοι
1159 5555 1316 5608 πλέον
1330 5556 1651 5626 κατάκριμα
1668 5554 1853 5625 ἔχητε.

351 5650 416 5703 ’0
445 5647 724 5704 ΚΑΘ.Ἐν
769 5648 978 5713 τούτοις
1014 5651 1041 5702 ὁ
1068 5647 1368 5711 Καθολικὸς
1396 5647 1677 5718 μειδιάσας
1708 5646 1814 5720 ἔφη
1839 5666 1855 5682 ’

2038 5647 2193 5705 GEN.
2210 5649 2287 5703 Ad
2307 5651 2418 5705 haec
2436 5648 2715 5705 Generalis
2742 5650 2985 5705 arridens
3003 5650 3109 5703 ait:
3138 5648 3409 5703 Habemus
3423 5660 3553 5721 orso.

352 5830 400 5869 ⁸³
442 5832 615 5891 Hebr.
656 5849 734 5896 lx,
767 5833 949 5889 19-22.
2234 5843 2241 5849 '

648 5928 895 5989 Parnm.
953 5929 1073 5993 Gn.
1110 5929 1463 5997 CXXXIII.
3164 5923 3199 5992 9
