4026 6296
474 356 576 423 271

546 468 706 527 CEN.
741 467 834 523 Dic
875 463 1185 537 perspicue,
1215 474 1401 532 ecquae
1428 458 1538 515 sint
1563 473 1627 513 ex
1662 456 1750 513 his
1784 456 2062 528 capitulis,
2096 462 2139 520 Α

476 564 672 632 quibus
719 556 994 629 sepositis,
1022 569 1130 609 nos
1174 558 1357 607 tamen
1393 549 1458 605 ad
1480 550 1761 618 integram
1802 545 2051 600 unionem

479 650 794 720 excipient?

549 737 807 794 TlllSUR.
838 734 973 790 Puto
1012 732 1150 802 quod
1200 738 1255 785 tu
1306 729 1467 784 sicuti
1517 736 1785 783 tuummet
1814 724 2054 780 animum

1888 343 2322 409 THEORIANI

3632 337 3729 403 272

2253 451 2313 506 σο
2344 448 2504 506 ΚΑΘ,
2547 448 2682 504 Εἰπὲ
2731 450 2869 520 ἡμῖν
2900 446 3175 521 φανερῶς,
3199 447 3247 501 ei
3270 447 3384 503 εστι
3406 447 3603 507 τούτων
3634 455 3734 511 τῶν

2169 543 2488 612 κεφαλαίων
2533 540 2681 609 τινὰ,
2724 535 2799 596 ὧν
2846 540 3016 612 χωρὶς
3063 540 3311 607 δέξονται
3351 542 3498 613 ἡμᾶς
3546 544 3623 609 είς
3654 564 3733 601 τε·

2163 634 2317 688 λείαν
2356 635 2574 690 ἕνωσιν.
3563 638 3573 646 ’

2254 728 2312 782 '0
2345 727 2542 783 ΘΕΩΡ.
2578 724 2982 795 ’Υπολαμὸάνω
3012 724 3096 778 ὅτι
3123 722 3314 794 ὥσπερ
3350 724 3636 792 γινώσκεις
3679 727 3739 781 σὺ

478 829 820 899 exploratqu
881 826 1067 890 trahes,
1100 825 1172 879 ita
1222 823 1531 877 voluntates
1564 833 1779 889 quoque
1822 819 2065 871 subdito-

2182 822 2273 894 τὴν
2295 819 2529 892 καρδίαν
2560 836 2679 883 σου,
2728 818 2901 881 οὕτως
2934 818 3224 886 γινώσκεις
3280 819 3375 871 xui.
3413 817 3523 870 τῶν
3555 818 3655 870 ὑπὸ
3685 819 3741 873 σι

479 936 597 977 rum
627 918 897 989 pervides,
927 916 1199 985 probeque
1235 912 1376 969 nosti
1424 911 1681 982 quidnam
1728 923 1793 962 ex
1843 907 1929 963 his
1961 908 2057 961 ad-

480 1014 700 1068 missuri
740 1013 869 1078 sint,
894 1010 1092 1080 quidve
1121 1022 1304 1063 secus.
1342 1005 1521 1072 Quare
1552 1015 1608 1058 ιιι
1641 1004 1843 1075 potius,
1878 1001 1921 1056 si
1954 1001 2058 1063 vis,

480 1102 661 1159 indica
686 1102 840 1166 mihi,
876 1114 1122 1171 quaenam
1156 1097 1429 1152 Armeniis
1460 1096 1645 1167 gravia
1671 1095 1842 1150 visum
1872 1091 1937 1147 iri
1966 1107 2060 1162 pn-

481 1203 584 1256 tes,
618 1208 806 1263 quaeve
857 1208 1129 1262 nunquam
1165 1190 1269 1245 sibi
1321 1188 1637 1261 persuaderi
1690 1187 1899 1259 :assnri
1928 1187 2059 1240 sint.

553 1285 712 1344 GEN.
741 1285 957 1342 Nescio.
992 1285 1248 1342 Fortasse
1271 1285 1516 1355 quaedam
1550 1282 1681 1338 mihi
1714 1280 2061 1346 videbuntur,

482 1381 550 1438 de
582 1381 778 1449 quibus
813 1380 971 1434 aliter
994 1379 1231 1449 synodus
1263 1375 1622 1432 existimabit.

554 1472 815 1528 TllEOii.
849 1472 903 1528 Si
939 1483 1016 1536 tu,
1050 1471 1137 1541 qui
1172 1480 1335 1541 caput
1381 1486 1461 1537 es,
1495 1470 1596 1525 hoc
1641 1468 1881 1539 ignoras,
1914 1481 2060 1538 quo-

484 1569 648 1625 modo
689 1582 788 1638 ego
836 1566 929 1636 qui
961 1580 1053 1637 pes
1096 1581 1236 1626 sum,
1276 1566 1385 1619 imo
1412 1578 1479 1621 ne
1512 1578 1607 1634 pes
1642 1562 1888 1634 quidem,
1922 1561 2063 1633 apud

485 1664 852 1718 Romanorum
885 1660 1172 1731 synodum,
1209 1662 1350 1728 quod
1395 1672 1553 1730 rogas
1588 1666 1922 1727 compertum
1955 1656 2059 1712 ha-

483 1750 681 1813 beam?
715 1754 1071 1809 Nihilominus
1128 1753 1442 1822 coniectans
1497 1751 1698 1807 dicam.
1749 1748 2058 1821 Capitulum

2169 915 2475 988 ἀρχιερέων
2495 913 2556 968 τὸ
2586 914 2821 983 θέλημα,
2841 911 2937 965 καί
2964 909 3257 981 γινώσκεις
3283 910 3407 963 τίνα
3431 908 3630 964 τούτων
3659 910 3740 964 δέ·

2169 1008 2374 1076 ξονται,
2412 1008 2507 1061 καὶ
2530 1006 2650 1060 τίνα
2672 1003 2733 1058 οὗ
2757 1022 2771 1037 ο
2795 1005 2911 1069 καὶ,
2944 1005 2993 1057 εἰ
3015 1002 3282 1067 κελεύεις,
3315 1000 3439 1055 είπὲ
3482 1004 3614 1073 ἡμῖν
3634 1002 3745 1057 τίνα

2167 1100 2375 1155 τούτων
2408 1101 2521 1163 τοῖς
2564 1098 2879 1171 Ἀρμενίοις
2923 1096 3072 1149 δοκεῖ
3118 1093 3378 1167 φορτικὰ,
3421 1094 3517 1148 καὶ
3563 1095 3659 1147 οὐκ
3685 1094 3745 1148 ἂν

2176 1192 2489 1248 συνέλθοιεν
2519 1190 2660 1244 ὥστε
2685 1186 3099 1259 παραδέξασθαι
3132 1188 3296 1241 αὐτά.

2269 1284 2328 1339 '0
2367 1285 2529 1339 KA9.
2570 1284 2684 1338 Οὐκ
2717 1279 2867 1337 οἶδα·
2896 1281 3031 1345 ἴσως
3053 1279 3317 1335 δοκοῦντα
3348 1280 3471 1353 ἐμοί
3499 1297 3651 1345 τινα,
3687 1279 3747 1348 τῇ

2175 1380 2385 1451 συνόδῳ
2417 1380 2478 1432 οὐ
2506 1377 2646 1442 δόξει
2676 1374 2874 1439 οὕτως.

2263 1476 2321 1529 '0
2358 1474 2638 1530 ΘΕΩΡΣΞ)
2676 1470 2887 1543 κεφαλὴ
2925 1471 3021 1536 ὢν,
3058 1472 3274 1541 ἀγνοεῖς
3296 1469 3479 1536 τοῦτο,
3506 1471 3623 1534 πῶς
3648 1467 3751 1538 ἐγὼ

2175 1568 2311 1633 ποῦς
2336 1567 2413 1622 ὣν
2442 1566 2541 1637 τῆς
2586 1565 2739 1636 παρά
2781 1564 2892 1618 τῶν
2940 1562 3233 1635 Ῥωμαίων
3280 1563 3528 1631 συνόδου,
3564 1562 3753 1633 μᾶλλον

2174 1660 2232 1716 δὲ
2263 1660 2383 1715 οὐδὲ
2413 1658 2570 1724 ποῦς,
2603 1657 2845 1727 δύναμαι
2878 1657 3086 1727 γνῶναι
3107 1654 3316 1710 τοῦτοὸ
3347 1657 3593 1728 ἑρωτᾷςς
3618 1653 3754 1726 Πλὴν

2176 1750 2577 1822 στοχαζόμενος
2608 1749 2779 1802 είπω·
2820 1747 2881 1801 τὸ
2921 1749 3019 1818 τῆς
3066 1746 3426 1819 προϐλήσεως
3458 1745 3753 1817 κεφάλαιον

484 1848 616 1903 illud
650 1849 716 1902 de
743 1844 1025 1902 Generalis
1053 1844 1334 1907 electione,
1363 1840 1585 1897 honoris
1612 1854 1745 1910 ergo
1766 1847 1934 1908 atque
1958 1838 2069 1891 uti-

2182 1847 2361 1917 ἀφορᾷ
2387 1845 2470 1908 είς
2502 1843 2673 1915 τιμὴν
2716 1843 2809 1897 καὶ
2840 1841 3112 1911 ὠφέλειαν
3146 1842 3246 1912 σὴν
3278 1840 3507 1894 καὶτῶν
3537 1841 3673 1909 μετά
3699 1840 3752 1893 σὲ

482 1940 655 1995 litatis
679 1950 784 2009 tute
806 1946 860 1994 et
888 1937 1298 1993 succedentium
1331 1932 1680 1990 Generalium
1707 1932 2068 2003 perscriptum

2182 1937 2541 1993 Καθολικῶν·
2600 1938 2679 2000 είς
2734 1937 2997 1989 σύστασιν
3047 1934 3157 2007 γὰρ
3202 1933 3296 1987 τοῦ
3354 1934 3553 2007 θρόνου
3606 1933 3752 1987 τοῦτό

487 2046 571 2090 est
603 2051 617 2088 :
647 2048 880 2103 namque
918 2033 982 2087 ad
1037 2031 1184 2087 sedis
1230 2030 1588 2086 Stabilitatem
1645 2025 2068 2097 firmitatemque

2182 2031 2295 2084 ιστι
2349 2030 2446 2083 καὶ
2494 2010 2781 2099 διαμονὴν,
2844 2027 2918 2091 ώς
2953 2026 3241 2098 μέλλοντος
3278 2025 3425 2096 ἔχειν
3454 2025 3747 2096 δεφένσορα

485 2135 715 2196 spectat,
735 2128 862 2195 quia
891 2125 1003 2180 haec
1026 2124 1366 2179 defensorem
1398 2132 1646 2178 sanctum
1682 2120 2065 2190 imperatorem

2182 2122 2268 2176 τὸν
2301 2122 2528 2194 βασιλέα
2553 2120 2646 2175 τὸν
2666 2120 2823 2189 ἅγιον
2846 2138 2861 2152 ο
2890 2121 2985 2174 καὶ
3022 2114 3180 2191 οἶμαι
3204 2120 3352 2191 ὑμᾶς
3376 2121 3456 2183 είς
3484 2117 3643 2172 τοῦτο
3662 2118 3752 2173 οὒκ

486 2220 919 2276 nancisceretur.
962 2214 1191 2271 Romani
1243 2225 1448 2279 tamen,
1482 2221 1540 2268 ut
1580 2223 1727 2284 puto,
1765 2214 1873 2267 vim
1912 2211 2068 2266 vobis

2182 2213 2605 2280 ἀναγκάσουσιν·
2630 2210 2748 2266 ἀλλ’
2777 2212 2899 2266 οὑδὲ
2928 2214 3055 2282 περὶ
3079 2212 3191 2266 τῶν
3221 2211 3449 2283 ἀζύμων
3482 2211 3753 2283 βιάσουσιν

486 2312 541 2368 in
570 2314 673 2368 hoc
720 2309 863 2367 haud
902 2308 1102 2365 facient
1134 2330 1146 2367 ;
1174 2308 1266 2363 sed
1306 2321 1372 2362 ne
1415 2308 1471 2361 in
1502 2305 1801 2378 quastione
1847 2302 2068 2373 quidem

2182 2308 2351 2378 ὑμᾶς,
2378 2309 2475 2361 ὲάν
2506 2306 2587 2370 είς
2618 2305 2690 2360 τά
2724 2306 2862 2362 ἀλλα
2887 2306 3204 2377 συνέλθητε.

488 2409 557 2464 de
581 2405 799 2476 Azymis
834 2418 931 2458 vos
961 2412 1175 2473 cogent,
1209 2402 1254 2456 si
1302 2408 1449 2455 certe
1481 2400 1548 2455 de
1592 2398 1807 2453 caeteris
1834 2397 2253 2456 cousenscritis.

560 2498 717 2555 GEN.
752 2495 877 2551 [iure
910 2496 1093 2551 omnia
1136 2494 1201 2547 ad
1241 2491 1433 2563 synodi
1467 2490 1837 2564 cognitionem
1887 2487 2071 2559 perfe-

2262 2491 2319 2547 Ὀ
2338 2493 2502 2548 ΚΛΘ.
2524 2491 2715 2548 Ταῦτα
2737 2491 2916 2548 πάντα
2940 2492 3203 2563 προθήσω
3227 2492 3458 2547 ἐνώπιον
3498 2494 3596 2564 τῆς
3635 2512 3756 2551 συν.
3792 2476 3798 2482 ’

488 2609 605 2649 ram
633 2609 647 2647 :
673 2598 726 2645 et
750 2605 869 2644 cum
890 2590 1093 2657 legatos
1122 2600 1273 2641 meos
1297 2584 1363 2639 ad
1391 2584 1594 2657 regiam
1623 2586 1810 2640 urbem
1836 2582 2071 2649 mittam,

2182 2584 2300 2638 ὁδου
2322 2600 2337 2615 ο
2369 2584 2465 2638 καὶ
2497 2586 2625 2638 ὅταν
2660 2583 2842 2656 μέλλω
2889 2583 3213 2638 ἀποστεῖλαι
3264 2586 3649 2658 τοποτηρητάς
3683 2589 3757 2651 είς

408 2680 411 2683 ’
490 2686 695 2754 scripto
728 2681 1044 2753 significabo
1080 2689 1190 2734 tum
1224 2687 1417 2735 vestra:
1450 2677 1658 2743 synodo
1692 2684 1806 2731 tum
1843 2674 2009 2731 etiam
2040 2691 2069 2727 a

2182 2677 2281 2747 τὴν
2308 2675 2725 2748 βασιλεύουσαν,
2748 2677 3092 2748 δηλοποιήσω
3123 2677 3416 2749 ἐγγράφως
3446 2682 3519 2749 τῇ
3549 2696 3607 2733 τε
3631 2680 3760 2752 ἀγίᾳ

489 2777 601 2834 Deo
633 2784 897 2832 coronato
928 2772 1243 2843 imperatori
1283 2784 1403 2841 quae
1428 2768 1665 2832 admissa
1686 2767 1893 2824 fuerint
1923 2769 2074 2837 capi-

2182 2769 2385 2841 συνόδῳ
2415 2771 2510 2823 καὶ
2536 2769 2615 2841 τῷ
2647 2769 2936 2839 θεοστεφεϊ
2984 2770 3201 2840 βασιλεῖ
3228 2774 3296 2823 τὰ
3325 2771 3756 2843 παραδεχθέντα,

491 2872 603 2927 tula
632 2879 825 2941 etqua:
854 2882 1033 2932 secus,
1067 2864 1337 2934 simulque
1357 2879 1556 2921 causas
1579 2863 1820 2933 aperiam
1846 2870 2070 2933 propter

2182 2864 2274 2917 καὶ
2300 2861 2399 2935 μὴ,
2428 2863 2740 2933 κεφάλαια·
2788 2865 2884 2916 καὶ
2918 2862 3075 2917 δώσω
3109 2863 3207 2919 καὶ
3237 2863 3337 2928 τὰς
3377 2866 3562 2929 αίτίας
3597 2866 3664 2920 δι’
3692 2866 3761 2935 ἀς

490 2978 632 3038 quas
662 2964 845 3031 aliqua
872 2959 1110 3017 fortasse
1140 2958 1421 3029 repudiata
1452 2955 1671 3016 fuerint.
1704 2956 1771 3012 Et
1798 2956 1906 3012 nisi
1941 2970 2073 3026 pra-

2182 2956 2247 3011 τά
2280 2956 2357 3029 μὴ
2383 2956 2796 3043 παραδειχθέντα
2831 2961 2892 3012 οὐ
2940 2953 3362 3029 παραδέχομάν
3398 2959 3496 3013 καὶ
3535 2962 3583 3014 εί
3610 2962 3640 3014 ὁ
3664 2946 3759 3015 «to?

490 3072 594 3113 vus
616 3054 896 3112 hominum
929 3051 1100 3109 hostis
1128 3052 1338 3108 daemon
1374 3065 1624 3121 magnum
1655 3050 1759 3106 hoc
1791 3049 2069 3121 negotium

2182 3048 2348 3120 νηρδς
2378 3050 2476 3101 καί⁵
2536 3047 2925 3121 μισάνθρωπος
2973 3046 3186 3118 δαίμων
3238 3049 3301 3102 οὐ
3357 3050 3757 3122 παριμποδίσει

491 3146 897 3212 disturbaverit,
923 3144 989 3201 ad
1022 3158 1119 3199 nos
1142 3141 1363 3215 quidem
1397 3142 1540 3213 quod
1572 3141 1768 3199 attinet
1799 3140 1900 3213 (sic
1923 3140 2070 3195 Deus

2182 3141 2331 3196 τουτὶ
2358 3142 2419 3195 τὸ
2449 3142 2593 3211 μέγα
2619 3140 2832 3212 χρῆμα,
2875 3139 2938 3206 ἐξ
2968 3140 3249 3213 ἡμετέρας
3278 3140 3485 3213 αἰτίας,
3520 3144 3617 3198 σὺν
3643 3143 3757 3216 Θεῷ

496 3238 757 3313 adjuvet)
799 3254 903 3293 non
936 3236 1280 3308 impedietur.
1315 3233 1543 3306 Oportet
1572 3234 1718 3292 enim
1755 3247 1933 3307 neque
1976 3248 2074 3289 nos

2182 3231 2346 3301 λέγω,
2377 3233 2477 3286 οὐκ
2508 3231 2999 3304 ὲμποδισθήσεται.
3047 3232 3139 3283 Δεῖ
3169 3231 3279 3305 γὰρ
3311 3233 3452 3304 μήτε
3488 3235 3639 3305 ἡμᾶς
3666 3234 3758 3306 τῆς

494 3346 707 3388 summo
730 3331 855 3401 jure
879 3342 1063 3399 agere,
1089 3343 1264 3399 neque
1291 3326 1418 3382 item
1450 3340 1564 3392 vos,
1594 3325 1866 3396 siquidem
1904 3325 2073 3379 unio-

2182 3327 2325 3396 άγαν
2354 3325 2645 3400 ἀκριϐείας
2684 3327 2823 3399 μήτε
2860 3325 3005 3396 ὑμᾶς
3032 3324 3132 3395 τὴν
3167 3324 3366 3379 ἕνωσιν
3400 3325 3752 3398 βουλομένους

494 3440 619 3480 nem
672 3422 977 3491 exoptatis;
1009 3420 1102 3476 sed
1158 3420 1212 3475 in
1247 3418 1571 3491 quibusdam
1619 3415 1923 3489 indulgere,
1956 3432 2079 3487 quae

496 3516 658 3570 fidem
693 3529 797 3569 non
830 3512 1032 3568 violant
1064 3528 1078 3566 :
1110 3510 1306 3583 quippe
1331 3512 1527 3566 rituum
1547 3509 1852 3567 differentia
1889 3513 2074 3566 eccle-

499 3610 871 3674 siasticarum,
905 3606 1179 3661 hominem
1228 3621 1258 3660 a
1316 3604 1629 3660 Christiana
1679 3606 1939 3674 religione
1971 3622 2077 3662 non

499 3703 805 3757 submovet.
858 3696 1013 3755 Nunc
1061 3712 1215 3763 vero,
1257 3700 1304 3755 sl
1359 3699 1559 3768 placet,
1590 3698 1823 3755 reditum
1867 3711 2074 3771 parate.

497 3791 629 3848 Post
654 3791 800 3850 enim
829 3791 1127 3848 discessum
1168 3800 1428 3857 vestrum,
1463 3793 1527 3846 ad
1562 3806 1711 3847 meos
1732 3805 1923 3848 omnes
1952 3795 2074 3861 epi-

498 3900 691 3954 scopos
719 3884 974 3952 scribam,
1006 3891 1062 3938 ut
1094 3881 1172 3936 vel
1202 3882 1301 3952 ipsi
1342 3883 1580 3948 veniant,
1608 3883 1690 3939 vel
1721 3883 1927 3954 legatos
1947 3886 2077 3940 ruit-

502 3987 638 4043 tant,
673 3985 938 4046 quotquot
967 3976 1148 4046 gravis
1178 3988 1339 4028 causa
1375 3973 1441 4029 ad
1480 3974 1750 4047 synodum
1780 3976 2077 4033 convenire

500 4068 770 4140 prohibet.
809 4065 981 4122 Porro
1033 4081 1168 4137 opus
1196 4077 1277 4125 est
1326 4075 1385 4122 ut
1424 4082 1523 4137 ego
1549 4067 1765 4123 unionis
1798 4070 2075 4140 negotium

501 4178 607 4218 non
638 4162 759 4217 sine
785 4161 1028 4216 Albania:
1056 4158 1311 4215 Generaii
1345 4161 1637 4229 transigam
1670 4178 1685 4216 :
1711 4160 1798 4216 hic
1819 4162 1961 4217 enim
1989 4177 2079 4217 se-

503 4253 623 4306 detn
647 4248 891 4320 Gregorii
920 4247 1062 4304 illius
1093 4250 1292 4303 insidet
1315 4249 1405 4318 qui
1429 4249 1605 4303 sancti
1627 4246 1876 4321 Gregorii
1911 4264 2079 4320 nepos

502 4341 627 4405 fuit,
659 4342 714 4395 in
760 4341 1013 4395 Armenia
1067 4354 1280 4410 magna,
1323 4340 1542 4408 quicum
1590 4341 1719 4394 mihi
1754 4341 2076 4412 spiritalium

2178 3411 2546 3490 ἀντέχεσθαι,
2581 3415 2719 3481 ἀλλᾲ
2746 3433 2871 3470 τινα
2898 3416 3168 3490 παρορᾷν,
3205 3416 3306 3469 ὅσα
3346 3415 3448 3487 τὴν
3479 3416 3668 3473 πίστιν
3696 3415 3747 3471 οὐ

2180 3508 2569 3581 παραὸλάπτει
2588 3521 2607 3539 ⁸
2633 3506 2933 3579 ωνηθειῶν
2965 3507 3075 3579 γὰρ
3096 3507 3359 3579 διαφορὰν
3376 3507 3756 3579 ἐκκλησιαστι-

2181 3605 2318 3671 κῶν,
2364 3602 2656 3676 ἄνθρωπον
2704 3601 2799 3657 τοῦ
2848 3602 3289 3675 Χριστιανισμοῦ
3331 3603 3434 3658 οὐκ
3468 3604 3753 3678 ἀλλοτριοῑ.

2180 3696 2298 3752 Νῦν
2324 3691 2438 3762 οὖν,
2461 3696 2510 3748 εί
2530 3694 2807 3761 κελεύετε,
2845 3695 2953 3749 ἀπὸ
2982 3694 3076 3748 τοῦ
3107 3695 3203 3750 νῦν
3236 3696 3606 3769 ἑτοιμάσθητε
3630 3698 3757 3770 πρὸς

2183 3790 2571 3863 ὑποστροφήν
2634 3790 2733 3844 καὶ
2795 3789 2935 3862 μετὰ
2996 3791 3097 3863 τὴν
3165 3791 3320 3863 ὑμῶν
3388 3790 3757 3865 ἀναχώρησιν,

2182 3882 2382 3956 γράψω
2414 3883 2551 3954 πρὸς
2579 3882 2829 3947 ἅπαντας
2879 3883 3006 3947 τοὺς
3052 3881 3221 3955 ιμοῦς
3262 3884 3629 3957 ἀρχιερεῖς,ῆ
3679 3884 3760 3939 ἵνα

2184 3978 2341 4030 αὐτοὶ
2372 3974 2626 4041 ἔλθωσιν,
2679 3973 2713 4045 ἢ
2749 3975 3132 4047 τοποτηρητάς
3186 3975 3609 4043 ἀποστείλωσιν,
3651 3976 3761 4031 ὅσοι

2180 4068 2431 4141 δηλονότι
2456 4070 2525 4123 δι’
2552 4068 2862 4138 ἀναγκαίας
2892 4068 3074 4134 αἰτίας
3105 4069 3184 4134 είς
3213 4070 3314 4141 τὴν
3341 4070 3566 4126 σύνοδον
3589 4088 3765 4142 παρα-

2180 4162 2437 4234 γενέσθαι
2481 4163 2541 4215 οὑ
2570 4162 2853 4218 δύνανται.
2890 4160 3035 4233 Ἐγὼ
3062 4161 3120 4216 δὲ
3171 4162 3309 4228 πρὸς
3341 4163 3590 4233 ἀνάγκης
3630 4162 3764 4233 μετά

2181 4256 2277 4309 τοῦ
2312 4253 2621 4310 Καθολικοῦ
2651 4255 2748 4309 τοῦ
2792 4254 2995 4311 Ἀλῦἀκ
3022 4254 3137 4328 (50)
3191 4254 3291 4330 τὴν
3325 4257 3524 4309 ἕνωσιν
3562 4254 3765 4319 ταύτην

2184 4350 2430 4421 ποιήσω’
2462 4344 2621 4412 οὗτος
2646 4350 2757 4419 γὰρ
2784 4349 2973 4420 ἐπέχει
3003 4349 3096 4401 τὸν
3118 4349 3310 4419 θρόνον
3342 4350 3650 4421 Γρηγορίου
3672 4350 3765 4425 τοῦ

505 4431 843 4499 negotiorum
882 4438 1139 4498 perpetua
1187 4429 1498 4481 communio
1542 4439 1648 4493 est,
1687 4430 1758 4482 ita
1791 4441 1848 4484 ut
1890 4440 2074 4486 neuter

2187 4442 2415 4511 ὲγγόνου
2451 4440 2544 4495 τοῦ
2584 4441 2741 4510 ἁγίου
2784 4441 2822 4494 Γ
2830 4440 3090 4513 ρηγορίου
3133 4442 3231 4512 τῆς
3282 4443 3529 4513 μεγάλης
3573 4442 3768 4514 Ἀρμε-

506 4522 680 4577 inscio
708 4522 879 4575 altero
910 4522 1201 4591 quidquam
1245 4529 1391 4589 agat.
1432 4518 1529 4573 Est
1576 4530 1760 4576 autem
1807 4522 1947 4578 inter
1982 4538 2074 4579 nos

2191 4534 2329 4599 νίας,
2359 4535 2451 4587 καὶ
2475 4522 2559 4587 ἀεί
2591 4534 2759 4603 ἐσμεν
2792 4534 2850 4585 ἐν
2867 4534 2987 4595 ταῖς
3018 4536 3419 4602 πνευματικαῖς
3453 4534 3764 4596 ὑποθέσεσι,

506 4616 852 4673 intervallum
882 4614 983 4670 iter
1012 4615 1304 4679 mensium,
1342 4622 1397 4667 ut
1431 4629 1576 4678 reor,
1622 4616 1808 4670 trium.

581 4903 837 4961 TllEOR.
892 4902 1249 4973 Quandonam
1307 4902 1574 4975 synodum
1640 4910 1929 4957 coacturus
1985 4901 2084 4957 es?

510 5001 748 5071 Tempus
777 5000 923 5055 enim
965 4998 1184 5054 deﬁnite
1235 4999 1391 5053 nobis
1436 4998 1714 5064 designari
1754 5004 1993 5068 Oportet,
2028 5007 2085 5051 ut

512 5096 827 5165 imperatori
861 5105 914 5147 οι
948 5091 1204 5147 Ecclesia:
1236 5093 1625 5162 signiﬁcemus.

519 5358 759 5416 siasticis
802 5358 935 5415 viris
980 5358 1081 5413 hac
1113 5357 1307 5429 virtute
1356 5357 1899 5425 convenientissima;
1932 5357 2086 5429 cujus

519 5433 595 5486 rei
663 5433 941 5486 cumulare
998 5428 1304 5500 teetimonia
1337 5444 1465 5500 non
1525 5431 1770 5484 interest.
1810 5428 2087 5500 Sylvester

519 5511 663 5557 certe
693 5500 732 5553 ll
772 5503 822 5554 in
876 5501 1075 5555 celebri
1124 5501 1189 5553 ad
1223 5496 1280 5553 S.
1315 5498 1646 5569 Stephanum
1698 5496 1876 5569 regem
1930 5499 2081 5554 Bulla

520 5574 652 5627 nilnt
697 5575 761 5626 de
794 5573 1036 5626 czeiibatu
1089 5573 1236 5624 dicit.
1268 5570 1411 5623 ldent
1447 5586 1572 5623 vero
1620 5572 1672 5624 in
1725 5586 1977 5626 somnone
2015 5572 2081 5625 ad

520 5645 802 5710 episcopos
858 5643 1034 5711 (apud
1088 5640 1461 5695 Mabilloniunt
1505 5642 1703 5697 Anecd.
1774 5642 1860 5697 ed.
1931 5657 2077 5705 nov.,

520 5730 575 5784 ι).
613 5714 707 5767 104
735 5717 752 5783 j
798 5713 952 5766 verba
981 5713 1129 5767 Pauli
1164 5713 1318 5784 unius
1342 5712 1521 5763 uxoris
1552 5714 1623 5763 uir
1656 5712 1963 5766 litteraliler
1987 5729 2081 5767 ex-

522 5782 607 5853 pia
630 5797 701 5847 ut,
737 5800 802 5838 ne
841 5785 1082 5850 bigamus
1116 5782 1189 5849 (id
1222 5794 1303 5836 eat
1341 5784 1428 5850 qui
1460 5784 1668 5837 duabus
1695 5786 1951 5837 uxoribus
1973 5786 2082 5853 jant

523 5860 789 5911 delum-iis
825 5857 1104 5923 Copidatus
1148 5854 1328 5923 lttL'ril)
1373 5853 1438 5906 ad
1486 5856 1854 5925 episcopatum
1893 5871 2053 5911 ascen

2191 4628 2285 4681 καὶ
2333 4624 2485 4679 οὐδὲν
2536 4622 2671 4695 ἄτερ
2720 4623 2967 4694 ἀλλήλων
3020 4623 3306 4694 ποιοῦμεν.
3348 4627 3508 4679 Ἐστι
3542 4627 3598 4680 δὲ
3646 4624 3762 4680 ὁδοῦ

2190 4719 2468 4787 διάστημα
2520 4718 2615 4771 ἀπ’
2662 4715 2915 4771 ἐντεῦθεν
2962 4717 3066 4781 ἕως
3121 4718 3239 4771 ἐκεῖ
3287 4718 3387 4790 οὐχ
3417 4712 3588 4792 ἦττον
3614 4715 3767 4789 οἶμαι

2195 4811 2382 4884 μηνῶν
2423 4810 2610 4881 τριῶν.

2274 4905 2335 4957 '0
2362 4903 2559 4957 θΕΩΡ.
2582 4902 2692 4957 Καὶ
2728 4904 2859 4957 πότε
2893 4903 3107 4975 μέλλεις
3131 4906 3355 4977 ποιῆσαι
3387 4906 3485 4979 τὴν
3504 4906 3724 4961 σύνοδον
3750 4922 3765 4973 ;

2198 4997 2391 5051 Δοῦναι
2425 4996 2535 5067 γὰρ
2570 4998 2701 5064 ἡμῖν
2739 4996 2976 5063 ὀφείλεις
3016 5000 3281 5068 ὀνομαστὶ
3312 4999 3405 5053 τὸν
3440 5002 3659 5072 καιρὸν,
3686 4999 3767 5052 ἵνα

2198 5090 2335 5159 προς
2360 5089 2450 5141 τὸν
2491 5086 2718 5158 βασιλέα
2758 5090 2850 5141 καὶ
2898 5088 2998 5165 τὴν
3040 5090 3371 5162 Ἐκκλησίαν
3417 5092 3579 5148 τοῦτο
3617 5091 3765 5160 γνῶ-

2199 5183 2457 5255 ρίσωμεν.

2194 5359 2319 5435 dat;
2358 5358 2641 5430 allegorice
2670 5375 2820 5435 vero,
2864 5378 2930 5418 ne
2960 5361 3248 5434 episcopus
3276 5374 3400 5435 post
3445 5367 3767 5424 catholicum

2194 5433 2409 5509 dogma,
2443 5434 3019 5509 sensntnnhagreticunr
3044 5433 3228 5509 sinuat
3243 5453 3259 5501 ;
3277 5433 3499 5494 scilicet
3527 5452 3589 5493 ut
3611 5441 3765 5495 unius

2194 5502 2495 5579 uxo_r_is,_id
2533 5502 2935 5579 estAEcelesim,
2969 5506 3055 5579 vir
3077 5506 3396 5579 appelletur.

2271 5572 2383 5645 (ὅθ)
2417 5572 2491 5627 De
2510 5573 2719 5642 origine
2742 5577 3053 5631 Armeniaci
3079 5572 3481 5645 pairiarchutus
3507 5579 3762 5643 Albaniae,

2191 5647 2279 5714 qui
2314 5646 2583 5715 secundus
2608 5649 2749 5699 inter
2777 5647 3177 5715 patriarcbatus
3194 5649 3480 5707 Armenios
3512 5652 3762 5715 dignitate

2189 5723 2327 5789 erat,
2363 5714 2554 5789 legesis
2586 5714 2800 5769 doctum
2831 5733 2986 5789 Opus,
3020 5718 3107 5772 cui
3152 5720 3339 5774 titulus
3383 5739 3397 5777 :
3442 5714 3761 5789 Compendia

2191 5786 2387 5839 δικ)τὲεο
2429 5786 2483 5838 di
2514 5790 2758 5842 memorie
2803 5786 3165 5857 m'mtologiclte
3199 5794 3533 5847 concernemi
3560 5786 3611 5845 In
3649 5792 3758 5846 refi-

2191 5858 2341 5931 gione
2375 5873 2401 5911 e
2430 5857 2481 5911 la
2518 5862 2717 5913 rrtorale
2756 5860 2891 5913 delia
2928 5877 3151 5916 nouom:
3179 5865 3427 5931 Armena,
3453 5874 3493 5919 t.
3535 5865 3601 5931 ll,
3633 5880 3680 5933 ρ.
3709 5862 3756 5921 9.
