4026 6296
224 416 304 481 273

1517 404 1989 468 DISPUTATIO
2034 402 2121 466 ΙΙ.

3321 382 3433 449 ετι

283 526 335 581 '0
365 525 509 581 ΚΑΘ.
547 525 677 581 Οὐδὲ
708 524 820 595 ἐγὼ
845 521 985 587 οἶδα,
1018 525 1066 578 εί
1106 522 1180 594 μὴ
1207 522 1471 597 ἐρωτήσω
1491 519 1758 592 λεπτομε·

1930 519 2087 575 GEN.
2120 516 2199 573 Ne
2221 528 2325 587 ego
2354 514 2575 586 quidem
2607 510 2755 578 novi,
2781 510 2931 583 prius
2965 524 3128 581 quam
3155 523 3251 565 eos
3270 522 3433 567 accu-

218 620 311 689 ρῶς
343 620 456 683 τοὺς
489 620 855 686 γινώσκοντας
895 619 964 675 τὰ
990 618 1337 689 διαστήματα
1366 618 1475 671 τῶν
1503 617 1722 688 χωρῶν.

293 712 347 767 '0
377 712 553 766 ΘΕΩΡ.
587 713 696 766 Kal.
730 711 969 781 μάλιστα
999 710 1223 765 πλείονα
1259 708 1454 781 καιρὸν
1512 707 1754 778 ὀφείλεις

220 806 399 867 δοῦναι,
424 805 499 859 διὰ
532 805 593 859 τὸ
625 805 853 875 ποιῆσαι
883 803 1115 858 ἕκαστον
1145 802 1245 875 τὴν
1284 801 1603 872 οἰκονομίαν
1661 802 1759 855 αὐ-

220 898 301 953 τοῦ
329 897 602 966 ἀρκοῦσαν.

288 990 338 1044 '0
361 990 505 1043 ΚΛΘ.
522 988 869 1055 Ἐξαπάντως
892 988 1063 1053 οὕτως
1097 989 1305 1060 ὀφείλει
1323 987 1600 1060 γενέσθαιο
1618 987 1760 1060 πλὴν

223 1084 311 1151 ὶγὼ
360 1084 529 1152 μέλλω
589 1083 730 1156 μετὰ
773 1084 882 1138 τῶν
938 1082 1248 1156 ἀνθρώπων
1291 1102 1392 1157 μου
1436 1083 1761 1139 ἀποστεῖλαι

234 1177 401 1248 γραφὴν
433 1176 568 1248 πρὸς
596 1177 692 1231 τὸν
726 1174 975 1249 βασιλέα,
1011 1177 1110 1231 καὶ
1133 1176 1365 1250 δηλώσω
1390 1178 1491 1249 τὴν
1534 1175 1763 1248 διωρίαν

237 1270 304 1339 τῆς
327 1269 551 1325 συνόδου.

291 1360 337 1416 ’0
359 1362 541 1417 ΘΕΩΡ.
564 1364 752 1430 Δεῖξον
773 1366 928 1435 ἡμῖν,
950 1365 1000 1419 εί
1028 1361 1293 1430 κελεύεις,
1308 1362 1376 1433 ἣν
1389 1360 1603 1433 μέλλεις
1626 1361 1763 1416 ἀπο-

232 1452 387 1505 στεῖλαι
408 1454 540 1525 πρὸς
560 1454 655 1507 τὸν
678 1454 901 1524 βασιλέα
931 1455 1245 1526 ἐπιστολήν.

284 1546 334 1600 ’0
369 1547 521 1601 ΚΑΘ.
554 1547 730 1601 Τοῦτο
778 1549 995 1616 ποιήσω
1017 1565 1034 1582 ο
1064 1548 1161 1604 νῦν
1194 1550 1239 1602 δ’
1281 1549 1544 1618 ὑπάγετε,
1577 1548 1762 1603 διανα-

225 1640 484 1711 παὺσθιιτε,
541 1639 637 1695 καὶ
683 1641 773 1695 ὅτε
816 1641 1122 1713 ἐκθήσομαι
1156 1642 1257 1715 τὴν
1292 1641 1585 1715 επιστολὴν
1607 1642 1765 1710 δείξω

224 1736 343 1804 ἡμῖν·

277 1830 340 1900 Τῇ
368 1831 628 1903 ἱπαῦριον
658 1829 898 1886 ἔστειλεν
932 1832 1065 1902 ἡμῖν
1100 1833 1129 1887 δ
1183 1832 1486 1896 Καθολικὸς
1515 1829 1613 1903 τὴν
1670 1829 1765 1885 εκ·-

227 1920 339 1975 Θεσιν
366 1923 460 1993 τῆς
484 1924 624 1995 πρὸς
656 1924 765 1977 τῶν
796 1923 1022 1995 βασιλέα
1055 1925 1367 1996 ἐπιπολῆς,
1401 1920 1469 1997 ἧς
1499 1926 1532 1996 ή
1565 1924 1764 1989 ἔννοια,

223 2011 287 2067 ἕνα
313 2017 367 2069 ὲν
388 2018 619 2088 επιτομῇ
647 2017 811 2083 είπω,
839 2016 1002 2086 αὕτη.
1026 2048 1099 2059 ——
1121 2018 1236 2072 Οὐκ
1254 2019 1579 2089 ἐνομίζομεν
1604 2034 1769 2071 σκαν-

215 2108 489 2169 διλίζεσθαι
510 2110 671 2180 ἡμῶν
686 2127 841 2172 τινας
869 2109 1139 2181 λεγόντων
1164 2112 1292 2184 μίαν
1329 2110 1493 2182 φύσιν
1523 2110 1614 2165 τὸν
1634 2112 1769 2182 Χρι-

216 2203 350 2255 στόν⁸
376 2204 543 2274 ὀρθῶς
572 2205 684 2276 γὰρ
704 2206 1144 2277 ἑρμηνευόμενον
1175 2205 1334 2261 τοῦτο
1363 2207 1463 2260 οὐκ
1496 2205 1614 2261 ἐστι
1664 2224 1767 2260 κα-

214 2297 294 2351 κόν
316 2316 328 2329 ο
357 2300 472 2353 ἐπεί
500 2299 555 2352 δέ
573 2316 725 2361 τινες
756 2299 1230 2365 σκανδαλίζονται,
1266 2298 1551 2364 παντελῶς
1599 2301 1768 2369 ἐγκα-

212 2392 599 2463 ταλιμτιάνομεν
631 2391 762 2465 μίαν
784 2397 951 2462 φύσιν
996 2395 1179 2465 λέγειν
1228 2396 1323 2449 τὸν
1366 2394 1603 2466 Χριστόν
1629 2394 1764 2465 (51).

214 2482 323 2538 Εἶτα
353 2485 615 2557 ἠθέλησεν
633 2487 662 2539 ό
679 2486 983 2550 Καθολικὸς
1010 2488 1155 2543 κατὰ
1184 2488 1351 2559 μόνας
1378 2488 1457 2558 τῷ
1472 2486 1768 2557 Θεωοιανῷ

214 2581 460 2649 συντυχεῖν
492 2595 508 2609 ·
540 2580 641 2633 καὶ
672 2580 1189 2651 μετακαλεσάμενος
1208 2582 1304 2653 ὀψὲ
1333 2582 1597 2653 Σαϐϐάτῳ
1624 2583 1768 2646 λίαν.

214 2665 348 2724 εἶπεν
365 2671 499 2743 αὐτῷ
526 2684 545 2703 ⁸
617 2672 1160 2744 Ἐσκανδαλίσθησαν
1205 2675 1255 2727 οἱ
1305 2674 1434 2745 ἐμοὶ
1491 2675 1771 2748 ἀρχιερεῖς

213 2767 318 2819 κατ’
356 2764 501 2835 ἐμοῦ,
524 2766 631 2820 καὶ
662 2763 811 2820 ἔστιν
833 2767 1130 2836 ἀναγκαῖον
1164 2764 1445 2833 ἐξελέσθαι
1495 2769 1556 2823 τὸ
1600 2770 1771 2824 σκάν-

215 2856 352 2911 δαλον
384 2859 444 2912 ἐκ
470 2859 588 2914 τῶν
619 2858 857 2933 καρδιῶν
883 2859 1068 2915 αὐτῶν
1101 2874 1116 2892 ⁶
1151 2858 1634 2931 ὲσκανδαλισμὲνοι
1661 2861 1770 2934 γὰρ

220 2953 360 3019 οντες,
390 2953 653 3026 οὐδαμῶς
687 2954 1044 3010 ὀπακούσωσί
1076 2972 1181 3026 μου
1213 2956 1291 3020 ὡς
1326 2958 1596 3029 κεφαλῆς,
1631 2957 1772 3014 ἀλλὰ

230 3046 511 3103 οινιάσουσιν
530 3042 630 3104 οἷα
656 3049 814 3118 γένος
846 3049 1159 3123 ἀτέραμνον
1212 3050 1309 3103 καὶ
1351 3050 1773 3124 σκληροτράχη-

226 3136 298 3191 λον
320 3156 332 3172 ο
356 3141 459 3196 ἀλλ’
487 3140 691 3213 αὔριον
715 3141 830 3195 ἐστὶ
856 3140 1146 3211 Κυριακὴ,
1193 3140 1291 3195 καὶ
1350 3140 1605 3211 μέλλουσι
1646 3158 1773 3195 συν-

1856 624 1974 669 rate
2008 624 2268 678 regavero
2303 608 2394 679 qui
2420 607 2661 663 locorum
2687 600 2967 661 intervalla
3003 602 3201 659 sciunt.

1927 702 2185 760 THEOR.
2217 704 2364 759 Sane
2397 710 2611 772 tempus
2642 715 2670 753 a
2706 709 2757 754 te
2787 697 3088 766 spatiosum
3130 694 3443 751 conceden-

1858 800 1983 851 dum
2028 806 2130 863 est,
2166 802 2226 849 ut
2270 791 2469 865 singuli
2523 790 2846 847 viaticorum
2895 802 3118 844 suorum
3169 787 3439 841 rationem

1856 889 2111 945 habeant.

1928 981 2088 1041 GEN.
2113 981 2205 1039 Sic
2238 997 2460 1053 prorsus
2483 980 2752 1052 agendum
2781 986 2883 1035 est.
2914 977 3305 1032 Verumtamen
3338 988 3439 1044 ego
3470 990 3473 991 ν

1859 1091 1955 1149 per
1984 1074 2230 1130 homines
2260 1088 2408 1130 meos
2458 1071 2760 1127 familiares
2814 1068 3135 1141 imperatori
3173 1067 3435 1132 scribam,

1862 1181 2183 1242 tempusque
2216 1168 2423 1239 synodo
2450 1166 2779 1235 praefinitum
2810 1163 3155 1236 signiﬁcabo.

1935 1353 2190 1412 'l‘llEOR.
2222 1353 2459 1409 Ostende
2505 1351 2680 1416 nobis,
2719 1351 2763 1406 si
2813 1349 2907 1406 tibi
2955 1348 3157 1421 placet,
3184 1361 3345 1419 quam
3373 1345 3441 1403 ad

1863 1449 2250 1518 imperatorem
2283 1448 2551 1502 missurus
2582 1442 2985 1515 es-epistolam.

1934 1540 2091 1598 GEN.
2121 1540 2197 1596 lta
2244 1555 2395 1596 sane.
2430 1539 2585 1593 Nunc
2624 1552 2754 1593 vero
2780 1537 2846 1592 sd
2890 1534 3131 1606 requiem
3164 1532 3443 1597 secedite;

1865 1634 2051 1689 statim
2089 1648 2154 1689 ac
2207 1632 2352 1688 enim
2397 1628 2680 1701 epistolam
2726 1627 3021 1698 scripsero,
3058 1625 3211 1681 vobis
3259 1631 3446 1680 osten-

1867 1724 2011 1779 dam.

1938 1830 2165 1887 Postero
2196 1830 2285 1886 die
2316 1829 2467 1885 misit
2496 1828 2564 1883 ad
2597 1843 2699 1884 nos
2730 1825 3017 1883 Generalis
3045 1827 3351 1882 litterarum
3378 1823 3448 1878 ad

1872 1922 2256 1994 imperatorem
2295 1921 2597 1991 exemplar,
2628 1934 2858 1989 quarum
2889 1933 3099 1974 summa
3130 1917 3246 1973 haec
3283 1926 3400 1972 erat
3428 1932 3446 1973 :

1870 2018 2318 2075 Existimavimus
2352 2016 2624 2071 neminem
2658 2015 2923 2071 offensum
2957 2012 3023 2068 iri
3049 2013 3313 2068 adversus
3348 2024 3449 2065 nos

1870 2113 1961 2182 qui
2004 2125 2165 2167 unam
2210 2109 2413 2165 Christi
2451 2118 2700 2163 naturam
2754 2108 2961 2171 dicunt,
3002 2104 3448 2175 quandoquidem

1871 2206 1923 2260 id
1974 2218 2122 2263 recta
2173 2203 2627 2273 interpretatione
2685 2202 3037 2272 explicatum,
3092 2199 3223 2253 vitio
3277 2205 3451 2255 caret.

1873 2301 1980 2358 Sed
2033 2300 2159 2371 quia
2203 2298 2449 2356 nonnulli
2506 2294 2820 2354 scandalum
2870 2295 2995 2350 hinc
3025 2293 3323 2364 patiuntur,
3350 2305 3451 2346 nos

1870 2396 2089 2467 quidem
2121 2411 2285 2451 unam
2326 2395 2511 2451 dicere
2555 2392 2761 2448 Christi
2799 2400 3047 2447 naturam
3090 2400 3312 2463 prorsus
3336 2387 3449 2457 iam

1871 2490 2201 2545 desinemus.
2228 2488 2365 2545 Exin
2406 2486 2687 2545 Generalis
2744 2495 3017 2542 secretum
3068 2482 3277 2552 optavit
3321 2495 3448 2536 cum

1872 2578 2183 2636 'l'heoriano
2236 2579 2589 2651 colloquium,
2640 2586 2800 2648 quem
2856 2576 3096 2632 Sabliato
3130 2574 3262 2629 hora
3294 2572 3451 2627 valde

1871 2674 2111 2730 serotina
2142 2673 2212 2730 ad
2240 2689 2299 2730 se
2326 2688 2577 2729 vocatum
2608 2673 2681 2728 ita
2713 2671 2979 2727 allocutus
3004 2678 3091 2725 est
3122 2686 3139 2724 :
3174 2667 3274 2722 Mei
3316 2664 3449 2721 mihi

1871 2767 2112 2839 episcopi
2149 2765 2337 2823 offensi
2384 2777 2533 2832 sunt,
2566 2766 2795 2829 ideoque
2843 2778 2983 2834 opus
3016 2770 3099 2818 est
3131 2776 3197 2817 ex
3234 2760 3448 2815 illorum

1872 2858 2073 2916 animis
2106 2859 2422 2915 scandalum
2469 2857 2731 2914 revellere
2763 2876 2779 2918 :
2810 2856 3067 2929 quamdiu
3104 2854 3250 2910 enim
3288 2854 3360 2908 ita
3388 2867 3449 2907 se

1873 2953 2185 3020 habuerint,
2220 2967 2563 3023 nequaquam
2598 2951 2729 3008 mihi
2761 2960 2822 3007 ut
2856 2950 3069 3022 prmsuli
3106 2962 3315 3004 morem
3352 2961 3451 3019 ge-

1875 3058 2015 3111 rent,
2059 3046 2153 3101 sed
2214 3046 2633 3111 cavillabuntur,
2697 3054 2883 3121 utpote
2944 3060 3116 3115 genus
3170 3044 3453 3100 hominum

1874 3138 2129 3211 pervicax
2162 3149 2216 3195 et
2241 3138 2588 3195 obduratum.
2619 3138 2727 3197 Sed
2777 3140 2923 3196 enim
2962 3153 3086 3196 cras
3128 3138 3219 3194 die
3265 3136 3457 3195 Domi-

219 3230 411 3303 αχθῆναι
439 3236 729 3305 ἀρχιερεῖς
755 3232 964 3299 πολλοὶ,
1019 3234 1117 3288 καὶ
1144 3234 1409 3306 ἄρχοντές
1446 3253 1551 3306 μου
1580 3235 1769 3307 σχεδὸν

1881 3230 1995 3285 nica
2028 3229 2354 3286 conventuri
2403 3231 2473 3286 ad
2503 3230 2762 3305 Synaxim
2815 3242 2943 3287 sunt
2985 3230 3136 3287 multi
3182 3232 3450 3302 episcOpi,

212 3324 438 3392 ἅπαντες,
471 3329 734 3398 Λαλησον
757 3326 870 3393 οὖν,
896 3328 945 3381 εί
972 3326 1238 3394 κελεύεις,
1264 3328 1449 3393 αὐτοῖς
1482 3327 1625 3382 κατὰ
1672 3326 1776 3398 τὴν

209 3418 263 3470 ἐκ
284 3417 408 3473 Θεοῦ
447 3438 529 3475 σοι
566 3419 873 3491 δεδομένην
912 3419 1108 3488 σοφίαν
1156 3418 1773 3492 πληροφορῶνιαύτοῐις,

206 3509 310 3564 οὔτε
343 3516 558 3584 γραφὴν
600 3513 881 3585 μυστικὴν
921 3513 1047 3568 οὔτε
1075 3514 1272 3583 λόγους
1311 3512 1603 3569 ἀπέστειλε
1636 3513 1775 3584 πρὸς

205 3603 529 3674 τὸνβασιλέα
580 3605 612 3659 ὁ
658 3606 983 3671 Καθολικὸς,
1024 3605 1199 3677 ἀλλ’ἢ
1254 3606 1413 3660 τοῦτο
1476 3606 1637 3677 μόνον
1667 3605 1773 3669 ὅτι,

204 3698 285 3751 ἐὰν
312 3699 342 3769 ἡ
374 3697 627 3770 βασιλεία
663 3716 756 3753 σου
784 3699 916 3773 θέλῃ
944 3701 1046 3770 τὴν
1067 3700 1281 3765 ἕνωσιν,
1307 3700 1406 3772 οὐχ
1430 3694 1595 3774 ἧττον
1619 3699 1776 3769 κάγὼ

204 3788 386 3860 ταύτην
418 3789 560 3845 θέλω
598 3789 694 3845 καὶ
720 3789 973 3862 ἐπιθυμῶ
995 3792 1090 3845 καὶ
1115 3791 1403 3858 σπουδάζω
1427 3792 1512 3845 ῐνα
1527 3790 1775 3863 γένηται.

213 3878 497 3953 Ὑπέσχετο
550 3882 665 3952 γὰρ
717 3882 745 3934 ό
804 3881 1113 3955 Θεωριανδς
1160 3882 1320 3937 τοῦτο
1385 3882 1654 3955 ποιῆσαν
1707 3883 1775 3953 τῇ

207 3971 450 4045 ἐπαύριον
490 3974 801 4045 ἐκκλησίαν
848 3975 1078 4045 ἀγείρας
1125 3973 1411 4049 λαμπρὰν,
1482 3974 1780 4047 μετεκαλέ-

206 4082 317 4121 σατο
338 4068 508 4140 ἡμᾶς,
544 4070 647 4124 καὶ
692 4068 911 4135 ἀνοίξας
938 4070 1000 4123 τὸ
1031 4068 1411 4141 στόμαεαὺτοῦ
1462 4072 1491 4124 δ
1534 4069 1779 4144 Θεωρια-

207 4157 281 4223 νος
309 4155 487 4216 εἷπεν.

614 4258 954 4329 Δημηγορία
996 4260 1348 4327 Θεωριανοῦ.

261 4350 418 4405 Οὐδὲν
443 4351 594 4405 οὕτω
622 4352 905 4415 λυσιτελὲς
938 4354 1052 4415 τοῖς
1082 4353 1397 4423 ἀνθρώποις
1431 4357 1527 4409 καὶ
1562 4355 1781 4411 πολλῶν

212 4445 285 4499 καὶ
323 4446 588 4516 μεγάλων
616 4447 879 4517 πρόξενον
934 4445 1179 4516 ἀγαθῶν.
1233 4447 1308 4511 ὠς
1357 4449 1420 4503 τὸ
1491 4450 1782 4521 φυλάττειν

1875 3323 2238 3395 praesulesque
2270 3324 2375 3380 mei
2426 3339 2597 3396 prope
2636 3340 2849 3381 omnes.
2886 3322 2966 3379 'l‘u
3003 3323 3186 3394 igitur,
3215 3325 3261 3380 si
3292 3324 3448 3389 libet,

1876 3430 1973 3485 pro
1998 3430 2062 3472 ea
2090 3429 2250 3485 quam
2288 3414 2386 3472 tibi
2415 3416 2643 3473 contulit
2670 3416 2936 3487 sapientia
2960 3414 3099 3472 Deus
3122 3416 3451 3472 concinnare

1877 3508 2019 3578 apud
2047 3522 2163 3573 eos,
2194 3508 2369 3577 iisque
2424 3508 2614 3573 suade,
2640 3524 2817 3579 neque
2860 3524 3117 3563 arcanam
3163 3507 3449 3576 epistolam

1878 3612 2054 3670 neque
2098 3600 2299 3655 dictum
2332 3600 2549 3670 aliquod
2594 3600 2662 3655 ad
2701 3599 3081 3670 imperatorem
3123 3614 3153 3654 a
3199 3597 3453 3654 Generali

1881 3692 2105 3747 missum
2138 3692 2329 3757 fuisse,
2366 3694 2468 3747 nisi
2508 3694 2607 3749 hoc
2671 3702 2904 3757 tantum,
2940 3706 3133 3762 nempe
3168 3705 3330 3761 quam
3359 3699 3453 3745 tua

1881 3784 2134 3855 maiestas
2160 3794 2310 3854 optat
2364 3784 2480 3841 fieri
2526 3786 2803 3849 unionem,
2844 3800 2945 3853 ego
2982 3798 3201 3855 quoque
3247 3791 3302 3839 et
3332 3782 3454 3837 volo

1878 3888 1933 3933 et
1961 3874 2142 3947 cupio,
2176 3886 2337 3946 atque
2358 3888 2417 3931 ut
2471 3877 2562 3932 ﬁat
2591 3892 2812 3947 operam
2849 3877 2938 3933 do.
2960 3876 3125 3946 igitur
3146 3874 3454 3930 Theoriano

1879 3968 2188 4039 excipiente
2234 3973 2533 4040 negotium.
2571 3970 2811 4025 crastina
2848 3970 2935 4024 die
2956 3967 3241 4023 Generalis
3272 3968 3459 4037 splen-

1822 4074 1827 4077 ·
1879 4061 2010 4117 dida
2036 4061 2299 4118 concione
2327 4073 2537 4129 coacta,
2566 4062 2817 4118 invitavit
2844 4076 2967 4118 nos.
3000 4058 3141 4116 Tum
3173 4062 3246 4117 ibi
3273 4061 3456 4119 Theo-

1881 4157 2072 4218 rianus
2106 4154 2221 4211 haec
2253 4156 2418 4212 verba
2449 4155 2601 4211 fecit.

2371 4262 2659 4320 Theoriani
2702 4267 2893 4323 oratio.

1951 4355 2097 4412 Nihil
2129 4370 2281 4425 atque
2310 4356 2439 4413 utile
2476 4358 2782 4414 hominibus
2803 4400 2817 4423 ,
2857 4367 3043 4429 totque
3082 4372 3149 4414 ac
3180 4366 3461 4414 tantorum

1882 4449 2150 4506 bonorum
2179 4465 2345 4505 causa
2374 4460 2477 4517 est,
2516 4460 2572 4505 ut
2599 4463 2997 4523 praeceptorum
3036 4452 3134 4506 Dei
3161 4455 3461 4507 observan-

211 4536 288 4600 τὰς
320 4539 543 4605 ἐντολὰς
572 4538 670 4594 τοῦ
700 4538 858 4594 Θεοῦ.
878 4538 979 4595 Διὰ
996 4538 1157 4593 τοῦτο
1183 4540 1277 4595 καὶ
1318 4540 1653 4613 θεράποντες
1682 4541 1773 4597 τοῦ

1888 4543 1981 4598 tia.
2033 4541 2266 4613 Propter
2316 4545 2459 4600 hanc
2512 4545 2656 4600 enim
2703 4554 2760 4601 et
2808 4546 2899 4600 Dei
2952 4546 3093 4601 servi
3140 4560 3354 4613 sumus,
3404 4554 3463 4603 et

210 4628 322 4686 θεοῦ
349 4631 795 4705 χρηματίζομεν,
823 4634 919 4686 καὶ⁵
951 4633 1050 4713 τῆς
1074 4633 1467 4705 ἀκαταλήπτου
1495 4634 1780 4706 βασιλείας

213 4723 550 4797 κληρονόμοι,
587 4725 683 4779 καὶ
717 4726 942 4795 ἀδελφοὶ
972 4725 1069 4780 τοῦ
1100 4724 1366 4799 Χριστοῦ,
1396 4728 1492 4782 καὶ
1523 4727 1632 4781 uioi.
1682 4727 1779 4783 τοῦ

212 4812 321 4871 Θεοῦ
378 4820 476 4874 καὶ
541 4811 689 4874 εἶναι
730 4818 827 4873 καὶ
882 4818 1142 4893 λέγεσθαι
1175 4817 1477 4889 ἀξιούμεθα
1500 4836 1514 4851 ⁸
1542 4812 1607 4875 οὗ
1631 4820 1686 4875 τί
1712 4819 1780 4875 ἂν

206 4908 397 4975 γίνοιτο
433 4910 865 4985 μακαριώτερον
888 4912 986 4967 καὶ
1030 4911 1415 4984 εὐκταιότερον
1446 4929 1462 4978 ;
1515 4911 1688 4967 Τοῦτο
1719 4911 1782 4967 τὸ

202 4999 545 5071 τηλικοῦντον
588 5004 754 5072 ἔργον
797 5004 895 5060 καὶ
944 5002 1416 5076 δυσκατόρθωτον,
1454 5006 1518 5060 τὸ
1571 5006 1787 5077 μυρίων

203 5087 326 5158 ἡμῖν
355 5092 655 5160 παραίτιον
682 5091 908 5160 ἀγαθῶν
938 5093 1259 5164 ὑπισχνεῖτο
1309 5094 1564 5167 ποιήσειν
1604 5090 1726 5165 Θεῷ
1755 5094 1786 5147 ό

204 5183 479 5255 προφήτης
510 5184 614 5237 καὶ
642 5181 902 5255 βασιλεὺς
925 5185 1019 5236 καὶ
1058 5182 1343 5256 θεοπάτωρ
1368 5182 1556 5252 Δαϐὶδ,
1604 5185 1655 5238 εί
1687 5185 1786 5255 μό-

202 5286 284 5323 νον
313 5272 691 5344 συκοφαντίας
714 5274 990 5347 ἀνώτερον
1027 5274 1190 5329 τοῦτο
1210 5273 1462 5344 φυλάξει.
1543 5276 1782 5346 Λύτρω-

204 5366 299 5419 σαί
320 5383 397 5436 με
432 5368 562 5423 ἀπὸ
585 5370 1001 5438 συκοφαντίας
1050 5369 1377 5438 ἀνθρώπων
1436 5370 1631 5440 λέγων,
1678 5368 1781 5424 καί

207 5459 442 5523 φυλάξω
472 5462 588 5525 τὰς
606 5460 859 5528 ἐντολάς
880 5475 1018 5517 σου.
1047 5462 1113 5515 Τί
1140 5462 1235 5517 οὖν
1268 5462 1475 5517 ἰδιῶται
1520 5464 1780 5533 ποιήσου-

270 5616 309 5649 ³³
332 5618 479 5674 Psai.
514 5634 704 5685 cxvtu,
746 5620 868 5675 154.

273 5745 381 5816 (51)
418 5747 647 5819 Egregia
686 5765 819 5805 sane
870 5749 1249 5820 disputationis
1277 5750 1573 5817 conclusio,
1618 5749 1768 5803 fruc‘

218 5818 388 5897 iusque
415 5818 690 5887 pretiosus
710 5822 723 5877 i
747 5818 1159 5897 Prorsnsenim,
1178 5823 1302 5897 quia
1321 5823 1437 5877 duae
1462 5834 1594 5877 sunt
1617 5819 1776 5897 Chri-

220 5892 276 5939 sti
310 5899 539 5959 natum,
570 5906 726 5949 unam
764 5893 946 5959 dicere
977 5892 1323 5966 (praesertim
1375 5903 1495 5968 post
1546 5892 1774 5965 agitatas

1887 4636 2475 4708 incomprehensiblilis
2549 4636 2700 4709 regni
2769 4637 3013 4693 haeredes
3057 4679 3075 4705 ,
3136 4648 3193 4693 et
3257 4636 3475 4695 Christi-

1888 4730 2119 4796 fratres,
2148 4740 2203 4786 et
2221 4729 2315 4785 Dei
2343 4730 2435 4785 lilii
2470 4744 2594 4785 esse
2624 4730 2839 4800 dieique
2876 4746 3151 4786 meremur
3176 4748 3193 4785 :
3221 4746 3323 4799 qua
3341 4732 3465 4801 qni-

1888 4822 2007 4877 dem
2032 4836 2093 4877 re
2127 4821 2263 4877 nihil
2290 4820 2502 4877 beatius
2525 4830 2614 4877 aut
2636 4822 2928 4893 optabilius
2954 4836 3074 4877 esse
3096 4831 3288 4893 potest.
3309 4821 3469 4879 lianc

1888 4921 2275 4983 prteceptorum
2307 4910 2400 4968 Dei
2433 4913 2863 4979 observantiam,
2892 4928 3007 4968 rem
3043 4928 3176 4969 sane
3208 4928 3464 4983 magnam

1886 5014 2050 5071 atque
2096 5001 2368 5058 diﬁicilem
2409 5011 2465 5059 et
2518 5003 2854 5060 inlinitorum
2908 5005 3172 5060 bonorum
3220 5002 3462 5068 fontem,

1888 5093 2255 5163 prmstitnrum
2304 5109 2365 5150 se
2412 5097 2716 5164 spondebat
2762 5095 2873 5150 Deo
2930 5096 3203 5164 Propheta
3257 5110 3355 5151 rex
3408 5106 3468 5151 et

1889 5184 2175 5255 theopater
2212 5183 2407 5245 David.
2435 5186 2478 5241 si
2522 5188 2685 5241 modo
2715 5187 2998 5244 calumnia:
3023 5188 3132 5242 vim
3166 5187 3339 5243 vitare
3366 5202 3465 5258 po-

1885 5277 2081 5332 tuiseet
2107 5294 2137 5343 :_
2162 5275 2370 5333 Redime
2396 5296 2496 5343 me,
2532 5280 2724 5348 inquit,
2747 5297 2780 5335 a
2802 5280 3077 5335 calumniis
3095 5281 3388 5346 hominum,
3409 5288 3466 5334 ut

1883 5372 2181 5425 custodiam
2204 5374 2459 5425 mandata
2484 5382 2576 5425 tua
2613 5372 2678 5428 ".
2705 5372 2842 5440 Quid
2868 5388 2999 5444 ergo
3023 5372 3216 5442 privati
3246 5374 3465 5433 facient,

1884 5463 1930 5518 si
1966 5478 2059 5519 rex
2098 5462 2427 5518 calumniam
2453 5466 2787 5521 extimescit.
2816 5475 2979 5536 atque
3000 5471 3065 5532 (ut
3088 5465 3155 5520 ab
3178 5480 3244 5521 ea
3272 5465 3471 5521 libere-

1885 5769 2010 5806 cnm
2061 5754 2452 5823 nmnnphysitis
2485 5754 2914 5826 conttroversias)
2949 5756 3097 5811 nulla
3132 5755 3355 5811 subtilis
3382 5753 3471 5810 in.

1887 5826 2202 5889 teI‘tiretatin
2251 5826 2331 5878 vel
2380 5826 2657 5885 elaborata
2707 5828 2985 5885 excusatio
3032 5830 3328 5885 concedere
3366 5828 3474 5883 Ar-

1887 5894 2080 5951 meniis
2108 5913 2246 5953 nunc
2282 5894 2517 5957 videtur.
