  <div class='ocr_page' id='page_1' title='image "/cluster/home/n/w/nwhite01/storage/ocr_20150623/133/mdp.39015078384230/148.png"; bbox 0 0 4026 6296; ppageno 0'>
   <div class='ocr_carea' id='block_1_1' title="bbox 175 350 1788 450">
    <p class='ocr_par' dir='ltr' id='par_1_1' title="bbox 175 350 1788 450">
     <span class='ocr_line' id='line_1_1' title="bbox 175 350 1788 450; baseline -0.007 0"><span class='ocrx_word' id='word_1_1' title='bbox 175 350 179 353; x_wconf 28' lang='grc'><strong>⁷</strong></span> <span class='ocrx_word' id='word_1_2' title='bbox 267 386 348 450; x_wconf 75' lang='lat'><strong>231</strong></span> <span class='ocrx_word' id='word_1_3' title='bbox 1572 372 1788 440; x_wconf 74' lang='lat' dir='ltr'><strong>Disrt</strong></span> 
     </span>
    </p>
   </div>
   <div class='ocr_carea' id='block_1_2' title="bbox 1890 350 2162 450">
    <p class='ocr_par' dir='ltr' id='par_1_2' title="bbox 1890 378 2162 443">
     <span class='ocr_line' id='line_1_2' title="bbox 1890 378 2162 443; baseline 0.018 -7"><span class='ocrx_word' id='word_1_4' title='bbox 1890 378 2036 440; x_wconf 73' lang='grc' dir='ltr'><strong>ιΤΙΟ</strong></span> <span class='ocrx_word' id='word_1_5' title='bbox 2078 379 2162 443; x_wconf 86' lang='grc' dir='ltr'><strong>ΙΙ.</strong></span> 
     </span>
    </p>
   </div>
   <div class='ocr_carea' id='block_1_3' title="bbox 3376 375 3485 441">
    <p class='ocr_par' dir='ltr' id='par_1_3' title="bbox 3376 375 3485 441">
     <span class='ocr_line' id='line_1_3' title="bbox 3376 375 3485 441; baseline 0.018 -2"><span class='ocrx_word' id='word_1_6' title='bbox 3376 375 3485 441; x_wconf 67' lang='lat'><strong>2‘2</strong></span> 
     </span>
    </p>
   </div>
   <div class='ocr_carea' id='block_1_4' title="bbox 265 489 1788 571">
    <p class='ocr_par' dir='ltr' id='par_1_4' title="bbox 265 491 1788 571">
     <span class='ocr_line' id='line_1_4' title="bbox 265 491 1788 571; baseline -0.006 -18"><span class='ocrx_word' id='word_1_7' title='bbox 265 496 474 571; x_wconf 69' lang='grc' dir='ltr'>φητικὰς</span> <span class='ocrx_word' id='word_1_8' title='bbox 501 496 834 569; x_wconf 65' lang='grc' dir='ltr'>προρρήσεις</span> <span class='ocrx_word' id='word_1_9' title='bbox 868 494 969 561; x_wconf 84' lang='grc' dir='ltr'>τὰς</span> <span class='ocrx_word' id='word_1_10' title='bbox 1005 497 1135 568; x_wconf 68' lang='grc' dir='ltr'>περὶ</span> <span class='ocrx_word' id='word_1_11' title='bbox 1163 491 1259 550; x_wconf 84' lang='grc' dir='ltr'><strong>τοῦ</strong></span> <span class='ocrx_word' id='word_1_12' title='bbox 1291 493 1531 566; x_wconf 78' lang='grc' dir='ltr'>μεγάλου</span> <span class='ocrx_word' id='word_1_13' title='bbox 1583 508 1788 565; x_wconf 87' lang='grc' dir='ltr'>μυστη-</span> 
     </span>
    </p>
   </div>
   <div class='ocr_carea' id='block_1_5' title="bbox 1890 489 3481 571">
    <p class='ocr_par' dir='ltr' id='par_1_5' title="bbox 1899 489 3481 566">
     <span class='ocr_line' id='line_1_5' title="bbox 1899 489 3481 566; baseline -0.003 -18"><span class='ocrx_word' id='word_1_14' title='bbox 1899 493 2205 563; x_wconf 83' lang='lat' dir='ltr'><strong>formatam,</strong></span> <span class='ocrx_word' id='word_1_15' title='bbox 2237 492 2535 566; x_wconf 79' lang='lat' dir='ltr'><strong>perfectum</strong></span> <span class='ocrx_word' id='word_1_16' title='bbox 2566 491 2864 561; x_wconf 89' lang='lat' dir='ltr'><strong>hominem,</strong></span> <span class='ocrx_word' id='word_1_17' title='bbox 2886 508 3049 565; x_wconf 86' lang='lat' dir='ltr'><strong>quem</strong></span> <span class='ocrx_word' id='word_1_18' title='bbox 3071 490 3174 548; x_wconf 87' lang='lat' dir='ltr'><strong>sibi</strong></span> <span class='ocrx_word' id='word_1_19' title='bbox 3198 489 3481 546; x_wconf 81' lang='lat' dir='ltr'><strong>inconfusa</strong></span> 
     </span>
    </p>
   </div>
   <div class='ocr_carea' id='block_1_6' title="bbox 263 584 1787 661">
    <p class='ocr_par' dir='ltr' id='par_1_6' title="bbox 263 584 1787 661">
     <span class='ocr_line' id='line_1_6' title="bbox 263 584 1787 661; baseline -0.005 -17"><span class='ocrx_word' id='word_1_20' title='bbox 263 592 366 661; x_wconf 92' lang='grc' dir='ltr'>ρίου</span> <span class='ocrx_word' id='word_1_21' title='bbox 393 589 571 642; x_wconf 86' lang='grc' dir='ltr'>τούτου</span> <span class='ocrx_word' id='word_1_22' title='bbox 606 603 622 618; x_wconf 79' lang='grc'><strong><em>⁸</em></strong></span> <span class='ocrx_word' id='word_1_23' title='bbox 665 588 757 641; x_wconf 72' lang='grc' dir='ltr'><strong>καὶ</strong></span> <span class='ocrx_word' id='word_1_24' title='bbox 778 586 943 641; x_wconf 69' lang='grc' dir='ltr'>ἔλασε</span> <span class='ocrx_word' id='word_1_25' title='bbox 978 587 1158 658; x_wconf 82' lang='grc' dir='ltr'>σάρκα</span> <span class='ocrx_word' id='word_1_26' title='bbox 1188 586 1373 639; x_wconf 75' lang='grc' dir='ltr'>ἔννουν</span> <span class='ocrx_word' id='word_1_27' title='bbox 1403 587 1496 639; x_wconf 79' lang='grc' dir='ltr'><strong>καὶ</strong></span> <span class='ocrx_word' id='word_1_28' title='bbox 1519 584 1787 656; x_wconf 68' lang='grc' dir='ltr'>ἔμψυχον,</span> 
     </span>
    </p>
   </div>
   <div class='ocr_carea' id='block_1_7' title="bbox 260 676 1791 751">
    <p class='ocr_par' dir='ltr' id='par_1_7' title="bbox 260 676 1791 751">
     <span class='ocr_line' id='line_1_7' title="bbox 260 676 1791 751; baseline -0.003 -17"><span class='ocrx_word' id='word_1_29' title='bbox 260 680 512 751; x_wconf 75' lang='grc' dir='ltr'>ἄνθρωπον</span> <span class='ocrx_word' id='word_1_30' title='bbox 537 678 765 741; x_wconf 82' lang='grc' dir='ltr'>τέλειον,</span> <span class='ocrx_word' id='word_1_31' title='bbox 793 679 889 732; x_wconf 74' lang='grc' dir='ltr'><strong>καὶ</strong></span> <span class='ocrx_word' id='word_1_32' title='bbox 924 678 1139 750; x_wconf 75' lang='grc' dir='ltr'>ἥνωσεν</span> <span class='ocrx_word' id='word_1_33' title='bbox 1170 678 1367 732; x_wconf 77' lang='grc' dir='ltr'>ἑαυτὸν</span> <span class='ocrx_word' id='word_1_34' title='bbox 1397 676 1589 733; x_wconf 77' lang='grc' dir='ltr'>ὲνὼσει</span> <span class='ocrx_word' id='word_1_35' title='bbox 1617 679 1791 747; x_wconf 84' lang='grc' dir='ltr'>ἀσυγ-</span> 
     </span>
    </p>
   </div>
   <div class='ocr_carea' id='block_1_8' title="bbox 260 767 1787 844">
    <p class='ocr_par' dir='ltr' id='par_1_8' title="bbox 260 767 1787 844">
     <span class='ocr_line' id='line_1_8' title="bbox 260 767 1787 844; baseline 0 -19"><span class='ocrx_word' id='word_1_36' title='bbox 260 773 424 844; x_wconf 83' lang='grc' dir='ltr'>χύτῳ’</span> <span class='ocrx_word' id='word_1_37' title='bbox 468 772 523 825; x_wconf 84' lang='grc' dir='ltr'>οὐ</span> <span class='ocrx_word' id='word_1_38' title='bbox 570 771 1019 844; x_wconf 83' lang='grc' dir='ltr'>προπλασθείσης</span> <span class='ocrx_word' id='word_1_39' title='bbox 1049 774 1149 834; x_wconf 80' lang='grc' dir='ltr'><strong>τῆς</strong></span> <span class='ocrx_word' id='word_1_40' title='bbox 1193 772 1414 843; x_wconf 78' lang='grc' dir='ltr'>σαρκὸς,</span> <span class='ocrx_word' id='word_1_41' title='bbox 1458 767 1578 826; x_wconf 87' lang='grc' dir='ltr'>εῐτα</span> <span class='ocrx_word' id='word_1_42' title='bbox 1605 772 1787 844; x_wconf 79' lang='grc' dir='ltr'>ήνὼθη</span> 
     </span>
    </p>
   </div>
   <div class='ocr_carea' id='block_1_9' title="bbox 263 860 1790 937">
    <p class='ocr_par' dir='ltr' id='par_1_9' title="bbox 263 860 1790 937">
     <span class='ocr_line' id='line_1_9' title="bbox 263 860 1790 937; baseline 0 -19"><span class='ocrx_word' id='word_1_43' title='bbox 263 864 380 935; x_wconf 74' lang='grc' dir='ltr'>αὐτῇ</span> <span class='ocrx_word' id='word_1_44' title='bbox 424 864 564 930; x_wconf 77' lang='grc' dir='ltr'>Θεὸς,</span> <span class='ocrx_word' id='word_1_45' title='bbox 620 860 737 918; x_wconf 77' lang='grc' dir='ltr'>ἀλλ’</span> <span class='ocrx_word' id='word_1_46' title='bbox 783 868 842 919; x_wconf 78' lang='grc' dir='ltr'>ὲν</span> <span class='ocrx_word' id='word_1_47' title='bbox 890 867 1183 937; x_wconf 81' lang='grc' dir='ltr'>μυστηρίῳ</span> <span class='ocrx_word' id='word_1_48' title='bbox 1221 866 1442 936; x_wconf 79' lang='grc' dir='ltr'>μεγάλῳ</span> <span class='ocrx_word' id='word_1_49' title='bbox 1500 866 1599 920; x_wconf 77' lang='grc' dir='ltr'><strong>καὶ</strong></span> <span class='ocrx_word' id='word_1_50' title='bbox 1650 866 1790 937; x_wconf 77' lang='grc' dir='ltr'><strong>ὑπὲρ</strong></span> 
     </span>
    </p>
   </div>
   <div class='ocr_carea' id='block_1_10' title="bbox 257 942 1791 1032">
    <p class='ocr_par' dir='ltr' id='par_1_10' title="bbox 257 942 1791 1032">
     <span class='ocr_line' id='line_1_10' title="bbox 257 942 1791 1032; baseline 0 -19"><span class='ocrx_word' id='word_1_51' title='bbox 257 942 632 1028; x_wconf 71' lang='grc' dir='ltr'>λόγον’γέγονεν</span> <span class='ocrx_word' id='word_1_52' title='bbox 668 956 958 1030; x_wconf 80' lang='grc' dir='ltr'>ἄνθρωπος</span> <span class='ocrx_word' id='word_1_53' title='bbox 990 960 1237 1029; x_wconf 87' lang='grc' dir='ltr'>τέλειος,</span> <span class='ocrx_word' id='word_1_54' title='bbox 1275 960 1420 1030; x_wconf 80' lang='grc' dir='ltr'>πλὴν</span> <span class='ocrx_word' id='word_1_55' title='bbox 1466 962 1569 1032; x_wconf 82' lang='grc' dir='ltr'>τῆς</span> <span class='ocrx_word' id='word_1_56' title='bbox 1609 962 1791 1031; x_wconf 85' lang='grc' dir='ltr'>ἀμαρ-</span> 
     </span>
    </p>
   </div>
   <div class='ocr_carea' id='block_1_11' title="bbox 254 1048 1787 1122">
    <p class='ocr_par' dir='ltr' id='par_1_11' title="bbox 254 1048 1787 1122">
     <span class='ocr_line' id='line_1_11' title="bbox 254 1048 1787 1122; baseline 0.003 -21"><span class='ocrx_word' id='word_1_57' title='bbox 254 1048 358 1111; x_wconf 83' lang='grc' dir='ltr'>τίας</span> <span class='ocrx_word' id='word_1_58' title='bbox 392 1050 491 1102; x_wconf 72' lang='grc' dir='ltr'>καὶ·</span> <span class='ocrx_word' id='word_1_59' title='bbox 515 1049 686 1121; x_wconf 86' lang='grc' dir='ltr'>μόνης</span> <span class='ocrx_word' id='word_1_60' title='bbox 720 1069 735 1081; x_wconf 82' lang='lat'><strong><em>°</em></strong></span> <span class='ocrx_word' id='word_1_61' title='bbox 780 1053 877 1105; x_wconf 80' lang='grc' dir='ltr'><strong>καὶ</strong></span> <span class='ocrx_word' id='word_1_62' title='bbox 926 1052 1065 1121; x_wconf 77' lang='grc' dir='ltr'>μετὰ</span> <span class='ocrx_word' id='word_1_63' title='bbox 1109 1052 1532 1122; x_wconf 79' lang='grc' dir='ltr'>ὲννεαμηνιαίου</span> <span class='ocrx_word' id='word_1_64' title='bbox 1588 1052 1787 1118; x_wconf 81' lang='grc' dir='ltr'><strong>καιροῦ</strong></span> 
     </span>
    </p>
   </div>
   <div class='ocr_carea' id='block_1_12' title="bbox 255 1142 1786 1218">
    <p class='ocr_par' dir='ltr' id='par_1_12' title="bbox 255 1142 1786 1218">
     <span class='ocr_line' id='line_1_12' title="bbox 255 1142 1786 1218; baseline 0.003 -22"><span class='ocrx_word' id='word_1_65' title='bbox 255 1142 369 1197; x_wconf 79' lang='grc' dir='ltr'>κατὰ</span> <span class='ocrx_word' id='word_1_66' title='bbox 394 1144 479 1196; x_wconf 72' lang='grc' dir='ltr'>τὸν</span> <span class='ocrx_word' id='word_1_67' title='bbox 524 1144 624 1213; x_wconf 86' lang='grc' dir='ltr'>τῆς</span> <span class='ocrx_word' id='word_1_68' title='bbox 668 1144 1024 1217; x_wconf 71' lang='grc' dir='ltr'><strong>ἀνθρωπίνης</strong></span> <span class='ocrx_word' id='word_1_69' title='bbox 1059 1145 1279 1213; x_wconf 81' lang='grc' dir='ltr'>φύσεως</span> <span class='ocrx_word' id='word_1_70' title='bbox 1318 1147 1485 1217; x_wconf 86' lang='grc' dir='ltr'>νόμον</span> <span class='ocrx_word' id='word_1_71' title='bbox 1518 1148 1786 1218; x_wconf 80' lang='grc' dir='ltr'><strong>ἐγεννήθη</strong></span> 
     </span>
    </p>
   </div>
   <div class='ocr_carea' id='block_1_13' title="bbox 260 1234 1791 1311">
    <p class='ocr_par' dir='ltr' id='par_1_13' title="bbox 260 1234 1791 1311">
     <span class='ocr_line' id='line_1_13' title="bbox 260 1234 1791 1311; baseline 0.005 -23"><span class='ocrx_word' id='word_1_72' title='bbox 260 1236 310 1289; x_wconf 68' lang='grc' dir='ltr'><strong>ὲκ</strong></span> <span class='ocrx_word' id='word_1_73' title='bbox 336 1234 421 1305; x_wconf 78' lang='grc' dir='ltr'>τῆς</span> <span class='ocrx_word' id='word_1_74' title='bbox 450 1236 750 1306; x_wconf 79' lang='grc' dir='ltr'><strong>Παρθένου,</strong></span> <span class='ocrx_word' id='word_1_75' title='bbox 787 1238 882 1291; x_wconf 79' lang='grc' dir='ltr'><strong>καὶ</strong></span> <span class='ocrx_word' id='word_1_76' title='bbox 909 1240 1221 1309; x_wconf 76' lang='grc' dir='ltr'><strong>τετήρηκεν</strong></span> <span class='ocrx_word' id='word_1_77' title='bbox 1269 1240 1443 1308; x_wconf 79' lang='grc' dir='ltr'>αὐτὴν</span> <span class='ocrx_word' id='word_1_78' title='bbox 1492 1239 1791 1311; x_wconf 81' lang='grc' dir='ltr'>παρθένον.</span> 
     </span>
    </p>
   </div>
   <div class='ocr_carea' id='block_1_14' title="bbox 260 1326 1791 1404">
    <p class='ocr_par' dir='ltr' id='par_1_14' title="bbox 260 1326 1791 1404">
     <span class='ocr_line' id='line_1_14' title="bbox 260 1326 1791 1404; baseline 0.004 -23"><span class='ocrx_word' id='word_1_79' title='bbox 260 1328 327 1381; x_wconf 74' lang='grc' dir='ltr'>Διὸ</span> <span class='ocrx_word' id='word_1_80' title='bbox 348 1326 435 1381; x_wconf 80' lang='grc' dir='ltr'><strong>καὶ</strong></span> <span class='ocrx_word' id='word_1_81' title='bbox 458 1328 722 1382; x_wconf 83' lang='grc' dir='ltr'>Θεοτόκον</span> <span class='ocrx_word' id='word_1_82' title='bbox 762 1328 1144 1402; x_wconf 76' lang='grc' dir='ltr'>ὁμολογοῦμεν</span> <span class='ocrx_word' id='word_1_83' title='bbox 1174 1330 1271 1403; x_wconf 81' lang='grc' dir='ltr'>τὴν</span> <span class='ocrx_word' id='word_1_84' title='bbox 1305 1333 1466 1400; x_wconf 81' lang='grc' dir='ltr'>ἁγίαν</span> <span class='ocrx_word' id='word_1_85' title='bbox 1508 1332 1791 1404; x_wconf 80' lang='grc' dir='ltr'><strong>Παρθένον</strong></span> 
     </span>
    </p>
   </div>
   <div class='ocr_carea' id='block_1_15' title="bbox 255 1422 1787 1498">
    <p class='ocr_par' dir='ltr' id='par_1_15' title="bbox 255 1422 1787 1498">
     <span class='ocr_line' id='line_1_15' title="bbox 255 1422 1787 1498; baseline 0.005 -23"><span class='ocrx_word' id='word_1_86' title='bbox 255 1422 456 1494; x_wconf 82' lang='grc' dir='ltr'>Μαρίαν,</span> <span class='ocrx_word' id='word_1_87' title='bbox 489 1423 585 1476; x_wconf 71' lang='grc' dir='ltr'><strong>καὶ</strong></span> <span class='ocrx_word' id='word_1_88' title='bbox 614 1423 699 1478; x_wconf 78' lang='grc' dir='ltr'>ὅτι</span> <span class='ocrx_word' id='word_1_89' title='bbox 722 1422 815 1477; x_wconf 85' lang='grc' dir='ltr'>τὸν</span> <span class='ocrx_word' id='word_1_90' title='bbox 846 1423 979 1478; x_wconf 71' lang='grc' dir='ltr'>Θεὸν</span> <span class='ocrx_word' id='word_1_91' title='bbox 1024 1425 1201 1495; x_wconf 80' lang='grc' dir='ltr'><strong>Λόγον</strong></span> <span class='ocrx_word' id='word_1_92' title='bbox 1234 1428 1531 1496; x_wconf 85' lang='grc' dir='ltr'>γενόμενον</span> <span class='ocrx_word' id='word_1_93' title='bbox 1573 1427 1787 1498; x_wconf 81' lang='grc' dir='ltr'>ἄνθρω-</span> 
     </span>
    </p>
   </div>
   <div class='ocr_carea' id='block_1_16' title="bbox 254 1514 1792 1593">
    <p class='ocr_par' dir='ltr' id='par_1_16' title="bbox 254 1514 1792 1593">
     <span class='ocr_line' id='line_1_16' title="bbox 254 1514 1792 1593; baseline 0.005 -25"><span class='ocrx_word' id='word_1_94' title='bbox 254 1528 330 1569; x_wconf 81' lang='grc' dir='ltr'><strong>πον</strong></span> <span class='ocrx_word' id='word_1_95' title='bbox 355 1514 609 1586; x_wconf 74' lang='grc' dir='ltr'><strong>ἐγέννησε</strong></span> <span class='ocrx_word' id='word_1_96' title='bbox 642 1533 660 1549; x_wconf 76' lang='grc' dir='ltr'><strong>ο</strong></span> <span class='ocrx_word' id='word_1_97' title='bbox 702 1518 798 1571; x_wconf 78' lang='grc' dir='ltr'><strong>καὶ</strong></span> <span class='ocrx_word' id='word_1_98' title='bbox 847 1517 1082 1588; x_wconf 72' lang='grc' dir='ltr'>τραφεὶς</span> <span class='ocrx_word' id='word_1_99' title='bbox 1116 1521 1177 1572; x_wconf 78' lang='grc' dir='ltr'>ὲν</span> <span class='ocrx_word' id='word_1_100' title='bbox 1224 1521 1472 1589; x_wconf 72' lang='grc' dir='ltr'><strong>ἡλικίαις</strong></span> <span class='ocrx_word' id='word_1_101' title='bbox 1511 1521 1792 1593; x_wconf 84' lang='grc' dir='ltr'>ἀνθρωπί-</span> 
     </span>
    </p>
   </div>
   <div class='ocr_carea' id='block_1_17' title="bbox 249 1606 1792 1679">
    <p class='ocr_par' dir='ltr' id='par_1_17' title="bbox 249 1606 1792 1679">
     <span class='ocr_line' id='line_1_17' title="bbox 249 1606 1792 1679; baseline 0.005 -22"><span class='ocrx_word' id='word_1_102' title='bbox 249 1622 362 1668; x_wconf 88' lang='grc' dir='ltr'>ναις,</span> <span class='ocrx_word' id='word_1_103' title='bbox 398 1606 620 1671; x_wconf 79' lang='grc' dir='ltr'><strong>τελέσας</strong></span> <span class='ocrx_word' id='word_1_104' title='bbox 668 1606 772 1677; x_wconf 78' lang='grc' dir='ltr'>τὴν</span> <span class='ocrx_word' id='word_1_105' title='bbox 824 1608 1096 1678; x_wconf 75' lang='grc' dir='ltr'>σωτήριον</span> <span class='ocrx_word' id='word_1_106' title='bbox 1147 1610 1496 1679; x_wconf 82' lang='grc' dir='ltr'>οἰκονομίαν,</span> <span class='ocrx_word' id='word_1_107' title='bbox 1552 1611 1718 1676; x_wconf 71' lang='grc' dir='ltr'>αὐτὸς</span> <span class='ocrx_word' id='word_1_108' title='bbox 1763 1613 1792 1665; x_wconf 83' lang='grc' dir='ltr'><strong>ό</strong></span> 
     </span>
    </p>
   </div>
   <div class='ocr_carea' id='block_1_18' title="bbox 248 1694 1785 1775">
    <p class='ocr_par' dir='ltr' id='par_1_18' title="bbox 248 1694 1785 1775">
     <span class='ocr_line' id='line_1_18' title="bbox 248 1694 1785 1775; baseline 0.008 -28"><span class='ocrx_word' id='word_1_109' title='bbox 248 1694 355 1759; x_wconf 78' lang='grc' dir='ltr'>Θεὸς</span> <span class='ocrx_word' id='word_1_110' title='bbox 377 1697 541 1775; x_wconf 78' lang='grc' dir='ltr'>Λόγος</span> <span class='ocrx_word' id='word_1_111' title='bbox 566 1696 1089 1771; x_wconf 76' lang='grc' dir='ltr'>ἄνθρωπος-Ἰησοῦς</span> <span class='ocrx_word' id='word_1_112' title='bbox 1120 1702 1381 1772; x_wconf 80' lang='grc' dir='ltr'>Χριστὸς,</span> <span class='ocrx_word' id='word_1_113' title='bbox 1427 1705 1489 1767; x_wconf 85' lang='grc' dir='ltr'>ὃς</span> <span class='ocrx_word' id='word_1_114' title='bbox 1532 1707 1684 1758; x_wconf 65' lang='grc' dir='ltr'>ἔστιν</span> <span class='ocrx_word' id='word_1_115' title='bbox 1719 1706 1785 1759; x_wconf 77' lang='grc' dir='ltr'><strong>ὲκ</strong></span> 
     </span>
    </p>
   </div>
   <div class='ocr_carea' id='block_1_19' title="bbox 1895 584 3481 660">
    <p class='ocr_par' dir='ltr' id='par_1_19' title="bbox 1895 584 3481 660">
     <span class='ocr_line' id='line_1_19' title="bbox 1895 584 3481 660; baseline -0.004 -18"><span class='ocrx_word' id='word_1_116' title='bbox 1895 588 2097 644; x_wconf 86' lang='lat' dir='ltr'><strong>unione</strong></span> <span class='ocrx_word' id='word_1_117' title='bbox 2140 591 2411 660; x_wconf 73' lang='lat' dir='ltr'><strong>copulavit</strong></span> <span class='ocrx_word' id='word_1_118' title='bbox 2446 607 2459 645; x_wconf 90' lang='lat'><strong>:</strong></span> <span class='ocrx_word' id='word_1_119' title='bbox 2497 602 2670 658; x_wconf 90' lang='lat' dir='ltr'><strong>neque</strong></span> <span class='ocrx_word' id='word_1_120' title='bbox 2712 584 2843 644; x_wconf 84' lang='lat' dir='ltr'><strong>ante</strong></span> <span class='ocrx_word' id='word_1_121' title='bbox 2889 585 3121 642; x_wconf 83' lang='lat' dir='ltr'><strong>formata</strong></span> <span class='ocrx_word' id='word_1_122' title='bbox 3180 585 3283 640; x_wconf 76' lang='lat' dir='ltr'><strong>fuit</strong></span> <span class='ocrx_word' id='word_1_123' title='bbox 3329 597 3481 649; x_wconf 89' lang='lat' dir='ltr'><strong>caro,</strong></span> 
     </span>
    </p>
   </div>
   <div class='ocr_carea' id='block_1_20' title="bbox 1892 677 3481 751">
    <p class='ocr_par' dir='ltr' id='par_1_20' title="bbox 1892 677 3481 751">
     <span class='ocr_line' id='line_1_20' title="bbox 1892 677 3481 751; baseline -0.005 -12"><span class='ocrx_word' id='word_1_124' title='bbox 1892 684 1982 739; x_wconf 88' lang='lat' dir='ltr'><strong>cui</strong></span> <span class='ocrx_word' id='word_1_125' title='bbox 2019 683 2277 751; x_wconf 85' lang='lat' dir='ltr'><strong>deinceps</strong></span> <span class='ocrx_word' id='word_1_126' title='bbox 2324 682 2570 736; x_wconf 86' lang='lat' dir='ltr'><strong>uniretur</strong></span> <span class='ocrx_word' id='word_1_127' title='bbox 2623 678 2784 743; x_wconf 86' lang='lat' dir='ltr'><strong>Dens,</strong></span> <span class='ocrx_word' id='word_1_128' title='bbox 2839 680 2933 734; x_wconf 88' lang='lat' dir='ltr'><strong>sed</strong></span> <span class='ocrx_word' id='word_1_129' title='bbox 2981 677 3242 750; x_wconf 82' lang='lat' dir='ltr'><strong>mysterio</strong></span> <span class='ocrx_word' id='word_1_130' title='bbox 3284 690 3481 746; x_wconf 71' lang='lat' dir='ltr'><strong>magno</strong></span> 
     </span>
    </p>
   </div>
   <div class='ocr_carea' id='block_1_21' title="bbox 1894 771 3480 847">
    <p class='ocr_par' dir='ltr' id='par_1_21' title="bbox 1894 771 3480 847">
     <span class='ocr_line' id='line_1_21' title="bbox 1894 771 3480 847; baseline -0.006 -16"><span class='ocrx_word' id='word_1_131' title='bbox 1894 788 2061 847; x_wconf 87' lang='lat' dir='ltr'><strong>atque</strong></span> <span class='ocrx_word' id='word_1_132' title='bbox 2107 774 2366 831; x_wconf 81' lang='lat' dir='ltr'><strong>ineil‘abili</strong></span> <span class='ocrx_word' id='word_1_133' title='bbox 2419 773 2593 828; x_wconf 77' lang='lat' dir='ltr'><strong>iactus</strong></span> <span class='ocrx_word' id='word_1_134' title='bbox 2620 781 2704 829; x_wconf 88' lang='lat' dir='ltr'><strong>est</strong></span> <span class='ocrx_word' id='word_1_135' title='bbox 2732 773 2894 827; x_wconf 89' lang='lat' dir='ltr'><strong>homo</strong></span> <span class='ocrx_word' id='word_1_136' title='bbox 2925 771 3218 841; x_wconf 72' lang='lat' dir='ltr'><strong>perfectus,</strong></span> <span class='ocrx_word' id='word_1_137' title='bbox 3256 777 3480 840; x_wconf 88' lang='lat' dir='ltr'><strong>peccato</strong></span> 
     </span>
    </p>
   </div>
   <div class='ocr_carea' id='block_1_22' title="bbox 1897 867 3477 935">
    <p class='ocr_par' dir='ltr' id='par_1_22' title="bbox 1897 867 3477 935">
     <span class='ocr_line' id='line_1_22' title="bbox 1897 867 3477 935; baseline -0.006 -11"><span class='ocrx_word' id='word_1_138' title='bbox 1897 869 2271 927; x_wconf 88' lang='lat' dir='ltr'><strong>tantummodo</strong></span> <span class='ocrx_word' id='word_1_139' title='bbox 2335 867 2557 923; x_wconf 82' lang='lat' dir='ltr'><strong>excluso</strong></span> <span class='ocrx_word' id='word_1_140' title='bbox 2620 883 2636 922; x_wconf 88' lang='lat'><strong>:</strong></span> <span class='ocrx_word' id='word_1_141' title='bbox 2699 874 2752 921; x_wconf 88' lang='lat' dir='ltr'><strong>et</strong></span> <span class='ocrx_word' id='word_1_142' title='bbox 2807 872 2928 935; x_wconf 86' lang='lat' dir='ltr'><strong>post</strong></span> <span class='ocrx_word' id='word_1_143' title='bbox 2980 878 3169 920; x_wconf 77' lang='lat' dir='ltr'><strong>novem</strong></span> <span class='ocrx_word' id='word_1_144' title='bbox 3232 875 3477 929; x_wconf 84' lang='lat' dir='ltr'><strong>menses,</strong></span> 
     </span>
    </p>
   </div>
   <div class='ocr_carea' id='block_1_23' title="bbox 1890 954 3481 1033">
    <p class='ocr_par' dir='ltr' id='par_1_23' title="bbox 1890 954 3481 1033">
     <span class='ocr_line' id='line_1_23' title="bbox 1890 954 3481 1033; baseline -0.006 -16"><span class='ocrx_word' id='word_1_145' title='bbox 1890 963 2041 1033; x_wconf 82' lang='lat' dir='ltr'><strong>juxta</strong></span> <span class='ocrx_word' id='word_1_146' title='bbox 2077 963 2329 1018; x_wconf 67' lang='lat' dir='ltr'><strong>humana:</strong></span> <span class='ocrx_word' id='word_1_147' title='bbox 2370 970 2583 1016; x_wconf 55' lang='lat' dir='ltr'><strong>naturai</strong></span> <span class='ocrx_word' id='word_1_148' title='bbox 2617 959 2813 1029; x_wconf 77' lang='lat' dir='ltr'><strong>legem,</strong></span> <span class='ocrx_word' id='word_1_149' title='bbox 2838 969 2996 1014; x_wconf 87' lang='lat' dir='ltr'><strong>natus</strong></span> <span class='ocrx_word' id='word_1_150' title='bbox 3017 966 3102 1013; x_wconf 89' lang='lat' dir='ltr'><strong>est</strong></span> <span class='ocrx_word' id='word_1_151' title='bbox 3147 957 3214 1011; x_wconf 89' lang='lat' dir='ltr'><strong>de</strong></span> <span class='ocrx_word' id='word_1_152' title='bbox 3238 954 3481 1024; x_wconf 76' lang='lat' dir='ltr'><strong>Virgine,</strong></span> 
     </span>
    </p>
   </div>
   <div class='ocr_carea' id='block_1_24' title="bbox 1897 1047 3483 1125">
    <p class='ocr_par' dir='ltr' id='par_1_24' title="bbox 1897 1047 3483 1125">
     <span class='ocr_line' id='line_1_24' title="bbox 1897 1047 3483 1125; baseline -0.008 -13"><span class='ocrx_word' id='word_1_153' title='bbox 1897 1057 1981 1112; x_wconf 87' lang='lat' dir='ltr'><strong>cui</strong></span> <span class='ocrx_word' id='word_1_154' title='bbox 2026 1072 2179 1112; x_wconf 87' lang='lat' dir='ltr'><strong>suam</strong></span> <span class='ocrx_word' id='word_1_155' title='bbox 2220 1054 2569 1113; x_wconf 69' lang='lat' dir='ltr'><strong>conservavit</strong></span> <span class='ocrx_word' id='word_1_156' title='bbox 2612 1054 3003 1125; x_wconf 70' lang='lat' dir='ltr'><strong>virginitatem.</strong></span> <span class='ocrx_word' id='word_1_157' title='bbox 3052 1050 3234 1118; x_wconf 82' lang='lat' dir='ltr'><strong>Quare</strong></span> <span class='ocrx_word' id='word_1_158' title='bbox 3266 1058 3321 1103; x_wconf 89' lang='lat' dir='ltr'><strong>et</strong></span> <span class='ocrx_word' id='word_1_159' title='bbox 3359 1047 3483 1101; x_wconf 89' lang='lat' dir='ltr'><strong>Dei-</strong></span> 
     </span>
    </p>
   </div>
   <div class='ocr_carea' id='block_1_25' title="bbox 1897 1139 3483 1218">
    <p class='ocr_par' dir='ltr' id='par_1_25' title="bbox 1897 1139 3483 1218">
     <span class='ocr_line' id='line_1_25' title="bbox 1897 1139 3483 1218; baseline -0.007 -15"><span class='ocrx_word' id='word_1_160' title='bbox 1897 1165 2083 1218; x_wconf 85' lang='lat' dir='ltr'><strong>param</strong></span> <span class='ocrx_word' id='word_1_161' title='bbox 2151 1149 2475 1203; x_wconf 85' lang='lat' dir='ltr'><strong>conﬁtemur</strong></span> <span class='ocrx_word' id='word_1_162' title='bbox 2550 1157 2796 1201; x_wconf 86' lang='lat' dir='ltr'><strong>sanctam</strong></span> <span class='ocrx_word' id='word_1_163' title='bbox 2853 1142 3131 1212; x_wconf 70' lang='lat' dir='ltr'><strong>Virginem</strong></span> <span class='ocrx_word' id='word_1_164' title='bbox 3214 1139 3483 1213; x_wconf 74' lang='lat' dir='ltr'><strong>Mariam,</strong></span> 
     </span>
    </p>
   </div>
   <div class='ocr_carea' id='block_1_26' title="bbox 1896 1232 3480 1314">
    <p class='ocr_par' dir='ltr' id='par_1_26' title="bbox 1896 1232 3480 1314">
     <span class='ocr_line' id='line_1_26' title="bbox 1896 1232 3480 1314; baseline -0.007 -17"><span class='ocrx_word' id='word_1_165' title='bbox 1896 1244 2182 1314; x_wconf 85' lang='lat' dir='ltr'><strong>ipsamque</strong></span> <span class='ocrx_word' id='word_1_166' title='bbox 2210 1241 2305 1297; x_wconf 88' lang='lat' dir='ltr'><strong>Dei</strong></span> <span class='ocrx_word' id='word_1_167' title='bbox 2340 1238 2603 1304; x_wconf 74' lang='lat' dir='ltr'><strong>Verbum,</strong></span> <span class='ocrx_word' id='word_1_168' title='bbox 2626 1238 2901 1293; x_wconf 87' lang='lat' dir='ltr'><strong>hominem</strong></span> <span class='ocrx_word' id='word_1_169' title='bbox 2928 1236 3153 1299; x_wconf 80' lang='lat' dir='ltr'><strong>factum,</strong></span> <span class='ocrx_word' id='word_1_170' title='bbox 3184 1232 3436 1303; x_wconf 74' lang='lat' dir='ltr'><strong>genuisse</strong></span> <span class='ocrx_word' id='word_1_171' title='bbox 3464 1249 3480 1286; x_wconf 91' lang='lat'><strong>:</strong></span> 
     </span>
    </p>
   </div>
   <div class='ocr_carea' id='block_1_27' title="bbox 1895 1324 3479 1412">
    <p class='ocr_par' dir='ltr' id='par_1_27' title="bbox 1895 1324 3479 1412">
     <span class='ocr_line' id='line_1_27' title="bbox 1895 1324 3479 1412; baseline -0.011 -18"><span class='ocrx_word' id='word_1_172' title='bbox 1895 1339 1988 1412; x_wconf 88' lang='lat' dir='ltr'><strong>qui</strong></span> <span class='ocrx_word' id='word_1_173' title='bbox 2028 1335 2235 1393; x_wconf 78' lang='lat' dir='ltr'><strong>exactis</strong></span> <span class='ocrx_word' id='word_1_174' title='bbox 2258 1337 2513 1390; x_wconf 72' lang='lat' dir='ltr'><strong>humana:</strong></span> <span class='ocrx_word' id='word_1_175' title='bbox 2559 1333 2739 1388; x_wconf 74' lang='lat' dir='ltr'><strong>aetatis</strong></span> <span class='ocrx_word' id='word_1_176' title='bbox 2787 1328 3141 1400; x_wconf 87' lang='lat' dir='ltr'><strong>temporibus,</strong></span> <span class='ocrx_word' id='word_1_177' title='bbox 3186 1324 3479 1382; x_wconf 78' lang='lat' dir='ltr'><strong>salutarem</strong></span> 
     </span>
    </p>
   </div>
   <div class='ocr_carea' id='block_1_28' title="bbox 1896 1416 3480 1491">
    <p class='ocr_par' dir='ltr' id='par_1_28' title="bbox 1896 1416 3480 1491">
     <span class='ocr_line' id='line_1_28' title="bbox 1896 1416 3480 1491; baseline -0.012 -2"><span class='ocrx_word' id='word_1_178' title='bbox 1896 1430 2255 1489; x_wconf 63' lang='lat' dir='ltr'><strong>oeconomiam</strong></span> <span class='ocrx_word' id='word_1_179' title='bbox 2301 1426 2735 1484; x_wconf 86' lang='lat' dir='ltr'><strong>consummavit:</strong></span> <span class='ocrx_word' id='word_1_180' title='bbox 2782 1423 2897 1489; x_wconf 85' lang='lat' dir='ltr'><strong>Dei,</strong></span> <span class='ocrx_word' id='word_1_181' title='bbox 2934 1422 3180 1491; x_wconf 89' lang='lat' dir='ltr'><strong>inquam,</strong></span> <span class='ocrx_word' id='word_1_182' title='bbox 3215 1416 3480 1482; x_wconf 78' lang='lat' dir='ltr'><strong>Verbum,</strong></span> 
     </span>
    </p>
   </div>
   <div class='ocr_carea' id='block_1_29' title="bbox 1896 1512 3478 1589">
    <p class='ocr_par' dir='ltr' id='par_1_29' title="bbox 1896 1512 3478 1589">
     <span class='ocr_line' id='line_1_29' title="bbox 1896 1512 3478 1589; baseline -0.011 -8"><span class='ocrx_word' id='word_1_183' title='bbox 1896 1527 2061 1581; x_wconf 92' lang='lat' dir='ltr'><strong>homo</strong></span> <span class='ocrx_word' id='word_1_184' title='bbox 2117 1521 2279 1578; x_wconf 81' lang='lat' dir='ltr'><strong>Jesus</strong></span> <span class='ocrx_word' id='word_1_185' title='bbox 2318 1519 2587 1585; x_wconf 84' lang='lat' dir='ltr'><strong>Christus,</strong></span> <span class='ocrx_word' id='word_1_186' title='bbox 2637 1516 2729 1589; x_wconf 89' lang='lat' dir='ltr'><strong>qui</strong></span> <span class='ocrx_word' id='word_1_187' title='bbox 2784 1526 2960 1572; x_wconf 79' lang='lat' dir='ltr'><strong>estex</strong></span> <span class='ocrx_word' id='word_1_188' title='bbox 3024 1512 3236 1569; x_wconf 89' lang='lat' dir='ltr'><strong>duabus</strong></span> <span class='ocrx_word' id='word_1_189' title='bbox 3296 1512 3478 1576; x_wconf 84' lang='lat' dir='ltr'><strong>rebus,</strong></span> 
     </span>
    </p>
   </div>
   <div class='ocr_carea' id='block_1_30' title="bbox 1895 1605 3479 1677">
    <p class='ocr_par' dir='ltr' id='par_1_30' title="bbox 1895 1605 3479 1677">
     <span class='ocr_line' id='line_1_30' title="bbox 1895 1605 3479 1677; baseline -0.011 -2"><span class='ocrx_word' id='word_1_190' title='bbox 1895 1616 2176 1675; x_wconf 82' lang='lat' dir='ltr'><strong>divinitate</strong></span> <span class='ocrx_word' id='word_1_191' title='bbox 2219 1615 2428 1670; x_wconf 81' lang='lat' dir='ltr'><strong>scilicet</strong></span> <span class='ocrx_word' id='word_1_192' title='bbox 2465 1621 2517 1666; x_wconf 86' lang='lat' dir='ltr'><strong>et</strong></span> <span class='ocrx_word' id='word_1_193' title='bbox 2544 1612 2824 1666; x_wconf 86' lang='lat' dir='ltr'><strong>humanita</strong></span> <span class='ocrx_word' id='word_1_194' title='bbox 2852 1624 2904 1674; x_wconf 90' lang='lat' dir='ltr'><strong>e,</strong></span> <span class='ocrx_word' id='word_1_195' title='bbox 2941 1625 3006 1664; x_wconf 80' lang='lat' dir='ltr'><strong>ex</strong></span> <span class='ocrx_word' id='word_1_196' title='bbox 3044 1605 3252 1663; x_wconf 90' lang='lat' dir='ltr'><strong>duabus</strong></span> <span class='ocrx_word' id='word_1_197' title='bbox 3303 1606 3479 1677; x_wconf 75' lang='lat' dir='ltr'><strong>hypo-</strong></span> 
     </span>
    </p>
   </div>
   <div class='ocr_carea' id='block_1_31' title="bbox 1894 1703 3479 1775">
    <p class='ocr_par' dir='ltr' id='par_1_31' title="bbox 1894 1703 3479 1775">
     <span class='ocr_line' id='line_1_31' title="bbox 1894 1703 3479 1775; baseline -0.011 -7"><span class='ocrx_word' id='word_1_198' title='bbox 1894 1711 2134 1768; x_wconf 85' lang='lat' dir='ltr'><strong>stasibus</strong></span> <span class='ocrx_word' id='word_1_199' title='bbox 2168 1719 2225 1765; x_wconf 87' lang='lat' dir='ltr'><strong>et</strong></span> <span class='ocrx_word' id='word_1_200' title='bbox 2271 1704 2502 1772; x_wconf 84' lang='lat' dir='ltr'><strong>naturis,</strong></span> <span class='ocrx_word' id='word_1_201' title='bbox 2526 1720 2631 1760; x_wconf 88' lang='lat' dir='ltr'><strong>una</strong></span> <span class='ocrx_word' id='word_1_202' title='bbox 2671 1703 2979 1775; x_wconf 82' lang='lat' dir='ltr'><strong>hypostasis</strong></span> <span class='ocrx_word' id='word_1_203' title='bbox 3024 1710 3079 1758; x_wconf 91' lang='lat' dir='ltr'><strong>et</strong></span> <span class='ocrx_word' id='word_1_204' title='bbox 3110 1715 3217 1757; x_wconf 89' lang='lat' dir='ltr'><strong>una</strong></span> <span class='ocrx_word' id='word_1_205' title='bbox 3263 1706 3479 1764; x_wconf 86' lang='lat' dir='ltr'><strong>natura,</strong></span> 
     </span>
    </p>
   </div>
   <div class='ocr_carea' id='block_1_32' title="bbox 246 1787 1788 1885">
    <p class='ocr_par' dir='ltr' id='par_1_32' title="bbox 246 1787 1788 1865">
     <span class='ocr_line' id='line_1_32' title="bbox 246 1787 1788 1865; baseline 0.006 -24"><span class='ocrx_word' id='word_1_206' title='bbox 246 1788 379 1855; x_wconf 79' lang='grc' dir='ltr'>δυοῖν,</span> <span class='ocrx_word' id='word_1_207' title='bbox 398 1787 647 1861; x_wconf 75' lang='grc' dir='ltr'><strong>θεότητος</strong></span> <span class='ocrx_word' id='word_1_208' title='bbox 671 1794 767 1845; x_wconf 62' lang='grc' dir='ltr'><strong>καί¹</strong></span> <span class='ocrx_word' id='word_1_209' title='bbox 780 1793 878 1846; x_wconf 83' lang='grc' dir='ltr'>ἀνθ</span> <span class='ocrx_word' id='word_1_210' title='bbox 886 1794 1222 1865; x_wconf 79' lang='grc' dir='ltr'>ρωπότητος,</span> <span class='ocrx_word' id='word_1_211' title='bbox 1240 1795 1302 1849; x_wconf 85' lang='grc' dir='ltr'><strong>ὲκ</strong></span> <span class='ocrx_word' id='word_1_212' title='bbox 1320 1796 1413 1850; x_wconf 79' lang='grc' dir='ltr'>δύο</span> <span class='ocrx_word' id='word_1_213' title='bbox 1438 1797 1788 1852; x_wconf 86' lang='grc' dir='ltr'>ὑποστάσεων</span> 
     </span>
    </p>
   </div>
   <div class='ocr_carea' id='block_1_33' title="bbox 1890 1787 2341 1885">
    <p class='ocr_par' dir='ltr' id='par_1_33' title="bbox 1894 1805 2341 1861">
     <span class='ocr_line' id='line_1_33' title="bbox 1894 1805 2341 1861; baseline -0.011 0"><span class='ocrx_word' id='word_1_214' title='bbox 1894 1805 2148 1861; x_wconf 83' lang='lat' dir='ltr'><strong>Christus</strong></span> <span class='ocrx_word' id='word_1_215' title='bbox 2179 1819 2341 1857; x_wconf 91' lang='lat' dir='ltr'><strong>unus.</strong></span> 
     </span>
    </p>
   </div>
   <div class='ocr_carea' id='block_1_34' title="bbox 248 1881 1789 1963">
    <p class='ocr_par' dir='ltr' id='par_1_34' title="bbox 248 1881 1789 1963">
     <span class='ocr_line' id='line_1_34' title="bbox 248 1881 1789 1963; baseline 0.006 -29"><span class='ocrx_word' id='word_1_216' title='bbox 248 1882 319 1934; x_wconf 80' lang='grc' dir='ltr'><strong>καὶ</strong></span> <span class='ocrx_word' id='word_1_217' title='bbox 371 1881 603 1950; x_wconf 77' lang='grc' dir='ltr'><strong>φύσεων,</strong></span> <span class='ocrx_word' id='word_1_218' title='bbox 666 1883 767 1954; x_wconf 69' lang='grc' dir='ltr'><strong>μία</strong></span> <span class='ocrx_word' id='word_1_219' title='bbox 820 1885 1126 1952; x_wconf 75' lang='grc' dir='ltr'><strong>ὑπόστασις</strong></span> <span class='ocrx_word' id='word_1_220' title='bbox 1177 1889 1269 1941; x_wconf 75' lang='grc' dir='ltr'><strong>καὶ</strong></span> <span class='ocrx_word' id='word_1_221' title='bbox 1323 1887 1421 1963; x_wconf 83' lang='grc' dir='ltr'><strong>μία</strong></span> <span class='ocrx_word' id='word_1_222' title='bbox 1463 1887 1652 1960; x_wconf 81' lang='grc' dir='ltr'>φύσις,</span> <span class='ocrx_word' id='word_1_223' title='bbox 1707 1884 1789 1955; x_wconf 74' lang='grc' dir='ltr'><strong>εἷς</strong></span> 
     </span>
    </p>
   </div>
   <div class='ocr_carea' id='block_1_35' title="bbox 242 1972 466 2043">
    <p class='ocr_par' dir='ltr' id='par_1_35' title="bbox 242 1972 466 2043">
     <span class='ocr_line' id='line_1_35' title="bbox 242 1972 466 2043; baseline 0.013 -19"><span class='ocrx_word' id='word_1_224' title='bbox 242 1972 466 2043; x_wconf 83' lang='grc' dir='ltr'>Χριστός.</span> 
     </span>
    </p>
   </div>
   <div class='ocr_carea' id='block_1_36' title="bbox 307 2065 1789 2145">
    <p class='ocr_par' dir='ltr' id='par_1_36' title="bbox 307 2065 1789 2145">
     <span class='ocr_line' id='line_1_36' title="bbox 307 2065 1789 2145; baseline 0.009 -25"><span class='ocrx_word' id='word_1_225' title='bbox 307 2065 435 2120; x_wconf 80' lang='grc' dir='ltr'>Ἀλλ’</span> <span class='ocrx_word' id='word_1_226' title='bbox 460 2070 538 2122; x_wconf 85' lang='grc' dir='ltr'>ὅτι</span> <span class='ocrx_word' id='word_1_227' title='bbox 578 2069 731 2133; x_wconf 67' lang='grc' dir='ltr'>τινὲς</span> <span class='ocrx_word' id='word_1_228' title='bbox 758 2070 1053 2125; x_wconf 80' lang='grc' dir='ltr'>ἀκούουσιν</span> <span class='ocrx_word' id='word_1_229' title='bbox 1093 2071 1253 2144; x_wconf 81' lang='grc' dir='ltr'>ἡμῶν</span> <span class='ocrx_word' id='word_1_230' title='bbox 1301 2070 1576 2145; x_wconf 80' lang='grc' dir='ltr'>λεγόντων</span> <span class='ocrx_word' id='word_1_231' title='bbox 1626 2076 1789 2133; x_wconf 63' lang='grc' dir='ltr'>αὐτόν</span> 
     </span>
    </p>
   </div>
   <div class='ocr_carea' id='block_1_37' title="bbox 240 2148 1787 2241">
    <p class='ocr_par' dir='ltr' id='par_1_37' title="bbox 240 2148 1787 2241">
     <span class='ocr_line' id='line_1_37' title="bbox 240 2148 1787 2241; baseline 0.01 -31"><span class='ocrx_word' id='word_1_232' title='bbox 240 2157 352 2228; x_wconf 83' lang='grc' dir='ltr'>μίαν</span> <span class='ocrx_word' id='word_1_233' title='bbox 370 2161 663 2216; x_wconf 79' lang='grc' dir='ltr'>ὑπόστασιν</span> <span class='ocrx_word' id='word_1_234' title='bbox 707 2162 806 2217; x_wconf 74' lang='grc' dir='ltr'><strong>καὶ</strong></span> <span class='ocrx_word' id='word_1_235' title='bbox 835 2165 968 2233; x_wconf 91' lang='grc' dir='ltr'>μίαν</span> <span class='ocrx_word' id='word_1_236' title='bbox 992 2148 1447 2234; x_wconf 73' lang='grc' dir='ltr'>φύσιν,’ἑνταῦθα</span> <span class='ocrx_word' id='word_1_237' title='bbox 1472 2169 1598 2225; x_wconf 82' lang='grc' dir='ltr'>καθ’</span> <span class='ocrx_word' id='word_1_238' title='bbox 1625 2171 1787 2241; x_wconf 74' lang='grc' dir='ltr'>ἡμῶν</span> 
     </span>
    </p>
   </div>
   <div class='ocr_carea' id='block_1_38' title="bbox 234 2251 1788 2336">
    <p class='ocr_par' dir='ltr' id='par_1_38' title="bbox 234 2251 1788 2336">
     <span class='ocr_line' id='line_1_38' title="bbox 234 2251 1788 2336; baseline 0.01 -31"><span class='ocrx_word' id='word_1_239' title='bbox 234 2251 506 2323; x_wconf 77' lang='grc' dir='ltr'><strong>ὑμνοῦντες</strong></span> <span class='ocrx_word' id='word_1_240' title='bbox 536 2256 794 2324; x_wconf 80' lang='grc' dir='ltr'>λέγουσιν</span> <span class='ocrx_word' id='word_1_241' title='bbox 818 2258 904 2313; x_wconf 87' lang='grc' dir='ltr'>ὅτι</span> <span class='ocrx_word' id='word_1_242' title='bbox 934 2259 1077 2313; x_wconf 79' lang='grc' dir='ltr'>κατὰ</span> <span class='ocrx_word' id='word_1_243' title='bbox 1108 2260 1202 2314; x_wconf 68' lang='grc' dir='ltr'><strong>τὸν</strong></span> <span class='ocrx_word' id='word_1_244' title='bbox 1240 2260 1454 2336; x_wconf 77' lang='grc' dir='ltr'><strong>Εὐτυχῆ</strong></span> <span class='ocrx_word' id='word_1_245' title='bbox 1481 2266 1788 2319; x_wconf 79' lang='grc' dir='ltr'>ἀποῦαλλό-</span> 
     </span>
    </p>
   </div>
   <div class='ocr_carea' id='block_1_39' title="bbox 235 2347 1784 2429">
    <p class='ocr_par' dir='ltr' id='par_1_39' title="bbox 235 2347 1784 2429">
     <span class='ocr_line' id='line_1_39' title="bbox 235 2347 1784 2429; baseline 0.009 -29"><span class='ocrx_word' id='word_1_246' title='bbox 235 2347 376 2417; x_wconf 83' lang='grc' dir='ltr'>μεθα,</span> <span class='ocrx_word' id='word_1_247' title='bbox 410 2350 499 2403; x_wconf 72' lang='grc' dir='ltr'><strong>καὶ</strong></span> <span class='ocrx_word' id='word_1_248' title='bbox 548 2351 767 2415; x_wconf 78' lang='grc' dir='ltr'><strong>πάντας</strong></span> <span class='ocrx_word' id='word_1_249' title='bbox 797 2352 924 2413; x_wconf 83' lang='grc' dir='ltr'>τοὺς</span> <span class='ocrx_word' id='word_1_250' title='bbox 973 2351 1237 2421; x_wconf 81' lang='grc' dir='ltr'>λέγοντας</span> <span class='ocrx_word' id='word_1_251' title='bbox 1274 2357 1376 2428; x_wconf 80' lang='grc' dir='ltr'>τὴν</span> <span class='ocrx_word' id='word_1_252' title='bbox 1417 2356 1684 2429; x_wconf 83' lang='grc' dir='ltr'>σύγχυσιν</span> <span class='ocrx_word' id='word_1_253' title='bbox 1724 2361 1784 2415; x_wconf 81' lang='grc' dir='ltr'>ὲν</span> 
     </span>
    </p>
   </div>
   <div class='ocr_carea' id='block_1_40' title="bbox 235 2440 1786 2522">
    <p class='ocr_par' dir='ltr' id='par_1_40' title="bbox 235 2440 1786 2522">
     <span class='ocr_line' id='line_1_40' title="bbox 235 2440 1786 2522; baseline 0.009 -31"><span class='ocrx_word' id='word_1_254' title='bbox 235 2440 292 2509; x_wconf 79' lang='grc' dir='ltr'>τῇ</span> <span class='ocrx_word' id='word_1_255' title='bbox 323 2440 443 2511; x_wconf 75' lang='grc' dir='ltr'>ἁγία</span> <span class='ocrx_word' id='word_1_256' title='bbox 476 2440 695 2495; x_wconf 75' lang='grc' dir='ltr'>ἑνώσει·</span> <span class='ocrx_word' id='word_1_257' title='bbox 727 2443 845 2497; x_wconf 83' lang='grc' dir='ltr'>ἀλλ’</span> <span class='ocrx_word' id='word_1_258' title='bbox 876 2443 1255 2517; x_wconf 81' lang='grc' dir='ltr'>ὁμολογοῦμεν</span> <span class='ocrx_word' id='word_1_259' title='bbox 1284 2449 1368 2501; x_wconf 87' lang='grc' dir='ltr'>ὄτι</span> <span class='ocrx_word' id='word_1_260' title='bbox 1408 2451 1708 2521; x_wconf 79' lang='grc' dir='ltr'><strong>τετήρηται</strong></span> <span class='ocrx_word' id='word_1_261' title='bbox 1749 2453 1786 2522; x_wconf 67' lang='grc' dir='ltr'>ἡ</span> 
     </span>
    </p>
   </div>
   <div class='ocr_carea' id='block_1_41' title="bbox 229 2526 1786 2607">
    <p class='ocr_par' dir='ltr' id='par_1_41' title="bbox 229 2526 1786 2607">
     <span class='ocr_line' id='line_1_41' title="bbox 229 2526 1786 2607; baseline 0.01 -27"><span class='ocrx_word' id='word_1_262' title='bbox 229 2526 439 2599; x_wconf 78' lang='grc' dir='ltr'>διαφορὰ</span> <span class='ocrx_word' id='word_1_263' title='bbox 466 2531 575 2584; x_wconf 84' lang='grc' dir='ltr'>τῶν</span> <span class='ocrx_word' id='word_1_264' title='bbox 605 2530 830 2602; x_wconf 81' lang='grc' dir='ltr'>φύσεων</span> <span class='ocrx_word' id='word_1_265' title='bbox 860 2532 920 2599; x_wconf 72' lang='grc' dir='ltr'>ἑξ</span> <span class='ocrx_word' id='word_1_266' title='bbox 966 2528 1041 2587; x_wconf 81' lang='grc' dir='ltr'>ὧν</span> <span class='ocrx_word' id='word_1_267' title='bbox 1083 2538 1113 2589; x_wconf 85' lang='grc' dir='ltr'><strong>ό</strong></span> <span class='ocrx_word' id='word_1_268' title='bbox 1154 2537 1398 2607; x_wconf 87' lang='grc' dir='ltr'>Χριστός</span> <span class='ocrx_word' id='word_1_269' title='bbox 1418 2553 1434 2568; x_wconf 76' lang='grc'><strong><em>⁸</em></strong></span> <span class='ocrx_word' id='word_1_270' title='bbox 1464 2541 1561 2594; x_wconf 78' lang='grc' dir='ltr'><strong>καὶ</strong></span> <span class='ocrx_word' id='word_1_271' title='bbox 1597 2542 1786 2595; x_wconf 82' lang='grc' dir='ltr'>οὐκέτι</span> 
     </span>
    </p>
   </div>
   <div class='ocr_carea' id='block_1_42' title="bbox 230 2618 1784 2701">
    <p class='ocr_par' dir='ltr' id='par_1_42' title="bbox 230 2618 1784 2701">
     <span class='ocr_line' id='line_1_42' title="bbox 230 2618 1784 2701; baseline 0.011 -29"><span class='ocrx_word' id='word_1_272' title='bbox 230 2618 441 2691; x_wconf 80' lang='grc' dir='ltr'>λέγομεν</span> <span class='ocrx_word' id='word_1_273' title='bbox 489 2625 570 2677; x_wconf 86' lang='grc' dir='ltr'>ὅτι</span> <span class='ocrx_word' id='word_1_274' title='bbox 635 2626 672 2696; x_wconf 68' lang='grc' dir='ltr'>ἡ</span> <span class='ocrx_word' id='word_1_275' title='bbox 722 2624 917 2694; x_wconf 90' lang='grc' dir='ltr'>θεότης</span> <span class='ocrx_word' id='word_1_276' title='bbox 968 2626 1240 2701; x_wconf 77' lang='grc' dir='ltr'>ἠλλοιώθη</span> <span class='ocrx_word' id='word_1_277' title='bbox 1298 2631 1382 2695; x_wconf 89' lang='grc' dir='ltr'><strong>είς</strong></span> <span class='ocrx_word' id='word_1_278' title='bbox 1429 2632 1491 2685; x_wconf 75' lang='grc' dir='ltr'>τὸ</span> <span class='ocrx_word' id='word_1_279' title='bbox 1528 2633 1784 2701; x_wconf 84' lang='grc' dir='ltr'>γενέσθαι</span> 
     </span>
    </p>
   </div>
   <div class='ocr_carea' id='block_1_43' title="bbox 232 2712 1781 2797">
    <p class='ocr_par' dir='ltr' id='par_1_43' title="bbox 232 2712 1781 2797">
     <span class='ocr_line' id='line_1_43' title="bbox 232 2712 1781 2797; baseline 0.012 -34"><span class='ocrx_word' id='word_1_280' title='bbox 232 2712 373 2782; x_wconf 79' lang='grc' dir='ltr'>σὰρξ,</span> <span class='ocrx_word' id='word_1_281' title='bbox 412 2713 519 2769; x_wconf 81' lang='grc' dir='ltr'>ἀλλ’</span> <span class='ocrx_word' id='word_1_282' title='bbox 566 2714 700 2770; x_wconf 81' lang='grc' dir='ltr'>οὔτε</span> <span class='ocrx_word' id='word_1_283' title='bbox 754 2717 787 2787; x_wconf 77' lang='grc' dir='ltr'><strong>ἡ</strong></span> <span class='ocrx_word' id='word_1_284' title='bbox 841 2716 980 2789; x_wconf 77' lang='grc' dir='ltr'>σὰρξ</span> <span class='ocrx_word' id='word_1_285' title='bbox 1032 2720 1353 2793; x_wconf 79' lang='grc' dir='ltr'>μετηλλάγη</span> <span class='ocrx_word' id='word_1_286' title='bbox 1383 2726 1464 2788; x_wconf 88' lang='grc' dir='ltr'><strong>είς</strong></span> <span class='ocrx_word' id='word_1_287' title='bbox 1496 2724 1726 2797; x_wconf 82' lang='grc' dir='ltr'>θεότητα</span> <span class='ocrx_word' id='word_1_288' title='bbox 1765 2744 1781 2761; x_wconf 78' lang='grc' dir='ltr'><strong>ο</strong></span> 
     </span>
    </p>
   </div>
   <div class='ocr_carea' id='block_1_44' title="bbox 230 2804 1784 2896">
    <p class='ocr_par' dir='ltr' id='par_1_44' title="bbox 230 2804 1784 2896">
     <span class='ocr_line' id='line_1_44' title="bbox 230 2804 1784 2896; baseline 0.013 -38"><span class='ocrx_word' id='word_1_289' title='bbox 230 2804 387 2877; x_wconf 64' lang='lat' dir='ltr'><strong>tum;</strong></span> <span class='ocrx_word' id='word_1_290' title='bbox 422 2805 603 2878; x_wconf 78' lang='grc' dir='ltr'>θεότης</span> <span class='ocrx_word' id='word_1_291' title='bbox 642 2808 897 2880; x_wconf 84' lang='grc' dir='ltr'>διέμεινε·</span> <span class='ocrx_word' id='word_1_292' title='bbox 932 2812 1124 2883; x_wconf 82' lang='grc' dir='ltr'>θεότης</span> <span class='ocrx_word' id='word_1_293' title='bbox 1150 2830 1165 2846; x_wconf 88' lang='grc'><strong>·</strong></span> <span class='ocrx_word' id='word_1_294' title='bbox 1202 2817 1294 2871; x_wconf 80' lang='grc' dir='ltr'><strong>καὶ</strong></span> <span class='ocrx_word' id='word_1_295' title='bbox 1353 2821 1385 2890; x_wconf 90' lang='grc' dir='ltr'>ή</span> <span class='ocrx_word' id='word_1_296' title='bbox 1455 2819 1591 2893; x_wconf 79' lang='grc' dir='ltr'>σὰρξ</span> <span class='ocrx_word' id='word_1_297' title='bbox 1646 2824 1784 2896; x_wconf 80' lang='grc' dir='ltr'>σὰρξ</span> 
     </span>
    </p>
   </div>
   <div class='ocr_carea' id='block_1_45' title="bbox 230 2900 1785 2987">
    <p class='ocr_par' dir='ltr' id='par_1_45' title="bbox 230 2900 1785 2987">
     <span class='ocr_line' id='line_1_45' title="bbox 230 2900 1785 2987; baseline 0.015 -39"><span class='ocrx_word' id='word_1_298' title='bbox 230 2900 515 2971; x_wconf 76' lang='grc' dir='ltr'><strong>τετήρηται.</strong></span> <span class='ocrx_word' id='word_1_299' title='bbox 569 2902 687 2957; x_wconf 77' lang='grc' dir='ltr'><strong>Καὶ</strong></span> <span class='ocrx_word' id='word_1_300' title='bbox 722 2902 820 2958; x_wconf 79' lang='grc' dir='ltr'><strong>ἐάν</strong></span> <span class='ocrx_word' id='word_1_301' title='bbox 854 2921 940 2968; x_wconf 92' lang='grc' dir='ltr'><strong>τις</strong></span> <span class='ocrx_word' id='word_1_302' title='bbox 993 2906 1127 2976; x_wconf 79' lang='grc' dir='ltr'><strong>ἡμῖν</strong></span> <span class='ocrx_word' id='word_1_303' title='bbox 1182 2909 1420 2966; x_wconf 79' lang='grc' dir='ltr'>ἐνταῦθα</span> <span class='ocrx_word' id='word_1_304' title='bbox 1459 2912 1617 2987; x_wconf 72' lang='grc' dir='ltr'>εἴπῃ,</span> <span class='ocrx_word' id='word_1_305' title='bbox 1664 2916 1785 2983; x_wconf 84' lang='grc' dir='ltr'>πῶς</span> 
     </span>
    </p>
   </div>
   <div class='ocr_carea' id='block_1_46' title="bbox 237 2990 1779 3079">
    <p class='ocr_par' dir='ltr' id='par_1_46' title="bbox 237 2990 1779 3079">
     <span class='ocr_line' id='line_1_46' title="bbox 237 2990 1779 3079; baseline 0.014 -38"><span class='ocrx_word' id='word_1_306' title='bbox 237 2990 327 3043; x_wconf 66' lang='grc' dir='ltr'>ἔστι</span> <span class='ocrx_word' id='word_1_307' title='bbox 351 2991 571 3049; x_wconf 69' lang='grc' dir='ltr'>δυνατὸν</span> <span class='ocrx_word' id='word_1_308' title='bbox 620 2996 832 3050; x_wconf 76' lang='grc' dir='ltr'>ειδέναι</span> <span class='ocrx_word' id='word_1_309' title='bbox 864 2995 936 3051; x_wconf 81' lang='grc' dir='ltr'><strong>τὰ</strong></span> <span class='ocrx_word' id='word_1_310' title='bbox 983 2997 1095 3054; x_wconf 84' lang='grc' dir='ltr'><strong>τῶν</strong></span> <span class='ocrx_word' id='word_1_311' title='bbox 1145 3001 1366 3073; x_wconf 80' lang='grc' dir='ltr'>φύσεων</span> <span class='ocrx_word' id='word_1_312' title='bbox 1390 3006 1779 3079; x_wconf 81' lang='grc' dir='ltr'>γνωρίσματα,</span> 
     </span>
    </p>
   </div>
   <div class='ocr_carea' id='block_1_47' title="bbox 241 3083 1783 3173">
    <p class='ocr_par' dir='ltr' id='par_1_47' title="bbox 241 3083 1783 3173">
     <span class='ocr_line' id='line_1_47' title="bbox 241 3083 1783 3173; baseline 0.012 -36"><span class='ocrx_word' id='word_1_313' title='bbox 241 3083 389 3173; x_wconf 65' lang='lat' dir='ltr'><strong>imit)</strong></span> <span class='ocrx_word' id='word_1_314' title='bbox 446 3088 549 3156; x_wconf 85' lang='grc' dir='ltr'><strong>μία</strong></span> <span class='ocrx_word' id='word_1_315' title='bbox 585 3087 755 3157; x_wconf 84' lang='grc' dir='ltr'>φύσις</span> <span class='ocrx_word' id='word_1_316' title='bbox 784 3087 1009 3159; x_wconf 79' lang='grc' dir='ltr'>λέγεται</span> <span class='ocrx_word' id='word_1_317' title='bbox 1038 3094 1068 3147; x_wconf 88' lang='grc' dir='ltr'><strong>ό</strong></span> <span class='ocrx_word' id='word_1_318' title='bbox 1106 3094 1389 3165; x_wconf 82' lang='grc' dir='ltr'>Χριστὸς,·</span> <span class='ocrx_word' id='word_1_319' title='bbox 1417 3098 1590 3167; x_wconf 79' lang='grc' dir='ltr'>δείξαι</span> <span class='ocrx_word' id='word_1_320' title='bbox 1630 3101 1783 3173; x_wconf 75' lang='grc' dir='ltr'><strong>αὐτῷ</strong></span> 
     </span>
    </p>
   </div>
   <div class='ocr_carea' id='block_1_48' title="bbox 1962 2070 3479 2153">
    <p class='ocr_par' dir='ltr' id='par_1_48' title="bbox 1962 2070 3479 2153">
     <span class='ocr_line' id='line_1_48' title="bbox 1962 2070 3479 2153; baseline -0.012 -12"><span class='ocrx_word' id='word_1_321' title='bbox 1962 2084 2068 2141; x_wconf 84' lang='lat' dir='ltr'><strong>Sed</strong></span> <span class='ocrx_word' id='word_1_322' title='bbox 2112 2084 2237 2153; x_wconf 88' lang='lat' dir='ltr'><strong>quia</strong></span> <span class='ocrx_word' id='word_1_323' title='bbox 2276 2080 2516 2137; x_wconf 79' lang='lat' dir='ltr'><strong>nonnulli</strong></span> <span class='ocrx_word' id='word_1_324' title='bbox 2567 2093 2689 2133; x_wconf 87' lang='lat' dir='ltr'><strong>cum</strong></span> <span class='ocrx_word' id='word_1_325' title='bbox 2730 2090 2828 2132; x_wconf 88' lang='lat' dir='ltr'><strong>nos</strong></span> <span class='ocrx_word' id='word_1_326' title='bbox 2862 2074 3088 2129; x_wconf 88' lang='lat' dir='ltr'><strong>audiunt</strong></span> <span class='ocrx_word' id='word_1_327' title='bbox 3114 2086 3275 2126; x_wconf 86' lang='lat' dir='ltr'><strong>unam</strong></span> <span class='ocrx_word' id='word_1_328' title='bbox 3305 2070 3479 2143; x_wconf 65' lang='lat' dir='ltr'><strong>hypoo</strong></span> 
     </span>
    </p>
   </div>
   <div class='ocr_carea' id='block_1_49' title="bbox 1888 2167 3480 2235">
    <p class='ocr_par' dir='ltr' id='par_1_49' title="bbox 1888 2167 3480 2235">
     <span class='ocr_line' id='line_1_49' title="bbox 1888 2167 3480 2235; baseline -0.012 0"><span class='ocrx_word' id='word_1_329' title='bbox 1888 2178 2080 2235; x_wconf 86' lang='lat' dir='ltr'><strong>s&#39;asim</strong></span> <span class='ocrx_word' id='word_1_330' title='bbox 2114 2178 2355 2232; x_wconf 83' lang='lat' dir='ltr'><strong>dicentes</strong></span> <span class='ocrx_word' id='word_1_331' title='bbox 2381 2186 2434 2230; x_wconf 90' lang='lat' dir='ltr'><strong>et</strong></span> <span class='ocrx_word' id='word_1_332' title='bbox 2461 2188 2619 2229; x_wconf 89' lang='lat' dir='ltr'><strong>unam</strong></span> <span class='ocrx_word' id='word_1_333' title='bbox 2644 2180 2917 2233; x_wconf 88' lang='lat' dir='ltr'><strong>naturam,</strong></span> <span class='ocrx_word' id='word_1_334' title='bbox 2939 2167 3196 2222; x_wconf 81' lang='lat' dir='ltr'><strong>continuo</strong></span> <span class='ocrx_word' id='word_1_335' title='bbox 3218 2167 3480 2220; x_wconf 84' lang='lat' dir='ltr'><strong>adversus</strong></span> 
     </span>
    </p>
   </div>
   <div class='ocr_carea' id='block_1_50' title="bbox 1888 2258 3484 2340">
    <p class='ocr_par' dir='ltr' id='par_1_50' title="bbox 1888 2258 3484 2340">
     <span class='ocr_line' id='line_1_50' title="bbox 1888 2258 3484 2340; baseline -0.01 -13"><span class='ocrx_word' id='word_1_336' title='bbox 1888 2287 1990 2328; x_wconf 91' lang='lat' dir='ltr'><strong>nos</strong></span> <span class='ocrx_word' id='word_1_337' title='bbox 2024 2271 2305 2334; x_wconf 87' lang='lat' dir='ltr'><strong>occinunt,</strong></span> <span class='ocrx_word' id='word_1_338' title='bbox 2348 2267 2492 2340; x_wconf 90' lang='lat' dir='ltr'><strong>quod</strong></span> <span class='ocrx_word' id='word_1_339' title='bbox 2538 2281 2660 2321; x_wconf 90' lang='lat' dir='ltr'><strong>cum</strong></span> <span class='ocrx_word' id='word_1_340' title='bbox 2694 2263 2998 2337; x_wconf 77' lang='lat' dir='ltr'><strong>Eutyeiiete</strong></span> <span class='ocrx_word' id='word_1_341' title='bbox 3024 2258 3347 2331; x_wconf 63' lang='lat' dir='ltr'><strong>erplodendi</strong></span> <span class='ocrx_word' id='word_1_342' title='bbox 3408 2259 3484 2312; x_wconf 87' lang='lat' dir='ltr'><strong>si-</strong></span> 
     </span>
    </p>
   </div>
   <div class='ocr_carea' id='block_1_51' title="bbox 1887 2355 3476 2430">
    <p class='ocr_par' dir='ltr' id='par_1_51' title="bbox 1887 2355 3476 2430">
     <span class='ocr_line' id='line_1_51' title="bbox 1887 2355 3476 2430; baseline -0.01 -11"><span class='ocrx_word' id='word_1_343' title='bbox 1887 2379 2011 2419; x_wconf 88' lang='lat' dir='ltr'><strong>mus</strong></span> <span class='ocrx_word' id='word_1_344' title='bbox 2043 2374 2095 2418; x_wconf 90' lang='lat' dir='ltr'><strong>et</strong></span> <span class='ocrx_word' id='word_1_345' title='bbox 2130 2378 2253 2420; x_wconf 86' lang='lat' dir='ltr'><strong>cum</strong></span> <span class='ocrx_word' id='word_1_346' title='bbox 2294 2362 2362 2416; x_wconf 86' lang='lat' dir='ltr'><strong>iis</strong></span> <span class='ocrx_word' id='word_1_347' title='bbox 2384 2360 2636 2416; x_wconf 86' lang='lat' dir='ltr'><strong>omnibus</strong></span> <span class='ocrx_word' id='word_1_348' title='bbox 2674 2359 2766 2430; x_wconf 91' lang='lat' dir='ltr'><strong>qui</strong></span> <span class='ocrx_word' id='word_1_349' title='bbox 2804 2357 3179 2413; x_wconf 81' lang='lat' dir='ltr'><strong>confusionem</strong></span> <span class='ocrx_word' id='word_1_350' title='bbox 3212 2355 3265 2408; x_wconf 89' lang='lat' dir='ltr'><strong>in</strong></span> <span class='ocrx_word' id='word_1_351' title='bbox 3292 2362 3476 2407; x_wconf 86' lang='lat' dir='ltr'><strong>sancta</strong></span> 
     </span>
    </p>
   </div>
   <div class='ocr_carea' id='block_1_52' title="bbox 1888 2448 3479 2520">
    <p class='ocr_par' dir='ltr' id='par_1_52' title="bbox 1888 2448 3479 2520">
     <span class='ocr_line' id='line_1_52' title="bbox 1888 2448 3479 2520; baseline -0.008 -9"><span class='ocrx_word' id='word_1_352' title='bbox 1888 2456 2087 2511; x_wconf 89' lang='lat' dir='ltr'><strong>unione</strong></span> <span class='ocrx_word' id='word_1_353' title='bbox 2116 2456 2315 2510; x_wconf 79' lang='lat' dir='ltr'><strong>factam</strong></span> <span class='ocrx_word' id='word_1_354' title='bbox 2356 2451 2543 2508; x_wconf 87' lang='lat' dir='ltr'><strong>dicunt</strong></span> <span class='ocrx_word' id='word_1_355' title='bbox 2569 2467 2585 2519; x_wconf 86' lang='lat'><strong>;</strong></span> <span class='ocrx_word' id='word_1_356' title='bbox 2618 2467 2719 2506; x_wconf 91' lang='lat' dir='ltr'><strong>nos</strong></span> <span class='ocrx_word' id='word_1_357' title='bbox 2756 2450 2944 2520; x_wconf 89' lang='lat' dir='ltr'><strong>utique</strong></span> <span class='ocrx_word' id='word_1_358' title='bbox 2967 2448 3293 2504; x_wconf 86' lang='lat' dir='ltr'><strong>conﬁtemur</strong></span> <span class='ocrx_word' id='word_1_359' title='bbox 3321 2455 3479 2500; x_wconf 90' lang='lat' dir='ltr'><strong>natu-</strong></span> 
     </span>
    </p>
   </div>
   <div class='ocr_carea' id='block_1_53' title="bbox 1886 2535 3482 2616">
    <p class='ocr_par' dir='ltr' id='par_1_53' title="bbox 1886 2535 3482 2616">
     <span class='ocr_line' id='line_1_53' title="bbox 1886 2535 3482 2616; baseline -0.008 -14"><span class='ocrx_word' id='word_1_360' title='bbox 1886 2563 2075 2602; x_wconf 83' lang='lat' dir='ltr'><strong>rarum</strong></span> <span class='ocrx_word' id='word_1_361' title='bbox 2107 2561 2175 2600; x_wconf 70' lang='grc' dir='ltr'><strong>ει</strong></span> <span class='ocrx_word' id='word_1_362' title='bbox 2215 2545 2416 2616; x_wconf 82' lang='lat' dir='ltr'><strong>quibus</strong></span> <span class='ocrx_word' id='word_1_363' title='bbox 2447 2552 2532 2599; x_wconf 87' lang='lat' dir='ltr'><strong>est</strong></span> <span class='ocrx_word' id='word_1_364' title='bbox 2560 2541 2814 2598; x_wconf 87' lang='lat' dir='ltr'><strong>Christus</strong></span> <span class='ocrx_word' id='word_1_365' title='bbox 2861 2538 3188 2596; x_wconf 88' lang='lat' dir='ltr'><strong>incolumem</strong></span> <span class='ocrx_word' id='word_1_366' title='bbox 3225 2552 3348 2593; x_wconf 88' lang='lat' dir='ltr'><strong>esse</strong></span> <span class='ocrx_word' id='word_1_367' title='bbox 3376 2535 3482 2591; x_wconf 77' lang='lat' dir='ltr'><strong>dif-</strong></span> 
     </span>
    </p>
   </div>
   <div class='ocr_carea' id='block_1_54' title="bbox 1888 2630 3477 2710">
    <p class='ocr_par' dir='ltr' id='par_1_54' title="bbox 1888 2630 3477 2710">
     <span class='ocr_line' id='line_1_54' title="bbox 1888 2630 3477 2710; baseline -0.007 -17"><span class='ocrx_word' id='word_1_368' title='bbox 1888 2639 2171 2693; x_wconf 74' lang='lat' dir='ltr'><strong>ferentium</strong></span> <span class='ocrx_word' id='word_1_369' title='bbox 2222 2656 2239 2706; x_wconf 88' lang='lat'><strong>;</strong></span> <span class='ocrx_word' id='word_1_370' title='bbox 2273 2653 2451 2710; x_wconf 88' lang='lat' dir='ltr'><strong>neque</strong></span> <span class='ocrx_word' id='word_1_371' title='bbox 2481 2634 2712 2691; x_wconf 88' lang='lat' dir='ltr'><strong>dicimus</strong></span> <span class='ocrx_word' id='word_1_372' title='bbox 2752 2633 3093 2689; x_wconf 81' lang='lat' dir='ltr'><strong>divinitatem</strong></span> <span class='ocrx_word' id='word_1_373' title='bbox 3135 2630 3477 2686; x_wconf 85' lang='lat' dir='ltr'><strong>immutatam</strong></span> 
     </span>
    </p>
   </div>
   <div class='ocr_carea' id='block_1_55' title="bbox 1886 2722 3478 2799">
    <p class='ocr_par' dir='ltr' id='par_1_55' title="bbox 1886 2722 3478 2799">
     <span class='ocr_line' id='line_1_55' title="bbox 1886 2722 3478 2799; baseline -0.006 -14"><span class='ocrx_word' id='word_1_374' title='bbox 1886 2740 1944 2785; x_wconf 89' lang='lat' dir='ltr'><strong>ut</strong></span> <span class='ocrx_word' id='word_1_375' title='bbox 1972 2746 2100 2787; x_wconf 90' lang='lat' dir='ltr'><strong>caro</strong></span> <span class='ocrx_word' id='word_1_376' title='bbox 2135 2730 2309 2795; x_wconf 78' lang='lat' dir='ltr'><strong>fieret,</strong></span> <span class='ocrx_word' id='word_1_377' title='bbox 2355 2743 2529 2799; x_wconf 88' lang='lat' dir='ltr'><strong>neque</strong></span> <span class='ocrx_word' id='word_1_378' title='bbox 2556 2741 2778 2784; x_wconf 88' lang='lat' dir='ltr'><strong>carnem</strong></span> <span class='ocrx_word' id='word_1_379' title='bbox 2813 2734 3073 2781; x_wconf 80' lang='lat' dir='ltr'><strong>mutatam</strong></span> <span class='ocrx_word' id='word_1_380' title='bbox 3129 2724 3181 2778; x_wconf 89' lang='lat' dir='ltr'><strong>in</strong></span> <span class='ocrx_word' id='word_1_381' title='bbox 3216 2722 3478 2777; x_wconf 87' lang='lat' dir='ltr'><strong>divinita-</strong></span> 
     </span>
    </p>
   </div>
   <div class='ocr_carea' id='block_1_56' title="bbox 1886 2819 3483 2885">
    <p class='ocr_par' dir='ltr' id='par_1_56' title="bbox 1886 2819 3483 2885">
     <span class='ocr_line' id='line_1_56' title="bbox 1886 2819 3483 2885; baseline -0.008 -5"><span class='ocrx_word' id='word_1_382' title='bbox 1886 2835 2037 2880; x_wconf 89' lang='lat' dir='ltr'><strong>tem:</strong></span> <span class='ocrx_word' id='word_1_383' title='bbox 2069 2825 2163 2879; x_wconf 89' lang='lat' dir='ltr'><strong>sed</strong></span> <span class='ocrx_word' id='word_1_384' title='bbox 2212 2823 2492 2885; x_wconf 84' lang='lat' dir='ltr'><strong>divinitas,</strong></span> <span class='ocrx_word' id='word_1_385' title='bbox 2531 2822 2732 2875; x_wconf 85' lang='lat' dir='ltr'><strong>mansit</strong></span> <span class='ocrx_word' id='word_1_386' title='bbox 2779 2819 3069 2884; x_wconf 82' lang='lat' dir='ltr'><strong>divinitas;</strong></span> <span class='ocrx_word' id='word_1_387' title='bbox 3110 2831 3239 2872; x_wconf 88' lang='lat' dir='ltr'><strong>caro</strong></span> <span class='ocrx_word' id='word_1_388' title='bbox 3276 2824 3483 2880; x_wconf 88' lang='lat' dir='ltr'><strong>autem,</strong></span> 
     </span>
    </p>
   </div>
   <div class='ocr_carea' id='block_1_57' title="bbox 1886 2898 3480 2988">
    <p class='ocr_par' dir='ltr' id='par_1_57' title="bbox 1886 2898 3480 2988">
     <span class='ocr_line' id='line_1_57' title="bbox 1886 2898 3480 2988; baseline -0.008 -16"><span class='ocrx_word' id='word_1_389' title='bbox 1886 2931 2017 2972; x_wconf 86' lang='lat' dir='ltr'><strong>caro</strong></span> <span class='ocrx_word' id='word_1_390' title='bbox 2038 2917 2297 2988; x_wconf 83' lang='lat' dir='ltr'><strong>perstitit.</strong></span> <span class='ocrx_word' id='word_1_391' title='bbox 2324 2914 2480 2983; x_wconf 84' lang='lat' dir='ltr'><strong>Quod</strong></span> <span class='ocrx_word' id='word_1_392' title='bbox 2532 2913 2578 2969; x_wconf 89' lang='lat' dir='ltr'><strong>si</strong></span> <span class='ocrx_word' id='word_1_393' title='bbox 2608 2912 2729 2984; x_wconf 85' lang='lat' dir='ltr'><strong>quis</strong></span> <span class='ocrx_word' id='word_1_394' title='bbox 2773 2912 2927 2967; x_wconf 77' lang='lat' dir='ltr'><strong>nobis</strong></span> <span class='ocrx_word' id='word_1_395' title='bbox 2978 2898 3073 2966; x_wconf 83' lang='lat' dir='ltr'><strong>hic</strong></span> <span class='ocrx_word' id='word_1_396' title='bbox 3101 2908 3345 2977; x_wconf 72' lang='lat' dir='ltr'><strong>obiiciat,</strong></span> <span class='ocrx_word' id='word_1_397' title='bbox 3385 2903 3480 2976; x_wconf 82' lang='lat' dir='ltr'><strong>qui</strong></span> 
     </span>
    </p>
   </div>
   <div class='ocr_carea' id='block_1_58' title="bbox 1885 3004 3476 3079">
    <p class='ocr_par' dir='ltr' id='par_1_58' title="bbox 1885 3004 3476 3079">
     <span class='ocr_line' id='line_1_58' title="bbox 1885 3004 3476 3079; baseline -0.009 -14"><span class='ocrx_word' id='word_1_398' title='bbox 1885 3009 2003 3065; x_wconf 87' lang='lat' dir='ltr'><strong>ﬁeri</strong></span> <span class='ocrx_word' id='word_1_399' title='bbox 2054 3011 2227 3079; x_wconf 87' lang='lat' dir='ltr'><strong>possit</strong></span> <span class='ocrx_word' id='word_1_400' title='bbox 2255 3016 2315 3062; x_wconf 91' lang='lat' dir='ltr'><strong>ut</strong></span> <span class='ocrx_word' id='word_1_401' title='bbox 2367 3018 2681 3061; x_wconf 78' lang='lat' dir='ltr'><strong>naturarum</strong></span> <span class='ocrx_word' id='word_1_402' title='bbox 2740 3004 3106 3075; x_wconf 84' lang='lat' dir='ltr'><strong>praprietatcs</strong></span> <span class='ocrx_word' id='word_1_403' title='bbox 3160 3008 3476 3065; x_wconf 87' lang='lat' dir='ltr'><strong>cernantur,</strong></span> 
     </span>
    </p>
   </div>
   <div class='ocr_carea' id='block_1_59' title="bbox 1885 3097 3478 3176">
    <p class='ocr_par' dir='ltr' id='par_1_59' title="bbox 1885 3097 3478 3176">
     <span class='ocr_line' id='line_1_59' title="bbox 1885 3097 3478 3176; baseline -0.009 -15"><span class='ocrx_word' id='word_1_404' title='bbox 1885 3105 2151 3176; x_wconf 79' lang='lat' dir='ltr'><strong>siquidem</strong></span> <span class='ocrx_word' id='word_1_405' title='bbox 2180 3119 2283 3158; x_wconf 87' lang='lat' dir='ltr'><strong>una</strong></span> <span class='ocrx_word' id='word_1_406' title='bbox 2314 3114 2505 3157; x_wconf 89' lang='lat' dir='ltr'><strong>natura</strong></span> <span class='ocrx_word' id='word_1_407' title='bbox 2530 3100 2731 3157; x_wconf 90' lang='lat' dir='ltr'><strong>dicitur</strong></span> <span class='ocrx_word' id='word_1_408' title='bbox 2760 3098 2963 3154; x_wconf 81' lang='lat' dir='ltr'><strong>Christi</strong></span> <span class='ocrx_word' id='word_1_409' title='bbox 2987 3114 3002 3159; x_wconf 85' lang='lat'><strong>;</strong></span> <span class='ocrx_word' id='word_1_410' title='bbox 3038 3098 3142 3151; x_wconf 90' lang='lat' dir='ltr'><strong>hoc</strong></span> <span class='ocrx_word' id='word_1_411' title='bbox 3165 3097 3213 3150; x_wconf 91' lang='lat' dir='ltr'><strong>ei</strong></span> <span class='ocrx_word' id='word_1_412' title='bbox 3246 3108 3478 3163; x_wconf 88' lang='lat' dir='ltr'><strong>respon-</strong></span> 
     </span>
    </p>
   </div>
   <div class='ocr_carea' id='block_1_60' title="bbox 237 3171 1788 3269">
    <p class='ocr_par' dir='ltr' id='par_1_60' title="bbox 237 3171 1781 3269">
     <span class='ocr_line' id='line_1_60' title="bbox 237 3171 1781 3269; baseline 0.015 -44"><span class='ocrx_word' id='word_1_413' title='bbox 237 3171 529 3269; x_wconf 75' lang='grc' dir='ltr'>ξχομενκαὶ</span> <span class='ocrx_word' id='word_1_414' title='bbox 562 3179 747 3233; x_wconf 75' lang='grc' dir='ltr'>εἰπεῖν</span> <span class='ocrx_word' id='word_1_415' title='bbox 793 3181 880 3236; x_wconf 81' lang='grc' dir='ltr'>ὅτι</span> <span class='ocrx_word' id='word_1_416' title='bbox 929 3185 1111 3240; x_wconf 79' lang='grc' dir='ltr'>πάντα</span> <span class='ocrx_word' id='word_1_417' title='bbox 1142 3184 1221 3256; x_wconf 83' lang='grc' dir='ltr'>τῷ</span> <span class='ocrx_word' id='word_1_418' title='bbox 1265 3187 1385 3262; x_wconf 77' lang='grc' dir='ltr'>Θεῷ</span> <span class='ocrx_word' id='word_1_419' title='bbox 1428 3189 1632 3245; x_wconf 87' lang='grc' dir='ltr'>δυνατά</span> <span class='ocrx_word' id='word_1_420' title='bbox 1672 3171 1781 3248; x_wconf 81' lang='grc' dir='ltr'>εἰσι</span> 
     </span>
    </p>
   </div>
   <div class='ocr_carea' id='block_1_61' title="bbox 1890 3171 3475 3269">
    <p class='ocr_par' dir='ltr' id='par_1_61' title="bbox 1890 3187 3475 3262">
     <span class='ocr_line' id='line_1_61' title="bbox 1890 3187 3475 3262; baseline -0.008 -11"><span class='ocrx_word' id='word_1_421' title='bbox 1890 3198 2101 3262; x_wconf 87' lang='lat' dir='ltr'><strong>demus,</strong></span> <span class='ocrx_word' id='word_1_422' title='bbox 2157 3187 2338 3250; x_wconf 87' lang='lat' dir='ltr'><strong>omnia</strong></span> <span class='ocrx_word' id='word_1_423' title='bbox 2381 3195 2587 3249; x_wconf 90' lang='lat' dir='ltr'><strong>scilicet</strong></span> <span class='ocrx_word' id='word_1_424' title='bbox 2642 3192 2753 3247; x_wconf 90' lang='lat' dir='ltr'><strong>Deo</strong></span> <span class='ocrx_word' id='word_1_425' title='bbox 2792 3206 2915 3247; x_wconf 79' lang='lat' dir='ltr'><strong>esse</strong></span> <span class='ocrx_word' id='word_1_426' title='bbox 2970 3188 3270 3262; x_wconf 82' lang='lat' dir='ltr'><strong>possibilia,</strong></span> <span class='ocrx_word' id='word_1_427' title='bbox 3323 3187 3475 3258; x_wconf 76' lang='lat' dir='ltr'><strong>juxta</strong></span> 
     </span>
    </p>
   </div>
   <div class='ocr_carea' id='block_1_62' title="bbox 230 3267 1783 3358">
    <p class='ocr_par' dir='ltr' id='par_1_62' title="bbox 230 3267 1783 3358">
     <span class='ocr_line' id='line_1_62' title="bbox 230 3267 1783 3358; baseline 0.015 -40"><span class='ocrx_word' id='word_1_428' title='bbox 230 3267 347 3358; x_wconf 62' lang='grc' dir='ltr'>ιιατά</span> <span class='ocrx_word' id='word_1_429' title='bbox 372 3268 469 3342; x_wconf 77' lang='grc' dir='ltr'>τὴν</span> <span class='ocrx_word' id='word_1_430' title='bbox 500 3272 817 3342; x_wconf 73' lang='grc' dir='ltr'>μαρτυρίαν</span> <span class='ocrx_word' id='word_1_431' title='bbox 844 3275 942 3329; x_wconf 89' lang='grc' dir='ltr'><strong>τοῦ</strong></span> <span class='ocrx_word' id='word_1_432' title='bbox 993 3277 1344 3348; x_wconf 72' lang='grc' dir='ltr'>ἀρχαγγέλου</span> <span class='ocrx_word' id='word_1_433' title='bbox 1391 3282 1659 3358; x_wconf 62' lang='grc' dir='ltr'>Γαϐριὴλ.</span> <span class='ocrx_word' id='word_1_434' title='bbox 1710 3289 1783 3342; x_wconf 83' lang='grc' dir='ltr'>Τὸ</span> 
     </span>
    </p>
   </div>
   <div class='ocr_carea' id='block_1_63' title="bbox 222 3355 1782 3447">
    <p class='ocr_par' dir='ltr' id='par_1_63' title="bbox 222 3355 1782 3447">
     <span class='ocr_line' id='line_1_63' title="bbox 222 3355 1782 3447; baseline 0.013 -37"><span class='ocrx_word' id='word_1_435' title='bbox 222 3355 269 3410; x_wconf 76' lang='grc' dir='ltr'>δὲ</span> <span class='ocrx_word' id='word_1_436' title='bbox 296 3358 403 3424; x_wconf 84' lang='grc' dir='ltr'><strong>πῶς</strong></span> <span class='ocrx_word' id='word_1_437' title='bbox 432 3361 742 3417; x_wconf 76' lang='grc' dir='ltr'>συνέλαϐεν</span> <span class='ocrx_word' id='word_1_438' title='bbox 770 3365 805 3435; x_wconf 82' lang='grc' dir='ltr'><strong>ὴ</strong></span> <span class='ocrx_word' id='word_1_439' title='bbox 836 3366 1109 3435; x_wconf 78' lang='grc' dir='ltr'>παρθένος</span> <span class='ocrx_word' id='word_1_440' title='bbox 1148 3369 1246 3422; x_wconf 67' lang='grc' dir='ltr'><strong>καὶ</strong></span> <span class='ocrx_word' id='word_1_441' title='bbox 1272 3370 1455 3438; x_wconf 74' lang='grc' dir='ltr'>ἔτεκε,</span> <span class='ocrx_word' id='word_1_442' title='bbox 1518 3355 1613 3441; x_wconf 57' lang='grc' dir='ltr'>καί</span> <span class='ocrx_word' id='word_1_443' title='bbox 1635 3392 1782 3447; x_wconf 69' lang='grc' dir='ltr'>παρα</span> 
     </span>
    </p>
   </div>
   <div class='ocr_carea' id='block_1_64' title="bbox 180 3448 1783 3545">
    <p class='ocr_par' dir='ltr' id='par_1_64' title="bbox 180 3448 1783 3545">
     <span class='ocr_line' id='line_1_64' title="bbox 180 3448 1783 3545; baseline 0.015 -44"><span class='ocrx_word' id='word_1_444' title='bbox 180 3538 183 3545; x_wconf 13' lang='grc'>1</span> <span class='ocrx_word' id='word_1_445' title='bbox 219 3448 354 3545; x_wconf 48' lang='lat' dir='ltr'><strong>eive;</strong></span> <span class='ocrx_word' id='word_1_446' title='bbox 382 3453 646 3527; x_wconf 72' lang='grc' dir='ltr'>διόμεινε.</span> <span class='ocrx_word' id='word_1_447' title='bbox 673 3455 799 3520; x_wconf 89' lang='grc' dir='ltr'>νοῦς</span> <span class='ocrx_word' id='word_1_448' title='bbox 849 3458 1197 3531; x_wconf 81' lang='grc' dir='ltr'>ἀνθρώπινος</span> <span class='ocrx_word' id='word_1_449' title='bbox 1229 3464 1403 3518; x_wconf 84' lang='grc' dir='ltr'>είπεῖν</span> <span class='ocrx_word' id='word_1_450' title='bbox 1430 3466 1635 3533; x_wconf 79' lang='grc' dir='ltr'>ἀτονεῖ,</span> <span class='ocrx_word' id='word_1_451' title='bbox 1666 3468 1783 3525; x_wconf 85' lang='grc' dir='ltr'>ἀλλ’</span> 
     </span>
    </p>
   </div>
   <div class='ocr_carea' id='block_1_65' title="bbox 216 3537 1787 3628">
    <p class='ocr_par' dir='ltr' id='par_1_65' title="bbox 216 3537 1787 3628">
     <span class='ocr_line' id='line_1_65' title="bbox 216 3537 1787 3628; baseline 0.013 -35"><span class='ocrx_word' id='word_1_452' title='bbox 216 3537 303 3595; x_wconf 71' lang='grc' dir='ltr'>οὖν</span> <span class='ocrx_word' id='word_1_453' title='bbox 352 3544 537 3613; x_wconf 81' lang='grc' dir='ltr'>γέγονε</span> <span class='ocrx_word' id='word_1_454' title='bbox 593 3548 697 3620; x_wconf 81' lang='grc' dir='ltr'><strong>μὲν</strong></span> <span class='ocrx_word' id='word_1_455' title='bbox 750 3548 971 3613; x_wconf 80' lang='grc' dir='ltr'>θεῖκῶς.</span> <span class='ocrx_word' id='word_1_456' title='bbox 1006 3549 1164 3605; x_wconf 76' lang='grc' dir='ltr'>Οὕτω</span> <span class='ocrx_word' id='word_1_457' title='bbox 1219 3553 1315 3605; x_wconf 76' lang='grc' dir='ltr'><strong>καὶ</strong></span> <span class='ocrx_word' id='word_1_458' title='bbox 1364 3554 1425 3609; x_wconf 84' lang='grc' dir='ltr'>τὸ</span> <span class='ocrx_word' id='word_1_459' title='bbox 1464 3556 1563 3621; x_wconf 80' lang='grc' dir='ltr'><strong>τὰς</strong></span> <span class='ocrx_word' id='word_1_460' title='bbox 1592 3558 1787 3628; x_wconf 81' lang='grc' dir='ltr'>φύσεις</span> 
     </span>
    </p>
   </div>
   <div class='ocr_carea' id='block_1_66' title="bbox 216 3639 1787 3718">
    <p class='ocr_par' dir='ltr' id='par_1_66' title="bbox 216 3639 1787 3718">
     <span class='ocr_line' id='line_1_66' title="bbox 216 3639 1787 3718; baseline 0.01 -28"><span class='ocrx_word' id='word_1_461' title='bbox 216 3639 485 3711; x_wconf 76' lang='grc' dir='ltr'>τηρεῖσθαι</span> <span class='ocrx_word' id='word_1_462' title='bbox 532 3643 593 3694; x_wconf 81' lang='grc' dir='ltr'>ἐν</span> <span class='ocrx_word' id='word_1_463' title='bbox 637 3640 877 3710; x_wconf 76' lang='grc' dir='ltr'>γνὼσειο</span> <span class='ocrx_word' id='word_1_464' title='bbox 908 3644 1006 3696; x_wconf 75' lang='grc' dir='ltr'><strong>καὶ</strong></span> <span class='ocrx_word' id='word_1_465' title='bbox 1063 3647 1388 3701; x_wconf 80' lang='grc' dir='ltr'>πιστεύεται</span> <span class='ocrx_word' id='word_1_466' title='bbox 1427 3651 1531 3718; x_wconf 87' lang='grc' dir='ltr'>μία</span> <span class='ocrx_word' id='word_1_467' title='bbox 1577 3650 1667 3704; x_wconf 74' lang='grc' dir='ltr'><strong>διὰ</strong></span> <span class='ocrx_word' id='word_1_468' title='bbox 1726 3655 1787 3705; x_wconf 83' lang='grc' dir='ltr'>τὸ</span> 
     </span>
    </p>
   </div>
   <div class='ocr_carea' id='block_1_67' title="bbox 146 3717 1786 3808">
    <p class='ocr_par' dir='ltr' id='par_1_67' title="bbox 146 3717 1786 3808">
     <span class='ocr_line' id='line_1_67' title="bbox 146 3717 1786 3808; baseline 0.01 -27"><span class='ocrx_word' id='word_1_469' title='bbox 146 3790 155 3803; x_wconf 35' lang='grc' dir='ltr'><strong>ι</strong></span> <span class='ocrx_word' id='word_1_470' title='bbox 220 3730 506 3804; x_wconf 72' lang='grc' dir='ltr'>ἀμέριστον</span> <span class='ocrx_word' id='word_1_471' title='bbox 548 3732 711 3805; x_wconf 62' lang='grc' dir='ltr'><strong>(ὅθ’</strong></span> <span class='ocrx_word' id='word_1_472' title='bbox 744 3737 1064 3791; x_wconf 81' lang='grc' dir='ltr'>πιστεύεται</span> <span class='ocrx_word' id='word_1_473' title='bbox 1114 3739 1173 3792; x_wconf 87' lang='grc' dir='ltr'>δὲ</span> <span class='ocrx_word' id='word_1_474' title='bbox 1226 3742 1320 3793; x_wconf 71' lang='grc' dir='ltr'><strong>καὶ</strong></span> <span class='ocrx_word' id='word_1_475' title='bbox 1374 3717 1440 3796; x_wconf 60' lang='lat' dir='ltr'><strong>ea</strong></span> <span class='ocrx_word' id='word_1_476' title='bbox 1490 3717 1786 3808; x_wconf 77' lang='grc' dir='ltr'>διαλέξεων</span> 
     </span>
    </p>
   </div>
   <div class='ocr_carea' id='block_1_68' title="bbox 218 3825 1785 3901">
    <p class='ocr_par' dir='ltr' id='par_1_68' title="bbox 218 3825 1785 3901">
     <span class='ocr_line' id='line_1_68' title="bbox 218 3825 1785 3901; baseline 0.009 -24"><span class='ocrx_word' id='word_1_477' title='bbox 218 3825 453 3889; x_wconf 63' lang='grc' dir='ltr'>φυσικῶν</span> <span class='ocrx_word' id='word_1_478' title='bbox 474 3841 490 3857; x_wconf 80' lang='grc' dir='ltr'><strong>ο</strong></span> <span class='ocrx_word' id='word_1_479' title='bbox 521 3827 572 3880; x_wconf 87' lang='grc' dir='ltr'><strong>εί</strong></span> <span class='ocrx_word' id='word_1_480' title='bbox 606 3828 706 3882; x_wconf 76' lang='grc' dir='ltr'><strong>καὶ</strong></span> <span class='ocrx_word' id='word_1_481' title='bbox 733 3828 834 3891; x_wconf 83' lang='grc' dir='ltr'>τὰς</span> <span class='ocrx_word' id='word_1_482' title='bbox 865 3831 1179 3901; x_wconf 84' lang='grc' dir='ltr'>μαρτυρίας</span> <span class='ocrx_word' id='word_1_483' title='bbox 1211 3832 1314 3897; x_wconf 87' lang='grc' dir='ltr'>τὰς</span> <span class='ocrx_word' id='word_1_484' title='bbox 1356 3835 1421 3886; x_wconf 84' lang='grc' dir='ltr'><strong>ἐκ</strong></span> <span class='ocrx_word' id='word_1_485' title='bbox 1466 3834 1577 3888; x_wconf 87' lang='grc' dir='ltr'>τῶν</span> <span class='ocrx_word' id='word_1_486' title='bbox 1624 3836 1785 3891; x_wconf 88' lang='grc' dir='ltr'>θείων</span> 
     </span>
    </p>
   </div>
   <div class='ocr_carea' id='block_1_69' title="bbox 219 3915 1787 4002">
    <p class='ocr_par' dir='ltr' id='par_1_69' title="bbox 219 3915 1787 4002">
     <span class='ocr_line' id='line_1_69' title="bbox 219 3915 1787 4002; baseline 0.012 -35"><span class='ocrx_word' id='word_1_487' title='bbox 219 3915 437 3988; x_wconf 81' lang='grc' dir='ltr'>Γραφῶν</span> <span class='ocrx_word' id='word_1_488' title='bbox 468 3920 705 3993; x_wconf 63' lang='grc' dir='ltr'>ἔρευνᾷν</span> <span class='ocrx_word' id='word_1_489' title='bbox 738 3939 824 3983; x_wconf 85' lang='grc' dir='ltr'><strong>τις</strong></span> <span class='ocrx_word' id='word_1_490' title='bbox 856 3923 978 3993; x_wconf 84' lang='grc' dir='ltr'>μεθ’</span> <span class='ocrx_word' id='word_1_491' title='bbox 1014 3925 1177 3997; x_wconf 75' lang='grc' dir='ltr'>ἡμῶν</span> <span class='ocrx_word' id='word_1_492' title='bbox 1226 3925 1513 4000; x_wconf 82' lang='grc' dir='ltr'>θελήσειεν</span> <span class='ocrx_word' id='word_1_493' title='bbox 1536 3969 1552 3997; x_wconf 89' lang='grc'><strong>,</strong></span> <span class='ocrx_word' id='word_1_494' title='bbox 1587 3928 1787 4002; x_wconf 75' lang='grc' dir='ltr'>ἔχομεν</span> 
     </span>
    </p>
   </div>
   <div class='ocr_carea' id='block_1_70' title="bbox 216 4008 1787 4094">
    <p class='ocr_par' dir='ltr' id='par_1_70' title="bbox 216 4008 1787 4094">
     <span class='ocr_line' id='line_1_70' title="bbox 216 4008 1787 4094; baseline 0.01 -29"><span class='ocrx_word' id='word_1_495' title='bbox 216 4008 371 4078; x_wconf 79' lang='grc' dir='ltr'>δεῖξαι</span> <span class='ocrx_word' id='word_1_496' title='bbox 426 4015 577 4070; x_wconf 80' lang='grc' dir='ltr'>κατὰ</span> <span class='ocrx_word' id='word_1_497' title='bbox 626 4016 729 4087; x_wconf 81' lang='grc' dir='ltr'>τὴν</span> <span class='ocrx_word' id='word_1_498' title='bbox 762 4019 821 4070; x_wconf 78' lang='grc' dir='ltr'>ἐν</span> <span class='ocrx_word' id='word_1_499' title='bbox 863 4018 996 4089; x_wconf 77' lang='grc' dir='ltr'>ἡμῖν</span> <span class='ocrx_word' id='word_1_500' title='bbox 1052 4020 1247 4076; x_wconf 77' lang='grc' dir='ltr'>ἐλπίδα</span> <span class='ocrx_word' id='word_1_501' title='bbox 1280 4023 1343 4076; x_wconf 81' lang='grc' dir='ltr'><strong>ὲκ</strong></span> <span class='ocrx_word' id='word_1_502' title='bbox 1372 4023 1485 4077; x_wconf 85' lang='grc' dir='ltr'>τῶν</span> <span class='ocrx_word' id='word_1_503' title='bbox 1534 4027 1787 4094; x_wconf 81' lang='grc' dir='ltr'>φυσικῶν</span> 
     </span>
    </p>
   </div>
   <div class='ocr_carea' id='block_1_71' title="bbox 216 4104 1786 4189">
    <p class='ocr_par' dir='ltr' id='par_1_71' title="bbox 216 4104 1786 4189">
     <span class='ocr_line' id='line_1_71' title="bbox 216 4104 1786 4189; baseline 0.011 -32"><span class='ocrx_word' id='word_1_504' title='bbox 216 4104 514 4174; x_wconf 67' lang='grc' dir='ltr'>διαλιξεων.</span> <span class='ocrx_word' id='word_1_505' title='bbox 572 4110 735 4164; x_wconf 79' lang='grc' dir='ltr'>Καθὰ</span> <span class='ocrx_word' id='word_1_506' title='bbox 786 4109 935 4181; x_wconf 81' lang='grc' dir='ltr'>ψυχῆ</span> <span class='ocrx_word' id='word_1_507' title='bbox 993 4113 1090 4166; x_wconf 71' lang='grc' dir='ltr'>καὶ</span> <span class='ocrx_word' id='word_1_508' title='bbox 1146 4113 1308 4186; x_wconf 85' lang='grc' dir='ltr'>σῶμα</span> <span class='ocrx_word' id='word_1_509' title='bbox 1352 4116 1447 4170; x_wconf 79' lang='grc' dir='ltr'>ἕνα</span> <span class='ocrx_word' id='word_1_510' title='bbox 1491 4118 1786 4189; x_wconf 80' lang='grc' dir='ltr'>ἄνθρωπον</span> 
     </span>
    </p>
   </div>
   <div class='ocr_carea' id='block_1_72' title="bbox 216 4196 1786 4285">
    <p class='ocr_par' dir='ltr' id='par_1_72' title="bbox 216 4196 1786 4285">
     <span class='ocr_line' id='line_1_72' title="bbox 216 4196 1786 4285; baseline 0.01 -35"><span class='ocrx_word' id='word_1_511' title='bbox 216 4197 416 4255; x_wconf 78' lang='grc' dir='ltr'>τελοῦσι</span> <span class='ocrx_word' id='word_1_512' title='bbox 441 4239 458 4265; x_wconf 85' lang='grc'><strong>,</strong></span> <span class='ocrx_word' id='word_1_513' title='bbox 487 4201 587 4256; x_wconf 75' lang='grc' dir='ltr'><strong>καὶ</strong></span> <span class='ocrx_word' id='word_1_514' title='bbox 622 4202 735 4255; x_wconf 78' lang='lat' dir='ltr'><strong>eiet</strong></span> <span class='ocrx_word' id='word_1_515' title='bbox 779 4202 877 4256; x_wconf 85' lang='grc' dir='ltr'>δύο</span> <span class='ocrx_word' id='word_1_516' title='bbox 908 4202 1103 4272; x_wconf 83' lang='grc' dir='ltr'>φύσεις</span> <span class='ocrx_word' id='word_1_517' title='bbox 1123 4247 1135 4271; x_wconf 89' lang='grc'><strong>,</strong></span> <span class='ocrx_word' id='word_1_518' title='bbox 1188 4204 1332 4261; x_wconf 76' lang='grc' dir='ltr'>οὕτω</span> <span class='ocrx_word' id='word_1_519' title='bbox 1361 4209 1455 4263; x_wconf 75' lang='grc' dir='ltr'>καί</span> <span class='ocrx_word' id='word_1_520' title='bbox 1489 4196 1786 4285; x_wconf 54' lang='grc' dir='ltr'>περίΧρι-</span> 
     </span>
    </p>
   </div>
   <div class='ocr_carea' id='block_1_73' title="bbox 218 4290 1784 4378">
    <p class='ocr_par' dir='ltr' id='par_1_73' title="bbox 218 4290 1784 4378">
     <span class='ocr_line' id='line_1_73' title="bbox 218 4290 1784 4378; baseline 0.011 -33"><span class='ocrx_word' id='word_1_521' title='bbox 218 4290 331 4347; x_wconf 78' lang='grc' dir='ltr'>σῖοῦ</span> <span class='ocrx_word' id='word_1_522' title='bbox 373 4294 473 4348; x_wconf 88' lang='grc' dir='ltr'><strong>τοῦ</strong></span> <span class='ocrx_word' id='word_1_523' title='bbox 517 4293 661 4349; x_wconf 86' lang='grc' dir='ltr'>Θεοῦ</span> <span class='ocrx_word' id='word_1_524' title='bbox 698 4294 881 4363; x_wconf 82' lang='grc' dir='ltr'>Λόγου</span> <span class='ocrx_word' id='word_1_525' title='bbox 905 4294 1142 4368; x_wconf 79' lang='grc' dir='ltr'>λέγομεν</span> <span class='ocrx_word' id='word_1_526' title='bbox 1174 4316 1190 4332; x_wconf 66' lang='grc' dir='ltr'><strong>θ</strong></span> <span class='ocrx_word' id='word_1_527' title='bbox 1226 4302 1321 4354; x_wconf 72' lang='grc' dir='ltr'><strong>καὶ</strong></span> <span class='ocrx_word' id='word_1_528' title='bbox 1348 4302 1535 4369; x_wconf 86' lang='grc' dir='ltr'>καθὼς</span> <span class='ocrx_word' id='word_1_529' title='bbox 1573 4306 1784 4378; x_wconf 75' lang='grc' dir='ltr'>ἥνωται</span> 
     </span>
    </p>
   </div>
   <div class='ocr_carea' id='block_1_74' title="bbox 217 4384 1787 4471">
    <p class='ocr_par' dir='ltr' id='par_1_74' title="bbox 217 4384 1787 4471">
     <span class='ocr_line' id='line_1_74' title="bbox 217 4384 1787 4471; baseline 0.008 -31"><span class='ocrx_word' id='word_1_530' title='bbox 217 4384 244 4456; x_wconf 74' lang='grc' dir='ltr'>ἡ</span> <span class='ocrx_word' id='word_1_531' title='bbox 283 4388 426 4459; x_wconf 75' lang='grc' dir='ltr'>ψυχὴ</span> <span class='ocrx_word' id='word_1_532' title='bbox 479 4386 560 4458; x_wconf 85' lang='grc' dir='ltr'>τῷ</span> <span class='ocrx_word' id='word_1_533' title='bbox 592 4385 835 4459; x_wconf 88' lang='grc' dir='ltr'>σώματι,</span> <span class='ocrx_word' id='word_1_534' title='bbox 876 4391 974 4444; x_wconf 75' lang='grc' dir='ltr'><strong>καὶ</strong></span> <span class='ocrx_word' id='word_1_535' title='bbox 1000 4391 1103 4445; x_wconf 80' lang='grc' dir='ltr'><strong>οὐκ</strong></span> <span class='ocrx_word' id='word_1_536' title='bbox 1138 4392 1405 4449; x_wconf 81' lang='grc' dir='ltr'>ἀπόλλυσι</span> <span class='ocrx_word' id='word_1_537' title='bbox 1448 4394 1549 4467; x_wconf 79' lang='grc' dir='ltr'>τὴν</span> <span class='ocrx_word' id='word_1_538' title='bbox 1585 4399 1787 4471; x_wconf 77' lang='grc' dir='ltr'>ἑαυτῆς</span> 
     </span>
    </p>
   </div>
   <div class='ocr_carea' id='block_1_75' title="bbox 218 4478 1781 4562">
    <p class='ocr_par' dir='ltr' id='par_1_75' title="bbox 218 4478 1781 4562">
     <span class='ocr_line' id='line_1_75' title="bbox 218 4478 1781 4562; baseline 0.01 -31"><span class='ocrx_word' id='word_1_539' title='bbox 218 4478 385 4547; x_wconf 79' lang='grc' dir='ltr'>φύσιν,</span> <span class='ocrx_word' id='word_1_540' title='bbox 445 4479 598 4534; x_wconf 77' lang='grc' dir='ltr'>οὕτω</span> <span class='ocrx_word' id='word_1_541' title='bbox 654 4480 919 4553; x_wconf 76' lang='grc' dir='ltr'>καὶπερὶ</span> <span class='ocrx_word' id='word_1_542' title='bbox 975 4483 1215 4554; x_wconf 85' lang='grc' dir='ltr'>Χριστοῦ</span> <span class='ocrx_word' id='word_1_543' title='bbox 1270 4488 1368 4543; x_wconf 88' lang='grc' dir='ltr'><strong>τοῦ</strong></span> <span class='ocrx_word' id='word_1_544' title='bbox 1409 4488 1551 4543; x_wconf 85' lang='grc' dir='ltr'>Θεοῦ</span> <span class='ocrx_word' id='word_1_545' title='bbox 1603 4492 1781 4562; x_wconf 87' lang='grc' dir='ltr'>Λόγου</span> 
     </span>
    </p>
   </div>
   <div class='ocr_carea' id='block_1_76' title="bbox 218 4568 1860 4658">
    <p class='ocr_par' dir='ltr' id='par_1_76' title="bbox 218 4568 1860 4658">
     <span class='ocr_line' id='line_1_76' title="bbox 218 4568 1860 4658; baseline 0.012 -34"><span class='ocrx_word' id='word_1_546' title='bbox 218 4568 456 4644; x_wconf 77' lang='grc' dir='ltr'>λέγομεν,</span> <span class='ocrx_word' id='word_1_547' title='bbox 495 4572 627 4627; x_wconf 75' lang='grc' dir='ltr'>οὔτε</span> <span class='ocrx_word' id='word_1_548' title='bbox 657 4575 691 4647; x_wconf 79' lang='grc' dir='ltr'><strong>ἠ</strong></span> <span class='ocrx_word' id='word_1_549' title='bbox 719 4574 916 4647; x_wconf 89' lang='grc' dir='ltr'>θεότης</span> <span class='ocrx_word' id='word_1_550' title='bbox 954 4579 1269 4650; x_wconf 68' lang='grc' dir='ltr'>μετηλλάγη</span> <span class='ocrx_word' id='word_1_551' title='bbox 1295 4624 1309 4649; x_wconf 94' lang='grc'><strong>,</strong></span> <span class='ocrx_word' id='word_1_552' title='bbox 1340 4579 1466 4638; x_wconf 73' lang='grc' dir='ltr'>οὔτε</span> <span class='ocrx_word' id='word_1_553' title='bbox 1500 4585 1565 4639; x_wconf 83' lang='grc' dir='ltr'>τὸ</span> <span class='ocrx_word' id='word_1_554' title='bbox 1599 4588 1781 4658; x_wconf 84' lang='grc' dir='ltr'>σῶμα.</span> <span class='ocrx_word' id='word_1_555' title='bbox 1816 4569 1860 4623; x_wconf 77' lang='lat' dir='ltr'><strong>D</strong></span> 
     </span>
    </p>
   </div>
   <div class='ocr_carea' id='block_1_77' title="bbox 276 4661 1792 4742">
    <p class='ocr_par' dir='ltr' id='par_1_77' title="bbox 276 4661 1792 4742">
     <span class='ocr_line' id='line_1_77' title="bbox 276 4661 1792 4742; baseline 0.009 -27"><span class='ocrx_word' id='word_1_556' title='bbox 276 4661 461 4725; x_wconf 74' lang='grc' dir='ltr'>Οὕτως</span> <span class='ocrx_word' id='word_1_557' title='bbox 500 4662 884 4734; x_wconf 84' lang='grc' dir='ltr'>ὁμολογοῦμεν</span> <span class='ocrx_word' id='word_1_558' title='bbox 909 4665 1001 4718; x_wconf 79' lang='grc' dir='ltr'>τὸν</span> <span class='ocrx_word' id='word_1_559' title='bbox 1032 4665 1128 4720; x_wconf 71' lang='grc' dir='ltr'>ἕνα</span> <span class='ocrx_word' id='word_1_560' title='bbox 1157 4669 1400 4739; x_wconf 79' lang='grc' dir='ltr'>Χριστὸν</span> <span class='ocrx_word' id='word_1_561' title='bbox 1454 4672 1589 4742; x_wconf 87' lang='grc' dir='ltr'>μίαν</span> <span class='ocrx_word' id='word_1_562' title='bbox 1654 4676 1792 4729; x_wconf 78' lang='grc' dir='ltr'>ὑπό-</span> 
     </span>
    </p>
   </div>
   <div class='ocr_carea' id='block_1_78' title="bbox 224 4756 1821 4837">
    <p class='ocr_par' dir='ltr' id='par_1_78' title="bbox 224 4756 1821 4837">
     <span class='ocr_line' id='line_1_78' title="bbox 224 4756 1821 4837; baseline 0.012 -31"><span class='ocrx_word' id='word_1_563' title='bbox 224 4768 416 4823; x_wconf 80' lang='grc' dir='ltr'>στασιν,</span> <span class='ocrx_word' id='word_1_564' title='bbox 448 4756 553 4810; x_wconf 77' lang='grc' dir='ltr'><strong>καὶ</strong></span> <span class='ocrx_word' id='word_1_565' title='bbox 584 4757 719 4826; x_wconf 85' lang='grc' dir='ltr'>μίαν</span> <span class='ocrx_word' id='word_1_566' title='bbox 741 4757 929 4827; x_wconf 78' lang='grc' dir='ltr'>φύσιν,</span> <span class='ocrx_word' id='word_1_567' title='bbox 964 4758 1100 4813; x_wconf 76' lang='grc' dir='ltr'><strong>Θεὸν</strong></span> <span class='ocrx_word' id='word_1_568' title='bbox 1123 4762 1351 4831; x_wconf 84' lang='grc' dir='ltr'>τέλειον,</span> <span class='ocrx_word' id='word_1_569' title='bbox 1381 4767 1474 4819; x_wconf 75' lang='grc' dir='ltr'><strong>καὶ</strong></span> <span class='ocrx_word' id='word_1_570' title='bbox 1495 4767 1787 4837; x_wconf 77' lang='grc' dir='ltr'>ἄνθρωπον</span> <span class='ocrx_word' id='word_1_571' title='bbox 1813 4824 1821 4830; x_wconf 81' lang='lat'><em>_</em></span> 
     </span>
    </p>
   </div>
   <div class='ocr_carea' id='block_1_79' title="bbox 217 4848 1788 4934">
    <p class='ocr_par' dir='ltr' id='par_1_79' title="bbox 217 4848 1788 4934">
     <span class='ocr_line' id='line_1_79' title="bbox 217 4848 1788 4934; baseline 0.011 -35"><span class='ocrx_word' id='word_1_572' title='bbox 217 4848 425 4915; x_wconf 76' lang='grc' dir='ltr'>τέλειον,</span> <span class='ocrx_word' id='word_1_573' title='bbox 477 4849 508 4904; x_wconf 80' lang='grc' dir='ltr'><strong>ὃ</strong></span> <span class='ocrx_word' id='word_1_574' title='bbox 559 4850 657 4904; x_wconf 71' lang='grc' dir='ltr'><strong>καὶ</strong></span> <span class='ocrx_word' id='word_1_575' title='bbox 704 4850 865 4919; x_wconf 78' lang='grc' dir='ltr'>ὑμεῖς</span> <span class='ocrx_word' id='word_1_576' title='bbox 915 4854 1122 4921; x_wconf 81' lang='grc' dir='ltr'>οίδατε,</span> <span class='ocrx_word' id='word_1_577' title='bbox 1156 4857 1241 4910; x_wconf 84' lang='grc' dir='ltr'><strong>δτι</strong></span> <span class='ocrx_word' id='word_1_578' title='bbox 1287 4858 1345 4911; x_wconf 79' lang='lat' dir='ltr'><strong>ai</strong></span> <span class='ocrx_word' id='word_1_579' title='bbox 1380 4858 1523 4915; x_wconf 83' lang='grc' dir='ltr'>θεῖαι</span> <span class='ocrx_word' id='word_1_580' title='bbox 1568 4861 1788 4934; x_wconf 69' lang='grc' dir='ltr'>Γραφαὶ</span> 
     </span>
    </p>
   </div>
   <div class='ocr_carea' id='block_1_80' title="bbox 217 4937 1791 5023">
    <p class='ocr_par' dir='ltr' id='par_1_80' title="bbox 217 4937 1791 5023">
     <span class='ocr_line' id='line_1_80' title="bbox 217 4937 1791 5023; baseline 0.01 -30"><span class='ocrx_word' id='word_1_581' title='bbox 217 4937 306 4995; x_wconf 69' lang='grc' dir='ltr'>ἕνα</span> <span class='ocrx_word' id='word_1_582' title='bbox 346 4941 583 5013; x_wconf 80' lang='grc' dir='ltr'>Κύριον,</span> <span class='ocrx_word' id='word_1_583' title='bbox 625 4944 725 4999; x_wconf 72' lang='grc' dir='ltr'>ἕνα</span> <span class='ocrx_word' id='word_1_584' title='bbox 758 4945 1001 5015; x_wconf 81' lang='grc' dir='ltr'>Χριστὸν</span> <span class='ocrx_word' id='word_1_585' title='bbox 1051 4948 1300 5015; x_wconf 71' lang='grc' dir='ltr'>ἐδίδαξαν</span> <span class='ocrx_word' id='word_1_586' title='bbox 1340 4952 1569 5023; x_wconf 63' lang='grc' dir='ltr'>ὦμνεϊν,</span> <span class='ocrx_word' id='word_1_587' title='bbox 1600 4957 1651 5008; x_wconf 86' lang='grc' dir='ltr'><strong>εί</strong></span> <span class='ocrx_word' id='word_1_588' title='bbox 1693 4955 1791 5010; x_wconf 76' lang='grc' dir='ltr'><strong>καὶ</strong></span> 
     </span>
    </p>
   </div>
   <div class='ocr_carea' id='block_1_81' title="bbox 215 5032 1791 5114">
    <p class='ocr_par' dir='ltr' id='par_1_81' title="bbox 215 5032 1791 5114">
     <span class='ocr_line' id='line_1_81' title="bbox 215 5032 1791 5114; baseline 0.011 -29"><span class='ocrx_word' id='word_1_589' title='bbox 215 5032 277 5088; x_wconf 68' lang='grc' dir='ltr'>ιιι</span> <span class='ocrx_word' id='word_1_590' title='bbox 322 5035 466 5090; x_wconf 79' lang='grc' dir='ltr'>δυσίν</span> <span class='ocrx_word' id='word_1_591' title='bbox 513 5036 681 5094; x_wconf 75' lang='grc' dir='ltr'>αὐτὸν</span> <span class='ocrx_word' id='word_1_592' title='bbox 713 5039 1019 5107; x_wconf 69' lang='grc' dir='ltr'>ἐγίνωσκον</span> <span class='ocrx_word' id='word_1_593' title='bbox 1045 5059 1061 5074; x_wconf 78' lang='grc' dir='ltr'><strong>ο</strong></span> <span class='ocrx_word' id='word_1_594' title='bbox 1114 5043 1231 5098; x_wconf 82' lang='grc' dir='ltr'>ἀλλ’</span> <span class='ocrx_word' id='word_1_595' title='bbox 1271 5044 1459 5100; x_wconf 79' lang='grc' dir='ltr'>οὐκέτι</span> <span class='ocrx_word' id='word_1_596' title='bbox 1506 5048 1671 5101; x_wconf 68' lang='grc' dir='ltr'>αὐτὸν</span> <span class='ocrx_word' id='word_1_597' title='bbox 1709 5050 1791 5114; x_wconf 79' lang='grc' dir='ltr'><strong>εἰς</strong></span> 
     </span>
    </p>
   </div>
   <div class='ocr_carea' id='block_1_82' title="bbox 217 5122 1787 5205">
    <p class='ocr_par' dir='ltr' id='par_1_82' title="bbox 217 5122 1787 5205">
     <span class='ocr_line' id='line_1_82' title="bbox 217 5122 1787 5205; baseline 0.011 -27"><span class='ocrx_word' id='word_1_598' title='bbox 217 5122 305 5181; x_wconf 79' lang='grc' dir='ltr'>δύο</span> <span class='ocrx_word' id='word_1_599' title='bbox 339 5131 617 5202; x_wconf 82' lang='grc' dir='ltr'>πρόσωπα</span> <span class='ocrx_word' id='word_1_600' title='bbox 649 5132 994 5203; x_wconf 80' lang='grc' dir='ltr'>μερίζουσιν,</span> <span class='ocrx_word' id='word_1_601' title='bbox 1029 5135 1062 5205; x_wconf 75' lang='grc' dir='ltr'>ἦ</span> <span class='ocrx_word' id='word_1_602' title='bbox 1093 5137 1177 5201; x_wconf 84' lang='grc' dir='ltr'><strong>είς</strong></span> <span class='ocrx_word' id='word_1_603' title='bbox 1204 5137 1300 5192; x_wconf 81' lang='grc' dir='ltr'>δύο</span> <span class='ocrx_word' id='word_1_604' title='bbox 1334 5139 1669 5204; x_wconf 81' lang='grc' dir='ltr'>ὑποστάσεις</span> <span class='ocrx_word' id='word_1_605' title='bbox 1695 5141 1787 5196; x_wconf 65' lang='grc' dir='ltr'>τὴν</span> 
     </span>
    </p>
   </div>
   <div class='ocr_carea' id='block_1_83' title="bbox 216 5220 1789 5304">
    <p class='ocr_par' dir='ltr' id='par_1_83' title="bbox 216 5220 1789 5304">
     <span class='ocr_line' id='line_1_83' title="bbox 216 5220 1789 5304; baseline 0.013 -31"><span class='ocrx_word' id='word_1_606' title='bbox 216 5220 380 5289; x_wconf 81' lang='grc' dir='ltr'>Λόγον</span> <span class='ocrx_word' id='word_1_607' title='bbox 407 5227 505 5279; x_wconf 79' lang='grc' dir='ltr'>τὸν</span> <span class='ocrx_word' id='word_1_608' title='bbox 543 5225 839 5297; x_wconf 83' lang='grc' dir='ltr'>γενόμενον</span> <span class='ocrx_word' id='word_1_609' title='bbox 899 5228 1226 5302; x_wconf 76' lang='grc' dir='ltr'>ἀδιάϐλητον</span> <span class='ocrx_word' id='word_1_610' title='bbox 1284 5232 1595 5304; x_wconf 76' lang='grc' dir='ltr'>ἄνθρωπον,</span> <span class='ocrx_word' id='word_1_611' title='bbox 1646 5239 1789 5295; x_wconf 84' lang='grc' dir='ltr'><strong>καθά</strong></span> 
     </span>
    </p>
   </div>
   <div class='ocr_carea' id='block_1_84' title="bbox 217 5318 1790 5399">
    <p class='ocr_par' dir='ltr' id='par_1_84' title="bbox 217 5318 1790 5399">
     <span class='ocr_line' id='line_1_84' title="bbox 217 5318 1790 5399; baseline 0.014 -36"><span class='ocrx_word' id='word_1_612' title='bbox 217 5327 373 5383; x_wconf 78' lang='grc' dir='ltr'>φησιν</span> <span class='ocrx_word' id='word_1_613' title='bbox 431 5318 461 5371; x_wconf 83' lang='grc' dir='ltr'><strong>ό</strong></span> <span class='ocrx_word' id='word_1_614' title='bbox 520 5318 826 5381; x_wconf 83' lang='grc' dir='ltr'>ἀπόστολος</span> <span class='ocrx_word' id='word_1_615' title='bbox 854 5320 1135 5393; x_wconf 75' lang='grc' dir='ltr'>Ἰωάννης,</span> <span class='ocrx_word' id='word_1_616' title='bbox 1173 5324 1258 5379; x_wconf 80' lang='grc' dir='ltr'>ὅτι</span> <span class='ocrx_word' id='word_1_617' title='bbox 1296 5325 1350 5379; x_wconf 89' lang='lat'><strong>&#39;0</strong></span> <span class='ocrx_word' id='word_1_618' title='bbox 1392 5328 1589 5397; x_wconf 74' lang='grc' dir='ltr'>Λόγος</span> <span class='ocrx_word' id='word_1_619' title='bbox 1632 5330 1790 5399; x_wconf 80' lang='grc' dir='ltr'>σὰρξ</span> 
     </span>
    </p>
   </div>
   <div class='ocr_carea' id='block_1_85' title="bbox 215 5404 1790 5485">
    <p class='ocr_par' dir='ltr' id='par_1_85' title="bbox 215 5404 1790 5485">
     <span class='ocr_line' id='line_1_85' title="bbox 215 5404 1790 5485; baseline 0.014 -29"><span class='ocrx_word' id='word_1_620' title='bbox 215 5404 466 5475; x_wconf 75' lang='grc' dir='ltr'>ἐγένετο,</span> <span class='ocrx_word' id='word_1_621' title='bbox 519 5410 618 5464; x_wconf 76' lang='grc' dir='ltr'>καί</span> <span class='ocrx_word' id='word_1_622' title='bbox 663 5409 1028 5478; x_wconf 79' lang='grc' dir='ltr'>ἐσκήνωσεν</span> <span class='ocrx_word' id='word_1_623' title='bbox 1083 5415 1156 5469; x_wconf 78' lang='grc' dir='ltr'>ἐν</span> <span class='ocrx_word' id='word_1_624' title='bbox 1192 5415 1360 5485; x_wconf 76' lang='grc' dir='ltr'>ἡμῖν,</span> <span class='ocrx_word' id='word_1_625' title='bbox 1404 5422 1504 5473; x_wconf 79' lang='grc' dir='ltr'><strong>καὶ</strong></span> <span class='ocrx_word' id='word_1_626' title='bbox 1537 5420 1790 5477; x_wconf 77' lang='grc' dir='ltr'>ἐθεασά-</span> 
     </span>
    </p>
   </div>
   <div class='ocr_carea' id='block_1_86' title="bbox 217 5500 1791 5584">
    <p class='ocr_par' dir='ltr' id='par_1_86' title="bbox 217 5500 1791 5584">
     <span class='ocr_line' id='line_1_86' title="bbox 217 5500 1791 5584; baseline 0.011 -32"><span class='ocrx_word' id='word_1_627' title='bbox 217 5503 358 5566; x_wconf 79' lang='grc' dir='ltr'>μεθα</span> <span class='ocrx_word' id='word_1_628' title='bbox 393 5500 516 5570; x_wconf 78' lang='grc' dir='ltr'>τὴν</span> <span class='ocrx_word' id='word_1_629' title='bbox 549 5502 742 5568; x_wconf 76' lang='grc' dir='ltr'>δόξαν</span> <span class='ocrx_word' id='word_1_630' title='bbox 785 5506 995 5574; x_wconf 81' lang='grc' dir='ltr'>αὐτοῦ,</span> <span class='ocrx_word' id='word_1_631' title='bbox 1043 5506 1237 5572; x_wconf 78' lang='grc' dir='ltr'>δόξαν</span> <span class='ocrx_word' id='word_1_632' title='bbox 1270 5509 1359 5575; x_wconf 79' lang='grc' dir='ltr'><strong>,ὡς</strong></span> <span class='ocrx_word' id='word_1_633' title='bbox 1407 5512 1791 5584; x_wconf 64' lang='lat' dir='ltr'><strong>Moverer-eiic-</strong></span> 
     </span>
    </p>
   </div>
   <div class='ocr_carea' id='block_1_87' title="bbox 223 5592 1788 5675">
    <p class='ocr_par' dir='ltr' id='par_1_87' title="bbox 223 5592 1788 5675">
     <span class='ocr_line' id='line_1_87' title="bbox 223 5592 1788 5675; baseline 0.015 -35"><span class='ocrx_word' id='word_1_634' title='bbox 223 5592 371 5658; x_wconf 73' lang='grc' dir='ltr'>παρὰ</span> <span class='ocrx_word' id='word_1_635' title='bbox 402 5594 636 5662; x_wconf 79' lang='grc' dir='ltr'>Πατρός</span> <span class='ocrx_word' id='word_1_636' title='bbox 661 5611 677 5627; x_wconf 75' lang='grc' dir='ltr'><strong>ο</strong></span> <span class='ocrx_word' id='word_1_637' title='bbox 709 5594 741 5649; x_wconf 83' lang='grc' dir='ltr'><strong>δ</strong></span> <span class='ocrx_word' id='word_1_638' title='bbox 782 5599 879 5652; x_wconf 73' lang='grc' dir='ltr'><strong>καὶ</strong></span> <span class='ocrx_word' id='word_1_639' title='bbox 918 5597 1090 5653; x_wconf 82' lang='grc' dir='ltr'>πάλαι</span> <span class='ocrx_word' id='word_1_640' title='bbox 1131 5601 1160 5654; x_wconf 84' lang='grc' dir='ltr'><strong>ὁ</strong></span> <span class='ocrx_word' id='word_1_641' title='bbox 1209 5599 1375 5665; x_wconf 70' lang='grc' dir='ltr'>αὐτὸς</span> <span class='ocrx_word' id='word_1_642' title='bbox 1429 5600 1647 5675; x_wconf 82' lang='grc' dir='ltr'>Κύριος</span> <span class='ocrx_word' id='word_1_643' title='bbox 1692 5609 1788 5664; x_wconf 75' lang='grc' dir='ltr'><strong>καὶ</strong></span> 
     </span>
    </p>
   </div>
   <div class='ocr_carea' id='block_1_88' title="bbox 284 5709 726 5781">
    <p class='ocr_par' dir='ltr' id='par_1_88' title="bbox 284 5709 726 5781">
     <span class='ocr_line' id='line_1_88' title="bbox 284 5709 726 5781; baseline 0.009 -15"><span class='ocrx_word' id='word_1_644' title='bbox 284 5710 328 5743; x_wconf 80' lang='grc'><strong>’⁸</strong></span> <span class='ocrx_word' id='word_1_645' title='bbox 367 5709 528 5769; x_wconf 87' lang='lat' dir='ltr'><strong>Joan.</strong></span> <span class='ocrx_word' id='word_1_646' title='bbox 558 5730 603 5781; x_wconf 85' lang='grc' dir='ltr'><strong>ι,</strong></span> <span class='ocrx_word' id='word_1_647' title='bbox 636 5714 726 5771; x_wconf 76' lang='grc'><strong>14.</strong></span> 
     </span>
    </p>
   </div>
   <div class='ocr_carea' id='block_1_89' title="bbox 285 5802 1760 5880">
    <p class='ocr_par' dir='ltr' id='par_1_89' title="bbox 285 5802 1760 5880">
     <span class='ocr_line' id='line_1_89' title="bbox 285 5802 1760 5880; baseline 0.009 -20"><span class='ocrx_word' id='word_1_648' title='bbox 285 5806 392 5880; x_wconf 56' lang='grc' dir='ltr'><strong>(ξι)</strong></span> <span class='ocrx_word' id='word_1_649' title='bbox 434 5806 711 5865; x_wconf 83' lang='lat' dir='ltr'><strong>Consonat</strong></span> <span class='ocrx_word' id='word_1_650' title='bbox 751 5802 871 5865; x_wconf 65' lang='lat' dir='ltr'><strong>Haec</strong></span> <span class='ocrx_word' id='word_1_651' title='bbox 940 5805 1062 5880; x_wconf 82' lang='lat' dir='ltr'><strong>Syri</strong></span> <span class='ocrx_word' id='word_1_652' title='bbox 1128 5810 1415 5869; x_wconf 87' lang='lat' dir='ltr'><strong>allirmatio</strong></span> <span class='ocrx_word' id='word_1_653' title='bbox 1482 5829 1604 5868; x_wconf 89' lang='lat' dir='ltr'><strong>cum</strong></span> <span class='ocrx_word' id='word_1_654' title='bbox 1671 5818 1760 5873; x_wconf 86' lang='lat' dir='ltr'><strong>illa</strong></span> 
     </span>
    </p>
   </div>
   <div class='ocr_carea' id='block_1_90' title="bbox 223 5870 1773 5958">
    <p class='ocr_par' dir='ltr' id='par_1_90' title="bbox 223 5870 1773 5958">
     <span class='ocr_line' id='line_1_90' title="bbox 223 5870 1773 5958; baseline 0.011 -29"><span class='ocrx_word' id='word_1_655' title='bbox 223 5870 523 5949; x_wconf 64' lang='grc' dir='ltr'>ἀχώριστον</span> <span class='ocrx_word' id='word_1_656' title='bbox 561 5880 937 5952; x_wconf 70' lang='lat' dir='ltr'><strong>inseparabile,</strong></span> <span class='ocrx_word' id='word_1_657' title='bbox 966 5870 1069 5953; x_wconf 71' lang='lat' dir='ltr'><strong>pro</strong></span> <span class='ocrx_word' id='word_1_658' title='bbox 1112 5882 1410 5958; x_wconf 69' lang='grc' dir='ltr'>ἀμέριστον</span> <span class='ocrx_word' id='word_1_659' title='bbox 1435 5870 1773 5947; x_wconf 65' lang='grc' dir='ltr'>ίιιάίυὶιίόἱίέ.</span> 
     </span>
    </p>
   </div>
   <div class='ocr_carea' id='block_1_91' title="bbox 1886 3279 3523 3360">
    <p class='ocr_par' dir='ltr' id='par_1_91' title="bbox 1886 3279 3523 3360">
     <span class='ocr_line' id='line_1_91' title="bbox 1886 3279 3523 3360; baseline -0.008 -13"><span class='ocrx_word' id='word_1_660' title='bbox 1886 3290 2154 3347; x_wconf 74' lang='lat' dir='ltr'><strong>Gabrieiis</strong></span> <span class='ocrx_word' id='word_1_661' title='bbox 2195 3288 2508 3360; x_wconf 82' lang='lat' dir='ltr'><strong>archangeli</strong></span> <span class='ocrx_word' id='word_1_662' title='bbox 2563 3286 2957 3344; x_wconf 87' lang='lat' dir='ltr'><strong>testimonium.</strong></span> <span class='ocrx_word' id='word_1_663' title='bbox 3018 3283 3150 3337; x_wconf 85' lang='lat' dir='ltr'><strong>Nam</strong></span> <span class='ocrx_word' id='word_1_664' title='bbox 3201 3282 3475 3351; x_wconf 85' lang='lat' dir='ltr'><strong>quomodo</strong></span> <span class='ocrx_word' id='word_1_665' title='bbox 3521 3279 3523 3281; x_wconf 73' lang='grc'><strong>’</strong></span> 
     </span>
    </p>
   </div>
   <div class='ocr_carea' id='block_1_92' title="bbox 1885 3376 3475 3455">
    <p class='ocr_par' dir='ltr' id='par_1_92' title="bbox 1885 3376 3475 3455">
     <span class='ocr_line' id='line_1_92' title="bbox 1885 3376 3475 3455; baseline -0.008 -16"><span class='ocrx_word' id='word_1_666' title='bbox 1885 3387 2039 3455; x_wconf 83' lang='lat' dir='ltr'><strong>virgo</strong></span> <span class='ocrx_word' id='word_1_667' title='bbox 2065 3384 2378 3453; x_wconf 88' lang='lat' dir='ltr'><strong>conceperit</strong></span> <span class='ocrx_word' id='word_1_668' title='bbox 2421 3398 2487 3437; x_wconf 85' lang='lat' dir='ltr'><strong>ac</strong></span> <span class='ocrx_word' id='word_1_669' title='bbox 2521 3381 2793 3452; x_wconf 86' lang='lat' dir='ltr'><strong>pepererit</strong></span> <span class='ocrx_word' id='word_1_670' title='bbox 2840 3378 3109 3448; x_wconf 76' lang='lat' dir='ltr'><strong>simulque</strong></span> <span class='ocrx_word' id='word_1_671' title='bbox 3158 3376 3308 3441; x_wconf 81' lang='lat' dir='ltr'><strong>virgo</strong></span> <span class='ocrx_word' id='word_1_672' title='bbox 3349 3388 3475 3443; x_wconf 85' lang='lat' dir='ltr'><strong>per-</strong></span> 
     </span>
    </p>
   </div>
   <div class='ocr_carea' id='block_1_93' title="bbox 1887 3472 3478 3541">
    <p class='ocr_par' dir='ltr' id='par_1_93' title="bbox 1887 3472 3478 3541">
     <span class='ocr_line' id='line_1_93' title="bbox 1887 3472 3478 3541; baseline -0.008 -7"><span class='ocrx_word' id='word_1_673' title='bbox 1887 3478 2170 3540; x_wconf 87' lang='lat' dir='ltr'><strong>manserit,</strong></span> <span class='ocrx_word' id='word_1_674' title='bbox 2205 3490 2358 3532; x_wconf 88' lang='lat' dir='ltr'><strong>mens</strong></span> <span class='ocrx_word' id='word_1_675' title='bbox 2385 3477 2616 3530; x_wconf 85' lang='lat' dir='ltr'><strong>humana</strong></span> <span class='ocrx_word' id='word_1_676' title='bbox 2649 3472 2803 3529; x_wconf 71' lang='lat' dir='ltr'><strong>effari</strong></span> <span class='ocrx_word' id='word_1_677' title='bbox 2845 3488 2951 3527; x_wconf 85' lang='lat' dir='ltr'><strong>non</strong></span> <span class='ocrx_word' id='word_1_678' title='bbox 2989 3478 3183 3541; x_wconf 88' lang='lat' dir='ltr'><strong>potest,</strong></span> <span class='ocrx_word' id='word_1_679' title='bbox 3204 3479 3261 3524; x_wconf 85' lang='lat' dir='ltr'><strong>et</strong></span> <span class='ocrx_word' id='word_1_680' title='bbox 3295 3477 3478 3523; x_wconf 78' lang='lat' dir='ltr'><strong>tamen</strong></span> 
     </span>
    </p>
   </div>
   <div class='ocr_carea' id='block_1_94' title="bbox 1887 3565 3478 3634">
    <p class='ocr_par' dir='ltr' id='par_1_94' title="bbox 1887 3565 3478 3634">
     <span class='ocr_line' id='line_1_94' title="bbox 1887 3565 3478 3634; baseline -0.009 -7"><span class='ocrx_word' id='word_1_681' title='bbox 1887 3570 2147 3627; x_wconf 85' lang='lat' dir='ltr'><strong>divinitus</strong></span> <span class='ocrx_word' id='word_1_682' title='bbox 2173 3568 2374 3625; x_wconf 85' lang='lat' dir='ltr'><strong>iactum</strong></span> <span class='ocrx_word' id='word_1_683' title='bbox 2401 3577 2503 3623; x_wconf 90' lang='lat' dir='ltr'><strong>est.</strong></span> <span class='ocrx_word' id='word_1_684' title='bbox 2528 3565 2605 3621; x_wconf 85' lang='lat' dir='ltr'><strong>ita</strong></span> <span class='ocrx_word' id='word_1_685' title='bbox 2633 3575 2857 3620; x_wconf 86' lang='lat' dir='ltr'><strong>naturas</strong></span> <span class='ocrx_word' id='word_1_686' title='bbox 2885 3578 3101 3634; x_wconf 87' lang='lat' dir='ltr'><strong>quoque</strong></span> <span class='ocrx_word' id='word_1_687' title='bbox 3125 3569 3478 3617; x_wconf 80' lang='lat' dir='ltr'><strong>conservatas</strong></span> 
     </span>
    </p>
   </div>
   <div class='ocr_carea' id='block_1_95' title="bbox 1886 3649 3475 3733">
    <p class='ocr_par' dir='ltr' id='par_1_95' title="bbox 1886 3649 3475 3733">
     <span class='ocr_line' id='line_1_95' title="bbox 1886 3649 3475 3733; baseline -0.01 -15"><span class='ocrx_word' id='word_1_688' title='bbox 1886 3669 2133 3733; x_wconf 83' lang='lat' dir='ltr'><strong>apparet,</strong></span> <span class='ocrx_word' id='word_1_689' title='bbox 2169 3660 2412 3715; x_wconf 86' lang='lat' dir='ltr'><strong>creditur</strong></span> <span class='ocrx_word' id='word_1_690' title='bbox 2457 3670 2637 3714; x_wconf 87' lang='lat' dir='ltr'><strong>autem</strong></span> <span class='ocrx_word' id='word_1_691' title='bbox 2670 3670 2774 3711; x_wconf 89' lang='lat' dir='ltr'><strong>una</strong></span> <span class='ocrx_word' id='word_1_692' title='bbox 2807 3665 3027 3726; x_wconf 89' lang='lat' dir='ltr'><strong>propter</strong></span> <span class='ocrx_word' id='word_1_693' title='bbox 3076 3649 3475 3708; x_wconf 81' lang='lat' dir='ltr'><strong>indivisihiiita-</strong></span> 
     </span>
    </p>
   </div>
   <div class='ocr_carea' id='block_1_96' title="bbox 1890 3740 3482 3823">
    <p class='ocr_par' dir='ltr' id='par_1_96' title="bbox 1890 3740 3482 3823">
     <span class='ocr_line' id='line_1_96' title="bbox 1890 3740 3482 3823; baseline -0.012 -10"><span class='ocrx_word' id='word_1_694' title='bbox 1890 3767 2015 3812; x_wconf 91' lang='lat' dir='ltr'><strong>tem.</strong></span> <span class='ocrx_word' id='word_1_695' title='bbox 2042 3753 2208 3823; x_wconf 86' lang='lat' dir='ltr'><strong>idque</strong></span> <span class='ocrx_word' id='word_1_696' title='bbox 2226 3753 2447 3807; x_wconf 85' lang='lat' dir='ltr'><strong>credere</strong></span> <span class='ocrx_word' id='word_1_697' title='bbox 2477 3758 2764 3822; x_wconf 82' lang='lat' dir='ltr'><strong>possumus</strong></span> <span class='ocrx_word' id='word_1_698' title='bbox 2792 3746 3053 3802; x_wconf 87' lang='lat' dir='ltr'><strong>naturalis</strong></span> <span class='ocrx_word' id='word_1_699' title='bbox 3074 3757 3294 3815; x_wconf 86' lang='lat' dir='ltr'><strong>quoque</strong></span> <span class='ocrx_word' id='word_1_700' title='bbox 3312 3740 3482 3796; x_wconf 86' lang='lat' dir='ltr'><strong>ratio-</strong></span> 
     </span>
    </p>
   </div>
   <div class='ocr_carea' id='block_1_97' title="bbox 1888 3833 3477 3912">
    <p class='ocr_par' dir='ltr' id='par_1_97' title="bbox 1888 3833 3477 3912">
     <span class='ocr_line' id='line_1_97' title="bbox 1888 3833 3477 3912; baseline -0.01 -7"><span class='ocrx_word' id='word_1_701' title='bbox 1888 3849 2016 3905; x_wconf 89' lang='lat' dir='ltr'><strong>einii</strong></span> <span class='ocrx_word' id='word_1_702' title='bbox 2080 3848 2267 3903; x_wconf 88' lang='lat' dir='ltr'><strong>ductu.</strong></span> <span class='ocrx_word' id='word_1_703' title='bbox 2326 3845 2496 3902; x_wconf 85' lang='lat' dir='ltr'><strong>Plane</strong></span> <span class='ocrx_word' id='word_1_704' title='bbox 2547 3844 2692 3900; x_wconf 89' lang='lat' dir='ltr'><strong>enim</strong></span> <span class='ocrx_word' id='word_1_705' title='bbox 2749 3842 2796 3897; x_wconf 86' lang='lat' dir='ltr'><strong>si</strong></span> <span class='ocrx_word' id='word_1_706' title='bbox 2854 3841 2979 3912; x_wconf 86' lang='lat' dir='ltr'><strong>quis</strong></span> <span class='ocrx_word' id='word_1_707' title='bbox 3019 3853 3228 3894; x_wconf 89' lang='lat' dir='ltr'><strong>mecum</strong></span> <span class='ocrx_word' id='word_1_708' title='bbox 3281 3833 3477 3890; x_wconf 74' lang='lat' dir='ltr'><strong>divina:</strong></span> 
     </span>
    </p>
   </div>
   <div class='ocr_carea' id='block_1_98' title="bbox 1891 3931 3475 4010">
    <p class='ocr_par' dir='ltr' id='par_1_98' title="bbox 1891 3931 3475 4010">
     <span class='ocr_line' id='line_1_98' title="bbox 1891 3931 3475 4010; baseline -0.012 -13"><span class='ocrx_word' id='word_1_709' title='bbox 1891 3943 2190 4010; x_wconf 71' lang='lat' dir='ltr'><strong>Scriptum</strong></span> <span class='ocrx_word' id='word_1_710' title='bbox 2235 3936 2547 3995; x_wconf 88' lang='lat' dir='ltr'><strong>testimonia</strong></span> <span class='ocrx_word' id='word_1_711' title='bbox 2604 3935 2841 3991; x_wconf 86' lang='lat' dir='ltr'><strong>scrutari</strong></span> <span class='ocrx_word' id='word_1_712' title='bbox 2893 3932 3044 3997; x_wconf 81' lang='lat' dir='ltr'><strong>velit,</strong></span> <span class='ocrx_word' id='word_1_713' title='bbox 3101 3931 3475 3985; x_wconf 85' lang='lat' dir='ltr'><strong>demonstrare</strong></span> 
     </span>
    </p>
   </div>
   <div class='ocr_carea' id='block_1_99' title="bbox 1889 4018 3475 4105">
    <p class='ocr_par' dir='ltr' id='par_1_99' title="bbox 1889 4018 3475 4105">
     <span class='ocr_line' id='line_1_99' title="bbox 1889 4018 3475 4105; baseline -0.012 -13"><span class='ocrx_word' id='word_1_714' title='bbox 1889 4053 2003 4094; x_wconf 88' lang='lat' dir='ltr'><strong>rem</strong></span> <span class='ocrx_word' id='word_1_715' title='bbox 2050 4046 2107 4089; x_wconf 91' lang='lat' dir='ltr'><strong>ut</strong></span> <span class='ocrx_word' id='word_1_716' title='bbox 2152 4049 2310 4105; x_wconf 88' lang='lat' dir='ltr'><strong>spero</strong></span> <span class='ocrx_word' id='word_1_717' title='bbox 2352 4030 2536 4087; x_wconf 86' lang='lat' dir='ltr'><strong>licebit</strong></span> <span class='ocrx_word' id='word_1_718' title='bbox 2576 4027 2808 4083; x_wconf 87' lang='lat' dir='ltr'><strong>naturali</strong></span> <span class='ocrx_word' id='word_1_719' title='bbox 2862 4025 3301 4081; x_wconf 78' lang='lat' dir='ltr'><strong>ratiocinatione.</strong></span> <span class='ocrx_word' id='word_1_720' title='bbox 3338 4018 3475 4074; x_wconf 80' lang='lat' dir='ltr'><strong>Nam</strong></span> 
     </span>
    </p>
   </div>
   <div class='ocr_carea' id='block_1_100' title="bbox 1888 4115 3477 4194">
    <p class='ocr_par' dir='ltr' id='par_1_100' title="bbox 1888 4115 3477 4194">
     <span class='ocr_line' id='line_1_100' title="bbox 1888 4115 3477 4194; baseline -0.012 -10"><span class='ocrx_word' id='word_1_721' title='bbox 1888 4128 2047 4185; x_wconf 89' lang='lat' dir='ltr'><strong>sicuti</strong></span> <span class='ocrx_word' id='word_1_722' title='bbox 2084 4128 2263 4181; x_wconf 89' lang='lat' dir='ltr'><strong>anima</strong></span> <span class='ocrx_word' id='word_1_723' title='bbox 2292 4134 2346 4181; x_wconf 91' lang='lat' dir='ltr'><strong>et</strong></span> <span class='ocrx_word' id='word_1_724' title='bbox 2375 4140 2572 4194; x_wconf 83' lang='lat' dir='ltr'><strong>corpus</strong></span> <span class='ocrx_word' id='word_1_725' title='bbox 2598 4138 2763 4177; x_wconf 89' lang='lat' dir='ltr'><strong>unum</strong></span> <span class='ocrx_word' id='word_1_726' title='bbox 2813 4120 3087 4176; x_wconf 88' lang='lat' dir='ltr'><strong>hominem</strong></span> <span class='ocrx_word' id='word_1_727' title='bbox 3132 4115 3396 4176; x_wconf 77' lang='lat' dir='ltr'><strong>efﬁciunt,</strong></span> <span class='ocrx_word' id='word_1_728' title='bbox 3423 4122 3477 4167; x_wconf 91' lang='lat' dir='ltr'><strong>et</strong></span> 
     </span>
    </p>
   </div>
   <div class='ocr_carea' id='block_1_101' title="bbox 1888 4207 3478 4282">
    <p class='ocr_par' dir='ltr' id='par_1_101' title="bbox 1888 4207 3478 4282">
     <span class='ocr_line' id='line_1_101' title="bbox 1888 4207 3478 4282; baseline -0.013 -4"><span class='ocrx_word' id='word_1_729' title='bbox 1888 4236 2010 4278; x_wconf 88' lang='lat' dir='ltr'><strong>cum</strong></span> <span class='ocrx_word' id='word_1_730' title='bbox 2046 4221 2131 4275; x_wconf 73' lang='lat' dir='ltr'><strong>hae</strong></span> <span class='ocrx_word' id='word_1_731' title='bbox 2181 4220 2300 4273; x_wconf 66' lang='lat' dir='ltr'><strong>dua:</strong></span> <span class='ocrx_word' id='word_1_732' title='bbox 2335 4225 2543 4272; x_wconf 73' lang='lat' dir='ltr'><strong>natum</strong></span> <span class='ocrx_word' id='word_1_733' title='bbox 2590 4217 2720 4282; x_wconf 89' lang='lat' dir='ltr'><strong>sint,</strong></span> <span class='ocrx_word' id='word_1_734' title='bbox 2777 4212 2896 4269; x_wconf 82' lang='lat' dir='ltr'><strong>ﬁeri</strong></span> <span class='ocrx_word' id='word_1_735' title='bbox 2938 4220 3117 4267; x_wconf 89' lang='lat' dir='ltr'><strong>tamen</strong></span> <span class='ocrx_word' id='word_1_736' title='bbox 3150 4207 3359 4278; x_wconf 85' lang='lat' dir='ltr'><strong>nequit,</strong></span> <span class='ocrx_word' id='word_1_737' title='bbox 3417 4215 3478 4259; x_wconf 82' lang='grc' dir='ltr'><strong>ιιι</strong></span> 
     </span>
    </p>
   </div>
   <div class='ocr_carea' id='block_1_102' title="bbox 1890 4298 3474 4375">
    <p class='ocr_par' dir='ltr' id='par_1_102' title="bbox 1890 4298 3474 4375">
     <span class='ocr_line' id='line_1_102' title="bbox 1890 4298 3474 4375; baseline -0.013 -2"><span class='ocrx_word' id='word_1_738' title='bbox 1890 4318 2053 4373; x_wconf 90' lang='lat' dir='ltr'><strong>homo</strong></span> <span class='ocrx_word' id='word_1_739' title='bbox 2089 4312 2299 4367; x_wconf 86' lang='lat' dir='ltr'><strong>dicatur</strong></span> <span class='ocrx_word' id='word_1_740' title='bbox 2329 4309 2449 4366; x_wconf 72' lang='lat' dir='ltr'><strong>duae</strong></span> <span class='ocrx_word' id='word_1_741' title='bbox 2496 4322 2740 4375; x_wconf 66' lang='lat' dir='ltr'><strong>naturae;</strong></span> <span class='ocrx_word' id='word_1_742' title='bbox 2790 4310 2870 4363; x_wconf 90' lang='lat' dir='ltr'><strong>sic</strong></span> <span class='ocrx_word' id='word_1_743' title='bbox 2912 4315 2967 4361; x_wconf 89' lang='lat' dir='ltr'><strong>et</strong></span> <span class='ocrx_word' id='word_1_744' title='bbox 3028 4306 3094 4361; x_wconf 88' lang='lat' dir='ltr'><strong>de</strong></span> <span class='ocrx_word' id='word_1_745' title='bbox 3136 4301 3355 4359; x_wconf 85' lang='lat' dir='ltr'><strong>Christo</strong></span> <span class='ocrx_word' id='word_1_746' title='bbox 3378 4298 3474 4353; x_wconf 86' lang='lat' dir='ltr'><strong>Dei</strong></span> 
     </span>
    </p>
   </div>
   <div class='ocr_carea' id='block_1_103' title="bbox 1895 4392 3478 4479">
    <p class='ocr_par' dir='ltr' id='par_1_103' title="bbox 1895 4392 3478 4479">
     <span class='ocr_line' id='line_1_103' title="bbox 1895 4392 3478 4479; baseline -0.014 -12"><span class='ocrx_word' id='word_1_747' title='bbox 1895 4408 2069 4466; x_wconf 82' lang='lat' dir='ltr'><strong>Verbo</strong></span> <span class='ocrx_word' id='word_1_748' title='bbox 2099 4407 2410 4479; x_wconf 83' lang='lat' dir='ltr'><strong>loquimur,</strong></span> <span class='ocrx_word' id='word_1_749' title='bbox 2470 4405 2614 4476; x_wconf 88' lang='lat' dir='ltr'><strong>quod</strong></span> <span class='ocrx_word' id='word_1_750' title='bbox 2659 4416 2833 4472; x_wconf 88' lang='lat' dir='ltr'><strong>neque</strong></span> <span class='ocrx_word' id='word_1_751' title='bbox 2863 4398 3121 4457; x_wconf 86' lang='lat' dir='ltr'><strong>divinitas</strong></span> <span class='ocrx_word' id='word_1_752' title='bbox 3169 4402 3377 4451; x_wconf 87' lang='lat' dir='ltr'><strong>mutata</strong></span> <span class='ocrx_word' id='word_1_753' title='bbox 3404 4392 3478 4449; x_wconf 87' lang='lat' dir='ltr'><strong>sit</strong></span> 
     </span>
    </p>
   </div>
   <div class='ocr_carea' id='block_1_104' title="bbox 1889 4516 2313 4573">
    <p class='ocr_par' dir='ltr' id='par_1_104' title="bbox 1889 4516 2313 4573">
     <span class='ocr_line' id='line_1_104' title="bbox 1889 4516 2313 4573; baseline -0.009 -14"><span class='ocrx_word' id='word_1_754' title='bbox 1889 4518 2064 4573; x_wconf 84' lang='lat' dir='ltr'><strong>neque</strong></span> <span class='ocrx_word' id='word_1_755' title='bbox 2095 4516 2313 4573; x_wconf 82' lang='lat' dir='ltr'><strong>corpus.</strong></span> 
     </span>
    </p>
   </div>
   <div class='ocr_carea' id='block_1_105' title="bbox 1964 4672 3473 4755">
    <p class='ocr_par' dir='ltr' id='par_1_105' title="bbox 1964 4672 3473 4755">
     <span class='ocr_line' id='line_1_105' title="bbox 1964 4672 3473 4755; baseline -0.011 -15"><span class='ocrx_word' id='word_1_756' title='bbox 1964 4691 2141 4755; x_wconf 82' lang='lat' dir='ltr'><strong>Atque</strong></span> <span class='ocrx_word' id='word_1_757' title='bbox 2178 4685 2252 4739; x_wconf 83' lang='lat' dir='ltr'><strong>ita</strong></span> <span class='ocrx_word' id='word_1_758' title='bbox 2299 4682 2552 4739; x_wconf 85' lang='lat' dir='ltr'><strong>videlicet</strong></span> <span class='ocrx_word' id='word_1_759' title='bbox 2598 4694 2763 4737; x_wconf 90' lang='lat' dir='ltr'><strong>unum</strong></span> <span class='ocrx_word' id='word_1_760' title='bbox 2802 4676 3080 4733; x_wconf 85' lang='lat' dir='ltr'><strong>Christum</strong></span> <span class='ocrx_word' id='word_1_761' title='bbox 3129 4672 3473 4735; x_wconf 84' lang='lat' dir='ltr'><strong>conﬁtemur,</strong></span> 
     </span>
    </p>
   </div>
   <div class='ocr_carea' id='block_1_106' title="bbox 1892 4764 3478 4850">
    <p class='ocr_par' dir='ltr' id='par_1_106' title="bbox 1892 4764 3478 4850">
     <span class='ocr_line' id='line_1_106' title="bbox 1892 4764 3478 4850; baseline -0.009 -17"><span class='ocrx_word' id='word_1_762' title='bbox 1892 4795 2053 4835; x_wconf 88' lang='lat' dir='ltr'><strong>unam</strong></span> <span class='ocrx_word' id='word_1_763' title='bbox 2093 4777 2449 4850; x_wconf 81' lang='lat' dir='ltr'><strong>hypostasim,</strong></span> <span class='ocrx_word' id='word_1_764' title='bbox 2480 4789 2751 4845; x_wconf 89' lang='lat' dir='ltr'><strong>unamque</strong></span> <span class='ocrx_word' id='word_1_765' title='bbox 2783 4781 3053 4835; x_wconf 88' lang='lat' dir='ltr'><strong>naturam,</strong></span> <span class='ocrx_word' id='word_1_766' title='bbox 3080 4767 3245 4824; x_wconf 88' lang='lat' dir='ltr'><strong>Deum</strong></span> <span class='ocrx_word' id='word_1_767' title='bbox 3267 4764 3478 4837; x_wconf 76' lang='lat' dir='ltr'><strong>periec-</strong></span> 
     </span>
    </p>
   </div>
   <div class='ocr_carea' id='block_1_107' title="bbox 1895 4860 3477 4943">
    <p class='ocr_par' dir='ltr' id='par_1_107' title="bbox 1895 4860 3477 4943">
     <span class='ocr_line' id='line_1_107' title="bbox 1895 4860 3477 4943; baseline -0.01 -15"><span class='ocrx_word' id='word_1_768' title='bbox 1895 4885 2031 4936; x_wconf 87' lang='lat' dir='ltr'><strong>tum,</strong></span> <span class='ocrx_word' id='word_1_769' title='bbox 2080 4871 2321 4941; x_wconf 89' lang='lat' dir='ltr'><strong>itemque</strong></span> <span class='ocrx_word' id='word_1_770' title='bbox 2361 4869 2663 4943; x_wconf 76' lang='lat' dir='ltr'><strong>perfectum</strong></span> <span class='ocrx_word' id='word_1_771' title='bbox 2710 4867 2984 4923; x_wconf 87' lang='lat' dir='ltr'><strong>hominem</strong></span> <span class='ocrx_word' id='word_1_772' title='bbox 3024 4882 3038 4919; x_wconf 89' lang='lat'><strong>:</strong></span> <span class='ocrx_word' id='word_1_773' title='bbox 3094 4862 3145 4917; x_wconf 90' lang='lat' dir='ltr'><strong>id</strong></span> <span class='ocrx_word' id='word_1_774' title='bbox 3193 4860 3333 4932; x_wconf 85' lang='lat' dir='ltr'><strong>quod</strong></span> <span class='ocrx_word' id='word_1_775' title='bbox 3382 4874 3477 4913; x_wconf 88' lang='lat' dir='ltr'><strong>vos</strong></span> 
     </span>
    </p>
   </div>
   <div class='ocr_carea' id='block_1_108' title="bbox 1893 4952 3477 5037">
    <p class='ocr_par' dir='ltr' id='par_1_108' title="bbox 1893 4952 3477 5037">
     <span class='ocr_line' id='line_1_108' title="bbox 1893 4952 3477 5037; baseline -0.009 -16"><span class='ocrx_word' id='word_1_776' title='bbox 1893 4978 2111 5037; x_wconf 88' lang='lat' dir='ltr'><strong>quoque</strong></span> <span class='ocrx_word' id='word_1_777' title='bbox 2147 4966 2337 5031; x_wconf 84' lang='lat' dir='ltr'><strong>scitis;</strong></span> <span class='ocrx_word' id='word_1_778' title='bbox 2370 4966 2495 5035; x_wconf 88' lang='lat' dir='ltr'><strong>quia</strong></span> <span class='ocrx_word' id='word_1_779' title='bbox 2534 4962 2730 5018; x_wconf 73' lang='lat' dir='ltr'><strong>divina:</strong></span> <span class='ocrx_word' id='word_1_780' title='bbox 2776 4959 3071 5030; x_wconf 77' lang='lat' dir='ltr'><strong>Scripturas</strong></span> <span class='ocrx_word' id='word_1_781' title='bbox 3098 4971 3261 5009; x_wconf 84' lang='lat' dir='ltr'><strong>unum</strong></span> <span class='ocrx_word' id='word_1_782' title='bbox 3291 4952 3477 5007; x_wconf 90' lang='lat' dir='ltr'><strong>Domi-</strong></span> 
     </span>
    </p>
   </div>
   <div class='ocr_carea' id='block_1_109' title="bbox 1898 5052 3474 5120">
    <p class='ocr_par' dir='ltr' id='par_1_109' title="bbox 1898 5052 3474 5120">
     <span class='ocr_line' id='line_1_109' title="bbox 1898 5052 3474 5120; baseline -0.008 -8"><span class='ocrx_word' id='word_1_783' title='bbox 1898 5074 2047 5120; x_wconf 88' lang='lat' dir='ltr'><strong>num,</strong></span> <span class='ocrx_word' id='word_1_784' title='bbox 2076 5072 2240 5112; x_wconf 89' lang='lat' dir='ltr'><strong>unum</strong></span> <span class='ocrx_word' id='word_1_785' title='bbox 2269 5056 2573 5120; x_wconf 85' lang='lat' dir='ltr'><strong>Christum,</strong></span> <span class='ocrx_word' id='word_1_786' title='bbox 2594 5061 2818 5109; x_wconf 78' lang='lat' dir='ltr'><strong>cantare</strong></span> <span class='ocrx_word' id='word_1_787' title='bbox 2838 5052 3137 5107; x_wconf 82' lang='lat' dir='ltr'><strong>docuerunt</strong></span> <span class='ocrx_word' id='word_1_788' title='bbox 3164 5061 3474 5117; x_wconf 88' lang='lat' dir='ltr'><strong>quanquam</strong></span> 
     </span>
    </p>
   </div>
   <div class='ocr_carea' id='block_1_110' title="bbox 1893 5139 3474 5215">
    <p class='ocr_par' dir='ltr' id='par_1_110' title="bbox 1893 5139 3474 5215">
     <span class='ocr_line' id='line_1_110' title="bbox 1893 5139 3474 5215; baseline -0.008 -10"><span class='ocrx_word' id='word_1_789' title='bbox 1893 5166 2019 5205; x_wconf 77' lang='lat' dir='ltr'><strong>eum</strong></span> <span class='ocrx_word' id='word_1_790' title='bbox 2058 5165 2125 5206; x_wconf 76' lang='lat' dir='ltr'><strong>ex</strong></span> <span class='ocrx_word' id='word_1_791' title='bbox 2162 5149 2370 5205; x_wconf 84' lang='lat' dir='ltr'><strong>duabus</strong></span> <span class='ocrx_word' id='word_1_792' title='bbox 2411 5163 2534 5204; x_wconf 85' lang='lat' dir='ltr'><strong>esse</strong></span> <span class='ocrx_word' id='word_1_793' title='bbox 2582 5156 2881 5215; x_wconf 80' lang='lat' dir='ltr'><strong>agnoscant</strong></span> <span class='ocrx_word' id='word_1_794' title='bbox 2933 5161 2946 5199; x_wconf 93' lang='lat'><strong>:</strong></span> <span class='ocrx_word' id='word_1_795' title='bbox 2984 5144 3077 5199; x_wconf 89' lang='lat' dir='ltr'><strong>sed</strong></span> <span class='ocrx_word' id='word_1_796' title='bbox 3128 5141 3381 5210; x_wconf 75' lang='lat' dir='ltr'><strong>deinceps</strong></span> <span class='ocrx_word' id='word_1_797' title='bbox 3421 5139 3474 5193; x_wconf 91' lang='lat' dir='ltr'><strong>in</strong></span> 
     </span>
    </p>
   </div>
   <div class='ocr_carea' id='block_1_111' title="bbox 1892 5236 3478 5315">
    <p class='ocr_par' dir='ltr' id='par_1_111' title="bbox 1892 5236 3478 5315">
     <span class='ocr_line' id='line_1_111' title="bbox 1892 5236 3478 5315; baseline -0.006 -19"><span class='ocrx_word' id='word_1_798' title='bbox 1892 5243 2028 5314; x_wconf 86' lang='lat' dir='ltr'><strong>duas</strong></span> <span class='ocrx_word' id='word_1_799' title='bbox 2060 5257 2323 5315; x_wconf 88' lang='lat' dir='ltr'><strong>personas</strong></span> <span class='ocrx_word' id='word_1_800' title='bbox 2360 5256 2465 5295; x_wconf 90' lang='lat' dir='ltr'><strong>non</strong></span> <span class='ocrx_word' id='word_1_801' title='bbox 2498 5240 2745 5295; x_wconf 87' lang='lat' dir='ltr'><strong>dividunt</strong></span> <span class='ocrx_word' id='word_1_802' title='bbox 2784 5238 2866 5294; x_wconf 63' lang='grc' dir='ltr'><strong>νει</strong></span> <span class='ocrx_word' id='word_1_803' title='bbox 2895 5238 2945 5292; x_wconf 83' lang='grc' dir='ltr'>ἰιι</span> <span class='ocrx_word' id='word_1_804' title='bbox 2994 5239 3128 5291; x_wconf 90' lang='lat' dir='ltr'><strong>duas</strong></span> <span class='ocrx_word' id='word_1_805' title='bbox 3159 5236 3478 5306; x_wconf 84' lang='lat' dir='ltr'><strong>hypostases</strong></span> 
     </span>
    </p>
   </div>
   <div class='ocr_carea' id='block_1_112' title="bbox 1898 5324 3474 5403">
    <p class='ocr_par' dir='ltr' id='par_1_112' title="bbox 1898 5324 3474 5403">
     <span class='ocr_line' id='line_1_112' title="bbox 1898 5324 3474 5403; baseline -0.007 -14"><span class='ocrx_word' id='word_1_806' title='bbox 1898 5334 2135 5391; x_wconf 82' lang='lat' dir='ltr'><strong>Verbum</strong></span> <span class='ocrx_word' id='word_1_807' title='bbox 2158 5333 2408 5391; x_wconf 78' lang='lat' dir='ltr'><strong>eli&#39;ectum</strong></span> <span class='ocrx_word' id='word_1_808' title='bbox 2454 5333 2662 5403; x_wconf 88' lang='lat' dir='ltr'><strong>absque</strong></span> <span class='ocrx_word' id='word_1_809' title='bbox 2700 5341 2926 5403; x_wconf 85' lang='lat' dir='ltr'><strong>peccato</strong></span> <span class='ocrx_word' id='word_1_810' title='bbox 2968 5328 3268 5393; x_wconf 86' lang='lat' dir='ltr'><strong>hominem,</strong></span> <span class='ocrx_word' id='word_1_811' title='bbox 3316 5324 3474 5381; x_wconf 83' lang='lat' dir='ltr'><strong>sicuti</strong></span> 
     </span>
    </p>
   </div>
   <div class='ocr_carea' id='block_1_113' title="bbox 1896 5421 3477 5499">
    <p class='ocr_par' dir='ltr' id='par_1_113' title="bbox 1896 5421 3477 5499">
     <span class='ocr_line' id='line_1_113' title="bbox 1896 5421 3477 5499; baseline -0.008 -16"><span class='ocrx_word' id='word_1_812' title='bbox 1896 5429 2176 5499; x_wconf 84' lang='lat' dir='ltr'><strong>apostolus</strong></span> <span class='ocrx_word' id='word_1_813' title='bbox 2205 5428 2443 5484; x_wconf 86' lang='lat' dir='ltr'><strong>Joannes</strong></span> <span class='ocrx_word' id='word_1_814' title='bbox 2478 5428 2592 5480; x_wconf 88' lang='lat' dir='ltr'><strong>ait:</strong></span> <span class='ocrx_word' id='word_1_815' title='bbox 2636 5421 2863 5481; x_wconf 74' lang='lat' dir='ltr'><strong>Verbum</strong></span> <span class='ocrx_word' id='word_1_816' title='bbox 2904 5440 3028 5478; x_wconf 83' lang='lat' dir='ltr'><strong>caro</strong></span> <span class='ocrx_word' id='word_1_817' title='bbox 3061 5423 3255 5495; x_wconf 76' lang='lat' dir='ltr'><strong>factum</strong></span> <span class='ocrx_word' id='word_1_818' title='bbox 3296 5429 3394 5489; x_wconf 79' lang='lat' dir='ltr'><strong>est,</strong></span> <span class='ocrx_word' id='word_1_819' title='bbox 3427 5425 3477 5473; x_wconf 85' lang='lat' dir='ltr'><strong>et</strong></span> 
     </span>
    </p>
   </div>
   <div class='ocr_carea' id='block_1_114' title="bbox 1896 5512 3473 5587">
    <p class='ocr_par' dir='ltr' id='par_1_114' title="bbox 1896 5512 3473 5587">
     <span class='ocr_line' id='line_1_114' title="bbox 1896 5512 3473 5587; baseline -0.006 -14"><span class='ocrx_word' id='word_1_820' title='bbox 1896 5521 2152 5575; x_wconf 80' lang='lat' dir='ltr'><strong>habitavit</strong></span> <span class='ocrx_word' id='word_1_821' title='bbox 2178 5522 2231 5575; x_wconf 83' lang='lat' dir='ltr'><strong>in</strong></span> <span class='ocrx_word' id='word_1_822' title='bbox 2272 5519 2442 5586; x_wconf 76' lang='lat' dir='ltr'><strong>nobis,</strong></span> <span class='ocrx_word' id='word_1_823' title='bbox 2476 5525 2527 5570; x_wconf 87' lang='lat' dir='ltr'><strong>et</strong></span> <span class='ocrx_word' id='word_1_824' title='bbox 2557 5516 2781 5571; x_wconf 73' lang='lat' dir='ltr'><strong>vidimus</strong></span> <span class='ocrx_word' id='word_1_825' title='bbox 2824 5517 3048 5587; x_wconf 82' lang='lat' dir='ltr'><strong>gloriam</strong></span> <span class='ocrx_word' id='word_1_826' title='bbox 3076 5515 3216 5585; x_wconf 79' lang='lat' dir='ltr'><strong>ejus.</strong></span> <span class='ocrx_word' id='word_1_827' title='bbox 3248 5512 3473 5584; x_wconf 82' lang='lat' dir='ltr'><strong>gloriam</strong></span> 
     </span>
    </p>
   </div>
   <div class='ocr_carea' id='block_1_115' title="bbox 1894 5606 3475 5686">
    <p class='ocr_par' dir='ltr' id='par_1_115' title="bbox 1894 5606 3475 5686">
     <span class='ocr_line' id='line_1_115' title="bbox 1894 5606 3475 5686; baseline -0.004 -19"><span class='ocrx_word' id='word_1_828' title='bbox 1894 5613 2050 5685; x_wconf 74' lang='lat' dir='ltr'><strong>quasi</strong></span> <span class='ocrx_word' id='word_1_829' title='bbox 2085 5610 2351 5686; x_wconf 76' lang='lat' dir='ltr'><strong>Uaigeniti</strong></span> <span class='ocrx_word' id='word_1_830' title='bbox 2383 5628 2415 5666; x_wconf 88' lang='lat' dir='ltr'><strong>a</strong></span> <span class='ocrx_word' id='word_1_831' title='bbox 2446 5609 2610 5664; x_wconf 78' lang='lat' dir='ltr'><strong>Patre</strong></span> <span class='ocrx_word' id='word_1_832' title='bbox 2627 5609 2695 5665; x_wconf 83' lang='lat'><strong>&quot;.</strong></span> <span class='ocrx_word' id='word_1_833' title='bbox 2729 5608 2882 5676; x_wconf 78' lang='lat' dir='ltr'><strong>Quod</strong></span> <span class='ocrx_word' id='word_1_834' title='bbox 2905 5609 3047 5663; x_wconf 81' lang='lat' dir='ltr'><strong>idem</strong></span> <span class='ocrx_word' id='word_1_835' title='bbox 3066 5611 3192 5664; x_wconf 86' lang='lat' dir='ltr'><strong>olim</strong></span> <span class='ocrx_word' id='word_1_836' title='bbox 3216 5606 3427 5662; x_wconf 82' lang='lat' dir='ltr'><strong>Domlnt</strong></span> <span class='ocrx_word' id='word_1_837' title='bbox 3448 5620 3475 5660; x_wconf 73' lang='grc' dir='ltr'>ε</span> 
     </span>
    </p>
   </div>
   <div class='ocr_carea' id='block_1_116' title="bbox 1801 5813 3470 5893">
    <p class='ocr_par' dir='ltr' id='par_1_116' title="bbox 1801 5813 3470 5893">
     <span class='ocr_line' id='line_1_116' title="bbox 1801 5813 3470 5893; baseline -0.001 -16"><span class='ocrx_word' id='word_1_838' title='bbox 1801 5813 2042 5879; x_wconf 79' lang='lat' dir='ltr'><strong>Armenii</strong></span> <span class='ocrx_word' id='word_1_839' title='bbox 2094 5836 2147 5893; x_wconf 85' lang='lat' dir='ltr'><strong>p.</strong></span> <span class='ocrx_word' id='word_1_840' title='bbox 2200 5819 2326 5892; x_wconf 74' lang='lat'><strong>522,</strong></span> <span class='ocrx_word' id='word_1_841' title='bbox 2387 5837 2441 5876; x_wconf 81' lang='grc' dir='ltr'>ν.</span> <span class='ocrx_word' id='word_1_842' title='bbox 2496 5820 2596 5890; x_wconf 82' lang='lat' dir='ltr'><strong>l5;</strong></span> <span class='ocrx_word' id='word_1_843' title='bbox 2649 5818 2754 5878; x_wconf 85' lang='lat' dir='ltr'><strong>nisi</strong></span> <span class='ocrx_word' id='word_1_844' title='bbox 2800 5818 2944 5890; x_wconf 86' lang='lat' dir='ltr'><strong>quod</strong></span> <span class='ocrx_word' id='word_1_845' title='bbox 2991 5817 3282 5876; x_wconf 76' lang='lat' dir='ltr'><strong>Armenius</strong></span> <span class='ocrx_word' id='word_1_846' title='bbox 3334 5816 3470 5875; x_wconf 88' lang='lat' dir='ltr'><strong>dicit</strong></span> 
     </span>
    </p>
   </div>
  </div>
