  <div class='ocr_page' id='page_1' title='image "/cluster/home/n/w/nwhite01/storage/ocr_20150623/133/mdp.39015078384230/151.png"; bbox 0 0 4026 6296; ppageno 0'>
   <div class='ocr_carea' id='block_1_1' title="bbox 494 322 599 391">
    <p class='ocr_par' dir='ltr' id='par_1_1' title="bbox 494 322 599 391">
     <span class='ocr_line' id='line_1_1' title="bbox 494 322 599 391; baseline 0 -1"><span class='ocrx_word' id='word_1_1' title='bbox 494 322 599 391; x_wconf 78' lang='lat'><strong>287</strong></span> 
     </span>
    </p>
   </div>
   <div class='ocr_carea' id='block_1_2' title="bbox 1914 316 2341 383">
    <p class='ocr_par' dir='ltr' id='par_1_2' title="bbox 1914 316 2341 383">
     <span class='ocr_line' id='line_1_2' title="bbox 1914 316 2341 383; baseline 0.007 -3"><span class='ocrx_word' id='word_1_2' title='bbox 1914 316 2341 383; x_wconf 77' lang='lat' dir='ltr'><strong>THEORIANI</strong></span> 
     </span>
    </p>
   </div>
   <div class='ocr_carea' id='block_1_3' title="bbox 3620 328 3721 397">
    <p class='ocr_par' dir='ltr' id='par_1_3' title="bbox 3620 328 3721 397">
     <span class='ocr_line' id='line_1_3' title="bbox 3620 328 3721 397; baseline -0.04 0"><span class='ocrx_word' id='word_1_3' title='bbox 3620 328 3721 397; x_wconf 75' lang='lat'><strong>288</strong></span> 
     </span>
    </p>
   </div>
   <div class='ocr_carea' id='block_1_4' title="bbox 495 429 2087 511">
    <p class='ocr_par' dir='ltr' id='par_1_4' title="bbox 495 433 2060 506">
     <span class='ocr_line' id='line_1_4' title="bbox 495 433 2060 506; baseline -0.004 -12"><span class='ocrx_word' id='word_1_4' title='bbox 495 455 712 495; x_wconf 83' lang='lat' dir='ltr'><strong>onmem</strong></span> <span class='ocrx_word' id='word_1_5' title='bbox 752 439 826 495; x_wconf 89' lang='lat' dir='ltr'><strong>ita</strong></span> <span class='ocrx_word' id='word_1_6' title='bbox 871 436 1143 495; x_wconf 87' lang='lat' dir='ltr'><strong>Christum</strong></span> <span class='ocrx_word' id='word_1_7' title='bbox 1182 437 1429 494; x_wconf 88' lang='lat' dir='ltr'><strong>conﬁteri</strong></span> <span class='ocrx_word' id='word_1_8' title='bbox 1463 438 1689 504; x_wconf 78' lang='lat' dir='ltr'><strong>debere;</strong></span> <span class='ocrx_word' id='word_1_9' title='bbox 1737 445 1793 493; x_wconf 88' lang='lat' dir='ltr'><strong>et</strong></span> <span class='ocrx_word' id='word_1_10' title='bbox 1818 451 1940 490; x_wconf 87' lang='lat' dir='ltr'><strong>emn</strong></span> <span class='ocrx_word' id='word_1_11' title='bbox 1969 433 2060 506; x_wconf 86' lang='lat' dir='ltr'><strong>qui</strong></span> 
     </span>
    </p>
   </div>
   <div class='ocr_carea' id='block_1_5' title="bbox 2186 429 3721 511">
    <p class='ocr_par' dir='ltr' id='par_1_5' title="bbox 2186 429 3721 511">
     <span class='ocr_line' id='line_1_5' title="bbox 2186 429 3721 511; baseline 0.004 -24"><span class='ocrx_word' id='word_1_12' title='bbox 2186 434 2402 504; x_wconf 71' lang='grc' dir='ltr'>ἷριστὸν</span> <span class='ocrx_word' id='word_1_13' title='bbox 2465 432 2784 506; x_wconf 73' lang='grc' dir='ltr'><strong>ὁμολογεῖν⁹</strong></span> <span class='ocrx_word' id='word_1_14' title='bbox 2829 436 2924 489; x_wconf 72' lang='grc' dir='ltr'><strong>καὶ</strong></span> <span class='ocrx_word' id='word_1_15' title='bbox 2982 435 3059 509; x_wconf 78' lang='grc' dir='ltr'>μὴ</span> <span class='ocrx_word' id='word_1_16' title='bbox 3112 435 3290 499; x_wconf 77' lang='grc' dir='ltr'>οὕτως</span> <span class='ocrx_word' id='word_1_17' title='bbox 3328 429 3597 508; x_wconf 71' lang='grc' dir='ltr'>ὁμολογῶν</span> <span class='ocrx_word' id='word_1_18' title='bbox 3633 440 3721 511; x_wconf 79' lang='grc' dir='ltr'><strong>τῆς</strong></span> 
     </span>
    </p>
   </div>
   <div class='ocr_carea' id='block_1_6' title="bbox 495 528 1782 599">
    <p class='ocr_par' dir='ltr' id='par_1_6' title="bbox 495 528 1782 599">
     <span class='ocr_line' id='line_1_6' title="bbox 495 528 1782 599; baseline 0.002 -17"><span class='ocrx_word' id='word_1_19' title='bbox 495 530 654 583; x_wconf 80' lang='lat' dir='ltr'><strong>aliter</strong></span> <span class='ocrx_word' id='word_1_20' title='bbox 684 530 992 595; x_wconf 86' lang='lat' dir='ltr'><strong>conﬁtetur,</strong></span> <span class='ocrx_word' id='word_1_21' title='bbox 1026 528 1210 599; x_wconf 79' lang='lat' dir='ltr'><strong>procul</strong></span> <span class='ocrx_word' id='word_1_22' title='bbox 1242 529 1471 583; x_wconf 87' lang='lat' dir='ltr'><strong>veritate</strong></span> <span class='ocrx_word' id='word_1_23' title='bbox 1502 530 1782 584; x_wconf 78' lang='lat' dir='ltr'><strong>aberrare.</strong></span> 
     </span>
    </p>
   </div>
   <div class='ocr_carea' id='block_1_7' title="bbox 580 618 2071 686">
    <p class='ocr_par' dir='ltr' id='par_1_7' title="bbox 580 618 2071 686">
     <span class='ocr_line' id='line_1_7' title="bbox 580 618 2071 686; baseline 0.002 -13"><span class='ocrx_word' id='word_1_24' title='bbox 580 618 825 675; x_wconf 80' lang='lat' dir='ltr'><strong>i‘llEOR.</strong></span> <span class='ocrx_word' id='word_1_25' title='bbox 862 620 997 686; x_wconf 86' lang='lat' dir='ltr'><strong>Quia</strong></span> <span class='ocrx_word' id='word_1_26' title='bbox 1051 630 1106 674; x_wconf 92' lang='lat' dir='ltr'><strong>tu</strong></span> <span class='ocrx_word' id='word_1_27' title='bbox 1149 634 1213 675; x_wconf 81' lang='lat' dir='ltr'><strong>ex</strong></span> <span class='ocrx_word' id='word_1_28' title='bbox 1244 634 1430 674; x_wconf 86' lang='lat' dir='ltr'><strong>norma</strong></span> <span class='ocrx_word' id='word_1_29' title='bbox 1465 620 1726 675; x_wconf 84' lang='lat' dir='ltr'><strong>librorum</strong></span> <span class='ocrx_word' id='word_1_30' title='bbox 1760 618 2071 676; x_wconf 83' lang='lat' dir='ltr'><strong>Aristotelis</strong></span> 
     </span>
    </p>
   </div>
   <div class='ocr_carea' id='block_1_8' title="bbox 2169 527 2864 597">
    <p class='ocr_par' dir='ltr' id='par_1_8' title="bbox 2169 527 2864 597">
     <span class='ocr_line' id='line_1_8' title="bbox 2169 527 2864 597; baseline 0.004 -13"><span class='ocrx_word' id='word_1_31' title='bbox 2169 529 2431 597; x_wconf 78' lang='grc' dir='ltr'><strong>ἀληθείας</strong></span> <span class='ocrx_word' id='word_1_32' title='bbox 2457 527 2864 588; x_wconf 72' lang='grc' dir='ltr'><strong>ἀποπλανᾶται.</strong></span> 
     </span>
    </p>
   </div>
   <div class='ocr_carea' id='block_1_9' title="bbox 2252 621 3726 695">
    <p class='ocr_par' dir='ltr' id='par_1_9' title="bbox 2252 621 3726 695">
     <span class='ocr_line' id='line_1_9' title="bbox 2252 621 3726 695; baseline 0.001 -18"><span class='ocrx_word' id='word_1_33' title='bbox 2252 621 2313 677; x_wconf 83' lang='lat'><strong>&#39;0</strong></span> <span class='ocrx_word' id='word_1_34' title='bbox 2349 622 2545 678; x_wconf 82' lang='grc' dir='ltr'><strong>ΘΕΩΡ.</strong></span> <span class='ocrx_word' id='word_1_35' title='bbox 2586 624 2742 678; x_wconf 78' lang='grc' dir='ltr'>Ἐπεὶ</span> <span class='ocrx_word' id='word_1_36' title='bbox 2762 622 2870 677; x_wconf 81' lang='grc' dir='ltr'><strong>ἀπὸ</strong></span> <span class='ocrx_word' id='word_1_37' title='bbox 2901 622 3009 676; x_wconf 83' lang='grc' dir='ltr'><strong>τῶν</strong></span> <span class='ocrx_word' id='word_1_38' title='bbox 3037 621 3255 695; x_wconf 79' lang='grc' dir='ltr'>βιϐλίων</span> <span class='ocrx_word' id='word_1_39' title='bbox 3292 621 3387 677; x_wconf 78' lang='grc' dir='ltr'>τοῦ</span> <span class='ocrx_word' id='word_1_40' title='bbox 3437 623 3726 695; x_wconf 76' lang='grc' dir='ltr'>Ἀριστοτὲ-</span> 
     </span>
    </p>
   </div>
   <div class='ocr_carea' id='block_1_10' title="bbox 499 710 2087 789">
    <p class='ocr_par' dir='ltr' id='par_1_10' title="bbox 499 710 2071 779">
     <span class='ocr_line' id='line_1_10' title="bbox 499 710 2071 779; baseline 0.003 -16"><span class='ocrx_word' id='word_1_41' title='bbox 499 710 775 779; x_wconf 78' lang='lat' dir='ltr'><strong>disputare</strong></span> <span class='ocrx_word' id='word_1_42' title='bbox 827 712 1061 777; x_wconf 83' lang='lat' dir='ltr'><strong>volebas,</strong></span> <span class='ocrx_word' id='word_1_43' title='bbox 1100 726 1203 767; x_wconf 91' lang='lat' dir='ltr'><strong>non</strong></span> <span class='ocrx_word' id='word_1_44' title='bbox 1242 726 1306 766; x_wconf 82' lang='lat' dir='ltr'><strong>ex</strong></span> <span class='ocrx_word' id='word_1_45' title='bbox 1335 726 1524 765; x_wconf 84' lang='lat' dir='ltr'><strong>norma</strong></span> <span class='ocrx_word' id='word_1_46' title='bbox 1557 713 1836 767; x_wconf 87' lang='lat' dir='ltr'><strong>doctorum</strong></span> <span class='ocrx_word' id='word_1_47' title='bbox 1880 713 2071 768; x_wconf 79' lang='lat' dir='ltr'><strong>Eccle-</strong></span> 
     </span>
    </p>
   </div>
   <div class='ocr_carea' id='block_1_11' title="bbox 2186 710 3727 789">
    <p class='ocr_par' dir='ltr' id='par_1_11' title="bbox 2186 714 3727 789">
     <span class='ocr_line' id='line_1_11' title="bbox 2186 714 3727 789; baseline 0.002 -21"><span class='ocrx_word' id='word_1_48' title='bbox 2186 724 2297 779; x_wconf 70' lang='lat' dir='ltr'><strong>touq</strong></span> <span class='ocrx_word' id='word_1_49' title='bbox 2321 714 2432 789; x_wconf 77' lang='lat'><strong>(57)</strong></span> <span class='ocrx_word' id='word_1_50' title='bbox 2481 715 2752 787; x_wconf 69' lang='grc' dir='ltr'>ἠθέλησας</span> <span class='ocrx_word' id='word_1_51' title='bbox 2782 714 3155 788; x_wconf 78' lang='grc' dir='ltr'>διαλεχθῆναι,</span> <span class='ocrx_word' id='word_1_52' title='bbox 3209 718 3304 770; x_wconf 75' lang='grc' dir='ltr'><strong>καὶ</strong></span> <span class='ocrx_word' id='word_1_53' title='bbox 3331 715 3452 787; x_wconf 68' lang='grc' dir='ltr'>οὐχὶ</span> <span class='ocrx_word' id='word_1_54' title='bbox 3502 717 3604 770; x_wconf 75' lang='grc' dir='ltr'><strong>ἀπὸ</strong></span> <span class='ocrx_word' id='word_1_55' title='bbox 3627 715 3727 771; x_wconf 84' lang='grc' dir='ltr'><strong>τῶν</strong></span> 
     </span>
    </p>
   </div>
   <div class='ocr_carea' id='block_1_12' title="bbox 498 803 2068 873">
    <p class='ocr_par' dir='ltr' id='par_1_12' title="bbox 498 803 2068 873">
     <span class='ocr_line' id='line_1_12' title="bbox 498 803 2068 873; baseline 0.002 -17"><span class='ocrx_word' id='word_1_56' title='bbox 498 804 612 866; x_wconf 73' lang='lat' dir='ltr'><strong>sim,</strong></span> <span class='ocrx_word' id='word_1_57' title='bbox 645 805 838 859; x_wconf 84' lang='lat' dir='ltr'><strong>merito</strong></span> <span class='ocrx_word' id='word_1_58' title='bbox 872 818 972 873; x_wconf 83' lang='lat' dir='ltr'><strong>ego</strong></span> <span class='ocrx_word' id='word_1_59' title='bbox 1006 814 1182 859; x_wconf 91' lang='lat' dir='ltr'><strong>tecum</strong></span> <span class='ocrx_word' id='word_1_60' title='bbox 1213 804 1356 858; x_wconf 91' lang='lat' dir='ltr'><strong>nolui</strong></span> <span class='ocrx_word' id='word_1_61' title='bbox 1385 804 1450 858; x_wconf 83' lang='lat' dir='ltr'><strong>de</strong></span> <span class='ocrx_word' id='word_1_62' title='bbox 1488 803 1593 859; x_wconf 93' lang='lat' dir='ltr'><strong>ﬁde</strong></span> <span class='ocrx_word' id='word_1_63' title='bbox 1630 804 2068 860; x_wconf 88' lang='lat' dir='ltr'><strong>Christianorum</strong></span> 
     </span>
    </p>
   </div>
   <div class='ocr_carea' id='block_1_13' title="bbox 497 895 2070 969">
    <p class='ocr_par' dir='ltr' id='par_1_13' title="bbox 497 895 2070 969">
     <span class='ocr_line' id='line_1_13' title="bbox 497 895 2070 969; baseline 0.004 -22"><span class='ocrx_word' id='word_1_64' title='bbox 497 896 788 951; x_wconf 70' lang='lat' dir='ltr'><strong>disserere.</strong></span> <span class='ocrx_word' id='word_1_65' title='bbox 811 895 944 951; x_wconf 88' lang='lat' dir='ltr'><strong>Nam</strong></span> <span class='ocrx_word' id='word_1_66' title='bbox 964 897 1029 953; x_wconf 90' lang='lat' dir='ltr'><strong>de</strong></span> <span class='ocrx_word' id='word_1_67' title='bbox 1049 898 1162 953; x_wconf 91' lang='lat' dir='ltr'><strong>luto</strong></span> <span class='ocrx_word' id='word_1_68' title='bbox 1186 905 1515 969; x_wconf 76' lang='lat' dir='ltr'><strong>unguentum</strong></span> <span class='ocrx_word' id='word_1_69' title='bbox 1544 897 1773 965; x_wconf 83' lang='lat' dir='ltr'><strong>hauriri,</strong></span> <span class='ocrx_word' id='word_1_70' title='bbox 1794 913 2070 969; x_wconf 85' lang='lat' dir='ltr'><strong>nunquam</strong></span> 
     </span>
    </p>
   </div>
   <div class='ocr_carea' id='block_1_14' title="bbox 502 992 884 1049">
    <p class='ocr_par' dir='ltr' id='par_1_14' title="bbox 502 992 884 1049">
     <span class='ocr_line' id='line_1_14' title="bbox 502 992 884 1049; baseline 0.008 -3"><span class='ocrx_word' id='word_1_71' title='bbox 502 1001 586 1046; x_wconf 84' lang='lat' dir='ltr'><strong>est</strong></span> <span class='ocrx_word' id='word_1_72' title='bbox 616 992 884 1049; x_wconf 82' lang='lat' dir='ltr'><strong>auditum.</strong></span> 
     </span>
    </p>
   </div>
   <div class='ocr_carea' id='block_1_15' title="bbox 573 1181 2077 1255">
    <p class='ocr_par' dir='ltr' id='par_1_15' title="bbox 573 1181 2077 1255">
     <span class='ocr_line' id='line_1_15' title="bbox 573 1181 2077 1255; baseline 0.002 -17"><span class='ocrx_word' id='word_1_73' title='bbox 573 1181 826 1240; x_wconf 83' lang='lat' dir='ltr'><strong>THEOD.</strong></span> <span class='ocrx_word' id='word_1_74' title='bbox 865 1183 948 1240; x_wconf 87' lang='lat' dir='ltr'><strong>An</strong></span> <span class='ocrx_word' id='word_1_75' title='bbox 1004 1195 1058 1239; x_wconf 91' lang='lat' dir='ltr'><strong>tu</strong></span> <span class='ocrx_word' id='word_1_76' title='bbox 1092 1185 1290 1253; x_wconf 81' lang='lat' dir='ltr'><strong>nescis,</strong></span> <span class='ocrx_word' id='word_1_77' title='bbox 1340 1181 1598 1241; x_wconf 69' lang='lat' dir='ltr'><strong>Ecclesiae</strong></span> <span class='ocrx_word' id='word_1_78' title='bbox 1624 1183 1897 1255; x_wconf 85' lang='lat' dir='ltr'><strong>principes</strong></span> <span class='ocrx_word' id='word_1_79' title='bbox 1929 1185 2077 1241; x_wconf 88' lang='lat' dir='ltr'><strong>viros</strong></span> 
     </span>
    </p>
   </div>
   <div class='ocr_carea' id='block_1_16' title="bbox 503 1276 2075 1349">
    <p class='ocr_par' dir='ltr' id='par_1_16' title="bbox 503 1276 2075 1349">
     <span class='ocr_line' id='line_1_16' title="bbox 503 1276 2075 1349; baseline 0.002 -18"><span class='ocrx_word' id='word_1_80' title='bbox 503 1276 803 1331; x_wconf 81' lang='lat' dir='ltr'><strong>doctrinam</strong></span> <span class='ocrx_word' id='word_1_81' title='bbox 857 1278 925 1332; x_wconf 89' lang='lat' dir='ltr'><strong>ab</strong></span> <span class='ocrx_word' id='word_1_82' title='bbox 976 1277 1208 1333; x_wconf 82' lang='lat' dir='ltr'><strong>ethnicis</strong></span> <span class='ocrx_word' id='word_1_83' title='bbox 1256 1280 1591 1349; x_wconf 85' lang='lat' dir='ltr'><strong>sapientibus</strong></span> <span class='ocrx_word' id='word_1_84' title='bbox 1641 1280 1926 1347; x_wconf 84' lang='lat' dir='ltr'><strong>hausisse;</strong></span> <span class='ocrx_word' id='word_1_85' title='bbox 1980 1293 2075 1335; x_wconf 86' lang='lat' dir='ltr'><strong>eos</strong></span> 
     </span>
    </p>
   </div>
   <div class='ocr_carea' id='block_1_17' title="bbox 504 1370 2075 1442">
    <p class='ocr_par' dir='ltr' id='par_1_17' title="bbox 504 1370 2075 1442">
     <span class='ocr_line' id='line_1_17' title="bbox 504 1370 2075 1442; baseline 0.003 -19"><span class='ocrx_word' id='word_1_86' title='bbox 504 1380 683 1424; x_wconf 87' lang='lat' dir='ltr'><strong>autem</strong></span> <span class='ocrx_word' id='word_1_87' title='bbox 734 1370 799 1425; x_wconf 89' lang='lat' dir='ltr'><strong>de</strong></span> <span class='ocrx_word' id='word_1_88' title='bbox 849 1371 1049 1426; x_wconf 81' lang='lat' dir='ltr'><strong>nostris</strong></span> <span class='ocrx_word' id='word_1_89' title='bbox 1089 1371 1316 1437; x_wconf 80' lang='lat' dir='ltr'><strong>sanctis,</strong></span> <span class='ocrx_word' id='word_1_90' title='bbox 1362 1371 1453 1442; x_wconf 90' lang='lat' dir='ltr'><strong>qui</strong></span> <span class='ocrx_word' id='word_1_91' title='bbox 1484 1371 1785 1441; x_wconf 78' lang='lat' dir='ltr'><strong>disciplinis</strong></span> <span class='ocrx_word' id='word_1_92' title='bbox 1827 1371 2075 1427; x_wconf 90' lang='lat' dir='ltr'><strong>ethnico-</strong></span> 
     </span>
    </p>
   </div>
   <div class='ocr_carea' id='block_1_18' title="bbox 507 1461 2077 1536">
    <p class='ocr_par' dir='ltr' id='par_1_18' title="bbox 507 1461 2077 1536">
     <span class='ocr_line' id='line_1_18' title="bbox 507 1461 2077 1536; baseline 0.004 -23"><span class='ocrx_word' id='word_1_93' title='bbox 507 1475 624 1515; x_wconf 89' lang='lat' dir='ltr'><strong>rum</strong></span> <span class='ocrx_word' id='word_1_94' title='bbox 663 1477 766 1516; x_wconf 93' lang='lat' dir='ltr'><strong>non</strong></span> <span class='ocrx_word' id='word_1_95' title='bbox 796 1461 1015 1518; x_wconf 80' lang='lat' dir='ltr'><strong>luerunt</strong></span> <span class='ocrx_word' id='word_1_96' title='bbox 1051 1462 1323 1529; x_wconf 86' lang='lat' dir='ltr'><strong>instructi,</strong></span> <span class='ocrx_word' id='word_1_97' title='bbox 1376 1464 1573 1519; x_wconf 86' lang='lat' dir='ltr'><strong>idiotas</strong></span> <span class='ocrx_word' id='word_1_98' title='bbox 1603 1479 1723 1519; x_wconf 86' lang='lat' dir='ltr'><strong>esse</strong></span> <span class='ocrx_word' id='word_1_99' title='bbox 1751 1475 1915 1536; x_wconf 88' lang='lat' dir='ltr'><strong>atque</strong></span> <span class='ocrx_word' id='word_1_100' title='bbox 1942 1465 2077 1520; x_wconf 82' lang='lat' dir='ltr'><strong>illit-</strong></span> 
     </span>
    </p>
   </div>
   <div class='ocr_carea' id='block_1_19' title="bbox 507 1553 2077 1626">
    <p class='ocr_par' dir='ltr' id='par_1_19' title="bbox 507 1553 2077 1626">
     <span class='ocr_line' id='line_1_19' title="bbox 507 1553 2077 1626; baseline 0.004 -20"><span class='ocrx_word' id='word_1_101' title='bbox 507 1554 739 1610; x_wconf 74' lang='lat' dir='ltr'><strong>teratoal</strong></span> <span class='ocrx_word' id='word_1_102' title='bbox 792 1553 944 1610; x_wconf 82' lang='lat' dir='ltr'><strong>Nunc</strong></span> <span class='ocrx_word' id='word_1_103' title='bbox 989 1555 1083 1611; x_wconf 87' lang='lat' dir='ltr'><strong>tibi</strong></span> <span class='ocrx_word' id='word_1_104' title='bbox 1142 1565 1346 1624; x_wconf 89' lang='lat' dir='ltr'><strong>repeto,</strong></span> <span class='ocrx_word' id='word_1_105' title='bbox 1398 1555 1542 1626; x_wconf 89' lang='lat' dir='ltr'><strong>quod</strong></span> <span class='ocrx_word' id='word_1_106' title='bbox 1588 1567 1699 1612; x_wconf 86' lang='lat' dir='ltr'><strong>tum</strong></span> <span class='ocrx_word' id='word_1_107' title='bbox 1727 1556 1873 1622; x_wconf 78' lang='lat' dir='ltr'><strong>dixi;</strong></span> <span class='ocrx_word' id='word_1_108' title='bbox 1934 1557 1979 1614; x_wconf 91' lang='lat' dir='ltr'><strong>si</strong></span> <span class='ocrx_word' id='word_1_109' title='bbox 2009 1571 2077 1612; x_wconf 80' lang='lat' dir='ltr'><strong>ex</strong></span> 
     </span>
    </p>
   </div>
   <div class='ocr_carea' id='block_1_20' title="bbox 506 1647 2077 1720">
    <p class='ocr_par' dir='ltr' id='par_1_20' title="bbox 506 1647 2077 1720">
     <span class='ocr_line' id='line_1_20' title="bbox 506 1647 2077 1720; baseline 0.004 -20"><span class='ocrx_word' id='word_1_110' title='bbox 506 1661 693 1701; x_wconf 90' lang='lat' dir='ltr'><strong>norma</strong></span> <span class='ocrx_word' id='word_1_111' title='bbox 754 1647 1056 1718; x_wconf 86' lang='lat' dir='ltr'><strong>sapientum</strong></span> <span class='ocrx_word' id='word_1_112' title='bbox 1130 1648 1474 1704; x_wconf 85' lang='lat' dir='ltr'><strong>ethnicorum</strong></span> <span class='ocrx_word' id='word_1_113' title='bbox 1551 1663 1761 1704; x_wconf 90' lang='lat' dir='ltr'><strong>mecum</strong></span> <span class='ocrx_word' id='word_1_114' title='bbox 1819 1650 2077 1720; x_wconf 87' lang='lat' dir='ltr'><strong>congredi</strong></span> 
     </span>
    </p>
   </div>
   <div class='ocr_carea' id='block_1_21' title="bbox 508 1740 2077 1821">
    <p class='ocr_par' dir='ltr' id='par_1_21' title="bbox 508 1740 2077 1821">
     <span class='ocr_line' id='line_1_21' title="bbox 508 1740 2077 1821; baseline 0.005 -30"><span class='ocrx_word' id='word_1_115' title='bbox 508 1741 607 1802; x_wconf 87' lang='lat' dir='ltr'><strong>vis.</strong></span> <span class='ocrx_word' id='word_1_116' title='bbox 637 1750 855 1821; x_wconf 82' lang='lat' dir='ltr'><strong>paratus</strong></span> <span class='ocrx_word' id='word_1_117' title='bbox 878 1757 996 1796; x_wconf 90' lang='lat' dir='ltr'><strong>sum</strong></span> <span class='ocrx_word' id='word_1_118' title='bbox 1028 1741 1403 1796; x_wconf 88' lang='lat' dir='ltr'><strong>demonstrare</strong></span> <span class='ocrx_word' id='word_1_119' title='bbox 1440 1742 1633 1812; x_wconf 84' lang='lat' dir='ltr'><strong>dogma</strong></span> <span class='ocrx_word' id='word_1_120' title='bbox 1669 1740 1927 1819; x_wconf 83' lang='lat' dir='ltr'><strong>Syrorum</strong></span> <span class='ocrx_word' id='word_1_121' title='bbox 1958 1758 2077 1799; x_wconf 87' lang='lat' dir='ltr'><strong>esse</strong></span> 
     </span>
    </p>
   </div>
   <div class='ocr_carea' id='block_1_22' title="bbox 506 1831 2081 1904">
    <p class='ocr_par' dir='ltr' id='par_1_22' title="bbox 506 1831 2081 1904">
     <span class='ocr_line' id='line_1_22' title="bbox 506 1831 2081 1904; baseline 0.004 -20"><span class='ocrx_word' id='word_1_122' title='bbox 506 1831 889 1888; x_wconf 77' lang='lat' dir='ltr'><strong>orthodoxam.</strong></span> <span class='ocrx_word' id='word_1_123' title='bbox 946 1831 1039 1887; x_wconf 79' lang='lat' dir='ltr'><strong>Sin</strong></span> <span class='ocrx_word' id='word_1_124' title='bbox 1080 1834 1278 1901; x_wconf 88' lang='lat' dir='ltr'><strong>minus,</strong></span> <span class='ocrx_word' id='word_1_125' title='bbox 1307 1849 1407 1904; x_wconf 89' lang='lat' dir='ltr'><strong>ego</strong></span> <span class='ocrx_word' id='word_1_126' title='bbox 1450 1844 1625 1889; x_wconf 87' lang='lat' dir='ltr'><strong>tecum</strong></span> <span class='ocrx_word' id='word_1_127' title='bbox 1673 1834 1898 1891; x_wconf 86' lang='lat' dir='ltr'><strong>verbum</strong></span> <span class='ocrx_word' id='word_1_128' title='bbox 1932 1849 2081 1891; x_wconf 85' lang='lat' dir='ltr'><strong>com-</strong></span> 
     </span>
    </p>
   </div>
   <div class='ocr_carea' id='block_1_23' title="bbox 506 1923 1077 1992">
    <p class='ocr_par' dir='ltr' id='par_1_23' title="bbox 506 1923 1077 1992">
     <span class='ocr_line' id='line_1_23' title="bbox 506 1923 1077 1992; baseline 0.011 -18"><span class='ocrx_word' id='word_1_129' title='bbox 506 1930 717 1976; x_wconf 86' lang='lat' dir='ltr'><strong>mutare</strong></span> <span class='ocrx_word' id='word_1_130' title='bbox 748 1938 854 1978; x_wconf 91' lang='lat' dir='ltr'><strong>non</strong></span> <span class='ocrx_word' id='word_1_131' title='bbox 882 1923 1077 1992; x_wconf 90' lang='lat' dir='ltr'><strong>patior.</strong></span> 
     </span>
    </p>
   </div>
   <div class='ocr_carea' id='block_1_24' title="bbox 576 1998 2082 2088">
    <p class='ocr_par' dir='ltr' id='par_1_24' title="bbox 576 1998 2082 2088">
     <span class='ocr_line' id='line_1_24' title="bbox 576 1998 2082 2088; baseline 0.007 -21"><span class='ocrx_word' id='word_1_132' title='bbox 576 1998 833 2070; x_wconf 17' lang='lat' dir='ltr'><strong>TllEO‘R.</strong></span> <span class='ocrx_word' id='word_1_133' title='bbox 862 2014 918 2070; x_wconf 86' lang='lat' dir='ltr'><strong>Si</strong></span> <span class='ocrx_word' id='word_1_134' title='bbox 949 2017 1015 2070; x_wconf 90' lang='lat' dir='ltr'><strong>de</strong></span> <span class='ocrx_word' id='word_1_135' title='bbox 1044 2015 1149 2071; x_wconf 89' lang='lat' dir='ltr'><strong>alio</strong></span> <span class='ocrx_word' id='word_1_136' title='bbox 1172 2016 1364 2086; x_wconf 82' lang='lat' dir='ltr'><strong>quovis</strong></span> <span class='ocrx_word' id='word_1_137' title='bbox 1397 2018 1677 2088; x_wconf 88' lang='lat' dir='ltr'><strong>proposito</strong></span> <span class='ocrx_word' id='word_1_138' title='bbox 1728 2032 1941 2075; x_wconf 84' lang='lat' dir='ltr'><strong>mecum</strong></span> <span class='ocrx_word' id='word_1_139' title='bbox 1996 2018 2082 2077; x_wconf 79' lang='lat' dir='ltr'><strong>vis</strong></span> 
     </span>
    </p>
   </div>
   <div class='ocr_carea' id='block_1_25' title="bbox 509 2104 2081 2180">
    <p class='ocr_par' dir='ltr' id='par_1_25' title="bbox 509 2104 2081 2180">
     <span class='ocr_line' id='line_1_25' title="bbox 509 2104 2081 2180; baseline 0.006 -21"><span class='ocrx_word' id='word_1_140' title='bbox 509 2104 784 2174; x_wconf 82' lang='lat' dir='ltr'><strong>disputare</strong></span> <span class='ocrx_word' id='word_1_141' title='bbox 844 2121 910 2161; x_wconf 82' lang='lat' dir='ltr'><strong>ex</strong></span> <span class='ocrx_word' id='word_1_142' title='bbox 981 2106 1325 2163; x_wconf 85' lang='lat' dir='ltr'><strong>ethnicorum</strong></span> <span class='ocrx_word' id='word_1_143' title='bbox 1380 2125 1565 2164; x_wconf 86' lang='lat' dir='ltr'><strong>norma</strong></span> <span class='ocrx_word' id='word_1_144' title='bbox 1595 2110 1940 2180; x_wconf 86' lang='lat' dir='ltr'><strong>sapientium,</strong></span> <span class='ocrx_word' id='word_1_145' title='bbox 1970 2127 2081 2168; x_wconf 86' lang='lat' dir='ltr'><strong>non</strong></span> 
     </span>
    </p>
   </div>
   <div class='ocr_carea' id='block_1_26' title="bbox 510 2186 2082 2273">
    <p class='ocr_par' dir='ltr' id='par_1_26' title="bbox 510 2186 2082 2273">
     <span class='ocr_line' id='line_1_26' title="bbox 510 2186 2082 2273; baseline 0.005 -20"><span class='ocrx_word' id='word_1_146' title='bbox 510 2186 731 2267; x_wconf 87' lang='lat' dir='ltr'><strong>recuso;</strong></span> <span class='ocrx_word' id='word_1_147' title='bbox 795 2216 984 2255; x_wconf 84' lang='lat' dir='ltr'><strong>verum</strong></span> <span class='ocrx_word' id='word_1_148' title='bbox 1031 2201 1307 2256; x_wconf 81' lang='lat' dir='ltr'><strong>enimvero</strong></span> <span class='ocrx_word' id='word_1_149' title='bbox 1334 2203 1400 2257; x_wconf 86' lang='lat' dir='ltr'><strong>de</strong></span> <span class='ocrx_word' id='word_1_150' title='bbox 1465 2202 1898 2261; x_wconf 77' lang='lat' dir='ltr'><strong>ChriStianorum</strong></span> <span class='ocrx_word' id='word_1_151' title='bbox 1954 2208 2082 2273; x_wconf 86' lang='lat' dir='ltr'><strong>ﬁde,</strong></span> 
     </span>
    </p>
   </div>
   <div class='ocr_carea' id='block_1_27' title="bbox 510 2293 2081 2368">
    <p class='ocr_par' dir='ltr' id='par_1_27' title="bbox 510 2293 2081 2368">
     <span class='ocr_line' id='line_1_27' title="bbox 510 2293 2081 2368; baseline 0.004 -22"><span class='ocrx_word' id='word_1_152' title='bbox 510 2295 611 2347; x_wconf 82' lang='lat' dir='ltr'><strong>nisi</strong></span> <span class='ocrx_word' id='word_1_153' title='bbox 660 2294 956 2348; x_wconf 85' lang='lat' dir='ltr'><strong>secundum</strong></span> <span class='ocrx_word' id='word_1_154' title='bbox 1020 2293 1364 2350; x_wconf 88' lang='lat' dir='ltr'><strong>deﬁnitiones</strong></span> <span class='ocrx_word' id='word_1_155' title='bbox 1400 2296 1770 2368; x_wconf 79' lang='lat' dir='ltr'><strong>theologorum</strong></span> <span class='ocrx_word' id='word_1_156' title='bbox 1802 2296 2081 2367; x_wconf 69' lang='lat' dir='ltr'><strong>Ecclesiae,</strong></span> 
     </span>
    </p>
   </div>
   <div class='ocr_carea' id='block_1_28' title="bbox 510 2386 2085 2458">
    <p class='ocr_par' dir='ltr' id='par_1_28' title="bbox 510 2386 2085 2458">
     <span class='ocr_line' id='line_1_28' title="bbox 510 2386 2085 2458; baseline 0.003 -18"><span class='ocrx_word' id='word_1_157' title='bbox 510 2395 821 2441; x_wconf 84' lang='lat' dir='ltr'><strong>sanctorum</strong></span> <span class='ocrx_word' id='word_1_158' title='bbox 877 2386 1284 2456; x_wconf 86' lang='lat' dir='ltr'><strong>apostolorum,</strong></span> <span class='ocrx_word' id='word_1_159' title='bbox 1349 2388 1525 2442; x_wconf 81' lang='lat' dir='ltr'><strong>sancti</strong></span> <span class='ocrx_word' id='word_1_160' title='bbox 1590 2386 1831 2458; x_wconf 86' lang='lat' dir='ltr'><strong>Dionysii</strong></span> <span class='ocrx_word' id='word_1_161' title='bbox 1915 2387 2085 2444; x_wconf 83' lang='lat' dir='ltr'><strong>Areo-</strong></span> 
     </span>
    </p>
   </div>
   <div class='ocr_carea' id='block_1_29' title="bbox 510 2478 2081 2552">
    <p class='ocr_par' dir='ltr' id='par_1_29' title="bbox 510 2478 2081 2552">
     <span class='ocr_line' id='line_1_29' title="bbox 510 2478 2081 2552; baseline 0.003 -22"><span class='ocrx_word' id='word_1_162' title='bbox 510 2478 726 2548; x_wconf 67' lang='lat' dir='ltr'><strong>pagitaa,</strong></span> <span class='ocrx_word' id='word_1_163' title='bbox 771 2478 947 2535; x_wconf 83' lang='lat' dir='ltr'><strong>sancti</strong></span> <span class='ocrx_word' id='word_1_164' title='bbox 982 2478 1289 2546; x_wconf 83' lang='lat' dir='ltr'><strong>Athanasii,</strong></span> <span class='ocrx_word' id='word_1_165' title='bbox 1320 2490 1627 2535; x_wconf 88' lang='lat' dir='ltr'><strong>sanctorum</strong></span> <span class='ocrx_word' id='word_1_166' title='bbox 1674 2479 2081 2552; x_wconf 85' lang='lat' dir='ltr'><strong>Gregoriorum,</strong></span> 
     </span>
    </p>
   </div>
   <div class='ocr_carea' id='block_1_30' title="bbox 509 2569 2083 2643">
    <p class='ocr_par' dir='ltr' id='par_1_30' title="bbox 509 2569 2083 2643">
     <span class='ocr_line' id='line_1_30' title="bbox 509 2569 2083 2643; baseline 0.003 -18"><span class='ocrx_word' id='word_1_167' title='bbox 509 2569 691 2636; x_wconf 82' lang='lat' dir='ltr'><strong>magni</strong></span> <span class='ocrx_word' id='word_1_168' title='bbox 745 2569 968 2635; x_wconf 80' lang='lat' dir='ltr'><strong>Basilii,</strong></span> <span class='ocrx_word' id='word_1_169' title='bbox 1017 2579 1179 2641; x_wconf 86' lang='lat' dir='ltr'><strong>atque</strong></span> <span class='ocrx_word' id='word_1_170' title='bbox 1234 2571 1604 2639; x_wconf 87' lang='lat' dir='ltr'><strong>reliquorum,</strong></span> <span class='ocrx_word' id='word_1_171' title='bbox 1667 2572 2083 2643; x_wconf 87' lang='lat' dir='ltr'><strong>disputationem</strong></span> 
     </span>
    </p>
   </div>
   <div class='ocr_carea' id='block_1_31' title="bbox 512 2661 2083 2735">
    <p class='ocr_par' dir='ltr' id='par_1_31' title="bbox 512 2661 2083 2735">
     <span class='ocr_line' id='line_1_31' title="bbox 512 2661 2083 2735; baseline 0.004 -20"><span class='ocrx_word' id='word_1_172' title='bbox 512 2661 794 2717; x_wconf 88' lang='lat' dir='ltr'><strong>instituere</strong></span> <span class='ocrx_word' id='word_1_173' title='bbox 856 2663 974 2727; x_wconf 83' lang='lat' dir='ltr'><strong>vis&#39;,</strong></span> <span class='ocrx_word' id='word_1_174' title='bbox 1058 2678 1125 2719; x_wconf 87' lang='lat' dir='ltr'><strong>ne</strong></span> <span class='ocrx_word' id='word_1_175' title='bbox 1177 2677 1277 2735; x_wconf 88' lang='lat' dir='ltr'><strong>ego</strong></span> <span class='ocrx_word' id='word_1_176' title='bbox 1337 2664 1555 2735; x_wconf 85' lang='lat' dir='ltr'><strong>quidem</strong></span> <span class='ocrx_word' id='word_1_177' title='bbox 1625 2667 1845 2722; x_wconf 87' lang='lat' dir='ltr'><strong>verbum</strong></span> <span class='ocrx_word' id='word_1_178' title='bbox 1908 2678 2083 2723; x_wconf 89' lang='lat' dir='ltr'><strong>tecum</strong></span> 
     </span>
    </p>
   </div>
   <div class='ocr_carea' id='block_1_32' title="bbox 511 2753 2088 2828">
    <p class='ocr_par' dir='ltr' id='par_1_32' title="bbox 511 2753 2088 2828">
     <span class='ocr_line' id='line_1_32' title="bbox 511 2753 2088 2828; baseline 0.003 -21"><span class='ocrx_word' id='word_1_179' title='bbox 511 2754 880 2809; x_wconf 84' lang='lat' dir='ltr'><strong>commutabo.</strong></span> <span class='ocrx_word' id='word_1_180' title='bbox 908 2753 1061 2821; x_wconf 88' lang='lat' dir='ltr'><strong>Quod</strong></span> <span class='ocrx_word' id='word_1_181' title='bbox 1086 2755 1131 2811; x_wconf 89' lang='lat' dir='ltr'><strong>si</strong></span> <span class='ocrx_word' id='word_1_182' title='bbox 1176 2763 1233 2810; x_wconf 90' lang='lat' dir='ltr'><strong>tu</strong></span> <span class='ocrx_word' id='word_1_183' title='bbox 1264 2756 1397 2813; x_wconf 85' lang='lat' dir='ltr'><strong>adeo</strong></span> <span class='ocrx_word' id='word_1_184' title='bbox 1423 2756 1778 2828; x_wconf 68' lang='lat' dir='ltr'><strong>philosonhim</strong></span> <span class='ocrx_word' id='word_1_185' title='bbox 1810 2767 1914 2815; x_wconf 69' lang='lat' dir='ltr'><strong>ture</strong></span> <span class='ocrx_word' id='word_1_186' title='bbox 1940 2773 2088 2813; x_wconf 86' lang='lat' dir='ltr'><strong>con-</strong></span> 
     </span>
    </p>
   </div>
   <div class='ocr_carea' id='block_1_33' title="bbox 513 2846 2088 2920">
    <p class='ocr_par' dir='ltr' id='par_1_33' title="bbox 513 2846 2088 2920">
     <span class='ocr_line' id='line_1_33' title="bbox 513 2846 2088 2920; baseline 0.004 -19"><span class='ocrx_word' id='word_1_187' title='bbox 513 2846 661 2911; x_wconf 87' lang='lat' dir='ltr'><strong>ﬁdis,</strong></span> <span class='ocrx_word' id='word_1_188' title='bbox 709 2846 1026 2904; x_wconf 85' lang='lat' dir='ltr'><strong>deﬁniamus</strong></span> <span class='ocrx_word' id='word_1_189' title='bbox 1060 2850 1112 2903; x_wconf 90' lang='lat' dir='ltr'><strong>in</strong></span> <span class='ocrx_word' id='word_1_190' title='bbox 1157 2849 1348 2920; x_wconf 88' lang='lat' dir='ltr'><strong>primis</strong></span> <span class='ocrx_word' id='word_1_191' title='bbox 1404 2861 1635 2919; x_wconf 84' lang='lat' dir='ltr'><strong>quatuor</strong></span> <span class='ocrx_word' id='word_1_192' title='bbox 1670 2850 1804 2917; x_wconf 70' lang='lat' dir='ltr'><strong>haec,</strong></span> <span class='ocrx_word' id='word_1_193' title='bbox 1834 2852 2088 2907; x_wconf 86' lang='lat' dir='ltr'><strong>substan-</strong></span> 
     </span>
    </p>
   </div>
   <div class='ocr_carea' id='block_1_34' title="bbox 514 2939 2089 3012">
    <p class='ocr_par' dir='ltr' id='par_1_34' title="bbox 514 2939 2089 3012">
     <span class='ocr_line' id='line_1_34' title="bbox 514 2939 2089 3012; baseline 0.003 -19"><span class='ocrx_word' id='word_1_194' title='bbox 514 2939 669 3005; x_wconf 86' lang='lat' dir='ltr'><strong>tiam,</strong></span> <span class='ocrx_word' id='word_1_195' title='bbox 728 2950 1004 3005; x_wconf 86' lang='lat' dir='ltr'><strong>naturam,</strong></span> <span class='ocrx_word' id='word_1_196' title='bbox 1046 2939 1424 3012; x_wconf 86' lang='lat' dir='ltr'><strong>hypostasim,</strong></span> <span class='ocrx_word' id='word_1_197' title='bbox 1472 2952 1526 2997; x_wconf 88' lang='lat' dir='ltr'><strong>et</strong></span> <span class='ocrx_word' id='word_1_198' title='bbox 1580 2956 1885 3010; x_wconf 85' lang='lat' dir='ltr'><strong>personam,</strong></span> <span class='ocrx_word' id='word_1_199' title='bbox 1933 2940 2089 3011; x_wconf 77' lang='lat' dir='ltr'><strong>juxta</strong></span> 
     </span>
    </p>
   </div>
   <div class='ocr_carea' id='block_1_35' title="bbox 514 3031 2091 3104">
    <p class='ocr_par' dir='ltr' id='par_1_35' title="bbox 514 3031 2091 3104">
     <span class='ocr_line' id='line_1_35' title="bbox 514 3031 2091 3104; baseline 0.002 -17"><span class='ocrx_word' id='word_1_200' title='bbox 514 3034 668 3088; x_wconf 86' lang='lat' dir='ltr'><strong>divos</strong></span> <span class='ocrx_word' id='word_1_201' title='bbox 695 3031 919 3100; x_wconf 77' lang='lat' dir='ltr'><strong>Patres;</strong></span> <span class='ocrx_word' id='word_1_202' title='bbox 957 3041 1122 3101; x_wconf 84' lang='lat' dir='ltr'><strong>atque</strong></span> <span class='ocrx_word' id='word_1_203' title='bbox 1144 3031 1243 3088; x_wconf 89' lang='lat' dir='ltr'><strong>has</strong></span> <span class='ocrx_word' id='word_1_204' title='bbox 1267 3031 1618 3090; x_wconf 86' lang='lat' dir='ltr'><strong>deﬁnitiones</strong></span> <span class='ocrx_word' id='word_1_205' title='bbox 1640 3048 1737 3089; x_wconf 88' lang='lat' dir='ltr'><strong>ceu</strong></span> <span class='ocrx_word' id='word_1_206' title='bbox 1765 3033 2091 3104; x_wconf 83' lang='lat' dir='ltr'><strong>propositio-</strong></span> 
     </span>
    </p>
   </div>
   <div class='ocr_carea' id='block_1_36' title="bbox 2172 805 3727 879">
    <p class='ocr_par' dir='ltr' id='par_1_36' title="bbox 2172 805 3727 879">
     <span class='ocr_line' id='line_1_36' title="bbox 2172 805 3727 879; baseline 0.001 -19"><span class='ocrx_word' id='word_1_207' title='bbox 2172 805 2506 861; x_wconf 80' lang='grc' dir='ltr'><strong>διδασκάλων</strong></span> <span class='ocrx_word' id='word_1_208' title='bbox 2532 806 2630 876; x_wconf 83' lang='grc' dir='ltr'>τῆς</span> <span class='ocrx_word' id='word_1_209' title='bbox 2652 805 3010 875; x_wconf 85' lang='grc' dir='ltr'>-Ἐκκλησίας,</span> <span class='ocrx_word' id='word_1_210' title='bbox 3036 806 3275 875; x_wconf 81' lang='grc' dir='ltr'><strong>εὐλόγως</strong></span> <span class='ocrx_word' id='word_1_211' title='bbox 3307 806 3406 861; x_wconf 80' lang='grc' dir='ltr'>οὐκ</span> <span class='ocrx_word' id='word_1_212' title='bbox 3435 805 3727 879; x_wconf 72' lang='grc' dir='ltr'>ἠϐουλήθην</span> 
     </span>
    </p>
   </div>
   <div class='ocr_carea' id='block_1_37' title="bbox 2174 898 3727 972">
    <p class='ocr_par' dir='ltr' id='par_1_37' title="bbox 2174 898 3727 972">
     <span class='ocr_line' id='line_1_37' title="bbox 2174 898 3727 972; baseline -0.001 -18"><span class='ocrx_word' id='word_1_213' title='bbox 2174 904 2303 972; x_wconf 71' lang='grc' dir='ltr'>περὶ</span> <span class='ocrx_word' id='word_1_214' title='bbox 2333 899 2434 970; x_wconf 78' lang='grc' dir='ltr'><strong>τῆς</strong></span> <span class='ocrx_word' id='word_1_215' title='bbox 2464 900 2701 962; x_wconf 85' lang='grc' dir='ltr'>πίστεως</span> <span class='ocrx_word' id='word_1_216' title='bbox 2721 899 2831 953; x_wconf 85' lang='grc' dir='ltr'><strong>τῶν</strong></span> <span class='ocrx_word' id='word_1_217' title='bbox 2854 899 3201 971; x_wconf 78' lang='grc' dir='ltr'><strong>Χριστιανῶν</strong></span> <span class='ocrx_word' id='word_1_218' title='bbox 3253 901 3392 970; x_wconf 61' lang='grc' dir='ltr'>μετὰ</span> <span class='ocrx_word' id='word_1_219' title='bbox 3431 898 3524 953; x_wconf 76' lang='grc' dir='ltr'>σοῦ</span> <span class='ocrx_word' id='word_1_220' title='bbox 3550 916 3727 953; x_wconf 85' lang='grc' dir='ltr'>συντυ-</span> 
     </span>
    </p>
   </div>
   <div class='ocr_carea' id='block_1_38' title="bbox 2173 989 3730 1064">
    <p class='ocr_par' dir='ltr' id='par_1_38' title="bbox 2173 989 3730 1064">
     <span class='ocr_line' id='line_1_38' title="bbox 2173 989 3730 1064; baseline 0.001 -20"><span class='ocrx_word' id='word_1_221' title='bbox 2173 995 2288 1063; x_wconf 86' lang='grc' dir='ltr'>χεῖν</span> <span class='ocrx_word' id='word_1_222' title='bbox 2308 1009 2321 1023; x_wconf 73' lang='grc' dir='ltr'><strong><em>ο</em></strong></span> <span class='ocrx_word' id='word_1_223' title='bbox 2355 992 2418 1045; x_wconf 78' lang='grc' dir='ltr'><strong>ἐκ</strong></span> <span class='ocrx_word' id='word_1_224' title='bbox 2447 991 2558 1064; x_wconf 81' lang='grc' dir='ltr'>γὰρ</span> <span class='ocrx_word' id='word_1_225' title='bbox 2586 989 2846 1064; x_wconf 78' lang='grc' dir='ltr'>βορϐόρου</span> <span class='ocrx_word' id='word_1_226' title='bbox 2864 989 3036 1064; x_wconf 80' lang='grc' dir='ltr'>μύρον</span> <span class='ocrx_word' id='word_1_227' title='bbox 3060 990 3270 1047; x_wconf 82' lang='grc' dir='ltr'>ἀντλεῖν</span> <span class='ocrx_word' id='word_1_228' title='bbox 3298 992 3551 1046; x_wconf 77' lang='grc' dir='ltr'>οὐδέποτε</span> <span class='ocrx_word' id='word_1_229' title='bbox 3579 991 3730 1064; x_wconf 73' lang='grc' dir='ltr'>ἡκού-</span> 
     </span>
    </p>
   </div>
   <div class='ocr_carea' id='block_1_39' title="bbox 2175 1084 2300 1158">
    <p class='ocr_par' dir='ltr' id='par_1_39' title="bbox 2175 1084 2300 1158">
     <span class='ocr_line' id='line_1_39' title="bbox 2175 1084 2300 1158; baseline 0.016 -19"><span class='ocrx_word' id='word_1_230' title='bbox 2175 1084 2300 1158; x_wconf 88' lang='grc' dir='ltr'>σθη.</span> 
     </span>
    </p>
   </div>
   <div class='ocr_carea' id='block_1_40' title="bbox 2245 1175 3735 1252">
    <p class='ocr_par' dir='ltr' id='par_1_40' title="bbox 2245 1175 3735 1252">
     <span class='ocr_line' id='line_1_40' title="bbox 2245 1175 3735 1252; baseline 0 -19"><span class='ocrx_word' id='word_1_231' title='bbox 2245 1179 2440 1236; x_wconf 84' lang='grc' dir='ltr'>ΘΕΟΔ.</span> <span class='ocrx_word' id='word_1_232' title='bbox 2472 1180 2586 1235; x_wconf 70' lang='grc' dir='ltr'>Οὐκ</span> <span class='ocrx_word' id='word_1_233' title='bbox 2605 1175 2750 1243; x_wconf 78' lang='grc' dir='ltr'>οἶδας</span> <span class='ocrx_word' id='word_1_234' title='bbox 2777 1179 2860 1234; x_wconf 80' lang='grc' dir='ltr'><strong>ὅτι</strong></span> <span class='ocrx_word' id='word_1_235' title='bbox 2890 1180 2939 1234; x_wconf 82' lang='grc' dir='ltr'>οε</span> <span class='ocrx_word' id='word_1_236' title='bbox 2962 1180 3060 1249; x_wconf 79' lang='grc' dir='ltr'>τῆς</span> <span class='ocrx_word' id='word_1_237' title='bbox 3101 1179 3425 1252; x_wconf 83' lang='grc' dir='ltr'>Ἐκκλησίας</span> <span class='ocrx_word' id='word_1_238' title='bbox 3459 1180 3735 1251; x_wconf 78' lang='grc' dir='ltr'><strong>φωστῆρες</strong></span> 
     </span>
    </p>
   </div>
   <div class='ocr_carea' id='block_1_41' title="bbox 2174 1269 3735 1345">
    <p class='ocr_par' dir='ltr' id='par_1_41' title="bbox 2174 1269 3735 1345">
     <span class='ocr_line' id='line_1_41' title="bbox 2174 1269 3735 1345; baseline -0.001 -18"><span class='ocrx_word' id='word_1_239' title='bbox 2174 1274 2275 1345; x_wconf 75' lang='grc' dir='ltr'>τὴν</span> <span class='ocrx_word' id='word_1_240' title='bbox 2305 1275 2504 1343; x_wconf 88' lang='grc' dir='ltr'>γνῶσιν</span> <span class='ocrx_word' id='word_1_241' title='bbox 2536 1273 2643 1330; x_wconf 74' lang='grc' dir='ltr'><strong>ἀπὸ</strong></span> <span class='ocrx_word' id='word_1_242' title='bbox 2672 1274 2780 1330; x_wconf 76' lang='grc' dir='ltr'><strong>τῶν</strong></span> <span class='ocrx_word' id='word_1_243' title='bbox 2804 1272 2906 1339; x_wconf 76' lang='grc' dir='ltr'><strong>ἔξω</strong></span> <span class='ocrx_word' id='word_1_244' title='bbox 2938 1272 3119 1343; x_wconf 81' lang='grc' dir='ltr'>σοφῶν</span> <span class='ocrx_word' id='word_1_245' title='bbox 3158 1273 3592 1344; x_wconf 77' lang='grc' dir='ltr'>ἐκαρπώσαντο;</span> <span class='ocrx_word' id='word_1_246' title='bbox 3648 1269 3735 1325; x_wconf 80' lang='grc' dir='ltr'>καὶ</span> 
     </span>
    </p>
   </div>
   <div class='ocr_carea' id='block_1_42' title="bbox 2177 1364 3737 1440">
    <p class='ocr_par' dir='ltr' id='par_1_42' title="bbox 2177 1364 3737 1440">
     <span class='ocr_line' id='line_1_42' title="bbox 2177 1364 3737 1440; baseline -0.003 -17"><span class='ocrx_word' id='word_1_247' title='bbox 2177 1369 2290 1423; x_wconf 75' lang='grc' dir='ltr'>ὅσοι</span> <span class='ocrx_word' id='word_1_248' title='bbox 2319 1368 2425 1423; x_wconf 82' lang='grc' dir='ltr'><strong>τῶν</strong></span> <span class='ocrx_word' id='word_1_249' title='bbox 2455 1366 2629 1436; x_wconf 92' lang='grc' dir='ltr'>ἁγίων</span> <span class='ocrx_word' id='word_1_250' title='bbox 2675 1367 2775 1438; x_wconf 81' lang='grc' dir='ltr'><strong>τῆς</strong></span> <span class='ocrx_word' id='word_1_251' title='bbox 2823 1368 3138 1440; x_wconf 67' lang='grc' dir='ltr'>ἐπιστήμης</span> <span class='ocrx_word' id='word_1_252' title='bbox 3168 1366 3269 1436; x_wconf 81' lang='grc' dir='ltr'>τῆς</span> <span class='ocrx_word' id='word_1_253' title='bbox 3311 1364 3415 1431; x_wconf 75' lang='grc' dir='ltr'><strong>ἔξω</strong></span> <span class='ocrx_word' id='word_1_254' title='bbox 3465 1365 3565 1419; x_wconf 70' lang='grc' dir='ltr'><strong>οὒκ</strong></span> <span class='ocrx_word' id='word_1_255' title='bbox 3592 1367 3737 1419; x_wconf 77' lang='grc' dir='ltr'>ἐπαι-</span> 
     </span>
    </p>
   </div>
   <div class='ocr_carea' id='block_1_43' title="bbox 2175 1457 3741 1530">
    <p class='ocr_par' dir='ltr' id='par_1_43' title="bbox 2175 1457 3741 1530">
     <span class='ocr_line' id='line_1_43' title="bbox 2175 1457 3741 1530; baseline -0.003 -15"><span class='ocrx_word' id='word_1_256' title='bbox 2175 1462 2464 1530; x_wconf 82' lang='grc' dir='ltr'>δεύθησαν,</span> <span class='ocrx_word' id='word_1_257' title='bbox 2493 1459 2696 1515; x_wconf 74' lang='grc' dir='ltr'>ἰδιῶταί</span> <span class='ocrx_word' id='word_1_258' title='bbox 2723 1461 2829 1514; x_wconf 89' lang='grc' dir='ltr'>είσι</span> <span class='ocrx_word' id='word_1_259' title='bbox 2850 1459 2947 1515; x_wconf 72' lang='grc' dir='ltr'>καὶ</span> <span class='ocrx_word' id='word_1_260' title='bbox 2984 1460 3375 1530; x_wconf 76' lang='grc' dir='ltr'>ἁγρὰμματοις</span> <span class='ocrx_word' id='word_1_261' title='bbox 3415 1457 3532 1511; x_wconf 84' lang='grc' dir='ltr'><strong>Νῦν</strong></span> <span class='ocrx_word' id='word_1_262' title='bbox 3559 1458 3614 1510; x_wconf 79' lang='grc' dir='ltr'>δὲ</span> <span class='ocrx_word' id='word_1_263' title='bbox 3642 1459 3741 1511; x_wconf 79' lang='grc' dir='ltr'><strong>πά-</strong></span> 
     </span>
    </p>
   </div>
   <div class='ocr_carea' id='block_1_44' title="bbox 2176 1548 3742 1624">
    <p class='ocr_par' dir='ltr' id='par_1_44' title="bbox 2176 1548 3742 1624">
     <span class='ocr_line' id='line_1_44' title="bbox 2176 1548 3742 1624; baseline -0.003 -16"><span class='ocrx_word' id='word_1_264' title='bbox 2176 1556 2262 1611; x_wconf 89' lang='grc' dir='ltr'><strong>λιν</strong></span> <span class='ocrx_word' id='word_1_265' title='bbox 2289 1553 2431 1624; x_wconf 80' lang='grc' dir='ltr'>λέγω</span> <span class='ocrx_word' id='word_1_266' title='bbox 2463 1571 2546 1609; x_wconf 88' lang='grc' dir='ltr'><strong>σοι</strong></span> <span class='ocrx_word' id='word_1_267' title='bbox 2590 1553 2619 1609; x_wconf 83' lang='grc' dir='ltr'><strong>δ</strong></span> <span class='ocrx_word' id='word_1_268' title='bbox 2645 1553 2741 1610; x_wconf 74' lang='grc' dir='ltr'><strong>καὶ</strong></span> <span class='ocrx_word' id='word_1_269' title='bbox 2772 1554 2893 1609; x_wconf 79' lang='grc' dir='ltr'>τότε</span> <span class='ocrx_word' id='word_1_270' title='bbox 2923 1548 3099 1621; x_wconf 74' lang='grc' dir='ltr'>εἷπον,</span> <span class='ocrx_word' id='word_1_271' title='bbox 3147 1554 3198 1607; x_wconf 79' lang='lat' dir='ltr'><strong>si</strong></span> <span class='ocrx_word' id='word_1_272' title='bbox 3234 1553 3333 1623; x_wconf 74' lang='grc' dir='ltr'><strong>μὲν</strong></span> <span class='ocrx_word' id='word_1_273' title='bbox 3372 1551 3479 1607; x_wconf 81' lang='grc' dir='ltr'><strong>ἁπδ</strong></span> <span class='ocrx_word' id='word_1_274' title='bbox 3511 1550 3619 1604; x_wconf 86' lang='grc' dir='ltr'><strong>τῶν</strong></span> <span class='ocrx_word' id='word_1_275' title='bbox 3644 1550 3742 1616; x_wconf 77' lang='grc' dir='ltr'><strong>ἔξω</strong></span> 
     </span>
    </p>
   </div>
   <div class='ocr_carea' id='block_1_45' title="bbox 2179 1644 3743 1719">
    <p class='ocr_par' dir='ltr' id='par_1_45' title="bbox 2179 1644 3743 1719">
     <span class='ocr_line' id='line_1_45' title="bbox 2179 1644 3743 1719; baseline -0.004 -16"><span class='ocrx_word' id='word_1_276' title='bbox 2179 1649 2358 1717; x_wconf 82' lang='grc' dir='ltr'>σοφῶν</span> <span class='ocrx_word' id='word_1_277' title='bbox 2384 1648 2511 1719; x_wconf 79' lang='grc' dir='ltr'>αἱρῇ</span> <span class='ocrx_word' id='word_1_278' title='bbox 2548 1646 2666 1718; x_wconf 85' lang='grc' dir='ltr'>μεθ’</span> <span class='ocrx_word' id='word_1_279' title='bbox 2695 1646 2854 1718; x_wconf 79' lang='grc' dir='ltr'>ἡμῶν</span> <span class='ocrx_word' id='word_1_280' title='bbox 2885 1647 3185 1718; x_wconf 78' lang='grc' dir='ltr'>συντυχεῖν,</span> <span class='ocrx_word' id='word_1_281' title='bbox 3236 1644 3459 1715; x_wconf 68' lang='grc' dir='ltr'>ἕτοιμός</span> <span class='ocrx_word' id='word_1_282' title='bbox 3491 1645 3609 1714; x_wconf 84' lang='grc' dir='ltr'>είμι</span> <span class='ocrx_word' id='word_1_283' title='bbox 3645 1644 3743 1697; x_wconf 78' lang='grc' dir='ltr'>δείο</span> 
     </span>
    </p>
   </div>
   <div class='ocr_carea' id='block_1_46' title="bbox 2109 1734 3745 1841">
    <p class='ocr_par' dir='ltr' id='par_1_46' title="bbox 2109 1734 3745 1841">
     <span class='ocr_line' id='line_1_46' title="bbox 2109 1734 3745 1841; baseline -0.005 -44"><span class='ocrx_word' id='word_1_284' title='bbox 2109 1784 2151 1841; x_wconf 69' lang='grc' dir='ltr'><strong><em>Β</em></strong></span> <span class='ocrx_word' id='word_1_285' title='bbox 2181 1741 2267 1810; x_wconf 70' lang='lat' dir='ltr'><strong>Eat</strong></span> <span class='ocrx_word' id='word_1_286' title='bbox 2299 1743 2465 1798; x_wconf 84' lang='grc' dir='ltr'>ὅτιτὸ</span> <span class='ocrx_word' id='word_1_287' title='bbox 2497 1741 2673 1812; x_wconf 74' lang='grc' dir='ltr'>δόγμα</span> <span class='ocrx_word' id='word_1_288' title='bbox 2706 1741 2816 1829; x_wconf 84' lang='grc' dir='ltr'><strong>τῶν</strong></span> <span class='ocrx_word' id='word_1_289' title='bbox 2844 1740 3035 1813; x_wconf 80' lang='grc' dir='ltr'>Σύρων</span> <span class='ocrx_word' id='word_1_290' title='bbox 3065 1738 3347 1807; x_wconf 80' lang='grc' dir='ltr'>ὀρθόδοξόν</span> <span class='ocrx_word' id='word_1_291' title='bbox 3387 1738 3577 1792; x_wconf 74' lang='grc' dir='ltr'>ἐστιν·</span> <span class='ocrx_word' id='word_1_292' title='bbox 3613 1736 3661 1791; x_wconf 81' lang='grc' dir='ltr'><strong>εί</strong></span> <span class='ocrx_word' id='word_1_293' title='bbox 3692 1734 3745 1790; x_wconf 74' lang='grc' dir='ltr'>δὶ</span> 
     </span>
    </p>
   </div>
   <div class='ocr_carea' id='block_1_47' title="bbox 2186 1826 3009 1909">
    <p class='ocr_par' dir='ltr' id='par_1_47' title="bbox 2186 1826 3009 1909">
     <span class='ocr_line' id='line_1_47' title="bbox 2186 1826 3009 1909; baseline -0.01 -15"><span class='ocrx_word' id='word_1_294' title='bbox 2186 1837 2282 1909; x_wconf 81' lang='grc' dir='ltr'><strong>μὴ,</strong></span> <span class='ocrx_word' id='word_1_295' title='bbox 2316 1836 2531 1901; x_wconf 81' lang='grc' dir='ltr'>οὐδενὸς</span> <span class='ocrx_word' id='word_1_296' title='bbox 2556 1833 2692 1902; x_wconf 78' lang='grc' dir='ltr'>ἀξιῶ</span> <span class='ocrx_word' id='word_1_297' title='bbox 2724 1826 2783 1889; x_wconf 87' lang='grc' dir='ltr'><strong>σε</strong></span> <span class='ocrx_word' id='word_1_298' title='bbox 2822 1833 3009 1905; x_wconf 70' lang='grc' dir='ltr'>λόγου.</span> 
     </span>
    </p>
   </div>
   <div class='ocr_carea' id='block_1_48' title="bbox 2265 2007 3741 2086">
    <p class='ocr_par' dir='ltr' id='par_1_48' title="bbox 2265 2007 3741 2086">
     <span class='ocr_line' id='line_1_48' title="bbox 2265 2007 3741 2086; baseline -0.005 -17"><span class='ocrx_word' id='word_1_299' title='bbox 2265 2016 2326 2069; x_wconf 85' lang='lat'><strong>&#39;0</strong></span> <span class='ocrx_word' id='word_1_300' title='bbox 2346 2012 2539 2070; x_wconf 84' lang='grc' dir='ltr'><strong>ΘΕΩΡ.</strong></span> <span class='ocrx_word' id='word_1_301' title='bbox 2567 2012 2695 2069; x_wconf 82' lang='grc' dir='ltr'><strong>Ἐὰν</strong></span> <span class='ocrx_word' id='word_1_302' title='bbox 2723 2011 2883 2086; x_wconf 81' lang='grc' dir='ltr'>θέλῃς</span> <span class='ocrx_word' id='word_1_303' title='bbox 2917 2010 3045 2081; x_wconf 68' lang='grc' dir='ltr'>περὶ</span> <span class='ocrx_word' id='word_1_304' title='bbox 3079 2008 3246 2082; x_wconf 80' lang='grc' dir='ltr'>ἄλλης</span> <span class='ocrx_word' id='word_1_305' title='bbox 3277 2010 3426 2075; x_wconf 79' lang='grc' dir='ltr'>τινὸς</span> <span class='ocrx_word' id='word_1_306' title='bbox 3445 2007 3741 2073; x_wconf 75' lang='grc' dir='ltr'>ὑποθέσεως</span> 
     </span>
    </p>
   </div>
   <div class='ocr_carea' id='block_1_49' title="bbox 2187 2097 3745 2177">
    <p class='ocr_par' dir='ltr' id='par_1_49' title="bbox 2187 2097 3745 2177">
     <span class='ocr_line' id='line_1_49' title="bbox 2187 2097 3745 2177; baseline -0.004 -18"><span class='ocrx_word' id='word_1_307' title='bbox 2187 2104 2308 2177; x_wconf 82' lang='grc' dir='ltr'>μεθ’</span> <span class='ocrx_word' id='word_1_308' title='bbox 2338 2104 2493 2177; x_wconf 75' lang='grc' dir='ltr'>ἡμῶν</span> <span class='ocrx_word' id='word_1_309' title='bbox 2523 2103 2869 2174; x_wconf 85' lang='grc' dir='ltr'>διαλεχθῆναι</span> <span class='ocrx_word' id='word_1_310' title='bbox 2904 2103 3012 2158; x_wconf 81' lang='grc' dir='ltr'><strong>ἀπὸ</strong></span> <span class='ocrx_word' id='word_1_311' title='bbox 3036 2102 3145 2156; x_wconf 85' lang='grc' dir='ltr'><strong>τῶν</strong></span> <span class='ocrx_word' id='word_1_312' title='bbox 3170 2102 3276 2168; x_wconf 72' lang='grc' dir='ltr'><strong>ἔξω</strong></span> <span class='ocrx_word' id='word_1_313' title='bbox 3306 2100 3511 2170; x_wconf 84' lang='grc' dir='ltr'>σοφῶν,</span> <span class='ocrx_word' id='word_1_314' title='bbox 3542 2097 3745 2169; x_wconf 73' lang='grc' dir='ltr'>ἕτοιμός</span> 
     </span>
    </p>
   </div>
   <div class='ocr_carea' id='block_1_50' title="bbox 2183 2183 3745 2269">
    <p class='ocr_par' dir='ltr' id='par_1_50' title="bbox 2183 2183 3745 2269">
     <span class='ocr_line' id='line_1_50' title="bbox 2183 2183 3745 2269; baseline -0.003 -17"><span class='ocrx_word' id='word_1_315' title='bbox 2183 2183 2336 2267; x_wconf 38' lang='lat' dir='ltr'><strong>clpa.&quot;</strong></span> <span class='ocrx_word' id='word_1_316' title='bbox 2392 2196 2520 2269; x_wconf 73' lang='grc' dir='ltr'>περὶ</span> <span class='ocrx_word' id='word_1_317' title='bbox 2553 2196 2609 2250; x_wconf 71' lang='grc' dir='ltr'>δὲ</span> <span class='ocrx_word' id='word_1_318' title='bbox 2642 2199 2741 2269; x_wconf 80' lang='grc' dir='ltr'>τῆς</span> <span class='ocrx_word' id='word_1_319' title='bbox 2768 2196 3006 2260; x_wconf 82' lang='grc' dir='ltr'>πίστεως</span> <span class='ocrx_word' id='word_1_320' title='bbox 3030 2196 3139 2250; x_wconf 85' lang='grc' dir='ltr'><strong>τῶν</strong></span> <span class='ocrx_word' id='word_1_321' title='bbox 3173 2195 3545 2267; x_wconf 76' lang='grc' dir='ltr'>Χριστιανῶν,</span> <span class='ocrx_word' id='word_1_322' title='bbox 3580 2194 3629 2247; x_wconf 75' lang='grc' dir='ltr'><strong>εἰ</strong></span> <span class='ocrx_word' id='word_1_323' title='bbox 3678 2193 3745 2266; x_wconf 79' lang='grc' dir='ltr'>μὴ</span> 
     </span>
    </p>
   </div>
   <div class='ocr_carea' id='block_1_51' title="bbox 2185 2287 3746 2361">
    <p class='ocr_par' dir='ltr' id='par_1_51' title="bbox 2185 2287 3746 2361">
     <span class='ocr_line' id='line_1_51' title="bbox 2185 2287 3746 2361; baseline -0.004 -15"><span class='ocrx_word' id='word_1_324' title='bbox 2185 2291 2323 2346; x_wconf 83' lang='grc' dir='ltr'><strong>κατὰ</strong></span> <span class='ocrx_word' id='word_1_325' title='bbox 2344 2291 2470 2354; x_wconf 81' lang='grc' dir='ltr'>τοὺς</span> <span class='ocrx_word' id='word_1_326' title='bbox 2502 2292 2663 2361; x_wconf 83' lang='grc' dir='ltr'>ὅρους</span> <span class='ocrx_word' id='word_1_327' title='bbox 2690 2289 2802 2344; x_wconf 89' lang='grc' dir='ltr'><strong>τῶν</strong></span> <span class='ocrx_word' id='word_1_328' title='bbox 2833 2288 3100 2359; x_wconf 78' lang='grc' dir='ltr'>θεολόγων</span> <span class='ocrx_word' id='word_1_329' title='bbox 3135 2290 3234 2361; x_wconf 83' lang='grc' dir='ltr'>τῆς</span> <span class='ocrx_word' id='word_1_330' title='bbox 3274 2288 3628 2359; x_wconf 80' lang='grc' dir='ltr'>Ἐκκλησίας,</span> <span class='ocrx_word' id='word_1_331' title='bbox 3646 2287 3746 2341; x_wconf 86' lang='grc' dir='ltr'><strong>τῶν</strong></span> 
     </span>
    </p>
   </div>
   <div class='ocr_carea' id='block_1_52' title="bbox 2186 2381 3750 2455">
    <p class='ocr_par' dir='ltr' id='par_1_52' title="bbox 2186 2381 3750 2455">
     <span class='ocr_line' id='line_1_52' title="bbox 2186 2381 3750 2455; baseline -0.004 -14"><span class='ocrx_word' id='word_1_332' title='bbox 2186 2384 2357 2455; x_wconf 86' lang='grc' dir='ltr'>ἁγίων</span> <span class='ocrx_word' id='word_1_333' title='bbox 2386 2384 2718 2448; x_wconf 72' lang='grc' dir='ltr'>ἀποστόλων,</span> <span class='ocrx_word' id='word_1_334' title='bbox 2743 2384 2837 2438; x_wconf 79' lang='grc' dir='ltr'>τοῦ</span> <span class='ocrx_word' id='word_1_335' title='bbox 2871 2383 3028 2452; x_wconf 88' lang='grc' dir='ltr'>ἁγίου</span> <span class='ocrx_word' id='word_1_336' title='bbox 3060 2382 3337 2438; x_wconf 79' lang='grc' dir='ltr'>Διονυσίου</span> <span class='ocrx_word' id='word_1_337' title='bbox 3364 2381 3463 2437; x_wconf 81' lang='grc' dir='ltr'>τοῦ</span> <span class='ocrx_word' id='word_1_338' title='bbox 3494 2382 3750 2451; x_wconf 78' lang='grc' dir='ltr'>Ἀρεοπα-</span> 
     </span>
    </p>
   </div>
   <div class='ocr_carea' id='block_1_53' title="bbox 2184 2473 3749 2549">
    <p class='ocr_par' dir='ltr' id='par_1_53' title="bbox 2184 2473 3749 2549">
     <span class='ocr_line' id='line_1_53' title="bbox 2184 2473 3749 2549; baseline -0.006 -16"><span class='ocrx_word' id='word_1_339' title='bbox 2184 2479 2360 2549; x_wconf 79' lang='grc' dir='ltr'>γίτου,</span> <span class='ocrx_word' id='word_1_340' title='bbox 2383 2477 2477 2533; x_wconf 78' lang='grc' dir='ltr'>τοῦ</span> <span class='ocrx_word' id='word_1_341' title='bbox 2503 2476 2661 2546; x_wconf 86' lang='grc' dir='ltr'>ἁγίου</span> <span class='ocrx_word' id='word_1_342' title='bbox 2699 2474 3039 2541; x_wconf 81' lang='grc' dir='ltr'>Ἀθανασίου,</span> <span class='ocrx_word' id='word_1_343' title='bbox 3084 2476 3192 2531; x_wconf 87' lang='grc' dir='ltr'><strong>τῶν</strong></span> <span class='ocrx_word' id='word_1_344' title='bbox 3222 2476 3391 2541; x_wconf 84' lang='grc' dir='ltr'>ἁγίων</span> <span class='ocrx_word' id='word_1_345' title='bbox 3422 2473 3749 2547; x_wconf 82' lang='grc' dir='ltr'>Γρηγορίων,</span> 
     </span>
    </p>
   </div>
   <div class='ocr_carea' id='block_1_54' title="bbox 2185 2565 3751 2641">
    <p class='ocr_par' dir='ltr' id='par_1_54' title="bbox 2185 2565 3751 2641">
     <span class='ocr_line' id='line_1_54' title="bbox 2185 2565 3751 2641; baseline -0.004 -15"><span class='ocrx_word' id='word_1_346' title='bbox 2185 2570 2279 2627; x_wconf 81' lang='grc' dir='ltr'>τοῦ</span> <span class='ocrx_word' id='word_1_347' title='bbox 2319 2571 2556 2641; x_wconf 81' lang='grc' dir='ltr'>μεγάλου</span> <span class='ocrx_word' id='word_1_348' title='bbox 2586 2569 2895 2634; x_wconf 84' lang='grc' dir='ltr'>Βασιλείου,</span> <span class='ocrx_word' id='word_1_349' title='bbox 2932 2570 3029 2622; x_wconf 77' lang='grc' dir='ltr'><strong>καὶ</strong></span> <span class='ocrx_word' id='word_1_350' title='bbox 3058 2568 3167 2623; x_wconf 85' lang='grc' dir='ltr'><strong>τῶν</strong></span> <span class='ocrx_word' id='word_1_351' title='bbox 3190 2568 3423 2631; x_wconf 79' lang='grc' dir='ltr'>λοιπῶν,</span> <span class='ocrx_word' id='word_1_352' title='bbox 3451 2566 3552 2639; x_wconf 78' lang='grc' dir='ltr'>τὴν</span> <span class='ocrx_word' id='word_1_353' title='bbox 3582 2565 3751 2621; x_wconf 74' lang='grc' dir='ltr'>διάλε-</span> 
     </span>
    </p>
   </div>
   <div class='ocr_carea' id='block_1_55' title="bbox 2188 2660 3748 2735">
    <p class='ocr_par' dir='ltr' id='par_1_55' title="bbox 2188 2660 3748 2735">
     <span class='ocr_line' id='line_1_55' title="bbox 2188 2660 3748 2735; baseline -0.003 -13"><span class='ocrx_word' id='word_1_354' title='bbox 2188 2667 2269 2734; x_wconf 81' lang='grc' dir='ltr'>ξιν</span> <span class='ocrx_word' id='word_1_355' title='bbox 2297 2666 2503 2731; x_wconf 78' lang='grc' dir='ltr'>ἐθέλεις</span> <span class='ocrx_word' id='word_1_356' title='bbox 2528 2666 2811 2735; x_wconf 77' lang='grc' dir='ltr'>γενέσθαι,</span> <span class='ocrx_word' id='word_1_357' title='bbox 2850 2663 2963 2718; x_wconf 78' lang='grc' dir='ltr'>οὐδ’</span> <span class='ocrx_word' id='word_1_358' title='bbox 2989 2664 3101 2732; x_wconf 73' lang='grc' dir='ltr'><strong>ἐγώ</strong></span> <span class='ocrx_word' id='word_1_359' title='bbox 3149 2681 3208 2719; x_wconf 75' lang='grc' dir='ltr'><strong>σε</strong></span> <span class='ocrx_word' id='word_1_360' title='bbox 3238 2662 3376 2730; x_wconf 81' lang='grc' dir='ltr'>ἀξιῶ</span> <span class='ocrx_word' id='word_1_361' title='bbox 3419 2661 3581 2731; x_wconf 86' lang='grc' dir='ltr'>λόγου</span> <span class='ocrx_word' id='word_1_362' title='bbox 3608 2660 3748 2718; x_wconf 62' lang='grc' dir='ltr'>ποτέ.</span> 
     </span>
    </p>
   </div>
   <div class='ocr_carea' id='block_1_56' title="bbox 2189 2754 3751 2832">
    <p class='ocr_par' dir='ltr' id='par_1_56' title="bbox 2189 2754 3751 2832">
     <span class='ocr_line' id='line_1_56' title="bbox 2189 2754 3751 2832; baseline -0.005 -16"><span class='ocrx_word' id='word_1_363' title='bbox 2189 2763 2251 2816; x_wconf 80' lang='grc' dir='ltr'><strong>Εἰ</strong></span> <span class='ocrx_word' id='word_1_364' title='bbox 2275 2762 2331 2816; x_wconf 78' lang='grc' dir='ltr'>δὲ</span> <span class='ocrx_word' id='word_1_365' title='bbox 2370 2759 2623 2815; x_wconf 77' lang='grc' dir='ltr'>τοσοῦτον</span> <span class='ocrx_word' id='word_1_366' title='bbox 2657 2760 2882 2832; x_wconf 73' lang='grc' dir='ltr'>θαρρεῖς</span> <span class='ocrx_word' id='word_1_367' title='bbox 2915 2761 2981 2831; x_wconf 80' lang='grc' dir='ltr'>τῇ</span> <span class='ocrx_word' id='word_1_368' title='bbox 3011 2758 3301 2830; x_wconf 76' lang='grc' dir='ltr'>φιλοσοφίᾳ</span> <span class='ocrx_word' id='word_1_369' title='bbox 3336 2773 3459 2823; x_wconf 84' lang='grc' dir='ltr'>σου,</span> <span class='ocrx_word' id='word_1_370' title='bbox 3490 2754 3751 2829; x_wconf 76' lang='grc' dir='ltr'>ὁρισώμεο</span> 
     </span>
    </p>
   </div>
   <div class='ocr_carea' id='block_1_57' title="bbox 2188 2847 3755 2926">
    <p class='ocr_par' dir='ltr' id='par_1_57' title="bbox 2188 2847 3755 2926">
     <span class='ocr_line' id='line_1_57' title="bbox 2188 2847 3755 2926; baseline -0.004 -16"><span class='ocrx_word' id='word_1_371' title='bbox 2188 2853 2257 2910; x_wconf 85' lang='grc' dir='ltr'><strong>θα</strong></span> <span class='ocrx_word' id='word_1_372' title='bbox 2283 2853 2460 2909; x_wconf 80' lang='grc' dir='ltr'>ταῦτα</span> <span class='ocrx_word' id='word_1_373' title='bbox 2492 2853 2712 2926; x_wconf 85' lang='grc' dir='ltr'>πρῶτον</span> <span class='ocrx_word' id='word_1_374' title='bbox 2743 2853 2813 2909; x_wconf 74' lang='grc' dir='ltr'>τὰ</span> <span class='ocrx_word' id='word_1_375' title='bbox 2844 2853 3113 2924; x_wconf 77' lang='grc' dir='ltr'>τέσσαρα,</span> <span class='ocrx_word' id='word_1_376' title='bbox 3146 2855 3248 2920; x_wconf 82' lang='grc' dir='ltr'>τὴν</span> <span class='ocrx_word' id='word_1_377' title='bbox 3298 2851 3518 2915; x_wconf 78' lang='grc' dir='ltr'>οὐσίαν,</span> <span class='ocrx_word' id='word_1_378' title='bbox 3545 2851 3641 2922; x_wconf 82' lang='grc' dir='ltr'>τὴν</span> <span class='ocrx_word' id='word_1_379' title='bbox 3660 2847 3755 2918; x_wconf 74' lang='grc' dir='ltr'>φύε-</span> 
     </span>
    </p>
   </div>
   <div class='ocr_carea' id='block_1_58' title="bbox 2192 2942 3753 3019">
    <p class='ocr_par' dir='ltr' id='par_1_58' title="bbox 2192 2942 3753 3019">
     <span class='ocr_line' id='line_1_58' title="bbox 2192 2942 3753 3019; baseline -0.003 -18"><span class='ocrx_word' id='word_1_380' title='bbox 2192 2964 2275 3001; x_wconf 90' lang='grc' dir='ltr'><strong>σιν</strong></span> <span class='ocrx_word' id='word_1_381' title='bbox 2314 2946 2453 3016; x_wconf 75' lang='grc'><strong>(58),</strong></span> <span class='ocrx_word' id='word_1_382' title='bbox 2481 2945 2583 3019; x_wconf 78' lang='grc' dir='ltr'>τὴν</span> <span class='ocrx_word' id='word_1_383' title='bbox 2636 2945 2963 3011; x_wconf 80' lang='grc' dir='ltr'>ὑπόστασιν,</span> <span class='ocrx_word' id='word_1_384' title='bbox 3018 2948 3118 3000; x_wconf 75' lang='grc' dir='ltr'><strong>καὶ</strong></span> <span class='ocrx_word' id='word_1_385' title='bbox 3166 2944 3226 2999; x_wconf 79' lang='grc' dir='ltr'>τὸ</span> <span class='ocrx_word' id='word_1_386' title='bbox 3264 2946 3590 3016; x_wconf 82' lang='grc' dir='ltr'>πρόσωπον,</span> <span class='ocrx_word' id='word_1_387' title='bbox 3623 2942 3753 2997; x_wconf 80' lang='grc' dir='ltr'><strong>κατὰ</strong></span> 
     </span>
    </p>
   </div>
   <div class='ocr_carea' id='block_1_59' title="bbox 2188 3037 3755 3110">
    <p class='ocr_par' dir='ltr' id='par_1_59' title="bbox 2188 3037 3755 3110">
     <span class='ocr_line' id='line_1_59' title="bbox 2188 3037 3755 3110; baseline -0.003 -17"><span class='ocrx_word' id='word_1_388' title='bbox 2188 3041 2316 3103; x_wconf 76' lang='grc' dir='ltr'>τοὺς</span> <span class='ocrx_word' id='word_1_389' title='bbox 2352 3038 2531 3103; x_wconf 80' lang='grc' dir='ltr'>θείους</span> <span class='ocrx_word' id='word_1_390' title='bbox 2565 3039 2836 3109; x_wconf 79' lang='grc' dir='ltr'>Πατέρας,</span> <span class='ocrx_word' id='word_1_391' title='bbox 2893 3039 2990 3093; x_wconf 79' lang='grc' dir='ltr'>καὶ</span> <span class='ocrx_word' id='word_1_392' title='bbox 3022 3037 3208 3108; x_wconf 81' lang='grc' dir='ltr'>θῶμεν</span> <span class='ocrx_word' id='word_1_393' title='bbox 3251 3037 3433 3093; x_wconf 82' lang='grc' dir='ltr'>ταῦτα</span> <span class='ocrx_word' id='word_1_394' title='bbox 3480 3038 3557 3103; x_wconf 83' lang='grc' dir='ltr'>ὡς</span> <span class='ocrx_word' id='word_1_395' title='bbox 3607 3037 3755 3110; x_wconf 81' lang='grc' dir='ltr'>ὅρους</span> 
     </span>
    </p>
   </div>
   <div class='ocr_carea' id='block_1_60' title="bbox 516 3126 2087 3203">
    <p class='ocr_par' dir='ltr' id='par_1_60' title="bbox 516 3126 2087 3198">
     <span class='ocr_line' id='line_1_60' title="bbox 516 3126 2087 3198; baseline 0.001 -17"><span class='ocrx_word' id='word_1_396' title='bbox 516 3141 645 3182; x_wconf 90' lang='lat' dir='ltr'><strong>num</strong></span> <span class='ocrx_word' id='word_1_397' title='bbox 705 3127 964 3182; x_wconf 87' lang='lat' dir='ltr'><strong>terminos</strong></span> <span class='ocrx_word' id='word_1_398' title='bbox 1008 3141 1277 3197; x_wconf 89' lang='lat' dir='ltr'><strong>ponamus</strong></span> <span class='ocrx_word' id='word_1_399' title='bbox 1324 3142 1340 3181; x_wconf 89' lang='lat'><strong>:</strong></span> <span class='ocrx_word' id='word_1_400' title='bbox 1389 3135 1519 3183; x_wconf 89' lang='lat' dir='ltr'><strong>tunc</strong></span> <span class='ocrx_word' id='word_1_401' title='bbox 1577 3128 1792 3182; x_wconf 88' lang='lat' dir='ltr'><strong>demum</strong></span> <span class='ocrx_word' id='word_1_402' title='bbox 1844 3126 2087 3198; x_wconf 81' lang='lat' dir='ltr'><strong>syllogis-</strong></span> 
     </span>
    </p>
   </div>
   <div class='ocr_carea' id='block_1_61' title="bbox 2186 3126 3755 3203">
    <p class='ocr_par' dir='ltr' id='par_1_61' title="bbox 2193 3129 3755 3203">
     <span class='ocr_line' id='line_1_61' title="bbox 2193 3129 3755 3203; baseline -0.002 -17"><span class='ocrx_word' id='word_1_403' title='bbox 2193 3131 2545 3202; x_wconf 80' lang='grc' dir='ltr'>προτάσεων,</span> <span class='ocrx_word' id='word_1_404' title='bbox 2582 3132 2679 3187; x_wconf 78' lang='grc' dir='ltr'><strong>καὶ</strong></span> <span class='ocrx_word' id='word_1_405' title='bbox 2708 3131 2833 3186; x_wconf 78' lang='grc' dir='ltr'>τότε</span> <span class='ocrx_word' id='word_1_406' title='bbox 2884 3132 2988 3203; x_wconf 78' lang='grc' dir='ltr'>τὴν</span> <span class='ocrx_word' id='word_1_407' title='bbox 3049 3130 3371 3202; x_wconf 81' lang='grc' dir='ltr'>συμπλοκὴν</span> <span class='ocrx_word' id='word_1_408' title='bbox 3416 3129 3530 3186; x_wconf 74' lang='grc' dir='ltr'><strong>τῶν</strong></span> <span class='ocrx_word' id='word_1_409' title='bbox 3583 3130 3755 3186; x_wconf 84' lang='grc' dir='ltr'>συλλο-</span> 
     </span>
    </p>
   </div>
   <div class='ocr_carea' id='block_1_62' title="bbox 515 3218 2090 3290">
    <p class='ocr_par' dir='ltr' id='par_1_62' title="bbox 515 3218 2090 3290">
     <span class='ocr_line' id='line_1_62' title="bbox 515 3218 2090 3290; baseline 0.003 -18"><span class='ocrx_word' id='word_1_410' title='bbox 515 3234 726 3273; x_wconf 89' lang='lat' dir='ltr'><strong>morum</strong></span> <span class='ocrx_word' id='word_1_411' title='bbox 780 3233 1016 3290; x_wconf 78' lang='lat' dir='ltr'><strong>pugnam</strong></span> <span class='ocrx_word' id='word_1_412' title='bbox 1042 3234 1108 3275; x_wconf 81' lang='lat' dir='ltr'><strong>ex</strong></span> <span class='ocrx_word' id='word_1_413' title='bbox 1137 3234 1327 3276; x_wconf 86' lang='lat' dir='ltr'><strong>norma</strong></span> <span class='ocrx_word' id='word_1_414' title='bbox 1372 3219 1711 3276; x_wconf 88' lang='lat' dir='ltr'><strong>ethnicorum</strong></span> <span class='ocrx_word' id='word_1_415' title='bbox 1760 3218 2090 3290; x_wconf 85' lang='lat' dir='ltr'><strong>sapientium</strong></span> 
     </span>
    </p>
   </div>
   <div class='ocr_carea' id='block_1_63' title="bbox 516 3326 894 3368">
    <p class='ocr_par' dir='ltr' id='par_1_63' title="bbox 516 3326 894 3368">
     <span class='ocr_line' id='line_1_63' title="bbox 516 3326 894 3368; baseline 0 -2"><span class='ocrx_word' id='word_1_416' title='bbox 516 3326 894 3368; x_wconf 71' lang='lat' dir='ltr'><strong>conseremus.</strong></span> 
     </span>
    </p>
   </div>
   <div class='ocr_carea' id='block_1_64' title="bbox 587 3412 2090 3487">
    <p class='ocr_par' dir='ltr' id='par_1_64' title="bbox 587 3412 2090 3487">
     <span class='ocr_line' id='line_1_64' title="bbox 587 3412 2090 3487; baseline 0.001 -19"><span class='ocrx_word' id='word_1_417' title='bbox 587 3412 844 3481; x_wconf 84' lang='lat' dir='ltr'><strong>THEQD.</strong></span> <span class='ocrx_word' id='word_1_418' title='bbox 883 3413 1007 3471; x_wconf 65' lang='lat' dir='ltr'><strong>llaec</strong></span> <span class='ocrx_word' id='word_1_419' title='bbox 1045 3414 1158 3486; x_wconf 89' lang='lat' dir='ltr'><strong>ipsa</strong></span> <span class='ocrx_word' id='word_1_420' title='bbox 1191 3424 1443 3486; x_wconf 89' lang='lat' dir='ltr'><strong>quatuor,</strong></span> <span class='ocrx_word' id='word_1_421' title='bbox 1493 3430 1612 3487; x_wconf 68' lang='lat' dir='ltr'><strong>quas</strong></span> <span class='ocrx_word' id='word_1_422' title='bbox 1653 3414 1813 3481; x_wconf 86' lang='lat' dir='ltr'><strong>dicis,</strong></span> <span class='ocrx_word' id='word_1_423' title='bbox 1864 3413 2090 3485; x_wconf 81' lang='lat' dir='ltr'><strong>intelligi</strong></span> 
     </span>
    </p>
   </div>
   <div class='ocr_carea' id='block_1_65' title="bbox 517 3509 2091 3565">
    <p class='ocr_par' dir='ltr' id='par_1_65' title="bbox 517 3509 2091 3565">
     <span class='ocr_line' id='line_1_65' title="bbox 517 3509 2091 3565; baseline 0.001 -3"><span class='ocrx_word' id='word_1_424' title='bbox 517 3522 549 3562; x_wconf 86' lang='lat' dir='ltr'><strong>a</strong></span> <span class='ocrx_word' id='word_1_425' title='bbox 581 3524 666 3563; x_wconf 89' lang='lat' dir='ltr'><strong>me</strong></span> <span class='ocrx_word' id='word_1_426' title='bbox 698 3522 920 3564; x_wconf 88' lang='lat' dir='ltr'><strong>necesse</strong></span> <span class='ocrx_word' id='word_1_427' title='bbox 944 3516 1029 3564; x_wconf 87' lang='lat' dir='ltr'><strong>est</strong></span> <span class='ocrx_word' id='word_1_428' title='bbox 1081 3523 1147 3563; x_wconf 82' lang='lat' dir='ltr'><strong>ex</strong></span> <span class='ocrx_word' id='word_1_429' title='bbox 1196 3522 1386 3564; x_wconf 85' lang='lat' dir='ltr'><strong>eorum</strong></span> <span class='ocrx_word' id='word_1_430' title='bbox 1436 3509 1774 3565; x_wconf 88' lang='lat' dir='ltr'><strong>ethnicorum</strong></span> <span class='ocrx_word' id='word_1_431' title='bbox 1821 3509 2091 3564; x_wconf 77' lang='lat' dir='ltr'><strong>sententia</strong></span> 
     </span>
    </p>
   </div>
   <div class='ocr_carea' id='block_1_66' title="bbox 518 3599 2089 3672">
    <p class='ocr_par' dir='ltr' id='par_1_66' title="bbox 518 3599 2089 3672">
     <span class='ocr_line' id='line_1_66' title="bbox 518 3599 2089 3672; baseline 0.004 -24"><span class='ocrx_word' id='word_1_432' title='bbox 518 3600 608 3669; x_wconf 87' lang='lat' dir='ltr'><strong>qui</strong></span> <span class='ocrx_word' id='word_1_433' title='bbox 641 3599 964 3653; x_wconf 85' lang='lat' dir='ltr'><strong>invenerunt</strong></span> <span class='ocrx_word' id='word_1_434' title='bbox 1006 3617 1021 3654; x_wconf 87' lang='lat'><strong>:</strong></span> <span class='ocrx_word' id='word_1_435' title='bbox 1054 3613 1287 3670; x_wconf 79' lang='lat' dir='ltr'><strong>pugnam</strong></span> <span class='ocrx_word' id='word_1_436' title='bbox 1324 3600 1448 3655; x_wconf 89' lang='lat' dir='ltr'><strong>item</strong></span> <span class='ocrx_word' id='word_1_437' title='bbox 1476 3600 1910 3672; x_wconf 76' lang='lat' dir='ltr'><strong>syllogismorum</strong></span> <span class='ocrx_word' id='word_1_438' title='bbox 1936 3600 2089 3669; x_wconf 80' lang='lat' dir='ltr'><strong>juxta</strong></span> 
     </span>
    </p>
   </div>
   <div class='ocr_carea' id='block_1_67' title="bbox 517 3691 903 3747">
    <p class='ocr_par' dir='ltr' id='par_1_67' title="bbox 517 3691 903 3747">
     <span class='ocr_line' id='line_1_67' title="bbox 517 3691 903 3747; baseline -0.003 -1"><span class='ocrx_word' id='word_1_439' title='bbox 517 3691 736 3746; x_wconf 82' lang='lat' dir='ltr'><strong>eosdem</strong></span> <span class='ocrx_word' id='word_1_440' title='bbox 765 3691 903 3747; x_wconf 82' lang='lat' dir='ltr'><strong>ﬁeri.</strong></span> 
     </span>
    </p>
   </div>
   <div class='ocr_carea' id='block_1_68' title="bbox 596 3782 2093 3857">
    <p class='ocr_par' dir='ltr' id='par_1_68' title="bbox 596 3782 2093 3857">
     <span class='ocr_line' id='line_1_68' title="bbox 596 3782 2093 3857; baseline 0.002 -19"><span class='ocrx_word' id='word_1_441' title='bbox 596 3782 854 3840; x_wconf 85' lang='lat' dir='ltr'><strong>TllEOR.</strong></span> <span class='ocrx_word' id='word_1_442' title='bbox 904 3782 1020 3839; x_wconf 87' lang='lat' dir='ltr'><strong>Nisi</strong></span> <span class='ocrx_word' id='word_1_443' title='bbox 1081 3782 1422 3839; x_wconf 80' lang='lat' dir='ltr'><strong>ethnicorum</strong></span> <span class='ocrx_word' id='word_1_444' title='bbox 1499 3783 1730 3857; x_wconf 77' lang='lat' dir='ltr'><strong>theologi</strong></span> <span class='ocrx_word' id='word_1_445' title='bbox 1786 3798 1817 3837; x_wconf 91' lang='lat' dir='ltr'><strong>a</strong></span> <span class='ocrx_word' id='word_1_446' title='bbox 1892 3784 2093 3842; x_wconf 86' lang='lat' dir='ltr'><strong>nostris</strong></span> 
     </span>
    </p>
   </div>
   <div class='ocr_carea' id='block_1_69' title="bbox 520 3874 2091 3945">
    <p class='ocr_par' dir='ltr' id='par_1_69' title="bbox 520 3874 2091 3945">
     <span class='ocr_line' id='line_1_69' title="bbox 520 3874 2091 3945; baseline 0.001 -15"><span class='ocrx_word' id='word_1_447' title='bbox 520 3874 820 3942; x_wconf 77' lang='lat' dir='ltr'><strong>dill‘errent,</strong></span> <span class='ocrx_word' id='word_1_448' title='bbox 860 3885 952 3929; x_wconf 95' lang='lat' dir='ltr'><strong>tuo</strong></span> <span class='ocrx_word' id='word_1_449' title='bbox 995 3876 1115 3944; x_wconf 79' lang='lat' dir='ltr'><strong>jure</strong></span> <span class='ocrx_word' id='word_1_450' title='bbox 1171 3876 1225 3931; x_wconf 88' lang='lat' dir='ltr'><strong>id</strong></span> <span class='ocrx_word' id='word_1_451' title='bbox 1257 3874 1464 3932; x_wconf 78' lang='lat' dir='ltr'><strong>faceres</strong></span> <span class='ocrx_word' id='word_1_452' title='bbox 1494 3892 1509 3931; x_wconf 92' lang='lat'><strong>:</strong></span> <span class='ocrx_word' id='word_1_453' title='bbox 1542 3877 1637 3932; x_wconf 79' lang='lat' dir='ltr'><strong>sed</strong></span> <span class='ocrx_word' id='word_1_454' title='bbox 1689 3876 1816 3945; x_wconf 86' lang='lat' dir='ltr'><strong>quia</strong></span> <span class='ocrx_word' id='word_1_455' title='bbox 1857 3878 2091 3933; x_wconf 77' lang='lat' dir='ltr'><strong>maxima</strong></span> 
     </span>
    </p>
   </div>
   <div class='ocr_carea' id='block_1_70' title="bbox 524 3968 2094 4039">
    <p class='ocr_par' dir='ltr' id='par_1_70' title="bbox 524 3968 2094 4039">
     <span class='ocr_line' id='line_1_70' title="bbox 524 3968 2094 4039; baseline 0.002 -16"><span class='ocrx_word' id='word_1_456' title='bbox 524 3968 859 4025; x_wconf 84' lang='lat' dir='ltr'><strong>dissonantia</strong></span> <span class='ocrx_word' id='word_1_457' title='bbox 913 3969 1057 4024; x_wconf 85' lang='lat' dir='ltr'><strong>inter</strong></span> <span class='ocrx_word' id='word_1_458' title='bbox 1086 3968 1207 4025; x_wconf 91' lang='lat' dir='ltr'><strong>illos</strong></span> <span class='ocrx_word' id='word_1_459' title='bbox 1260 3979 1581 4039; x_wconf 86' lang='lat' dir='ltr'><strong>nostrosque</strong></span> <span class='ocrx_word' id='word_1_460' title='bbox 1627 3980 1731 4036; x_wconf 84' lang='lat' dir='ltr'><strong>est,</strong></span> <span class='ocrx_word' id='word_1_461' title='bbox 1790 3984 1898 4026; x_wconf 92' lang='lat' dir='ltr'><strong>non</strong></span> <span class='ocrx_word' id='word_1_462' title='bbox 1928 3970 2094 4026; x_wconf 84' lang='lat' dir='ltr'><strong>debes</strong></span> 
     </span>
    </p>
   </div>
   <div class='ocr_carea' id='block_1_71' title="bbox 521 4057 2090 4131">
    <p class='ocr_par' dir='ltr' id='par_1_71' title="bbox 521 4057 2090 4131">
     <span class='ocr_line' id='line_1_71' title="bbox 521 4057 2090 4131; baseline 0.002 -19"><span class='ocrx_word' id='word_1_463' title='bbox 521 4057 593 4114; x_wconf 88' lang='lat' dir='ltr'><strong>ita</strong></span> <span class='ocrx_word' id='word_1_464' title='bbox 655 4070 708 4117; x_wconf 88' lang='lat' dir='ltr'><strong>te</strong></span> <span class='ocrx_word' id='word_1_465' title='bbox 771 4074 980 4129; x_wconf 85' lang='lat' dir='ltr'><strong>gerere.</strong></span> <span class='ocrx_word' id='word_1_466' title='bbox 1028 4058 1165 4114; x_wconf 85' lang='lat' dir='ltr'><strong>Nam</strong></span> <span class='ocrx_word' id='word_1_467' title='bbox 1218 4069 1271 4115; x_wconf 91' lang='lat' dir='ltr'><strong>et</strong></span> <span class='ocrx_word' id='word_1_468' title='bbox 1313 4058 1552 4118; x_wconf 83' lang='lat' dir='ltr'><strong>Joannes</strong></span> <span class='ocrx_word' id='word_1_469' title='bbox 1581 4059 1916 4131; x_wconf 84' lang='lat' dir='ltr'><strong>Philoponus</strong></span> <span class='ocrx_word' id='word_1_470' title='bbox 1965 4064 2090 4118; x_wconf 88' lang='lat' dir='ltr'><strong>dum</strong></span> 
     </span>
    </p>
   </div>
   <div class='ocr_carea' id='block_1_72' title="bbox 519 4156 1119 4229">
    <p class='ocr_par' dir='ltr' id='par_1_72' title="bbox 519 4156 1119 4229">
     <span class='ocr_line' id='line_1_72' title="bbox 519 4156 1119 4229; baseline 0 -18"><span class='ocrx_word' id='word_1_471' title='bbox 519 4156 779 4229; x_wconf 81' lang='lat' dir='ltr'><strong>profanos</strong></span> <span class='ocrx_word' id='word_1_472' title='bbox 837 4158 1084 4227; x_wconf 83' lang='lat' dir='ltr'><strong>sequitur</strong></span> <span class='ocrx_word' id='word_1_473' title='bbox 1102 4197 1119 4223; x_wconf 92' lang='lat'><strong>,</strong></span> 
     </span>
    </p>
   </div>
   <div class='ocr_carea' id='block_1_73' title="bbox 521 4247 2093 4324">
    <p class='ocr_par' dir='ltr' id='par_1_73' title="bbox 521 4247 2093 4324">
     <span class='ocr_line' id='line_1_73' title="bbox 521 4247 2093 4324; baseline 0.003 -21"><span class='ocrx_word' id='word_1_474' title='bbox 521 4250 705 4319; x_wconf 85' lang='lat' dir='ltr'><strong>pulsus</strong></span> <span class='ocrx_word' id='word_1_475' title='bbox 755 4260 860 4305; x_wconf 85' lang='lat' dir='ltr'><strong>est.</strong></span> <span class='ocrx_word' id='word_1_476' title='bbox 895 4249 1033 4305; x_wconf 90' lang='lat' dir='ltr'><strong>Tum</strong></span> <span class='ocrx_word' id='word_1_477' title='bbox 1078 4259 1133 4306; x_wconf 91' lang='lat' dir='ltr'><strong>et</strong></span> <span class='ocrx_word' id='word_1_478' title='bbox 1167 4247 1258 4304; x_wconf 87' lang='lat' dir='ltr'><strong>alii</strong></span> <span class='ocrx_word' id='word_1_479' title='bbox 1289 4251 1439 4305; x_wconf 89' lang='lat' dir='ltr'><strong>multi</strong></span> <span class='ocrx_word' id='word_1_480' title='bbox 1470 4252 1538 4307; x_wconf 89' lang='lat' dir='ltr'><strong>ob</strong></span> <span class='ocrx_word' id='word_1_481' title='bbox 1570 4252 1710 4307; x_wconf 88' lang='lat' dir='ltr'><strong>hanc</strong></span> <span class='ocrx_word' id='word_1_482' title='bbox 1756 4253 1927 4324; x_wconf 86' lang='lat' dir='ltr'><strong>ipsam</strong></span> <span class='ocrx_word' id='word_1_483' title='bbox 1960 4269 2093 4309; x_wconf 84' lang='lat' dir='ltr'><strong>cau-</strong></span> 
     </span>
    </p>
   </div>
   <div class='ocr_carea' id='block_1_74' title="bbox 520 4343 2094 4417">
    <p class='ocr_par' dir='ltr' id='par_1_74' title="bbox 520 4343 2094 4417">
     <span class='ocr_line' id='line_1_74' title="bbox 520 4343 2094 4417; baseline 0.003 -18"><span class='ocrx_word' id='word_1_484' title='bbox 520 4357 637 4399; x_wconf 81' lang='lat' dir='ltr'><strong>sam</strong></span> <span class='ocrx_word' id='word_1_485' title='bbox 688 4358 717 4398; x_wconf 88' lang='lat' dir='ltr'><strong>a</strong></span> <span class='ocrx_word' id='word_1_486' title='bbox 778 4343 880 4399; x_wconf 83' lang='lat' dir='ltr'><strong>ﬁde</strong></span> <span class='ocrx_word' id='word_1_487' title='bbox 924 4343 1342 4402; x_wconf 87' lang='lat' dir='ltr'><strong>aberraverunt.</strong></span> <span class='ocrx_word' id='word_1_488' title='bbox 1391 4343 1567 4400; x_wconf 79' lang='lat' dir='ltr'><strong>Veluti</strong></span> <span class='ocrx_word' id='word_1_489' title='bbox 1613 4345 1804 4401; x_wconf 86' lang='lat' dir='ltr'><strong>scribit</strong></span> <span class='ocrx_word' id='word_1_490' title='bbox 1863 4362 2094 4417; x_wconf 88' lang='lat' dir='ltr'><strong>magnus</strong></span> 
     </span>
    </p>
   </div>
   <div class='ocr_carea' id='block_1_75' title="bbox 521 4432 2085 4506">
    <p class='ocr_par' dir='ltr' id='par_1_75' title="bbox 521 4432 2085 4506">
     <span class='ocr_line' id='line_1_75' title="bbox 521 4432 2085 4506; baseline 0.003 -17"><span class='ocrx_word' id='word_1_491' title='bbox 521 4450 736 4506; x_wconf 82' lang='lat' dir='ltr'><strong>quoquo</strong></span> <span class='ocrx_word' id='word_1_492' title='bbox 815 4434 1009 4490; x_wconf 87' lang='lat' dir='ltr'><strong>Paulus</strong></span> <span class='ocrx_word' id='word_1_493' title='bbox 1089 4435 1155 4489; x_wconf 90' lang='lat' dir='ltr'><strong>ad</strong></span> <span class='ocrx_word' id='word_1_494' title='bbox 1209 4432 1551 4492; x_wconf 86' lang='lat' dir='ltr'><strong>Timotheum</strong></span> <span class='ocrx_word' id='word_1_495' title='bbox 1612 4451 1633 4491; x_wconf 90' lang='lat'><strong><em>:</em></strong></span> <span class='ocrx_word' id='word_1_496' title='bbox 1713 4436 1758 4492; x_wconf 92' lang='lat'><em>0</em></span> <span class='ocrx_word' id='word_1_497' title='bbox 1792 4435 2085 4503; x_wconf 74' lang='lat' dir='ltr'><strong>Timotheo,</strong></span> 
     </span>
    </p>
   </div>
   <div class='ocr_carea' id='block_1_76' title="bbox 520 4521 2090 4597">
    <p class='ocr_par' dir='ltr' id='par_1_76' title="bbox 520 4521 2090 4597">
     <span class='ocr_line' id='line_1_76' title="bbox 520 4521 2090 4597; baseline 0.006 -24"><span class='ocrx_word' id='word_1_498' title='bbox 520 4524 812 4589; x_wconf 75' lang='lat' dir='ltr'><strong>depositum</strong></span> <span class='ocrx_word' id='word_1_499' title='bbox 864 4521 1093 4589; x_wconf 80' lang='lat' dir='ltr'><strong>custodi,</strong></span> <span class='ocrx_word' id='word_1_500' title='bbox 1128 4524 1362 4579; x_wconf 80' lang='lat' dir='ltr'><strong>devitans</strong></span> <span class='ocrx_word' id='word_1_501' title='bbox 1402 4524 1657 4597; x_wconf 78' lang='lat' dir='ltr'><strong>profanas</strong></span> <span class='ocrx_word' id='word_1_502' title='bbox 1714 4543 1896 4582; x_wconf 74' lang='lat' dir='ltr'><strong>vocum</strong></span> <span class='ocrx_word' id='word_1_503' title='bbox 1944 4530 2090 4586; x_wconf 80' lang='lat' dir='ltr'><strong>novi—</strong></span> 
     </span>
    </p>
   </div>
   <div class='ocr_carea' id='block_1_77' title="bbox 521 4616 2091 4693">
    <p class='ocr_par' dir='ltr' id='par_1_77' title="bbox 521 4616 2091 4693">
     <span class='ocr_line' id='line_1_77' title="bbox 521 4616 2091 4693; baseline 0.006 -25"><span class='ocrx_word' id='word_1_504' title='bbox 521 4626 677 4683; x_wconf 80' lang='lat' dir='ltr'><strong>tates,</strong></span> <span class='ocrx_word' id='word_1_505' title='bbox 738 4624 787 4671; x_wconf 83' lang='lat' dir='ltr'><strong>et</strong></span> <span class='ocrx_word' id='word_1_506' title='bbox 814 4617 1164 4684; x_wconf 77' lang='lat' dir='ltr'><strong>oppositiones</strong></span> <span class='ocrx_word' id='word_1_507' title='bbox 1194 4616 1322 4687; x_wconf 82' lang='lat' dir='ltr'><strong>falsi</strong></span> <span class='ocrx_word' id='word_1_508' title='bbox 1370 4620 1599 4673; x_wconf 76' lang='lat' dir='ltr'><strong>nominis</strong></span> <span class='ocrx_word' id='word_1_509' title='bbox 1642 4620 1897 4686; x_wconf 50' lang='lat' dir='ltr'><strong>scientias,</strong></span> <span class='ocrx_word' id='word_1_510' title='bbox 1930 4638 2091 4693; x_wconf 76' lang='lat' dir='ltr'><strong>quam</strong></span> 
     </span>
    </p>
   </div>
   <div class='ocr_carea' id='block_1_78' title="bbox 518 4706 1913 4779">
    <p class='ocr_par' dir='ltr' id='par_1_78' title="bbox 518 4706 1913 4779">
     <span class='ocr_line' id='line_1_78' title="bbox 518 4706 1913 4779; baseline 0.007 -18"><span class='ocrx_word' id='word_1_511' title='bbox 518 4706 738 4777; x_wconf 78' lang='lat' dir='ltr'><strong>quidam</strong></span> <span class='ocrx_word' id='word_1_512' title='bbox 770 4709 1130 4777; x_wconf 84' lang='lat' dir='ltr'><strong>promittentes</strong></span> <span class='ocrx_word' id='word_1_513' title='bbox 1152 4710 1297 4765; x_wconf 83' lang='lat' dir='ltr'><strong>circa</strong></span> <span class='ocrx_word' id='word_1_514' title='bbox 1334 4707 1493 4779; x_wconf 79' lang='lat' dir='ltr'><strong>ﬁdem</strong></span> <span class='ocrx_word' id='word_1_515' title='bbox 1511 4712 1820 4767; x_wconf 74' lang='lat' dir='ltr'><strong>exciderunt</strong></span> <span class='ocrx_word' id='word_1_516' title='bbox 1845 4714 1913 4771; x_wconf 82' lang='grc'>⁸⁸.</span> 
     </span>
    </p>
   </div>
   <div class='ocr_carea' id='block_1_79' title="bbox 597 4890 2092 4961">
    <p class='ocr_par' dir='ltr' id='par_1_79' title="bbox 597 4890 2092 4961">
     <span class='ocr_line' id='line_1_79' title="bbox 597 4890 2092 4961; baseline 0.005 -12"><span class='ocrx_word' id='word_1_517' title='bbox 597 4893 693 4953; x_wconf 87' lang='lat' dir='ltr'><strong>liis</strong></span> <span class='ocrx_word' id='word_1_518' title='bbox 746 4895 925 4961; x_wconf 81' lang='lat' dir='ltr'><strong>dictis,</strong></span> <span class='ocrx_word' id='word_1_519' title='bbox 960 4896 1257 4951; x_wconf 88' lang='lat' dir='ltr'><strong>monachus</strong></span> <span class='ocrx_word' id='word_1_520' title='bbox 1306 4890 1625 4956; x_wconf 86' lang='lat' dir='ltr'><strong>Theodorus</strong></span> <span class='ocrx_word' id='word_1_521' title='bbox 1672 4899 1944 4956; x_wconf 82' lang='lat' dir='ltr'><strong>discessit.</strong></span> <span class='ocrx_word' id='word_1_522' title='bbox 1990 4899 2092 4956; x_wconf 87' lang='lat' dir='ltr'><strong>Po-</strong></span> 
     </span>
    </p>
   </div>
   <div class='ocr_carea' id='block_1_80' title="bbox 523 4988 2091 5065">
    <p class='ocr_par' dir='ltr' id='par_1_80' title="bbox 523 4988 2091 5065">
     <span class='ocr_line' id='line_1_80' title="bbox 523 4988 2091 5065; baseline 0.006 -25"><span class='ocrx_word' id='word_1_523' title='bbox 523 4997 672 5042; x_wconf 84' lang='lat' dir='ltr'><strong>stero</strong></span> <span class='ocrx_word' id='word_1_524' title='bbox 728 4997 907 5043; x_wconf 89' lang='lat' dir='ltr'><strong>autem</strong></span> <span class='ocrx_word' id='word_1_525' title='bbox 950 4989 1037 5044; x_wconf 85' lang='lat' dir='ltr'><strong>die</strong></span> <span class='ocrx_word' id='word_1_526' title='bbox 1086 4989 1235 5044; x_wconf 88' lang='lat' dir='ltr'><strong>venit</strong></span> <span class='ocrx_word' id='word_1_527' title='bbox 1261 4988 1406 5045; x_wconf 83' lang='lat' dir='ltr'><strong>Elias</strong></span> <span class='ocrx_word' id='word_1_528' title='bbox 1429 4988 1677 5048; x_wconf 87' lang='lat' dir='ltr'><strong>Cessunii</strong></span> <span class='ocrx_word' id='word_1_529' title='bbox 1708 4992 1997 5065; x_wconf 85' lang='lat' dir='ltr'><strong>episcopus</strong></span> <span class='ocrx_word' id='word_1_530' title='bbox 2024 4995 2091 5050; x_wconf 87' lang='lat' dir='ltr'><strong>ad</strong></span> 
     </span>
    </p>
   </div>
   <div class='ocr_carea' id='block_1_81' title="bbox 523 5079 2092 5153">
    <p class='ocr_par' dir='ltr' id='par_1_81' title="bbox 523 5079 2092 5153">
     <span class='ocr_line' id='line_1_81' title="bbox 523 5079 2092 5153; baseline 0.006 -19"><span class='ocrx_word' id='word_1_531' title='bbox 523 5079 817 5136; x_wconf 86' lang='lat' dir='ltr'><strong>Theoriani</strong></span> <span class='ocrx_word' id='word_1_532' title='bbox 862 5081 1198 5153; x_wconf 85' lang='lat' dir='ltr'><strong>hospitium,</strong></span> <span class='ocrx_word' id='word_1_533' title='bbox 1230 5093 1285 5139; x_wconf 86' lang='lat' dir='ltr'><strong>et</strong></span> <span class='ocrx_word' id='word_1_534' title='bbox 1328 5084 1448 5138; x_wconf 87' lang='lat' dir='ltr'><strong>ait:</strong></span> <span class='ocrx_word' id='word_1_535' title='bbox 1495 5085 1662 5140; x_wconf 83' lang='lat' dir='ltr'><strong>Miror</strong></span> <span class='ocrx_word' id='word_1_536' title='bbox 1707 5101 1809 5141; x_wconf 91' lang='lat' dir='ltr'><strong>cur</strong></span> <span class='ocrx_word' id='word_1_537' title='bbox 1855 5087 2092 5143; x_wconf 84' lang='lat' dir='ltr'><strong>nolueris</strong></span> 
     </span>
    </p>
   </div>
   <div class='ocr_carea' id='block_1_82' title="bbox 525 5174 2095 5249">
    <p class='ocr_par' dir='ltr' id='par_1_82' title="bbox 525 5174 2095 5249">
     <span class='ocr_line' id='line_1_82' title="bbox 525 5174 2095 5249; baseline 0.004 -22"><span class='ocrx_word' id='word_1_538' title='bbox 525 5188 647 5227; x_wconf 85' lang='lat' dir='ltr'><strong>cum</strong></span> <span class='ocrx_word' id='word_1_539' title='bbox 693 5174 1012 5244; x_wconf 84' lang='lat' dir='ltr'><strong>philosopho</strong></span> <span class='ocrx_word' id='word_1_540' title='bbox 1059 5183 1251 5231; x_wconf 88' lang='lat' dir='ltr'><strong>nostro</strong></span> <span class='ocrx_word' id='word_1_541' title='bbox 1298 5175 1598 5248; x_wconf 84' lang='lat' dir='ltr'><strong>disputare,</strong></span> <span class='ocrx_word' id='word_1_542' title='bbox 1658 5178 1751 5233; x_wconf 85' lang='lat' dir='ltr'><strong>sed</strong></span> <span class='ocrx_word' id='word_1_543' title='bbox 1786 5180 2095 5249; x_wconf 84' lang='lat' dir='ltr'><strong>expaveris;</strong></span> 
     </span>
    </p>
   </div>
   <div class='ocr_carea' id='block_1_83' title="bbox 528 5254 2095 5340">
    <p class='ocr_par' dir='ltr' id='par_1_83' title="bbox 528 5254 2095 5340">
     <span class='ocr_line' id='line_1_83' title="bbox 528 5254 2095 5340; baseline 0.001 -19"><span class='ocrx_word' id='word_1_544' title='bbox 528 5268 584 5322; x_wconf 87' lang='lat' dir='ltr'><strong>in</strong></span> <span class='ocrx_word' id='word_1_545' title='bbox 639 5254 1034 5323; x_wconf 21' lang='lat' dir='ltr'><strong>Armeniorum,</strong></span> <span class='ocrx_word' id='word_1_546' title='bbox 1064 5276 1245 5323; x_wconf 87' lang='lat' dir='ltr'><strong>autem</strong></span> <span class='ocrx_word' id='word_1_547' title='bbox 1308 5267 1516 5340; x_wconf 82' lang='lat' dir='ltr'><strong>synodo</strong></span> <span class='ocrx_word' id='word_1_548' title='bbox 1581 5277 1789 5324; x_wconf 88' lang='lat' dir='ltr'><strong>tantum</strong></span> <span class='ocrx_word' id='word_1_549' title='bbox 1818 5268 2095 5326; x_wconf 85' lang='lat' dir='ltr'><strong>hominum</strong></span> 
     </span>
    </p>
   </div>
   <div class='ocr_carea' id='block_1_84' title="bbox 584 5379 1120 5448">
    <p class='ocr_par' dir='ltr' id='par_1_84' title="bbox 584 5379 1120 5448">
     <span class='ocr_line' id='line_1_84' title="bbox 584 5379 1120 5448; baseline 0.006 -15"><span class='ocrx_word' id='word_1_550' title='bbox 584 5379 633 5413; x_wconf 79' lang='grc'><strong>’⁸</strong></span> <span class='ocrx_word' id='word_1_551' title='bbox 673 5380 693 5433; x_wconf 84' lang='lat' dir='ltr'><strong>i</strong></span> <span class='ocrx_word' id='word_1_552' title='bbox 728 5379 872 5435; x_wconf 88' lang='lat' dir='ltr'><strong>Tim.</strong></span> <span class='ocrx_word' id='word_1_553' title='bbox 912 5394 989 5448; x_wconf 77' lang='lat' dir='ltr'><strong>vr,</strong></span> <span class='ocrx_word' id='word_1_554' title='bbox 1026 5379 1120 5437; x_wconf 75' lang='lat'><strong>20.</strong></span> 
     </span>
    </p>
   </div>
   <div class='ocr_carea' id='block_1_85' title="bbox 600 5472 2100 5550">
    <p class='ocr_par' dir='ltr' id='par_1_85' title="bbox 600 5472 2100 5550">
     <span class='ocr_line' id='line_1_85' title="bbox 600 5472 2100 5550; baseline 0.004 -22"><span class='ocrx_word' id='word_1_555' title='bbox 600 5474 713 5545; x_wconf 78' lang='lat'><strong>(&#39;57)</strong></span> <span class='ocrx_word' id='word_1_556' title='bbox 746 5472 1001 5550; x_wconf 78' lang='lat' dir='ltr'><strong>Jacobita:</strong></span> <span class='ocrx_word' id='word_1_557' title='bbox 1032 5473 1174 5550; x_wconf 75' lang='lat' dir='ltr'><strong>hunc</strong></span> <span class='ocrx_word' id='word_1_558' title='bbox 1204 5490 1409 5550; x_wconf 85' lang='lat' dir='ltr'><strong>morem</strong></span> <span class='ocrx_word' id='word_1_559' title='bbox 1440 5491 1469 5533; x_wconf 86' lang='lat' dir='ltr'><strong>a</strong></span> <span class='ocrx_word' id='word_1_560' title='bbox 1502 5478 1719 5550; x_wconf 72' lang='lat' dir='ltr'><strong>Severo</strong></span> <span class='ocrx_word' id='word_1_561' title='bbox 1752 5490 1975 5550; x_wconf 88' lang='lat' dir='ltr'><strong>parente</strong></span> <span class='ocrx_word' id='word_1_562' title='bbox 2006 5495 2100 5534; x_wconf 80' lang='lat' dir='ltr'><strong>ac-</strong></span> 
     </span>
    </p>
   </div>
   <div class='ocr_carea' id='block_1_86' title="bbox 525 5544 2101 5615">
    <p class='ocr_par' dir='ltr' id='par_1_86' title="bbox 525 5544 2101 5615">
     <span class='ocr_line' id='line_1_86' title="bbox 525 5544 2101 5615; baseline 0.001 -13"><span class='ocrx_word' id='word_1_563' title='bbox 525 5544 915 5615; x_wconf 38' lang='lat' dir='ltr'><strong>ceperanILde</strong></span> <span class='ocrx_word' id='word_1_564' title='bbox 951 5560 1059 5614; x_wconf 91' lang='lat' dir='ltr'><strong>quo</strong></span> <span class='ocrx_word' id='word_1_565' title='bbox 1091 5544 1365 5615; x_wconf 82' lang='lat' dir='ltr'><strong>Nyssenus</strong></span> <span class='ocrx_word' id='word_1_566' title='bbox 1397 5548 1453 5603; x_wconf 83' lang='lat' dir='ltr'><strong>in</strong></span> <span class='ocrx_word' id='word_1_567' title='bbox 1498 5548 1588 5603; x_wconf 89' lang='lat' dir='ltr'><strong>illa</strong></span> <span class='ocrx_word' id='word_1_568' title='bbox 1628 5544 1833 5615; x_wconf 78' lang='lat' dir='ltr'><strong>assuta,</strong></span> <span class='ocrx_word' id='word_1_569' title='bbox 1868 5561 1926 5605; x_wconf 87' lang='lat' dir='ltr'><strong>ut</strong></span> <span class='ocrx_word' id='word_1_570' title='bbox 1959 5552 2101 5604; x_wconf 81' lang='lat' dir='ltr'><strong>dixi-</strong></span> 
     </span>
    </p>
   </div>
   <div class='ocr_carea' id='block_1_87' title="bbox 533 5614 2097 5692">
    <p class='ocr_par' dir='ltr' id='par_1_87' title="bbox 533 5614 2097 5692">
     <span class='ocr_line' id='line_1_87' title="bbox 533 5614 2097 5692; baseline 0.005 -25"><span class='ocrx_word' id='word_1_571' title='bbox 533 5614 667 5692; x_wconf 62' lang='lat' dir='ltr'><strong>mus</strong></span> <span class='ocrx_word' id='word_1_572' title='bbox 704 5633 759 5686; x_wconf 90' lang='lat' dir='ltr'><strong>p.</strong></span> <span class='ocrx_word' id='word_1_573' title='bbox 825 5614 917 5692; x_wconf 72' lang='lat' dir='ltr'><strong>7i.</strong></span> <span class='ocrx_word' id='word_1_574' title='bbox 950 5614 1285 5692; x_wconf 58' lang='lat' dir='ltr'><strong>catechetici</strong></span> <span class='ocrx_word' id='word_1_575' title='bbox 1319 5619 1561 5674; x_wconf 86' lang='lat' dir='ltr'><strong>clausula</strong></span> <span class='ocrx_word' id='word_1_576' title='bbox 1591 5618 1717 5692; x_wconf 75' lang='lat' dir='ltr'><strong>ait:</strong></span> <span class='ocrx_word' id='word_1_577' title='bbox 1750 5614 1920 5692; x_wconf 42' lang='lat' dir='ltr'><strong>abigo;</strong></span> <span class='ocrx_word' id='word_1_578' title='bbox 1946 5622 2097 5692; x_wconf 70' lang='grc' dir='ltr'>παρὰ</span> 
     </span>
    </p>
   </div>
   <div class='ocr_carea' id='block_1_88' title="bbox 535 5685 2111 5760">
    <p class='ocr_par' dir='ltr' id='par_1_88' title="bbox 535 5685 2111 5760">
     <span class='ocr_line' id='line_1_88' title="bbox 535 5685 2111 5760; baseline 0.003 -19"><span class='ocrx_word' id='word_1_579' title='bbox 535 5685 762 5760; x_wconf 73' lang='grc' dir='ltr'><strong>Σιόήρῳ</strong></span> <span class='ocrx_word' id='word_1_580' title='bbox 794 5685 1086 5760; x_wconf 77' lang='grc' dir='ltr'>κράτιστος</span> <span class='ocrx_word' id='word_1_581' title='bbox 1134 5686 1384 5760; x_wconf 69' lang='grc' dir='ltr'>θεολόγοις</span> <span class='ocrx_word' id='word_1_582' title='bbox 1429 5690 1775 5759; x_wconf 76' lang='grc' dir='ltr'>γνωρίζεται,</span> <span class='ocrx_word' id='word_1_583' title='bbox 1816 5690 1873 5753; x_wconf 84' lang='grc' dir='ltr'>ὃς</span> <span class='ocrx_word' id='word_1_584' title='bbox 1904 5691 1970 5746; x_wconf 80' lang='grc' dir='ltr'><strong>ἀν</strong></span> <span class='ocrx_word' id='word_1_585' title='bbox 2000 5685 2111 5753; x_wconf 63' lang='grc' dir='ltr'>τάςς</span> 
     </span>
    </p>
   </div>
   <div class='ocr_carea' id='block_1_89' title="bbox 539 5757 2101 5830">
    <p class='ocr_par' dir='ltr' id='par_1_89' title="bbox 539 5757 2101 5830">
     <span class='ocr_line' id='line_1_89' title="bbox 539 5757 2101 5830; baseline 0.003 -19"><span class='ocrx_word' id='word_1_586' title='bbox 539 5757 874 5830; x_wconf 71' lang='grc' dir='ltr'>κατηγορίας</span> <span class='ocrx_word' id='word_1_587' title='bbox 901 5757 1334 5830; x_wconf 78' lang='grc' dir='ltr'>Ἀριστοτέλους,</span> <span class='ocrx_word' id='word_1_588' title='bbox 1386 5762 1481 5815; x_wconf 69' lang='grc' dir='ltr'>καὶ</span> <span class='ocrx_word' id='word_1_589' title='bbox 1530 5757 1598 5813; x_wconf 75' lang='grc' dir='ltr'>τὰ</span> <span class='ocrx_word' id='word_1_590' title='bbox 1648 5760 1810 5815; x_wconf 79' lang='grc' dir='ltr'>λοιπὰ</span> <span class='ocrx_word' id='word_1_591' title='bbox 1859 5764 1966 5815; x_wconf 84' lang='grc' dir='ltr'><strong>τῶν</strong></span> <span class='ocrx_word' id='word_1_592' title='bbox 1997 5763 2101 5829; x_wconf 81' lang='grc' dir='ltr'><strong>ἔξω</strong></span> 
     </span>
    </p>
   </div>
   <div class='ocr_carea' id='block_1_90' title="bbox 541 5826 2102 5906">
    <p class='ocr_par' dir='ltr' id='par_1_90' title="bbox 541 5826 2102 5906">
     <span class='ocr_line' id='line_1_90' title="bbox 541 5826 2102 5906; baseline 0.004 -23"><span class='ocrx_word' id='word_1_593' title='bbox 541 5826 851 5901; x_wconf 65' lang='grc' dir='ltr'>φιλοσόφων</span> <span class='ocrx_word' id='word_1_594' title='bbox 902 5826 1087 5901; x_wconf 78' lang='grc' dir='ltr'>κομψὰ</span> <span class='ocrx_word' id='word_1_595' title='bbox 1132 5827 1444 5903; x_wconf 68' lang='grc' dir='ltr'>ἠσκημένος</span> <span class='ocrx_word' id='word_1_596' title='bbox 1498 5832 1800 5903; x_wconf 69' lang='grc' dir='ltr'>τυγχάνοι*</span> <span class='ocrx_word' id='word_1_597' title='bbox 1851 5831 1909 5891; x_wconf 80' lang='lat' dir='ltr'><strong>ls</strong></span> <span class='ocrx_word' id='word_1_598' title='bbox 1959 5826 2102 5906; x_wconf 72' lang='lat' dir='ltr'><strong>apud</strong></span> 
     </span>
    </p>
   </div>
   <div class='ocr_carea' id='block_1_91' title="bbox 1205 4158 2116 4217">
    <p class='ocr_par' dir='ltr' id='par_1_91' title="bbox 1205 4158 2116 4217">
     <span class='ocr_line' id='line_1_91' title="bbox 1205 4158 2116 4217; baseline 0.003 -5"><span class='ocrx_word' id='word_1_599' title='bbox 1205 4158 1372 4215; x_wconf 86' lang='lat' dir='ltr'><strong>veluti</strong></span> <span class='ocrx_word' id='word_1_600' title='bbox 1428 4159 1669 4214; x_wconf 90' lang='lat' dir='ltr'><strong>tritheita</strong></span> <span class='ocrx_word' id='word_1_601' title='bbox 1727 4161 1795 4216; x_wconf 89' lang='lat' dir='ltr'><strong>de</strong></span> <span class='ocrx_word' id='word_1_602' title='bbox 1847 4159 2116 4217; x_wconf 78' lang='lat' dir='ltr'><strong>Ecclesia-</strong></span> 
     </span>
    </p>
   </div>
   <div class='ocr_carea' id='block_1_92' title="bbox 2189 3222 3505 3296">
    <p class='ocr_par' dir='ltr' id='par_1_92' title="bbox 2189 3222 3505 3296">
     <span class='ocr_line' id='line_1_92' title="bbox 2189 3222 3505 3296; baseline 0.001 -18"><span class='ocrx_word' id='word_1_603' title='bbox 2189 3224 2407 3295; x_wconf 80' lang='grc' dir='ltr'>γισμῶν</span> <span class='ocrx_word' id='word_1_604' title='bbox 2446 3224 2588 3280; x_wconf 70' lang='grc' dir='ltr'>κατὰ</span> <span class='ocrx_word' id='word_1_605' title='bbox 2608 3222 2739 3289; x_wconf 76' lang='grc' dir='ltr'>τοὺς</span> <span class='ocrx_word' id='word_1_606' title='bbox 2778 3222 2883 3289; x_wconf 78' lang='grc' dir='ltr'>ἔξω</span> <span class='ocrx_word' id='word_1_607' title='bbox 2907 3223 3105 3295; x_wconf 80' lang='grc' dir='ltr'>σοφοὺς</span> <span class='ocrx_word' id='word_1_608' title='bbox 3135 3223 3505 3296; x_wconf 81' lang='grc' dir='ltr'>ποιησόμεθα.</span> 
     </span>
    </p>
   </div>
   <div class='ocr_carea' id='block_1_93' title="bbox 2259 3406 3749 3477">
    <p class='ocr_par' dir='ltr' id='par_1_93' title="bbox 2259 3406 3749 3477">
     <span class='ocr_line' id='line_1_93' title="bbox 2259 3406 3749 3477; baseline 0.001 -15"><span class='ocrx_word' id='word_1_609' title='bbox 2259 3410 2453 3463; x_wconf 79' lang='grc' dir='ltr'>ΘΕΟΔ.</span> <span class='ocrx_word' id='word_1_610' title='bbox 2484 3406 2635 3462; x_wconf 68' lang='lat' dir='ltr'><strong>Ali-cit</strong></span> <span class='ocrx_word' id='word_1_611' title='bbox 2659 3407 2727 3462; x_wconf 83' lang='grc' dir='ltr'>τὰ</span> <span class='ocrx_word' id='word_1_612' title='bbox 2757 3406 3001 3477; x_wconf 81' lang='grc' dir='ltr'>τέσσαρα</span> <span class='ocrx_word' id='word_1_613' title='bbox 3030 3406 3067 3461; x_wconf 80' lang='grc' dir='ltr'><strong>ἁ</strong></span> <span class='ocrx_word' id='word_1_614' title='bbox 3096 3407 3274 3476; x_wconf 83' lang='grc' dir='ltr'>λέγεις</span> <span class='ocrx_word' id='word_1_615' title='bbox 3292 3406 3503 3476; x_wconf 80' lang='grc' dir='ltr'>ὀφείλω</span> <span class='ocrx_word' id='word_1_616' title='bbox 3530 3410 3667 3465; x_wconf 84' lang='grc' dir='ltr'>νοεῖν</span> <span class='ocrx_word' id='word_1_617' title='bbox 3688 3406 3749 3469; x_wconf 79' lang='grc' dir='ltr'><strong>ὡς</strong></span> 
     </span>
    </p>
   </div>
   <div class='ocr_carea' id='block_1_94' title="bbox 2189 3496 3755 3573">
    <p class='ocr_par' dir='ltr' id='par_1_94' title="bbox 2189 3496 3755 3573">
     <span class='ocr_line' id='line_1_94' title="bbox 2189 3496 3755 3573; baseline -0.003 -16"><span class='ocrx_word' id='word_1_618' title='bbox 2189 3502 2558 3571; x_wconf 76' lang='grc' dir='ltr'>οίὲφευρεταὶ</span> <span class='ocrx_word' id='word_1_619' title='bbox 2603 3500 2789 3555; x_wconf 86' lang='grc' dir='ltr'>αὐτῶν</span> <span class='ocrx_word' id='word_1_620' title='bbox 2846 3501 2897 3554; x_wconf 77' lang='lat' dir='ltr'><strong>oi</strong></span> <span class='ocrx_word' id='word_1_621' title='bbox 2955 3498 3060 3565; x_wconf 73' lang='grc' dir='ltr'>ἔξω</span> <span class='ocrx_word' id='word_1_622' title='bbox 3113 3498 3304 3569; x_wconf 72' lang='grc' dir='ltr'>σοφοί*</span> <span class='ocrx_word' id='word_1_623' title='bbox 3356 3496 3484 3555; x_wconf 77' lang='grc' dir='ltr'>εἶτα</span> <span class='ocrx_word' id='word_1_624' title='bbox 3543 3502 3640 3557; x_wconf 78' lang='grc' dir='ltr'><strong>καὶ</strong></span> <span class='ocrx_word' id='word_1_625' title='bbox 3668 3504 3755 3573; x_wconf 77' lang='grc' dir='ltr'>τὴν</span> 
     </span>
    </p>
   </div>
   <div class='ocr_carea' id='block_1_95' title="bbox 2193 3590 3759 3666">
    <p class='ocr_par' dir='ltr' id='par_1_95' title="bbox 2193 3590 3759 3666">
     <span class='ocr_line' id='line_1_95' title="bbox 2193 3590 3759 3666; baseline -0.001 -18"><span class='ocrx_word' id='word_1_626' title='bbox 2193 3596 2516 3666; x_wconf 76' lang='grc' dir='ltr'>συμπλοκὴν</span> <span class='ocrx_word' id='word_1_627' title='bbox 2545 3593 2669 3648; x_wconf 86' lang='grc' dir='ltr'>κατ’</span> <span class='ocrx_word' id='word_1_628' title='bbox 2717 3593 2913 3656; x_wconf 77' lang='grc' dir='ltr'>αὐτοὺς</span> <span class='ocrx_word' id='word_1_629' title='bbox 2947 3590 3191 3654; x_wconf 74' lang='grc' dir='ltr'>ἐκείνους</span> <span class='ocrx_word' id='word_1_630' title='bbox 3218 3594 3395 3647; x_wconf 83' lang='grc' dir='ltr'>ποιεῖν</span> <span class='ocrx_word' id='word_1_631' title='bbox 3420 3591 3531 3649; x_wconf 84' lang='grc' dir='ltr'><strong>τῶν</strong></span> <span class='ocrx_word' id='word_1_632' title='bbox 3584 3591 3759 3647; x_wconf 75' lang='grc' dir='ltr'>συλλοιι</span> 
     </span>
    </p>
   </div>
   <div class='ocr_carea' id='block_1_96' title="bbox 2191 3691 2430 3761">
    <p class='ocr_par' dir='ltr' id='par_1_96' title="bbox 2191 3691 2430 3761">
     <span class='ocr_line' id='line_1_96' title="bbox 2191 3691 2430 3761; baseline 0 -15"><span class='ocrx_word' id='word_1_633' title='bbox 2191 3691 2430 3761; x_wconf 85' lang='grc' dir='ltr'>γισμῶν.</span> 
     </span>
    </p>
   </div>
   <div class='ocr_carea' id='block_1_97' title="bbox 2272 3780 3765 3855">
    <p class='ocr_par' dir='ltr' id='par_1_97' title="bbox 2272 3780 3765 3855">
     <span class='ocr_line' id='line_1_97' title="bbox 2272 3780 3765 3855; baseline -0.002 -16"><span class='ocrx_word' id='word_1_634' title='bbox 2272 3786 2335 3839; x_wconf 80' lang='lat'><strong>&#39;0</strong></span> <span class='ocrx_word' id='word_1_635' title='bbox 2350 3781 2545 3841; x_wconf 82' lang='grc' dir='ltr'><strong>ΘΕΩΡ.</strong></span> <span class='ocrx_word' id='word_1_636' title='bbox 2575 3782 2637 3837; x_wconf 84' lang='lat' dir='ltr'><strong>El</strong></span> <span class='ocrx_word' id='word_1_637' title='bbox 2671 3783 2747 3855; x_wconf 79' lang='grc' dir='ltr'><strong>μὴ</strong></span> <span class='ocrx_word' id='word_1_638' title='bbox 2772 3781 3085 3854; x_wconf 72' lang='grc' dir='ltr'>διεφέροντο</span> <span class='ocrx_word' id='word_1_639' title='bbox 3103 3785 3240 3854; x_wconf 81' lang='grc' dir='ltr'>πρὸς</span> <span class='ocrx_word' id='word_1_640' title='bbox 3253 3784 3380 3849; x_wconf 74' lang='grc' dir='ltr'>τοὺς</span> <span class='ocrx_word' id='word_1_641' title='bbox 3400 3782 3512 3850; x_wconf 72' lang='grc' dir='ltr'><strong>ἔξω</strong></span> <span class='ocrx_word' id='word_1_642' title='bbox 3533 3780 3765 3839; x_wconf 65' lang='lat'><strong>0101916-</strong></span> 
     </span>
    </p>
   </div>
   <div class='ocr_carea' id='block_1_98' title="bbox 2190 3873 3765 3949">
    <p class='ocr_par' dir='ltr' id='par_1_98' title="bbox 2190 3873 3765 3949">
     <span class='ocr_line' id='line_1_98' title="bbox 2190 3873 3765 3949; baseline -0.001 -18"><span class='ocrx_word' id='word_1_643' title='bbox 2190 3895 2281 3949; x_wconf 84' lang='grc' dir='ltr'><strong>γοι</strong></span> <span class='ocrx_word' id='word_1_644' title='bbox 2312 3877 2490 3949; x_wconf 82' lang='grc' dir='ltr'>ἡμῶν,</span> <span class='ocrx_word' id='word_1_645' title='bbox 2524 3874 2709 3940; x_wconf 84' lang='grc' dir='ltr'>καλῶς</span> <span class='ocrx_word' id='word_1_646' title='bbox 2730 3874 2798 3930; x_wconf 79' lang='grc' dir='ltr'><strong>ἂν</strong></span> <span class='ocrx_word' id='word_1_647' title='bbox 2836 3873 2996 3931; x_wconf 81' lang='grc' dir='ltr'>τοῦτο</span> <span class='ocrx_word' id='word_1_648' title='bbox 3021 3875 3289 3949; x_wconf 75' lang='grc' dir='ltr'>ἐποίησας</span> <span class='ocrx_word' id='word_1_649' title='bbox 3310 3892 3329 3911; x_wconf 72' lang='grc' dir='ltr'><strong>ο</strong></span> <span class='ocrx_word' id='word_1_650' title='bbox 3363 3878 3494 3933; x_wconf 70' lang='grc' dir='ltr'>ἐπεὶ</span> <span class='ocrx_word' id='word_1_651' title='bbox 3528 3878 3587 3933; x_wconf 74' lang='grc' dir='ltr'>δι</span> <span class='ocrx_word' id='word_1_652' title='bbox 3612 3876 3765 3949; x_wconf 84' lang='grc' dir='ltr'>μεγί-</span> 
     </span>
    </p>
   </div>
   <div class='ocr_carea' id='block_1_99' title="bbox 2194 3968 3763 4042">
    <p class='ocr_par' dir='ltr' id='par_1_99' title="bbox 2194 3968 3763 4042">
     <span class='ocr_line' id='line_1_99' title="bbox 2194 3968 3763 4042; baseline -0.001 -17"><span class='ocrx_word' id='word_1_653' title='bbox 2194 3987 2294 4041; x_wconf 88' lang='grc' dir='ltr'><strong>στη</strong></span> <span class='ocrx_word' id='word_1_654' title='bbox 2346 3970 2613 4041; x_wconf 84' lang='grc' dir='ltr'>διαφωνία</span> <span class='ocrx_word' id='word_1_655' title='bbox 2653 3971 2821 4042; x_wconf 81' lang='grc' dir='ltr'>μέσον</span> <span class='ocrx_word' id='word_1_656' title='bbox 2875 3968 3080 4025; x_wconf 79' lang='grc' dir='ltr'>τούτων</span> <span class='ocrx_word' id='word_1_657' title='bbox 3133 3969 3408 4027; x_wconf 81' lang='grc' dir='ltr'>κάκείνων</span> <span class='ocrx_word' id='word_1_658' title='bbox 3449 3973 3621 4039; x_wconf 68' lang='grc' dir='ltr'>ἐστὶν,</span> <span class='ocrx_word' id='word_1_659' title='bbox 3666 3971 3763 4025; x_wconf 77' lang='grc' dir='ltr'>οὐκ</span> 
     </span>
    </p>
   </div>
   <div class='ocr_carea' id='block_1_100' title="bbox 2193 4063 3766 4137">
    <p class='ocr_par' dir='ltr' id='par_1_100' title="bbox 2193 4063 3766 4137">
     <span class='ocr_line' id='line_1_100' title="bbox 2193 4063 3766 4137; baseline -0.003 -15"><span class='ocrx_word' id='word_1_660' title='bbox 2193 4066 2429 4137; x_wconf 67' lang='grc' dir='ltr'>ὀφείλεις</span> <span class='ocrx_word' id='word_1_661' title='bbox 2454 4066 2618 4120; x_wconf 76' lang='grc' dir='ltr'>τοῦτο</span> <span class='ocrx_word' id='word_1_662' title='bbox 2657 4064 2917 4136; x_wconf 69' lang='grc' dir='ltr'>ποιῆσαν</span> <span class='ocrx_word' id='word_1_663' title='bbox 2948 4063 3173 4136; x_wconf 77' lang='grc' dir='ltr'>καὶγὰρ</span> <span class='ocrx_word' id='word_1_664' title='bbox 3203 4067 3233 4119; x_wconf 86' lang='grc' dir='ltr'><strong><em>ὁ</em></strong></span> <span class='ocrx_word' id='word_1_665' title='bbox 3261 4066 3555 4134; x_wconf 78' lang='grc' dir='ltr'>φιλόπονος</span> <span class='ocrx_word' id='word_1_666' title='bbox 3595 4064 3766 4119; x_wconf 61' lang='grc' dir='ltr'><strong>’ῐωάνς</strong></span> 
     </span>
    </p>
   </div>
   <div class='ocr_carea' id='block_1_101' title="bbox 2192 4154 3767 4231">
    <p class='ocr_par' dir='ltr' id='par_1_101' title="bbox 2192 4154 3767 4231">
     <span class='ocr_line' id='line_1_101' title="bbox 2192 4154 3767 4231; baseline -0.01 -18"><span class='ocrx_word' id='word_1_667' title='bbox 2192 4174 2312 4231; x_wconf 86' lang='grc' dir='ltr'>νης,</span> <span class='ocrx_word' id='word_1_668' title='bbox 2335 4158 2448 4221; x_wconf 84' lang='grc' dir='ltr'>τοῖς</span> <span class='ocrx_word' id='word_1_669' title='bbox 2477 4155 2584 4223; x_wconf 68' lang='grc' dir='ltr'>ἔξω</span> <span class='ocrx_word' id='word_1_670' title='bbox 2621 4154 3021 4227; x_wconf 80' lang='grc' dir='ltr'>ἀκολουθήσας,</span> <span class='ocrx_word' id='word_1_671' title='bbox 3070 4155 3147 4221; x_wconf 85' lang='grc' dir='ltr'>ὥς</span> <span class='ocrx_word' id='word_1_672' title='bbox 3194 4156 3480 4229; x_wconf 79' lang='grc' dir='ltr'>τριθεῖτης</span> <span class='ocrx_word' id='word_1_673' title='bbox 3514 4158 3614 4227; x_wconf 82' lang='grc' dir='ltr'><strong>τῆς</strong></span> <span class='ocrx_word' id='word_1_674' title='bbox 3651 4157 3767 4210; x_wconf 77' lang='grc' dir='ltr'><strong>Ἐκ-</strong></span> 
     </span>
    </p>
   </div>
   <div class='ocr_carea' id='block_1_102' title="bbox 2194 4247 3766 4323">
    <p class='ocr_par' dir='ltr' id='par_1_102' title="bbox 2194 4247 3766 4323">
     <span class='ocr_line' id='line_1_102' title="bbox 2194 4247 3766 4323; baseline -0.003 -16"><span class='ocrx_word' id='word_1_675' title='bbox 2194 4247 2426 4323; x_wconf 86' lang='grc' dir='ltr'>κλησίας</span> <span class='ocrx_word' id='word_1_676' title='bbox 2450 4248 2799 4321; x_wconf 73' lang='grc' dir='ltr'>ὲκδέδληται.</span> <span class='ocrx_word' id='word_1_677' title='bbox 2831 4248 2993 4304; x_wconf 77' lang='grc' dir='ltr'>Ἀλλά</span> <span class='ocrx_word' id='word_1_678' title='bbox 3014 4248 3112 4303; x_wconf 82' lang='grc' dir='ltr'><strong>καὶ</strong></span> <span class='ocrx_word' id='word_1_679' title='bbox 3143 4248 3294 4306; x_wconf 72' lang='grc' dir='ltr'>ἄλλοι</span> <span class='ocrx_word' id='word_1_680' title='bbox 3328 4249 3523 4306; x_wconf 77' lang='grc' dir='ltr'>πολλοὶ</span> <span class='ocrx_word' id='word_1_681' title='bbox 3540 4252 3613 4307; x_wconf 78' lang='grc' dir='ltr'>δι’</span> <span class='ocrx_word' id='word_1_682' title='bbox 3639 4250 3766 4305; x_wconf 79' lang='grc' dir='ltr'>αὐτὸ</span> 
     </span>
    </p>
   </div>
   <div class='ocr_carea' id='block_1_103' title="bbox 2192 4326 3768 4414">
    <p class='ocr_par' dir='ltr' id='par_1_103' title="bbox 2192 4326 3768 4414">
     <span class='ocr_line' id='line_1_103' title="bbox 2192 4326 3768 4414; baseline 0 -16"><span class='ocrx_word' id='word_1_683' title='bbox 2192 4326 2373 4399; x_wconf 75' lang='grc' dir='ltr'>τοῦτο’</span> <span class='ocrx_word' id='word_1_684' title='bbox 2397 4342 2525 4414; x_wconf 76' lang='grc' dir='ltr'>περὶ</span> <span class='ocrx_word' id='word_1_685' title='bbox 2578 4340 2678 4412; x_wconf 84' lang='grc' dir='ltr'>τὴν</span> <span class='ocrx_word' id='word_1_686' title='bbox 2711 4341 2898 4396; x_wconf 89' lang='grc' dir='ltr'>πίστιν</span> <span class='ocrx_word' id='word_1_687' title='bbox 2944 4341 3254 4413; x_wconf 77' lang='grc' dir='ltr'>ἠστόχησαν</span> <span class='ocrx_word' id='word_1_688' title='bbox 3283 4359 3299 4381; x_wconf 73' lang='grc'><strong><em>’</em></strong></span> <span class='ocrx_word' id='word_1_689' title='bbox 3356 4343 3434 4409; x_wconf 85' lang='grc' dir='ltr'><strong>ῶς</strong></span> <span class='ocrx_word' id='word_1_690' title='bbox 3465 4362 3568 4398; x_wconf 79' lang='grc' dir='ltr'><strong>που</strong></span> <span class='ocrx_word' id='word_1_691' title='bbox 3602 4346 3693 4404; x_wconf 79' lang='grc' dir='ltr'><strong>καὶ</strong></span> <span class='ocrx_word' id='word_1_692' title='bbox 3739 4344 3768 4398; x_wconf 79' lang='grc' dir='ltr'>ὀ</span> 
     </span>
    </p>
   </div>
   <div class='ocr_carea' id='block_1_104' title="bbox 2199 4431 3770 4507">
    <p class='ocr_par' dir='ltr' id='par_1_104' title="bbox 2199 4431 3770 4507">
     <span class='ocr_line' id='line_1_104' title="bbox 2199 4431 3770 4507; baseline 0.001 -18"><span class='ocrx_word' id='word_1_693' title='bbox 2199 4435 2369 4506; x_wconf 80' lang='grc' dir='ltr'>μέγας</span> <span class='ocrx_word' id='word_1_694' title='bbox 2402 4434 2614 4499; x_wconf 82' lang='grc' dir='ltr'>Παῦλος</span> <span class='ocrx_word' id='word_1_695' title='bbox 2648 4434 2784 4505; x_wconf 85' lang='grc' dir='ltr'>πρὸς</span> <span class='ocrx_word' id='word_1_696' title='bbox 2806 4434 3073 4505; x_wconf 86' lang='grc' dir='ltr'>Τιμόθεον</span> <span class='ocrx_word' id='word_1_697' title='bbox 3101 4434 3332 4505; x_wconf 78' lang='grc' dir='ltr'>γράφων</span> <span class='ocrx_word' id='word_1_698' title='bbox 3363 4431 3645 4507; x_wconf 74' lang='grc' dir='ltr'>φησίνοὮ</span> <span class='ocrx_word' id='word_1_699' title='bbox 3683 4434 3770 4491; x_wconf 81' lang='grc' dir='ltr'><strong>Τί-</strong></span> 
     </span>
    </p>
   </div>
   <div class='ocr_carea' id='block_1_105' title="bbox 2190 4525 3765 4606">
    <p class='ocr_par' dir='ltr' id='par_1_105' title="bbox 2190 4525 3765 4606">
     <span class='ocr_line' id='line_1_105' title="bbox 2190 4525 3765 4606; baseline 0 -23"><span class='ocrx_word' id='word_1_700' title='bbox 2190 4530 2388 4601; x_wconf 76' lang='grc' dir='ltr'>μόθεε,</span> <span class='ocrx_word' id='word_1_701' title='bbox 2410 4527 2527 4596; x_wconf 80' lang='grc' dir='ltr'><strong>τὴν</strong></span> <span class='ocrx_word' id='word_1_702' title='bbox 2555 4525 3063 4606; x_wconf 75' lang='grc' dir='ltr'>παρακαταθήκην</span> <span class='ocrx_word' id='word_1_703' title='bbox 3088 4527 3388 4597; x_wconf 70' lang='grc' dir='ltr'>φύλαξον,</span> <span class='ocrx_word' id='word_1_704' title='bbox 3416 4529 3765 4598; x_wconf 69' lang='grc' dir='ltr'>ἐκτρεπόμε-</span> 
     </span>
    </p>
   </div>
   <div class='ocr_carea' id='block_1_106' title="bbox 2194 4620 3766 4696">
    <p class='ocr_par' dir='ltr' id='par_1_106' title="bbox 2194 4620 3766 4696">
     <span class='ocr_line' id='line_1_106' title="bbox 2194 4620 3766 4696; baseline -0.003 -18"><span class='ocrx_word' id='word_1_705' title='bbox 2194 4638 2304 4689; x_wconf 80' lang='grc' dir='ltr'>νος</span> <span class='ocrx_word' id='word_1_706' title='bbox 2331 4622 2439 4688; x_wconf 84' lang='grc' dir='ltr'>τὰς</span> <span class='ocrx_word' id='word_1_707' title='bbox 2468 4620 2777 4688; x_wconf 73' lang='grc' dir='ltr'>βεϐήλους</span> <span class='ocrx_word' id='word_1_708' title='bbox 2800 4622 3199 4690; x_wconf 75' lang='grc' dir='ltr'>καινοφωνίας</span> <span class='ocrx_word' id='word_1_709' title='bbox 3245 4620 3383 4696; x_wconf 74' lang='grc' dir='ltr'>[εοά.</span> <span class='ocrx_word' id='word_1_710' title='bbox 3421 4622 3639 4694; x_wconf 57' lang='lat' dir='ltr'><strong>raw/9.]</strong></span> <span class='ocrx_word' id='word_1_711' title='bbox 3676 4621 3766 4674; x_wconf 77' lang='grc' dir='ltr'><strong>καὶ</strong></span> 
     </span>
    </p>
   </div>
   <div class='ocr_carea' id='block_1_107' title="bbox 2197 4711 3767 4784">
    <p class='ocr_par' dir='ltr' id='par_1_107' title="bbox 2197 4711 3767 4784">
     <span class='ocr_line' id='line_1_107' title="bbox 2197 4711 3767 4784; baseline -0.001 -15"><span class='ocrx_word' id='word_1_712' title='bbox 2197 4713 2529 4779; x_wconf 77' lang='grc' dir='ltr'>ἀντιθέσεις</span> <span class='ocrx_word' id='word_1_713' title='bbox 2578 4711 2689 4783; x_wconf 84' lang='grc' dir='ltr'>τῆς</span> <span class='ocrx_word' id='word_1_714' title='bbox 2733 4713 3132 4782; x_wconf 72' lang='grc' dir='ltr'>ψευδωνύμου</span> <span class='ocrx_word' id='word_1_715' title='bbox 3161 4713 3456 4784; x_wconf 71' lang='grc' dir='ltr'>γνώσεως,</span> <span class='ocrx_word' id='word_1_716' title='bbox 3507 4715 3589 4784; x_wconf 78' lang='grc' dir='ltr'><strong>ἣν</strong></span> <span class='ocrx_word' id='word_1_717' title='bbox 3618 4731 3767 4781; x_wconf 80' lang='grc' dir='ltr'>τινες</span> 
     </span>
    </p>
   </div>
   <div class='ocr_carea' id='block_1_108' title="bbox 2198 4804 3699 4878">
    <p class='ocr_par' dir='ltr' id='par_1_108' title="bbox 2198 4804 3699 4878">
     <span class='ocr_line' id='line_1_108' title="bbox 2198 4804 3699 4878; baseline -0.001 -16"><span class='ocrx_word' id='word_1_718' title='bbox 2198 4807 2723 4877; x_wconf 70' lang='grc' dir='ltr'>ἐπαγγελλόμενοι,</span> <span class='ocrx_word' id='word_1_719' title='bbox 2768 4807 2902 4873; x_wconf 83' lang='grc' dir='ltr'>περὶ</span> <span class='ocrx_word' id='word_1_720' title='bbox 2934 4804 3050 4876; x_wconf 77' lang='grc' dir='ltr'>τὴν</span> <span class='ocrx_word' id='word_1_721' title='bbox 3073 4807 3285 4863; x_wconf 80' lang='grc' dir='ltr'>πίστιν</span> <span class='ocrx_word' id='word_1_722' title='bbox 3320 4808 3699 4878; x_wconf 75' lang='grc' dir='ltr'>ἠστόχησαν.</span> 
     </span>
    </p>
   </div>
   <div class='ocr_carea' id='block_1_109' title="bbox 2260 4899 3766 4973">
    <p class='ocr_par' dir='ltr' id='par_1_109' title="bbox 2260 4899 3766 4973">
     <span class='ocr_line' id='line_1_109' title="bbox 2260 4899 3766 4973; baseline -0.001 -20"><span class='ocrx_word' id='word_1_723' title='bbox 2260 4900 2481 4955; x_wconf 87' lang='grc' dir='ltr'>Τούτων</span> <span class='ocrx_word' id='word_1_724' title='bbox 2503 4899 2645 4954; x_wconf 72' lang='grc' dir='ltr'>οὕτω</span> <span class='ocrx_word' id='word_1_725' title='bbox 2678 4899 2974 4973; x_wconf 76' lang='grc' dir='ltr'>ῥηθέντων,</span> <span class='ocrx_word' id='word_1_726' title='bbox 3002 4900 3033 4953; x_wconf 80' lang='grc' dir='ltr'><strong>ὁ</strong></span> <span class='ocrx_word' id='word_1_727' title='bbox 3074 4900 3309 4971; x_wconf 81' lang='grc' dir='ltr'>μοναχδς</span> <span class='ocrx_word' id='word_1_728' title='bbox 3336 4899 3613 4970; x_wconf 73' lang='grc' dir='ltr'>Θεόδωρος</span> <span class='ocrx_word' id='word_1_729' title='bbox 3643 4900 3766 4953; x_wconf 82' lang='grc' dir='ltr'>ἁνε-</span> 
     </span>
    </p>
   </div>
   <div class='ocr_carea' id='block_1_110' title="bbox 2190 4986 3767 5064">
    <p class='ocr_par' dir='ltr' id='par_1_110' title="bbox 2190 4986 3767 5064">
     <span class='ocr_line' id='line_1_110' title="bbox 2190 4986 3767 5064; baseline -0.001 -21"><span class='ocrx_word' id='word_1_730' title='bbox 2190 4990 2429 5064; x_wconf 80' lang='grc' dir='ltr'>χώρησε.</span> <span class='ocrx_word' id='word_1_731' title='bbox 2457 4991 2537 5064; x_wconf 70' lang='grc' dir='ltr'><strong>Τῇ</strong></span> <span class='ocrx_word' id='word_1_732' title='bbox 2568 4992 2625 5046; x_wconf 78' lang='grc' dir='ltr'>δὲ</span> <span class='ocrx_word' id='word_1_733' title='bbox 2660 4990 2925 5063; x_wconf 68' lang='grc' dir='ltr'>ἐπαύριον</span> <span class='ocrx_word' id='word_1_734' title='bbox 2956 4986 3122 5062; x_wconf 81' lang='grc' dir='ltr'>ἦλθεν</span> <span class='ocrx_word' id='word_1_735' title='bbox 3154 4990 3344 5055; x_wconf 87' lang='grc' dir='ltr'>Ἠλίας</span> <span class='ocrx_word' id='word_1_736' title='bbox 3389 4991 3421 5044; x_wconf 86' lang='grc' dir='ltr'>ὁ</span> <span class='ocrx_word' id='word_1_737' title='bbox 3472 4991 3767 5050; x_wconf 73' lang='grc' dir='ltr'>ἐπίσκοπος</span> 
     </span>
    </p>
   </div>
   <div class='ocr_carea' id='block_1_111' title="bbox 2193 5078 3765 5156">
    <p class='ocr_par' dir='ltr' id='par_1_111' title="bbox 2193 5078 3765 5156">
     <span class='ocr_line' id='line_1_111' title="bbox 2193 5078 3765 5156; baseline -0.004 -17"><span class='ocrx_word' id='word_1_738' title='bbox 2193 5086 2527 5139; x_wconf 76' lang='grc' dir='ltr'>Κεσσουνίου</span> <span class='ocrx_word' id='word_1_739' title='bbox 2560 5085 2643 5148; x_wconf 84' lang='grc' dir='ltr'><strong>είς</strong></span> <span class='ocrx_word' id='word_1_740' title='bbox 2678 5086 2740 5138; x_wconf 82' lang='grc' dir='ltr'>τὸ</span> <span class='ocrx_word' id='word_1_741' title='bbox 2796 5084 3091 5156; x_wconf 78' lang='grc' dir='ltr'>κατάλυμα</span> <span class='ocrx_word' id='word_1_742' title='bbox 3144 5084 3239 5138; x_wconf 77' lang='grc' dir='ltr'>τοῦ</span> <span class='ocrx_word' id='word_1_743' title='bbox 3284 5082 3623 5156; x_wconf 79' lang='grc' dir='ltr'>Θεωριανοῦ,</span> <span class='ocrx_word' id='word_1_744' title='bbox 3675 5078 3765 5135; x_wconf 81' lang='grc' dir='ltr'>καί</span> 
     </span>
    </p>
   </div>
   <div class='ocr_carea' id='block_1_112' title="bbox 2194 5174 3767 5250">
    <p class='ocr_par' dir='ltr' id='par_1_112' title="bbox 2194 5174 3767 5250">
     <span class='ocr_line' id='line_1_112' title="bbox 2194 5174 3767 5250; baseline -0.003 -18"><span class='ocrx_word' id='word_1_745' title='bbox 2194 5196 2329 5248; x_wconf 89' lang='grc' dir='ltr'>φησι</span> <span class='ocrx_word' id='word_1_746' title='bbox 2357 5177 2498 5249; x_wconf 83' lang='grc' dir='ltr'>πρὸς</span> <span class='ocrx_word' id='word_1_747' title='bbox 2539 5177 2733 5232; x_wconf 77' lang='grc' dir='ltr'>αὐτόν’</span> <span class='ocrx_word' id='word_1_748' title='bbox 2767 5176 3048 5247; x_wconf 72' lang='grc' dir='ltr'>Θαυμάζω</span> <span class='ocrx_word' id='word_1_749' title='bbox 3074 5176 3191 5242; x_wconf 83' lang='grc' dir='ltr'><strong>πῶς</strong></span> <span class='ocrx_word' id='word_1_750' title='bbox 3213 5176 3317 5232; x_wconf 72' lang='grc' dir='ltr'><strong>οὐκ</strong></span> <span class='ocrx_word' id='word_1_751' title='bbox 3349 5176 3624 5250; x_wconf 70' lang='grc' dir='ltr'>ἠθέλησας</span> <span class='ocrx_word' id='word_1_752' title='bbox 3652 5174 3767 5229; x_wconf 87' lang='grc' dir='ltr'>δια-</span> 
     </span>
    </p>
   </div>
   <div class='ocr_carea' id='block_1_113' title="bbox 2193 5268 3766 5343">
    <p class='ocr_par' dir='ltr' id='par_1_113' title="bbox 2193 5268 3766 5343">
     <span class='ocr_line' id='line_1_113' title="bbox 2193 5268 3766 5343; baseline -0.003 -20"><span class='ocrx_word' id='word_1_753' title='bbox 2193 5269 2453 5342; x_wconf 81' lang='grc' dir='ltr'>λεχθῆναι</span> <span class='ocrx_word' id='word_1_754' title='bbox 2482 5270 2621 5341; x_wconf 84' lang='grc' dir='ltr'><strong>μετὰ</strong></span> <span class='ocrx_word' id='word_1_755' title='bbox 2670 5268 2767 5325; x_wconf 78' lang='grc' dir='ltr'>τοῦ</span> <span class='ocrx_word' id='word_1_756' title='bbox 2806 5269 3081 5343; x_wconf 72' lang='grc' dir='ltr'>ἡμετέρου</span> <span class='ocrx_word' id='word_1_757' title='bbox 3125 5269 3445 5341; x_wconf 85' lang='grc' dir='ltr'>φιλοσόφου,</span> <span class='ocrx_word' id='word_1_758' title='bbox 3482 5268 3603 5323; x_wconf 85' lang='grc' dir='ltr'>ἀλλ’</span> <span class='ocrx_word' id='word_1_759' title='bbox 3630 5268 3766 5321; x_wconf 59' lang='lat' dir='ltr'><strong>seu.</strong></span> 
     </span>
    </p>
   </div>
   <div class='ocr_carea' id='block_1_114' title="bbox 2200 5478 3767 5552">
    <p class='ocr_par' dir='ltr' id='par_1_114' title="bbox 2200 5478 3767 5552">
     <span class='ocr_line' id='line_1_114' title="bbox 2200 5478 3767 5552; baseline -0.001 -18"><span class='ocrx_word' id='word_1_760' title='bbox 2200 5478 2449 5552; x_wconf 84' lang='lat' dir='ltr'><strong>Severum</strong></span> <span class='ocrx_word' id='word_1_761' title='bbox 2498 5478 2725 5552; x_wconf 80' lang='lat' dir='ltr'><strong>optimus</strong></span> <span class='ocrx_word' id='word_1_762' title='bbox 2755 5478 3061 5552; x_wconf 72' lang='lat' dir='ltr'><strong>agnoscitur</strong></span> <span class='ocrx_word' id='word_1_763' title='bbox 3098 5479 3380 5551; x_wconf 80' lang='lat' dir='ltr'><strong>theologus,</strong></span> <span class='ocrx_word' id='word_1_764' title='bbox 3413 5481 3505 5552; x_wconf 79' lang='lat' dir='ltr'><strong>qui</strong></span> <span class='ocrx_word' id='word_1_765' title='bbox 3551 5480 3605 5534; x_wconf 86' lang='lat' dir='ltr'><strong>in</strong></span> <span class='ocrx_word' id='word_1_766' title='bbox 3633 5492 3767 5552; x_wconf 61' lang='grc' dir='ltr'>ριςρι</span> 
     </span>
    </p>
   </div>
   <div class='ocr_carea' id='block_1_115' title="bbox 2199 5549 3767 5620">
    <p class='ocr_par' dir='ltr' id='par_1_115' title="bbox 2199 5549 3767 5620">
     <span class='ocr_line' id='line_1_115' title="bbox 2199 5549 3767 5620; baseline -0.001 -15"><span class='ocrx_word' id='word_1_767' title='bbox 2199 5551 2509 5606; x_wconf 81' lang='lat' dir='ltr'><strong>dicnmentis</strong></span> <span class='ocrx_word' id='word_1_768' title='bbox 2537 5549 2834 5604; x_wconf 80' lang='lat' dir='ltr'><strong>Aristotelis</strong></span> <span class='ocrx_word' id='word_1_769' title='bbox 2874 5549 3187 5620; x_wconf 4' lang='lat' dir='ltr'><strong>gemmisque</strong></span> <span class='ocrx_word' id='word_1_770' title='bbox 3233 5549 3561 5606; x_wconf 68' lang='lat' dir='ltr'><strong>ethnicorum</strong></span> <span class='ocrx_word' id='word_1_771' title='bbox 3602 5549 3767 5620; x_wconf 72' lang='lat' dir='ltr'><strong>philo-</strong></span> 
     </span>
    </p>
   </div>
   <div class='ocr_carea' id='block_1_116' title="bbox 2201 5618 3698 5691">
    <p class='ocr_par' dir='ltr' id='par_1_116' title="bbox 2201 5618 3698 5691">
     <span class='ocr_line' id='line_1_116' title="bbox 2201 5618 3698 5691; baseline -0.004 -13"><span class='ocrx_word' id='word_1_772' title='bbox 2201 5628 2482 5691; x_wconf 72' lang='lat' dir='ltr'><strong>sophorum</strong></span> <span class='ocrx_word' id='word_1_773' title='bbox 2513 5620 2820 5691; x_wconf 83' lang='lat' dir='ltr'><strong>pompaticis</strong></span> <span class='ocrx_word' id='word_1_774' title='bbox 2846 5618 3137 5691; x_wconf 78' lang='lat' dir='ltr'><strong>disciplinis</strong></span> <span class='ocrx_word' id='word_1_775' title='bbox 3165 5622 3477 5676; x_wconf 72' lang='lat' dir='ltr'><strong>exercitatus</strong></span> <span class='ocrx_word' id='word_1_776' title='bbox 3519 5619 3698 5691; x_wconf 74' lang='lat' dir='ltr'><strong>fuerit.</strong></span> 
     </span>
    </p>
   </div>
   <div class='ocr_carea' id='block_1_117' title="bbox 2276 5689 3760 5762">
    <p class='ocr_par' dir='ltr' id='par_1_117' title="bbox 2276 5689 3760 5762">
     <span class='ocr_line' id='line_1_117' title="bbox 2276 5689 3760 5762; baseline 0 -17"><span class='ocrx_word' id='word_1_777' title='bbox 2276 5692 2387 5762; x_wconf 77' lang='lat'><strong>(38)</strong></span> <span class='ocrx_word' id='word_1_778' title='bbox 2431 5690 2628 5747; x_wconf 84' lang='lat' dir='ltr'><strong>Recole</strong></span> <span class='ocrx_word' id='word_1_779' title='bbox 2660 5689 3061 5762; x_wconf 83' lang='lat' dir='ltr'><strong>adnotationem</strong></span> <span class='ocrx_word' id='word_1_780' title='bbox 3110 5690 3167 5762; x_wconf 72' lang='lat' dir='ltr'><strong>p.</strong></span> <span class='ocrx_word' id='word_1_781' title='bbox 3205 5692 3332 5757; x_wconf 81' lang='lat'><strong>588,</strong></span> <span class='ocrx_word' id='word_1_782' title='bbox 3364 5691 3455 5762; x_wconf 75' lang='lat' dir='ltr'><strong>ubi</strong></span> <span class='ocrx_word' id='word_1_783' title='bbox 3510 5690 3760 5746; x_wconf 51' lang='lat' dir='ltr'><strong>Theoria‘</strong></span> 
     </span>
    </p>
   </div>
   <div class='ocr_carea' id='block_1_118' title="bbox 2205 5760 3759 5835">
    <p class='ocr_par' dir='ltr' id='par_1_118' title="bbox 2205 5760 3759 5835">
     <span class='ocr_line' id='line_1_118' title="bbox 2205 5760 3759 5835; baseline -0.002 -17"><span class='ocrx_word' id='word_1_784' title='bbox 2205 5760 2309 5818; x_wconf 86' lang='lat' dir='ltr'><strong>nus</strong></span> <span class='ocrx_word' id='word_1_785' title='bbox 2362 5760 2559 5835; x_wconf 78' lang='lat' dir='ltr'><strong>dicitur</strong></span> <span class='ocrx_word' id='word_1_786' title='bbox 2616 5761 2975 5829; x_wconf 81' lang='lat' dir='ltr'><strong>disputavisse</strong></span> <span class='ocrx_word' id='word_1_787' title='bbox 2999 5833 3007 5835; x_wconf 11' lang='grc' dir='ltr'>ξ</span> <span class='ocrx_word' id='word_1_788' title='bbox 3031 5760 3152 5835; x_wconf 77' lang='lat' dir='ltr'><strong>cum</strong></span> <span class='ocrx_word' id='word_1_789' title='bbox 3188 5761 3343 5835; x_wconf 8' lang='lat' dir='ltr'><strong>Syro?</strong></span> <span class='ocrx_word' id='word_1_790' title='bbox 3376 5760 3660 5835; x_wconf 81' lang='lat' dir='ltr'><strong>Theodoro</strong></span> <span class='ocrx_word' id='word_1_791' title='bbox 3698 5762 3759 5817; x_wconf 86' lang='lat' dir='ltr'><strong>de</strong></span> 
     </span>
    </p>
   </div>
   <div class='ocr_carea' id='block_1_119' title="bbox 2203 5833 3619 5900">
    <p class='ocr_par' dir='ltr' id='par_1_119' title="bbox 2203 5833 3619 5900">
     <span class='ocr_line' id='line_1_119' title="bbox 2203 5833 3619 5900; baseline -0.004 -7"><span class='ocrx_word' id='word_1_792' title='bbox 2203 5833 2506 5893; x_wconf 76' lang='lat' dir='ltr'><strong>subsmutia</strong></span> <span class='ocrx_word' id='word_1_793' title='bbox 2537 5839 2592 5890; x_wconf 83' lang='lat' dir='ltr'><strong>ct</strong></span> <span class='ocrx_word' id='word_1_794' title='bbox 2630 5840 2849 5900; x_wconf 86' lang='lat' dir='ltr'><strong>natura,</strong></span> <span class='ocrx_word' id='word_1_795' title='bbox 2881 5846 2945 5888; x_wconf 77' lang='lat' dir='ltr'><strong>ex</strong></span> <span class='ocrx_word' id='word_1_796' title='bbox 2979 5833 3619 5891; x_wconf 57' lang='lat' dir='ltr'><strong>doctrina&#39;Aristotciit-a.</strong></span> 
     </span>
    </p>
   </div>
  </div>
