4026 6296
460 346 570 411 993

1882 345 2180 409 THEORI
2195 346 2321 409 ᾹΝΙ

3614 336 3722 404 996

466 484 487 520 ι
559 463 687 519 Haec
748 461 873 520 dum
942 461 1125 528 aiunt,
1204 460 1347 533 quod
1414 474 1474 517 se
1540 457 1690 533 ipsos
1745 471 2034 527 evertant,

2150 463 2370 527 ἑαυτοὺς
2391 462 2634 535 ἀτέχνως
2664 461 3117 535 παραλογίζεσοε.
3160 462 3393 534 Πέρυσιν
3424 463 3451 516 ὁ
3489 461 3595 533 πρὸ
3627 463 3721 516 σοῦ

460 559 731 613 nesciunt.
810 574 830 608 ι
904 553 1019 625 Ego
1072 568 1198 609 vero
1255 554 1458 622 miror,
1512 555 1782 626 quomodo
1829 569 1928 610 vos
1984 564 2044 611 ut

460 652 638 708 dicitis
697 650 749 704 in
800 647 1145 717 philosophia
1201 646 1422 712 nutriti,
1482 646 1700 702 incaute
1752 646 1905 701 vobis
1940 648 2038 716 ipsi

462 742 737 812 negotium
770 738 1066 797 lacessitis.
1094 735 1233 792 Olim
1270 735 1532 803 Joannes,
1560 746 1682 794 tuus
1704 738 1758 792 in
1792 736 2040 801 Cessunii

459 834 769 903 episcopatu
821 833 1117 894 decessor,
1185 830 1567 884 Armeniorum
1642 830 1907 901 synodum
1956 843 2043 883 me

461 926 686 981 absente
722 926 1020 995 ingressus,
1072 921 1481 992 imperitissima
1515 934 1648 976 voce
1698 921 1862 976 missa
1912 936 2043 976 con-

430 1032 672 1085 ,sessum
703 1030 918 1071 omnem
964 1012 1317 1083 perturbavit.
1353 1013 1547 1070 Paucis
1583 1027 1708 1068 vero
1743 1011 2043 1083 interjectis

460 1112 651 1165 diebus
703 1124 896 1167 rursus
959 1106 1132 1163 adfuit
1181 1122 1269 1163 me
1327 1117 1591 1177 praesente
1656 1107 1709 1161 in
1782 1105 2039 1177 synodo:

459 1217 693 1273 cumque
743 1202 836 1257 ille
872 1201 1128 1272 congredi
1166 1200 1353 1264 nollet,
1395 1207 1579 1269 utpote
1611 1199 1704 1269 qui
1758 1198 1812 1253 in
1866 1198 2041 1253 aliena

458 1294 667 1363 synodo
701 1303 1034 1357 versaretur,
1076 1307 1176 1363 ego
1210 1295 1276 1347 ad
1312 1293 1693 1347 Armeniorum
1721 1290 2040 1347 Generalem

458 1386 621 1440 verba
660 1386 761 1441 l'eci
797 1404 813 1442 :
844 1396 955 1439 tum
985 1385 1256 1441 sermonis
1309 1386 1413 1439 mei
1463 1399 1735 1439 summam
1795 1385 1845 1438 in
1900 1398 2041 1453 prte-

459 1483 663 1539 dictum
699 1484 1014 1554 episcopum
1040 1485 1389 1553 detorquens,
1419 1482 1751 1552 deprompsi,
1798 1483 2038 1548 domine,

457 1578 745 1647 quaesitum
774 1578 903 1632 illud
932 1581 1073 1647 quod
1100 1578 1152 1631 iu
1186 1578 1368 1647 priore
1394 1575 1758 1645 disputatione
1778 1575 2040 1645 scriptum

458 1679 544 1726 est
598 1683 772 1740 usque
830 1668 896 1723 ad
957 1669 1171 1723 verba:
1216 1685 1235 1719 ι
1286 1666 1417 1721 Siue
1465 1666 1769 1737 patriarcha
1825 1680 1964 1721 meo.
2015 1683 2036 1717 ι

459 1761 567 1817 Sed
617 1777 744 1817 cum
802 1761 894 1817 illo
949 1761 1163 1832 quidem
1230 1759 1583 1831 philosophiae
1641 1762 1852 1828 ignaro,
1914 1769 2042 1814 tunc

2144 558 2239 611 τοῦ
2276 559 2603 612 Κεσσουνίου
2628 558 2928 621 ἐπίσκοπος
2950 556 3227 626 Ἰωάννης,
3274 556 3725 626 παραγενόμενος

2145 653 2202 705 ὲν
2241 655 2308 723 τῇ
2368 652 2573 722 συνόδῳ
2616 650 2729 704 τῶν
2779 650 3084 720 Ἀρμενίων
3130 651 3362 711 ἀπόντος
3408 648 3569 716 ἐμοῦ,
3625 646 3728 702 καὶ

2145 745 2333 814 φωνῆς
2371 743 2657 814 ἀλογίστου
2703 741 2803 816 τὴν
2838 744 3056 799 σύνοδον
3086 741 3371 812 διετάραξε
3397 758 3414 775 ⁸
3454 743 3550 796 καὶ
3584 741 3729 812 μετά

2143 854 2296 900 τινας
2322 838 2537 909 ἡμέρας
2568 837 2731 890 πάλιν
2755 838 2938 910 παρῆν
2971 838 3134 900 αὐτὸς
3167 836 3324 904 κάγὼ
3366 839 3432 908 τῇ
3478 837 3684 904 συνόδῳ
3703 849 3725 865 ⁶

2144 931 2267 984 ἐπεὶ
2299 931 2356 985 δὲ
2388 935 2670 1002 συντυχεῖν
2714 933 2923 994 ἐκεῖνος
2966 932 3068 986 οὐκ
3098 931 3403 1002 ἠϐουλήθη,
3453 929 3526 992 ὡς
3564 928 3729 999 δῆθεν

2146 1020 2350 1091 συνόδῳ
2381 1020 2706 1093 προστυχὼν
2732 1022 3018 1094 ἀλλοτρίᾳ,
3055 1024 3193 1095 προς
3230 1025 3330 1092 μὲν
3362 1022 3455 1074 τὸν
3488 1019 3730 1075 Καθολισ-
3768 1044 3782 1059 ι

2145 1112 2243 1166 κὸν
2263 1112 2372 1166 τῶν
2414 1113 2715 1183 ’Δρμενίων
2746 1114 2838 1167 τὸν
2880 1115 3039 1183 λόγον
3072 1113 3419 1184 ἑποιησάμην
3450 1111 3561 1179 ἐγώ
3582 1128 3598 1143 ο
3635 1108 3731 1163 τὸν

2144 1199 2271 1253 νοῦν
2300 1200 2358 1254 δὲ
2391 1199 2486 1253 τοῦ
2518 1199 2681 1268 λόγου
2720 1201 2857 1273 πρὸς
2879 1203 2971 1257 τὸν
3000 1203 3240 1274 ρηθέντα
3267 1200 3570 1254 ἐπίσκοπον
3592 1200 3733 1255 am—

2141 1292 2455 1363 τεινόμενος
2504 1294 2663 1365 ἔφην,
2694 1294 2954 1362 δέσποτα,
3016 1296 3279 1367 ἐρώτημα
3337 1294 3478 1364 ὅπερ
3506 1291 3733 1364 ἐγράφη

2143 1386 2389 1454 ὄπισθεν,
2407 1388 2512 1455 ἕως
2534 1390 2629 1444 τοῦ
2668 1408 2686 1443 ι
2717 1390 2880 1444 Ἄνευ
2906 1389 2999 1444 τοῦ
3020 1390 3155 1461 ἐμοῦ
3181 1389 3524 1462 πατριάρχου
3542 1384 3659 1458 (59)
3682 1404 3699 1436 ι
3715 1425 3733 1440 .

2156 1478 2301 1535 Ἀλλ’
2335 1482 2530 1552 ἐκείνῳ
2567 1482 2667 1552 μὲν
2700 1483 2824 1538 τότε
2868 1482 3394 1553 παραδειγματικῶς
3434 1480 3507 1542 ὡς
3532 1480 3740 1548 ἀφιλοσ-

2146 1570 2322 1641 σόφῳ,
2371 1572 2455 1625 σοὶ
2481 1572 2537 1628 δὲ
2558 1572 2652 1627 νῦν
2678 1572 2755 1637 ὡς
2782 1574 3059 1645 φιλοσόφῳ
3083 1572 3324 1643 λογικῶς
3353 1572 3690 1641 ἀποδέδειχα
3714 1584 3733 1600 ·

2143 1664 2340 1736 ἐκείνῳ
2379 1665 2480 1736 μὲν
2512 1666 2596 1719 ὄτι
2639 1668 2699 1721 οὐ
2735 1667 2948 1736 γίνεται
2971 1666 3169 1739 τετρὰς
3200 1668 3234 1737 ἡ
3268 1666 3464 1741 Τριὰς,
3508 1664 3599 1719 διὰ
3630 1662 3739 1733 τὴν

2146 1758 2469 1831 προσθήκην
2496 1759 2596 1829 τῆς
2630 1760 2824 1831 ἑτέρας
2874 1760 3089 1830 φύσεως
3108 1761 3219 1834 (40)
3248 1779 3264 1795 ο
3299 1762 3384 1815 σοὶ
3404 1761 3460 1815 δὲ
3493 1762 3576 1815 ὅτι
3608 1762 3739 1812 τότε

458 1855 706 1925 exemplo
762 1856 967 1910 abusus
1004 1870 1163 1920 sum;
1205 1868 1348 1908 nunc
1402 1867 1531 1907 vero
1567 1852 1661 1907 tibi
1699 1850 2037 1922 philosopho,

2152 1851 2355 1922 μᾶλλον
2381 1855 2594 1920 γίνεται
2622 1859 2823 1925 τετρὰς
2846 1858 2880 1928 ἡ
2910 1858 3103 1930 Τριὰς,
3144 1858 3272 1912 ὅταν
3322 1856 3609 1927 ὁμοούσιον
3651 1853 3739 1907 elo

458 1948 685 2018 logicam
741 1946 910 2004 obtuli
972 1946 1510 2002 demonstrationem.
1565 1944 1632 2001 Et
1684 1944 1758 1999 illi
1822 1945 2041 2014 quidem

458 2045 631 2111 suasi,
690 2058 797 2099 non
866 2042 984 2098 ﬁeri
1041 2044 1109 2098 de
1170 2041 1437 2097 Trinitate
1499 2039 1911 2110 quaternionem
1973 2042 2042 2096 ob
2105 2042 2330 2101 alterius
2393 2057 2601 2102 natum
2676 2049 3074 2119 adjectionem;

2154 1963 2347 2017 πωμεν
2373 1947 2436 2002 τὸ
2470 1948 2630 2021 σῶμα
2652 1952 2719 2022 τῇ
2760 1951 2853 2007 τοῦ
2885 1952 3061 2021 Λόγου
3094 1951 3333 2023 θεότητι.

3164 2048 3261 2104 tibi
3314 2062 3444 2103 vero
3495 2048 3738 2111 ostendi,

470 2153 595 2197 tunc
636 2140 876 2195 maxime
914 2137 1251 2195 deTrinitate
1285 2137 1399 2192 ﬁeri
1433 2138 1845 2206 quaternionem
1868 2176 1885 2205 ,
1918 2151 2043 2192 cum
2086 2152 2284 2209 corpus
2311 2142 2613 2201 dixerimus
2641 2144 3110 2201 consubstantiale
3136 2142 3299 2201 Verbi
3330 2143 3626 2199 divinitati.

536 2235 632 2290 His
692 2235 897 2302 dictis,
967 2233 1248 2305 respondit
1313 2235 1599 2305 episc0pus
1666 2234 1816 2290 ﬁlias
1875 2252 1890 2289 :
1949 2248 2049 2291 nos

461 2326 744 2385 Christum
793 2341 956 2381 unam
986 2324 1345 2381 substantiam
1398 2326 1760 2394 compositam
1793 2325 2049 2391 dicimus,

462 2427 522 2471 ut
558 2415 732 2471 sancti
768 2413 963 2493 Patres
993 2414 1212 2469 docent.
1240 2412 1583 2483 Caeteroquin
1608 2428 1708 2484 ego
1740 2413 1883 2468 haud
1924 2413 2048 2468 veni

462 2509 871 2579 disputaturus,
920 2506 1015 2562 sed
1067 2506 1310 2561 fraterno
1360 2520 1513 2561 more
1572 2505 1719 2562 hunc
1780 2508 2050 2563 commovi

460 2616 792 2666 sermonem,
845 2608 907 2655 ut
943 2596 1310 2655 Romanorum
1361 2600 1427 2655 de
1458 2598 1565 2654 bac
1620 2614 1680 2654 re
1727 2601 2050 2656 sententiam

461 2708 872 2767 cognoscerem.
913 2691 1281 2764 Philosophus
1306 2703 1484 2748 autem
1512 2690 1853 2759 Theodorus,
1883 2693 1972 2764 qui
2018 2707 2051 2747 a

460 2798 651 2844 nostro
714 2786 1025 2859 patriarcha
1095 2784 1165 2840 ad
1226 2793 1277 2840 te
1342 2783 1544 2840 missus
1602 2793 1728 2852 est,
1792 2800 1891 2857 pro
1952 2798 2053 2841 suo

460 2882 715 2951 loquatur
741 2879 916 2936 libito.

533 2970 791 3027 THEOR.
835 2968 1051 3036 Dixisti,
1088 2970 1327 3035 domine,
1374 2983 1472 3023 vos
1496 2984 1660 3024 unam
1690 2967 2049 3039 compositam

461 3065 821 3122 substantiam
865 3061 1152 3117 allirmare.
1204 3062 1304 3117 Ast
1353 3076 1451 3115 oro
1502 3074 1571 3116 ne
1612 3060 1887 3131 explicare
1916 3060 2051 3115 mibi

462 3156 710 3231 graveris
742 3157 870 3226 quid
904 3155 976 3211 sit
998 3154 1159 3225 quod
1211 3155 1290 3208 ait
1340 3154 1624 3226 theologus
1660 3153 1960 3224 Gregorius
1994 3153 2050 3209 in

425 3278 427 3281 τ
462 3268 564 3309 suo
609 3252 675 3307 de
714 3246 919 3318 Spiritu
969 3253 1162 3302 sancto
1194 3260 1497 3301 sermone:
1538 3263 1558 3300 ι
1600 3244 1659 3300 Si
1684 3255 1865 3300 autem
1917 3246 2052 3300 sub-

461 3346 659 3403 stantia
704 3352 812 3407 est,
846 3351 903 3398 et
948 3355 1054 3396 non
1085 3339 1290 3411 aliquid
1319 3353 1513 3396 eorum
1556 3353 1680 3409 qua:
1726 3336 2053 3393 substantiae

461 3438 742 3499 accidunt,
794 3443 1043 3507 superest
1096 3432 1256 3504 plane
1317 3441 1377 3487 ut
1428 3431 1509 3488 vel
1541 3439 1796 3486 creatura
1840 3431 1914 3487 sit
1968 3430 2054 3485 vel

2222 2239 2441 2296 Τούτων
2493 2240 2793 2313 ῥηθέντων,
2850 2239 3007 2297 εἶπεν
3050 2245 3078 2299 ὁ
3128 2243 3431 2307 δπίσκοπος
3492 2241 3729 2307 Ἠλίας·

2162 2324 2355 2397 Ἡμεῖς
2384 2328 2478 2385 τὸν
2518 2331 2755 2401 Χριστδν
2791 2332 2919 2403 μίαν
2949 2332 3139 2386 οὐσίαν
3189 2333 3444 2388 σύνθετον
3472 2333 3738 2404 λέγομεν,

2150 2421 2225 2486 ὼς
2262 2423 2311 2477 οί
2334 2421 2485 2492 ἅγιοι
2527 2424 2777 2496 Πατέρες
2804 2426 3119 2481 διδάσκουσι
3140 2445 3155 2462 -
3188 2426 3329 2497 πλὴν
3356 2426 3456 2497 μὲν
3488 2425 3600 2495 ἐγὼ
3634 2426 3743 2479 οὐκ

2150 2510 2316 2587 ἦλθον
2341 2517 2478 2588 πρὸς
2507 2516 2566 2571 τὸ
2590 2518 2959 2591 διαλεχθῆναι,
2985 2520 3102 2573 ἀλλ’
3128 2519 3434 2591 ἀδελφικῶς
3463 2520 3743 2590 κεκίνηκα

2151 2610 2244 2665 τὸν
2278 2612 2407 2683 περὶ
2439 2611 2632 2665 τούτου
2661 2612 2839 2682 λόγον,
2872 2612 3200 2685 βουλόμενος
3232 2613 3430 2685 μαθεῖν
3456 2613 3609 2685 παρὰ
3638 2612 3740 2667 σοῦ

2151 2704 2205 2757 τί
2232 2706 2362 2775 περὶ
2392 2706 2585 2760 τούτου
2625 2706 2880 2775 λέγουσιν
2911 2707 2961 2760 οί
3000 2708 3290 2778 Ῥωμαῖοι.
3338 2706 3407 2761 ,Ὀ
3436 2706 3741 2776 φιλόσοφος

2151 2797 2211 2851 δὲ
2238 2798 2541 2869 Θεόδωρος,
2573 2801 2601 2854 ὁ
2640 2802 2736 2854 καὶ
2768 2800 2924 2871 παρὰ
2954 2801 3048 2855 τοῦ
3078 2800 3353 2872 ἡμετέρου
3383 2803 3739 2871 πατριάρχου

2151 2894 2487 2958 ἀποσταλεὶς
2508 2894 2645 2965 πρὸς
2674 2894 2755 2959 σε,
2790 2894 3003 2965 λεγέτω
3028 2898 3089 2949 τὸ
3121 2894 3316 2950 δοκοῦν
3342 2892 3492 2965 αύτῷ
3519 2894 3661 2965 (41).

2235 2985 2296 3040 Ὀ
2312 2985 2506 3041 ΘΕΩΡ.
2523 2985 2720 3053 Εἶπας,
2732 2987 2997 3051 δέσποτα,
3010 2989 3093 3042 ὅτι
3116 2989 3247 3058 μίαν
3267 2986 3525 3057 σύνθετον
3540 2986 3737 3041 οὐσίαν

2151 3078 2339 3150 λέγετε
2375 3096 2390 3113 ο
2425 3082 2523 3135 καὶ
2553 3081 2886 3153 παρακαλῶ,
2935 3082 3011 3155 μὴ
3046 3080 3369 3154 ἀπαξιώσῃς
3395 3079 3740 3153 ἑρμηνεῦσαί

2155 3191 2268 3244 μοι.
2308 3174 2363 3228 τί
2390 3175 2538 3229 ἐστιν
2578 3175 2607 3228 ὃ
2647 3176 2797 3245 λέγει
2843 3176 2871 3229 δ
2896 3174 3160 3246 Θεολὸγος
3205 3176 3507 3248 Γρηγόριος
3562 3176 3623 3230 ὲν
3659 3174 3739 3246 τῷ

2151 3268 2283 3339 περὶ
2306 3266 2407 3323 τοῦ
2439 3269 2595 3338 ἁγίου
2628 3269 2945 3338 Πνεύματος
2976 3269 3121 3341 λόγῳ
3151 3286 3165 3302 ·
3206 3289 3226 3323 ι
3262 3272 3326 3324 Ei
3359 3269 3404 3323 δ’
3428 3270 3593 3324 οὐσία
3632 3286 3731 3336 τις,

2151 3360 2212 3413 οὐ
2242 3360 2353 3413 τῶν
2391 3362 2523 3431 περὶ
2548 3360 2648 3431 τὴν
2676 3360 2890 3423 ούτίαν,
2924 3360 3046 3432 ἦτοι
3086 3362 3295 3430 κτίσμα
3345 3360 3723 3433 ὑποληφθήσι-

2152 3473 2245 3509 ται
2278 3454 2311 3527 ἢ
2343 3454 2477 3521 Θεός
2511 3471 2526 3486 ο
2567 3456 2736 3527 μέσον
2764 3456 2875 3527 γάρ
2906 3472 2992 3509 τοι
3020 3455 3249 3523 τούτων,
3284 3441 3729 3527 ἦτοιμηδετέρου

466 3532 627 3587 Deus.
669 3527 805 3583 Nam
844 3528 1070 3584 mediun‘
1134 3525 1261 3594 quid
1311 3526 1454 3581 inter
1482 3526 1619 3592 haec,
1668 3524 1749 3579 vel
1794 3523 2047 3580 neutrius

2158 3523 2413 3621 μετέγον,
2456 3548 2490 3621 ἢ
2542 3523 2601 3617 ἐξ
2648 3523 2854 3620 ἀμφοῖν
2922 3547 3198 3617 σύνθετον,
3250 3523 3361 3603 οὐδ’
3400 3548 3470 3602 ἂν
3499 3523 3575 3603 -οί
3614 3523 3733 3612 τοὺς

462 3623 762 3699 particeps,
786 3620 870 3675 vel
902 3635 965 3676 ex
989 3620 1253 3675 ambobus
1273 3632 1653 3687 compositum,
1674 3630 1745 3671 ne
1771 3615 1805 3671 ii
1829 3616 2047 3688 quidem

465 3714 786 3784 cogitabuut
838 3712 933 3781 qui
995 3719 1287 3767 centauros
1341 3708 1443 3764 sibi
1479 3709 1814 3778 conﬁngunt.
1859 3726 1880 3760 ι
1938 3705 2051 3764 Cur

462 3822 592 3876 ergo
623 3820 717 3860 vos
751 3803 1104 3873 compositam
1138 3800 1501 3869 substantiam
1536 3796 1813 3857 Christum
1839 3799 2047 3865 dicitis,

463 3914 632 3971 quum
668 3896 953 3967 theologus
986 3895 1341 3966 compositam
1396 3892 1763 3949 substantiam
1824 3906 2050 3963 prorsus
2102 3926 2105 3927 ν

464 3989 716 4045 ignoret?

464 4006 749 4143 ιῧῗὲῖξο.
774 4081 891 4139 Dixi
918 4078 1051 4152 iam,
1107 4093 1194 4134 me
1243 4080 1310 4134 ad
1358 4078 1748 4149 pisputandum
1787 4077 1893 4134 hnc
1931 4092 2038 4131 non

464 4168 704 4237 venisse.
736 4175 838 4227 Aio
887 4182 1064 4228 tamen
1098 4170 1243 4228 haud
1294 4186 1546 4241 magnam
1577 4184 1699 4225 esse
1743 4178 1985 4226 nostram
2020 4185 2052 4224 a

2155 3643 2535 3715 τραγελάφους
2586 3642 2923 3707 πλάττοντες
2976 3644 3317 3717 ἒννοήσαιεν.
3350 3661 3367 3696 ι
3405 3642 3531 3707 Πῶς
3577 3644 3735 3714 ὑμεῖς

2158 3738 2257 3809 μὲν
2288 3737 2542 3793 σύνθετον
2579 3737 2766 3792 ούσίαν
2788 3736 2981 3808 λέγετε
3012 3737 3105 3792 τδν
3130 3737 3388 3807 Χριστὸν,
3417 3736 3445 3788 ὁ
3470 3737 3736 3807 Θεολόγος

2152 3830 2209 3884 δὲ
2235 3828 2493 3887 σύνθετον
2529 3829 2721 3884 οὐσίαν
2748 3827 3017 3900 ἠγνόησεν
3046 3827 3247 3893 ὁλικῶς
3269 3846 3286 3897 ;

2232 4070 2292 4126 Ὅ
2310 4071 2437 4126 ’Eﬂ.
2474 4050 2796 4144 Προείρηκά
2814 4089 2920 4138 σοι,
2944 4072 3027 4127 ὅτι
3048 4071 3149 4127 οὐκ
3176 4067 3347 4146 ἦλθον
3373 4073 3735 4147 διαλεχθησόο

2154 4180 2315 4237 μενος
2342 4181 2357 4198 ο
2388 4163 2532 4233 λέγω
2558 4164 2615 4218 δὲ
2658 4166 2741 4219 ὅτι
2774 4167 2939 4237 μέσον
2968 4167 3126 4239 ἡμῶν
3158 4168 3253 4222 καὶ
3292 4168 3447 4238 ὑμῶν
3484 4172 3588 4224 οὐκ
3617 4171 3736 4229 ἐστι

464 4267 623 4323 vobis
658 4266 1104 4336 discrepantiam.
1159 4263 1255 4319 llis
1301 4263 1483 4329 dictis,
1521 4261 1691 4334 Syrus
1715 4262 1935 4331 quidam
1965 4276 2047 4315 επις

2156 4259 2299 4331 μέγα
2335 4259 2582 4331 σφάλμα.
2612 4256 2831 4314 Τούτων
2857 4261 3002 4315 οὓτω
3047 4262 3356 4333 ῥηθέντων,
3385 4264 3628 4331 ἀναστὰς
3661 4267 3737 4320 ἱε-

465 4360 660 4416 cerdos
724 4372 1027 4429 exsurgens
1079 4357 1159 4409 ait
1219 4355 1527 4409 Theoriano
1575 4372 1589 4409 :
1651 4352 1764 4409 Cur
1817 4352 2053 4408 frontem

2157 4352 2285 4424 ρεύς
2314 4370 2399 4417 τις
2430 4352 2541 4405 τῶν
2576 4352 2764 4422 Σύρων
2790 4350 2912 4407 εἷπε
2958 4357 3095 4425 πρὸς
3122 4355 3219 4409 τὸν
3247 4357 3563 4427 Θεωριανόν
3591 4376 3605 4393 ο
3636 4360 3738 4413 Διὰ

466 4455 695 4527 signatis
744 4454 957 4509 duobus
1012 4450 1243 4522 digitis?
1295 4464 1477 4505 nonne
1529 4449 1679 4520 digiti
1735 4448 2047 4518 singillatim

2151 4444 2208 4498 τί
2262 4444 2595 4525 σφραγίζετε
2631 4445 2919 4510 δακτύλοις
2974 4446 3167 4512 δυσξν;
3214 4449 3329 4503 Ούκ
3378 4449 3521 4505 είσὶν
3564 4452 3616 4505 οί
3644 4452 3737 4507 δά-

466 4548 625 4604 dlvisi
674 4545 844 4607 sunt?
883 4555 940 4600 ut
967 4546 1088 4603 duae
1130 4542 1334 4598 Christi
1374 4549 1583 4597 naturae
1615 4550 1875 4611 separatae
1912 4540 2047 4611 apud

2153 4536 2337 4591 κτυλοι
2370 4537 2870 4607 διακεχωρισμένοι
2904 4539 3009 4592 ἀνὰ
3049 4539 3259 4609 μέρος;
3300 4542 3503 4597 Λοιπὸν
3547 4547 3640 4599 καὶ
3675 4546 3734 4600 ai

469 4656 570 4697 vos
630 4640 945 4695 credantur.
1000 4636 1096 4695 (lui
1144 4634 1481 4693 Theorianus
1526 4635 1679 4703 quasi
1712 4632 2047 4701 jocabundus

2150 4630 2244 4683 δύο
2297 4629 2487 4698 φύσεις
2538 4631 2633 4683 τοῦ
2684 4629 2921 4701 Χριστοῦ
2971 4634 3378 4703 κεχωρισμέναι
3442 4637 3553 4690 εἰσὶ
3610 4638 3732 4693 καθ’

469 4730 751 4803 respondit
787 4746 803 4783 :
843 4729 964 4787 Non
1001 4738 1059 4781 ut
1090 4730 1228 4783 duas
1263 4725 1466 4783 Christi
1518 4738 1741 4780 naturas
1784 4725 2047 4793 signiﬁce-

2152 4723 2319 4791 ὑμᾶς.
2365 4721 2423 4775 '0
2457 4723 2514 4777 δὲ
2561 4724 2869 4795 Θεωριανδς
2922 4721 3037 4777 οἷον
3094 4727 3485 4795 ἁστεῖζόμενος
3528 4726 3682 4784 εἶπεν
3716 4746 3731 4763 ·

474 4841 620 4891 mus,
656 4824 707 4878 id
735 4825 982 4893 agimus;
1013 4822 1107 4881 sed
1130 4821 1252 4891 quia
1280 4820 1564 4893 tyrannide
1590 4819 1785 4873 diaboli
1814 4817 2047 4883 liberati,

2157 4816 2232 4868 Ού
2260 4816 2360 4878 τὰς
2394 4814 2489 4869 δύο
2535 4814 2726 4883 φύσεις
2774 4815 2870 4871 τοῦ
2918 4816 3159 4886 Χριστοῦ
3194 4820 3554 4889 σημαίνοντες
3590 4822 3733 4877 οὕτω

467 4915 647 4969 edocti
718 4912 924 4971 [nimus
981 4911 1151 4969 aciem
1209 4910 1473 4967 adversus
1536 4910 1685 4967 illum
1741 4908 2047 4977 bellumque

2150 4907 2391 4980 δρῶμεν,
2417 4907 2554 4960 ἀλλὰ
2587 4908 2686 4977 τῆς
2718 4909 3034 4978 τυραννίδος
3065 4910 3161 4964 τοῦ
3190 4910 3437 4966 διαϐόλου
3487 4916 3734 4970 ἀπαλλα-

470 5010 745 5065 instruere
779 5024 794 5061 :
824 5016 879 5062 et
910 5005 1165 5060 inanibus
1190 5002 1404 5074 quidem
1430 5000 1720 5069 justitiam,
1752 5000 2047 5067 elecmosyu

2150 5002 2363 5068 γέντες,
2395 5000 2752 5071 ἐδιδάχθημεν
2786 5001 3098 5074 παράταξιν
3134 5008 3309 5059 ποιεῖν
3364 5010 3487 5060 κατ’
3518 5010 3727 5063 ἐκείνου

470 5118 622 5167 nam,
651 5111 974 5168 ceterasque
1008 5098 1237 5155 virtutes
1265 5109 1576 5165 Operamur,
1605 5108 1725 5162 quae
1758 5102 1844 5147 est
1884 5090 2047 5144 veluti

2150 5093 2245 5144 καὶ
2278 5093 2535 5161 πόλεμον,
2570 5096 2689 5155 ταῖς
2724 5094 2825 5163 μὲν
2870 5098 3059 5167 χερσὶν
3110 5098 3473 5169 ἐργαζόμενοι
3522 5101 3730 5157 δικαιο-

395 5256 399 5260 _
462 5198 612 5251 acies
647 5196 915 5251 instructa
951 5205 1115 5251 :cum
1165 5199 1347 5244 autem
1379 5188 1564 5255 digitis
1606 5188 1816 5257 signum
1849 5183 2047 5240 ChriSti

2150 5184 2316 5254 σύνην
2376 5184 2471 5236 καὶ
2529 5184 2903 5257 ἐλεημοσύνην
2962 5188 3058 5240 καὶ
3107 5188 3205 5252 τὰς
3263 5191 3456 5255 λοιπὰς
3505 5193 3731 5265 ἀρετάς,

538 5336 654 5407 (59)
695 5335 837 5407 Ante
869 5334 971 5407 hoc
1016 5332 1350 5407 adaniussim
1402 5330 1721 5385 vocabulum
1760 5328 1941 5407 hiatus
1972 5336 2054 5382 est

472 5400 647 5464 edita!
675 5405 874 5476 prioris
921 5403 1330 5476 disputationis,
1384 5419 1546 5472 quem
1599 5414 1732 5469 ergo
1777 5400 2052 5453 delectum

474 5494 572 5549 ope
598 5474 803 5549 codicis
834 5474 1080 5549 Vaticani
1108 5475 1346 5549 explevi.

540 5550 655 5618 (ευ)
700 5545 913 5618 Ῡὶύεδίς
958 5546 1071 5618 liceo
1108 5546 1160 5598 in
1188 5539 1889 5618 priore_disputatioue.__p.
1920 5539 2048 5594 ισο.

541 5613 654 5690 (il)
698 5615 863 5672 Recte
893 5613 1503 5690 episcopus'Ibeodoro
1530 5613 1841 5690 disputandi
1871 5623 2052 5678 partes

469 5683 827 5758 cedit,'queni
881 5683 964 5742 sui
1017 5683 1275 5751 temporis
1338 5686 1505 5758 luisse
1556 5683 1934 5758 doctissimum
1984 5691 2041 5735 et

470 5751 999 5829 eloquentissimum,
1046 5759 1389 5829 linguasque
1416 5757 1683 5829 (ἔξωρα-[ης
1738 5751 2041 5829 Syriacam,

475 5847 525 5890 et
577 5823 964 5886 Saracetiicam
1011 5823 1297 5892 calluisse,
1346 5828 1422 5880 ait
1458 5823 1851 5881 Bac-Hebraeus
1903 5825 2044 5893 apud

2158 5327 2519 5381 Assemanutn
2552 5325 2803 5382 Bibliot/t.
2827 5330 3038 5394 orient.,
3072 5339 3110 5385 t.
3144 5328 3208 5397 ll,
3242 5346 3293 5396 p.
3315 5331 3442 5385 215.
3476 5332 3729 5389 Attamen

2157 5412 2260 5469 ego
2316 5400 2502 5469 miror,
2557 5398 2757 5453 nullam
2815 5400 3073 5469 deinceps
3123 5418 3153 5456 a
3205 5402 3517 5459 Theoriauo
3564 5406 3730 5460 scribi

2158 5467 2433 5545 :l'_heod_9_ri
2475 5469 2920 5545 disputationem,
2960 5467 3183 5541 eicepta
3233 5476 3483 5529 clausula
3540 5477 3591 5528 in
3622 5491 3729 5545 qua

2158 5537 2298 5617 idem
2333 5538 2748 5617 Tltendo_t‘us__ati
2800 5537 3415 5617 catholicorumpartes
3446 5562 3503 5601 se
3533 5537 3727 5617 prope-

2157 5609 2373 5680 modum
2397 5611 2628 5664 transire
2647 5612 2793 5666 dicit.
2819 5612 2943 5666 Mihi
2972 5614 3138 5680 igitur
3159 5609 3451 5670 Thcoriani
3479 5609 3727 5671 tractatio

2149 5678 2599 5804 cujnllacobitis
2680 5683 2929 5737 inchoata
2982 5678 3163 5753 potius
3236 5702 3399 5757 quam
3490 5694 3729 5759 perlecta

2153 5764 2204 5804 νι
2246 5765 2273 5804 e
2302 5767 2386 5804 ur.

2153 5764 2386 5807 Videtur.
