4046 6284
277 340 366 403 331
1442 331 1800 397 HISTORIA

1901 333 1983 396 IM
2022 334 2172 399 LIB.
2212 334 2258 399 Ι.

3370 328 3478 393 3’38

277 444 444 504 πολλού
480 442 941 515 μνηστευσάμενος
972 444 1249 516 σκῆπτρα.
1287 446 1441 502 Ἐπεὶ
1470 449 1525 502 δὲ
1556 448 1652 523 καλ
1682 449 1800 504 Μα-

1909 454 1963 500 et
1992 446 2045 500 in
2073 460 2242 517 puero
2276 458 2383 499 non
2418 456 2586 514 pauca
2616 439 2830 512 Imperii
2863 439 3048 511 agnita
3070 446 3191 499 sunt
3218 443 3477 511 auguria,

272 543 407 611 νουὴλ
431 540 639 610 ἔσχατος
665 538 814 609 αὐτῷ
842 540 1057 607 γένοιτο
1074 584 1087 603 ,
1120 541 1315 610 φάσεις
1339 541 1537 596 αὐτίκα
1565 542 1801 612 ἐφοίτων

274 638 350 690 καὶ
375 634 594 706 ξύμϐολα
625 632 895 705 βασιλείας
920 635 1002 698 εἰς
1028 634 1120 688 τὸν
1147 636 1314 691 παῖδα
1342 639 1699 710 ἐγνωρίζετο,
1726 632 1801 690 ὧν

271 728 369 790 ἑνὸς
397 727 426 797 ἢ
457 726 595 781 δυοῖν
624 729 1035 799 ἐπιμνησθῆναι
1067 730 1129 785 οὕ
1171 749 1262 803 μοι
1299 734 1476 802 ἔδοξεν
1511 735 1621 789 ἄπο
1658 732 1800 790 εἶναι

276 818 458 891 καιροῦ.
488 818 693 889 Ἐπειδὴ
724 836 856 875 ποτε
884 822 1024 897 πρὸς
1052 822 1227 880 ὕπνον
1256 825 1595 898 κατέδαρθεν
1621 828 1651 882 δ
1678 828 1801 885 Μαι-

274 909 424 981 νουὴλ,
451 909 579 979 γυνή
611 926 695 973 τις
725 909 861 983 δναρ
892 913 1181 982 ἐφίσταται
1214 916 1410 989 τούτῳ,
1445 918 1567 989 ὄψις
1600 919 1799 993 σεμνὴ,

276 1002 465 1072 μέλαινα
494 1002 676 1075 ἐσθὴς,
705 1003 763 1057 ὲν
792 1004 849 1059 δὲ
882 1007 1041 1079 χερσὶ
1069 1006 1262 1065 πέδιλα
1290 1013 1453 1066 ὁποῖα
1488 1012 1802 1084 βασιλεῦσιν

272 1094 569 1152 ὑποδεδὲσθαι
596 1096 779 1168 νόμος.
812 1100 923 1155 Καὶ
954 1103 1247 1177 παρείχετο
1272 1104 1350 1177 τῷ
1380 1107 1639 1181 Μανουὴλ
1666 1110 1800 1180 χρῆο

272 1186 372 1241 σθαι
398 1187 670 1243 κελεύουσα
699 1193 1121 1266 ἀποσεισαμενῳ
1146 1197 1308 1252 ταυτί
1329 1214 1342 1230 ο
1374 1198 1616 1255 ιδείκνυε
1648 1201 1707 1257 δὲ
1732 1202 1802 1258 τά

269 1279 437 1351 συνήθη
466 1282 650 1339 arma.
686 1283 749 1337 '0
776 1284 835 1339 δὲ
854 1327 870 1349 ,
902 1286 1137 1359 θορύϐου
1172 1292 1366 1361 μεστδς
1394 1293 1797 1364 ἀνεγρόμενος,

266 1373 420 1443 ἐπειδὴ
448 1377 515 1445 μὴ
543 1376 890 1448 ἐντυγχάνειν
920 1383 1033 1445 τοῖς
1063 1383 1341 1453 ὁραθεῖσιν
1370 1378 1536 1456 εῖχεν,
1568 1386 1799 1440 ὲκλαυθ-

265 1464 487 1536 μυρίζετο
528 1467 669 1521 κατά
712 1470 835 1536 τοὺς
881 1472 1079 1536 παῖδας
1122 1474 1220 1529 καὶ
1262 1477 1581 1550 ἀφῃρῆσθαι
1623 1478 1800 1532 ταῦτα

262 1558 390 1627 παρά
416 1574 498 1611 του
530 1557 635 1613 τῶν
671 1561 803 1632 περὶ
834 1563 935 1633 τὴν
967 1564 1157 1618 ἑστίαν
1188 1568 1348 1639 ᾤετο.
1385 1570 1558 1623 Τοῦτο
1602 1570 1703 1639 μὶν
1734 1570 1801 1641 δὴ

258 1648 482 1714 τοιοῦτον,
508 1649 693 1726 Ξτερον
720 1655 779 1709 δὲ
811 1655 964 1709 οὐδὲν
995 1657 1147 1728 αὐτῷ
1174 1658 1421 1716 ἔλασσον.
1446 1656 1557 1715 Ἦν
1585 1680 1669 1725 τις
1703 1680 1803 1733 μο-

255 1742 443 1813 ναχῶν·
481 1748 674 1820 πατρὶς
718 1748 868 1820 αὐτῷ
908 1750 1189 1815 Γαλιλαία.
1234 1752 1345 1825 βίος
1385 1756 1800 1828 ἀναχωρητικός

256 1849 307 1888 τε
333 1837 416 1890 καὶ
437 1836 602 1908 ὄρειος
620 1855 636 1870 '
669 1832 847 1909 οὗτος,
876 1844 1068 1916 ἐπειδή
1099 1863 1233 1901 ποτε
1262 1849 1320 1911 ἐς
1346 1849 1563 1919 ὁμιλίαν
1590 1851 1805 1922 βασιλεῖ

256 1924 514 1983 καθίστατο
542 1929 790 2004 Ἰωάννῃ,
819 1933 947 1997 τοὺς
981 1936 1177 2001 παῖδας
1206 1938 1266 2001 ἐς
1296 1938 1464 1992 αὐτὸν
1497 1939 1801 2012 παρελθόνο

253 2032 337 2081 τας
363 2019 493 2087 ἰδὼν,
519 2025 630 2089 τοῖς
665 2024 769 2093 μὲν
798 2025 978 2089 ἀλλοις
1010 2028 1113 2084 ὅσα
1143 2029 1240 2085 καὶ
1288 2030 1582 2098 ἰδιωτικοῖς
1632 2050 1803 2106 προσ·

250 2110 450 2182 ηνίχθη,
492 2115 749 2190 Μανουὴλ
798 2118 857 2173 δὲ
903 2118 1094 2175 τοῦτον
1125 2122 1225 2175 σὺν
1270 2123 1531 2197 εὐλαϐείᾳ
1560 2127 1802 2196 προσιὼν

252 2201 517 2275 ιπευλόγει.
597 2210 1013 2282 Πυνθανομένου
1048 2212 1120 2287 [Ρ
1156 2210 1254 2287 15]
1289 2215 1346 2268 δὲ
1380 2215 1645 2288 βασιλέως
1676 2219 1801 2274 ὅτου

251 2294 392 2349 ἕνεκα
419 2298 581 2354 ταῦτα
617 2301 826 2374 ποιοίη,
862 2304 1152 2361 ὑπολαὸὼν
1185 2309 1213 2360 ὁ
1254 2309 1511 2379 μοναχδς,
1558 2328 1577 2361 ι
1604 2310 1727 2365 Ὀτι
1773 2328 1795 2365 ε

250 2380 369 2451 εφη,
412 2403 429 2436 ι
476 2388 632 2456 μόνος
674 2388 738 2455 ἐξ
782 2392 1040 2446 ἁπάντων
1078 2394 1341 2466 Μανουὴλ
1382 2395 1638 2465 βασιλεὺς
1678 2399 1802 2470 ἐμοὶ

216 2471 489 2539 φαίνεται.
536 2494 556 2527 ι
596 2477 695 2530 Ἐκ
737 2477 794 2531 δὲ
837 2477 1046 2533 τούτων
1084 2480 1182 2534 καὶ
1222 2481 1486 2537 τοιούτων
1528 2484 1705 2540 ἀλλων
1744 2487 1803 2550 ἐς

250 2562 556 2634 ἀπεράντους
587 2571 614 2621 ὁ
651 2569 911 2639 βασιλεὺς
945 2574 1156 2637 ἑννοίας
1192 2574 1515 2639 ἐξέπιπτεν
1548 2576 1804 2632 ἀναλύειν

246 2652 387 2709 δὀὐκ
413 2657 545 2730 ἔχων
573 2660 721 2727 ἆπερ
748 2662 895 2734 αὐτῷ
926 2662 1129 2729 δόξειεν
1156 2665 1417 2736 ἀρχῆθεν,
1449 2668 1511 2732 ξς
1534 2667 1628 2722 τὸν
1652 2670 1806 2740 εἰρη-

252 2745 387 2813 μίνον
416 2751 613 2804 σκοπὸν
643 2751 894 2823 ἔϐλεψεν.
933 2754 1075 2808 Ἀλλ’
1100 2755 1278 2811 ἔοικεν
1310 2757 1662 2832 ἀνθρωπίνης
1694 2760 1804 2831 ἄρα

247 2834 462 2904 ἰπινοίας
496 2841 605 2895 τῶν
651 2843 873 2898 πάντων
910 2847 1261 2918 πραγμάτων
1299 2850 1572 2920 ἠρτῆσθαι
1611 2853 1801 2923 μηδέν.

246 2924 387 2984 Οὔπω
413 2932 517 2999 γάρ
539 2934 644 3004 τῆς
677 2935 914 2990 Κιλίκων
936 2938 1193 3008 ἐφίστατο
1210 2980 1223 3004 ,
1252 2941 1342 2993 καὶ
1365 2940 1510 2994 δυεῖν
1571 2942 1670 3009 μὲν
1693 2945 1800 3013 ἀφ-

245 3015 379 3090 ῇρετο
406 3024 611 3080 παίδων
645 3026 694 3080 οἰ
723 3027 903 3100 χρόνῳ
934 3030 1198 3100 προῆκον,
1218 3030 1414 3103 ἅτερος
1442 3032 1499 3087 δὲ
1528 3036 1639 3090 τοῖν
1667 3035 1804 3089 ἀποο

243 3109 610 3187 λελειμμένων,
644 3120 767 3173 ἐπεὶ
799 3122 921 3193 μηδ’
943 3121 1093 3194 αὐτῷ
1120 3122 1435 3191 ξυνέϐαινεν
1461 3127 1516 3187 ἐς
1549 3127 1609 3179 τὸ
1640 3126 1800 3199 σῶμα

241 3206 397 3272 καλῶς
425 3210 599 3281 ἔχειν,
638 3213 808 3284 ἀπῄει
835 3214 964 3279 τοὺς
994 3217 1225 3287 νεκροὺς
1255 3219 1313 3281 ὲς
1342 3218 1638 3282 Βυζάντιον
1664 3222 1800 3275 ἀνα-

240 3298 473 3368 κομίζων.
502 3304 773 3370 Βασιλεὺς
799 3306 856 3360 δὲ
881 3306 974 3360 ὲπί
1000 3308 1100 3376 τῆς
1129 3308 1370 3363 Κιλίκων
1392 3311 1481 3369 τὸν
1507 3310 1623 3383 βίον
1681 3312 1804 3377 ξυνα

237 3392 541 3462 εμερίσατο,
595 3401 691 3451 καὶ
741 3398 999 3469 illave-sig).
1027 3401 1214 3454 λοιπὸν
1258 3404 1339 3464 εἰς
1384 3402 1476 3455 τὸν
1526 3403 1802 3473 βασιλείας

236 3479 388 3536 ἄνεισι
414 3486 630 3556 θρόνον.
660 3489 845 3554 Ἄξιον
875 3490 931 3544 δὲ
967 3494 1064 3545 καὶ
1092 3493 1182 3545 τὸν
1212 3496 1309 3563 τῆς
1341 3494 1599 3567 τελευτῆς
1633 3496 1798 3551 αὐτοῦ

234 3572 415 3641 τρόπον
440 3577 835 3651 διηγήσασθαι.
868 3581 1097 3651 Ἐξιόντι
1133 3583 1273 3654 πρὸς
1306 3584 1481 3655 θήραν
1514 3586 1663 3655 αύτῷ
1702 3588 1800 3654 σῦς

234 3661 457 3735 ἀπήντα,
504 3669 655 3738 μέγα
695 3685 750 3723 τι
788 3668 1016 3743 χρῆμα,
1059 3672 1219 3727 ὁποῖα
1264 3672 1437 3726 πολλά
1479 3675 1513 3744 ἠ
1557 3674 1801 3731 Κιλίκων

234 3757 405 3829 τρέφει
434 3762 506 3833 γῆ
537 3764 640 3819 καὶ
664 3763 765 3835 ὅρη
792 3765 861 3819 τά
885 3766 1160 3838 Ταυρικά.
1185 3765 1246 3821 ὐ
1277 3767 1376 3837 μὲν
1402 3761 1494 3821 οὖν
1525 3768 1798 3837 ἀκόντιον,

232 3848 299 3915 ὥς
332 3871 481 3925 φασι,
518 3856 917 3930 χειρισάμενος
955 3857 1181 3913 ἐπιόντα
1216 3857 1409 3914 τοῦτον
1444 3858 1737 3930 ὑφίστατοο
1771 3864 1801 3916 ὀ

234 3945 302 4012 δί,
330 3949 429 4017 τῆς
460 3950 673 4023 αἰχμῆς
702 3951 781 4021 τῷ
818 3950 1029 4025 στέρνῳ
1064 3952 1490 4023 ἰγκρυφθείσης,
1524 3952 1802 4025 θυμαίνων

234 4040 315 4093 ἐπὶ
340 4046 403 4115 τῇ
439 4041 629 4116 πληγῇ
667 4042 897 4115 ὠθισμῷ
938 4042 1139 4115 μᾶλλον
1172 4045 1404 4115 εχρῆτο,
1438 4044 1513 4109 ὦς
1550 4044 1801 4100 ἐντεῦθεν

234 4131 320 4204 τὴν
352 4133 617 4205 βασιλέως
652 4138 815 4208 χεῖρα
845 4135 934 4190 διὰ
970 4135 1206 4208 σφοδρὰν
1234 4137 1335 4210 τὴν
1365 4137 1671 4207 ἀντέρεισιν
1703 4138 1799 4193 τοῦ

232 4224 417 4291 εὐθέως
444 4231 819 4300 ἐκτραπεῖσαν
843 4228 932 4298 ἐφ’
954 4232 1020 4301 ἣν
1046 4232 1368 4302 παρήρτητο
1396 4230 1801 4302 παρενεχθῆναι

233 4320 497 4392 φαρέτραν
541 4323 729 4393 πλήρη
780 4323 952 4393 βελῶν
992 4315 1179 4377 οὖσαν.
1221 4322 1400 4386 Εὐθὺς
1440 4318 1535 4378 οὖν
1578 4324 1800 4395 τραῦμα

1902 551 2132 606 quorum
2157 550 2321 589 unum
2346 542 2509 604 atque
2535 530 2765 587 alterum
2802 543 3089 585 recensere
3124 529 3265 583 haud
3290 528 3388 584 abs
3418 546 3477 583 re

1903 627 2027 682 erit.
2062 626 2363 682 Dormienti
2392 623 2687 695 aliquando
2720 619 2951 677 Manueii
2983 621 3235 690 apparuit
3261 622 3478 691 mulier,

1903 717 2049 774 vultu
2101 731 2313 783 severo,
2359 716 2513 788 nigra
2555 714 2742 773 induta
2794 724 2966 778 veste,
2998 713 3244 769 manibus
3287 722 3490 768 tenens

1900 811 2290 872 caiceamenta.
2333 809 2529 879 quibus
2562 809 2919 880 imperatores
2965 805 3117 861 indui
3164 809 3331 861 moris
3372 810 3479 861 est.

1900 903 1976 959 Ea
2000 902 2233 960 Manueli
2272 902 2487 969 obtulit,
2526 900 2881 971 indueretque
2909 901 3189 971 praecepit,
3236 886 3476 969 rejectis.

1900 997 2101 1068 quibus
2132 998 2211 1053 uti
2245 1003 2605 1054 consueverat
2629 1005 2683 1051 et
2718 1010 2839 1066 quite
2870 995 3210 1049 monstrabat
3261 993 3476 1055 mulier.

1902 1087 2167 1145 caeruleis.
2203 1086 2480 1145 Excitatus
2519 1102 2641 1144 cum
2678 1087 2881 1160 ingenti
2914 1085 3346 1161 perturbatione,
3384 1084 3475 1139 ubi

1902 1195 2023 1251 quae
2063 1181 2275 1238 viderat
2298 1196 2402 1238 non
2441 1183 2660 1253 reperit,
2684 1195 2974 1249 puerorum
3007 1192 3161 1233 more
3205 1178 3477 1246 plorabat,

1900 1288 2072 1343 eaque
2127 1289 2159 1330 e
2210 1274 2525 1329 domesticis
2577 1272 2809 1342 aliquem
2858 1271 3112 1327 credebat
3164 1269 3476 1325 abstulisse.

1902 1362 2175 1435 Ejusmodi
2222 1364 2325 1420 fuit
2350 1364 2657 1436 augurium,
2686 1364 2774 1418 cui
2819 1361 2962 1417 haud
2997 1356 3139 1417 istud
3167 1360 3331 1416 cedit.
3361 1360 3479 1414 Μοο

1903 1456 2108 1512 nachus
2143 1466 2300 1528 gente
2352 1455 2628 1520 Galilteus,
2668 1456 2758 1526 qui
2809 1456 2973 1510 vitam
3024 1456 3380 1510 monasticam
3422 1454 3477 1509 iu

1900 1549 2054 1605 silvis
2105 1564 2171 1604 ac
2226 1548 2505 1604 montibus
2554 1548 2781 1619 agebat,
2837 1548 2962 1602 dum
3022 1546 3161 1603 forte
3200 1561 3306 1602 una
3355 1561 3477 1601 cum

1901 1642 2231 1714 imperatore
2257 1644 2675 1713 colloqueretur,
2713 1642 3031 1712 videretque
3060 1641 3379 1697 accedentes
3406 1639 3475 1695 :id

1902 1750 1962 1791 se
2009 1735 2155 1791 illius
2194 1735 2432 1799 liberos,
2469 1745 2694 1790 cancros
2755 1733 2921 1788 veluti
2972 1733 3214 1802 privatos
3266 1730 3478 1793 habuit.

1902 1827 2136 1883 Manueli
2206 1841 2334 1882 vero
2403 1828 2710 1882 humaniter
2757 1834 2979 1895 accepto
3046 1823 3479 1879 benedictionem

1902 1919 2184 1988 impertiit.
2212 1917 2451 1989 Rogatus
2486 1935 2512 1973 a
2544 1918 2788 1989 principe
2820 1932 3077 1988 quorsum
3105 1917 3219 1971 iure
3248 1916 3475 1988 egisset,

1901 2011 2179 2082 respondit
2207 2011 2524 2077 monachus,
2576 2025 2740 2064 unum
2784 2025 2851 2066 ex
2898 2007 3148 2064 omnibus
3178 2005 3486 2065 Mauueiem

1901 2106 2005 2162 sibi
2054 2104 2440 2176 imperatorem
2472 2104 2665 2161 videri.
2716 2101 2840 2159 Haec
2868 2110 2923 2158 et
2966 2101 3164 2157 similia
3195 2099 3298 2156 etsi
3324 2098 3478 2154 varie

1904 2197 2248 2269 imperatoris
2299 2195 2410 2270 24
2462 2196 2701 2251 animum
2759 2202 3040 2250 versarent
3079 2206 3248 2248 :cum
3296 2202 3479 2247 tamen

1902 2304 2023 2360 qua:
2050 2300 2211 2346 antea
2253 2291 2567 2343 decreverat
2597 2286 2764 2341 nollet
2797 2285 3055 2350 rescindi,
3087 2285 3254 2355 priori
3279 2299 3480 2354 propo-

1902 2383 2005 2437 sito
2042 2382 2217 2438 stetit.
2245 2381 2350 2438 Sed
2378 2382 2453 2436 ita
2505 2389 2875 2450 comparatum
2910 2389 3016 2445 est,
3060 2387 3121 2437 ut
3152 2393 3335 2435 rerum
3360 2381 3480 2435 exi-

1905 2486 1989 2543 tus
2008 2492 2071 2531 ex
2088 2475 2339 2531 humanis
2360 2490 2466 2529 non
2491 2474 2759 2544 pendeant
2783 2471 3043 2528 consiliis.
3066 2470 3311 2527 Nondum
3332 2471 3478 2527 enim

1904 2568 2157 2638 attigerat
2177 2567 2449 2631 Ciliciam,
2480 2583 2601 2622 cum
2625 2565 2835 2622 duobus
2866 2564 2991 2619 (iiiis
3021 2575 3149 2619 natu
3183 2564 3481 2634 majoribus

1902 2660 2173 2715 orbatur:
2204 2659 2559 2729 superstitum
2608 2671 2737 2713 vero
2781 2656 2940 2723 alter,
2970 2657 3063 2727 qui
3100 2670 3199 2713 nec
3235 2656 3357 2725 ipse
3385 2657 3478 2711 ad-

1906 2752 2127 2808 modum
2159 2766 2390 2823 corpore
2440 2751 2677 2815 valebat,
2714 2748 3034 2820 Byzantium
3089 2750 3321 2810 mittitur
3374 2749 3485 2803 tra-

1906 2855 2050 2900 trum
2074 2845 2336 2900 cadavera
2371 2844 2726 2901 deducturus.
2768 2842 2996 2899 Moritur
3019 2842 3183 2899 etiam
3208 2845 3261 2897 in
3290 2842 3481 2897 Cilicia

1905 2937 2223 3008 imperator,
2281 2937 2676 3007 imperiumque
2710 2934 3030 3007 adipiscitur
3086 2934 3314 2993 Maurici.
3364 2936 3493 3002 Quo.

1906 3040 2065 3101 pacto
2094 3040 2275 3086 autem
2308 3030 2477 3085 vitam
2510 3026 2731 3091 tinierlt,
2762 3041 3024 3082 enarrare
3054 3025 3263 3081 videtur
3301 3040 3482 3094 opera:

1908 3122 2168 3195 pretium.
2220 3121 2302 3176 Ad
2337 3120 2681 3176 venationem
2734 3131 2959 3189 egresso
3010 3117 3203 3169 obvius
3261 3117 3315 3168 tit
3348 3133 3480 3186 aper

1903 3214 2140 3285 ingentis
2197 3212 2609 3286 magnitudinis,
2660 3210 2848 3281 quales
2902 3208 2956 3263 in
2994 3205 3182 3264 Cilicia
3238 3208 3391 3264 multi
3423 3219 3479 3266 et

1903 3310 2180 3365 montibus
2211 3304 2495 3373 Tauricis;
2526 3305 2922 3369 advenientem,
2949 3313 3006 3359 ut
3040 3302 3145 3359 fert
3178 3303 3344 3368 fama,
3371 3302 3482 3358 telo

1902 3404 2047 3473 quod
2104 3417 2264 3456 manu
2323 3399 2537 3455 tenebat
2572 3399 2775 3469 exeipit
2804 3410 2822 3454 :
2854 3408 3045 3454 contra
3092 3397 3180 3453 ille
3220 3411 3478 3452 mucrone

1904 3498 1955 3551 in
1992 3504 2179 3565 peetus
2205 3495 2399 3549 adacto
2434 3508 2500 3547 ex
2542 3490 2700 3562 plaga
2750 3490 3079 3549 furibundus
3106 3489 3483 3546 vehementius

1901 3588 2089 3651 instat,
2129 3584 2267 3641 adeo
2311 3595 2367 3639 ut
2395 3584 2521 3640 inde
2564 3598 2760 3639 manus
2803 3581 3169 3655 imperatoris,
3198 3596 3321 3653 quae
3348 3581 3477 3637 dum

1902 3677 2098 3735 fortius
2126 3677 2391 3733 obnititur
2423 3692 2452 3729 a
2486 3684 2636 3731 recto
2661 3674 2869 3730 deﬂexa
2926 3674 2980 3729 in
3026 3674 3341 3745 pharetram
3390 3687 3483 3730 stt-

1901 3773 2051 3844 gittis
2080 3770 2318 3841 plenam,
2346 3782 2511 3840 quam
2538 3782 2605 3823 ex
2636 3767 2864 3823 humero
2891 3781 3209 3839 suspensam
3236 3766 3481 3838 gerebat,

1904 3865 2210 3935 impegerit,
2270 3876 2504 3933 quarum
2562 3860 2877 3930 cuspidibus
2938 3859 3218 3917 vulnerata
3252 3856 3478 3929 perstri-

1900 3966 2096 4027 ctaqne
2146 3962 2229 4009 est
2259 3968 2385 4021 pars
2412 3965 2577 4021 carpo
2597 3950 2862 4021 proxima.
2898 3949 2977 4006 Ex
3002 3966 3069 4007 eo
3096 3951 3319 4007 vulnere
3346 3966 3476 4007 crn-

1900 4058 2024 4102 enta
2054 4045 2208 4101 sanie
2236 4042 2513 4107 efﬂuente,
2547 4041 2725 4098 tenuis
2748 4042 3084 4106 membrana,
3121 4058 3285 4112 quam
3314 4044 3476 4111 vulgo

1901 4140 2156 4195 eederam
2206 4143 2426 4197 vocant,
2486 4134 2809 4204 imponitur,
2863 4150 2985 4206 quae
3015 4133 3245 4191 divisam
3280 4149 3478 4206 cogere

1901 4250 2145 4301 carnem,
2171 4241 2226 4288 et
2258 4231 2570 4287 cicatricem
2623 4228 2997 4295 contraheret,
3045 4243 3115 4283 ne
3143 4226 3473 4282 inﬂammata

1900 4326 2115 4383 dolores
2164 4323 2503 4391 concitaret;
2551 4322 2648 4378 sed
2699 4320 2815 4376 hate
2863 4318 2966 4375 fuit
3020 4320 3216 4391 postea
3266 4318 3479 4374 inﬂam-

229 4412 578 4481 ιπηκολούθει
609 4418 728 4479 ταῖς
758 4415 909 4470 ἀκίσι
938 4413 1224 4480 ξυσθὲντος
1252 4416 1419 4471 αὐτοῦ
1445 4413 1539 4471 τοῦ
1568 4418 1800 4488 ὲπικαρο

1903 4417 2155 4475 matiouis
2188 4432 2346 4472 causa
2374 4433 2390 4472 :
2425 4431 2547 4471 nam
2583 4430 2847 4469 venenum
2882 4428 2989 4484 quo
3020 4413 3182 4469 telum
3213 4413 3473 4469 infectum

232 4503 378 4558 πίου·
416 4508 511 4561 καλ
550 4508 730 4576 ἀφρὸς
773 4508 872 4578 μὲν
905 4506 1156 4561 ἐντεῦθεν
1195 4506 1497 4579 ἐξεμύσατο
1532 4506 1795 4580 ὖφαιμος,

231 4595 357 4667 ὑμὴν
385 4598 441 4651 δέ
472 4615 559 4662 τις
592 4597 809 4664 λεπτὸς,
840 4597 899 4652 ὃν
928 4598 1166 4670 ὲκδηρὰν
1196 4599 1249 4652 οἰ
1282 4595 1470 4652 πολλοὶ
1506 4598 1794 4662 ἰδιωτικῶς

231 4683 572 4757 ὀνομάζουσι,
608 4690 917 4760 προσήγετο
948 4691 1108 4759 δῆθεν
1140 4689 1388 4756 συνάξων
1416 4690 1477 4745 τὸ
1507 4690 1800 4761 διεστηκὸς

230 4778 315 4831 καὶ
341 4779 700 4836 ωνουλώσων
730 4780 791 4832 τὸ
822 4778 1075 4847 τραῦμα,
1107 4778 1182 4842 ὡς
1218 4778 1294 4850 μὴ
1326 4778 1643 4849 φλεγμῆναν
1673 4777 1801 4833 665-

232 4887 314 4935 νας
341 4874 553 4949 ιγεὶρῃ.
590 4873 731 4927 Ἀλλ’
749 4867 818 4944 ἦν
847 4874 1023 4927 ἐκεῖνο
1050 4872 1149 4943 τῆς
1178 4874 1454 4925 εἰσέπειτα
1486 4870 1801 4941 φλεγμονῆς

230 4961 413 5022 αἴτιον.
446 4965 557 5019 Τδν
588 4964 700 5035 γάρ
732 4968 831 5036 τῆς
872 4963 1058 5028 ἀκίδος
1096 4963 1176 5018 ἰὸν
1209 4963 1358 5019 ἔνδον
1391 4964 1458 5035 τῇ
1501 4962 1799 5034 στυφότητι

232 5053 555 5112 ἑναπολαδδν
582 5057 675 5111 ἐπὶ
695 5060 755 5110 τὸ
778 5055 909 5112 ἀλλο
936 5055 1205 5128 μετέφερε
1234 5055 1415 5126 σῶμα.
1442 5054 1602 5109 Ἀλλά
1624 5054 1801 5109 ταῦτα

233 5147 323 5218 μὲν
336 5148 566 5223 ὕστερον
583 5164 600 5179 ο
621 5148 745 5203 τότε
760 5148 819 5202 δὲ
837 5147 1110 5220 μηδεμίαν
1125 5150 1207 5202 tu
1225 5149 1418 5221 ὀδύνης
1439 5148 1799 5221 συναίσθησιν

230 5238 395 5312 ἔχοντι
440 5239 699 5313 τράπεζά
748 5257 811 5296 τε
858 5238 1012 5313 αὐτῷ
1048 5240 1397 5315 παρετίθετο,
1435 5242 1532 5295 καὶ
1564 5243 1599 5314 ἡ
1626 5240 1788 5312 κλίνη

228 5329 405 5387 τοῦτον
428 5326 584 5404 εἶχεν
611 5332 689 5398 ὡς
732 5331 1125 5405 ἀριστήσοντι.
1186 5332 1584 5405 Προϐαίνοντος
1617 5332 1675 5388 δὲ
1701 5332 1797 5389 τοῦ

230 5422 446 5493 ἀρίστου
471 5427 665 5493 παῖδες
697 5426 908 5499 ἰατρῶν
926 5426 1164 5483 ινταῦθα
1183 5428 1612 5501 περιεστηκότες
1640 5427 1718 5493 ὡς
1740 5427 1801 5483 τὸ

232 5514 459 5592 ἐπίθεμα
490 5515 654 5585 εἶδον,
688 5518 1057 5577 ἑπυνθάνοντό
1094 5538 1154 5574 τε
1187 5521 1289 5593 τὴν
1322 5519 1417 5573 τοῦ
1481 5521 1801 5592 τραύματος

234 5608 398 5664 αἰτίαν
422 5613 522 5667 καὶ
545 5615 889 5687 μαθόντεςτῇ
909 5632 972 5669 τε
999 5614 1253 5689 τραπέζῃ
1280 5614 1669 5685 ἐπεμέμφοντο
1698 5614 1799 5667 καὶ

234 5697 411 5769 ἠξίουν
460 5706 669 5761 αὐτίκα
701 5706 801 5778 τῆς
854 5709 1035 5779 χειρὸς
1093 5707 1380 5764 ἀπεῶσθαι
1440 5705 1634 5760 τοῦτο’
1668 5707 1698 5760 ὁ
1739 5705 1799 5761 δὲ

239 5796 537 5869 προσφῦναί
567 5815 624 5854 τε
678 5800 739 5856 τὸ
795 5802 1020 5867 τραῦμα
1083 5801 1320 5859 ἐνταῦθα
1360 5800 1651 5856 διετείνετο
1702 5800 1798 5856 καὶ

1898 4520 2057 4576 erat,
2108 4509 2220 4579 ipsa
2274 4506 2593 4563 astrictione
2652 4503 2762 4575 25
2808 4505 3013 4560 arctius
3071 4505 3361 4573 inclusum,
3422 4506 3475 4558 iu

1900 4601 2169 4671 reliquum
2225 4597 2560 4655 transfusum
2602 4608 2685 4653 est
2733 4582 2956 4665 corpus.
3011 4597 3089 4651 ita
3127 4611 3248 4651 cum
3299 4597 3480 4651 nullus

1899 4692 2027 4749 dum
2058 4694 2277 4749 adesset
2305 4691 2481 4757 dolor,
2505 4698 2728 4761 paratur
2762 4689 2862 4757 ipsi
2900 4702 3110 4756 mensa,
3141 4687 3300 4759 eique
3328 4690 3477 4744 velut

1897 4802 2196 4857 pransurus
2233 4786 2523 4841 accumbit.
2571 4783 2721 4839 Inter
2772 4783 3172 4854 prandendum,
3227 4783 3319 4854 qui
3366 4784 3478 4839 cir-

1898 4877 2235 4932 cumstabant
2271 4873 2602 4931 medicorum
2647 4873 2765 4941 lilii,
2795 4882 2857 4929 ut
2911 4874 3221 4945 appositum
3272 4875 3477 4943 empta.-

1898 4976 2070 5023 atrum
2098 4981 2459 5039 conspexere,
2512 4966 2788 5023 cicatricis
2831 4982 3070 5021 causam-
3112 4967 3375 5023 sciscitati
3422 4981 3483 5025 et

1897 5060 2101 5126 edocti,
2137 5059 2525 5116 removendum
2568 5059 2695 5114 illud
2734 5075 2762 5113 a
2795 5074 2983 5125 manu,
3007 5067 3064 5115 et
3094 5075 3124 5114 a
3158 5072 3346 5115 mensa
3383 5062 3478 5115 ait-

1898 5152 2207 5207 stinendum
2236 5163 2590 5207 censuerunt.
2614 5150 2814 5207 Contra
2845 5150 2935 5207 ille
2954 5150 3060 5207 hoc
3081 5151 3477 5207 medicamento

1897 5244 2075 5300 coisse
2123 5243 2323 5301 vulnus
2374 5258 2473 5299 nec
2519 5243 2817 5314 quidquam
2878 5241 3004 5301 mali
3049 5244 3116 5299 de
3163 5251 3377 5299 tumore
3423 5255 3479 5301 et

1900 5334 2326 5391 inﬂammatione
2354 5349 2477 5391 sese
2505 5343 2746 5391 metuere
2764 5332 3003 5391 dicebat.
3029 5331 3159 5391 Post
3179 5336 3471 5407 prandium

1900 5443 2092 5485 somno
2120 5444 2181 5485 se
2208 5428 2375 5505 dedit,
2406 5428 2701 5498 statimque
2732 5427 3037 5487 acutissimi
3084 5428 3300 5486 dolores
3342 5431 3477 5487 sub-

1902 5522 2028 5589 orti,
2081 5531 2301 5594 totaque
2349 5537 2542 5577 manus
2570 5522 2845 5577 intumuit.
2881 5521 3149 5579 Convenit
3176 5523 3324 5578 illico
3354 5522 3479 5579 uui-

1904 5629 2057 5672 versa
2097 5615 2429 5669 medicorum
2464 5612 2645 5678 turba,
2674 5613 2912 5683 quidque
2946 5612 3088 5668 facto
3131 5630 3269 5685 opus
3306 5614 3479 5670 variis

1904 5705 2135 5761 invicem
2172 5703 2517 5776 disputavere
2558 5704 2862 5759 sententiis.
2897 5703 3127 5772 Quidam
3157 5706 3303 5759 enim
3354 5716 3486 5760 cen-

1904 5800 2097 5858 sebaut
2123 5797 2489 5856 resecandum
2531 5805 2827 5866 tumorem,
2863 5797 2954 5855 alii
3001 5799 3243 5856 nondum
3301 5808 3487 5855 mauu.
