4046 6284
516 346 621 414 361

1795 344 2121 411 JOANNIS
2158 348 2491 411 CINNAMI

3683 349 3793 413 368

516 482 640 521 cum
698 463 765 518 iis
813 460 1012 519 collato
1064 463 1198 534 pede
1247 459 1506 533 prarliari,
1551 461 1696 532 quod
1753 462 1868 534 ipse
1922 464 2079 517 adhut

2205 463 2299 516 καὶ
2324 461 2628 532 ἐσφάδαξεν
2653 461 2742 518 ἐπ’
2765 462 2965 525 αὐτοὺς
2993 463 3134 517 ἰέναι
3159 479 3174 497 ο
3199 462 3349 527 ὅπως
3374 460 3561 532 μέντοι
3585 462 3662 535 μὴ
3697 467 3794 520 ᾰτε

513 558 746 614 distaret
783 555 992 626 procul,
1027 556 1246 610 tandem
1286 556 1342 611 id
1378 555 1835 614 comminiscitur.
1867 554 2101 626 Pupaea:

511 651 770 721 imperat,
810 659 868 705 ut
919 649 1102 706 Persis
1155 650 1444 704 accederet
1501 664 1666 721 quam
1721 650 1994 719 proxime,
2045 658 2100 706 et

509 743 676 800 simul
712 759 778 798 ac
805 743 930 799 illos
972 752 1228 799 cerneret
1259 743 1545 809 advenire,
1582 742 1764 812 fugam
1805 743 2095 812 arriperet,

510 852 611 893 nec
645 835 957 900 desisteret,
995 834 1172 889 donec
1228 834 1332 892 sibi
1378 835 1788 904 adiungeretur.
1840 834 2094 889 Mandata

509 931 603 985 ille
658 937 976 994 exsecutus,
1029 926 1288 984 Barbaris
1342 925 1785 998 insequentibus,
1837 927 2094 998 paulatim

510 1020 701 1086 cessit,
764 1036 872 1075 non
931 1029 1113 1076 tamen
1168 1022 1240 1074 ita
1289 1021 1583 1076 maturavit
1640 1021 1846 1090 fugam,
1904 1030 1964 1074 ut
2013 1022 2092 1074 sui

506 1112 812 1183 attingendi
859 1125 1010 1182 spem
1046 1112 1364 1182 prmriperet
1407 1108 1694 1176 hostibus;
1738 1127 1859 1166 cum
1895 1126 2024 1164 vero
2058 1111 2094 1163 ii

488 1205 719 1268 fraudis
770 1202 940 1259 nescii
990 1205 1056 1258 ad
1106 1203 1486 1274 imperatorem
1513 1201 1624 1273 49
1651 1218 1822 1274 usque
1866 1201 2096 1257 fuissent

501 1299 793 1365 pertracti,
845 1295 980 1350 nihil
1034 1295 1158 1350 inde
1215 1307 1392 1349 tamen
1437 1311 1501 1349 ex
1539 1296 1721 1350 animo
1766 1295 1855 1350 ille
1895 1310 2092 1351 censeo

505 1401 669 1445 cutus
708 1400 812 1443 est.
869 1386 990 1458 Ipso
1038 1390 1238 1459 quippe
1288 1389 1691 1452 animadverso,
1733 1389 1918 1443 statim
1957 1389 2095 1460 fuga!

509 1500 574 1538 se
609 1484 829 1537 dedere.
887 1479 1011 1536 Mox
1047 1480 1286 1550 adjuncli
1334 1481 1729 1552 quinquaginta
1781 1481 1905 1536 aliis
1961 1484 2093 1534 sub-

504 1576 885 1645 sequentibus,
941 1587 1172 1628 numero
1229 1572 1463 1636 confisi,
1525 1573 1814 1628 consilium
1869 1575 2094 1645 capiunt

497 1669 832 1741 opperinndi
869 1666 1239 1736 imperatoris.
1277 1667 1393 1730 Ille,
1425 1667 1529 1722 etsi
1562 1666 1795 1723 cemites
1833 1676 1890 1722 ut
1923 1669 2092 1739 pluri-

506 1779 655 1817 mum
708 1761 926 1816 facinus
962 1761 1338 1829 improbarent
1371 1775 1539 1829 seque
1584 1759 1854 1815 dictarent
1898 1759 2091 1831 procul

497 1865 744 1912 semotus
781 1856 850 1908 ab
885 1855 1160 1918 exercitu,
1193 1863 1372 1907 tamen
1413 1851 1549 1907 laxis
1589 1851 1839 1915 habenis,
1874 1867 1939 1908 ne
1967 1861 2090 1908 tan-

492 1949 678 2004 tillum
733 1947 956 2018 quidem
1019 1957 1301 2010 moratus,
1366 1945 1696 2015 insequitur.
1758 1943 2087 2015 Aliquandiu

499 2042 725 2112 quidem
760 2040 922 2095 etiam
963 2039 1370 2095 sebastocrator
1405 2037 1504 2107 ipsi
1543 2037 1731 2093 aderat
1758 2047 1811 2092 et
1834 2054 1937 2092 una
1963 2054 2088 2094 cum

495 2149 570 2190 eo
619 2134 891 2205 fugientes
945 2131 1130 2188 hostes
1203 2147 1345 2200 equo
1384 2142 1571 2187 vectus
1601 2131 1948 2201 sequebatur.
1985 2129 2087 2186 Ubi

491 2241 633 2284 vero
669 2226 900 2296 fatigato
927 2224 1038 2295 jam
1070 2239 1212 2293 equo
1240 2238 1465 2294 pergere
1490 2224 1717 2278 ulterius
1749 2238 1858 2277 non
1887 2232 2086 2294 potest,

492 2319 848 2390 despondens
903 2318 1146 2372 animum
1199 2317 1484 2388 saluteque
1541 2316 1944 2386 quodammodo
1991 2317 2087 2372 de-

498 2422 742 2485 sperata,
781 2411 1008 2464 fratrem
1045 2409 1322 2472 obsecrat,
1363 2407 1660 2476 uit-orisque
1691 2423 1753 2462 ac
1789 2407 2084 2462 liberorum

489 2517 686 2557 curam
741 2500 942 2555 habeat
997 2499 1267 2554 hortatur.
1303 2499 1372 2551 At
1403 2498 1492 2554 ille
1543 2513 1875 2554 succensens
1929 2497 2084 2554 fratri

493 2596 947 2665 exprobransque
988 2602 1185 2647 metum
1221 2610 1236 2647 :
1273 2610 1292 2643 ι
1325 2583 1556 2656 Frater,
1611 2592 1830 2661 inquit,
1876 2593 2087 2647 charis-

490 2686 662 2752 sime,
700 2701 857 2742 mene
883 2685 1012 2741 dum
1059 2693 1344 2754 superstes
1389 2684 1465 2738 sis
1499 2684 1807 2739 existimam
1837 2685 1937 2740 sub
1976 2699 2087 2740 ma-

498 2782 662 2837 nibus
719 2789 771 2836 te
820 2779 1061 2854 hostium
1114 2777 1481 2832 relicturum?
1517 2777 1664 2844 noli,
1714 2793 1918 2847 quaeso,
1973 2787 2083 2833 tam

495 2874 723 2944 indigne
751 2871 821 2927 de
855 2888 942 2928 me
972 2881 1067 2926 aut
1096 2871 1327 2938 sentire,
1374 2880 1467 2926 aut
1496 2871 1666 2940 loqui.
1706 2889 1726 2922 ι
1779 2870 1915 2925 Tum
1945 2870 2033 2927 ille
2064 2888 2080 2929 :

500 2988 522 3022 ι
549 2967 709 3025 Mane
747 2967 936 3037 igitur,
964 2965 1061 3031 ait,
1120 2965 1295 3020 donec
1340 2973 1518 3018 tecum
1571 2963 1849 3019 Barbaros
1890 2980 2084 3035 aggre-

496 3062 641 3117 diar.
676 3077 698 3114 »
735 3058 1037 3129 imperator
1068 3067 1250 3111 autem
1283 3071 1298 3112 :
1334 3075 1353 3109 ι
1396 3057 1524 3112 Post
1560 3056 1753 3110 initum
1795 3057 2038 3127 praelium
2061 3095 2077 3122 ,

2203 554 2561 626 εὐζωνότεροι
2639 555 2792 618 ὄντες
2849 555 3155 628 ἀποδρᾶναι
3207 555 3485 626 δυνηθεῖεν
3548 556 3628 629 (οὐ
3684 559 3797 629 γὰρ

2202 644 2348 719 εἶχεν
2375 650 2439 702 ἐκ
2465 648 2561 704 τοῦ
2591 649 2778 719 σχεδὸν
2805 649 2990 704 αὐτῶν
3029 648 3488 704 καθιππάσασθαι
3519 651 3796 721 ἀπωτέρω

2203 742 2286 796 ἔτι
2310 742 2528 814 ἐστὼς),
2575 745 2756 798 τοιάδε
2792 743 2916 798 τινὰ
2954 745 3182 800 ἐνενόει.
3242 743 3497 796 Ἐκέλευε
3527 743 3619 798 τὸν
3649 745 3797 796 Που-

2201 839 2386 906 πὰκην
2413 837 2644 908 ἔγγιστα
2670 838 2850 891 αὐτῶν
2880 837 3165 906 γεγονότα,
3195 837 3414 890 ἐπειδὰν
3456 838 3796 908 προσιόντων

2200 930 2467 994 αίσθοιτο,
2521 930 2748 999 φεύγειν
2787 930 3019 1001 δυνάμει
3058 933 3123 1000 τῇ
3168 931 3317 1001 πάσῃ
3364 930 3469 992 ἕως
3527 928 3628 1002 ἤδη
3665 929 3796 997 παρ’

2199 1023 2366 1080 αὐτὸν
2431 1025 2664 1092 γένοιτο.
2733 1025 2790 1077 '0
2849 1025 2949 1095 μὲν
3009 1019 3103 1078 οῦν
3163 1023 3306 1077 κατὰ
3363 1022 3427 1074 τὸ
3501 1021 3794 1074 κελευσθὲν

2202 1115 2403 1176 ἐποίει,
2441 1116 2564 1168 ἐπεί
2603 1133 2660 1169 τε
2691 1114 2983 1170 διώκεσθαι
3016 1115 3152 1189 πρὸς
3191 1116 3301 1168 τῶν
3343 1113 3650 1186 Βαρϐάρων
3692 1114 3794 1184 ἧρ-

2198 1206 2328 1273 ξατο
2380 1208 2501 1280 ἥδη,
2565 1209 2764 1278 ἔφευγε
2820 1209 3046 1263 λοιπόν·
3101 1211 3165 1263 οὐ
3199 1213 3388 1277 μέντοι
3441 1212 3794 1264 παντάπασιν

2196 1301 2487 1371 κατετάχει
2509 1301 2600 1355 τὸν
2629 1302 2851 1372 δρόμον,
2881 1304 2968 1355 ἀεὶ
2996 1303 3051 1356 δὲ
3083 1302 3276 1355 ἐλπίδα
3307 1301 3401 1354 τοῦ
3429 1302 3793 1373 καταληφθή-

2199 1392 2390 1449 σεσθαι
2424 1394 2611 1461 σφίσιν
2639 1393 3094 1465 ἐμπαρεχόμενοίς
3125 1393 3319 1447 ἔλαθεν
3337 1392 3512 1456 οὕτως
3535 1389 3665 1465 ἆχρι
3693 1395 3794 1447 καὶ

2195 1487 2277 1548 εἰς
2315 1485 2542 1556 βασιλέα
2571 1486 2796 1544 τούτους
2827 1487 3320 1557 παρελκυσὰμενος
3343 1503 3359 1518 ο
3388 1488 3449 1541 οὐ
3510 1488 3619 1558 μὴν
3663 1487 3789 1541 ούδέ

2194 1577 2271 1641 ὡς
2303 1577 2397 1631 τοῦ
2423 1578 2563 1632 κατὰ
2622 1579 2826 1632 σκοπὸν
2863 1579 3118 1648 βασιλεὺς
3153 1579 3365 1649 ἔτυχεν.
3420 1579 3641 1650 Ἐπειδὴ
3679 1580 3792 1651 γὰρ

2196 1671 2359 1726 αὐτὸν
2373 1666 2516 1725 εἶδον
2541 1673 2738 1726 θᾶττον
2756 1673 2789 1745 ἢ
2809 1673 2966 1742 λόγος
2988 1674 3430 1746 ἐξιππασάμενοι
3453 1672 3685 1745 ᾤχοντο’
3713 1673 3793 1738 ὡς

2194 1763 2252 1818 δὲ
2278 1765 2622 1835 πεντήκοντα
2640 1766 2851 1835 ἑτέροις
2877 1767 3109 1819 κατόπιν
3129 1767 3308 1820 αὐτῶν
3333 1765 3474 1819 ίοῦσι
3499 1765 3787 1834 συνῆλθον,

2190 1856 2272 1927 τῷ
2311 1856 2509 1928 πλήθει
2558 1857 2938 1929 θαρσήσαντες
2964 1858 3280 1927 ἐλογίζοντο
3309 1859 3411 1930 ἤδη
3443 1858 3514 1922 ὡς
3551 1860 3787 1911 ἐπιόντα

2188 1947 2379 2003 τοῦτον
2404 1950 2862 2022 ὑποστησόμενοι.
2900 1952 2957 2004 '0
2985 1951 3042 2006 δέ
3066 1954 3246 2006 καίτοι
3276 1952 3447 2005 πολλὰ
3483 1951 3598 2004 τῶν
3646 1953 3788 2023 ἀμφ’

2191 2039 2363 2093 αὐτὸν
2391 2042 2492 2094 οὐκ
2548 2044 2920 2097 ἐπαινούντων
2960 2043 3023 2097 τδ
3063 2045 3376 2116 ἐγχείρημα
3420 2043 3624 2110 (πολλῷ
3675 2048 3790 2112 γὲρ

2194 2133 2437 2200 ἔφασκον
2468 2135 2569 2208 ἠδη
2614 2135 2816 2188 ἄποθεν
2859 2133 2956 2187 τοῦ
2991 2137 3396 2208 στρατεύματος
3448 2134 3647 2198 αὐτοὺς
3692 2151 3789 2202 γε·-

2195 2225 2508 2295 γενῆσθαι),
2544 2228 2687 2292 ὅλοις
2715 2228 2865 2299 ὅμως
2883 2228 3151 2299 ῥυτῆρσιν
3179 2228 3407 2283 ἐδίωκεν
3429 2230 3626 2283 οὐδένα
3657 2246 3790 2282 και-

2191 2317 2287 2387 ρὸν
2345 2317 2540 2380 ἀνιείς.
2586 2317 2767 2389 Μέχρι
2817 2319 2918 2388 μέν
2954 2315 3050 2373 οὖν
3112 2337 3256 2383 τινος
3294 2319 3594 2392 συμπαρῆν
3631 2318 3788 2390 αὐτῷ

2188 2409 2282 2462 καὶ
2307 2411 2334 2463 ό
2363 2408 2830 2482 σεϐαστοκρὰιτωρ
2861 2413 2956 2465 καὶ
2979 2411 3352 2478 συνιππάζετο
3378 2431 3392 2445 ·
3444 2414 3571 2467 ἐπεὶ
3603 2412 3662 2468 δέ
3684 2411 3785 2465 τοῦ

2191 2502 2364 2557 ἵππου
2401 2504 2505 2574 ἤδη
2551 2503 2722 2557 αὑτοῦ
2780 2505 3131 2578 κεκμηκότος
3183 2506 3370 2560 οὐκέτι
3429 2507 3785 2579 προσώτερον

2188 2597 2391 2666 χωρεῖν
2433 2597 2686 2666 ἠδύνατο,
2749 2597 2914 2662 αὐτὸς
2958 2600 3059 2668 μὲν
3098 2598 3264 2654 αὑτοῦ
3323 2616 3426 2653 που
3475 2598 3783 2666 ἐλέλειπτο,

2187 2689 2287 2758 τήν
2317 2706 2376 2741 τε
2408 2690 2689 2759 σωτηρίαν
2730 2691 2832 2764 ήδη
2866 2691 3144 2760 ἀπογνοὺς
3190 2690 3362 2744 πολλά
3406 2693 3498 2746 τὸν
3547 2691 3783 2760 ἀδελφὸν

2187 2781 2493 2852 παρεκάλει
2523 2783 2785 2852 γυναικός
2813 2800 2873 2836 τε
2908 2784 3001 2837 καὶ
3032 2782 3239 2837 παίδων
3263 2784 3525 2854 περὶτῶν
3554 2785 3780 2839 ἑαυτοῦ.

2196 2874 2257 2928 '0
2283 2875 2337 2928 δὲ
2365 2875 2516 2947 αύτῷ
2546 2874 2649 2948 μὲν
2674 2878 2915 2948 ἐπετίμα
2954 2879 3049 2932 καὶ
3094 2876 3192 2948 τὴν
3221 2876 3521 2949 ὀλιγωρίαν
3563 2877 3782 2931 ὠνείδι-

2185 2968 2301 3033 ζεν,
2336 2964 2518 3036 ιΕίτα,
2542 2969 2738 3040 λέγων,
2761 2967 2805 3026 ὦ
2823 2971 3046 3040 φίλτατε
3073 2971 3291 3042 ἀδελφέ,
3313 2972 3492 3037 ζῶντά
3521 2990 3589 3043 με
3622 2972 3782 3026 ὑπεί-

2184 3059 2365 3132 ληφας
2392 3063 2497 3116 ὑπὸ
2523 3065 2644 3127 ταῖς
2674 3064 2783 3118 τῶν
2816 3064 3094 3136 πολεμίων
3129 3084 3188 3118 σε
3215 3066 3525 3118 λελοιπέναι
3569 3067 3734 3138 χερσί
3758 3083 3777 3134 ;

492 3154 696 3226 inquit,
731 3167 894 3224 quam
924 3151 1036 3207 cito
1072 3149 1221 3205 Deus
1261 3148 1477 3206 dederit
1505 3149 1572 3206 ad
1603 3160 1655 3206 te
1685 3151 1889 3206 redibo.
1922 3148 2079 3205 Nunc

2185 3156 2278 3226 Μὴ
2315 3155 2379 3209 σύ
2409 3172 2495 3225 γε’
2532 3157 2609 3230 μὴ
2634 3156 2810 3220 οὕτως
2831 3160 3065 3226 ἀναξίως
3098 3160 3294 3214 ἑαυτοῦ
3343 3163 3438 3214 καὶ
3467 3164 3656 3232 φρόνει
3681 3162 3781 3214 καὶ

494 3253 713 3323 quidem
767 3249 872 3304 alia
932 3247 1116 3304 animo
1168 3247 1555 3311 obversantur,
1605 3261 1670 3300 ac
1723 3243 1912 3300 nescio
1961 3258 2083 3313 quae

494 3344 745 3416 praeclari
780 3342 1084 3411 cuiuspiam
1125 3339 1321 3395 edendi
1369 3337 1629 3393 facinoris
1686 3353 1771 3392 me
1825 3345 1970 3392 tenet
2019 3337 2082 3390 li-

497 3439 702 3496 bido.»
764 3434 862 3492 His
921 3435 1147 3490 fratrem
1209 3433 1484 3486 allocutus
1543 3432 1705 3485 irruit
1762 3430 1814 3484 in
1872 3431 2077 3486 hostes.

494 3535 673 3603 Atque
707 3531 799 3587 ille
835 3538 948 3584 tum
983 3544 1143 3583 casus
1177 3525 1493 3597 imperatori
1533 3525 1753 3580 obvenit
1784 3542 1798 3579 :
1826 3525 1917 3596 qui
1950 3539 2079 3580 vero

491 3629 550 3682 in
600 3626 837 3691 insidiis,
874 3624 949 3678 uti
988 3619 1438 3684 memoravimus,
1477 3618 1636 3688 positi
1677 3629 1853 3683 erant,
1885 3633 2078 3686 quem-

482 3722 617 3778 dam
657 3735 688 3774 e
742 3717 1088 3788 magnatibus
1141 3714 1452 3770 Cotertzem
1509 3710 1729 3767 nomine
1785 3709 2076 3765 confestim

484 3817 715 3871 amittunt
749 3812 857 3884 50
888 3812 979 3883 qui
1015 3807 1391 3864 sciscitaretur
1418 3821 1581 3876 quem
1617 3805 1820 3861 exitum
1856 3804 2078 3859 habuis‘

478 3920 613 3965 sent
643 3908 712 3961 ab
746 3909 1076 3975 imperatore
1108 3909 1335 3956 tentata.
1364 3897 1568 3955 Verum
1607 3901 1748 3952 hunc
1780 3897 2075 3967 imperator

489 4004 556 4057 ad
593 4015 689 4056 eos
724 4013 916 4053 rursus
949 3996 1201 4059 missum,
1255 4007 1418 4063 quam
1453 3993 1562 4047 cito
1604 3991 1768 4061 jussit
1810 3991 2073 4048 celerare.

487 4095 914 4163 Prmtergressus
957 4089 1050 4145 ille
1103 4086 1447 4156 adjacentem
1500 4085 1734 4150 collem,
1787 4083 1981 4138 incidit
2020 4083 2076 4139 in

482 4204 679 4260 aguwn
729 4185 1010 4241 Persicum
1052 4183 1284 4238 militum
1334 4185 1777 4252 quingentorum,
1830 4179 1974 4248 quod
2042 4193 2074 4233 a

484 4292 638 4353 tergo
655 4281 796 4335 baud
828 4277 1016 4348 procul
1042 4292 1166 4333 cum
1197 4275 1453 4332 universa
1493 4274 1612 4330 acie
1639 4273 2076 4343 subsequebatur

478 4379 764 4433 sultanus.
822 4373 934 4428 Hos
988 4381 1046 4426 ut
1096 4371 1258 4436 vidit,
1314 4371 1522 4426 directa
1580 4369 1762 4424 Statim
1806 4369 1962 4421 hasta
2017 4369 2072 4422 in

484 4471 675 4526 hostes
713 4468 822 4520 ruit
854 4465 1147 4535 pluresque
1184 4463 1402 4518 fortiter
1431 4461 1743 4517 dimicando
1777 4461 1830 4514 iu
1870 4471 2069 4515 terram

472 4561 806 4632 prosternit.
862 4556 1099 4611 Tantum
1155 4555 1368 4612 facinus
1423 4555 1679 4610 admirati
1734 4553 1831 4618 illi,
1885 4552 2068 4607 nescio

473 4670 593 4724 quo
627 4663 858 4722 stupore
915 4648 1152 4722 perculsi
1211 4655 1358 4704 sunt.
1412 4648 1621 4702 Interea
1661 4646 1790 4701 dum
1829 4647 1938 4700 haec
1972 4661 2068 4714 ge-

457 4758 704 4811 .-.runtur,
750 4744 860 4815 jam
898 4757 1084 4812 prope
1141 4741 1620 4810 conspiciebantur
1679 4740 1867 4794 accita:
1909 4739 2067 4808 jussu

465 4838 830 4910 imperatoris
859 4836 1255 4898 Romanorum,
1292 4849 1412 4904 quae
1444 4834 1740 4897 latuerant,
1777 4842 1837 4886 ut
1863 4835 2067 4886 dictum

481 4943 606 4996 εει,
665 4931 717 4984 in
752 4928 986 4993 insidiis,
1023 4927 1227 4995 (-Opiae,
1281 4940 1415 4993 quas
1466 4935 1752 4994 postquam
1783 4929 2068 4987 advertere

465 5021 662 5076 Persae
708 5028 916 5090 partem
966 5017 1239 5071 exercitus
1272 5014 1584 5085 imperatori
1623 5016 1676 5069 in
1727 5024 1936 5082 tergum
1966 5014 2067 5067 im-

482 5115 705 5166 mittunt
728 5125 956 5180 eamqne
983 5119 1040 5162 ut
1063 5109 1422 5163 adventantes
1445 5104 1722 5159 Rornanns
1751 5104 2067 5172 prohiberet

458 5205 690 5277 iubent.
717 5203 836 5260 Jam
865 5203 1013 5257 enim
1048 5199 1191 5256 intra
1229 5200 1366 5255 retia
1395 5199 1713 5254 conclusum
1748 5199 1898 5251 illum
1947 5210 2066 5252 esse

457 5297 907 5354 -arbitrabautur.
939 5296 1072 5350 Dum
1105 5294 1343 5350 suas-sic
1374 5300 1709 5361 componunt
1754 5291 1921 5358 acies,
1960 5290 2066 5343 im-

464 5400 698 5464 perator
749 5388 939 5445 deﬁxae
1003 5390 1059 5443 in
1099 5397 1300 5443 terram
1353 5389 1523 5443 hastae
1573 5385 1816 5447 innixus,
1865 5385 1958 5440 dat
2008 5385 2061 5438 in

479 5484 750 5541 mandatis
791 5482 1044 5553 Pupacae,
1079 5483 1171 5552 qui
1209 5490 1321 5536 tum
1359 5480 1461 5552 ipsi
1490 5480 1706 5543 aderat,
1742 5488 1801 5533 ut
1841 5487 2064 5534 curaret

476 5579 704 5644 sedulo,
768 5593 838 5632 ne
890 5577 1166 5632 Romanos
1225 5592 1256 5631 a
1307 5575 1560 5646 proximo
1615 5576 1756 5630 colle
1809 5584 2061 5628 arcerent

471 5669 654 5727 Persae
685 5689 702 5726 :
740 5669 813 5725 ita
846 5670 1048 5740 quippe
1081 5667 1220 5733 fore,
1255 5679 1316 5724 ut
1353 5668 1533 5723 omnis
1584 5668 1688 5724 sibi
1726 5666 2058 5721 interclude-

471 5773 625 5821 retur
651 5763 850 5818 exitus.
887 5760 995 5817 Sed
1020 5765 1164 5817 enim
1196 5759 1445 5832 Pupaces
1476 5761 1765 5834 consilium
1796 5774 2058 5827 respuens

460 5855 816 5930 imperatoris
849 5873 864 5913 :
895 5878 914 5912 ί
950 5857 1168 5925 Desine,
1193 5855 1388 5928 inquit,
1418 5855 1645 5926 desine;
1677 5869 1855 5912 nonne
1883 5855 2056 5922 vides,

2185 3249 2336 3318 λέγε.
2367 3268 2386 3302 ι
2423 3251 2531 3304 Τοῦ
2563 3252 2630 3320 δ’,
2660 3273 2680 3304 ι
2715 3253 2878 3306 Ἀλλὰ
2908 3255 3013 3308 κᾶν
3043 3257 3225 3324 μεῖνον
3257 3253 3389 3324 γοῦν
3418 3255 3492 3318 ὡς
3544 3256 3780 3325 συνέψο-

2185 3344 2286 3415 μαί
2310 3361 2391 3398 σοι
2422 3345 2520 3416 τὴν
2539 3347 2629 3398 ἐπὶ
2661 3351 2788 3410 τοὺς
2810 3347 3131 3419 Βαρϐάρους
3172 3348 3358 3415 ἰόντι,ι
3386 3349 3779 3419 προστιθέντος

2181 3441 2296 3502 τοῖς
2328 3437 2532 3508 λόγοις,
2564 3456 2584 3491 ι
2609 3441 2764 3494 Μετά
2787 3441 2884 3511 τὴν
2915 3442 3263 3512 συμπλοκὴν,
3295 3461 3313 3492 ι
3360 3441 3487 3514 ἔφη,
3527 3462 3545 3494 ‹
3576 3443 3778 3497 θᾶττον

2182 3527 2249 3598 ἢν
2289 3527 2414 3599 διδῴ
2475 3527 2627 3595 Θεὸς,
2660 3530 2755 3584 ἐπὶ
2796 3530 2854 3583 σέ
2885 3531 3028 3601 ﬁgor
3061 3531 3138 3594 ὡς
3165 3530 3262 3585 νῦν
3301 3549 3364 3600 γε
3394 3534 3531 3603 πρὸς
3561 3535 3776 3603 ἑτέροις

2181 3621 2272 3675 τὸν
2303 3621 2428 3675 νοῦν
2458 3623 2588 3692 ἔχω,
2617 3624 2711 3676 καί
2745 3639 2812 3695 με
2851 3627 2883 3692 ή
2922 3625 3017 3678 τοῦ
3051 3625 3546 3697 ἀνδραγαθίζεσθαι
3578 3628 3777 3683 ἐπιθυ-

2184 3713 2282 3784 μία
2334 3715 2522 3780 δεινῶς
2588 3717 2679 3786 ἐφ’
2748 3718 2950 3788 ἑαυτὴν
3004 3718 3174 3774 ἕλκει.
3208 3739 3227 3772 ι
3281 3720 3448 3775 Ταῦτ’
3484 3721 3656 3776 είπὼν
3692 3722 3776 3794 τῷ

2181 3806 2396 3878 ἀδελφῷ
2433 3807 2529 3880 τὴν
2565 3810 2657 3861 ἐπὶ
2684 3811 2810 3872 τοὺς
2840 3811 3136 3881 πολεμίους
3159 3812 3413 3884 ἤλαυνεν.
3439 3814 3550 3866 Καὶ
3573 3815 3640 3867 τᾶ.
3668 3817 3774 3884 μὲν

2183 3899 2327 3954 κατὰ
2347 3899 2438 3952 τὸν
2474 3899 2700 3970 βασιλέα
2723 3903 2848 3973 τῇδε
2881 3903 3140 3974 ἐφέροντο
3165 3918 3178 3933 ο
3238 3904 3288 3957 οἱ
3321 3905 3477 3958 δ’ἐπὶ
3525 3905 3633 3958 τῶν
3675 3905 3774 3959 λό-

2180 4005 2315 4061 χων,
2346 3991 2599 4062 καθάπερ
2669 3994 2908 4062 εἴρηται,
2935 3995 3262 4066 τεταγμένοι
3314 3995 3558 4051 τῶν-ἐπὶ
3607 3997 3772 4068 δόξης

2178 4082 2927 4155 τινὶιέπίκλησινΚοτέρτζην
2945 4086 3050 4157 ὅπη
3077 4087 3206 4139 ποτὲ
3223 4085 3394 4157 τύχης
3420 4085 3546 4157 ἔσχε
3567 4086 3769 4160 [νάει

2177 4173 2249 4228 τὰ
2295 4175 2438 4228 κατά
2456 4176 2548 4228 τὸν
2580 4177 2810 4258 βασιλέα
2838 4178 3035 4248 μαθεῖν
3067 4182 3272 4250 σπουδῇ
3307 4181 3584 4251 ἔπεμψαν.
3620 4182 3767 4236 Ἀλλ’

2175 4265 2343 4320 αὑτὸν
2397 4267 2498 4335 μὲν
2546 4266 2803 4338 βασιλεὺς
2860 4265 3020 4333 αὖθις
3081 4270 3170 4323 ἐπ’
3221 4273 3468 4336 ἐκείνους
3517 4273 3768 4341 ἔπεμψεν

2178 4359 2336 4428 ἥκειν
2400 4359 2498 4431 τὴν
2546 4362 2812 4432 ταχίστην
2877 4363 3141 4427 κελεύσας
3176 4363 3397 4428 αὐτούς.
3453 4365 3512 4418 '0
3549 4365 3607 4419 δὲ
3635 4368 3763 4437 ἄρτι

2179 4450 2370 4521 βουνόν
2425 4469 2548 4505 τινα
2606 4453 3020 4525 παρακείμενον
3069 4455 3296 4509 διελθὼν
3349 4457 3454 4526 ὅλῳ
3507 4459 3764 4530 Περσικῷ

2096 4509 2150 4571 D
2177 4545 2498 4615 ἐντυγχάνει
2547 4509 2923 4617 στρατεύματι
2982 4548 3040 4611 ἐς
3084 4509 3480 4612 πεντακοσίούς
3519 4509 3762 4620 μάλιστα

2177 4638 2574 4709 ξυνισταμένῳ,
2622 4630 2686 4690 οὗ
2739 4641 2971 4693 κατόπιν
3026 4640 3086 4693 οὐ
3148 4640 3332 4710 πολλῷ
3378 4640 3581 4695 ἄποθεν
3618 4659 3759 4696 παν-

2175 4733 2368 4803 στρατὶ
2402 4733 2430 4784 ό
2466 4731 2694 4785 σουλτὰν
2741 4733 3040 4803 ἐπορεύετο
3084 4733 3240 4804 Ἀμα
3284 4751 3343 4787 τε
3383 4730 3478 4788 οὖν
3525 4728 3636 4788 είδε
3663 4736 3759 4788 καὶ

2171 4823 2288 4893 ἅμα
2327 4825 2387 4878 τὸ
2445 4825 2574 4896 δόρυ
2633 4824 2818 4890 ίθύνας
2863 4827 2984 4879 κατ’
3036 4827 3217 4880 αὐτῶν
3264 4826 3375 4879 ἵετο
3436 4825 3663 4886 πολλούς
3698 4843 3754 4877 τε

2169 4917 2463 4986 δορατίσας
2492 4919 2590 4982 είς,
2613 4918 2716 4988 γῆν
2740 4918 2981 4972 ἔϐαλλεν.
3015 4921 3076 4972 υί
3105 4920 3160 4972 δὲ
3192 4920 3383 4990 ὥσπερ
3403 4921 3482 4982 είς
3515 4918 3754 4988 ἀφασίαν

2171 5011 2625 5081 ἐμπεπτωκότες,
2663 5013 2972 5083 ἑστήκεσαν
3020 5013 3415 5082 ἀτρεμοῦντες.
3489 5014 3580 5066 Ἐν
3623 5006 3664 5080 ᾧ
3696 5012 3751 5064 δὲ

2168 5103 2344 5158 ταῦτα
2387 5104 2599 5173 ἐγίνετο
2630 5106 2921 5177 Ῥωμαίων
2953 5105 3216 5176 δυνάμεις
3257 5107 3311 5159 ai
3352 5104 3452 5168 τὰς
3505 5104 3746 5174 ἐνέδρας,

2169 5199 2422 5271 καθάπερ
2436 5200 2674 5272 εῐρηται,
2699 5198 3121 5271 συμπληροῦσαι
3136 5199 3302 5267 ἐγγὺς
3325 5197 3744 5268 παρεφάνησαν,

2169 5292 2435 5364 βασιλέως
2466 5292 2928 5363 αὑτὰς,καθάπερ
2959 5291 3201 5364 εἴρηται,
3218 5292 3746 5363 μεταπεμψαμένουο

2164 5385 2193 5439 δ
2226 5387 2665 5459 συμβαλλόμενοι
2721 5387 2954 5456 Πέρσαι,
2984 5387 3157 5458 μέρος
3214 5387 3616 5457 ἀποτεμόμενοι
3649 5388 3745 5455 τῆς

2167 5482 2451 5549 στρατιᾶς,
2485 5480 2629 5535 κατὰ
2686 5481 2858 5533 νώτου
2912 5482 3088 5550 τούτῳ
3139 5480 3436 5548 γεγονότας
3500 5480 3742 5534 ἐκέλευον

2163 5573 2419 5644 ἐμποδὼν
2465 5573 2760 5645 Ῥωμαίοις
2790 5570 3039 5627 ἐπιοῦσιν
3082 5573 3360 5628 ἵστασθαι.
3396 5575 3587 5644 ᾭοντο
3639 5576 3739 5642 γὰρ

2161 5668 2265 5741 ἥδη
2288 5667 2511 5738 ἀρκύων
2544 5667 2695 5730 ἐντὸς
2729 5666 2893 5721 αὑτὸν
2937 5665 3431 5738 περιποιησάμενοι
3479 5667 3642 5738 ἔχειν.
3678 5666 3735 5717 Oi

2168 5765 2266 5834 μὲν
2298 5758 2391 5817 οὖν
2421 5764 2566 5816 κατὰ
2595 5763 2766 5815 ταῦτα
2810 5761 3033 5814 ἐποίουν
3057 5779 3070 5794 ·
3099 5762 3128 5813 ὁ
3156 5761 3213 5815 δὲ
3245 5760 3413 5831 ὀρθίῳ
3445 5760 3524 5831 τῷ
3557 5760 3733 5829 δόρατι

2163 5857 2306 5911 κατὰ
2368 5857 2470 5926 γῆς
2521 5855 2877 5926 ἐρεισάμενος
2931 5854 3140 5920 ἵστατο,
3189 5853 3280 5908 τόν
3333 5869 3393 5906 τε
3447 5854 3732 5921 lion-nﬁqu
