3982 6276
570 338 679 399 375

1855 342 2182 407 JOANNIS
2218 336 2552 411 CINNAMI

3691 355 3783 424 ιιι

568 450 866 520 compellit.
892 451 1178 507 Protracta
1204 450 1422 525 longius
1450 452 1815 520 insectatione,
1858 452 2088 512 Romani
2121 468 2149 510 a

2255 458 2447 533 ἔλεγεν
2478 459 2617 519 εἶναι
2653 460 2859 535 χρεὼν,
2902 462 2959 520 εί
2981 479 3101 528 πως
3125 461 3254 529 τοὺς
3293 463 3581 537 πολεμίους
3597 466 3783 526 dmod-

567 560 721 617 tergo
767 546 1034 603 instantes
1080 547 1283 605 multos
1325 551 1603 615 occidunt,
1646 552 1910 621 quosdam
1952 561 2007 605 et
2054 566 2152 607 ca-

565 639 723 710 piunt
767 640 939 705 vivos,
994 654 1133 710 quos
1167 640 1311 697 inter
1338 640 1435 697 fuit
1475 641 1805 711 Pbarcnsas,
1846 643 2029 715 magni
2073 644 2159 698 vir

564 730 708 799 apud
739 727 940 788 Persas
967 732 1228 802 nominis,
1267 734 1365 807 qni
1395 735 1759 793 discumbenti
1799 738 2020 793 sultano
2056 752 2156 808 po.

562 823 751 879 culum
779 825 1112 897 porrigebat.
1147 826 1469 885 Pincernam
1499 828 1643 887 hunc
1671 829 1899 885 Romani
1933 840 2150 889 vocant.

566 913 700 971 Erat
726 929 909 973 autem
940 916 1163 988 quidam
1198 918 1254 975 in
1283 918 1652 976 Barbarorum
1685 920 1951 985 exercitu,
1996 935 2090 992 qut
2122 938 2153 977 a

564 1004 832 1068 Romanis
861 1007 1148 1076 oriundus,
1194 1009 1336 1079 apud
1383 1008 1578 1067 Persas
1610 1026 1742 1067 vero
1783 1012 2060 1068 enutritus
2094 1023 2153 1070 et

562 1103 867 1168 educatus,
922 1100 1065 1159 forte
1126 1104 1463 1176 provinciam
1523 1104 1813 1177 quamdam
1871 1108 1976 1163 sub
2037 1107 2155 1163 hate

565 1204 812 1264 tempora
856 1194 927 1252 ab
984 1195 1120 1267 ipsis
1177 1199 1469 1267 regendam
1518 1207 1870 1269 susceperat,
1931 1200 2154 1257 nomine

560 1286 795 1346 Gabras.
836 1287 993 1348 Hunc
1031 1299 1389 1363 posteaquam
1433 1308 1496 1347 ca
1545 1293 1631 1350 die
1669 1292 1991 1350 occiderunt
2036 1293 2153 1349 Ro-

564 1379 736 1447 mani,
763 1390 1104 1453 amputatum
1134 1383 1278 1439 illius
1301 1392 1465 1457 caput
1490 1385 1547 1442 in
1585 1396 1765 1442 castra
1790 1400 1973 1445 secum
2006 1395 2155 1444 attu-

562 1469 697 1527 lere.
755 1469 1085 1543 itnperator,
1140 1474 1400 1543 quoniam
1457 1475 1625 1531 multa
1670 1475 1783 1547 jam
1836 1491 1944 1533 nox
1995 1486 2149 1541 erat,

559 1561 837 1635 fugientes
865 1582 970 1623 non
999 1566 1214 1635 longius
1242 1576 1586 1638 persecutus,
1615 1584 1740 1625 cum
1779 1570 1998 1642 tropaeis
2025 1569 2153 1626 inde

559 1660 857 1715 revertitur
890 1678 906 1716 :
939 1658 1313 1732 Romanisque
1358 1662 1411 1718 in
1455 1678 1669 1718 summa
1711 1678 1897 1719 rerum
1931 1673 2153 1733 pertur-

2260 570 2414 626 μενοι
2454 552 2581 611 κατ’
2623 553 2881 621 ιεουσίαν
2933 573 2994 611 τε
3043 554 3139 612 τὸν
3173 555 3397 628 χάρακα
3445 556 3788 629 πήξονταιιιαὶ

2256 648 2633 721 σκηνώσουσιν
2656 650 2758 705 οὐκ
2778 652 2839 706 ἂν
2866 650 3041 723 στενῷ
3085 648 3267 723 χώρου
3298 649 3615 723 είρχθάντις.
3632 654 3788 711 Ταῦτα

2253 739 2452 812 λέγων,
2478 740 2672 815 ἐπειδὴ
2701 742 2777 815 μὴ
2799 742 2901 798 καὶ
2932 744 3145 807 πάντας
3161 745 3542 817 ἐνδεχομένους
3560 746 3641 802 τὸν
3658 747 3793 818 λόγον

2254 834 2427 908 ἐώρα,
2455 834 2835 908 Τζιιιανδύλην
2857 838 2958 909 μιν
2988 838 3086 893 καὶ
3113 838 3449 911 Σινωπίτην,
3485 840 3611 911 πρὸς
3634 841 3687 897 ιι
3712 842 3795 896 καὶ

2254 930 2576 1003 Κριτὸπλην
2596 930 2822 988 καὶτῶν
2855 931 3037 988 ἄλλων
3084 933 3318 996 πολλοὺς
3375 933 3681 1005 στρατηγῶν
3730 938 3797 1007 τῷ

2254 1024 2609 1095 στρατοπέδῳ
2633 1024 2852 1093 ἐφίστα,
2880 1025 2913 1080 ὅ
2939 1024 3000 1081 δι
3018 1025 3183 1091 αὐτὸς
3207 1026 3312 1097 τὴν
3333 1024 3615 1097 βασιλικὴν
3636 1026 3799 1081 ἀνελό-

2255 1133 2418 1188 μενος
2444 1115 2694 1187 σημαίαν
2722 1117 2824 1171 σὺν
2846 1118 2963 1181 τοῖς
2989 1117 3136 1188 ἀμφ’
3162 1117 3328 1172 αὐτὸν
3373 1116 3481 1188 ὅλῳ
3510 1115 3697 1189 ῥυτῆρι
3723 1119 3801 1173 ἐπὶ

2250 1209 2381 1274 τοῦς
2411 1208 2690 1274 ἐναντίους
2706 1209 2929 1281 ἤλαυνε.
2981 1209 3357 1280 Καταπλήξας
3408 1226 3472 1265 τε
3532 1207 3608 1280 τῷ
3646 1206 3803 1281 ἀθρόῳ

2250 1304 2352 1373 τῆς
2379 1302 2692 1367 ἐπελάσεως
2726 1304 2811 1366 είς
2843 1303 3025 1376 φυγὴν
3063 1300 3259 1374 βλέψαι
3308 1303 3613 1376 ἠνάγκασε.
3667 1303 3801 1371 Auit-

2255 1396 2402 1467 πρᾶς
2428 1396 2610 1450 τοίνυν
2644 1396 2947 1467 γενομένης
2979 1395 3079 1466 τῆς
3114 1393 3377 1460 διώξεως,
3421 1394 3651 1449 κατόπιν
3702 1392 3806 1447 ἐπι-

2256 1488 2521 1559 σπόμενοι
2562 1488 2831 1559 Ῥωμαῖοι
2858 1488 3094 1553 πολλοὺς
3127 1487 3402 1554 ἔκτειναν,
3432 1486 3588 1551 τινάς
3628 1486 3682 1541 δὲ
3725 1484 3808 1541 καὶ

2254 1583 2532 1653 ζωγρείαν
2589 1577 2758 1649 εἶλον,
2811 1584 2871 1637 ἐν
2922 1576 3007 1647 οἷς
3050 1583 3149 1638 καὶ
3200 1582 3529 1653 Φαρκουσεις
3572 1575 3641 1653 ἦν
3693 1578 3813 1650 ἀνὴρ

2256 1677 2409 1750 παρὰ
2440 1676 2680 1749 Πέρσαις
2697 1675 2997 1751 ἐπιφανὴς,
3035 1675 3097 1740 ὃς
3120 1674 3435 1732 δειπνοῦντι
3488 1673 3568 1743 τῷ
3606 1672 3811 1728 σουλτάν

561 1752 785 1809 batione
827 1766 885 1810 et
930 1754 1139 1824 absque
1187 1754 1299 1811 ullo
1347 1756 1545 1813 ordine
1591 1756 1827 1813 inventis
1880 1755 2149 1828 (necdum

2254 1771 2487 1827 ἐνετίθει
2515 1770 2577 1825 τὺ
2604 1770 2846 1841 ἔκπωμα
2874 1771 3006 1824 ταῖν
3027 1771 3216 1841 χεροῖν
3246 1785 3262 1800 ·
3300 1768 3615 1839 «natva
3648 1763 3817 1820 τοῦτον

558 1843 706 1899 enim
746 1844 980 1902 sarcinis
1026 1844 1403 1917 iumentorum
1449 1849 1609 1906 dorsa
1648 1849 1977 1918 exuerant),
2027 1846 2149 1901 nni-

2268 1864 2530 1936 Ῥωμαῖοι
2586 1817 2873 1919 καλοῦσιν.
2954 1817 3065 1919 '11:
3097 1817 3169 1917 rat
3230 1879 3317 1927 τις
3346 1817 3406 1918 ιν
3536 1817 3817 1933 έαρδάρων

560 1949 719 1990 versa
754 1934 1043 1992 confestim
1076 1938 1543 2009 circumequitans
1576 1948 1755 1996 castra
1798 1938 2027 2011 singulis
2060 1954 2149 1996 or-

559 2026 781 2081 dinibus
812 2038 1177 2097 opportunum
1208 2029 1389 2086 locum
1420 2030 1687 2101 assignat.
1718 2030 1826 2087 Sed
1854 2044 1958 2085 non
1989 2028 2148 2100 pauci

562 2117 783 2175 interim
835 2137 867 2175 e
916 2121 1179 2177 militibus
1226 2130 1439 2178 noctem
1496 2122 1551 2177 in
1596 2124 1754 2194 equis
1798 2133 2145 2194 transegere,

558 2211 707 2281 quod
738 2212 877 2267 adeo
907 2214 1202 2283 compressi
1240 2213 1581 2285 confertique
1623 2224 1849 2281 starent,
1870 2213 1977 2286 57
1996 2225 2055 2269 ut
2082 2214 2152 2269 ab

558 2303 630 2360 iis
663 2306 958 2377 nequirent
988 2305 1234 2364 desilire.
1269 2306 1364 2363 Sic
1397 2307 1563 2378 igitur
1592 2323 1699 2363 nox
1727 2308 1813 2362 illa
1849 2318 2146 2364 transacta.

557 2397 629 2453 At
655 2404 781 2453 orto
808 2396 921 2466 iam
951 2398 1065 2455 sole
1095 2398 1392 2470 imperator
1423 2415 1565 2470 equo
1602 2400 1655 2456 in
1703 2402 1939 2456 medium
1982 2415 2147 2457 exer-

557 2492 729 2547 citum
754 2492 1026 2556 invectus,
1053 2501 1114 2548 ut
1133 2490 1308 2547 solent
1337 2491 1651 2548 militarium
1679 2494 1931 2549 ordinum
1956 2492 2144 2558 duces,

560 2583 615 2638 in
665 2584 811 2641 hunc
864 2583 1086 2640 modum
1135 2585 1297 2641 verba
1330 2584 1457 2641 fecit
1486 2604 1501 2640 :
1535 2603 1555 2637 ι
1588 2583 1702 2639 Viri
1740 2586 1982 2651 strenui,
2040 2601 2145 2640 non

558 2675 703 2745 quod
737 2674 1090 2732 timiditatem
1121 2676 1283 2731 ullam
1313 2677 1367 2731 in
1390 2677 1587 2732 animis
1619 2680 1814 2733 vestris
1844 2677 1925 2734 vel
1957 2693 2149 2749 quam-

556 2768 706 2838 piam
742 2768 905 2824 aliam
958 2768 1411 2840 deprehenderim
1449 2769 1743 2842 ignaviam,
1792 2769 1858 2824 ad
1890 2770 2145 2826 virtutem

557 2873 613 2917 et
646 2862 930 2917 audaciam
965 2876 1065 2917 vos
1105 2864 1446 2917 excitaturus
1478 2863 1638 2918 venio
1673 2862 1849 2934 (absit
1892 2864 2037 2919 enim
2088 2873 2148 2919 ut

559 2960 857 3027 degeneres
888 2954 999 3011 sint
1034 2955 1263 3011 Romani
1291 2964 1613 3027 partamquc
1644 2972 1673 3010 a
1709 2956 2003 3025 majoribus
2030 2958 2148 3029 glo-

559 3050 697 3104 riam
727 3048 1065 3120 deturpenl),
1100 3047 1195 3103 sed
1232 3058 1291 3102 ut
1324 3060 1641 3104 consuetum
1673 3049 1903 3105 ducibus
1930 3065 2145 3107 servem

2258 1959 2493 2030 στρατιᾷ
2530 1958 2613 2017 είς
2662 1956 2975 2027 Ῥωμαίους
3002 1954 3105 2027 μὲν
3127 1954 3421 2026 ἀναφέρων
3463 1954 3531 2009 τὸ
3560 1953 3731 2023 γένος,
3773 1953 3825 2005 ἐν

2255 2054 2314 2108 δὲ
2346 2052 2584 2123 Πέρσαις
2611 2051 2709 2105 καὶ
2745 2050 2977 2120 τραφεὶς
3003 2049 3101 2104 καὶ
3128 2048 3392 2122 αὐξηθεὶς
3416 2046 3560 2120 τύχῃ
3597 2045 3701 2101 τινὶ
3738 2060 3823 2097 σα-

2256 2147 2527 2217 τραπείαν
2556 2145 2680 2199 κατ’
2707 2146 2887 2199 ἐκεῖνο
2938 2142 3135 2213 καιροῦ
3190 2142 3326 2213 παρ’
3375 2142 3573 2205 αὐτοῖς
3626 2140 3827 2194 διιῐπιο

2257 2240 2475 2311 Γαϐρᾶς
2497 2238 2648 2307 αὐτῷ
2673 2237 2964 2307 ἐπίκλησις
2990 2230 3080 2307 ἦν.
3106 2234 3313 2291 Τοῦτον
3336 2235 3533 2304 ἐπειδὴ
3562 2234 3689 2289 κατ’
3708 2230 3831 2285 ἐκεί-

2255 2342 2356 2395 νην
2384 2324 2485 2395 τὴν
2526 2322 2742 2393 ἡμέραν
2786 2320 3054 2393 Ῥωμαῖοι
3078 2319 3353 2386 ἔκτειναν,
3386 2319 3645 2389 κεφαλὴν
3689 2316 3833 2385 ἆγον-

2254 2432 2346 2480 τες
2366 2414 2465 2485 τὴν
2491 2411 2661 2468 αὑτοῦ
2692 2411 2845 2485 παρὰ
2875 2411 2938 2465 τὸ
2969 2411 3333 2483 στρατόπεδον
3361 2404 3561 2483 ἦλθον.
3585 2406 3835 2468 Βασιλεὺς

2254 2506 2313 2561 δὲ
2338 2506 2552 2578 (πόρρω
2571 2504 2680 2575 γὰρ
2697 2503 2797 2574 ἤδη
2817 2498 2886 2573 ἦν
2901 2501 3010 2555 τῶν
3026 2500 3263 2569 νυκτῶν)
3281 2500 3375 2555 καὶ
3408 2499 3492 2555 ἔτι
3510 2499 3613 2555 τοῦ
3630 2497 3836 2553 διώκειν

2255 2596 2635 2664 ἀποσχόμενος
2666 2593 2765 2647 σὺν
2793 2590 3080 2662 τροπαίοις
3105 2589 3318 2645 ἐκεῖθεν
3348 2590 3733 2660 ὑπέστρεφεν,
3788 2590 3839 2641 ἑν

2257 2686 2519 2759 συγχύσει
2540 2706 2600 2742 τε
2628 2687 2713 2741 ἔτι
2743 2687 2839 2740 καὶ
2873 2684 3074 2757 ἀταξίᾳ
3098 2684 3269 2756 πολλῇ
3321 2682 3643 2754 Ῥωμαίους
3676 2678 3840 2751 εὑρὼν

2255 2780 2432 2853 (οὔπω
2464 2783 2574 2852 γάρ
2606 2778 2728 2834 οὐδὲ
2757 2775 2855 2833 τοῦ
2888 2776 3030 2833 κατά
3063 2777 3252 2833 νώτων
3285 2776 3489 2848 ἄχθους
3524 2775 3606 2843 τά
3661 2787 3842 2827 σκευο-

2254 2875 2397 2945 φόρα
2422 2872 2532 2928 τῶν
2559 2873 2716 2938 ζώων
2738 2870 3196 2942 ἀπηλλάττοντο),
3234 2871 3385 2925 ἁπαν
3434 2868 3504 2923 τὸ
3543 2863 3847 2939 στρατόπε-

2253 2967 2343 3023 δον
2366 2968 2577 3043 σπουδῃ
2610 2964 2920 3037 περιελθὼν
2986 2964 3101 3019 τῶν
3125 2964 3427 3033 ταγμάτων
3458 2960 3699 3030 ἑκάστῳ
3756 2956 3851 3024 τὴν

2256 3061 2646 3133 προσήκουσαν
2668 3058 2927 3129 ἐνείματο
2973 3055 3182 3129 χώραν.
3239 3053 3401 3109 Ἀλλά
3459 3051 3570 3106 καὶ
3610 3049 3690 3113 ὡς
3746 3046 3850 3103 τῶν

560 3156 772 3195 morem
825 3151 881 3195 et
925 3140 1212 3196 adversum
1254 3141 1435 3196 futura
1492 3142 1732 3212 pericula
1777 3157 1874 3199 vos
1920 3143 2142 3201 reddam

2256 3150 2610 3219 στρατιωτῶν
2647 3147 2750 3202 οὐκ
2778 3145 2997 3214 ὀλίγους
3052 3145 3334 3215 ἐφίππους
3381 3134 3855 3209 διανυκτερεῦσαι

558 3232 986 3287 obtirmatiorcs.
1014 3229 1171 3299 Quod
1200 3233 1343 3287 enim
1371 3233 1665 3303 improviso
1692 3239 2008 3305 supervenit
2037 3252 2145 3292 ma-

559 3326 672 3381 lum
704 3324 791 3381 vel
836 3323 1192 3379 fortissimam
1242 3335 1475 3381 mentem
1508 3326 1777 3382 interdum
1813 3336 1989 3397 potest
2027 3344 2151 3399 per-

562 3420 804 3475 turbare.
857 3420 1069 3474 Scitote
1119 3418 1308 3490 igitur,
1372 3420 1809 3487 commilitones,
1863 3422 2151 3477 imminere

564 3511 724 3567 nobis
757 3511 919 3567 hodie
949 3510 1151 3567 bellum
1190 3518 1316 3566 ante
1351 3512 1489 3567 actis
1518 3512 1732 3567 caeteris
1761 3513 1919 3585 longe
1952 3512 2147 3583 majus,

561 3606 803 3677 illudque
830 3614 1162 3678 postremum
1209 3612 1263 3660 et
1307 3604 1556 3660 ultimum
1604 3606 1764 3660 veluti
1801 3620 1923 3661 esse
1968 3614 2151 3661 certa-

561 3713 721 3762 men,
769 3699 913 3770 quod
959 3712 1124 3764 quam
1184 3697 1392 3767 optime
1445 3699 1694 3768 apparari
1744 3698 1963 3761 deceat,
2036 3705 2146 3751 tum

561 3802 787 3863 propter
810 3791 992 3862 priora
1019 3806 1139 3860 quae
1170 3790 1435 3845 hactenus
1464 3791 1727 3861 gessimus
1750 3789 1912 3855 bella,
1945 3799 2056 3844 tum
2084 3804 2151 3844 ne

562 3886 791 3941 vilescat
826 3894 904 3940 tot
950 3885 1212 3955 praeclare
1250 3881 1410 3939 factis
1444 3883 1668 3952 probata
1722 3883 1897 3938 virtus
1942 3891 2146 3947 nostra,

562 3992 733 4053 utque
765 3979 924 4037 nobis
955 3979 1086 4050 ipsis
1134 3977 1384 4048 ingentes
1432 3990 1688 4046 paremus
1740 3975 2028 4030 utilitates.
2079 3972 2150 4029 Ut

560 4076 705 4133 enim
734 4075 971 4145 priorem
996 4070 1369 4126 infelicitatem
1394 4067 1727 4137 auspicatior
1751 4067 1942 4124 deinde
1965 4080 2150 4122 emen-

560 4172 653 4224 dat
688 4168 929 4231 fortuna,
958 4164 1031 4221 ita
1059 4165 1296 4234 priorem
1328 4162 1637 4218 felicitatem
1665 4159 1934 4217 subvertit
1963 4160 2151 4215 subse-

560 4272 690 4317 cuia
740 4259 1047 4316 calamitas.
1100 4257 1275 4327 Igitur
1333 4272 1401 4313 ne
1457 4255 1764 4327 huiusmodi
1804 4254 1934 4324 quid
1991 4253 2150 4309 nobis

560 4354 803 4419 eveniat,
852 4353 953 4408 viri
988 4350 1461 4421 praestantissimi,
1497 4350 1795 4407 curandum
1830 4349 1883 4403 in
1934 4347 2149 4419 primis,

561 4458 623 4503 ut
654 4461 784 4503 suos
817 4446 1049 4516 quisque
1076 4443 1297 4500 ordines
1333 4452 1534 4508 teneat,
1569 4444 1783 4514 sibique
1828 4442 2053 4497 inducat
2095 4441 2147 4495 in

2255 3239 2522 3306 ξυνέπεσε
2556 3237 2634 3307 τῷ
2656 3236 3055 3308 ὑπερϐάλλοντι
3080 3234 3181 3303 τῆς
3212 3230 3563 3296 πυκνώσεως
3595 3228 3711 3283 οὐδ’
3740 3228 3853 3281 ὅσον

2251 3331 2527 3401 ἀποϐῆναι
2581 3328 2693 3398 τῶν
2732 3330 2916 3383 ἵππων
2974 3327 3326 3400 ἰσχύσαντας.
3406 3322 3530 3396 Τὴν
3598 3325 3706 3394 μὲν
3770 3314 3861 3373 οὖν

2252 3422 2425 3476 νύκτα
2460 3419 2524 3493 [Ρ
2551 3418 2643 3493 52]
2694 3419 2911 3491 ἐκείνην
2945 3417 3126 3481 οὕτως
3169 3418 3490 3489 ηὐλίσαντο.
3565 3415 3760 3469 Ἠλίου
3805 3411 3857 3463 δὲ

2252 3515 2379 3585 ἄρτι
2405 3513 2545 3584 πρὸς
2590 3513 2651 3567 τὸ
2691 3513 2790 3584 τῆς
2823 3515 2932 3582 γῆς
2995 3510 3370 3581 ιπανάγοντος
3413 3510 3763 3581 πρόσωπον,
3809 3504 3864 3566 ἒς

2255 3611 2430 3679 μέσην
2468 3608 2712 3679 ἔφιππος
2751 3603 3043 3677 παρελθὼν
3088 3604 3191 3675 τὴν
3250 3602 3551 3675 στρατιὰν,
3603 3601 3688 3666 ὡς
3748 3598 3863 3661 ἔθος

2251 3703 2399 3757 ἐστὶν
2425 3698 2505 3767 οἷς
2553 3700 2969 3771 στρατιωτικῶν
2994 3699 3252 3770 ἡγεῖσθαι
3283 3699 3602 3768 ταγμάτων
3625 3691 3867 3763 συμϐαί-

2250 3818 2358 3865 νει,
2382 3798 2534 3866 ἔλεξε
2565 3798 2744 3853 τοιάδε
2765 3814 2780 3831 ·
2817 3814 2837 3848 ι
2863 3795 3091 3867 ’Ἄνδρες
3126 3797 3388 3864 γενναῖοι,
3420 3794 3527 3865 οὐχ
3544 3800 3631 3856 ως
3662 3789 3868 3847 δειλίαν

2252 3893 2407 3962 ὑμῶν
2446 3892 2752 3960 καταγνοὺς
2774 3891 2809 3962 ἦ
2839 3906 2961 3944 τινα
2990 3889 3296 3961 μαλακείαν
3322 3886 3493 3955 ἀλλην
3522 3886 3636 3942 ἀπὶ
3668 3884 3873 3956 θάρσος

2252 3984 2374 4054 ἥκω
2404 3982 2798 4055 παρακελιύων
2838 3982 3017 4055 ὑμᾶς·
3052 3980 3127 4053 μὴ
3165 3980 3338 4044 οὕτως
3381 3980 3725 4049 Ῥωμαίους
3779 3976 3868 4044 γέο

2252 4094 2401 4131 νοιτο
2434 4078 2585 4148 σχεῖν
2614 4076 2882 4145 ἀγεννῶς,
2910 4074 3038 4148 μηδ’
3096 4074 3244 4129 οὕτω
3296 4073 3544 4145 πάτριον
3609 4070 3878 4145 αἰσχῦναι

2253 4170 2450 4235 δόξαν
2481 4170 2620 4225 ἀλλὰ
2654 4170 2822 4242 νόμον
2845 4186 2906 4223 τε
2949 4168 3145 4224 τοῦτον
3196 4170 3586 4240 στρατηγικὸν
3657 4166 3875 4234 hmin-

2256 4262 2390 4334 ρῶν,
2453 4262 2594 4335 πρὸς
2656 4260 2719 4318 τὸ
2785 4258 2980 4334 μέλλον
3040 4260 3103 4317 δὲ
3146 4259 3623 4331 ἀσφαλεστέρους
3659 4258 3881 4327 ἑνάτων

2254 4354 2426 4424 ὑμᾶς.
2468 4354 2842 4428 Ἀπροόρατον
2866 4353 2981 4427 γὰρ
3003 4352 3375 4427 ιπερχόμενον
3404 4352 3466 4407 τὸ
3530 4353 3737 4408 δεινδν
3787 4351 3881 4406 καὶ

2254 4448 2510 4517 γενναίαν
2539 4447 2685 4502 ἐστιν
2703 4450 2793 4503 ὅτε
2815 4444 3149 4519 ξυνετάραξε
3173 4443 3425 4516 γνώμην.
3456 4445 3631 4501 Ἰστε
3670 4443 3887 4511 τοίνυν,

563 4542 831 4607 animum,
862 4537 907 4593 si
940 4535 1016 4592 illi
1046 4545 1335 4593 serventur
1363 4537 1531 4605 probe
1570 4550 1669 4591 nec
1700 4553 1727 4589 a
1770 4534 1926 4590 nobis
1952 4532 2145 4589 dissol-

2255 4537 2299 4597 ὦ
2344 4540 2769 4613 τυστρατιῶται,
2807 4539 3046 4611 πόλεμον
3074 4528 3208 4610 ήμῐν
3237 4537 3604 4610 ἀπαντήσειν
3640 4539 3757 4610 τὴν
3788 4538 3905 4614 σὴρ)

560 4644 761 4692 vantur
791 4633 1035 4701 omnino,
1068 4630 1113 4687 si
1168 4630 1406 4700 denique
1451 4642 1675 4700 cperam
1724 4630 1957 4699 quisque
1992 4644 2148 4684 suam

556 4728 826 4799 iunxerit,
872 4735 1079 4781 certam
1117 4739 1218 4779 nos
1262 4726 1558 4793 adepturus
1610 4723 1893 4779 victoriam
1930 4733 1986 4779 et
2030 4738 2152 4792 qua:

566 4822 967 4878 transmittetur
994 4817 1105 4889 58
1125 4817 1191 4870 ad
1216 4825 1463 4886 posteros
1486 4813 1711 4887 gloriam
1735 4825 2149 4872 consecuturos.

560 4915 765 4971 Contra
822 4913 867 4967 si
922 4910 1007 4969 vel
1056 4908 1339 4965 minimum
1396 4908 1621 4964 Ordines
1671 4906 1809 4963 solvi
1860 4907 2152 4977 contigerit

564 5023 775 5076 nosque
806 5006 871 5060 ad
908 5002 1141 5060 invicem
1178 5002 1447 5075 disjungi,
1483 5017 1582 5071 pro
1628 5012 1781 5058 certo
1823 5000 2020 5058 habete
2052 5018 2151 5058 nos

566 5103 729 5159 facile
761 5102 814 5155 in
844 5098 1084 5155 hostium
1118 5106 1376 5154 venturos
1399 5105 1743 5166 potestatem.
1783 5096 2153 5165 Quemadmo.

563 5198 689 5250 dum
718 5194 865 5251 enim
900 5190 1123 5248 effracta
1155 5192 1395 5246 obsessae
1442 5190 1685 5247 civitatis
1728 5194 1894 5247 latera
1940 5190 2149 5245 aditum

565 5281 1009 5355 espugnantihus
1055 5280 1270 5336 facilem
1304 5282 1566 5349 praebent,
1603 5281 1672 5335 ita
1701 5296 1759 5336 se
1791 5295 1876 5337 res
1902 5282 2063 5336 habet
2093 5282 2148 5337 in

563 5378 763 5433 castris
792 5386 844 5431 et
872 5375 925 5429 in
959 5374 1230 5443 explicato
1257 5377 1523 5433 exercitu.
1574 5373 1758 5445 Neque
1796 5390 1957 5444 porro
1986 5375 2148 5431 aliam

562 5470 635 5537 pb
674 5483 895 5524 causam
934 5468 1097 5539 prisci
1131 5468 1296 5523 duces
1336 5468 1595 5523 invenere
1625 5469 1869 5535 insidias,
1902 5471 2036 5525 aciei
2066 5470 2150 5524 iu-

563 5564 948 5628 strut-tionem,
985 5562 1215 5630 primani
1248 5560 1331 5615 vel
1365 5574 1695 5631 postremam
1731 5562 1926 5629 aciem,
1959 5566 2148 5619 dextra

566 5664 661 5710 aut
706 5649 931 5710 sinistra
976 5669 1203 5721 cornua,
1248 5655 1485 5725 aequales
1519 5654 1768 5710 ordinum
1806 5659 2002 5721 series,
2041 5657 2152 5712 for-

562 5764 822 5818 tuamque
870 5746 1207 5819 explicanda:
1257 5748 1413 5805 aciei.
1467 5747 1561 5804 Est
1594 5750 1735 5805 etiim
1786 5749 1956 5806 instar
2000 5752 2150 5809 urbis

574 5846 853 5902 exercitus
898 5859 915 5900 :
962 5844 1045 5900 cui
1071 5850 1123 5900 et
1152 5841 1325 5913 portis
1364 5858 1501 5914 opus
1534 5851 1588 5901 et
1629 5841 1871 5901 turribus
1919 5852 1974 5902 et
2012 5844 2147 5903 late-

2258 4647 2425 4704 μερον
2472 4629 2565 4683 τὸν
2635 4628 2809 4702 μείζω
2856 4645 2913 4683 τε
2947 4628 3059 4682 τῶν
3098 4626 3487 4699 προλαϐόντων
3520 4629 3642 4684 καὶ
3688 4626 3891 4695 ὥσπερ

2254 4725 2546 4794 ἀγώνισμα
2609 4723 2931 4777 τελευταῖον
2973 4720 3039 4794 δὴ
3094 4718 3257 4776 τοῦτο
3284 4718 3382 4774 καὶ⁵
3440 4718 3713 4791 ἔσχατον
3744 4737 3763 4755 ο
3797 4704 3909 4803 ttat:

2253 4816 2362 4889 χρὴ
2387 4816 2841 4890 παρεσκευάσθαι
2872 4814 3058 4879 καλῶς
3091 4814 3203 4868 τῶν
3243 4830 3305 4867 τε
3357 4814 3683 4885 προτέρων
3753 4814 3895 4885 ἡμῖν

2254 4911 2485 4978 ἀγώνων
2513 4910 2679 4965 ἕνεκα
2708 4908 2802 4963 καὶ
2825 4907 2901 4972 ὡς
2925 4907 2992 4963 ἂν
3017 4906 3094 4980 μὴ
3122 4907 3218 4963 καὶ
3241 4906 3344 4978 τὴν
3400 4906 3743 4976 φθάσασαν
3790 4906 3897 4977 ἢδη

2254 5003 2365 5057 τῶν
2384 5001 2565 5074 ἔργων
2595 5001 2913 5072 ὲλέγξωμεν
2937 5000 3165 5072 ἀρετὴν,
3194 4998 3293 5053 καὶ
3343 5000 3547 5063 αὐτοῖς
3613 4999 3683 5055 δὲ
3754 4998 3896 5072 ἡμῖν

2253 5098 2403 5159 ὅπως
2428 5096 2683 5166 μεγάλων
2706 5095 2833 5167 ἄρτι
2864 5094 3034 5150 αἴτιοι
3079 5091 3319 5164 ἐσόμεθα
3356 5093 3729 5166 συμφορῶν.
3809 5092 3901 5155 Ὠς

2252 5192 2363 5263 γάρ
2396 5188 2780 5261 προλαϐοῦσαν
2808 5188 3103 5261 δυστυχίαν
3137 5186 3451 5243 τελευταῖον
3498 5184 3901 5263 δπανοροοῦν

2253 5286 2543 5365 εὐτύχημα
2602 5285 2874 5355 πέφυκεν,
2930 5284 3110 5345 οὕτως
3138 5280 3403 5354 ἀτύχημα
3455 5280 3738 5357 ὕστερον
3793 5282 3904 5353 τὴν

2255 5378 2358 5451 ἤδη
2384 5377 2690 5449 διέφθειρεν
2713 5376 3037 5448 εὐκληρίαν.
3083 5373 3225 5431 Ἀλλ’
3254 5375 3407 5438 ὅπως
3437 5373 3523 5446 μὴ
3566 5376 3686 5431 καὶ
3753 5376 3905 5448 ἡμῖν

2254 5472 2437 5535 αὐτοῖς
2500 5469 2825 5541 τηλικοῦτόν
2864 5486 2940 5535 τι,
2988 5462 3279 5538 ὦλῷστοι,
3342 5468 3579 5538 γένοιτο
3658 5460 3910 5541 ξυμπε-

2255 5568 2390 5627 σεϊν,
2427 5564 2697 5633 τηρητέον
2727 5562 2803 5627 ὡς
2830 5561 2909 5616 ἔνι
2946 5561 3183 5631 μάλιστα
3227 5561 3330 5633 τήν
3380 5559 3552 5627 τάξιν
3615 5563 3903 5637 ἑκάστῳ,

2253 5661 2434 5712 ἐκεῖνο
2469 5656 2650 5720 καλῶς
2682 5657 2880 5713 εἰδόσιν
2920 5657 2994 5720 ὡς
3032 5659 3080 5709 sl
3136 5655 3235 5728 μὲν
3294 5657 3366 5713 τὰ
3410 5656 3514 5727 τῆς
3591 5666 3911 5731 τακτικῆς

2251 5752 2583 5822 ἀπαράλυτα
2610 5752 2967 5806 παντάπασιν
3000 5753 3133 5823 ἡμῖν
3157 5750 3372 5821 γένοιτο
3398 5754 3495 5809 Em
3511 5757 3670 5822 01:6;
3734 5776 3805 5812 τε
3842 5760 3908 5812 τὸ

2254 5845 2451 5904 ἑαυτοῦ
2502 5850 2617 5912 τοῖς
2675 5846 2858 5911 ἄλλοις
2920 5846 3327 5925 ξυνεισενέγκῃ,
3394 5850 3573 5921 νικᾷν
3622 5870 3694 5910 τε
3760 5857 3911 5927 ἡμῖν
