4046 6284
397 346 509 409 383

1706 345 2030 408 JOANNIS
2068 346 2395 409 ClNNAMl

3569 340 3681 404 384

395 461 458 515 ἐν
487 459 711 532 Βιθυνίᾳ
749 477 808 514 τε
841 458 1079 530 γεγονὼς
1112 457 1350 516 ἐνταῦθα
1415 477 1518 516 που
1577 459 1704 524 τοὺς
1769 462 1835 514 ἐκ
1897 458 2233 530 Φιλομιλίου,
2298 462 2556 535 καθάπερ
2611 463 2828 538 εἴρηται
2881 464 3184 537 πρότερον,
3239 459 3687 536 ἀναρῤυσθέντας

394 555 635 628 ᾠκίσατο
698 554 1030 624 Ῥωμαίους,
1079 555 1390 624 κτησείδιον
1439 553 1625 619 αὐτοῖς
1672 553 1782 608 τῶν
1815 552 1981 625 ιερῶν
2017 571 2164 622 τινος
2225 555 2599 630 ἀλλαξάμενος
2662 559 2929 629 σεμνείων
2952 577 2966 591 ’
2999 556 3126 612 ἔνθα
3154 553 3419 628 φρούριόν
3447 571 3507 610 τε
3534 554 3683 626 ἀνῳ-

394 638 677 719 κοδόμησε
711 647 808 702 καὶ
837 648 1018 712 Πύλας
1045 647 1178 703 αύτδ
1203 647 1621 718 κατωνόμακεν.

469 741 559 797 10.
609 742 725 797 Sub
755 741 896 796 idem
930 751 1140 810 tempus
1167 740 1415 807 Cosmas,
1456 740 1547 810 qui
1574 755 1638 794 ea
1665 747 1991 809 tempestate

2165 745 2226 795 t'.
2267 738 2407 794 Ὑπὸ
2447 739 2505 796 δὲ
2552 739 2644 796 τόν
2682 740 2848 799 αὐτὸν
2875 741 3071 813 χρόνον
3109 741 3339 811 Κοσμᾰς
3366 741 3394 796 6
3431 742 3546 805 τοῖς
3592 742 3686 796 ἐκ·

397 851 490 894 res
511 833 912 891 ecclesiasticas
958 834 1367 902 moderabatur,
1404 835 1488 889 vir
1521 834 1644 889 vitae
1679 833 1996 904 integritate

397 939 451 984 et
477 928 746 999 gravitate
773 926 1048 982 sermonis
1083 924 1333 994 illustris,
1360 940 1390 979 a
1418 927 1549 981 sede
1590 925 1702 998 64
1748 926 1893 981 hanc
1926 924 1997 981 ob

397 1037 614 1077 causam
649 1020 905 1091 depulsus
931 1031 1040 1076 est.
1070 1019 1372 1076 Monachus
1396 1019 1618 1091 quidam
1654 1018 1866 1089 Nipbon
1895 1033 1998 1074 no-

398 1116 568 1181 mine,
595 1115 690 1188 qui
716 1114 969 1170 liberales
995 1111 1317 1182 disciplinas
1339 1113 1714 1183 humanasque
1739 1112 2002 1168 scientias

398 1225 468 1267 ne
494 1212 724 1267 smnmis
751 1210 971 1279 quidem
1004 1209 1172 1263 labris
1202 1211 1609 1278 degustaverat,
1644 1207 1744 1262 etsi
1774 1207 1945 1260 sacris
1966 1221 1996 1260 a

399 1298 628 1368 pueritia
659 1300 855 1355 litteris
879 1299 1140 1365 imbutus,
1163 1313 1288 1353 cum
1323 1297 1587 1354 Micbaele
1618 1300 1734 1353 viro
1770 1299 1862 1369 pio
1891 1297 2002 1353 vir-

401 1405 623 1464 tuteque
663 1392 861 1464 insigni
907 1393 1334 1449 ecclesiasticam
1383 1393 1707 1464 dignitatem
1750 1403 1997 1464 regente,

402 1486 544 1540 haud
573 1501 703 1538 sana
739 1488 885 1539 circa
911 1484 1284 1540 ChriStianam
1328 1483 1643 1552 religionem
1677 1485 1884 1540 sentire
1917 1483 2000 1538 vi-

400 1585 495 1626 sus
524 1580 693 1636 esset,
722 1573 958 1642 ideoque
988 1571 1196 1641 judicio
1225 1573 1471 1646 synodali
1502 1573 1696 1630 fuisset
1736 1574 2000 1630 condem-

405 1675 598 1728 natus,
655 1664 821 1720 barba
869 1667 936 1719 ad
986 1666 1124 1720 talos
1182 1681 1355 1736 usque
1412 1674 1709 1736 protensa,
1763 1665 1998 1734 derasa,

399 1758 612 1810 carceri
647 1759 1016 1824 mancipatur.
1061 1757 1132 1814 Ut
1161 1772 1292 1813 vero
1337 1760 1446 1813 vita
1492 1758 1679 1814 functo
1713 1758 2000 1825 Michaele,

403 1850 587 1906 sedem
618 1854 835 1921 excepit
864 1851 1117 1915 Cosmus.
1143 1851 1358 1922 Niphon
1384 1852 1630 1909 liberiori
1661 1853 1846 1910 statim
1871 1867 2001 1908 usus

403 1941 649 2008 licentia,
683 1944 929 2014 publicos
964 1961 1289 2015 congressus
1321 1945 1429 2017 egit
1466 1947 1522 2002 in
1563 1946 1842 2017 compitis,
1873 1962 2002 2017 pra-

403 2051 608 2106 vasque
636 2053 765 2094 suas
801 2039 1091 2108 opiniones
1132 2040 1337 2110 ubique
1370 2040 1609 2108 diil‘ndit,
1653 2039 2000 2098 Hebraeorum

408 2129 578 2186 Deum
616 2131 794 2203 palam
842 2135 1163 2205 repudians.
1211 2135 1448 2192 Amabat
1495 2136 1775 2192 hominem
1833 2153 1998 2203 supra

404 2227 622 2284 modum
650 2226 900 2294 Cosmas,
936 2231 1368 2300 admittebatque
1415 2231 1468 2286 in
1513 2232 1597 2287 sui
1630 2234 1998 2298 consortium,

403 2328 459 2375 et
504 2322 787 2393 superiora
841 2323 895 2377 in
944 2337 1070 2378 eum
1113 2324 1334 2380 decreta
1378 2325 1666 2395 iniustitia
1711 2326 1998 2399 arguebat,

402 2428 714 2485 quanquam
756 2425 884 2471 tunc
916 2415 1081 2471 etiam
1115 2417 1409 2474 immodice
1439 2418 1496 2474 in
1529 2417 1682 2474 illum
1707 2425 1766 2476 et
1796 2419 1865 2474 ad
1898 2434 2000 2489 pe-

403 2506 691 2564 tulantiam
748 2523 923 2578 usque
975 2524 1282 2579 propensus
1342 2512 1693 2569 atrocissime
1750 2512 1999 2584 repulsus

407 2597 606 2666 fuerat,
663 2611 719 2659 et
774 2610 999 2670 propter
1046 2602 1300 2660 virtutem
1357 2602 1556 2661 divinis
1607 2607 1998 2676 prepemodnm

403 2691 658 2749 laudibus
705 2709 829 2748 eum
880 2694 1162 2762 eﬂerebat,
1196 2695 1540 2768 addebatque
1579 2697 1693 2769 jam
1737 2699 1867 2754 olim
1918 2697 1996 2756 illi

405 2787 723 2854 praedictum
767 2787 837 2842 ab
876 2802 964 2854 eo,
1013 2787 1130 2844 fore
1179 2800 1238 2845 ut
1280 2790 1696 2861 patriarcbalem
1741 2793 1998 2848 thronum

405 2881 818 2935 conscenderet.
856 2880 981 2937 Hzec
1007 2884 1192 2939 multis
1215 2898 1322 2940 non
1349 2884 1679 2957 placuerunt
1706 2903 1723 2941 :
1758 2887 1902 2943 unde
1929 2902 1998 2943 ex

409 2968 476 3022 iis
507 2971 777 3036 nonnulli,
819 2973 1018 3041 quibus
1049 2974 1396 3045 potissimum
1429 2975 1640 3032 Cosma:
1674 2977 1824 3034 salus
1854 2994 2002 3034 curae

407 3071 546 3123 erat,
597 3061 764 3117 tacite
797 3065 1125 3120 accedentes
1158 3085 1174 3122 :
1217 3086 1234 3119 ι
1275 3066 1437 3134 Quid,
1478 3070 1720 3135 aiebant,
1756 3057 1798 3125 θ’
1823 3071 2003 3127 divine

410 3164 620 3224 pastor,
685 3168 854 3214 temet
893 3160 1069 3230 ipsum
1112 3161 1238 3230 lupo
1281 3163 1605 3217 concredis?
1636 3179 1818 3220 annon
1850 3167 2002 3223 vides

2101 832 2521 905 κλησιαστικοῐς
2583 833 2646 888 ea
2690 835 2949 902 τηνικάδε
3004 834 3252 904 ἐφεστὼς
3311 836 3690 906 πραγμάτων,

2099 924 2241 996 ἀνὴρ
2275 924 2377 995 βίῳ
2408 927 2502 979 καὶ
2531 923 2680 998 λόγῳ
2718 925 2970 996 κόσμιος,
3027 924 3123 978 τοῦ
3171 925 3360 994 θρόνου
3410 929 3694 982 κατεσπά-

2098 1019 2198 1092 σθη
2255 1021 2340 1074 ἐπ’
2390 1020 2544 1090 αἰτίᾳ
2599 1018 2802 1091 τοιᾷδε.
2858 1016 2969 1074 Ἦν
3034 1036 3121 1083 τις
3180 1021 3324 1089 ἀνὴρ
3382 1023 3694 1094 μοναχικὴν

2099 1112 2500 1183 ἐπανελόμενος
2526 1111 2594 1186 [Ρ
2625 1112 2721 1186 56]
2750 1112 3050 1179 πολιτείαν,
3079 1113 3252 1182 ὄνομα
3301 1113 3532 1184 Νήφων,
3561 1131 3696 1167 παι-

2097 1205 2248 1271 δείας
2287 1207 2388 1277 μὲν
2416 1211 2516 1277 τῆς
2547 1206 2843 1275 ἐγκυκλίου
2889 1208 2984 1261 καὶ
3010 1204 3355 1276 μαθημάτων
3392 1207 3502 1260 τῶν
3531 1208 3696 1270 ἐκτὸς

2100 1300 2221 1354 οὐδὲ
2256 1300 2421 1372 μέχρι
2463 1301 2666 1372 πείρας
2713 1301 2906 1365 ἐλθὼν,
2941 1302 3052 1362 τοῖς
3092 1301 3263 1368 ἱεροῖς
3291 1299 3349 1352 δὲ
3377 1299 3587 1368 λογίοις
3628 1303 3697 1354 ἐκ

2101 1394 2310 1450 παίδων
2341 1395 2532 1449 ἑαυτὸν
2565 1395 2805 1460 ἐπιδούς.
2843 1387 3012 1461 Οὗτος
3055 1396 3085 1449 ό
3129 1395 3335 1466 Νήφων
3363 1394 3584 1466 Μιχαὴλ
3614 1392 3698 1446 ἔτι

2098 1488 2293 1561 ἀνδρὸς
2325 1488 2472 1562 ἱεροῦ
2497 1491 2593 1544 καὶ
2615 1488 2812 1542 πολλοῦ
2835 1488 2936 1556 τὴν
2965 1488 3169 1560 ἀρετὴν
3189 1488 3283 1542 τὸν
3309 1489 3702 1556 ἐκκλησιαστι-

2101 1582 2196 1637 κὸν
2227 1581 2508 1644 διέποντος
2540 1580 2729 1652 θρόνον
2765 1580 2922 1649 δόξαν
2958 1581 3057 1652 οὐχ
3099 1578 3232 1648 ὑγιᾶ
3274 1580 3343 1634 τά
3376 1582 3432 1642 ἐς
3471 1578 3530 1634 τὸ
3559 1581 3700 1650 Χρι-

2102 1675 2339 1732 στιανῶν
2374 1675 2553 1745 δόγμα
2586 1674 2805 1738 πολλοῖς
2851 1676 2981 1747 περὶ
3009 1673 3205 1729 ἑαυτοῦ
3231 1671 3482 1736 δεδωκὼς
3511 1672 3701 1743 κρίσει

2100 1788 2161 1826 τε
2220 1772 2476 1842 συνοδικῇ
2513 1769 2626 1843 (77)
2684 1769 2775 1824 διὰ
2829 1766 2991 1823 τοῦτο
3035 1767 3445 1840 ἀποψηφισθεὶς
3492 1769 3585 1820 τόν
3633 1785 3700 1821 τε

2101 1865 2347 1932 πώγωνα
2371 1864 2547 1939 ἐκάρη
2571 1864 2700 1937 ἄχρι
2725 1867 2821 1920 καὶ
2847 1866 2941 1920 ἐπὶ
2969 1863 3152 1937 σφυρὰ
3183 1863 3574 1919 κατατείνοντα
3602 1863 3704 1918 καὶ

2101 1959 2296 2029 εἱρκτῇ
2341 1957 2642 2030 παρεδόθη.
2683 1956 2839 2012 Ἐπεὶ
2872 1957 2931 2011 δὲ
2983 1957 3207 2028 Μιχαὴλ
3245 1957 3346 2028 μὲν
3399 1957 3610 2019 ἐκεῖνος
3639 1955 3705 2022 ἐξ

2107 2049 2418 2123 ἀνθρώπων
2446 2050 2546 2126 ἤδη
2574 2047 2664 2124 ἦν,
2695 2052 2927 2120 Κοσμᾶς
2951 2050 3009 2103 δὲ
3033 2050 3152 2103 ἀντ’
3179 2049 3347 2104 αὐτοῦ
3377 2049 3472 2103 τὸν
3504 2049 3702 2117 θρόνον

2106 2143 2355 2215 ἐκόσμει,
2378 2143 2577 2198 αὐτίκα
2626 2143 2942 2217 παρῤησίαν
2973 2138 3130 2206 αὖθις
3153 2144 3183 2197 ό
3221 2143 3432 2216 Νήφων
3455 2141 3697 2212 ἀνελάμο

2103 2237 2233 2292 σανε
2265 2237 2440 2308 μείζω
2490 2238 2590 2293 καὶ
2623 2237 2792 2302 πολὺς
2822 2238 2882 2290 ἐν
2924 2237 3208 2307 συλλόγοις
3257 2237 3349 2290 καὶ
3380 2237 3439 2288 ἐν
3465 2236 3703 2305 ἀγοραῖς

2100 2325 2192 2403 ἦν,
2220 2329 2351 2385 ἄλλο
2382 2345 2444 2385 τι
2482 2330 2637 2385 οὐδὲν
2679 2329 2956 2402 ἔπραττεν
2984 2331 3067 2385 ὅτι
3104 2329 3179 2402 μὴ
3219 2329 3395 2398 δόγμα
3431 2327 3703 2382 ἑκάστοτε

2099 2423 2395 2478 ἀνεκύκλει
2487 2424 2583 2477 τόν
2670 2441 2731 2478 τε
2821 2422 3092 2494 Ἐϐραίων
3197 2421 3703 2491 ἀποπροσεποιεῖτο

2099 2514 2234 2568 Θεόν
2267 2514 2402 2585 (78).
2430 2514 2544 2569 Kal.
2574 2514 2646 2569 τά
2673 2530 2738 2582 γε
2772 2511 2998 2568 τοιαῦτα
3032 2511 3416 2583 ἐνεργολαϐεῖν
3458 2508 3657 2580 ἢθελεν
3684 2523 3702 2537 ο

2100 2607 2278 2678 ἐφίλει
2303 2625 2362 2661 τε
2403 2607 2568 2661 αὐτὸν
2604 2606 2904 2678 ὑπερφυῶς
2950 2608 2978 2660 ό
3009 2608 3259 2676 Κοσμᾶς.
3299 2605 3395 2657 καὶ
3425 2599 3706 2673 ὁμιλητὴν

2099 2701 2276 2757 ἐποίει
2312 2701 2408 2757 τὸν
2439 2699 2747 2772 ἄνθρωπον,
2779 2702 2892 2754 τοῖς
2931 2715 2992 2752 τε
3038 2697 3165 2754 κατ’
3193 2697 3360 2752 αὐτοῦ
3395 2696 3457 2750 τὸ
3501 2695 3705 2765 πρότε-

2103 2811 2199 2867 ρον
2237 2791 2713 2864 ὲπεψηφισμένοις
2765 2789 2983 2844 ἀδικίαν
3007 2788 3309 2853 ἐπεκάλει,
3366 2786 3545 2841 καίτοι
3601 2788 3704 2841 καὶ

2099 2888 2224 2941 τότε
2266 2884 2335 2940 τὰ
2381 2885 2524 2953 ὑπὲρ
2559 2884 2653 2939 τοῦ
2697 2882 2990 2957 ἀνθρώπου
3038 2882 3556 2951 προπετευσάμενος
3598 2881 3704 2949 μὲν

2102 2977 2410 3047 πικρότατα
2442 2974 2487 3028 δ’
2519 2977 2670 3045 ὅμως
2705 2971 3132 3044 ἀποκρουσθεὶς,
3185 2971 3279 3025 καλ⁵
3325 2974 3425 3042 τῆς
3476 2989 3533 3025 τε
3567 2973 3703 3040 ἁρε-

2101 3070 2200 3140 τῆς
2224 3069 2387 3124 αὑτὸν
2421 3066 2731 3132 ὲπεθείαζε,
2757 3067 2981 3120 κάκεῖνο
3010 3068 3124 3129 τοῖς
3148 3064 3331 3134 λόγοις
3358 3063 3701 3134 προσετίθει,

2102 3165 2184 3218 ὅτι
2211 3165 2278 3234 δὴ
2308 3161 2577 3234 ἐτύγχανε
2608 3159 2788 3232 πολλῷ
2829 3161 3096 3230 πρότερον
3143 3160 3242 3230 τὴν
3273 3160 3332 3222 ἐς
3362 3158 3452 3212 τὸν
3498 3160 3701 3229 ἀρχιε-

410 3261 694 3321 propterea
736 3263 787 3308 te
830 3270 858 3306 a
911 3268 1075 3324 grege
1115 3255 1361 3322 despici?
1398 3258 1594 3312 recede
1656 3260 1724 3313 ab
1771 3258 2000 3315 exitiosa

2107 3258 2328 3330 ρατικὺν
2373 3254 2887 3332 θρόνονςωόῶασιν
2941 3255 3042 3325 ἤδη
3089 3253 3463 3324 προαγγείλας
3520 3253 3700 3326 αὐτῷ.

409 3348 694 3406 societate.
725 3346 834 3419 65
868 3346 1004 3404 Cum
1051 3349 1269 3404 homine
1309 3349 1452 3405 enim
1496 3353 1672 3409 sacris
1715 3353 2003 3411 interdicto

2106 3355 2222 3410 Οὐκ
2253 3353 2457 3425 ἦρεσκε
2490 3352 2666 3407 ταῦτα
2695 3352 2809 3414 τοῖς
2839 3349 3056 3415 πολλοῖς
3076 3365 3093 3383 ο
3118 3349 3243 3404 ὅθεν
3269 3348 3363 3402 καὶ
3392 3351 3439 3400 οἱ
3473 3348 3574 3417 μὲν
3599 3350 3708 3402 αὖ-

411 3439 752 3507 cohabitare,
783 3455 880 3508 per
903 3455 962 3498 se
989 3440 1186 3497 idonea
1220 3443 1356 3498 satis
1382 3449 1468 3499 est
1495 3446 1796 3502 accusatio.
1826 3465 1848 3502 ι
1877 3445 2003 3506 Haec

2106 3443 2236 3509 τῶν,
2265 3445 2380 3499 ὅσοι
2413 3443 2657 3516 δηλονότι
2690 3441 2952 3513 ἐκήδοντο
2985 3439 3081 3493 τοῦ
3121 3440 3342 3509 Κοσμᾶ,
3375 3439 3706 3510 προσιόντες

359 3532 362 3534 ⁷
411 3538 468 3585 et
524 3529 716 3586 similia
770 3529 845 3586 illi
897 3528 1239 3601 ingerebant.
1289 3531 1393 3601 Qui
1444 3549 1573 3589 vero
1629 3537 2000 3605 patriarcham

2109 3537 2205 3592 ἐπὶ
2237 3536 2460 3610 σχολῆς·
2499 3553 2519 3589 ι
2553 3535 2619 3588 Τί
2663 3533 2886 3603 δήποτε,
2935 3531 3192 3601 ἔφασκον,
3217 3525 3260 3586 ὦ
3308 3531 3420 3584 θεῖε
3467 3530 3704 3601 ποιμὴν,

411 3622 664 3688 oderant,
698 3621 1112 3681 obtestabantur
1149 3621 1355 3694 palam,
1406 3622 1871 3696 appellabantque
1907 3627 2003 3686 Dei

2106 3630 2258 3700 λύκῳ
2304 3628 2586 3691 πιστεύεις
2630 3625 2861 3692 ἐαυτόν;
2895 3625 2965 3679 Ἦ
3009 3625 3110 3678 οὐκ
3160 3621 3308 3686 οἶδας
3357 3621 3431 3686 ὡς
3465 3622 3709 3675 ὑποϐλέ-

412 3724 471 3769 et
495 3714 843 3785 imperatoris
877 3712 1086 3770 oculos.
1116 3717 1181 3769 At
1207 3713 1298 3770 illc
1331 3715 1598 3785 neglectis
1634 3716 1702 3771 iis
1731 3718 2010 3776 mordicus

416 3807 726 3864 adbzcrebat
757 3807 1023 3880 Niphoni;
1059 3823 1234 3880 neque
1263 3809 1429 3864 etiam
1461 3811 1506 3864 si
1537 3809 1672 3880 quid
1696 3810 2010 3868 immineret

413 3901 623 3966 damni,
651 3904 720 3957 ab
754 3917 820 3959 eo
856 3916 913 3956 se
944 3901 1129 3957 divelli
1167 3902 1479 3972 patiebatur
1509 3918 1525 3957 :
1558 3903 1701 3959 unde
1731 3918 1799 3959 ex
1839 3902 2009 3960 nimia

415 3995 786 4066 simplicitate,
815 3997 1015 4051 suimet
1049 3997 1275 4062 oblitus,
1318 4013 1542 4070 magnas
1584 3997 1816 4060 incurrit
1858 3999 2010 4054 cala-

417 4091 657 4143 mitates.
686 4088 895 4158 Qnippe
919 4104 1039 4143 cum
1074 4089 1349 4143 hominem
1377 4103 1590 4142 rursum
1618 4089 1824 4144 carceri
1857 4105 2012 4144 man-

416 4182 586 4251 cipari
630 4183 979 4252 praecepisset
1025 4181 1298 4252 princeps,
1360 4182 1725 4251 adessentque
1772 4181 2008 4248 ducturi,

419 4281 593 4348 primo
615 4277 832 4346 quidem
863 4277 1007 4332 haud
1031 4275 1253 4331 multum
1279 4273 1452 4330 abfuit
1482 4275 1611 4344 quin
1641 4273 2009 4348 patriarcbam

417 4385 522 4425 vox
564 4371 843 4426 deﬁceret.
890 4368 1133 4427 Collecto
1177 4371 1394 4427 demum
1443 4371 1659 4440 spiritu,
1705 4368 1777 4426 ad
1825 4370 2010 4441 templi

420 4479 595 4534 usque
619 4462 763 4518 fores
791 4476 1134 4534 progressus,
1173 4478 1201 4515 a
1231 4462 1530 4518 satellitum
1573 4462 1824 4517 manibus
1849 4477 2016 4519 cona-

425 4569 511 4612 tus
536 4566 619 4612 est
652 4557 928 4621 avellere;
976 4570 1210 4624 cumque
1258 4557 1594 4610 reluctarent
1643 4556 1703 4622 ii,
1750 4573 1852 4611 una
1887 4573 2012 4613 cum

421 4636 513 4708 illo
542 4653 626 4722 agi
658 4653 712 4707 in
745 4663 1020 4705 carcerem
1050 4648 1285 4705 volebat.
1314 4646 1445 4704 lude
1478 4658 1650 4704 enata:
1677 4647 1732 4703 in
1768 4648 2015 4706 Ecclesia

419 4743 822 4808 contentiones,
869 4741 987 4810 ipso
1032 4738 1229 4796 Cosma
1270 4743 1322 4794 in
1355 4740 1622 4811 judicium
1664 4750 1879 4809 vocato,
1911 4757 2014 4799 nec

2109 3721 2273 3778 πεταί
2306 3738 2367 3776 σε
2412 3721 2503 3775 διὰ
2533 3719 2693 3775 τοῦτο
2727 3718 2792 3773 τὸ
2828 3718 3121 3788 ποίμνιονς
3181 3716 3562 3789 ’Λπορῤἀγηοι
3600 3718 3710 3786 τῆς

2108 3814 2204 3872 τοῦ
2232 3812 2511 3885 λυμεῶνος
2560 3809 2874 3877 ξυναυλίας.
2895 3809 3086 3881 Ἀνδρὶ
3112 3812 3223 3879 γὰρ
3246 3810 3543 3881 ἀποϐλὴτῳ
3574 3809 3710 3875 ξυν-

2106 3905 2417 3973 οικίζεοθαι
2496 3904 2786 3974 αὐτάρκης
2834 3902 3164 3973 κατηγορία.
3205 3921 3224 3955 ι
3261 3904 3321 3955 Ol
3374 3900 3472 3969 μὲν
3524 3900 3713 3954 ταῦτα.

2109 4002 2210 4059 καὶ
2233 4001 2458 4055 τοιαῦτα
2485 4000 2670 4065 ἔλεγον
2693 4013 2711 4028 ο
2759 3998 2903 4060 ὅσοις
2931 3995 2988 4050 δὲ
3019 3996 3085 4050 δι’
3119 3995 3419 4066 ἀπεχθείας
3453 3997 3482 4048 6
3511 3999 3715 4067 ἀρχιδ-

2115 4096 2242 4168 ρευς
2270 4087 2358 4163 ἦν,
2391 4089 2708 4145 ἀπεσοῶντο
2735 4088 3037 4160 διαρρήδην
3085 4086 3452 4141 ἐπεκαλοῦντό
3486 4105 3545 4141 τε
3578 4087 3714 4152 τοὺς

2110 4183 2250 4240 Θεοῦ
2276 4183 2369 4237 καὶ
2406 4180 2670 4255 βασιλέως
2706 4177 3046 4248 ὀφθαλμούς.
3089 4179 3149 4232 '0
3177 4179 3231 4232 δὲ
3273 4178 3409 4233 ἀλλὰ
3451 4179 3568 4233 τῶν
3606 4180 3711 4249 μὲν

2111 4276 2398 4348 ὀλιγώρως
2445 4271 2560 4348 εἶχε
2623 4273 2965 4337 παντάπασι,
2999 4271 3096 4324 τοῦ
3138 4272 3198 4326 δὲ
3230 4271 3506 4341 Νὴφωνος
3536 4273 3715 4345 ἀπρὶξ

2114 4370 2314 4441 εἴχετο,
2341 4367 2450 4422 οὐδ’
2486 4365 2554 4420 ἂν
2585 4367 2636 4422 εί
2665 4381 2719 4419 τι
2749 4365 2846 4420 καί
2875 4363 3088 4434 γένοιτο
3133 4363 3478 4419 ἀποκλᾶσθαι
3515 4367 3713 4436 ἤθελεν

2116 4459 2319 4518 αὐτοῦ’
2354 4459 2547 4530 ἀμέλει
2574 4460 2666 4512 καὶ
2697 4458 2890 4513 ἔλαθεν
2934 4458 3129 4511 ἑαυτὸν
3168 4460 3236 4530 τῇ
3272 4457 3398 4512 λίαν
3432 4460 3710 4531 ἁπλότητι

2118 4557 2176 4609 ἐν
2203 4533 2266 4608 οὐ
2308 4549 2560 4624 μετρίοις
2605 4547 2930 4621 ξημιωθείς.
2975 4550 3134 4604 Ἐπεὶ
3177 4549 3311 4619 γοῦν
3358 4569 3514 4616 ποτε,
3551 4553 3718 4622 βασι..

2119 4648 2262 4710 λέως
2284 4645 2639 4702 κελεύσαντος
2675 4644 2865 4715 εἱρκτῇ
2922 4644 3017 4697 καὶ
3041 4644 3198 4708 αὖθις
3237 4644 3458 4716 δοθῆναι
3494 4647 3587 4700 τὸν
3614 4647 3716 4702 ἂν-

2123 4743 2364 4816 θρωπον,
2426 4740 2680 4813 παρῆσαν
2736 4739 2788 4792 οί
2847 4738 3038 4793 τοῦτον
3093 4739 3422 4806 ἀπάξοντες,
3481 4741 3543 4793 τὸ
3604 4743 3715 4812 μὲν

421 4848 547 4889 ante
587 4836 657 4889 ab
699 4834 1029 4904 cjuscemodi
1066 4832 1390 4889 tumultibus
1435 4833 1662 4889 liberata
1699 4842 1804 4898 est,
1845 4851 2003 4905 quam

2117 4835 2336 4905 πρῶτον
2370 4832 2569 4906 μικροῦ
2616 4832 2712 4888 καὶ
2753 4832 2834 4896 είς
2867 4830 3109 4902 ἀφασίαν
3139 4832 3540 4901 ἐξεπεπτώκει,
3571 4835 3710 4888 ἀνα-

423 4942 482 4981 se
504 4926 820 4996 Byzantium
857 4925 1152 4994 imperator
1186 4926 1412 4996 recepit,
1439 4939 1599 4995 quem
1633 4927 1699 4980 ad
1737 4926 1876 4982 hanc
1910 4943 2005 4983 us-

423 5036 529 5089 que
574 5020 716 5074 diem
757 5035 843 5075 res
887 5017 1096 5075 bellicae
1144 5020 1514 5075 detinuerant.
1553 5019 1692 5075 Tum
1733 5021 1876 5076 enim
1919 5023 2007 5078 ille

427 5115 626 5169 throno
667 5112 892 5172 excidit.
921 5126 986 5167 eo
1017 5127 1174 5181 quem
1209 5128 1330 5168 mox
1380 5114 1626 5168 dicturus
1663 5130 1781 5168 sum
1825 5116 2007 5171 modo.

426 5205 498 5260 At
542 5202 776 5273 primum
820 5203 1036 5274 quidem
1082 5204 1375 5277 separatim
1419 5205 1676 5275 prazsules
1715 5206 2006 5273 allocutus,

2113 4929 2412 4998 λεξάμενος
2440 4928 2496 4982 δὲ
2536 4927 2729 4980 ἑαυτὸν
2754 4925 2892 4996 πεζῇ
2936 4942 2996 4980 τε
3026 4926 3192 4996 μέχρι
3222 4928 3317 4981 καὶ
3344 4927 3438 4979 ἐπὶ
3467 4929 3571 4998 τὴν
3601 4927 3669 4981 αὖ

2115 5021 2229 5076 λιον
2252 5019 2346 5077 τοῦ
2373 5017 2480 5074 νεὼ
2506 5017 2796 5088 παρελθὼν
2827 5018 3082 5088 ἀποσπᾷν
3115 5020 3387 5089 ἐπεχείρει
3414 5019 3526 5074 τῶν
3557 5022 3712 5075 ἀττα-

2116 5113 2324 5183 γόντων
2347 5111 2439 5167 τὸν
2463 5109 2771 5180 ἄνθρωπον.
2810 5107 2932 5164 Τῶν
2971 5111 3028 5163 δὲ
3061 5111 3161 5164 οὐκ
3190 5111 3509 5166 ἐνδιδόντων
3541 5113 3715 5179 ξυνα-

2117 5205 2391 5276 πάγεσθαι
2422 5203 2598 5274 τούτῳ
2623 5205 2722 5274 τὴν
2751 5205 2843 5257 ἐπὶ
2870 5202 2970 5274 τὴν
3010 5204 3236 5277 εἱρκτὴν
3278 5204 3468 5276 ἤθελε.
3501 5207 3714 5273 Στάσις

1795 5324 1893 5388 Du
1922 5324 2146 5406 Cangii
2178 5332 2370 5389 notae.

503 5430 624 5502 (77)
649 5431 859 5501 Κρίσει
889 5448 954 5486 rs
988 5428 1311 5502 a’vrodmﬁ:
1337 5429 1566 5484 Exstant
1595 5428 1737 5502 apud
1772 5427 2009 5485 Leonem

430 5500 712 5566 Allatium,
772 5506 809 5557 Ι.
864 5520 905 5559 ιι
962 5502 1040 5559 De
1093 5502 1229 5558 ecel.
1279 5500 1467 5557 Occid.
1516 5510 1571 5553 et
1604 5500 1814 5556 Orient.
1855 5516 2010 5570 perp.

431 5588 612 5640 cons.,
639 5589 690 5630 c.
726 5573 815 5642 12,
848 5590 902 5643 p.
937 5574 1064 5641 678,
1093 5571 1377 5645 synodalia
1421 5573 1644 5626 decreta
1683 5571 1791 5626 lata
1825 5587 2012 5628 mense

431 5643 655 5700 Octobri
707 5661 802 5700 an.
840 5647 984 5702 HM
1013 5657 1067 5700 et
1098 5660 1288 5701 mense
1317 5643 1484 5699 Febr.
1514 5642 1655 5696 1145
1690 5659 1717 5694 a
1749 5640 2011 5698 Michaele

434 5713 744 5783 patriarcha
789 5718 894 5789 Cp.
947 5720 1002 5772 in
1033 5714 1341 5789 Niplionem
1396 5713 1740 5789 Bogmnilica:
1788 5713 2011 5769 limresis

436 5781 612 5856 reum,
650 5802 756 5852 quo
809 5781 1070 5844 lectorem
1105 5781 1510 5842 'amnndamus.
1567 5781 1702 5839 Vide
1743 5793 2008 5856 praetcrea

437 5853 643 5915 {Veram
671 5857 933 5916 Biblioth.
972 5858 1201 5924 Labbci,
1228 5874 1278 5925 p.
1314 5858 1432 5914 l9‘).

2195 5428 2310 5500 (78)
2356 5428 2472 5483 Τόν
2523 5446 2587 5483 τε
2642 5428 2932 5499 Ἐϐραίων
2961 5430 3502 5498 ἀποπροσεποιεῖτο
3528 5433 3710 5490 Θεόν.

2115 5500 2245 5556 Inde
2278 5501 2621 5569 putissimum
2657 5503 2722 5554 (le
2777 5501 3037 5566 religione
3071 5517 3235 5568 prave
3267 5504 3476 5557 sentire
3508 5505 3715 5571 depre-

2118 5575 2323 5627 hensus
2359 5581 2442 5625 est
2475 5572 2713 5642 Nipbon,
2756 5573 2900 5635 quod
2932 5577 3182 5625 adstante
3213 5574 3470 5630 universo
3503 5575 3707 5642 synodi

2117 5653 2263 5698 cmtn
2313 5643 2566 5711 ἀνάθεμα
2614 5641 2696 5711 τῷ
2752 5642 2871 5712 Θεῷ
2930 5642 3041 5696 τῶν
3112 5644 3384 5712 Ἐϐραίων
3416 5641 3708 5700 εσιιίὶετίι.

2118 5713 2327 5784 Synod.
2355 5729 2447 5767 an.
2473 5713 2633 5767 ιιιι.
2667 5713 2798 5778 Quis
2825 5723 3003 5768 autem
3032 5713 3365 5768 [Ii'bra'nrum
3397 5713 3534 5768 Deus
3562 5717 3713 5771 εἰὶσε-

2122 5783 2254 5845 tur,
2300 5783 2420 5839 vide
2483 5784 2783 5838 Arnobinm
2836 5783 3108 5855 juniorem
3177 5786 3230 5841 in
3283 5786 3550 5842 Conﬂictu
3581 5801 3714 5843 cum

2120 5855 2416 5921 berapione
2448 5857 2483 5910 Ι.
2519 5872 2533 5911 ι
2567 5855 2740 5910 initio.
