3982 6276
528 348 639 416 391

1849 346 2175 410 JOANNIS
2215 345 2543 409 CINNAMI

3651 348 3741 413 392

531 474 713 521 ratore
741 463 849 535 7o
890 461 1210 518 demandata
1258 471 1377 518 erat
1423 461 1714 534 provincia:
1762 462 2104 536 praefectum.

2213 458 2400 531 χώρας
2434 459 2575 532 πρὸς
2621 457 2887 531 βασιλέως
2922 456 3433 530 ἐμπεπιστευμένος
3464 458 3620 529 ἀρχὴν
3655 460 3743 516 Μι-

528 554 984 626 quemadmodum
1011 554 1060 607 ei
1087 552 1408 624 imperatum
1436 563 1575 619 erat,
1598 552 1903 608 necessaria
1927 551 2106 605 omnia

529 646 987 703 subministravit.
1016 643 1288 715 Posquam
1334 645 1403 700 ad
1444 644 1725 699 Sat-dicam
1755 654 1969 698 ventum
2004 650 2109 710 est,

442 802 449 809 _
527 752 811 793 accessere
840 736 949 791 duo
977 751 1044 791 ex
1080 735 1468 792 illustrioribus
1511 735 1634 800 viri,
1659 735 1750 804 qui
1793 743 1847 791 et
1880 749 1975 789 eos
2012 735 2110 788 bu-

530 829 782 895 maniter,
836 837 895 882 ut
948 844 1047 899 par
1090 839 1228 892 erat,
1269 829 1602 897 exciperent,
1649 836 1702 882 et
1744 834 2107 882 commeatum

528 922 755 991 praeberi
778 929 1055 976 curarent.
1075 920 1223 975 Alter
1246 922 1433 973 horum
1459 919 1558 973 fuit
1581 916 1807 974 Ilicltael
1829 918 2106 985 sebastus,

527 1030 594 1069 ex
624 1013 1044 1084 Palaeologorum
1077 1019 1262 1083 gente,
1292 1014 1372 1066 vir
1406 1013 1624 1084 ingenio
1648 1022 1703 1068 et
1730 1014 1897 1067 multa
1923 1027 2105 1067 rerum

528 1108 860 1176 experientia
892 1116 1175 1175 pt‘a‘stans,
1208 1106 1299 1176 qui
1326 1107 1510 1161 nescio
1535 1104 1678 1176 quod
1710 1108 1779 1160 ob
1811 1104 2016 1160 crimen
2042 1102 2109 1158 ab

528 1200 857 1269 imperatore
903 1196 1113 1251 Joanne
1161 1200 1212 1252 in
1261 1200 1515 1253 exsilium
1562 1208 1739 1264 actus,
1777 1212 1806 1251 a
1860 1196 2109 1253 Manuele

524 1301 814 1345 revocatus
849 1289 1052 1356 fuerat;
1088 1290 1216 1345 huic
1244 1290 1525 1361 deinceps,
1554 1290 1823 1360 rebusque
1853 1289 2111 1345 Romanis

526 1384 950 1441 addictissimus.
1020 1384 1174 1439 Alter
1233 1396 1361 1438 vero
1418 1384 1681 1451 dignitate
1741 1383 2107 1439 chartularius

525 1489 746 1543 operam
794 1490 947 1530 suam
984 1477 1200 1546 utrique
1243 1476 1581 1546 impenderat
1625 1476 1974 1545 imperatori;
2014 1473 2108 1529 sed

525 1566 751 1621 Joannis
792 1567 1094 1636 praesertim
1141 1566 1279 1621 adeo
1328 1566 1503 1620 fuerat
1543 1554 1972 1621 benevolentiam
2016 1581 2109 1620 cx-

524 1671 735 1729 pertus,
786 1670 844 1714 ut
884 1659 1079 1715 Alexio
1110 1672 1239 1714 natu
1277 1659 1511 1714 filiorum
1555 1658 1765 1731 majore
1808 1658 1974 1714 rebus
2007 1657 2108 1725 ltu—

525 1754 698 1809 manis
741 1762 1013 1823 exempto,
1048 1753 1390 1808 mandaverit
1439 1754 1487 1809 ei
1535 1753 1851 1825 imperator,
1884 1760 1943 1806 ut
1984 1758 2109 1822 post

522 1860 808 1901 excessum
834 1861 991 1900 suum
1018 1845 1248 1901 Manueli
1275 1849 1341 1901 ad
1365 1856 1576 1915 sceptra
1602 1855 1795 1902 vocato
1814 1845 2103 1916 imperium

526 1939 842 2008 resignaret.
878 1937 1035 1994 Hunc
1068 1939 1145 1994 illi
1180 1937 1233 1993 in
1266 1937 1426 1994 linem
1468 1938 1750 1995 Sardicam
1781 1952 2105 2005 pervenere.

523 2030 630 2085 Sed
660 2031 805 2086 enim
844 2029 1096 2097 Barbari,
1146 2030 1387 2100 quandiu
1436 2030 1586 2086 fuere
1622 2032 1673 2086 in
1712 2031 1845 2087 locis
1875 2029 2105 2086 difﬁcili.

522 2124 622 2178 bus
656 2124 828 2195 (multi
857 2124 1001 2179 enim
1030 2122 1096 2179 ab
1122 2122 1262 2179 lstro
1285 2123 1507 2179 flumine
1533 2125 1599 2178 ad
1628 2122 1907 2179 Sardicam
1936 2139 2106 2195 usque

522 2215 778 2285 praerupti
826 2215 1090 2278 eminent,
1145 2216 1343 2287 vixque
1392 2230 1499 2270 non
1548 2215 1813 2271 inaecessi
1868 2215 2103 2287 montes)

522 2306 848 2363 incedebant
902 2307 1161 2377 quietius,
1206 2308 1450 2379 nihilque
1494 2308 1564 2365 ab
1609 2309 1676 2365 iis
1716 2319 1928 2379 actum,
1960 2308 2104 2380 quod

525 2397 783 2454 Romanis
849 2396 1178 2466 displiceret.
1233 2398 1305 2454 At
1359 2410 1643 2471 postquam
1696 2399 1929 2473 attigere
1983 2400 2105 2457 loca

520 2492 703 2565 plana,
763 2505 885 2561 quae
938 2490 1219 2561 regionum
1270 2492 1416 2547 circa
1466 2490 1719 2547 Daeicam
1764 2492 2106 2548 diﬂicultates

520 2585 817 2654 excipiunt,
845 2592 958 2638 tum
987 2583 1204 2638 demum
1228 2581 1482 2639 hostilem
1517 2583 1759 2638 animum
1790 2583 2102 2654 prodidere.

521 2676 630 2735 Res
669 2681 874 2751 quippe
908 2677 1129 2734 venales
1174 2676 1571 2749 exponentibus
1620 2675 1854 2746 injustas
1896 2675 2105 2746 injicie-

520 2770 651 2827 bant
675 2784 865 2825 manus
895 2785 912 2825 :
943 2777 999 2825 et
1028 2769 1076 2825 si
1111 2768 1233 2840 quis
1276 2767 1614 2839 rapientibus
1651 2767 1756 2839 71
1789 2767 2102 2834 obsisteret,

518 2876 643 2918 eum
676 2861 938 2917 continuo
979 2874 1113 2917 ense
1158 2858 1582 2917 detruncabant.
1612 2858 1737 2915 Haec
1764 2860 1865 2916 etsi
1910 2875 2105 2934 perpe-

519 2962 819 3021 trarentur,
861 2952 1216 3011 nihilominus
1249 2953 1568 3011 movebatur
1595 2968 1689 3010 rex
1721 2953 2027 3024 Conradus,
2056 2954 2106 3011 si

520 3049 614 3120 qui
652 3057 843 3105 essent
885 3048 978 3119 qui
1018 3057 1395 3119 quererentur,
1435 3061 1538 3102 nec
1582 3048 1856 3118 praebebat
1901 3064 2101 3116 aures;

520 3139 606 3193 vel
636 3135 680 3191 si
704 3134 1064 3203 auscultant,
1100 3134 1414 3206 petulantiae
1441 3134 1495 3190 id
1526 3134 1892 3193 multitudinis
1930 3137 2102 3194 ascri-
2126 3169 2173 3233 ο

520 3228 705 3283 bebat.
762 3226 837 3283 Ea
884 3235 1177 3300 postquam
1222 3228 1293 3284 ad
1346 3229 1732 3300 imperatorem
1779 3242 2098 3298 pervenere,

519 3320 882 3388 Prosucbum,
934 3320 1162 3379 militari
1213 3321 1416 3379 virtute
1463 3326 1844 3395 praelnsignem
1897 3325 2101 3391 virum,

519 3428 645 3470 cum
686 3413 882 3485 raptim
938 3423 1130 3470 coacto
1175 3416 1391 3484 agmine
1438 3416 1701 3473 adversus
1748 3429 1844 3473 eos
1880 3415 2099 3473 mittit:

519 3507 613 3579 qui
656 3506 812 3580 juxta
868 3506 1281 3577 Adrianopolim
1348 3505 1620 3566 Barbaros
1661 3519 1963 3574 assecutus,
1992 3507 2103 3579 pri—

520 3612 670 3654 mum
701 3597 922 3668 quidem
956 3596 1097 3653 haud
1122 3597 1283 3669 longo
1313 3597 1601 3654 intervallo
1644 3599 2097 3671 subsequebatur,

519 3706 586 3746 ac
623 3689 853 3745 subinde
881 3688 1173 3745 coercebat
1214 3690 1573 3746 inordinatius
1621 3693 1963 3762 evagantium
2008 3708 2105 3748 ex.

519 3780 826 3837 cursioues.
886 3778 1127 3836 Tandem
1180 3781 1273 3836 ubi
1321 3794 1417 3838 eos
1467 3781 1614 3838 videt
1664 3798 1827 3853 supra
1880 3785 2100 3839 modum

520 3870 751 3937 feroces,
788 3870 964 3943 palam
1012 3872 1177 3927 etiam
1224 3870 1377 3942 signa
1426 3871 1659 3938 ccttfert,
1697 3873 1791 3929 tali
1824 3875 2097 3931 ocasione.

522 3963 747 4032 Quidam
783 3977 850 4018 ex
891 3962 1280 4019 illustrioribus
1312 3964 1652 4032 Alemannis,
1694 3979 1922 4035 corpore
1971 3965 2102 4023 affe—

520 4068 629 4122 cto,
662 4054 1011 4127 Adrianopoli
1046 4072 1106 4113 se
1136 4055 1190 4110 in
1223 4058 1609 4112 monasterium
1647 4068 1952 4128 receperat,
1974 4074 2098 4115 cum

2210 553 2351 624 χαὴλ
2367 552 2654 624 ἐπώνυμον
2670 554 2885 624 Βρανᾶς
2897 553 3213 624 προὺνοεττο
3226 552 3327 625 ἤδη
3350 550 3460 604 τῶν
3477 552 3748 620 ἀναγκαίων

2208 646 2415 712 αὐτοῖς,
2441 646 2584 701 οὕτω
2609 650 3095 718 προστεταγμένον
3141 644 3312 715 αὐτῷ.
3349 646 3528 717 Μέχρι
3558 645 3645 717 μὲν
3670 642 3747 701 οὖν

2206 737 2306 791 καὶ
2348 737 2442 791 ἐπὶ
2473 738 2748 811 Σαρδικῆς
2796 740 2857 793 ἐν
2890 738 3101 802 τούτοις
3126 733 3291 809 ἦσαν,
3335 739 3464 794 ἔνθα
3494 740 3580 793 καὶ
3616 739 3751 811 ἄνδρε

2205 828 2299 883 δύο
2319 831 2430 883 τῶν
2456 832 2552 886 ἐπὶ
2586 832 2745 903 δόξης
2783 831 3020 904 ἠλθέτην
3042 833 3173 904 παρ’
3207 833 3430 898 αὐτοῦς,
3459 832 3749 904 δεξιωσομέ-

2206 938 2284 976 νω
2309 939 2369 975 τε
2399 924 2469 977 τὰ
2499 924 2688 977 εἰκότα
2722 926 2816 978 καὶ
2843 925 2914 978 τὰ
2944 925 3223 993 ἀναγκαῖα
3252 925 3442 995 σφίσιν
3484 925 3751 996 ἐμποριου-

2212 1012 2379 1083 μένω.
2408 1009 2517 1068 Ἦν
2545 1015 2646 1085 μὲν
2685 1017 2714 1070 δ
2754 1014 2935 1070 αὐτῶν
2973 1016 3193 1089 Μιχαὴλ
3243 1014 3510 1081 σεδαστδς
3554 1018 3611 1069 ὲκ
3655 1016 3750 1069 [Ια-

2210 1104 2547 1177 λαιολόγων,
2601 1107 2740 1181 ἀνὴρ
2789 1108 2991 1171 ίκανῶς
3038 1107 3261 1174 συνετὸς
3297 1110 3393 1163 καὶ
3446 1113 3753 1181 πραγμάτων

2209 1198 2419 1252 πολλῶν
2464 1198 2750 1270 ἔμπειρος,
2782 1198 2842 1263 ὃς
2870 1198 3088 1270 βασιλεῖ
3128 1200 3357 1274 Ἰωάννῃ
3388 1200 3491 1254 οὐκ
3536 1196 3626 1254 οἷδ’
3650 1204 3676 1255 ὅ
3711 1217 3757 1253 τι

2208 1290 2671 1361 προσκεκρουκὼς
2722 1292 2991 1364 πρότερον
3050 1292 3340 1364 ύπερόριός
3387 1309 3449 1346 τε
3498 1292 3584 1347 διὰ
3622 1291 3756 1345 τοῦτο

2206 1381 2452 1452 γεγονὼς
2494 1382 2634 1454 πρὸς
2668 1381 2938 1454 βασιλέως
2964 1384 3284 1438 ἀνεκαλεῖτο
3313 1383 3570 1455 Μανουὴλ
3594 1382 3758 1450 εῦνους

2206 1492 2265 1527 τε
2291 1472 2440 1545 αὐτῷ
2468 1478 2561 1528 καὶ
2614 1477 2725 1538 τοῖς
2758 1473 3050 1546 Ῥωμαίων
3107 1477 3345 1546 μάλιστα
3376 1476 3593 1547 ἐγένετο
3636 1476 3760 1546 πρά-

2206 1581 2432 1634 γμασιν.
2476 1564 2533 1619 '0
2566 1566 2670 1635 μὲν
2695 1567 2760 1639 δὴ
2783 1567 3029 1632 τοιοῦτος
3072 1564 3162 1638 ἦν,
3199 1568 3431 1640 ’Ἄτερος
3461 1568 3519 1621 δὲ
3556 1584 3763 1639 χαρτου-

2206 1655 2391 1727 λάριος
2420 1655 2532 1727 (88)
2568 1656 2670 1728 μὲν
2700 1656 3041 1729 ἀμφοτέροιν
3070 1658 3411 1729 ἐχρημάτισε
3467 1661 3579 1712 τοῖν
3622 1658 3761 1729 βασι·

2208 1745 2373 1801 λέοιν.
2405 1748 2660 1820 Τοσούτῳ
2691 1766 2753 1818 γε
2782 1748 2891 1821 μὴν
2928 1749 3151 1824 Ἰωάννῃ
3198 1749 3411 1820 βασιλεῖ
3429 1751 3765 1814 εὐνούστατος

2211 1840 2436 1908 γέγονεν
2459 1840 2534 1905 ὡς
2558 1840 2720 1895 ὁπότε
2752 1841 2975 1914 ’Δλεξίῳ
3004 1842 3083 1913 τῷ
3104 1843 3468 1914 πρεσϐυτάτῳ
3494 1843 3602 1897 τῶν
3623 1842 3764 1896 υἱέων

2210 1932 2271 1997 ἐξ
2306 1931 2609 2005 ἀνθρώπων
2642 1935 2974 2006 γεγενῆσθαι
3013 1934 3235 2008 ξυνέϐη,
3284 1936 3558 2006 ἐνσκῆψαι
3588 1938 3637 1992 οἱ
3687 1939 3767 1991 τὸν

2211 2024 2439 2094 βασιλέα
2469 2025 2609 2096 μετά
2630 2025 2889 2097 τελευτὴν
2918 2028 3020 2099 τὴν
3061 2027 3228 2081 αὐτοῦ
3262 2027 3355 2081 τὸν
3403 2028 3659 2102 Μανουὴλ
3687 2029 3767 2082 ἐπὶ

2210 2115 2280 2170 τὰ
2305 2117 2561 2187 σκῆπτρα
2609 2116 2836 2172 καλέσαι
2872 2118 2967 2173 καὶ
2996 2118 3095 2191 τὴν
3148 2119 3433 2189 βασιλείαν
3468 2122 3766 2193 ἐγχειριεῖν.

2212 2210 2277 2264 Ol
2307 2212 2405 2282 μὲν
2437 2206 2534 2265 οὖν
2558 2210 2763 2265 τούτων
2809 2212 2973 2266 ἕνεκα
3018 2214 3114 2267 ἐπὶ
3154 2212 3254 2286 τὴν
3292 2214 3570 2287 Σαρδικὴν
3598 2210 3768 2287 ἦλθον.

2211 2306 2277 2359 υί
2305 2304 2363 2359 δὲ
2381 2303 2656 2378 Βάρϐαροι
2678 2306 2842 2376 μέχρι
2873 2304 2975 2376 μὲν
3001 2306 3061 2359 ὲν
3086 2306 3414 2380 δυσχωρίαις
3435 2304 3576 2380 ἦσαν
3597 2305 3775 2379 (πολλά

2212 2397 2322 2470 γὰρ
2336 2396 2401 2451 ἐκ
2427 2396 2520 2452 τοῦ
2554 2398 2801 2469 ποταμοῦ
2830 2398 3041 2470 Ἴστρου
3071 2398 3201 2470 ἀχρι
3246 2400 3341 2454 καὶ
3371 2400 3469 2455 ἐπὶ
3518 2399 3775 2472 Σαρδικὴν

2210 2486 2313 2559 δρη
2330 2488 2515 2559 ἀνέχει
2551 2487 2732 2558 ὑψηλὰ
2764 2490 2858 2543 καὶ
2879 2490 3071 2554 δεινῶς
3107 2490 3328 2561 ἀόατα),
3381 2495 3508 2565 σιγῇ
3554 2508 3617 2547 τε
3662 2494 3776 2546 επο-

2213 2578 2435 2653 ρεύοντο
2472 2582 2570 2635 καὶ
2590 2580 2745 2635 οὐδὲν
2777 2581 2861 2636 δτι
2899 2581 3195 2654 Ῥωμαίοις
3247 2582 3310 2637 οὗ
3367 2584 3516 2639 κατά
3566 2583 3778 2656 γνώμην

2212 2674 2451 2731 ἐποίουν.
2489 2676 2641 2730 Ἐπεὶ
2698 2675 2757 2731 δὲ
2808 2678 2933 2740 ταῖς
2982 2676 3231 2732 πεδιάσιν
3271 2678 3371 2750 ήδη
3421 2679 3688 2752 ὡμίλουν,
3727 2677 3781 2734 ιιι

2213 2766 2391 2821 πολλὰ
2421 2768 2491 2822 τὰ
2519 2766 2863 2840 δυσπρόσοδα
2895 2767 3007 2825 τῶν
3038 2768 3185 2825 κατά
3214 2769 3314 2841 τὴν
3346 2772 3595 2845 Δακικῂυ
3618 2772 3785 2828 διαδι-

2212 2876 2397 2931 χονται
2424 2859 2663 2933 χωρίων,
2697 2862 3066 2933 παραφαίνειν
3096 2862 3287 2918 λοιπὸν
3311 2863 3375 2919 τὸ
3404 2864 3673 2937 δυσμενὶς
3700 2865 3787 2937 ἦρι

2211 2952 2401 3021 ξαντο.
2430 2955 2544 3018 τοῖς
2585 2970 2647 3008 τε
2689 2954 2813 3008 κατ’
2836 2954 3113 3025 ἐμπορίαν
3143 2955 3213 3010 τὰ
3241 2952 3379 3011 ὥνια
3409 2956 3608 3028 σφίσιν
3656 2958 3788 3013 ἀποο

2210 3044 2413 3101 διδοῦσι
2439 3049 2601 3120 χεῖρα
2623 3047 2886 3102 ἐπέϐαλον
2916 3048 3102 3105 ἄδικον
3123 3066 3139 3082 ο
3172 3048 3237 3123 [Ρ
3295 3048 3390 3124 40]
3421 3051 3533 3106 κάν
3558 3068 3643 3115 τις
3685 3049 3790 3105 ἀπ-

2212 3143 2556 3212 ισχυρίσαιτο
2589 3140 2725 3212 πρὸς
2753 3139 2854 3213 τὴν
2891 3140 3175 3213 ἁρπαγὴν,
3214 3141 3408 3197 τοῦτον
3430 3143 3489 3199 δὲ
3516 3142 3790 3216 ῥομφαίας

2205 3233 2366 3305 ἔργον
2408 3233 2680 3288 ἐτίθεσαν.
2713 3233 2782 3287 Ὀ
2812 3248 2870 3286 τε
2897 3233 2999 3304 ῥὴξ
3047 3233 3324 3306 Κοῤῥάδος
3367 3235 3787 3309 dventan

2202 3316 2380 3386 πάντη
2411 3316 2519 3370 τῶν
2554 3316 2858 3385 γινομένων
2890 3310 3006 3387 εἶχε
3054 3318 3149 3373 καὶ
3187 3318 3303 3381 τοῖς
3350 3317 3723 3373 ἐπικαλοῦσιν
3760 3316 3792 3387 ἢ

2200 3411 2321 3467 οὐδὲ
2352 3412 2641 3483 προσεῖχεν
2670 3409 2831 3475 ὅλως,
2858 3409 2895 3482 ἢ
2937 3411 3035 3465 καὶ
3057 3408 3313 3483 προσχὼν
3339 3413 3406 3482 τῇ
3430 3410 3534 3467 τοῦ
3560 3410 3794 3482 πλήθους

2200 3502 2483 3575 ἀλογιστία
2536 3502 2598 3558 τὸ
2653 3505 2762 3557 πᾶν
2810 3504 3186 3576 ἀπεγράφετο.
3243 3503 3469 3558 Τούτων
3535 3502 3796 3575 βασιλεὺς

2202 3593 2458 3667 ἀκηκοὼς
2513 3593 2831 3666 στράτευμα
2879 3588 2913 3669 ᾖ
2960 3593 3159 3665 τάχους
3189 3590 3338 3667 εῖχεν
3389 3595 3515 3669 ἅμα
3550 3596 3797 3666 Προσοῦχ

2202 3686 2361 3756 ἀνδρὶ
2392 3686 2793 3757 ὲμπειρομὰχῳ
2851 3685 2988 3740 κατ’
3036 3684 3212 3739 αὐτῶν
3236 3686 3517 3757 ἐπεμψεν.
3565 3689 3668 3751 Ὃς
3709 3686 3800 3740 καὶ

2200 3775 2392 3847 ιπειδὴ
2419 3777 2555 3847 περὶ
2584 3775 2737 3830 πόλιν
2771 3774 3051 3847 Ἀδριανοῦ
3077 3775 3290 3842 τούτοις
3311 3778 3605 3849 συνέμιξε,
3637 3778 3799 3849 μέχρι

2204 3868 2305 3940 μέν
2330 3884 2477 3933 τινος
2503 3866 2611 3921 ἀπὸ
2638 3868 2980 3933 διαστάσεως
3028 3868 3235 3937 εἵπετο,
3258 3869 3360 3933 τὰς
3388 3870 3681 3934 ἀτάκτους
3709 3868 3802 3923 τοῦ

2202 3960 2442 4029 πλήθους
2479 3958 2855 4032 ἀνασειράζων
2881 3961 3080 4032 ὁρμάς.
3124 3961 3215 4025 Ὧς
3254 3961 3311 4015 δὲ
3342 3961 3438 4018 καὶ
3458 3963 3563 4017 ἀπὶ
3598 3961 3804 4032 μᾶλλον

2202 4053 2645 4126 θρασυνομένους
2674 4052 2872 4114 αὐτοὺς
2909 4053 3078 4127 ἑώρα,
3112 4053 3208 4108 καί¹
3256 4052 3533 4125 πολεμίας
3590 4054 3702 4127 ἤδη
3749 4054 3804 4107 ὲν

519 4147 785 4216 pecuniis,
812 4146 1031 4216 alioque
1061 4148 1206 4202 omni
1237 4157 1517 4218 apparatu.
1554 4148 1606 4203 ω
1636 4149 1867 4205 Romani
1895 4150 2103 4223 aliquot

2207 4147 2279 4219 τῷ
2300 4148 2537 4219 ἐμφανεῖ
2570 4145 2828 4218 συνέμιξε
2860 4148 3051 4219 χεῖρας
3077 4147 3370 4211 ἀπἀίτίας
3396 4146 3657 4204 τοιᾶσδε.
3680 4145 3801 4199 Τῶν

521 4238 724 4294 milites
756 4253 825 4294 ex
860 4239 1200 4310 pedestribus
1235 4240 1479 4297 numeris
1512 4242 1847 4313 subodorati,
1874 4242 2102 4301 domici-

2207 4258 2323 4295 τινα
2357 4240 2773 4313 ἑπισημοτέρων
2812 4240 3131 4310 Ἀλαμανῶν
3163 4239 3227 4312 (ι)
3255 4239 3693 4312 μαλακισθέντα
3744 4236 3804 4291 τδ

520 4330 676 4398 lium,
699 4331 985 4401 ipsumque
1004 4332 1141 4386 adeo
1162 4342 1423 4403 :egrotum
1449 4333 1570 4403 igne
1596 4334 1813 4391 subdito
1831 4344 2096 4405 cremant,

2207 4333 2364 4407 σῶμα
2382 4335 2638 4404 σεμνεῐόν
2664 4350 2716 4388 τι
2737 4326 2853 4404 εἷχε
2885 4336 2994 4388 τῶν
3024 4333 3127 4389 ἀνὰ
3153 4333 3254 4404 τὴν
3284 4332 3443 4388 πόλιν
3500 4330 3802 4406 Ἀδριανοῦ

522 4424 709 4492 sicque
738 4422 985 4493 pecuniis
1032 4424 1341 4491 potiuntur.
1370 4421 1543 4489 Quam
1592 4440 1705 4480 rem
1753 4427 1845 4483 ubi
1893 4430 2103 4498 accepit

2207 4425 2301 4482 σύν
2328 4443 2389 4480 τε
2417 4426 2665 4499 χρήμασι
2678 4426 2777 4480 καὶ
2807 4427 3090 4499 ἀποσκευῇ
3117 4427 3182 4497 τῇ
3213 4424 3397 4497 πάσῃ·
3431 4424 3474 4481 a
3506 4425 3807 4498 φωράσαν-

522 4510 869 4578 Fredericus,
904 4512 1136 4570 Conradi
1171 4530 1238 4570 ex
1269 4514 1439 4572 fratre
1482 4530 1677 4587 nepos,
1718 4516 1882 4573 homo
1923 4518 2103 4574 incre-

2207 4520 2296 4583 τές
2323 4535 2466 4583 τινες
2507 4518 2797 4589 Ῥωμαίων
2822 4516 2933 4572 τῶν
2953 4518 3020 4574 ἐκ
3046 4516 3288 4582 πεζικῶν
3316 4516 3673 4587 καταλόγων
3695 4516 3807 4585 πῦρ

522 4603 760 4660 dibiliter
783 4605 953 4667 ferox.
980 4607 1179 4675 impetu
1206 4608 1517 4674 vehemens,
1534 4608 1786 4681 elatoque
1806 4612 2096 4667 admodum

2207 4630 2265 4667 τε
2288 4614 2354 4684 τῇ
2400 4613 2701 4682 καταγωγῇ
2739 4608 2963 4680 ὑφῆψαν
3018 4611 3242 4664 καὶτὸν
3299 4609 3610 4680 ἄνθρωπον
3661 4608 3806 4663 οὕτω

521 4695 741 4763 animo,
802 4697 1209 4768 Adriatmpolitn
1269 4712 1499 4769 propere
1557 4704 1817 4769 revertit,
1877 4705 2102 4761 duorum

2207 4702 2715 4775 προσαπολέσαντες
2762 4703 2833 4755 τὰ
2886 4703 3147 4774 χρήματα
3186 4700 3366 4770 ἔσχον.
3425 4703 3527 4765 Ὠς
3564 4698 3669 4756 οὖν
3724 4702 3806 4761 είς

522 4784 720 4841 itinere
751 4787 963 4843 dierum
996 4788 1304 4843 Conradum
1346 4799 1703 4860 praevertens,
1734 4808 1798 4848 ac
1828 4805 2102 4851 monaste-

2207 4795 2373 4859 ἀκοάς
2397 4792 2709 4867 Φρεδερίκῳ
2732 4792 2846 4863 {89)
2881 4794 2943 4847 τὸ
2978 4794 3204 4863 γεγονὸς
3236 4790 3369 4865 ἦλθε
3399 4793 3484 4865 τῷ
3511 4792 3805 4866 Κορράδου

522 4878 688 4941 rium.
720 4879 774 4933 in
810 4894 919 4948 quo
955 4880 1188 4948 primum
1217 4881 1512 4937 diverterat
1546 4882 1896 4951 Alemannus,
1923 4885 2104 4941 incen-

2207 4885 2488 4955 ἀδελφιδῷ,
2531 4884 2687 4956 ἀνδρὶ
2720 4883 2811 4940 ὑπ’
2860 4884 3220 4957 ἀσυμμέτρου
3253 4884 3564 4949 αὐθαδείας
3590 4887 3700 4956 τήν
3748 4900 3808 4937 τε

522 4970 622 5033 dit,
654 4970 843 5039 sicque
874 4970 997 5025 belli
1038 4970 1380 5028 occasionem
1410 4973 1670 5029 Romanis
1703 4976 1865 5030 simul
1895 4992 1957 5031 ac
1986 4980 2102 5035 suis

2207 4979 2375 5052 δρμὴν
2396 4976 2684 5047 ἀκαοέκτῳ
2726 4976 2823 5032 καὶ
2868 4976 3127 5041 επιεικῶς
3168 4978 3554 5048 φρονηματίᾳ,
3590 4977 3807 5046 σπουδῇ

522 5059 778 5131 praebuit.
862 5060 1174 5119 l’rosucitus
1246 5063 1410 5133 igitur
1481 5066 1685 5123 idcirco
1752 5068 2099 5126 Fredericum

2207 5071 2529 5143 παλίνορσος
2557 5071 2651 5125 sui.
2683 5070 2781 5141 τὴν
2804 5068 3085 5142 Ἀδριανοῦ
3109 5065 3237 5142 ἦλθε
3260 5070 3442 5125 καίτοι
3475 5071 3643 5126 δυοῖν
3670 5069 3811 5142 ὴμέο

1869 5189 1961 5253 Du
1992 5192 2221 5276 Cangii
2248 5199 2435 5256 notae.

2352 5316 2541 5387 Adfuit
2563 5315 2795 5387 egregius
2836 5312 3076 5389 [P.MO]
3131 5315 3441 5389 Fridericus
3499 5319 3625 5371 dua:
3676 5315 3810 5371 Sue-

2351 5457 2536 5526 £qua
2554 5473 2649 5511 suo
2665 5465 2855 5528 patruo
2874 5458 3003 5528 regit
3021 5458 3231 5528 agmina
3255 5387 3717 5527 Teutolggg:gr’rt,

2349 5528 2603 5585 Hostibus
2632 5527 2906 5597 ingeritur,
2932 5527 3161 5599 protegit
3190 5530 3301 5599 ipse
3336 5527 3547 5597 forum.

1793 5640 2076 5703 Cornelii
2109 5642 2299 5706 Tollii
2339 5650 2528 5706 notm.

520 5825 551 5865 τ
589 5738 657 5866 ff)
710 5737 835 5798 Τῶν
884 5752 1020 5793 τινα
1074 5734 1529 5810 ἐπισημοτέρων
1589 5740 1961 5812 ’Δλαμανῶν.
2036 5742 2104 5799 Ai

552 5827 581 5866 ο
610 5827 650 5865 ι.

2207 5742 2416 5801 Nicetas
2459 5755 2765 5827 eosnstum
2814 5746 2959 5805 hunc
3006 5747 3179 5807 fuisse
3224 5751 3370 5824 regis
3422 5751 3621 5823 ipsius
3654 5754 3814 5815 Con-

594 5307 707 5381 (88)
738 5309 979 5379 ’Ἁτερος
1027 5309 1099 5381 δὲ
1150 5311 1615 5381 χαρτουλάριος.
1685 5312 1924 5374 Basilius
1956 5315 2109 5372 Tzit-

520 5380 748 5447 ziluces,
781 5382 847 5435 de
877 5396 983 5448 quo
1020 5380 1265 5447 Nieetas,
1293 5384 1327 5438 ι.
1360 5399 1396 5449 t,
1438 5400 1491 5437 ιι.
1531 5385 1581 5436 1.

592 5450 705 5524 (8_9)
744 5450 1093 5524 φρεδερίκῳ.
1123 5453 1179 5507 Id
1234 5455 1406 5524 ipsum
1440 5452 1607 5509 refert
1639 5452 1885 5524 Nicetas,
1910 5453 1948 5512 l.
1976 5471 2018 5524 l,
2055 5474 2114 5514 n.

526 5522 587 5593 5,
605 5521 933 5579 Ὼοιείτίὰυε
971 5522 1175 5577 Viterb.
