4046 6284
470 270 576 336 4⁸23

1728 265 2052 330 JOANNIS
2087 265 2415 331 CINNAMI

3619 267 3725 336 42‘

474 385 695 456 Scythis
741 391 954 455 captum
986 382 1154 438 fuisse
1177 390 1413 437 castrum
1446 379 1726 452 diximus),
1754 396 1927 451 neque
1963 396 2051 437 res

2159 384 2311 438 σιλέα
2342 385 2807 457 μεταπέμπεσθαι
2836 388 3027 445 τοῦτον
3057 388 3297 456 ἀκούων,
3351 410 3369 443 ι
3413 391 3477 446 Εἰ
3523 391 3733 462 βασιλεῖ

473 485 676 529 nostrae
714 475 802 529 hic
834 491 863 528 a
914 472 1171 528 Barbaris
1202 474 1425 541 direptae
1464 487 1561 544 pro
1593 470 1748 527 libitu
1782 482 1836 529 et
1861 473 2070 528 ablata?

472 566 724 622 fuissent.
770 584 789 617 ι
850 562 929 619 Ad
964 566 1078 620 haec
1127 564 1278 618 aiunt
1322 566 1655 635 indignatum
1709 567 2055 633 respondisse

472 658 770 729 principem
813 676 827 711 :
861 676 878 707 ι
923 655 1036 710 Non
1065 655 1166 709 sim
1196 670 1296 725 ego
1326 655 1434 720 ille,
1466 656 1550 709 cui
1588 656 1850 713 divinitus
1874 669 1904 709 ε
1940 655 2052 713 Deo

472 749 729 803 col-latum
783 758 864 802 est
895 744 1262 800 Romanorum
1289 746 1594 815 imperium,
1636 746 1738 801 nisi
1768 745 2053 809 confestim

470 838 712 893 audacize
736 834 847 908 95.
876 850 1065 905 pinnas
1096 834 1346 889 dederint
1370 835 1605 905 Scyllne.
1650 852 1670 888 ι
1710 834 2055 907 Quapropter

476 931 743 1000 reliquum
797 929 1067 983 exercitus
1115 942 1180 982 eo
1220 926 1340 991 loci,
1369 937 1422 979 et
1449 928 1513 981 ad
1544 929 1685 996 ripas
1721 938 1903 983 castra
1940 944 2054 983 me-

473 1033 647 1079 tatum
680 1022 916 1092 reliquit.
948 1021 1069 1091 lpse
1142 1021 1267 1091 quia
1301 1021 1560 1086 nondum,
1594 1022 1671 1075 uti
1700 1021 1905 1077 dictum
1946 1030 2053 1090 est,

472 1121 814 1174 advenerant
869 1130 1057 1189 naves,
1126 1116 1326 1185 aptatis
1377 1117 1743 1185 connexisque
1806 1116 1947 1170 inter
1995 1130 2056 1171 se

472 1210 689 1274 lembis,
749 1222 872 1261 cum
930 1210 1262 1277 quingentis,
1328 1222 1390 1261 ex
1427 1206 1491 1261 iis
1549 1207 1637 1276 qui
1673 1206 1772 1261 sibi
1804 1208 2052 1273 aderant,

472 1299 668 1379 istrum
716 1301 1029 1369 superavit:
1064 1314 1296 1366 cumque
1352 1298 1493 1353 ultra
1549 1300 1706 1354 vellet
1732 1300 2050 1369 procedere,

476 1398 547 1466 in_
596 1398 730 1449 duos
762 1394 897 1449 alios
960 1393 1297 1463 navigabiles
1365 1390 1555 1448 ﬂuvios
1587 1392 1896 1449 incidit.Ut
1924 1408 2054 1448 vero

472 1489 676 1545 nullum
715 1488 786 1543 ibi
836 1487 1083 1559 apparuit
1127 1487 1421 1557 navigium,
1446 1500 1553 1555 quo
1586 1485 1650 1538 ad
1683 1484 2053 1554 trajectiouem

474 1593 742 1648 uteretur,
796 1582 908 1634 suis
941 1577 1247 1649 imperavit,
1279 1588 1335 1630 ut
1386 1576 1653 1631 actuarias
1682 1591 1801 1646 qua:
1830 1576 1883 1629 iu
1914 1575 2054 1631 Istro

470 1682 628 1729 erant
656 1673 811 1742 equis
832 1673 1137 1743 alligarent,
1167 1682 1331 1739 atque
1383 1670 1455 1723 ita
1488 1671 1552 1722 ad
1577 1668 1769 1724 ﬂuvios
1802 1678 2052 1724 transve-

471 1768 685 1822 herent.
707 1736 837 1831 iQuo
867 1736 1029 1827 iacto,
1086 1736 1255 1817 nullo:
1290 1762 1473 1818 labore
1534 1760 1881 1831 traiecerunt.
1909 1760 2052 1817 Loco
2086 1736 2127 1791 Β

470 1858 662 1914 deinde
682 1856 919 1925 spatioso
938 1855 1274 1918 transmisso,
1306 1853 1372 1907 ad
1404 1842 1639 1907 montem
1677 1869 1850 1922 usque
1874 1854 2052 1925 (τένου

469 1946 683 2021 ὅρμον),
742 1946 833 2016 qui
892 1944 1328 2017 Tauroscytbicte
1382 1942 1579 2000 ﬁnibus
1617 1945 2057 2014 adjacet,perve-

470 2038 621 2103 nere.
652 2047 727 2101 lbi
756 2060 878 2101 cum
910 2059 1078 2097 vacua
1107 2058 1330 2113 prorsus
1380 2056 1444 2097 ac
1477 2044 1689 2098 deserta
1720 2044 2053 2099 invenissent

471 2135 799 2210 Bu-ytharum
852 2145 1032 2191 castra
1097 2136 1242 2203 (nam
1271 2133 1341 2187 illi
1393 2134 1555 2203 paulo
1596 2144 1721 2190 ante
1746 2150 1806 2189 se
1834 2136 1957 2191 inde
1976 2151 2051 2192 re-

472 2231 756 2303 ceperant)
786 2229 1010 2285 ulterius
1062 2218 1502 2301 progrediuntur.
1557 2229 1734 2286 Medio
1761 2240 1939 2286 autem
1965 2231 2053 2289 die

468 2341 590 2379 cum
644 2340 712 2379 ex
769 2323 1019 2378 hostibus
1075 2338 1234 2378 nemo
1290 2332 1595 2394 appareret,
1656 2322 1907 2397 Scythas,
1957 2326 2049 2397 qui

470 2414 727 2469 Romanis
753 2412 1075 2479 militabant,
1107 2414 1285 2484 seligit
1335 2415 1652 2483 imperator,
1689 2425 1743 2469 et
1766 2414 2049 2484 Giphardo

468 2507 631 2571 duce,
677 2505 797 2560 viro
856 2508 933 2560 rei
992 2506 1238 2561 militaris
1298 2506 1652 2577 peritissimo,
1712 2507 1897 2575 mittit,
1931 2519 2046 2562 uta

471 2611 625 2669 tergo
684 2598 1001 2654 insisterent
1041 2598 1314 2665 hos-tibus,
1371 2601 1499 2655 etsi
1534 2600 1757 2656 daretur
1810 2603 2046 2669 occasio,

468 2705 663 2745 manus
703 2698 1076 2755 consererent,
1126 2690 1252 2742 dum
1315 2688 1429 2759 ipse
1457 2689 1603 2746 lento
1641 2690 1846 2747 interea
1880 2693 2046 2761 gradu

469 2783 914 2851 subsequeretur.
986 2778 1233 2857 Nondum
1275 2780 1564 2851 plurimum
1637 2793 2049 2852 consumpserat

467 2875 679 2929 itineris
709 2871 1038 2942 Giphardus,
1067 2887 1187 2927 cum
1217 2873 1271 2927 in
1311 2873 1495 2928 hostes
1543 2872 1750 2928 incidit.
1778 2873 1881 2930 Sed
1912 2892 2048 2945 pra:-

468 2968 596 3021 lium
623 2964 961 3021 committere
1000 2980 1104 3020 non
1128 2979 1312 3031 ausus,
1345 2967 1487 3035 quod
1511 2965 1668 3036 longe
1701 2968 2047 3023 numerosior

2157 478 2270 531 τῶν
2304 479 2428 533 καθ’
2456 481 2605 551 ἡμᾶς
2632 480 2852 552 ἔμελεν,
2878 479 3053 546 εἶπεν,
3079 482 3179 538 οὐκ
3208 485 3275 537 ἂν
3303 483 3331 537 δ
3362 500 3422 537 τε
3452 484 3733 553 Δεμνίτζι-

2158 588 2257 635 tto;
2288 570 2434 626 ἑάλω
2465 571 2629 644 (οὕτω
2655 572 2766 644 γὰρ
2795 574 2856 627 τὸ
2889 577 3000 638 τοῖς
3044 575 3302 640 Σκύθαις,
3348 573 3538 646 ὥσπερ
3576 577 3743 646 εἴρηθ’

2154 680 2269 725 ται,
2334 664 2553 736 αἱρεθέν
2610 664 2928 737 ὠνομάζετο
2983 666 3294 739 φρούριον),
3346 668 3441 720 καὶ
3486 669 3557 722 τά
3605 668 3727 721 καθ’

2154 754 2305 825 ἡμᾶς
2341 756 2478 829 πρὸς
2512 757 2622 812 τῶν
2653 756 2960 831 Βαρϐάρων
3000 759 3123 812 κατ’
3167 756 3421 823 ἐξουσίαν
3455 758 3619 831 ῆγετό
3670 774 3729 811 τε

2157 850 2251 902 καὶ
2309 849 2558 921 ἐφέρετο.
2602 868 2622 903 ι
2674 850 2908 919 Λέγεται
2943 851 3124 906 τοίνυν
3163 852 3300 922 πρὸς
3334 851 3507 905 ταῦτα
3536 851 3729 921 διηγα-

2156 942 2470 1011 νακτηκότα
2500 941 2592 995 τὸν
2624 940 2853 1013 βασιλέα
2885 959 2904 993 ι
2944 942 3055 997 Ναὶ
3084 942 3173 1012 δὴ,
3208 943 3399 1009 φάναι,
3430 941 3505 1013 μὴ
3534 941 3602 995 ἂν
3627 943 3729 995 αύ-

2155 1034 2248 1097 τδς
2279 1034 2444 1104 εἵην,
2497 1028 2542 1103 ᾧ
2597 1036 2668 1089 τὰ
2732 1035 3023 1105 Ῥωμαίων
3086 1035 3272 1090 θεόθεν
3329 1035 3730 1103 ἐπιτέτραπται

2136 1127 2488 1196 πράγματα,
2518 1128 2568 1181 εί
2605 1116 2687 1197 μὴ
2707 1127 2906 1181 αὐτίκα
2930 1126 3040 1179 τῶν
3068 1128 3493 1199 τετολμημένων
3520 1126 3729 1181 Σκύθαι

2153 1215 2386 1273 δώσουσι
2425 1220 2604 1283 δίκας.
2640 1239 2661 1273 ι
2689 1220 2783 1274 Διδ
2804 1220 2866 1290 δὴ
2903 1220 2965 1275 τὸ
2989 1218 3090 1290 μὲν
3114 1219 3301 1273 λοιπὸν
3330 1218 3422 1273 τοῦ
3466 1218 3732 1289 στρατεύ-

2159 1326 2333 1379 ματος
2367 1310 2533 1364 αύτοῦ
2565 1328 2670 1365 που
2700 1313 2794 1365 καὶ
2823 1313 2917 1367 ἐπὶ
2963 1316 3087 1377 ταῖς
3123 1312 3312 1384 ὄχθαις
3362 1314 3730 1383 ένστρατοπευ

2153 1403 2479 1475 δευσόμενον
2502 1404 2708 1469 ἔλιπεν,
2726 1404 2887 1469 αὐτὸς
2918 1406 2975 1460 δὲ
3000 1407 3104 1460 τῶν
3122 1406 3261 1460 νεῶν
3274 1405 3335 1460 ού
3347 1424 3450 1471 πω,
3472 1405 3728 1474 καθάπερ

2154 1497 2369 1567 εἴρηται
2404 1498 2754 1568 ἀφικομένων
2779 1498 2906 1562 τοὺς
2937 1498 3173 1570 λέμϐους
3196 1497 3445 1569 ἀλλήλοις
3463 1498 3729 1569 ξυνδήσας

2155 1589 2251 1645 καὶ
2288 1590 2675 1661 ἁρμοσάμενος
2708 1593 2807 1645 σὺν
2838 1590 3219 1656 πεντακοσίοις
3244 1591 3355 1644 τῶν
3385 1588 3526 1660 ἀμφ’
3562 1588 3729 1642 αὑτὸν

2154 1682 2247 1737 τὸν
2287 1680 2502 1754 Ἴστρον
2550 1683 2701 1754 διέϐη
2752 1698 2769 1714 ⁶
2808 1683 3018 1756 μέλλων
3081 1700 3142 1739 τε
3201 1683 3535 1754 ἐπίπροσθεν
3588 1681 3728 1735 ίέναι

2155 1773 2312 1828 δυσὶν
2343 1773 2524 1840 ἄλλοις
2558 1774 2880 1845 ἐντυγχάνει
2921 1776 3188 1845 ποταμοῖς
3226 1772 3602 1846 ναυσιπόροις.
3638 1772 3726 1835 Ὠς

2151 1865 2249 1923 οὖν
2276 1869 2489 1941 οὐδαμῆ
2532 1868 2827 1939 λεμὸάδιον
2872 1867 3108 1923 ενταῦθα
3140 1868 3469 1937 διεφαίνετο,
3499 1859 3546 1935 ᾦ
3593 1867 3731 1939 χρή-

2156 1980 2310 2018 σαιτο
2351 1964 2417 2019 ἄν
2449 1981 2534 2028 τις
2565 1967 2624 2030 ές
2662 1964 2763 2035 τὴν
2802 1964 3133 2035 περαίωσιν,
3172 1962 3395 2017 ικέλευε
3434 1965 3550 2027 τοῖς
3600 1961 3727 2033 περὶ

2152 2057 2317 2113 αὐτὸν
2359 2061 2477 2119 τοῖς
2506 2057 2618 2111 τῶν
2674 2056 2859 2111 ίππων
2898 2056 3144 2130 οὐραίοις
3189 2058 3260 2112 τὰ
3286 2056 3383 2111 ιπι
3420 2058 3500 2127 τῷ
3528 2057 3729 2127 Ἴστρῳ

2152 2149 2356 2219 ἀκάτια
2415 2152 2782 2223 ξυνὸήσαντας
2820 2151 2902 2215 είς
2936 2150 3063 2215 τοὺς
3101 2150 3429 2224 είρημένους
3464 2147 3726 2220 μετάγειν

2148 2236 2263 2289 τῶν
2318 2234 2603 2305 ποταμῶν.
2666 2233 2740 2290 Οὔ
2795 2236 3087 2303 γεγονότος
3139 2237 3379 2306 ἀμογητὶ
3427 2235 3721 2298 διέσαινον,

2151 2322 2333 2397 χῶρόν
2382 2324 2443 2377 τέ
2497 2341 2619 2379 τινα
2665 2323 2875 2397 δολιχὸν
2907 2314 3297 2395 διαμείψαντες
3331 2326 3461 2395 ἄχρι
3496 2325 3592 2380 καὶ
3633 2325 3726 2377 ἐπὶ

2148 2417 2273 2486 ὅρος
2291 2415 2449 2469 τένου
2463 2416 2632 2485 ὅρμον
2661 2411 2846 2487 ἦλθον,
2866 2415 3000 2487 ὅπερ
3026 2415 3194 2487 ἀγχοῦ
3221 2415 3331 2468 τῶν
3346 2414 3723 2486 Ταυροσκυθιο

2150 2511 2257 2580 κῆς
2276 2510 2446 2581 ὁρίων
2466 2509 2675 2580 ἀνέχει.
2708 2508 2878 2561 Ἔνθα
2904 2509 2962 2561 τὸ
2982 2508 3093 2561 τῶν
3110 2508 3335 2561 Σκυθῶν
3358 2506 3725 2577 στρατόπεδον

2150 2605 2363 2676 ἀνδρῶν
2396 2604 2749 2658 παντάπασιν
2780 2603 2990 2673 ἔρημον
3014 2602 3313 2673 εὑρηκότες
3344 2600 3572 2671 (ᾤχοντο
3614 2601 3726 2671 γὰρ

2148 2698 2209 2749 οὐ
2238 2696 2422 2765 πολλῷ
2454 2696 2728 2768 πρότερον
2772 2694 3054 2764 ἀπιόντες)
3088 2694 3425 2765 προσωτέρω
3454 2690 3721 2763 ἐχώρουν.

2162 2786 2316 2841 Ἐπεὶ
2347 2786 2402 2840 δὲ
2431 2788 2573 2856 ἀμφὶ
2609 2786 2785 2855 μέσην
2806 2784 3027 2856 ’ἡμέραν
3060 2782 3161 2855 ἤδη
3184 2779 3261 2855 ’ἦν
3291 2782 3387 2837 καὶ
3429 2782 3606 2845 οὐδεὶς
3632 2781 3722 2835 οὺ-

2147 2877 2294 2950 δαμῆ
2328 2879 2605 2947 πολεμίων
2640 2874 2984 2945 διεφαίνετο,
3018 2873 3233 2937 Σκύθας
3267 2873 3393 2936 τοὺς
3418 2874 3538 2926 ὅσοι
3584 2874 3722 2926 Ῥω-

2150 2972 2333 3043 μαίοις
2365 2970 2787 3041 ξυνεστράτευον
2836 2968 3245 3037 ἀπολεξάμενος
3294 2965 3547 3037 βασιλεὺς
3590 2966 3721 3019 ὑπο-

471 3061 836 3119 Barbarorum
871 3060 976 3115 sibi
1012 3060 1289 3114 videretur
1320 3060 1486 3125 acies,
1543 3059 1925 3130 imperatorem
1950 3076 2046 3130 per

2151 3061 2550 3137 στρατηγοῦντι
2599 3061 2894 3134 Γιφάρδῳ,
2944 3060 3107 3133 ἀνδρὶ
3164 3058 3420 3131 πολέμων
3466 3059 3721 3132 ἐμπείρῳ

470 3151 709 3218 nuntios,
764 3160 823 3206 ut
871 3148 1160 3208 confestim
1212 3150 1320 3223 95
1352 3153 1658 3215 accederet,
1714 3152 2044 3208 sollicitavit.

2149 3155 2385 3219 πολλῶν,
2438 3154 2639 3211 αὐτοὺς
2699 3154 2798 3226 μὲν
2865 3152 3043 3207 ὀπίσω
3088 3151 3197 3206 τῶν
3244 3150 3525 3220 πολεμίων
3581 3150 3718 3204 ίέναι

470 3245 568 3302 liis
622 3245 883 3316 acceptis,
935 3258 1083 3298 arma
1139 3246 1399 3298 continuo
1450 3244 1912 3314 induitprinccps,
1961 3260 2049 3299 ar-

474 3346 653 3392 tnatur
700 3339 925 3408 perinde
970 3346 1026 3391 et
1092 3345 1238 3394 totus
1278 3338 1571 3392 exercitus.
1628 3335 1750 3391 Mox
1818 3352 1848 3391 a
1896 3347 2048 3407 tergo

468 3430 699 3501 Scythas
744 3428 907 3484 simul
964 3429 1161 3494 udOI‘li,
1231 3444 1353 3486 cum
1385 3428 1453 3483 iis
1502 3443 1694 3485 manus
1731 3440 2046 3485 conserunt.

468 3522 651 3578 Primo
712 3521 926 3593 quidem
993 3530 1193 3577 stetere
1244 3520 1478 3592 Scythas,
1540 3521 1689 3577 velut
1745 3520 2045 3579 subeuntes

467 3619 788 3685 excepturi;
828 3631 892 3671 ac
938 3613 993 3669 in
1037 3613 1355 3685 phalangem
1405 3615 1667 3683 ordinati,
1729 3615 1949 3671 voluere
1990 3622 2049 3669 ut

468 3710 695 3774 auxilia,
725 3718 836 3763 tum
871 3723 968 3777 pro
994 3722 1074 3774 se,
1113 3718 1224 3764 tum
1258 3723 1355 3777 pro
1381 3710 1556 3779 praeda
1582 3724 1745 3780 quam
1780 3687 2046 3778 fecerant,

469 3802 679 3869 primos
726 3800 957 3871 impetus
1005 3803 1356 3857 snstinereut.
1400 3798 1649 3856 Validum
1680 3803 1955 3873 utrimque
1988 3804 2049 3858 iit
2081 3802 2085 3805 ’

468 3892 732 3963 ρταιιίιιιη.
764 3890 1083 3961 Complures
1124 3892 1351 3947 Romani
1393 3893 1649 3963 praeclare
1671 3893 1831 3949 factis
1864 3894 1935 3948 ibi
1964 3895 2047 3971 inf

471 3988 741 4050 claruerc,
772 3983 1017 4055 atquein
1046 3983 1236 4055 primis
1262 3985 1574 4055 imperator.
1608 3983 1863 4039 Hostibus
1901 3985 2045 4040 enim

468 4077 715 4132 cominus
736 4075 937 4130 acriter
964 4077 1303 4146 urgentibus,
1344 4076 1461 4147 ipse
1492 4076 1737 4132 invectus
1757 4074 1914 4131 hasta
1933 4077 2047 4133 dis-

468 4168 629 4223 solvit
695 4164 967 4221 coni'ertos
1023 4166 1376 4236 pugnantium
1409 4166 1671 4233 ordines;
1726 4180 1903 4237 neque
1929 4168 2044 4221 sin-

464 4260 688 4331 gulatim
742 4260 1027 4323 duntaxat;
1087 4260 1181 4313 sed
1229 4267 1284 4314 et
1326 4258 1484 4314 binos
1526 4259 1689 4315 simul
1752 4260 2043 4327 interdum,

466 4354 653 4407 multis
704 4366 893 4407 eorum
944 4350 1119 4405 caesis.
1191 4349 1270 4405 lla
1299 4352 1500 4406 invicto
1540 4351 1795 4422 principis
1842 4353 2042 4424 impetu

2148 3249 2418 3321 επεμψεν,
2449 3247 2949 3318 ίχνοσκοπήσοντά;
2983 3262 3044 3299 τε
3077 3244 3174 3298 καὶ
3203 3244 3311 3316 ὅπη
3332 3244 3538 3299 δυνατὰ
3564 3241 3717 3297 ἔσται

2151 3342 2598 3415 μαχησομένους,
2650 3340 2817 3405 αὐτὸς
2870 3338 2928 3394 δὲ
2964 3338 3203 3393 κατόπιν
3254 3336 3555 3408 ἐπορεύετο
3597 3353 3721 3407 σχο-

2146 3438 2448 3507 λαιότερον.
2473 3436 2589 3489 Οὐκ
2619 3436 2700 3497 είς
2724 3433 2964 3505 μακρὰν
2991 3428 3089 3486 οὖν
3115 3431 3146 3485 ό
3170 3430 3448 3503 Γιφάρδος
3476 3431 3593 3494 τοῖς
3625 3448 3719 3484 πο-

2147 3528 2360 3596 λεμίοις
2408 3523 2824 3595 ἐντετυχηκὼς,
2861 3522 3055 3594 ἔπειδὴ
3088 3523 3164 3596 μὴ
3199 3523 3428 3594 eodem
3462 3525 3531 3593 τῇ
3581 3539 3717 3593 συμ-

2148 3620 2280 3691 ϐολῇ
2320 3619 2404 3690 (τὸ
2432 3618 2539 3689 γὰρ
2573 3617 2885 3688 Βαρὸάρων
2925 3617 3133 3687 πλῆθος
3171 3615 3412 3688 ἀριθμοῦ
3464 3621 3721 3687 κρεῖσσον

2148 3712 2299 3785 αὐτῷ
2360 3710 2690 3782 κατεφάνη),
2746 3707 2971 3779 πέμψας
3002 3709 3111 3763 ιιπι
3154 3709 3245 3762 τὸν
3290 3706 3515 3780 βασιλέα
3564 3708 3720 3779 ἥκειν

2137 3807 2315 3862 ,αὑτὸν
2348 3806 2451 3877 τὴν
2479 3805 2745 3876 ταχίστην
2776 3804 2969 3859 ἐδεῖτο.
3016 3801 3203 3859 Ταῦτα
3231 3800 3420 3873 ἐπειδὴ
3464 3801 3722 3871 βασιλεὺς

2147 3901 2407 3972 ἤκουσεν,
2440 3900 2601 3961 αὑτός
2627 3914 2688 3951 τε
2718 3896 2860 3968 πρὸς
2887 3896 3003 3959 τοῖς
3029 3894 3216 3959 ὅπλοις
3255 3894 3454 3949 αὐτίκα
3498 3894 3723 3962 ἐγένετο

2148 3995 2245 4050 καὶ
2309 3994 2373 4048 τὸ
2441 3992 2761 4067 στράτευμα
2821 3986 3123 4055 ἐξώπλιστο
3167 3988 3335 4042 ἅπαν.
3403 3986 3615 4041 Ὀπίσω
3660 4004 3719 4041 τε

2148 4083 2374 4140 Σκυθῶν
2436 4081 2729 4146 διώξαντες
2780 4079 2861 4141 είς
2914 4079 3103 4147 χεῖρας
3154 4077 3254 4148 ἤδη
3310 4071 3477 4147 ἦλθον
3513 4077 3719 4139 αὐτοῖς.

2146 4176 2355 4231 Σκύθαι
2387 4174 2569 4229 τοίνυν
2605 4174 2667 4226 τὸ
2708 4171 2808 4243 μὲν
2841 4170 3062 4241 πρῶτον
3099 4169 3337 4240 ἔστησάν
3374 4186 3434 4223 τε
3469 4168 3548 4231 ὥς
3582 4170 3717 4224 ὑπο-

2146 4269 2426 4338 δεξόμενοι
2453 4266 2593 4335 σφᾶς
2632 4265 2729 4318 καὶ
2758 4266 2815 4327 ἐς
2853 4262 3121 4331 φάλαγγα,
3141 4258 3435 4332 ταξάμενοι
3463 4261 3719 4331 βοήθειαν

2152 4360 2301 4430 σφῶν
2326 4376 2386 4412 τε
2417 4357 2598 4411 αὐτῶν
2632 4359 2727 4410 καὶ
2770 4346 2849 4409 ὧν
2891 4354 3164 4425 ἐπήγοντο
3200 4352 3463 4424 λαφύρων
3503 4371 3718 4427 προποα

466 4445 803 4513 proturbatis
846 4443 1112 4510 hostibus,
1166 4442 1396 4499 Romani
1444 4444 1653 4515 viribus
1709 4445 1933 4517 integris
1963 4448 2043 4501 in-

2149 4452 2357 4508 νεῖσθαι
2384 4448 2595 4522 ἧθελον,
2622 4448 2658 4518 ἡ
2687 4464 2746 4500 τε
2789 4446 3032 4517 ξυμσολὴ
3086 4447 3428 4518 ἑκατέρωθεν
3467 4448 3565 4502 σὺν
3594 4449 3719 4501 ὠθι-

463 4551 741 4610 grnentes,
778 4548 943 4592 totam
968 4538 1139 4593 aciem
1159 4551 1470 4607 perrupere.
1493 4534 1719 4591 Plurimi
1746 4545 1858 4591 tum
1894 4539 2045 4594 ceci-

465 4638 593 4687 dere
620 4632 1008 4699 Barbarorum,
1071 4641 1285 4686 centum
1318 4631 1537 4684 circiter
1587 4630 1752 4699 capti,
1791 4639 1957 4700 atque
1990 4632 2042 4686 in

466 4728 532 4781 iis
595 4724 860 4784 Lazarus.
916 4724 1083 4779 animi
1117 4727 1308 4779 robore
1358 4732 1641 4793 praestans,
1665 4731 1717 4777 et
1744 4722 1885 4777 inter
1908 4722 2043 4797 Scy-

2146 4546 2270 4617 σμῷ
2318 4545 2413 4598 καὶ
2444 4541 2537 4614 βία
2561 4534 2789 4609 ἐγίνετο.
2819 4539 2950 4593 Ὀτε
2976 4539 3039 4611 δὴ
3071 4540 3257 4592 πολλοὶ
3292 4538 3391 4609 μὲν
3427 4538 3523 4592 καὶ
3566 4541 3715 4595 ἄλλοι

2154 4637 2451 4709 Ῥωμαίων
2517 4635 2714 4704 ἄνδρες
2776 4634 3027 4701 ἐγένοντο
3090 4632 3312 4702 ἀγαθοὶ,
3359 4630 3617 4704 βασιλεὺς
3660 4632 3713 4686 δὲ

2141 4728 2361 4782 πάντων
2391 4724 2646 4797 μάλιστα.
2673 4722 2759 4796 [Ρ.
2784 4721 2875 4795 55]
2902 4722 3022 4775 Τῶν
3048 4722 3158 4795 γὰρ
3184 4723 3461 4794 πολεμίων
3488 4724 3713 4793 ἔγγιστα

465 4818 639 4872 thicos
676 4816 1001 4889 phylarchus
1056 4816 1403 4884 conspicuus.
1461 4812 1721 4883 Reliquos
1774 4829 2040 4885 equorum

2149 4820 2487 4890 ἐγκειμένων
2522 4816 2779 4889 ἰσχυρῶς,
2809 4817 2977 4881 αὐτὸς
3016 4818 3117 4871 σὺν
3145 4817 3223 4888 τῷ
3253 4818 3442 4889 δόρατι
3485 4816 3715 4871 ἐπελαύ-

461 4911 636 4963 virtus
676 4918 731 4961 et
777 4910 941 4963 densa
1018 4910 1303 4973 montium,
1338 4908 1427 4975 qui
1452 4908 1753 4977 cowplures
1783 4907 1856 4962 ibi
1892 4918 2035 4975 sunt,

462 5016 790 5065 servavere;
830 5001 1060 5053 llontani
1101 5010 1303 5065 autem,
1327 4995 1623 5069 postquam
1654 5010 1844 5054 cuncta
1868 5000 2039 5069 pabu-

464 5098 755 5154 lationibus
810 5098 1250 5167 absumpserant,
1298 5107 1443 5150 retro
1494 5098 1687 5152 deinde
1737 5106 2038 5156 cesserunt.

465 5191 585 5257 Quo
614 5200 725 5245 tum
775 5200 1019 5257 tempore
1053 5186 1213 5243 Sotas
1276 5188 1383 5254 ille,
1420 5202 1581 5259 quem
1601 5204 1797 5259 genere
1824 5200 1878 5244 et
1908 5189 2045 5243 divi-

468 5285 557 5339 tiis
615 5283 1042 5355 praepollentem,
1100 5294 1157 5335 ut
1212 5281 1468 5347 diximus,
1510 5290 1765 5352 ceperant
1806 5282 2043 5353 Scythae,

464 5387 678 5443 arrepta
708 5374 1020 5439 occasione,
1053 5372 1176 5442 fuga
1211 5374 1263 5428 in
1288 5384 1465 5428 castra
1498 5374 1763 5441 pervenit.

2143 4933 2251 4967 νων
2295 4914 2388 4966 τὸν
2436 4913 2819 4981 συνασπισμὸν
2871 4911 3057 4973 αὐτοῖς
3106 4910 3286 4975 ἔλυεν,
3336 4914 3399 4965 οὐ
3443 4910 3570 4965 καθ’
3618 4912 3712 4965 ινα

2149 5003 2329 5073 μόνον,
2350 4999 2467 5053 ἀλλ’
2489 4999 2590 5071 ἤδη
2617 5000 2711 5052 καὶ
2729 4998 2923 5054 σύνδυο
2946 4998 3176 5062 πολλοὺς
3200 4999 3427 5055 ἐκείνων
3460 5001 3714 5054 ἀποκτιν-

2139 5095 2254 5158 νύς.
2283 5091 2450 5147 Ὅθεν
2494 5092 2588 5145 καὶ
2634 5091 2713 5162 τῷ
2746 5092 3109 5162 ἀνυποστάτῳ
3144 5091 3245 5162 τῆς
3294 5092 3566 5162 βασιλέως
3608 5109 3711 5147 πα·

2146 5183 2602 5257 ρακξκινημένων
2661 5183 2865 5255 ὁρμῆς,
2931 5182 3197 5255 Ῥωμαῖοι
3265 5183 3710 5257 ὁλοσχερέστερον

2143 5281 2266 5335 κατ’
2298 5276 2480 5332 αὐτῶν
2511 5275 2894 5344 ἐπιϐρίσαντες
2932 5273 3190 5347 λαμπρὰν
3224 5277 3325 5348 ἤδη
3358 5277 3462 5349 τὴν
3498 5280 3709 5345 ιπαγω·

2150 5374 2253 5445 γὴν
2284 5368 2526 5424 ἐποίουν.
2555 5370 2751 5421 Πολλοὶ
2778 5368 2873 5437 μὲν
2904 5364 2998 5423 οὖν
3022 5367 3327 5439 Βαρϐάρων
3350 5369 3549 5425 ἔπεσον
3571 5412 3586 5437 ,
3617 5370 3705 5424 έάο

461 5466 643 5521 λωσαν
668 5466 726 5521 δὲ
758 5468 854 5520 καὶ
881 5469 960 5531 είς
986 5468 1180 5520 ἑκατὸν
1212 5465 1482 5537 μάλιστα,
1525 5469 1582 5519 ὲν
1612 5463 1694 5528 οἷς
1730 5467 1826 5520 καὶ
1885 5465 2140 5536 Λάζαρος
2177 5460 2269 5537 ἦν,
2314 5463 2455 5537 ἀνὴρ
2521 5463 2615 5516 ἐπὶ
2676 5462 2930 5517 πλεῖστον
2972 5462 3072 5534 μὲν
3112 5462 3361 5535 ἀνδρείας
3410 5465 3582 5535 ἢχων,
3620 5462 3704 5518 ἐπὶ

458 5562 577 5622 τοῖς
604 5562 664 5614 ὲν
708 5559 863 5629 σφίσι
902 5559 1202 5635 φυλάρχοις
1246 5558 1590 5630 ἀπόϐλεπτος
1652 5556 1729 5611 ὢν
1765 5573 1779 5587 °
1812 5559 1942 5621 τοὺς
1984 5558 2029 5611 δ’
2072 5557 2472 5619 άλλου;ἴππων
2496 5574 2555 5611 τε
2585 5559 2755 5628 ἀρετὴ
2816 5558 2911 5611 καὶ
2969 5557 3027 5611 τὸ
3089 5557 3198 5613 τῶν
3234 5558 3382 5629 ὀρῶν
3418 5558 3705 5613 διεσώσατο

460 5654 671 5720 λάσιον,
701 5654 739 5707 ἃ
766 5652 896 5723 τῇδε
933 5652 1103 5707 πολλὰ
1134 5653 1533 5723 παρατέταται,
1588 5652 1853 5723 Ῥωμαῖοι
1913 5652 1970 5705 δὲ
2027 5653 2094 5706 τὰ
2136 5653 2202 5704 ἐκ
2233 5650 2515 5724 προνομῆς
2545 5650 2863 5723 ἀνελόμενοι
2890 5651 3069 5706 πάντα
3091 5652 3270 5707 ὀπίσω
3307 5652 3495 5707 λοιπὸν
3514 5650 3705 5721 duxti:-

465 5760 614 5814 ρουν,
663 5746 753 5798 ὅτε
784 5744 853 5813 δὴ
878 5746 975 5799 καὶ
1004 5744 1175 5807 Σόιας
1216 5745 1445 5807 ἐκεῖνος,
1478 5744 1537 5797 ὃν
1571 5744 1788 5816 πλούτῳ
1839 5761 1899 5799 τε
1936 5744 2033 5798 καὶ
2069 5746 2244 5813 γένει,
2276 5741 2528 5813 καθάπερ
2561 5741 2799 5816 εἴρηται,
2825 5744 3170 5816 διενεγκόντα
3224 5744 3703 5819 ἀνδραποδισθῆναι

464 5838 701 5901 Σκύθαις
762 5837 984 5910 ξυνέϐη,
1028 5836 1213 5900 ἀδείας
1260 5835 1561 5908 λαϐόμενος
1614 5838 1794 5907 φυγὰς
1842 5838 1933 5891 ἐπὶ
1968 5838 2027 5890 τὸ
2070 5836 2436 5907 στρατόπεδον
2467 5831 2623 5909 ἦλθε.
