4046 6284
460 390 571 458 437

1690 378 2239 450 HISTORIARUM
2282 388 2431 452 LIB.
2467 386 2583 454 III.

3609 395 3721 463 ωδ
3748 426 3751 429 .

465 517 787 582 κατασκοπῇ
817 516 963 565 τινες
980 500 1232 573 δρομαῖοι
1255 500 1312 563 ἐς
1334 499 1424 553 τὸν
1449 494 1674 569 βασιλέα
1695 495 1883 570 ἦλθον,
1916 518 2046 570 συγ..

2151 502 2334 573 pallidi
2370 507 2714 574 nuntiarunt,
2747 509 3092 567 innumerum
3122 510 3174 577 in
3223 509 3449 587 adversa
3478 513 3590 583 ripa
3618 513 3723 570 ﬂu-

461 607 799 680 κεκομμένοι
849 613 910 649 τε
968 595 1068 668 τὴν
1124 597 1307 667 φωνὴν
1355 596 1450 649 καὶ
1495 596 1681 675 δεινῶς
1734 595 2043 667 ὠχριῶντες

460 693 701 769 ἀριθμοῦ
744 690 981 763 κρείσσω
1020 689 1209 759 ελεγον
1241 689 1505 761 στρατιὰν
1534 696 1627 748 ἐπὶ
1685 691 1891 760 θάτερα
1948 690 2043 744 τοῦ

462 797 715 862 ποταμοῦ
773 784 870 837 ἐπὶ
921 776 1205 853 φάλαγγος
1258 786 1536 849 ἵστασθαι,
1584 785 1683 857 οὐχ
1727 785 1851 839 ὅσον
1886 784 2045 857 μόνον

459 888 753 957 ἐγχώριον,
786 875 922 931 ἀλλὰ
958 879 1051 932 καὶ
1088 878 1283 952 μόριόν
1314 897 1365 934 τι
1394 882 1561 951 φῦλον
1597 880 1944 952 συμμαχικὸν
1981 879 2046 933 εκ

462 994 523 1030 τε
556 978 772 1031 Οὕννων
809 977 1020 1030 ἱππέων
1064 975 1153 1027 καὶ
1184 975 1249 1045 δὴ
1282 975 1382 1028 καὶ
1418 974 1532 1029 τῶν
1559 974 1690 1046 παρ’
1718 975 1902 1040 αὐτοῖς
1929 976 2047 1030 ἑτε-

465 1068 831 1140 ροδοξούντων
870 1067 1173 1122 Χαλισίων.
1216 1065 1434 1120 Οὕννων
1453 1065 1564 1138 γὰρ
1601 1065 1670 1121 τὰ
1699 1064 2047 1138 Χριστιανῶν

460 1161 897 1231 πρεσϐευόντων,
922 1155 1071 1215 οὗτοι
1091 1160 1409 1222 Μωσαῑκοῖς
1431 1159 1526 1213 καὶ
1548 1158 1761 1223 τούτοις
1785 1159 1845 1213 οὐ
1868 1159 2047 1228 πάντη

459 1255 825 1325 ἀκραιφνέσιν
847 1254 1017 1308 εἰσέτι
1074 1252 1170 1308 καὶ
1196 1251 1294 1306 νῦν
1316 1252 1657 1322 διεξάγονται
1686 1252 1895 1323 νόμοις.
1914 1251 2050 1306 Τού-

459 1344 595 1420 τους
631 1366 690 1402 τε
726 1346 821 1401 οὖν
845 1347 1160 1418 Δαλμάταις
1191 1344 1587 1416 συστρατεύειν
1633 1345 1819 1414 ἔλεγον
1858 1346 1951 1398 καὶ
1982 1343 2047 1416 δὴ

463 1442 565 1493 καὶ
594 1439 982 1505 Πετζινὰκους.
1017 1437 1208 1492 Ταῦτα
1248 1438 1440 1508 ἐπειδὴ
1483 1438 1736 1509 βασιλεὺς
1793 1440 2046 1511 ἤκουσεν,

464 1534 868 1605 ἐνωησάμενος
915 1532 989 1603 μή
1027 1547 1080 1585 τι
1118 1531 1209 1585 καὶ
1247 1530 1522 1601 βιασθεῖεν
1544 1532 1883 1605 ὀλίγοιπρδς
1921 1533 2050 1587 πολ·

463 1625 579 1683 λῶν
608 1624 985 1689 κυκλωθέντες
1048 1625 1308 1694 Ῥωμαῖοι
1354 1624 1403 1676 οἳ
1445 1624 1783 1695 ἐπίπροσθεν
1821 1624 2050 1698 ἔπορεύο

464 1737 611 1793 οντο,
662 1718 1072 1795 ,συντονώτερον
1124 1718 1358 1792 ἠλαυνεν
1406 1717 1645 1785 ἐπείγων
1697 1719 1925 1774 ἔπεσθαι
1957 1720 2049 1787 καὶ

465 1813 561 1871 τὸν
585 1792 987 1883 σημειοφόρον’
1029 1812 1152 1866 insi
1184 1811 1229 1865 δ’
1271 1813 1479 1875 ἐκεῖνος
1515 1813 1855 1882 κεκμηκότος
1898 1810 2048 1881 αὐτῷ

464 1906 566 1958 τοῦ
599 1905 766 1957 ἵππου
810 1905 972 1978 σχολῇ
1004 1903 1107 1973 τὴν
1141 1904 1257 1959 όδὸν
1289 1906 1553 1969 ἐποιεῖτο,
1587 1905 1750 1969 αὐτὸς
1795 1905 2046 1977 βασιλεὺς

463 1997 565 2066 τὴν
598 1996 841 2067 σημαίαν
872 1996 1164 2051 ἀναλαϐὼν
1208 1997 1502 2068 κατεταχει
1562 1997 1650 2052 τὸν
1682 1998 1902 2069 δρόμον,
1949 1996 2045 2053 ἐπί

464 2090 613 2152 τινός
656 2108 716 2143 τε
748 2091 1037 2162 περιωπῆς
1059 2090 1299 2162 γεγονὼς
1338 2093 1533 2146 ἑαυτόν
1564 2109 1625 2148 τε
1656 2093 1804 2155 ὅστις
1832 2091 1917 2164 εἴη
1950 2094 2047 2147 καὶ

462 2186 529 2236 τὸ
554 2185 782 2254 σημεῖον
829 2184 1004 2238 ἐδίδου
1050 2185 1343 2257 γνωρίζειν
1375 2187 1507 2248 τοὺς
1555 2184 1907 2247 ἀντιπάλους.
1952 2186 2045 2242 Ἐν

462 2275 646 2346 τούτῳ
690 2275 745 2328 δὲ
772 2275 867 2329 καὶ
897 2276 946 2328 οἱ
971 2274 1256 2349 τοξοφόροι
1311 2277 1404 2331 τὸν
1441 2279 1687 2349 ποταμὸν
1723 2278 2046 2349 κατειληφό-

462 2385 561 2431 τες
592 2368 963 2438 ἀντιμέτωποι
994 2370 1304 2438 Δαλμάταις
1356 2372 1595 2427 ἵσταντο.
1627 2372 1752 2425 Ἐπὶ
1795 2372 2048 2429 πλεῖστον

465 2458 525 2511 δὲ
549 2458 823 2530 οὐδέτεροι
858 2454 946 2534 [Ρ.
980 2460 1068 2534 62]
1089 2463 1267 2534 μάχης
1292 2464 1588 2535 ἀρχόμενοι
1623 2466 1800 2537 ἡσυχῆ
1831 2465 2044 2536 ἔμενον.

464 2550 625 2604 Ἐπεὶ
655 2552 712 2605 δὲ
735 2539 841 2624 ’ἤδη
870 2555 902 2624 ἡ
939 2554 1204 2625 βασιλέως
1226 2557 1413 2622 αὐτοῖς
1439 2557 1666 2631 διεφάνη
1701 2559 2045 2629 σημαία,τῆς

465 2661 528 2697 τε
555 2646 807 2716 γεφύρας
841 2647 1142 2718 ἀπέσχοντο
1185 2649 1467 2721 Δαλμάται
1519 2654 1616 2707 καὶ
1678 2652 1865 2705 ἄδειαν
1916 2652 2051 2706 Ῥωέ

400 2772 409 2779 ι
476 2739 655 2806 μαίοις
695 2737 935 2793 ἐδίδοσαν
972 2737 1404 2811 ἀκροϐολισμοῦ.
1473 2741 1538 2796 Ὃ
1576 2743 1738 2811 γνοὺς
1794 2741 2051 2813 βασιλεὺς

477 2832 718 2901 (ἑστήκει
784 2833 892 2903 γὰρ
940 2833 1147 2888 ἄνωθέν
1207 2834 1393 2899 ποθεν,
1452 2822 1651 2905 ὥσπερ
1689 2835 1924 2907 εἴρηται,
1981 2836 2051 2891 τὰ

467 2923 832 2993 πρασσόμενα
886 2925 1191 2998 κατανοῶν)
1243 2927 1441 2998 ἤλαυνε
1499 2928 1595 2981 καὶ
1634 2926 1795 2989 αὐτὸς
1833 2928 1909 2990 ὠς
1953 2926 2051 2982 σὺν

464 3015 650 3077 αὐτοῖς
674 3017 764 3069 τὸν
792 3017 1037 3087 ποταμὸν
1069 3018 1487 3088 διαϐησόμενος.
1523 3015 1633 3072 Ἦν
1664 3018 1794 3089 γὰρ,
1830 3018 1904 3081 ὦς
1960 3036 2049 3089 μοι

467 3107 725 3173 πολλάκις
751 3110 972 3181 ἐρρέθη,
995 3110 1271 3180 δαιμόνιόν
1297 3129 1420 3165 τινα
1447 3112 1543 3166 καὶ
1574 3113 1830 3181 ἀνδρείας
1862 3115 2050 3189 πρόσω

462 3201 671 3270 τρόπον
724 3202 791 3253 τὰ
821 3204 876 3265 ἐς
916 3204 1015 3266 τὰς
1051 3203 1230 3273 μάχας
1259 3204 1621 3276 κεκινημένος
1666 3206 1778 3261 ἀεί.
1830 3206 2046 3275 Δαλμά-

2158 3219 2282 3263 runt
2336 3208 2582 3264 hostibus
2639 3224 2653 3261 :

463 3312 556 3349 ται
592 3293 647 3347 δὲ
668 3296 847 3349 καίτοι
873 3296 976 3349 ὑπὸ
999 3296 1391 3367 εὐαριθμήτων
1418 3297 1741 3367 διωκόμενοι
1779 3314 2051 3368 στρατιω-

469 3383 584 3439 τῶν
612 3384 840 3452 ἔφευγον
892 3386 1043 3456 ὅμως
1080 3384 1183 3450 ἓως
1214 3388 1270 3439 ὲν
1315 3387 1652 3459 δυσχωρίαις
1671 3388 1943 3458 ἐγένοντο.
1977 3389 2051 3443 Τὸ

441 3464 519 3531 ’δὲ
544 3477 654 3547 ἀπο
677 3477 830 3533 τοῦδε
857 3479 1287 3557 ἐπιστραφέντες
1320 3481 1487 3549 όμὸσε
1525 3479 1737 3546 τούτοις
1780 3481 2047 3553 ἐχώρουν,

465 3568 743 3639 ξυμϐολῆς
792 3587 853 3622 τε
908 3571 1210 3641 γενομένης
1269 3571 1443 3640 ὀλίγοι
1495 3570 1554 3636 ἐξ
1594 3574 1800 3642 ἀμφοῖν
1832 3573 2045 3629 ἔπεσον.

468 3659 882 3733 Δαλμάταιγὰρ
924 3663 1026 3732 τῆς
1064 3662 1331 3732 βασιλέως
1381 3664 1694 3734 αἰσθόμενοι
1746 3666 2049 3737 παρουσίας

463 3752 735 3819 διελύοντο
755 3753 934 3818 αὖθις,
973 3753 1236 3825 Ῥωμαῖοί
1263 3773 1323 3809 τε
1348 3756 1641 3825 φεύγουσιν
1661 3756 1747 3810 ἀεὶ
1769 3758 2048 3829 ἐφεπόμε-

467 3860 550 3898 νοι
582 3844 812 3909 πολλοὺς
853 3846 1100 3901 Παιόνων
1133 3864 1194 3901 τε
1246 3846 1342 3903 καὶ
1386 3846 1565 3901 αὐτῶν
1598 3847 1871 3904 ἔκτειναν.
1914 3848 2045 3903 Ὅτε

465 3934 534 4005 δὴ
553 3936 596 3991 Γ
597 3936 857 4009 ουρδέσης
884 3956 938 3991 τε
966 3941 1058 3992 καὶ
1084 3939 1424 4004 Βουλτζῖνος,
1447 3940 1610 4011 ἄνδρε
1629 3941 2046 4011 ὀνομαστοτάτω

465 4028 560 4080 ἐπὶ
591 4028 925 4099 Δαλμάταις,
964 4031 1069 4085 ὑπὸ
1101 4030 1201 4095 τὰς
1247 4032 1538 4103 Ῥωμαίων
1586 4033 1883 4106 ἐγενέσθην
1929 4037 2046 4105 χεῖ-

478 4138 600 4191 ρας.
620 4123 884 4187 Βασιλεὺς
914 4125 969 4178 δὲ
999 4127 1128 4196 περὶ
1164 4125 1409 4190 πλείονος
1438 4126 1534 4180 τοῦ
1566 4127 1757 4181 λοιποῦ
1786 4129 2043 4193 ἐποιεῖτο,

2150 596 2313 652 minis
2344 597 2607 656 instructa
2641 603 2761 658 acie
2790 613 2938 657 stare
2984 602 3323 671 exercitum;
3364 618 3543 673 neque
3572 606 3719 662 illum

2150 701 2361 748 tantum
2410 710 2476 749 ex
2530 696 2821 768 indigenis,
2850 697 2945 751 sed
2991 697 3318 752 immensum
3358 698 3524 754 etiam
3557 700 3721 767 alium

2148 802 2214 844 ex
2250 786 2603 844 auxiliaribus
2632 789 2803 860 copiis
2836 789 3129 847 conﬂatum
3185 791 3483 860 praesertim
3507 789 3724 862 Bunga-

2148 884 2279 939 ricis
2307 882 2603 952 equitibus.
2628 892 2684 940 et
2713 885 2809 954 qui
2846 884 2985 953 apud
3019 883 3139 941 illos
3170 884 3401 940 diversae
3432 895 3563 941 sunt
3596 886 3722 940 reli.

2148 975 2325 1047 gionis
2355 975 2630 1031 Chalisiis.
2658 973 2931 1049 [iungaris
2980 979 3176 1049 quippe
3208 976 3573 1034 Christianam
3606 994 3722 1045 am-

2150 1070 2344 1141 plexis,
2405 1070 2493 1124 isti
2554 1068 2807 1127 Mosaicis
2858 1072 3067 1144 legibus
3124 1072 3297 1139 iisque
3346 1087 3449 1126 non
3499 1073 3721 1127 omnino

2150 1163 2399 1233 genuinis
2432 1164 2734 1221 etiamnum
2783 1166 2991 1223 vivunt.
3020 1162 3129 1219 Hos
3159 1164 3321 1234 igitur
3352 1174 3411 1223 ut
3460 1173 3516 1220 et
3552 1162 3725 1219 Petti-

2154 1272 2318 1314 nacas
2370 1258 2634 1318 Dalmatis
2693 1260 2984 1331 adiunctos
3018 1274 3139 1314 esse
3182 1257 3513 1314 referebant.
3545 1257 3627 1313 Ea.
3666 1268 3726 1311 ut

2151 1350 2358 1406 audivit
2388 1352 2707 1423 imperator,
2741 1352 2948 1409 veritus
2995 1368 3061 1407 ne
3106 1351 3261 1418 pauci
3304 1350 3396 1420 qui
3452 1351 3725 1419 pra-cede-

2152 1447 2280 1502 bant
2298 1444 2530 1501 Romani
2550 1462 2577 1502 a
2600 1446 2843 1516 pluribus
2862 1445 3202 1502 circumclusi
3233 1443 3718 1516 perfringerentur,

2152 1539 2436 1595 confestim
2473 1540 2724 1596 citatiore
2752 1554 2916 1596 cursu
2953 1540 3212 1609 pergebat
3235 1548 3296 1595 et
3320 1537 3638 1607 signiferum
3662 1539 3728 1593 ut

2152 1634 2578 1704 subsequeretur
2605 1633 2854 1704 urgebat.
2904 1631 3006 1699 Qui
3038 1648 3157 1687 cum
3190 1630 3403 1698 defesso
3433 1645 3572 1699 eqtto
3604 1631 3724 1685 leu-

2155 1727 2261 1785 tius
2297 1728 2593 1789 incederet,
2630 1726 2747 1795 ipse
2772 1736 2989 1795 arrepto
3020 1725 3175 1796 signo
3201 1724 3456 1793 princeps
3487 1732 3723 1779 matura-

2154 1821 2230 1877 vit
2256 1836 2500 1886 cursum,
2529 1836 2592 1875 ac
2625 1820 2744 1875 loco
2773 1820 3001 1875 editiore
3025 1818 3351 1883 consistens,
3379 1826 3434 1871 et
3465 1831 3525 1873 se
3545 1816 3725 1889 qualis

2152 1923 2299 1971 esset
2351 1922 2405 1969 et
2459 1913 2716 1970 vexillum
2772 1912 3019 1970 hostibus
3072 1912 3232 1981 108
3282 1910 3721 1981 conspiciendum

2149 2008 2394 2077 praebuit.
2419 2006 2589 2065 θειοιί
2620 2007 2823 2062 interea
2846 2009 2909 2063 ad
2927 2006 3120 2060 flumen
3161 2003 3428 2076 sagittarii
3464 2003 3724 2061 Dalmatis

2151 2100 2371 2157 stabant
2398 2103 2638 2170 obversi,
2671 2103 2763 2159 sed
2795 2101 3002 2157 neutris
3032 2116 3267 2171 pugnam
3302 2098 3718 2161 concitantibus,

2152 2196 2429 2265 quievere.
2464 2195 2637 2251 Simul
2665 2206 2846 2255 autem
2891 2209 2957 2250 ac
2997 2192 3343 2263 imperatoris
3374 2200 3723 2262 conspectum

2150 2295 2233 2340 est
2255 2286 2530 2349 vexillum,
2559 2301 2586 2339 a
2610 2294 2773 2355 ponte
2800 2288 3111 2342 abscessere
3128 2284 3403 2351 Dalmatae,
3436 2281 3724 2339 Romanis-

2149 2395 2256 2453 que
2296 2379 2520 2449 sagittas
2566 2380 2813 2437 mittendi
2864 2387 3187 2451 potestatem
3218 2379 3499 2449 dederunt.
3529 2376 3589 2432 id
3632 2374 3724 2432 ubi

2152 2472 2406 2544 princeps
2435 2471 2582 2531 videt
2610 2472 2817 2545 (stabat
2845 2470 2989 2527 enim
3020 2471 3074 2527 in
3110 2470 3230 2526 loco
3262 2467 3631 2532 eminentiori,
3663 2468 3724 2526 ut

2151 2565 2357 2624 dictum
2396 2574 2499 2632 est,
2534 2573 2589 2621 et
2637 2579 2758 2634 quas
2804 2563 3136 2635 gerebantur
3172 2559 3538 2633 advertebat),
3575 2558 3723 2616 velut

2151 2672 2272 2713 cum
2322 2656 2533 2714 caeteris
2577 2654 2777 2711 ﬂumen
2831 2654 3153 2725 traiecturus
3186 2652 3429 2712 advolat.
3454 2650 3721 2721 Namque.

2153 2759 2211 2805 ut
2262 2766 2365 2806 uon
2425 2752 2593 2807 semel
2645 2749 2818 2814 innui.
2866 2762 3029 2819 supra
3083 2745 3419 2804 fortitudinis
3476 2745 3725 2806 humanae

2153 2844 2371 2899 modum
2432 2858 2637 2915 pugnas
2686 2856 2902 2913 semper
2953 2851 3008 2899 et
3057 2840 3359 2899 certamina
3408 2836 3721 2898 aﬂ‘ectabat.

2156 2936 2414 2992 Dalmatae
2479 2950 2629 3000 vero,
2662 2935 2788 2990 licet
2841 2933 2983 2991 haud
3025 2947 3223 3002 magno
3269 2942 3498 2987 numero
3530 2928 3727 2990 milites

2154 3030 2595 3099 insequerentur,
2636 3026 2822 3097 fugere
2883 3024 3260 3087 nihilominus,
3292 3020 3466 3077 donec
3497 3020 3566 3075 ad
3609 3019 3724 3078 loca

2155 3118 2407 3179 difﬁcilia;
2424 3124 2808 3188 pervenerunt.
2834 3112 2953 3168 Mox
2994 3114 3119 3169 inde
3165 3110 3437 3179 conversi,
3467 3122 3725 3165 occurre-

2703 3220 2891 3260 verum
2946 3202 3091 3258 facto
3142 3215 3433 3268 congressu
3478 3198 3728 3257 cecidere

2154 3302 2412 3373 utrinque
2464 3301 2643 3372 pauci.
2675 3300 2882 3369 Quippe
2913 3296 3169 3351 Dalmata:
3218 3295 3305 3349 ubi
3342 3294 3724 3365 imperatorem

2151 3396 2342 3452 adesse
2375 3394 2767 3467 percipiebant,
2795 3390 3231 3447 dissolvebantur
3257 3388 3475 3444 iterum.
3506 3388 3576 3441 At
3610 3384 3724 3443 Ro-

2149 3490 2294 3546 mani
2351 3489 2676 3558 fugientibus
2717 3500 2936 3555 semper
2990 3484 3278 3547 instantes,
3309 3494 3494 3538 eorum
3527 3479 3726 3551 multos

2149 3591 2209 3637 ut
2231 3591 2285 3636 et
2303 3582 2619 3638 Pannonum
2650 3578 2981 3633 ceciderunt.
3009 3575 3125 3645 Quo
3164 3583 3273 3630 tum
3297 3588 3427 3628 casu
3458 3572 3511 3627 in
3536 3586 3725 3632 manus

2150 3691 2350 3731 venere
2388 3675 2660 3732 Romanas
2720 3670 3055 3727 celeberrimi
3105 3669 3246 3723 inter
3285 3666 3559 3723 Dalmatas
3599 3664 3723 3747 viri,

2153 3767 2430 3827 Gurdeses
2461 3776 2515 3822 et
2544 3764 2849 3832 Buitzinus.
2877 3762 3173 3833 Imperator
3202 3760 3408 3818 interea
3441 3759 3555 3815 suis
3577 3756 3725 3813 indui

2149 3862 2318 3918 armis
2342 3860 2693 3917 vehementer
2724 3857 3039 3928 exoptabat.
3101 3854 3230 3925 Ejus
3263 3856 3339 3910 rei
3388 3852 3557 3923 gratia
3599 3865 3722 3919 cum

2148 3952 2488 4021 aliquantum
2547 3947 2931 4018 insumpsisset
2993 3944 3255 4017 temporis
3309 3945 3524 4015 (neque
3578 3941 3722 4001 enim

2142 4056 2321 4119 prope
2358 4041 2587 4105 aderant
2625 4040 2715 4111 qui
2743 4055 2805 4093 ea
2860 4035 3149 4107 ferebant),
3181 4034 3383 4103 accidit
3416 4044 3477 4090 ut
3506 4032 3722 4105 quidam

2149 4146 2178 4187 e
2206 4130 2573 4187 Romanorum
2603 4130 2855 4194 ducibus,
2896 4130 2949 4183 in
2983 4127 3179 4199 quibus
3220 4125 3372 4182 fuere
3414 4125 3726 4193 Gipbardus

462 4216 612 4280 ὅπως
672 4217 741 4271 ἂν
804 4219 951 4287 αὐτῷ
1016 4220 1323 4274 πανοπλίαν
1386 4221 1643 4276 ὑποδῦναι
1702 4224 1800 4295 τὴν
1870 4222 2042 4277 αὑτοῦ

2151 4232 2202 4279 et
2246 4222 2478 4278 Michael
2534 4232 2891 4294 cognomento
2921 4221 3147 4285 Branas,
3175 4219 3586 4291 compluresque
3629 4220 3723 4278 alii

464 4311 697 4377 γένοιτο.
728 4314 937 4383 Χρόνου
968 4313 1024 4368 δέ
1072 4331 1215 4378 τινος
1256 4312 1344 4367 διὰ
1394 4314 1551 4368 τοῦτο
1583 4317 1864 4385 τριϐέντας
1892 4317 2041 4388 αὑτῷ

2148 4332 2310 4372 manu
2342 4315 2571 4388 perinde
2597 4332 2661 4374 ae
2688 4317 2940 4387 regendis
2975 4317 3148 4387 copiis
3172 4316 3401 4378 strenui,
3432 4314 3557 4391 dum
3584 4314 3723 4369 ellu-

466 4404 573 4473 (Ot'r
600 4404 706 4476 γὰρ
733 4407 797 4460 ἐκ
851 4406 943 4461 τοῦ
976 4407 1162 4479 σχεδὸν
1201 4406 1368 4478 αὐτῷ,
1430 4412 1686 4480 παρῆσαν
1723 4410 1774 4463 οἳ
1837 4409 2043 4481 ταύτην

2151 4411 2265 4467 sius
2292 4412 2474 4466 hostes
2505 4409 2885 4479 insequuntur.
2918 4409 3075 4483 109
3095 4410 3145 4463 in
3180 4408 3344 4467 ardua
3367 4416 3423 4460 et
3454 4407 3570 4460 avia
3607 4407 3723 4463 loca

466 4499 721 4568 ἐκόμιζον
746 4507 763 4569 )
791 4500 988 4572 συνέϐη
1023 4502 1132 4554 τῶν
1156 4501 1308 4574 παρὰ
1345 4500 1642 4573 Ῥωμαίοις
1672 4503 2044 4572 στρατηγούν-

2155 4502 2319 4559 delati
2350 4502 2641 4559 manifesto
2699 4502 2943 4572 periculo
2994 4500 3413 4555 inveherentur.
3468 4498 3724 4553 Dalmatas

374 4653 385 4657 η
465 4608 575 4644 των
598 4593 770 4657 τινὰς,
795 4595 853 4647 ὲν
880 4588 963 4657 οἷς
986 4593 1257 4664 Γιφάρδος
1283 4611 1341 4649 τε
1365 4589 1433 4664 ἦν
1462 4595 1555 4648 καὶ
1573 4576 1792 4666 Μιχαὴλ
1821 4588 1865 4663 ᾧ
1900 4595 2045 4649 ἐπώ-

2155 4597 2352 4666 quippe
2386 4596 2659 4650 Romanos
2686 4595 2847 4665 longe
2873 4610 2899 4647 a
2935 4594 3046 4648 suis
3102 4590 3375 4661 seiunctus
3406 4592 3722 4661 conspicati,

466 4700 639 4754 νυμον
669 4685 906 4754 Βρανᾶς,
942 4687 1035 4740 καὶ
1084 4687 1331 4742 πλεῖστοι
1362 4688 1541 4759 ἕτεροι
1574 4687 1766 4760 ἄνδρες
1811 4690 2045 4761 αὐτουρ-

2152 4696 2489 4745 reverterant
2515 4688 2838 4757 stabantque
2862 4685 3099 4741 obversi.

466 4777 634 4846 γῆσαι
671 4778 850 4834 ἱκανοὶ
904 4780 1001 4833 καὶ
1061 4783 1443 4853 στρατηγῆσαι
1510 4780 1702 4846 δεξιοὶ,
1749 4783 1843 4836 ὲπί
1880 4802 2023 4847 τινος
2065 4782 2437 4854 δυσπορεύτου
2494 4780 2591 4835 καὶ
2639 4781 2903 4844 ἀνάντους
2941 4781 2998 4833 ἐν
3065 4772 3142 4849 τῷ
3191 4779 3406 4835 διώκειν
3440 4779 3728 4849 γεγονότας

460 4871 670 4944 λοχμῆς
712 4875 956 4944 ἀγωνιᾷν
1002 4876 1098 4930 ἆτε
1163 4879 1244 4942 είς
1273 4876 1553 4948 προῦπτον
1602 4878 1848 4931 κίνδυνον
1877 4876 2233 4948 ἐληλακότας.
2281 4876 2565 4945 Δαλμάται
2633 4875 2744 4949 γὰρ
2786 4875 2976 4948 πόρρω
3033 4874 3143 4928 τῶν
3205 4873 3380 4930 ἄλλων
3444 4874 3724 4947 Ῥωμαίων

464 4964 756 5031 γεγονότας
798 4967 994 5030 αὐτοὺς
1041 4968 1479 5041 κατανοήσαντες
1524 4970 1945 5040 ὲπεστράφησάν
1992 4989 2050 5026 τε
2090 4972 2184 5025 καὶ
2214 4965 2589 5041 ἀντιμέτωποι
2619 4969 2879 5040 ἔστησαν.

536 5058 602 5114 θ’.
628 5059 690 5112 0i
739 5059 838 5130 μὲν
877 5059 970 5115 οὖν
1014 5063 1071 5115 ὲν
1113 5063 1325 5129 τούτοις
1355 5060 1517 5135 ἦσαν.
1553 5050 1816 5130 Βασιλεὺς
1855 5066 1907 5120 δὲ
1935 5067 2036 5138 ἤδη

463 5146 562 5217 τὴν
599 5146 813 5201 ὅπλισιν
850 5148 1211 5221 περιθέμενος
1242 5152 1418 5223 ἁνέτῳ
1471 5156 1666 5226 ῥυτῆρι
1701 5154 1914 5209 διώκων
1957 5156 2045 5211 ἐπ’

464 5238 662 5301 αὐτοὺς
694 5233 877 5310 ἦλθεν,
930 5241 986 5292 ἐν
1017 5240 1132 5312 χρῷ
1179 5258 1236 5294 τε
1276 5241 1526 5314 ἀλλήλοις
1584 5245 1669 5316 ἐφ’
1727 5246 1823 5299 ἕνα
1866 5246 2043 5318 χῶρον

470 5343 748 5394 συνιοντας
775 5330 952 5401 εὑρὼν
973 5333 1298 5404 ἐκατηγόρει
1331 5353 1389 5387 τε
1426 5334 1708 5405 ἀναφανδὰ
1740 5338 1834 5391 καὶ
1856 5340 2045 5410 πικρό-

464 5438 603 5476 τατοι
630 5422 981 5493 ἐλοιδορεῖτο,
1014 5423 1221 5478 δειλίαν
1258 5424 1442 5489 αὐτοῖς
1495 5430 1917 5498 προσονειδίζων
1954 5432 2046 5485 καὶ

473 5514 787 5583 πολεμικῶν
840 5516 1080 5586 ἀμαθίαν
1113 5518 1310 5589 ἔργων.
1355 5519 1473 5579 Τῶν
1502 5519 1559 5573 δὲ
1606 5519 1700 5575 τοῦ
1737 5520 1918 5593 χώρου
1948 5524 2048 5597 τὴν

463 5606 627 5676 φύσιν
680 5609 773 5663 καὶ
822 5609 882 5663 τὸ
933 5610 1033 5681 τῆς
1100 5611 1276 5684 χιόνος
1340 5616 1727 5683 προφερόντων
1779 5616 2042 5688 ἄμετρον,

461 5700 625 5763 αὐτὸς
650 5700 749 5772 τῆς
783 5702 902 5756 ὀδοῦ
936 5705 1225 5775 κατάρχων
1260 5704 1491 5760 ἕπεσθαι
1534 5707 1719 5776 σφίσιν
1766 5710 2039 5765 ἐκέλευεν.

2218 5066 2272 5132 9,
2305 5066 2376 5120 Ea
2409 5082 2528 5122 cum
2574 5080 2636 5121 se
2685 5066 2756 5121 ita
2812 5064 3097 5130 haberent,
3143 5066 3255 5137 jam
3304 5066 3469 5123 armis
3502 5066 3722 5127 indutus

2154 5155 2452 5229 imperator
2479 5158 2608 5217 totis
2661 5157 2887 5216 habenis
2938 5160 2991 5211 in
3044 5158 3165 5221 illos
3196 5157 3367 5213 fertur
3396 5177 3412 5213 :
3441 5173 3575 5229 quos
3599 5176 3721 5215 cum

2155 5266 2262 5305 uno
2311 5252 2363 5304 in
2403 5251 2521 5315 loco
2554 5250 2860 5306 arctissime
2901 5250 2950 5305 in
2985 5266 3045 5305 se
3085 5262 3340 5306 coeuntes
3369 5251 3722 5320 advertisset,

2154 5344 2330 5415 palam
2369 5342 2717 5412 reprehendit
2749 5344 3099 5413 increpatque
3136 5338 3503 5409 acerbissime,
3537 5356 3591 5403 et
3613 5364 3723 5403 me-

2157 5448 2266 5493 tum
2298 5442 2352 5493 et
2388 5437 2589 5493 militiae
2621 5438 2944 5508 imperitiam
2977 5439 3289 5509 exprobrat.
3322 5439 3388 5496 At
3421 5441 3487 5494 iis
3519 5440 3619 5497 loci
3647 5442 3722 5497 si-

2154 5538 2264 5583 tum
2295 5531 2345 5583 et
2377 5528 2693 5582 immensam
2735 5527 2937 5584 nivium
2977 5527 3080 5581 vim
3114 5530 3482 5597 causantibus,
3513 5544 3717 5600 praece-

2147 5622 2229 5677 dit
2264 5623 2378 5693 ipse
2409 5637 2470 5677 ac
2506 5622 2730 5692 reliquis
2764 5632 2821 5675 ut
2853 5632 3210 5697 sequerentur
3244 5623 3526 5693 imperavit
3559 5641 3574 5679 :
3603 5626 3715 5694 jam

2144 5714 2288 5767 enim
2327 5722 2383 5768 et
2409 5712 2526 5767 aliae
2555 5712 2888 5768 advenerant
2937 5710 3305 5769 Romanorum
3345 5716 3534 5787 copire.
3576 5716 3712 5771 Dum

466 5791 610 5864 Ἤδη
663 5794 774 5865 γὰρ
834 5800 928 5850 καὶ
984 5796 1111 5852 ἄλλο
1159 5798 1341 5861 αὐτοῖς
1402 5799 1690 5869 Ῥωμαίων
1755 5798 2039 5857 συνίστατο

2151 5808 2321 5875 itaque
2360 5805 2461 5857 iter
2506 5802 2739 5869 faciunt,
2776 5801 3011 5858 hosﬁum
3042 5803 3205 5874 aliqui
3260 5823 3325 5861 ex
3385 5806 3593 5863 insidiis
3628 5824 3719 5863 rc-

463 5884 687 5956 πλῆθος.
778 5886 865 5941 Ἐν
1013 5889 1069 5944 δὲ
1124 5889 1220 5963 τὴν
1285 5890 1511 5963 πορείαν
1545 5892 1806 5963 ἐτίθεντο,
1844 5896 2032 5967 ἐνέδρα

2151 5906 2300 5968 ροιιιο
2364 5898 2534 5954 coorti
2597 5896 2885 5964 Romanos,
2947 5896 3033 5968 qui
3087 5897 3152 5953 ad
3204 5900 3478 5957 sinistram
3536 5913 3723 5962 erant.
