4046 6284
220 353 330 422 ἅ39

1498 348 1821 413 JOANNIS
1859 346 2195 410 CINNAMI

3385 366 3493 431 440

220 470 564 525 adoriuntur.
594 467 701 524 Sed
732 466 1029 536 imperator
1068 464 1255 521 videns
1289 477 1382 521 eos
1411 479 1636 533 numero
1656 478 1793 533 pau-

1902 461 2183 535 πολεμίων
2208 465 2275 517 ἐκ
2304 460 2396 515 τού
2434 462 2676 533 ἀςανοῦς
2717 468 3073 544 ἐκπηδήσασα
3096 474 3214 541 τοῖς
3246 476 3305 530 ἐν
3359 478 3484 549 ἀρι-

220 564 401 618 ciorcs
458 560 779 633 contemptis
810 560 939 627 illis,
967 560 1227 616 continuo
1253 560 1438 615 hostes
1465 556 1791 628 insequeba-

222 665 309 708 tur
337 653 711 721 pertinaciter,
748 667 853 719 quo
880 660 967 703 aut
1002 650 1440 719 Arcliizupanum
1476 648 1651 719 ipsum
1699 662 1794 703 ca-

224 756 418 816 peret,
470 756 562 801 aut
618 747 708 817 qui
772 757 886 802 tum
940 741 1270 801 Pannonicis
1329 751 1559 813 praeerat
1623 740 1795 810 cepiis

222 839 581 895 fortissimum
616 840 831 895 ducem.
881 839 985 906 Qui
1036 841 1201 911 igitur
1246 853 1312 893 ex
1343 837 1553 894 insidiis
1575 838 1791 909 prodie-

220 939 367 999 rant,
411 930 561 985 nullo
613 931 762 987 edito
809 930 1052 987 facinore
1105 947 1323 988 rursum
1373 929 1617 999 dissipati
1649 940 1798 983 sunt.

217 1022 507 1091 Aliquanto
566 1024 742 1093 spatio
802 1025 986 1080 hostes
1034 1025 1314 1082 insecutus
1375 1022 1653 1091 princeps,
1706 1020 1795 1075 ubi

178 1130 179 1133 ‘
220 1130 348 1170 suos
372 1114 673 1170 delassatos
722 1115 977 1183 advertit,
1021 1117 1230 1173 relictis
1273 1116 1341 1172 iis
1370 1132 1436 1171 ae
1466 1114 1671 1171 duobus
1710 1128 1801 1168 as—

222 1215 453 1284 sumptis
477 1215 743 1285 cOguatis,
776 1229 1005 1286 quorum
1036 1215 1178 1271 alter
1212 1212 1318 1270 fuit
1340 1211 1579 1269 Joannes
1602 1210 1799 1273 Ducas,

221 1307 360 1360 alter
393 1307 482 1375 qui
513 1322 735 1364 uxorem
762 1306 993 1363 duxerat
1019 1306 1310 1363 Andronici
1343 1304 1803 1362 sebastocratoris

224 1398 412 1462 tiliam,
452 1398 672 1453 nomine
723 1397 988 1465 Joannes,
1049 1408 1414 1470 cognomento
1441 1410 1569 1453 vero
1601 1394 1805 1452 Canta-

222 1506 486 1555 cuzcnus,
512 1506 639 1545 cum
671 1490 739 1546 iis
767 1490 819 1545 in
853 1491 1040 1546 hostes
1072 1492 1331 1561 perrexit.
1366 1491 1471 1547 Sed
1508 1489 1604 1544 illo
1632 1486 1702 1544 ab
1735 1491 1803 1545 iis

229 1585 411 1658 agnito
454 1601 519 1641 ex
565 1585 734 1641 armis
782 1599 901 1655 quae
949 1584 1120 1641 multo
1165 1584 1398 1640 obducta
1450 1590 1606 1637 erant
1640 1580 1804 1651 110

229 1696 520 1746 anro,cum
549 1688 809 1751 praeterea
834 1678 1079 1749 corporis
1106 1688 1312 1735 statura
1344 1676 1646 1732 excelsiore
1672 1674 1807 1729 satis

234 1773 560 1845 proderetur
610 1772 775 1844 (vero
829 1771 973 1828 enim
1009 1772 1228 1828 heroem
1288 1768 1806 1839 referebat,quippc

1903 560 2072 630 περᾷ
2105 558 2401 631 Ῥωμαίοις
2436 558 2735 618 ἐπετίθετο.
2781 564 2943 621 Ἀλλὰ
2970 565 3175 631 ταύτην
3216 570 3315 640 μὲν
3340 572 3493 623 ἐπει-

1897 649 2077 724 δήπερ
2100 651 2527 728 ὀλιγανδροῦσαν
2552 652 2809 723 βασιλεὺς
2837 657 3002 728 ἔγνω,
3035 659 3156 712 οὐδὲ
3192 662 3319 716 ὅσον
3361 664 3491 714 ἑπε-

1915 746 2194 816 στράφθαι
2215 746 2450 819 ἠξίωσεν
2470 767 2485 782 °
2544 751 2633 806 ἀεὶ
2658 750 2766 823 γὰρ
2793 750 3206 820 ἁνεπιστρόφως
3244 755 3488 821 ἐδίωκεν,

1897 835 1954 889 ετ
1985 838 2159 911 πωςῆ
2194 840 2363 895 αὐτὸν
2380 842 2753 916 χειρώσασθαί
2784 842 2835 895 oi
2867 841 3080 910 γένοιτο
3095 842 3187 895 τὸν
3222 846 3487 918 ἀρχιζου-

1907 930 2078 985 πάνον
2106 933 2139 1003 ἢ
2165 933 2259 988 τὸν
2293 936 2445 1008 παρὰ
2480 939 2596 999 τοῖς
2629 938 2854 992 Παίοσιν
2881 939 2957 1002 είς
2995 940 3219 1009 ἐκείνην
3256 958 3489 1010 στρατη-

1904 1023 2112 1092 γοῦντα
2139 1024 2245 1097 τὴν
2265 1027 2480 1098 ἡμέραν
2512 1029 2766 1099 ἀνδρείας
2793 1027 2853 1085 εὖ
2889 1032 3117 1102 ἥκοντα.
3152 1034 3215 1085 Οί
3261 1035 3362 1103 μὲν
3391 1029 3488 1085 οὖν

1904 1118 1972 1171 ὲκ
2000 1118 2103 1189 τῆς
2134 1120 2360 1192 ἐνέδρας
2396 1124 2563 1193 μηδὲν
2594 1121 2745 1188 ἄξιον
2784 1123 2949 1193 λόγου
2994 1126 3339 1197 πεπραχότες
3376 1126 3489 1180 διεο

1902 1209 2095 1266 λύοντο
2137 1210 2317 1276 αὖθις.
2378 1214 2645 1279 Βασιλεὺς
2695 1215 2752 1269 δὲ
2798 1216 2975 1288 μικρὰ
3037 1216 3258 1282 διώξας,
3301 1216 3488 1287 ἐπειδὴ

1904 1304 2034 1368 τοὺς
2084 1305 2223 1375 ἀμφ’
2271 1305 2434 1359 αὐτὸν
2485 1307 2627 1376 ἔγνω
2659 1306 3083 1379 ὲκκακήσαντας
3128 1310 3252 1380 ἤδη,
3289 1309 3490 1371 αὐτοὺς

1910 1395 2015 1466 μὶν
2041 1395 2313 1467 παρῆλθε,
2345 1396 2440 1451 δύο
2472 1399 2529 1453 δὲ
2557 1398 2837 1468 ξυγγενῶν
2863 1397 3219 1473 παρειληφὼς
3247 1400 3357 1454 τῶν
3387 1400 3487 1453 αύ-

1906 1486 2025 1555 τοῦ,
2057 1484 2132 1545 ὢν
2176 1491 2206 1542 ὁ
2263 1490 2365 1561 μὲν
2407 1490 2657 1565 Ἰωάννης
2687 1493 2717 1545 ὁ
2747 1493 2959 1557 Δούκα;
2992 1492 3103 1565 (45)
3136 1488 3225 1565 ἦν,
3259 1492 3356 1566 [Ρ.
3387 1491 3486 1565 65]

1907 1582 2104 1654 ἅτερος
2134 1583 2192 1638 δὲ
2230 1583 2291 1649 δς
2316 1585 2416 1656 την
2479 1584 2825 1656 Ἀνδρονίκου
2849 1587 2942 1640 τοῦ
2982 1587 3489 1660 σεδαστοκράτορος

1909 1675 2089 1747 ἔγημε
2122 1676 2311 1743 παῖδα,
2356 1678 2536 1749 δνομα
2574 1678 2833 1750 Ἰωάννης
2865 1681 2959 1734 καὶ
3001 1678 3166 1743 αὐτὸς
3197 1679 3489 1751 ἐπίκλησιν

1908 1768 2390 1841 Καντακουζηνὺς,
2414 1770 2514 1825 σὺν
2534 1770 2722 1836 αὐτοῖς
2757 1772 2850 1826 ἰπὶ
2876 1773 3003 1837 τοὺς
3034 1772 3330 1845 πολεμίους
3358 1770 3489 1844 ἐχώ-

241 1842 336 1936 qui
359 1842 635 1936 equitandi
662 1864 872 1921 ratione
905 1878 1012 1920 non
1060 1863 1269 1937 vulgari
1298 1873 1353 1920 et
1387 1863 1441 1918 in
1477 1862 1645 1917 armis
1687 1871 1799 1917 tra-

1907 1878 2012 1933 ρει.
2061 1862 2126 1917 Οί
2170 1861 2229 1916 δὲ
2281 1862 2345 1917 ἐκ
2373 1862 2475 1933 τῆς
2524 1862 2792 1929 ὁπλίσεως
2836 1865 2999 1919 αὐτὸν
3043 1842 3488 1937 κατανοήσαντες

241 1958 457 2014 ctandis
496 1957 820 2021 dexteritate
849 1957 1008 2028 longe
1051 1955 1434 2027 prtecelleret),
1471 1965 1619 2025 terga
1659 1953 1806 2009 nullo

222 2051 429 2121 pudore
490 2050 775 2106 dederunt.
803 2049 1158 2119 Fugientibus
1210 2048 1608 2103 incumbentem
1651 2048 1804 2103 aiunt

221 2162 333 2202 uno
365 2148 530 2201 hastae
582 2145 697 2201 ictu
748 2144 1061 2215 quindecim
1106 2160 1172 2199 ex
1226 2144 1473 2199 hostibus
1515 2144 1567 2200 in
1600 2153 1803 2199 terram

222 2236 593 2310 prostravisse
625 2254 641 2293 :
681 2237 735 2291 in
772 2235 1006 2291 tumultu
1038 2235 1237 2305 quippe
1284 2242 1339 2287 et
1373 2231 1695 2289 confusione
1729 2232 1801 2289 ita

220 2330 641 2395 collidebnntur,
678 2338 737 2385 ut
768 2345 827 2385 se
862 2330 1096 2385 invicem
1145 2326 1509 2398 impellerent.
1540 2326 1675 2397 Ipsis
1703 2344 1803 2383 au-

225 2435 329 2478 tem
364 2423 718 2493 quadraginta
751 2423 1062 2492 prostratis,
1089 2423 1326 2493 reliquos
1354 2422 1514 2489 fudit,
1530 2421 1682 2478 fusos
1714 2424 1803 2477 in-

221 2528 440 2572 secutus
475 2515 656 2587 gladio
688 2526 743 2570 et
775 2517 927 2571 hasta
961 2518 1014 2573 in
1050 2525 1198 2585 terga
1238 2515 1557 2585 fugientium
1590 2517 1748 2571 irruit
1784 2534 1800 2572 :

221 2624 330 2679 quo
362 2617 604 2677 tempore
634 2608 687 2661 id
719 2622 934 2679 quoque
969 2608 1191 2663 accidit.
1234 2605 1464 2673 Quidam
1497 2623 1563 2664 ex
1606 2608 1671 2663 iis
1707 2607 1801 2676 qui

222 2703 380 2757 hasta
413 2701 564 2772 prius
599 2706 666 2755 ab
715 2704 1049 2770 imperatore
1100 2700 1316 2757 fuerant
1347 2702 1494 2767 (τεεί,
1520 2718 1640 2756 cum
1677 2718 1802 2756 sur-

230 2794 463 2850 rexisset
489 2808 555 2848 ex
591 2793 741 2864 lapsu
768 2798 964 2864 (neque
984 2794 1130 2849 enim
1165 2793 1440 2849 letltaiiter
1486 2793 1663 2849 fuerat
1690 2794 1803 2847 vnl-

222 2885 507 2953 neratus),
555 2885 735 2957 fugam
770 2886 895 2941 inde
947 2886 1171 2957 pedibus
1226 2887 1391 2940 miscr
1426 2886 1657 2956 paravit.
1695 2885 1797 2941 Ubi

224 2991 404 3035 autem
437 2982 489 3035 in
522 2981 825 3051 propinquo
875 2980 1257 3049 imperatorem
1289 2980 1578 3050 conspicit,
1610 2983 1801 3035 stricto

222 3071 401 3140 gladio
435 3070 485 3124 in
519 3086 640 3124 eum
673 3070 817 3125 velut
848 3084 1208 3138 percussurus
1244 3067 1522 3139 ferturth
1550 3068 1639 3123 ille
1668 3071 1801 3139 pede

224 3165 276 3217 in
309 3172 497 3233 pet-tus
550 3163 808 3231 impacto,
846 3170 1158 3232 protrusum
1196 3159 1347 3213 humi
1399 3168 1565 3229 atque
1603 3159 1796 3228 insigni

221 3255 363 3308 circa
415 3254 629 3307 oculum
687 3254 912 3307 vulnere
962 3261 1204 3306 notatum
1256 3252 1529 3321 relinquit.
1585 3252 1793 3322 Equum

223 3362 353 3400 vero
399 3347 611 3400 etiatmi
665 3354 1017 3415 aggravatum
1076 3344 1304 3399 sentiret
1355 3358 1627 3398 armorum
1660 3360 1793 3415 pon-

221 3440 375 3507 dere,
414 3457 523 3497 uon
561 3441 683 3496 ideo
719 3453 898 3494 tamen
926 3440 1122 3496 sistere
1158 3441 1413 3511 impetum
1452 3437 1798 3494 voluit.Cau-

222 3546 489 3589 tacuzeuo
522 3545 700 3589 autem
735 3534 951 3605 (unicus
978 3532 1181 3603 quippe
1205 3532 1554 3601 adequitabat
1586 3548 1651 3588 ex
1695 3533 1799 3587 im-

220 3628 515 3697 peratoriis
559 3625 825 3698 cognatis)
855 3635 914 3681 ut
960 3627 1376 3696 progrederetur
1400 3635 1453 3680 et
1495 3640 1620 3680 cum
1671 3627 1795 3680 bar-

220 3717 370 3773 beris
404 3733 594 3773 manus
632 3717 907 3773 conferret
948 3716 1257 3787 imperavit,
1293 3726 1351 3769 ut
1381 3718 1639 3773 nimirum
1669 3720 1794 3772 dum

222 3811 367 3866 circa
425 3811 576 3865 iiium
629 3811 709 3866 sic
759 3820 1180 3879 occuparentur,
1235 3807 1351 3880 ipse
1413 3809 1649 3864 vicissim
1702 3825 1798 3865 eos

221 3914 625 3973 assequcretur.
655 3899 767 3957 Nec
822 3902 1100 3957 aberravit
1142 3918 1172 3956 a
1212 3901 1461 3957 consilio.
1504 3902 1794 3971 Postquam

218 3995 361 4049 enim
418 4010 577 4065 quam
609 3995 871 4050 citissime
911 4009 1031 4049 sese
1075 3994 1129 4049 in
1182 3996 1371 4051 hostes
1421 3995 1599 4049 intulit
1627 3995 1797 4051 Joan-

215 4102 337 4151 nes,
394 4086 648 4141 Buccitiui
703 4086 1071 4154 Arcltizupani
1121 4096 1332 4156 tergum
1387 4086 1675 4155 percussit,
1708 4097 1796 4141 to-

218 4190 438 4250 tumque
483 4179 638 4233 hasta
693 4179 1191 4234 transverberasset
1222 4177 1519 4243 hominem,
1555 4180 1607 4231 ni
1660 4194 1797 4247 prte-

223 4273 557 4343 pedixissent
585 4287 753 4325 arma.
787 4270 836 4325 Is
863 4280 1041 4325 autem
1092 4283 1412 4334 conversus,
1455 4270 1610 4340 ιιι
1649 4272 1797 4327 videt

229 4381 289 4419 se
316 4379 342 4418 a
376 4363 586 4418 duobus
633 4360 818 4432 impeti
846 4378 860 4415 :
886 4376 1119 4431 namque
1146 4362 1459 4431 imperatori
1487 4361 1596 4429 jam
1630 4363 1792 4416 etiam

228 4458 363 4513 alter
394 4458 580 4511 aderat
638 4457 897 4521 Joannes,
926 4457 1079 4527 cujus
1104 4457 1263 4511 modo
1295 4455 1497 4511 mentio
1525 4458 1663 4511 facta
1688 4467 1792 4513 est.

1908 1952 2121 2025 (χρυσῷ
2168 1951 2281 2027 γὰρ
2331 1956 2660 2028 κατακόρως
2713 1956 2983 2029 ἁλήλιπτο
3032 1956 3203 2028 πᾶσα)
3252 1956 3489 2026 καὶτῆς

1903 2050 1996 2104 τοῦ
2026 2048 2285 2123 σώματος
2330 2051 2389 2106 δὲ
2418 2052 2736 2124 ἁναδρομῆς
2763 2070 2824 2107 τε
2863 2052 2963 2107 καὶ
3004 2051 3237 2122 εὐφυΐας
3274 2067 3486 2123 τεκμη-

1908 2142 2243 2214 ριωσόιμενοι
2274 2143 2731 2217 μάλιστα(ἥρωσι
2768 2144 2879 2216 γὰρ
2903 2145 3144 2214 ἀτεχνῶς
3173 2141 3358 2214 ἐῴκει,
3387 2141 3485 2197 ἅτε

1903 2234 1984 2305 τῷ
2013 2234 2149 2306 ξένῳ
2177 2236 2277 2307 τῆς
2305 2236 2572 2301 ἱππασίας
2641 2238 2739 2291 καὶ
2762 2240 2861 2307 τῆς
2905 2235 3227 2307 ἁμφιδεξίου
3254 2234 3385 2307 περὶ
3415 2234 3486 2288 τὰ

1903 2328 2045 2381 ὅπλα
2104 2329 2375 2399 κινήσεως
2415 2327 2596 2399 πολλῷ
2626 2328 2945 2400 διενεγκὼν)
2977 2328 3125 2383 νῶτα
3167 2329 3369 2383 διδόναι
3392 2329 3486 2382 oti-

1902 2420 2049 2491 δαμῆ
2076 2420 2391 2493 ᾐσχύνοντο.
2429 2421 2489 2475 '0
2515 2422 2568 2475 δὲ
2597 2421 2892 2492 φεύγουσιν
2921 2422 3243 2493 ἐπιθέμενος
3261 2421 3484 2490 λέγεται

1902 2515 1984 2568 ὅτι
2016 2516 2117 2587 μιᾷ
2164 2516 2393 2588 δόρατος
2424 2516 2717 2589 ,προσδολῇ
2760 2516 3158 2572 πεντεκαίδεκα
3186 2518 3294 2570 τῶν
3328 2515 3487 2569 πολε-

1906 2608 2047 2680 μίων
2072 2610 2153 2673 εἰς
2194 2609 2299 2680 γῆν
2340 2607 2589 2665 ἔϐαλλεν.
2633 2609 2725 2663 Ἐν
2763 2608 2874 2681 γὰρ
2898 2612 3119 2681 ταράχῳ
3154 2611 3249 2664 καὶ
3280 2608 3484 2678 συγχύ-

1904 2718 1986 2755 σει
2023 2701 2361 2773 φερομένους
2418 2701 2744 2774 συγκρούειν
2778 2703 3032 2772 ἀλλήλοις
3068 2702 3245 2756 οὐδενὶ
3288 2701 3485 2772 κόσμῳ

1903 2793 2228 2849 συνέϐαινεν
2279 2793 2500 2859 αύτούς*
2558 2797 2971 2866 τετταράκοντα
3019 2794 3079 2849 δὲ
3109 2794 3235 2859 τοὺς
3272 2794 3481 2858 πάντας

1901 2886 1995 2940 sui.
2040 2888 2216 2958 στόμα
2244 2891 2595 2958 κατενεγκὼν
2619 2888 2748 2952 τοὺς
2799 2888 2995 2951 ἄλλους
3030 2888 3317 2959 ἐτρέψατο,
3348 2887 3486 2957 φεύ-

1901 2979 2060 3050 γουσί
2082 2998 2142 3034 τε
2191 2979 2533 3052 ἐφεπόμενος
2578 2981 2917 3036 συνέκοπτεν
2957 2981 3047 3035 ἀεὶ
3108 2979 3252 3036 κατὰ
3306 2980 3481 3033 νώτου

1900 3074 1999 3128 καλ⁵
2020 3073 2165 3143 ξίφει
2189 3074 2287 3128 καὶ
2318 3075 2502 3145 δόρατι
2525 3073 2831 3146 χρώμενος.
2856 3076 2986 3129 Ὅτε
3021 3073 3281 3129 συνέπεσε
3301 3090 3355 3126 τι
3386 3073 3483 3127 καὶ

1900 3165 2176 3220 τοιοῦτον·
2210 3164 2321 3220 τῶν
2364 3182 2448 3231 τις
2489 3167 3171 3239 προκαταδορατισθέντων
3203 3165 3355 3237 αὐτῷ
3383 3163 3481 3218 τοῦ

1901 3257 2198 3328 πτώματος
2244 3258 2557 3327 ἀνενεγκὼν
2604 3258 2712 3331 (ού
2770 3262 2880 3330 γὰρ
2942 3258 3161 3328 καιρίαν
3212 3256 3479 3329 ἑτύγχανε

1905 3351 2291 3423 πεπληγμένος
2320 3351 2551 3421 ἔφευγεν
2583 3354 2648 3406 ἐκ
2672 3350 2828 3416 ποδὸς
2858 3350 2956 3423 τὴν
3000 3351 3227 3424 πορείαν
3258 3354 3286 3405 ὁ
3310 3352 3477 3415 τάλας

1902 3444 2253 3515 ποιούμενος.
2321 3443 2541 3515 Ἐπειδὴ
2596 3460 2657 3499 τε
2711 3441 2887 3515 ἀγχοῦ
2938 3443 3164 3515 βασιλέα
3215 3443 3480 3514 γεγονότα

1904 3530 2014 3590 εἶδε
2040 3536 2392 3606 σπασάμενος
2416 3536 2476 3590 τὸ
2507 3536 2661 3606 ξίφος
2701 3537 2959 3603 πατάξων
3008 3539 3236 3609 ιφέρετο
3266 3537 3477 3593 τοῦτον.

1912 3628 1973 3681 '0
2014 3626 2072 3680 δὲ
2119 3626 2220 3691 λὰξ
2264 3626 2343 3699 τῷ
2395 3625 2584 3697 στήθει
2634 3625 2841 3689 ἐπιϐάς
2893 3627 3056 3682 αὐτὸν
3116 3627 3216 3698 μὲν
3262 3629 3343 3691 είς
3375 3628 3481 3697 γῆν

1902 3719 2127 3791 ἠνεγκε,
2166 3716 2621 3787 σημειωσάμενος
2659 3715 2717 3769 δὲ
2748 3714 2813 3769 ἐκ
2863 3732 3009 3780 τινος
3040 3714 3317 3785 ἐπισήμου
3351 3716 3481 3786 περὶ

1901 3811 1993 3864 τὸν
2016 3809 2295 3880 ὀφθαλμὸν
2325 3808 2531 3868 πάθους
2562 3806 2831 3877 παρῆλθε.
2848 3807 3165 3877 Κάμνοντος
3185 3807 3242 3860 δὲ
3268 3805 3363 3861 τοῦ
3391 3806 3484 3860 fr..-

1903 3918 2007 3955 που
2026 3901 2345 3972 αἰσθόμενος
2369 3900 2471 3972 ἤδη
2491 3891 2566 3967 τῷ
2587 3899 2741 3970 βάρει
2763 3899 2872 3954 τῶν
2896 3899 3077 3954 ὃπλων
3097 3898 3483 3973 παλινδρομεῖν

1908 3996 2006 4067 μὲν
2035 3994 2157 4048 οὐδὲ
2187 3994 2261 4057 ὠς
2288 3993 2470 4065 ἦθελε,
2502 3991 2579 4062 τῷ
2626 3992 2682 4045 δὲ
2713 3993 3153 4063 Καντακουζηνῷ
3194 3992 3483 4063 (ἐτύγχανε

1903 4090 2011 4160 γὰρ
2058 4089 2159 4161 ἢδη
2194 4088 2299 4141 τῶν
2327 4085 2593 4161 βασιλέως
2618 4085 3012 4155 ἐποχούμενος)
3044 4085 3266 4138 ἐκέλευε
3295 4085 3486 4154 πρόσω

1901 4158 2215 4252 χωρήσαντι
2243 4158 2653 4249 συμμίγνυσθαι
2677 4179 2789 4239 τοῖς
2812 4176 3133 4249 βαρϐάροις,
3155 4177 3231 4240 ὡς
3246 4174 3313 4231 ἂν
3333 4175 3479 4230 οὕτω

1900 4278 1966 4345 τῇ
1996 4273 2130 4343 πρδς
2150 4271 2314 4324 αὑτὸν
2329 4268 2555 4341 ἀσχολίᾳ
2574 4270 3001 4322 ἐπικαταλαδεῖν
3022 4270 3160 4337 σφᾶς
3195 4270 3289 4322 καὶ
3314 4267 3481 4323 αὐτὸν

1899 4369 2127 4437 γένοιτο.
2152 4364 2259 4417 Καὶ
2275 4363 2432 4433 ἔτυχέ
2447 4380 2511 4431 γε
2526 4362 2621 4415 τοῦ
2640 4361 2866 4420 σκοποῦ.
2892 4361 3111 4432 Ἐπειδὴ
3132 4361 3239 4432 γὰρ
3249 4363 3483 4431 τάχιστα

1898 4459 2008 4513 τῶν
2039 4457 2315 4529 πολεμίων
2356 4458 2385 4508 δ
2424 4455 2679 4523 Ἰωάννης
2729 4453 2965 4523 ἐγγύθεν
3001 4454 3243 4523 ἐγένετο,
3274 4454 3481 4523 Βακχῖ-

227 4552 443 4618 Septem
500 4551 663 4620 igitur
715 4565 934 4605 suorum
986 4550 1172 4604 ascitis
1226 4564 1347 4604 cum
1410 4548 1791 4605 Cautacuzcuo

1902 4568 1986 4605 vov
2014 4549 2105 4602 τὸν
2138 4546 2544 4619 ἀρχιζουπάνον
2563 4547 2713 4598 παίει
2731 4544 2831 4615 μὲν
2851 4543 3098 4598 κατὰτοῦ
3117 4544 3477 4615 μεταφρένου,

222 4642 587 4714 congreditur,
623 4643 791 4710 fitque
829 4641 1025 4696 collato
1057 4642 1189 4708 pede
1218 4643 1484 4711 prndium.
1534 4640 1641 4697 Sed
1669 4641 1798 4697 dum

217 4737 446 4791 subinde
502 4739 769 4791 advenere
835 4735 1195 4805 undecunque
1250 4733 1488 4803 barbari,
1528 4736 1581 4789 in
1620 4744 1800 4790 extre-

219 4843 369 4882 mum
415 4826 715 4901 perieulum
766 4824 1031 4881 adductus
1058 4834 1144 4881 est
1188 4824 1624 4889 Cantacuzenus,
1652 4825 1800 4880 etab

218 4921 286 4973 iis
311 4904 505 4974 fuisset
530 4917 910 4981 obtruncatus,
936 4916 1038 4971 nisi
1071 4919 1367 4987 imperator
1395 4931 1460 4971 ex
1494 4919 1801 4989 propinquo

220 5014 558 5069 subvenieus
612 5012 915 5068 discrimini
963 5026 1085 5066 eum
1144 5012 1456 5066 exemisset.
1486 5012 1557 5067 At
1614 5027 1815 5082 neque-

230 5107 347 5176 ipse
396 5122 591 5175 expers
647 5105 750 5160 fuit
810 5104 1163 5160 discriminis.
1195 5102 1407 5174 Quippe
1442 5119 1564 5158 cum
1610 5104 1793 5160 animo

225 5209 523 5267 reputaret,
550 5198 595 5253 si
629 5208 945 5254 occurreret
982 5198 1047 5251 iis
1090 5197 1182 5265 qui
1235 5212 1460 5250 nmuero
1504 5196 1682 5253 adhuc
1709 5214 1797 5251 se-

222 5301 367 5358 pteni
406 5290 670 5347 Joannem
704 5292 1205 5355 circumsteterant,
1249 5290 1517 5359 integrum
1543 5288 1661 5345 fore
1679 5292 1799 5347 aliis

214 5384 329 5451 jnm
387 5401 615 5442 numero
673 5386 935 5440 trecentis
994 5393 1287 5451 utrumque
1340 5385 1565 5445 adoriri,
1625 5384 1799 5453 primo

221 5488 477 5547 oportere
514 5479 727 5535 censuit
761 5494 883 5533 cum
934 5478 1281 5531 multitudine
1335 5477 1652 5533 decernere.
1692 5479 1803 5534 Illis

220 5571 368 5625 enim
399 5572 741 5637 cedentibus,
778 5585 1091 5627 recessuros
1143 5570 1347 5640 pariter
1393 5570 1486 5640 qui
1532 5568 1795 5623 Joannom

1899 4642 2142 4697 διελάσαι
2189 4640 2251 4693 τὸ
2296 4638 2422 4710 δόρυ
2485 4636 2897 4708 προθυμηθείς·
2962 4638 3025 4691 οὐ
3082 4637 3357 4708 μέντοιγε
3385 4639 3481 4691 καὶ

1896 4732 2132 4804 ἐδυνήθη
2157 4733 2255 4803 τῆς
2287 4730 2553 4794 ὁπλίσεως
2585 4726 2969 4801 ἀντισχούσης.
3012 4729 3070 4782 '0
3103 4729 3159 4781 δὲ
3205 4730 3467 4800 ἐπιστρα-

1899 4830 2022 4901 φεὶς
2049 4827 2193 4897 ἔγνω
2223 4825 2361 4895 πρὸς
2393 4822 2604 4894 ἀνδρῶν
2626 4823 2959 4895 διωκόμενος
2986 4823 3151 4877 δυοῖν.
3172 4825 3477 4897 Συμπαρῆν

1898 4924 2007 4994 γὰρ
2038 4919 2253 4992 βασιλεῖ
2287 4916 2381 4970 καὶ
2417 4913 2645 4985 θάτερος
2676 4915 2949 4986 Ἰωάννης,
2986 4907 3157 4987 οὗπερ
3185 4918 3285 4988 ἠδη
3311 4918 3479 4989 ἐμνή-

1902 5018 2057 5085 σθην.
2097 5010 2271 5067 Ἑπτὰ
2300 5008 2432 5077 γοῦν
2457 5007 2570 5061 τῶν
2599 5006 2739 5077 ἀμφ’
2768 5007 2932 5060 αὐτὸν
2959 5008 3302 5080 ἑπαγόμενος
3338 5009 3477 5080 ξυμ-

1903 5109 2165 5163 πλέκεται
2191 5102 2271 5174 τῷ
2303 5096 2769 5170 Καντακουζηνῷ,
2789 5100 2882 5153 καὶ
2910 5101 2943 5170 ή
2975 5100 3121 5172 μάχη
3152 5102 3262 5155 ἀπδ
3296 5105 3478 5173 χειρὸς

1901 5205 2003 5276 ἤδη
2066 5200 2297 5269 ἐγίνετο.
2344 5195 2437 5249 Ἐν
2490 5192 2669 5264 τούτῳ
2723 5191 2781 5246 δὲ
2835 5193 2943 5246 τῶν
2985 5192 3279 5266 βαρϐάρων
3314 5196 3475 5250 ἄλλου

1900 5294 2202 5366 ἀλλαχόθεν
2230 5291 2557 5362 συρρέοντος
2612 5286 2701 5340 ἀεὶ
2726 5288 2784 5340 ὲν
2817 5288 3067 5356 ἐσχάτοις
3100 5290 3129 5341 δ
3157 5291 3477 5343 Καντακου-

1899 5390 2059 5461 ζηνῦς
2077 5383 2169 5459 ἦν,
2190 5384 2287 5438 καὶ
2302 5385 2353 5436 εί
2377 5381 2453 5454 μὴ
2472 5380 2727 5452 βασιλεὺς
2749 5378 2987 5447 ἐγγύθεν
3004 5379 3103 5451 ἤδη
3134 5387 3476 5452 παραφανεὶς
3494 5456 3499 5459 Δ

1898 5478 2104 5547 ἐξειλεν
2154 5474 2325 5529 αὐτὸν
2361 5473 2457 5528 τοῦ
2500 5469 2772 5535 κινδύνου,
2835 5469 3075 5539 ἐδέησεν,
3108 5467 3281 5542 οἶμαι,
3313 5473 3469 5527 οὐδὲν

1904 5567 2252 5642 βαρὸαρικῆς
2279 5565 2443 5635 ἔργον
2474 5563 2750 5636 μαχαίρας
2772 5560 3026 5630 γενέσθαι
3042 5564 3133 5619 τὸν
3162 5563 3451 5636 ἄνθρωπον

1535 5713 1623 5772 [λι
1683 5714 1898 5794 Cangii
1942 5721 2133 5775 notae.

292 5841 402 5912 (5,5)
483 5841 753 5910 Ἰωάννης
795 5846 827 5896 ὀ
874 5842 1123 5906 Δούχας.
1186 5841 1319 5895 Vide
1346 5840 1791 5895 Dissertationum

1930 5838 1996 5894 ad
2022 5836 2350 5894 Juittvillam.
