  <div class='ocr_page' id='page_1' title='image "/cluster/home/n/w/nwhite01/storage/ocr_20150623/133/mdp.39015078384230/245.png"; bbox 0 0 4046 6284; ppageno 0'>
   <div class='ocr_carea' id='block_1_1' title="bbox 455 431 3713 502">
    <p class='ocr_par' dir='ltr' id='par_1_1' title="bbox 455 431 3713 502">
     <span class='ocr_line' id='line_1_1' title="bbox 455 431 3713 502; baseline -0.001 -3"><span class='ocrx_word' id='word_1_1' title='bbox 455 434 565 502; x_wconf 77' lang='grc'><strong>475</strong></span> <span class='ocrx_word' id='word_1_2' title='bbox 1751 431 2075 498; x_wconf 82' lang='lat' dir='ltr'><strong>JOANNIS</strong></span> <span class='ocrx_word' id='word_1_3' title='bbox 2114 431 2446 492; x_wconf 73' lang='lat' dir='ltr'><strong>ClNNAMI</strong></span> <span class='ocrx_word' id='word_1_4' title='bbox 2511 463 2516 466; x_wconf 95' lang='lat'><strong><em>-</em></strong></span> <span class='ocrx_word' id='word_1_5' title='bbox 3601 434 3713 499; x_wconf 71' lang='lat'><strong>476</strong></span> 
     </span>
    </p>
   </div>
   <div class='ocr_carea' id='block_1_2' title="bbox 457 549 2059 627">
    <p class='ocr_par' dir='ltr' id='par_1_2' title="bbox 457 556 2039 627">
     <span class='ocr_line' id='line_1_2' title="bbox 457 556 2039 627; baseline -0.001 -13"><span class='ocrx_word' id='word_1_6' title='bbox 457 558 679 614; x_wconf 70' lang='lat' dir='ltr'><strong>aedilicia</strong></span> <span class='ocrx_word' id='word_1_7' title='bbox 711 572 805 612; x_wconf 85' lang='lat' dir='ltr'><strong>sua</strong></span> <span class='ocrx_word' id='word_1_8' title='bbox 833 558 954 627; x_wconf 79' lang='lat' dir='ltr'><strong>igne</strong></span> <span class='ocrx_word' id='word_1_9' title='bbox 979 556 1222 612; x_wconf 79' lang='lat' dir='ltr'><strong>consumi</strong></span> <span class='ocrx_word' id='word_1_10' title='bbox 1256 567 1563 627; x_wconf 81' lang='lat' dir='ltr'><strong>vastarique</strong></span> <span class='ocrx_word' id='word_1_11' title='bbox 1594 565 1648 612; x_wconf 89' lang='lat' dir='ltr'><strong>et</strong></span> <span class='ocrx_word' id='word_1_12' title='bbox 1681 557 1884 613; x_wconf 79' lang='lat' dir='ltr'><strong>auferri</strong></span> <span class='ocrx_word' id='word_1_13' title='bbox 1917 573 2039 612; x_wconf 82' lang='lat' dir='ltr'><strong>om-</strong></span> 
     </span>
    </p>
   </div>
   <div class='ocr_carea' id='block_1_3' title="bbox 2162 549 3721 627">
    <p class='ocr_par' dir='ltr' id='par_1_3' title="bbox 2162 549 3721 624">
     <span class='ocr_line' id='line_1_3' title="bbox 2162 549 3721 624; baseline 0.004 -23"><span class='ocrx_word' id='word_1_14' title='bbox 2162 549 2370 618; x_wconf 75' lang='grc' dir='ltr'>τειχέων</span> <span class='ocrx_word' id='word_1_15' title='bbox 2430 549 2728 604; x_wconf 76' lang='grc' dir='ltr'><strong>συνέπεσον</strong></span> <span class='ocrx_word' id='word_1_16' title='bbox 2754 549 3071 620; x_wconf 78' lang='grc' dir='ltr'><strong>φεύγουσιν,</strong></span> <span class='ocrx_word' id='word_1_17' title='bbox 3099 551 3147 605; x_wconf 86' lang='lat' dir='ltr'><strong>ei</strong></span> <span class='ocrx_word' id='word_1_18' title='bbox 3174 550 3234 606; x_wconf 79' lang='grc' dir='ltr'>δι</span> <span class='ocrx_word' id='word_1_19' title='bbox 3253 549 3472 624; x_wconf 71' lang='grc' dir='ltr'>πρῶτον</span> <span class='ocrx_word' id='word_1_20' title='bbox 3495 551 3594 624; x_wconf 75' lang='grc' dir='ltr'>μιν</span> <span class='ocrx_word' id='word_1_21' title='bbox 3625 552 3721 607; x_wconf 59' lang='grc' dir='ltr'>επὶ</span> 
     </span>
    </p>
   </div>
   <div class='ocr_carea' id='block_1_4' title="bbox 459 641 2059 716">
    <p class='ocr_par' dir='ltr' id='par_1_4' title="bbox 459 643 2031 716">
     <span class='ocr_line' id='line_1_4' title="bbox 459 643 2031 716; baseline 0.001 -16"><span class='ocrx_word' id='word_1_22' title='bbox 459 648 546 701; x_wconf 90' lang='lat' dir='ltr'><strong>nia</strong></span> <span class='ocrx_word' id='word_1_23' title='bbox 577 661 605 699; x_wconf 81' lang='grc' dir='ltr'><strong>ιι</strong></span> <span class='ocrx_word' id='word_1_24' title='bbox 640 643 898 702; x_wconf 79' lang='lat' dir='ltr'><strong>Romanis</strong></span> <span class='ocrx_word' id='word_1_25' title='bbox 943 647 1304 716; x_wconf 87' lang='lat' dir='ltr'><strong>conspiciunt,</strong></span> <span class='ocrx_word' id='word_1_26' title='bbox 1354 658 1464 703; x_wconf 91' lang='lat' dir='ltr'><strong>tum</strong></span> <span class='ocrx_word' id='word_1_27' title='bbox 1499 662 1629 703; x_wconf 89' lang='lat' dir='ltr'><strong>vero</strong></span> <span class='ocrx_word' id='word_1_28' title='bbox 1676 648 2031 714; x_wconf 84' lang='lat' dir='ltr'><strong>descendunt,</strong></span> 
     </span>
    </p>
   </div>
   <div class='ocr_carea' id='block_1_5' title="bbox 2162 641 3723 716">
    <p class='ocr_par' dir='ltr' id='par_1_5' title="bbox 2162 641 3723 716">
     <span class='ocr_line' id='line_1_5' title="bbox 2162 641 3723 716; baseline 0.006 -27"><span class='ocrx_word' id='word_1_29' title='bbox 2162 641 2234 711; x_wconf 70' lang='grc' dir='ltr'><strong>εὴν</strong></span> <span class='ocrx_word' id='word_1_30' title='bbox 2261 643 2559 714; x_wconf 84' lang='grc' dir='ltr'>ἀκρόπολιν</span> <span class='ocrx_word' id='word_1_31' title='bbox 2595 644 2930 715; x_wconf 72' lang='grc' dir='ltr'><strong>ἀνεχώρουν,</strong></span> <span class='ocrx_word' id='word_1_32' title='bbox 2960 641 3036 708; x_wconf 77' lang='grc' dir='ltr'>ὥς</span> <span class='ocrx_word' id='word_1_33' title='bbox 3074 642 3134 697; x_wconf 76' lang='grc' dir='ltr'>δὲ</span> <span class='ocrx_word' id='word_1_34' title='bbox 3171 643 3438 716; x_wconf 78' lang='grc' dir='ltr'>Ῥωμαῖοι</span> <span class='ocrx_word' id='word_1_35' title='bbox 3463 644 3575 716; x_wconf 98' lang='grc' dir='ltr'><strong>πῦρ</strong></span> <span class='ocrx_word' id='word_1_36' title='bbox 3597 647 3723 710; x_wconf 78' lang='grc' dir='ltr'>ταῖς</span> 
     </span>
    </p>
   </div>
   <div class='ocr_carea' id='block_1_6' title="bbox 458 732 2059 812">
    <p class='ocr_par' dir='ltr' id='par_1_6' title="bbox 458 739 2036 812">
     <span class='ocr_line' id='line_1_6' title="bbox 458 739 2036 812; baseline 0.001 -18"><span class='ocrx_word' id='word_1_37' title='bbox 458 739 843 809; x_wconf 85' lang='lat' dir='ltr'><strong>dominumque</strong></span> <span class='ocrx_word' id='word_1_38' title='bbox 886 753 1042 795; x_wconf 89' lang='lat' dir='ltr'><strong>suum</strong></span> <span class='ocrx_word' id='word_1_39' title='bbox 1096 754 1346 810; x_wconf 77' lang='lat' dir='ltr'><strong>magnum</strong></span> <span class='ocrx_word' id='word_1_40' title='bbox 1397 741 1774 810; x_wconf 85' lang='lat' dir='ltr'><strong>imperatorem</strong></span> <span class='ocrx_word' id='word_1_41' title='bbox 1821 741 2036 812; x_wconf 79' lang='lat' dir='ltr'><strong>procla-</strong></span> 
     </span>
    </p>
   </div>
   <div class='ocr_carea' id='block_1_7' title="bbox 2162 732 3724 812">
    <p class='ocr_par' dir='ltr' id='par_1_7' title="bbox 2162 732 3724 806">
     <span class='ocr_line' id='line_1_7' title="bbox 2162 732 3724 806; baseline 0.004 -21"><span class='ocrx_word' id='word_1_42' title='bbox 2162 732 2447 802; x_wconf 71' lang='grc' dir='ltr'>νικοδομαῐς</span> <span class='ocrx_word' id='word_1_43' title='bbox 2481 733 2580 806; x_wconf 68' lang='grc' dir='ltr'><strong>ἤδη</strong></span> <span class='ocrx_word' id='word_1_44' title='bbox 2610 734 2813 804; x_wconf 80' lang='grc' dir='ltr'>ὲνῆκαν</span> <span class='ocrx_word' id='word_1_45' title='bbox 2844 733 2912 788; x_wconf 83' lang='grc' dir='ltr'><strong>τά</strong></span> <span class='ocrx_word' id='word_1_46' title='bbox 2950 751 3010 790; x_wconf 83' lang='grc' dir='ltr'><strong>τε</strong></span> <span class='ocrx_word' id='word_1_47' title='bbox 3036 734 3180 789; x_wconf 72' lang='grc' dir='ltr'>οἴκοι</span> <span class='ocrx_word' id='word_1_48' title='bbox 3218 733 3541 806; x_wconf 74' lang='grc' dir='ltr'>διήρπαζον,</span> <span class='ocrx_word' id='word_1_49' title='bbox 3595 737 3724 791; x_wconf 63' lang='lat' dir='ltr'><strong>imo</strong></span> 
     </span>
    </p>
   </div>
   <div class='ocr_carea' id='block_1_8' title="bbox 459 827 2059 904">
    <p class='ocr_par' dir='ltr' id='par_1_8' title="bbox 459 833 2034 904">
     <span class='ocr_line' id='line_1_8' title="bbox 459 833 2034 904; baseline 0 -17"><span class='ocrx_word' id='word_1_50' title='bbox 459 845 612 888; x_wconf 85' lang='lat' dir='ltr'><strong>mant</strong></span> <span class='ocrx_word' id='word_1_51' title='bbox 637 852 653 890; x_wconf 93' lang='lat'><strong>:</strong></span> <span class='ocrx_word' id='word_1_52' title='bbox 679 842 842 902; x_wconf 81' lang='lat' dir='ltr'><strong>atque</strong></span> <span class='ocrx_word' id='word_1_53' title='bbox 889 833 990 888; x_wconf 88' lang='lat' dir='ltr'><strong>hoc</strong></span> <span class='ocrx_word' id='word_1_54' title='bbox 1032 834 1188 888; x_wconf 90' lang='lat' dir='ltr'><strong>modo</strong></span> <span class='ocrx_word' id='word_1_55' title='bbox 1229 841 1411 888; x_wconf 90' lang='lat' dir='ltr'><strong>castro</strong></span> <span class='ocrx_word' id='word_1_56' title='bbox 1460 833 1534 887; x_wconf 91' lang='lat' dir='ltr'><strong>illi</strong></span> <span class='ocrx_word' id='word_1_57' title='bbox 1571 835 1870 904; x_wconf 89' lang='lat' dir='ltr'><strong>potiuntur.</strong></span> <span class='ocrx_word' id='word_1_58' title='bbox 1899 833 2034 891; x_wconf 84' lang='lat' dir='ltr'><strong>Cum</strong></span> 
     </span>
    </p>
   </div>
   <div class='ocr_carea' id='block_1_9' title="bbox 2162 827 3723 904">
    <p class='ocr_par' dir='ltr' id='par_1_9' title="bbox 2162 827 3723 901">
     <span class='ocr_line' id='line_1_9' title="bbox 2162 827 3723 901; baseline 0.004 -21"><span class='ocrx_word' id='word_1_59' title='bbox 2162 827 2490 882; x_wconf 80' lang='grc' dir='ltr'>ιαταϐαίνειν</span> <span class='ocrx_word' id='word_1_60' title='bbox 2514 845 2574 883; x_wconf 77' lang='grc' dir='ltr'><strong>τε</strong></span> <span class='ocrx_word' id='word_1_61' title='bbox 2620 829 2855 901; x_wconf 75' lang='grc' dir='ltr'>ἧρξαντο</span> <span class='ocrx_word' id='word_1_62' title='bbox 2897 829 2992 882; x_wconf 78' lang='grc' dir='ltr'>καὶ</span> <span class='ocrx_word' id='word_1_63' title='bbox 3050 828 3242 900; x_wconf 88' lang='grc' dir='ltr'>κύριον</span> <span class='ocrx_word' id='word_1_64' title='bbox 3298 830 3452 900; x_wconf 79' lang='grc' dir='ltr'>σφίσι</span> <span class='ocrx_word' id='word_1_65' title='bbox 3497 830 3723 901; x_wconf 76' lang='grc' dir='ltr'><strong>βασιλέα</strong></span> 
     </span>
    </p>
   </div>
   <div class='ocr_carea' id='block_1_10' title="bbox 459 920 2059 997">
    <p class='ocr_par' dir='ltr' id='par_1_10' title="bbox 459 926 2034 997">
     <span class='ocr_line' id='line_1_10' title="bbox 459 926 2034 997; baseline 0 -15"><span class='ocrx_word' id='word_1_66' title='bbox 459 927 583 982; x_wconf 81' lang='lat' dir='ltr'><strong>inde</strong></span> <span class='ocrx_word' id='word_1_67' title='bbox 621 927 686 982; x_wconf 87' lang='lat' dir='ltr'><strong>ad</strong></span> <span class='ocrx_word' id='word_1_68' title='bbox 736 927 1036 991; x_wconf 86' lang='lat' dir='ltr'><strong>civitatem,</strong></span> <span class='ocrx_word' id='word_1_69' title='bbox 1065 927 1212 981; x_wconf 86' lang='lat' dir='ltr'><strong>cuia</strong></span> <span class='ocrx_word' id='word_1_70' title='bbox 1246 927 1372 982; x_wconf 89' lang='lat' dir='ltr'><strong>divo</strong></span> <span class='ocrx_word' id='word_1_71' title='bbox 1418 926 1672 995; x_wconf 86' lang='lat' dir='ltr'><strong>quodam,</strong></span> <span class='ocrx_word' id='word_1_72' title='bbox 1728 927 1821 997; x_wconf 86' lang='lat' dir='ltr'><strong>qui</strong></span> <span class='ocrx_word' id='word_1_73' title='bbox 1869 927 1930 982; x_wconf 63' lang='lat' dir='ltr'><strong>in&#39;</strong></span> <span class='ocrx_word' id='word_1_74' title='bbox 1972 941 2034 982; x_wconf 90' lang='lat' dir='ltr'><strong>ea</strong></span> 
     </span>
    </p>
   </div>
   <div class='ocr_carea' id='block_1_11' title="bbox 2162 920 3725 997">
    <p class='ocr_par' dir='ltr' id='par_1_11' title="bbox 2162 920 3725 994">
     <span class='ocr_line' id='line_1_11' title="bbox 2162 920 3725 994; baseline 0.003 -22"><span class='ocrx_word' id='word_1_75' title='bbox 2162 920 2319 988; x_wconf 81' lang='grc' dir='ltr'>ιέγαν</span> <span class='ocrx_word' id='word_1_76' title='bbox 2397 920 2635 994; x_wconf 69' lang='grc' dir='ltr'>ἀναϐοᾷν</span> <span class='ocrx_word' id='word_1_77' title='bbox 2664 963 2678 977; x_wconf 95' lang='grc'><strong>.</strong></span> <span class='ocrx_word' id='word_1_78' title='bbox 2765 921 2969 976; x_wconf 80' lang='grc' dir='ltr'><strong>Τούτου</strong></span> <span class='ocrx_word' id='word_1_79' title='bbox 3066 921 3167 994; x_wconf 67' lang='grc' dir='ltr'>μὶν</span> <span class='ocrx_word' id='word_1_80' title='bbox 3238 923 3304 992; x_wconf 71' lang='grc' dir='ltr'>δὴ</span> <span class='ocrx_word' id='word_1_81' title='bbox 3379 923 3558 988; x_wconf 77' lang='grc' dir='ltr'>οὕτως</span> <span class='ocrx_word' id='word_1_82' title='bbox 3631 926 3725 993; x_wconf 66' lang='grc' dir='ltr'><strong>ἆγ-</strong></span> 
     </span>
    </p>
   </div>
   <div class='ocr_carea' id='block_1_12' title="bbox 459 1012 2059 1091">
    <p class='ocr_par' dir='ltr' id='par_1_12' title="bbox 459 1017 2035 1091">
     <span class='ocr_line' id='line_1_12' title="bbox 459 1017 2035 1091; baseline -0.001 -18"><span class='ocrx_word' id='word_1_83' title='bbox 459 1019 677 1084; x_wconf 85' lang='lat' dir='ltr'><strong>colitur,</strong></span> <span class='ocrx_word' id='word_1_84' title='bbox 731 1017 1000 1074; x_wconf 66' lang='lat' dir='ltr'><strong>Flaviana</strong></span> <span class='ocrx_word' id='word_1_85' title='bbox 1046 1034 1240 1074; x_wconf 85' lang='lat' dir='ltr'><strong>nomen</strong></span> <span class='ocrx_word' id='word_1_86' title='bbox 1288 1018 1518 1074; x_wconf 88' lang='lat' dir='ltr'><strong>inditum</strong></span> <span class='ocrx_word' id='word_1_87' title='bbox 1569 1027 1675 1083; x_wconf 84' lang='lat' dir='ltr'><strong>est,</strong></span> <span class='ocrx_word' id='word_1_88' title='bbox 1725 1029 2035 1091; x_wconf 75' lang='lat' dir='ltr'><strong>pergerent,</strong></span> 
     </span>
    </p>
   </div>
   <div class='ocr_carea' id='block_1_13' title="bbox 2162 1012 3731 1091">
    <p class='ocr_par' dir='ltr' id='par_1_13' title="bbox 2162 1012 3731 1086">
     <span class='ocr_line' id='line_1_13' title="bbox 2162 1012 3731 1086; baseline 0.005 -24"><span class='ocrx_word' id='word_1_89' title='bbox 2162 1012 2360 1080; x_wconf 77' lang='grc' dir='ltr'>ιρατετς</span> <span class='ocrx_word' id='word_1_90' title='bbox 2379 1012 2641 1080; x_wconf 80' lang='grc' dir='ltr'>ἐγένοντο.</span> <span class='ocrx_word' id='word_1_91' title='bbox 2663 1013 2783 1067; x_wconf 75' lang='grc' dir='ltr'><strong>Ἐπὶ</strong></span> <span class='ocrx_word' id='word_1_92' title='bbox 2799 1012 2856 1067; x_wconf 84' lang='grc' dir='ltr'><strong>δέ</strong></span> <span class='ocrx_word' id='word_1_93' title='bbox 2880 1030 3002 1068; x_wconf 79' lang='grc' dir='ltr'>τινα</span> <span class='ocrx_word' id='word_1_94' title='bbox 3023 1015 3176 1067; x_wconf 85' lang='grc' dir='ltr'>πόλιν</span> <span class='ocrx_word' id='word_1_95' title='bbox 3188 1013 3499 1086; x_wconf 76' lang='grc' dir='ltr'>ὲλθδντωνῆ</span> <span class='ocrx_word' id='word_1_96' title='bbox 3517 1015 3731 1070; x_wconf 66' lang='grc' dir='ltr'>ὲπὼνυυ</span> 
     </span>
    </p>
   </div>
   <div class='ocr_carea' id='block_1_14' title="bbox 459 1104 2059 1184">
    <p class='ocr_par' dir='ltr' id='par_1_14' title="bbox 459 1110 2038 1184">
     <span class='ocr_line' id='line_1_14' title="bbox 459 1110 2038 1184; baseline 0.001 -19"><span class='ocrx_word' id='word_1_97' title='bbox 459 1111 749 1182; x_wconf 75' lang='lat' dir='ltr'><strong>populares</strong></span> <span class='ocrx_word' id='word_1_98' title='bbox 777 1125 965 1167; x_wconf 88' lang='lat' dir='ltr'><strong>omnes</strong></span> <span class='ocrx_word' id='word_1_99' title='bbox 996 1110 1210 1166; x_wconf 87' lang='lat' dir='ltr'><strong>obviam</strong></span> <span class='ocrx_word' id='word_1_100' title='bbox 1245 1111 1399 1166; x_wconf 72' lang='lat' dir='ltr'><strong>effusi</strong></span> <span class='ocrx_word' id='word_1_101' title='bbox 1432 1127 1529 1183; x_wconf 86' lang='lat' dir='ltr'><strong>pro</strong></span> <span class='ocrx_word' id='word_1_102' title='bbox 1576 1110 1721 1184; x_wconf 76' lang='lat' dir='ltr'><strong>agris</strong></span> <span class='ocrx_word' id='word_1_103' title='bbox 1753 1113 1867 1168; x_wconf 85' lang='lat' dir='ltr'><strong>suis</strong></span> <span class='ocrx_word' id='word_1_104' title='bbox 1918 1113 2038 1167; x_wconf 88' lang='lat' dir='ltr'><strong>illos</strong></span> 
     </span>
    </p>
   </div>
   <div class='ocr_carea' id='block_1_15' title="bbox 2162 1104 3723 1184">
    <p class='ocr_par' dir='ltr' id='par_1_15' title="bbox 2162 1104 3723 1180">
     <span class='ocr_line' id='line_1_15' title="bbox 2162 1104 3723 1180; baseline 0.004 -23"><span class='ocrx_word' id='word_1_105' title='bbox 2162 1123 2240 1169; x_wconf 80' lang='lat' dir='ltr'><strong>to;</strong></span> <span class='ocrx_word' id='word_1_106' title='bbox 2298 1104 2389 1173; x_wconf 82' lang='grc' dir='ltr'>τῷ.</span> <span class='ocrx_word' id='word_1_107' title='bbox 2445 1106 2680 1159; x_wconf 64' lang='grc' dir='ltr'>ἐνταῦθα</span> <span class='ocrx_word' id='word_1_108' title='bbox 2739 1108 3034 1177; x_wconf 75' lang='grc' dir='ltr'><strong>τιμωμένῳ</strong></span> <span class='ocrx_word' id='word_1_109' title='bbox 3095 1106 3236 1178; x_wconf 80' lang='grc' dir='ltr'><strong>ἁγίῳ</strong></span> <span class='ocrx_word' id='word_1_110' title='bbox 3290 1105 3563 1177; x_wconf 67' lang='grc' dir='ltr'>Φλαϐιανὴ</span> <span class='ocrx_word' id='word_1_111' title='bbox 3603 1109 3723 1180; x_wconf 85' lang='grc'><strong>(77)</strong></span> 
     </span>
    </p>
   </div>
   <div class='ocr_carea' id='block_1_16' title="bbox 462 1198 2059 1285">
    <p class='ocr_par' dir='ltr' id='par_1_16' title="bbox 462 1204 2059 1285">
     <span class='ocr_line' id='line_1_16' title="bbox 462 1204 2059 1285; baseline 0.001 -25"><span class='ocrx_word' id='word_1_112' title='bbox 462 1212 674 1274; x_wconf 78' lang='lat' dir='ltr'><strong>rogant,</strong></span> <span class='ocrx_word' id='word_1_113' title='bbox 707 1218 773 1259; x_wconf 86' lang='lat' dir='ltr'><strong>ac</strong></span> <span class='ocrx_word' id='word_1_114' title='bbox 807 1219 873 1257; x_wconf 91' lang='lat' dir='ltr'><strong>ne</strong></span> <span class='ocrx_word' id='word_1_115' title='bbox 903 1204 1028 1274; x_wconf 90' lang='lat' dir='ltr'><strong>quid</strong></span> <span class='ocrx_word' id='word_1_116' title='bbox 1082 1204 1135 1258; x_wconf 93' lang='lat' dir='ltr'><strong>in</strong></span> <span class='ocrx_word' id='word_1_117' title='bbox 1173 1221 1230 1259; x_wconf 92' lang='lat' dir='ltr'><strong>se</strong></span> <span class='ocrx_word' id='word_1_118' title='bbox 1276 1206 1491 1273; x_wconf 72' lang='lat' dir='ltr'><strong>gravius</strong></span> <span class='ocrx_word' id='word_1_119' title='bbox 1543 1205 1836 1264; x_wconf 89' lang='lat' dir='ltr'><strong>insolescat</strong></span> <span class='ocrx_word' id='word_1_120' title='bbox 1886 1207 2059 1285; x_wconf 59' lang='lat' dir='ltr'><strong>miles‘</strong></span> 
     </span>
    </p>
   </div>
   <div class='ocr_carea' id='block_1_17' title="bbox 2162 1198 3727 1285">
    <p class='ocr_par' dir='ltr' id='par_1_17' title="bbox 2162 1198 3727 1273">
     <span class='ocr_line' id='line_1_17' title="bbox 2162 1198 3727 1273; baseline 0.005 -24"><span class='ocrx_word' id='word_1_121' title='bbox 2162 1198 2427 1268; x_wconf 78' lang='grc' dir='ltr'>εέκληται,</span> <span class='ocrx_word' id='word_1_122' title='bbox 2461 1200 2700 1270; x_wconf 73' lang='grc' dir='ltr'>ἐξεχεῖτο</span> <span class='ocrx_word' id='word_1_123' title='bbox 2758 1199 2906 1264; x_wconf 68' lang='grc' dir='ltr'>ἅπας</span> <span class='ocrx_word' id='word_1_124' title='bbox 2933 1200 2963 1254; x_wconf 81' lang='grc' dir='ltr'><strong>ό</strong></span> <span class='ocrx_word' id='word_1_125' title='bbox 2989 1201 3164 1272; x_wconf 82' lang='grc' dir='ltr'>δῆμος</span> <span class='ocrx_word' id='word_1_126' title='bbox 3191 1202 3333 1270; x_wconf 71' lang='grc' dir='ltr'>ὑπὲρ</span> <span class='ocrx_word' id='word_1_127' title='bbox 3363 1202 3473 1256; x_wconf 87' lang='grc' dir='ltr'><strong>τῶν</strong></span> <span class='ocrx_word' id='word_1_128' title='bbox 3537 1201 3727 1273; x_wconf 81' lang='grc' dir='ltr'>ἀγρῶν</span> 
     </span>
    </p>
   </div>
   <div class='ocr_carea' id='block_1_18' title="bbox 462 1290 2059 1370">
    <p class='ocr_par' dir='ltr' id='par_1_18' title="bbox 462 1290 2043 1370">
     <span class='ocr_line' id='line_1_18' title="bbox 462 1290 2043 1370; baseline 0.002 -19"><span class='ocrx_word' id='word_1_129' title='bbox 462 1298 824 1364; x_wconf 84' lang='lat' dir='ltr'><strong>obtestantur,</strong></span> <span class='ocrx_word' id='word_1_130' title='bbox 853 1312 1040 1353; x_wconf 86' lang='lat' dir='ltr'><strong>servos</strong></span> <span class='ocrx_word' id='word_1_131' title='bbox 1065 1313 1123 1352; x_wconf 87' lang='lat' dir='ltr'><strong>se</strong></span> <span class='ocrx_word' id='word_1_132' title='bbox 1151 1297 1363 1354; x_wconf 85' lang='lat' dir='ltr'><strong>futuros</strong></span> <span class='ocrx_word' id='word_1_133' title='bbox 1390 1298 1642 1368; x_wconf 86' lang='lat' dir='ltr'><strong>deinceps</strong></span> <span class='ocrx_word' id='word_1_134' title='bbox 1669 1290 2043 1370; x_wconf 54' lang='lat' dir='ltr'><strong>imperatoris:</strong></span> 
     </span>
    </p>
   </div>
   <div class='ocr_carea' id='block_1_19' title="bbox 2162 1290 3726 1370">
    <p class='ocr_par' dir='ltr' id='par_1_19' title="bbox 2162 1293 3726 1366">
     <span class='ocr_line' id='line_1_19' title="bbox 2162 1293 3726 1366; baseline 0.006 -27"><span class='ocrx_word' id='word_1_135' title='bbox 2162 1293 2381 1362; x_wconf 80' lang='grc' dir='ltr'>ῖεόμενοι</span> <span class='ocrx_word' id='word_1_136' title='bbox 2403 1294 2497 1347; x_wconf 77' lang='grc' dir='ltr'>καὶ</span> <span class='ocrx_word' id='word_1_137' title='bbox 2522 1293 2618 1347; x_wconf 90' lang='grc' dir='ltr'><strong>τοῦ</strong></span> <span class='ocrx_word' id='word_1_138' title='bbox 2664 1293 2832 1366; x_wconf 61' lang='grc' dir='ltr'>μηδὲν</span> <span class='ocrx_word' id='word_1_139' title='bbox 2860 1293 3044 1356; x_wconf 79' lang='grc' dir='ltr'>αὐτοῖς</span> <span class='ocrx_word' id='word_1_140' title='bbox 3074 1295 3242 1366; x_wconf 80' lang='grc' dir='ltr'>ἄχαρι</span> <span class='ocrx_word' id='word_1_141' title='bbox 3274 1295 3411 1363; x_wconf 71' lang='grc' dir='ltr'>πρὸς</span> <span class='ocrx_word' id='word_1_142' title='bbox 3439 1295 3548 1348; x_wconf 82' lang='grc' dir='ltr'><strong>τῶν</strong></span> <span class='ocrx_word' id='word_1_143' title='bbox 3587 1296 3726 1348; x_wconf 80' lang='grc' dir='ltr'><strong>Ῥω-</strong></span> 
     </span>
    </p>
   </div>
   <div class='ocr_carea' id='block_1_20' title="bbox 463 1385 2059 1460">
    <p class='ocr_par' dir='ltr' id='par_1_20' title="bbox 463 1386 2037 1460">
     <span class='ocr_line' id='line_1_20' title="bbox 463 1386 2037 1460; baseline 0.004 -19"><span class='ocrx_word' id='word_1_144' title='bbox 463 1395 519 1441; x_wconf 89' lang='lat' dir='ltr'><strong>et</strong></span> <span class='ocrx_word' id='word_1_145' title='bbox 549 1402 879 1459; x_wconf 70' lang='lat' dir='ltr'><strong>qumcunque</strong></span> <span class='ocrx_word' id='word_1_146' title='bbox 929 1388 1126 1442; x_wconf 78' lang='lat' dir='ltr'><strong>vellent</strong></span> <span class='ocrx_word' id='word_1_147' title='bbox 1173 1386 1401 1442; x_wconf 86' lang='lat' dir='ltr'><strong>Romani</strong></span> <span class='ocrx_word' id='word_1_148' title='bbox 1434 1405 1493 1444; x_wconf 90' lang='lat' dir='ltr'><strong>se</strong></span> <span class='ocrx_word' id='word_1_149' title='bbox 1527 1390 1765 1445; x_wconf 80' lang='lat' dir='ltr'><strong>facturos</strong></span> <span class='ocrx_word' id='word_1_150' title='bbox 1794 1391 2037 1460; x_wconf 79' lang='lat' dir='ltr'><strong>polliciti.</strong></span> 
     </span>
    </p>
   </div>
   <div class='ocr_carea' id='block_1_21' title="bbox 2162 1385 3730 1460">
    <p class='ocr_par' dir='ltr' id='par_1_21' title="bbox 2162 1385 3730 1457">
     <span class='ocr_line' id='line_1_21' title="bbox 2162 1385 3730 1457; baseline 0.002 -19"><span class='ocrx_word' id='word_1_151' title='bbox 2162 1385 2319 1438; x_wconf 82' lang='grc' dir='ltr'>ιαίων</span> <span class='ocrx_word' id='word_1_152' title='bbox 2385 1385 2670 1440; x_wconf 81' lang='grc' dir='ltr'>πείσεσθαι</span> <span class='ocrx_word' id='word_1_153' title='bbox 2729 1387 3102 1457; x_wconf 79' lang='grc' dir='ltr'><strong>στρατιωτῶν,</strong></span> <span class='ocrx_word' id='word_1_154' title='bbox 3156 1387 3338 1440; x_wconf 83' lang='grc' dir='ltr'>δοῦλοί</span> <span class='ocrx_word' id='word_1_155' title='bbox 3393 1405 3452 1440; x_wconf 88' lang='grc' dir='ltr'><strong>τε</strong></span> <span class='ocrx_word' id='word_1_156' title='bbox 3516 1387 3730 1457; x_wconf 86' lang='grc' dir='ltr'>βασιλεί</span> 
     </span>
    </p>
   </div>
   <div class='ocr_carea' id='block_1_22' title="bbox 469 1477 2059 1554">
    <p class='ocr_par' dir='ltr' id='par_1_22' title="bbox 469 1482 2041 1554">
     <span class='ocr_line' id='line_1_22' title="bbox 469 1482 2041 1554; baseline 0.002 -17"><span class='ocrx_word' id='word_1_157' title='bbox 469 1483 580 1537; x_wconf 83' lang='lat' dir='ltr'><strong>Dux</strong></span> <span class='ocrx_word' id='word_1_158' title='bbox 610 1482 873 1551; x_wconf 83' lang='lat' dir='ltr'><strong>ejusmodi</strong></span> <span class='ocrx_word' id='word_1_159' title='bbox 906 1482 1294 1538; x_wconf 84' lang='lat' dir='ltr'><strong>benevolentiae</strong></span> <span class='ocrx_word' id='word_1_160' title='bbox 1323 1482 1537 1538; x_wconf 89' lang='lat' dir='ltr'><strong>illorum</strong></span> <span class='ocrx_word' id='word_1_161' title='bbox 1576 1485 1804 1554; x_wconf 76' lang='lat' dir='ltr'><strong>gratiam</strong></span> <span class='ocrx_word' id='word_1_162' title='bbox 1850 1499 2041 1554; x_wconf 77' lang='lat' dir='ltr'><strong>repen-</strong></span> 
     </span>
    </p>
   </div>
   <div class='ocr_carea' id='block_1_23' title="bbox 2162 1477 3726 1554">
    <p class='ocr_par' dir='ltr' id='par_1_23' title="bbox 2162 1477 3726 1551">
     <span class='ocr_line' id='line_1_23' title="bbox 2162 1477 3726 1551; baseline 0.002 -20"><span class='ocrx_word' id='word_1_163' title='bbox 2162 1477 2454 1549; x_wconf 74' lang='grc' dir='ltr'>ὒμολόγουν</span> <span class='ocrx_word' id='word_1_164' title='bbox 2484 1479 2577 1533; x_wconf 85' lang='grc' dir='ltr'><strong>καί</strong></span> <span class='ocrx_word' id='word_1_165' title='bbox 2606 1479 2773 1534; x_wconf 73' lang='grc' dir='ltr'>τᾶλλα</span> <span class='ocrx_word' id='word_1_166' title='bbox 2793 1479 3083 1551; x_wconf 76' lang='grc' dir='ltr'><strong>ἔπραττον,</strong></span> <span class='ocrx_word' id='word_1_167' title='bbox 3119 1479 3218 1534; x_wconf 83' lang='grc' dir='ltr'>ὅσα</span> <span class='ocrx_word' id='word_1_168' title='bbox 3252 1479 3549 1550; x_wconf 76' lang='grc' dir='ltr'>Ῥωμαίοις</span> <span class='ocrx_word' id='word_1_169' title='bbox 3599 1481 3726 1550; x_wconf 81' lang='grc' dir='ltr'>βου-</span> 
     </span>
    </p>
   </div>
   <div class='ocr_carea' id='block_1_24' title="bbox 463 1568 2059 1649">
    <p class='ocr_par' dir='ltr' id='par_1_24' title="bbox 463 1575 2036 1646">
     <span class='ocr_line' id='line_1_24' title="bbox 463 1575 2036 1646; baseline 0.004 -17"><span class='ocrx_word' id='word_1_170' title='bbox 463 1577 617 1638; x_wconf 82' lang='lat' dir='ltr'><strong>deus,</strong></span> <span class='ocrx_word' id='word_1_171' title='bbox 651 1589 744 1645; x_wconf 88' lang='lat' dir='ltr'><strong>per</strong></span> <span class='ocrx_word' id='word_1_172' title='bbox 773 1590 957 1630; x_wconf 92' lang='lat' dir='ltr'><strong>eorum</strong></span> <span class='ocrx_word' id='word_1_173' title='bbox 1009 1591 1164 1646; x_wconf 79' lang='lat' dir='ltr'><strong>agros</strong></span> <span class='ocrx_word' id='word_1_174' title='bbox 1207 1575 1380 1630; x_wconf 75' lang='lat' dir='ltr'><strong>amice</strong></span> <span class='ocrx_word' id='word_1_175' title='bbox 1434 1591 1496 1630; x_wconf 86' lang='lat' dir='ltr'><strong>ac</strong></span> <span class='ocrx_word' id='word_1_176' title='bbox 1537 1586 1726 1646; x_wconf 85' lang='lat' dir='ltr'><strong>pacate</strong></span> <span class='ocrx_word' id='word_1_177' title='bbox 1758 1576 1863 1632; x_wconf 89' lang='lat' dir='ltr'><strong>iter</strong></span> <span class='ocrx_word' id='word_1_178' title='bbox 1891 1577 2036 1635; x_wconf 78' lang='lat' dir='ltr'><strong>fecit.</strong></span> 
     </span>
    </p>
   </div>
   <div class='ocr_carea' id='block_1_25' title="bbox 2162 1568 3732 1649">
    <p class='ocr_par' dir='ltr' id='par_1_25' title="bbox 2162 1568 3732 1649">
     <span class='ocr_line' id='line_1_25' title="bbox 2162 1568 3732 1649; baseline 0.001 -22"><span class='ocrx_word' id='word_1_179' title='bbox 2162 1571 2388 1642; x_wconf 71' lang='grc' dir='ltr'>ωμένοις</span> <span class='ocrx_word' id='word_1_180' title='bbox 2417 1568 2507 1644; x_wconf 82' lang='grc' dir='ltr'>ἦν.</span> <span class='ocrx_word' id='word_1_181' title='bbox 2539 1571 2646 1635; x_wconf 66' lang='lat' dir='ltr'><strong>Ob;</strong></span> <span class='ocrx_word' id='word_1_182' title='bbox 2668 1573 2769 1644; x_wconf 80' lang='grc' dir='ltr'>τῆς</span> <span class='ocrx_word' id='word_1_183' title='bbox 2815 1570 3029 1638; x_wconf 77' lang='grc' dir='ltr'>εὐνοίας</span> <span class='ocrx_word' id='word_1_184' title='bbox 3075 1573 3438 1646; x_wconf 76' lang='grc' dir='ltr'>ἀμειϐόμενος</span> <span class='ocrx_word' id='word_1_185' title='bbox 3476 1578 3503 1629; x_wconf 87' lang='grc' dir='ltr'>ὀ</span> <span class='ocrx_word' id='word_1_186' title='bbox 3529 1593 3732 1649; x_wconf 80' lang='grc' dir='ltr'>στρατ-</span> 
     </span>
    </p>
   </div>
   <div class='ocr_carea' id='block_1_26' title="bbox 469 1659 2059 1739">
    <p class='ocr_par' dir='ltr' id='par_1_26' title="bbox 469 1659 2044 1739">
     <span class='ocr_line' id='line_1_26' title="bbox 469 1659 2044 1739; baseline 0.003 -16"><span class='ocrx_word' id='word_1_187' title='bbox 469 1667 631 1739; x_wconf 77' lang='lat'><strong>138</strong></span> <span class='ocrx_word' id='word_1_188' title='bbox 656 1665 794 1722; x_wconf 89' lang='lat' dir='ltr'><strong>Cum</strong></span> <span class='ocrx_word' id='word_1_189' title='bbox 847 1667 972 1722; x_wconf 87' lang='lat' dir='ltr'><strong>inde</strong></span> <span class='ocrx_word' id='word_1_190' title='bbox 1015 1659 1321 1730; x_wconf 79' lang='lat' dir='ltr'><strong>excederet,</strong></span> <span class='ocrx_word' id='word_1_191' title='bbox 1379 1667 1684 1725; x_wconf 83' lang='lat' dir='ltr'><strong>Gulielmus</strong></span> <span class='ocrx_word' id='word_1_192' title='bbox 1731 1669 2044 1727; x_wconf 67' lang='lat' dir='ltr'><strong>Bassavilla</strong></span> 
     </span>
    </p>
   </div>
   <div class='ocr_carea' id='block_1_27' title="bbox 2162 1659 3730 1739">
    <p class='ocr_par' dir='ltr' id='par_1_27' title="bbox 2162 1665 3730 1739">
     <span class='ocr_line' id='line_1_27' title="bbox 2162 1665 3730 1739; baseline -0.002 -19"><span class='ocrx_word' id='word_1_193' title='bbox 2162 1667 2275 1737; x_wconf 71' lang='grc' dir='ltr'>ιγδς</span> <span class='ocrx_word' id='word_1_194' title='bbox 2300 1666 2374 1729; x_wconf 79' lang='grc' dir='ltr'><strong>ὡς</strong></span> <span class='ocrx_word' id='word_1_195' title='bbox 2425 1666 2514 1722; x_wconf 85' lang='grc' dir='ltr'><strong>διά</strong></span> <span class='ocrx_word' id='word_1_196' title='bbox 2562 1665 2748 1735; x_wconf 80' lang='grc' dir='ltr'>φιλίας</span> <span class='ocrx_word' id='word_1_197' title='bbox 2782 1666 3077 1739; x_wconf 77' lang='grc' dir='ltr'>ἐπορεύετο</span> <span class='ocrx_word' id='word_1_198' title='bbox 3095 1668 3195 1738; x_wconf 84' lang='grc' dir='ltr'>τῆς</span> <span class='ocrx_word' id='word_1_199' title='bbox 3233 1669 3442 1738; x_wconf 77' lang='grc' dir='ltr'>χώρας.</span> <span class='ocrx_word' id='word_1_200' title='bbox 3478 1671 3636 1738; x_wconf 80' lang='grc' dir='ltr'>Ἀρτι</span> <span class='ocrx_word' id='word_1_201' title='bbox 3671 1670 3730 1724; x_wconf 76' lang='grc' dir='ltr'>δὲ</span> 
     </span>
    </p>
   </div>
   <div class='ocr_carea' id='block_1_28' title="bbox 462 1759 2059 1834">
    <p class='ocr_par' dir='ltr' id='par_1_28' title="bbox 462 1759 2042 1832">
     <span class='ocr_line' id='line_1_28' title="bbox 462 1759 2042 1832; baseline 0.003 -18"><span class='ocrx_word' id='word_1_202' title='bbox 462 1759 652 1824; x_wconf 81' lang='lat' dir='ltr'><strong>frater,</strong></span> <span class='ocrx_word' id='word_1_203' title='bbox 685 1759 864 1832; x_wconf 87' lang='lat' dir='ltr'><strong>quiet</strong></span> <span class='ocrx_word' id='word_1_204' title='bbox 912 1760 1028 1826; x_wconf 90' lang='lat' dir='ltr'><strong>ipse</strong></span> <span class='ocrx_word' id='word_1_205' title='bbox 1074 1761 1124 1814; x_wconf 89' lang='lat' dir='ltr'><strong>in</strong></span> <span class='ocrx_word' id='word_1_206' title='bbox 1166 1761 1529 1816; x_wconf 82' lang='lat' dir='ltr'><strong>Reiuanorum</strong></span> <span class='ocrx_word' id='word_1_207' title='bbox 1584 1763 1876 1818; x_wconf 87' lang='lat' dir='ltr'><strong>amicitiam</strong></span> <span class='ocrx_word' id='word_1_208' title='bbox 1907 1779 2042 1820; x_wconf 82' lang='lat' dir='ltr'><strong>con-</strong></span> 
     </span>
    </p>
   </div>
   <div class='ocr_carea' id='block_1_29' title="bbox 2162 1759 3725 1834">
    <p class='ocr_par' dir='ltr' id='par_1_29' title="bbox 2162 1759 3725 1834">
     <span class='ocr_line' id='line_1_29' title="bbox 2162 1759 3725 1834; baseline 0.001 -22"><span class='ocrx_word' id='word_1_209' title='bbox 2162 1761 2352 1816; x_wconf 80' lang='grc' dir='ltr'>ικεῖθεν</span> <span class='ocrx_word' id='word_1_210' title='bbox 2377 1761 2669 1834; x_wconf 85' lang='grc' dir='ltr'>ἀπαίροντι</span> <span class='ocrx_word' id='word_1_211' title='bbox 2700 1762 2986 1834; x_wconf 77' lang='grc' dir='ltr'>Γιλιέλμος</span> <span class='ocrx_word' id='word_1_212' title='bbox 3007 1765 3035 1816; x_wconf 86' lang='grc' dir='ltr'><strong>ό</strong></span> <span class='ocrx_word' id='word_1_213' title='bbox 3055 1759 3327 1816; x_wconf 71' lang='grc' dir='ltr'>Βασαϐίλα</span> <span class='ocrx_word' id='word_1_214' title='bbox 3351 1763 3450 1832; x_wconf 82' lang='grc' dir='ltr'>μὲν</span> <span class='ocrx_word' id='word_1_215' title='bbox 3473 1763 3725 1830; x_wconf 70' lang='grc' dir='ltr'>ἀδελφὸς,</span> 
     </span>
    </p>
   </div>
   <div class='ocr_carea' id='block_1_30' title="bbox 463 1851 2059 1962">
    <p class='ocr_par' dir='ltr' id='par_1_30' title="bbox 463 1851 2044 1924">
     <span class='ocr_line' id='line_1_30' title="bbox 463 1851 2044 1924; baseline 0.002 -17"><span class='ocrx_word' id='word_1_216' title='bbox 463 1865 724 1918; x_wconf 83' lang='lat' dir='ltr'><strong>cesserat,</strong></span> <span class='ocrx_word' id='word_1_217' title='bbox 761 1869 884 1908; x_wconf 86' lang='lat' dir='ltr'><strong>eum</strong></span> <span class='ocrx_word' id='word_1_218' title='bbox 919 1851 1104 1909; x_wconf 78' lang='lat' dir='ltr'><strong>fratris</strong></span> <span class='ocrx_word' id='word_1_219' title='bbox 1147 1855 1338 1908; x_wconf 85' lang='lat' dir='ltr'><strong>litteris</strong></span> <span class='ocrx_word' id='word_1_220' title='bbox 1363 1855 1533 1921; x_wconf 85' lang='lat' dir='ltr'><strong>venit,</strong></span> <span class='ocrx_word' id='word_1_221' title='bbox 1567 1857 1763 1924; x_wconf 85' lang='lat' dir='ltr'><strong>quibus</strong></span> <span class='ocrx_word' id='word_1_222' title='bbox 1791 1866 1849 1910; x_wconf 89' lang='lat' dir='ltr'><strong>ut</strong></span> <span class='ocrx_word' id='word_1_223' title='bbox 1875 1857 2044 1912; x_wconf 86' lang='lat' dir='ltr'><strong>conli-</strong></span> 
     </span>
    </p>
   </div>
   <div class='ocr_carea' id='block_1_31' title="bbox 2162 1851 3730 1962">
    <p class='ocr_par' dir='ltr' id='par_1_31' title="bbox 2162 1851 3730 1928">
     <span class='ocr_line' id='line_1_31' title="bbox 2162 1851 3730 1928; baseline 0.001 -20"><span class='ocrx_word' id='word_1_224' title='bbox 2162 1851 2336 1920; x_wconf 73' lang='grc' dir='ltr'>εὔνους</span> <span class='ocrx_word' id='word_1_225' title='bbox 2365 1855 2422 1908; x_wconf 77' lang='grc' dir='ltr'>δι</span> <span class='ocrx_word' id='word_1_226' title='bbox 2450 1854 2548 1909; x_wconf 68' lang='grc' dir='ltr'>καὶ</span> <span class='ocrx_word' id='word_1_227' title='bbox 2586 1855 2751 1920; x_wconf 83' lang='grc' dir='ltr'>αὐτὸς</span> <span class='ocrx_word' id='word_1_228' title='bbox 2810 1854 3104 1925; x_wconf 84' lang='grc' dir='ltr'>Ῥωμαίοις</span> <span class='ocrx_word' id='word_1_229' title='bbox 3134 1855 3235 1928; x_wconf 70' lang='grc' dir='ltr'><strong>ἤδη</strong></span> <span class='ocrx_word' id='word_1_230' title='bbox 3265 1853 3507 1926; x_wconf 77' lang='grc' dir='ltr'>γεγονὼς</span> <span class='ocrx_word' id='word_1_231' title='bbox 3544 1855 3730 1926; x_wconf 76' lang='grc' dir='ltr'>γράμ-</span> 
     </span>
    </p>
   </div>
   <div class='ocr_carea' id='block_1_32' title="bbox 461 1933 2059 2029">
    <p class='ocr_par' dir='ltr' id='par_1_32' title="bbox 461 1933 2046 2018">
     <span class='ocr_line' id='line_1_32' title="bbox 461 1933 2046 2018; baseline 0.003 -18"><span class='ocrx_word' id='word_1_232' title='bbox 461 1947 657 2001; x_wconf 89' lang='lat' dir='ltr'><strong>denter</strong></span> <span class='ocrx_word' id='word_1_233' title='bbox 685 1933 788 2002; x_wconf 80' lang='lat' dir='ltr'><strong>dux</strong></span> <span class='ocrx_word' id='word_1_234' title='bbox 835 1946 1120 2002; x_wconf 74' lang='lat' dir='ltr'><strong>accederet</strong></span> <span class='ocrx_word' id='word_1_235' title='bbox 1158 1946 1499 2012; x_wconf 83' lang='lat' dir='ltr'><strong>hortabatur,</strong></span> <span class='ocrx_word' id='word_1_236' title='bbox 1533 1955 1718 2018; x_wconf 84' lang='lat' dir='ltr'><strong>utpote</strong></span> <span class='ocrx_word' id='word_1_237' title='bbox 1749 1949 2046 2018; x_wconf 52' lang='lat' dir='ltr'><strong>circumja‘</strong></span> 
     </span>
    </p>
   </div>
   <div class='ocr_carea' id='block_1_33' title="bbox 2162 1933 3727 2029">
    <p class='ocr_par' dir='ltr' id='par_1_33' title="bbox 2162 1943 3727 2029">
     <span class='ocr_line' id='line_1_33' title="bbox 2162 1943 3727 2029; baseline 0.001 -29"><span class='ocrx_word' id='word_1_238' title='bbox 2162 1964 2298 2017; x_wconf 71' lang='grc' dir='ltr'>ματα</span> <span class='ocrx_word' id='word_1_239' title='bbox 2327 1947 2480 2029; x_wconf 80' lang='grc' dir='ltr'><strong>παρά</strong></span> <span class='ocrx_word' id='word_1_240' title='bbox 2511 1947 2607 2001; x_wconf 88' lang='grc' dir='ltr'><strong>τοῦ</strong></span> <span class='ocrx_word' id='word_1_241' title='bbox 2651 1947 2885 2018; x_wconf 79' lang='grc' dir='ltr'>ἀδελφοῦ</span> <span class='ocrx_word' id='word_1_242' title='bbox 2912 1946 3163 2020; x_wconf 78' lang='grc' dir='ltr'>κομίζων</span> <span class='ocrx_word' id='word_1_243' title='bbox 3193 1943 3360 2020; x_wconf 78' lang='grc' dir='ltr'>ἦλθεν</span> <span class='ocrx_word' id='word_1_244' title='bbox 3405 1948 3555 2020; x_wconf 82' lang='grc' dir='ltr'>αὐτῷ</span> <span class='ocrx_word' id='word_1_245' title='bbox 3589 1947 3727 2021; x_wconf 72' lang='grc' dir='ltr'>θαρ-</span> 
     </span>
    </p>
   </div>
   <div class='ocr_carea' id='block_1_34' title="bbox 463 2038 2059 2112">
    <p class='ocr_par' dir='ltr' id='par_1_34' title="bbox 463 2039 1587 2111">
     <span class='ocr_line' id='line_1_34' title="bbox 463 2039 1587 2111; baseline 0.002 -17"><span class='ocrx_word' id='word_1_246' title='bbox 463 2050 622 2096; x_wconf 88' lang='lat' dir='ltr'><strong>ccnte</strong></span> <span class='ocrx_word' id='word_1_247' title='bbox 654 2042 876 2111; x_wconf 74' lang='lat' dir='ltr'><strong>regione</strong></span> <span class='ocrx_word' id='word_1_248' title='bbox 902 2040 1012 2110; x_wconf 85' lang='lat' dir='ltr'><strong>jam</strong></span> <span class='ocrx_word' id='word_1_249' title='bbox 1043 2039 1302 2095; x_wconf 82' lang='lat' dir='ltr'><strong>Romanis</strong></span> <span class='ocrx_word' id='word_1_250' title='bbox 1336 2050 1587 2110; x_wconf 80' lang='lat' dir='ltr'><strong>parente.</strong></span> 
     </span>
    </p>
   </div>
   <div class='ocr_carea' id='block_1_35' title="bbox 2162 2038 3735 2112">
    <p class='ocr_par' dir='ltr' id='par_1_35' title="bbox 2162 2038 3735 2112">
     <span class='ocr_line' id='line_1_35' title="bbox 2162 2038 3735 2112; baseline 0.001 -21"><span class='ocrx_word' id='word_1_251' title='bbox 2162 2041 2266 2092; x_wconf 66' lang='grc' dir='ltr'>δεῖν</span> <span class='ocrx_word' id='word_1_252' title='bbox 2296 2038 2391 2094; x_wconf 89' lang='grc' dir='ltr'><strong>τοῦ</strong></span> <span class='ocrx_word' id='word_1_253' title='bbox 2429 2039 2615 2093; x_wconf 81' lang='grc' dir='ltr'>λοιποῦ</span> <span class='ocrx_word' id='word_1_254' title='bbox 2643 2039 3088 2112; x_wconf 78' lang='grc' dir='ltr'>προτρεπόμενα,</span> <span class='ocrx_word' id='word_1_255' title='bbox 3141 2041 3220 2105; x_wconf 79' lang='grc' dir='ltr'>ὥς</span> <span class='ocrx_word' id='word_1_256' title='bbox 3267 2040 3328 2095; x_wconf 78' lang='grc' dir='ltr'><strong>τὺ</strong></span> <span class='ocrx_word' id='word_1_257' title='bbox 3360 2040 3490 2111; x_wconf 80' lang='grc' dir='ltr'><strong>ἑξῆς</strong></span> <span class='ocrx_word' id='word_1_258' title='bbox 3541 2039 3735 2112; x_wconf 80' lang='grc' dir='ltr'>χώρας</span> 
     </span>
    </p>
   </div>
   <div class='ocr_carea' id='block_1_36' title="bbox 2150 2133 3025 2206">
    <p class='ocr_par' dir='ltr' id='par_1_36' title="bbox 2150 2133 3025 2206">
     <span class='ocr_line' id='line_1_36' title="bbox 2150 2133 3025 2206; baseline 0.003 -19"><span class='ocrx_word' id='word_1_259' title='bbox 2150 2133 2419 2201; x_wconf 80' lang='grc' dir='ltr'>κατηκόου</span> <span class='ocrx_word' id='word_1_260' title='bbox 2457 2134 2824 2204; x_wconf 75' lang='grc' dir='ltr'>προκειμένης</span> <span class='ocrx_word' id='word_1_261' title='bbox 2849 2135 3025 2206; x_wconf 84' lang='grc' dir='ltr'>αὐτῷ.</span> 
     </span>
    </p>
   </div>
   <div class='ocr_carea' id='block_1_37' title="bbox 534 2216 2291 2298">
    <p class='ocr_par' dir='ltr' id='par_1_37' title="bbox 534 2216 2291 2298">
     <span class='ocr_line' id='line_1_37' title="bbox 534 2216 2291 2298; baseline 0.003 -24"><span class='ocrx_word' id='word_1_262' title='bbox 534 2220 587 2274; x_wconf 76' lang='lat'><strong>3.</strong></span> <span class='ocrx_word' id='word_1_263' title='bbox 623 2216 953 2288; x_wconf 73' lang='lat' dir='ltr'><strong>Palzeologus</strong></span> <span class='ocrx_word' id='word_1_264' title='bbox 997 2230 1176 2276; x_wconf 88' lang='lat' dir='ltr'><strong>autem</strong></span> <span class='ocrx_word' id='word_1_265' title='bbox 1223 2222 1438 2288; x_wconf 81' lang='lat' dir='ltr'><strong>Vescia,</strong></span> <span class='ocrx_word' id='word_1_266' title='bbox 1473 2231 1531 2277; x_wconf 91' lang='lat' dir='ltr'><strong>ut</strong></span> <span class='ocrx_word' id='word_1_267' title='bbox 1575 2223 1776 2281; x_wconf 87' lang='lat' dir='ltr'><strong>dictum</strong></span> <span class='ocrx_word' id='word_1_268' title='bbox 1817 2236 1921 2295; x_wconf 89' lang='lat' dir='ltr'><strong>est,</strong></span> <span class='ocrx_word' id='word_1_269' title='bbox 1951 2244 2049 2298; x_wconf 89' lang='lat' dir='ltr'><strong>per</strong></span> <span class='ocrx_word' id='word_1_270' title='bbox 2223 2217 2291 2292; x_wconf 70' lang='grc' dir='ltr'><strong>γ’]</strong></span> 
     </span>
    </p>
   </div>
   <div class='ocr_carea' id='block_1_38' title="bbox 2282 2223 3738 2300">
    <p class='ocr_par' dir='ltr' id='par_1_38' title="bbox 2282 2223 3738 2300">
     <span class='ocr_line' id='line_1_38' title="bbox 2282 2223 3738 2300; baseline 0 -20"><span class='ocrx_word' id='word_1_271' title='bbox 2282 2223 2296 2280; x_wconf 68' lang='grc' dir='ltr'>ζ</span> <span class='ocrx_word' id='word_1_272' title='bbox 2355 2223 2414 2278; x_wconf 86' lang='lat'><strong>&#39;0</strong></span> <span class='ocrx_word' id='word_1_273' title='bbox 2441 2225 2498 2279; x_wconf 85' lang='grc' dir='ltr'>δὲ</span> <span class='ocrx_word' id='word_1_274' title='bbox 2553 2224 2922 2294; x_wconf 83' lang='grc' dir='ltr'>Παλαιολόγος</span> <span class='ocrx_word' id='word_1_275' title='bbox 2967 2226 3156 2297; x_wconf 71' lang='grc' dir='ltr'>ἐπειδὴ</span> <span class='ocrx_word' id='word_1_276' title='bbox 3201 2227 3452 2294; x_wconf 82' lang='grc' dir='ltr'>Βεστίαν,</span> <span class='ocrx_word' id='word_1_277' title='bbox 3482 2227 3738 2300; x_wconf 77' lang='grc' dir='ltr'>καθάπερ</span> 
     </span>
    </p>
   </div>
   <div class='ocr_carea' id='block_1_39' title="bbox 463 2310 2059 2392">
    <p class='ocr_par' dir='ltr' id='par_1_39' title="bbox 463 2310 2048 2389">
     <span class='ocr_line' id='line_1_39' title="bbox 463 2310 2048 2389; baseline 0.007 -23"><span class='ocrx_word' id='word_1_278' title='bbox 463 2310 804 2366; x_wconf 85' lang='lat' dir='ltr'><strong>conditiones</strong></span> <span class='ocrx_word' id='word_1_279' title='bbox 835 2312 1060 2380; x_wconf 88' lang='lat' dir='ltr'><strong>potitus,</strong></span> <span class='ocrx_word' id='word_1_280' title='bbox 1097 2313 1162 2368; x_wconf 89' lang='lat' dir='ltr'><strong>ad</strong></span> <span class='ocrx_word' id='word_1_281' title='bbox 1194 2311 1416 2369; x_wconf 86' lang='lat' dir='ltr'><strong>Tranim</strong></span> <span class='ocrx_word' id='word_1_282' title='bbox 1444 2315 1593 2370; x_wconf 87' lang='lat' dir='ltr'><strong>venit</strong></span> <span class='ocrx_word' id='word_1_283' title='bbox 1626 2334 1641 2371; x_wconf 90' lang='lat'><strong>:</strong></span> <span class='ocrx_word' id='word_1_284' title='bbox 1673 2319 1827 2389; x_wconf 85' lang='lat' dir='ltr'><strong>cujus</strong></span> <span class='ocrx_word' id='word_1_285' title='bbox 1856 2320 2048 2378; x_wconf 76' lang='lat' dir='ltr'><strong>incola:</strong></span> 
     </span>
    </p>
   </div>
   <div class='ocr_carea' id='block_1_40' title="bbox 2162 2310 3734 2392">
    <p class='ocr_par' dir='ltr' id='par_1_40' title="bbox 2162 2315 3734 2392">
     <span class='ocr_line' id='line_1_40' title="bbox 2162 2315 3734 2392; baseline 0.005 -23"><span class='ocrx_word' id='word_1_286' title='bbox 2162 2316 2388 2386; x_wconf 73' lang='grc' dir='ltr'>εἴρηται,</span> <span class='ocrx_word' id='word_1_287' title='bbox 2417 2315 2680 2389; x_wconf 74' lang='grc' dir='ltr'>ὁμολογίᾳ</span> <span class='ocrx_word' id='word_1_288' title='bbox 2730 2317 3138 2388; x_wconf 83' lang='grc' dir='ltr'>παρεστήσατο,</span> <span class='ocrx_word' id='word_1_289' title='bbox 3165 2319 3260 2373; x_wconf 64' lang='grc' dir='ltr'><strong>επὶ</strong></span> <span class='ocrx_word' id='word_1_290' title='bbox 3319 2320 3522 2390; x_wconf 82' lang='grc' dir='ltr'>Τρᾶνιν</span> <span class='ocrx_word' id='word_1_291' title='bbox 3575 2315 3734 2392; x_wconf 73' lang='grc' dir='ltr'>ἦλθε.</span> 
     </span>
    </p>
   </div>
   <div class='ocr_carea' id='block_1_41' title="bbox 2149 2404 3734 2482">
    <p class='ocr_par' dir='ltr' id='par_1_41' title="bbox 2149 2404 3734 2482">
     <span class='ocr_line' id='line_1_41' title="bbox 2149 2404 3734 2482; baseline 0 -18"><span class='ocrx_word' id='word_1_292' title='bbox 2149 2411 2419 2482; x_wconf 83' lang='grc' dir='ltr'>Τρανῖται</span> <span class='ocrx_word' id='word_1_293' title='bbox 2448 2407 2629 2464; x_wconf 76' lang='grc' dir='ltr'>τοίνυν</span> <span class='ocrx_word' id='word_1_294' title='bbox 2680 2410 2754 2475; x_wconf 82' lang='grc' dir='ltr'>ὡς</span> <span class='ocrx_word' id='word_1_295' title='bbox 2785 2411 2879 2464; x_wconf 73' lang='grc' dir='ltr'>τὸν</span> <span class='ocrx_word' id='word_1_296' title='bbox 2939 2411 3238 2482; x_wconf 85' lang='grc' dir='ltr'>Ῥωμαίων</span> <span class='ocrx_word' id='word_1_297' title='bbox 3285 2404 3424 2466; x_wconf 72' lang='grc' dir='ltr'>εἶδον</span> <span class='ocrx_word' id='word_1_298' title='bbox 3478 2412 3734 2481; x_wconf 74' lang='grc' dir='ltr'>στρατὸν,</span> 
     </span>
    </p>
   </div>
   <div class='ocr_carea' id='block_1_42' title="bbox 2149 2500 3735 2575">
    <p class='ocr_par' dir='ltr' id='par_1_42' title="bbox 2149 2500 3735 2575">
     <span class='ocr_line' id='line_1_42' title="bbox 2149 2500 3735 2575; baseline 0.001 -19"><span class='ocrx_word' id='word_1_299' title='bbox 2149 2501 2340 2574; x_wconf 64' lang='grc' dir='ltr'>ἔπειὸὴ</span> <span class='ocrx_word' id='word_1_300' title='bbox 2370 2500 2724 2575; x_wconf 73' lang='grc' dir='ltr'>παραδιδόναι</span> <span class='ocrx_word' id='word_1_301' title='bbox 2757 2502 2912 2572; x_wconf 76' lang='grc' dir='ltr'>σφίσι</span> <span class='ocrx_word' id='word_1_302' title='bbox 2945 2503 3045 2573; x_wconf 82' lang='grc' dir='ltr'>τὴν</span> <span class='ocrx_word' id='word_1_303' title='bbox 3078 2503 3238 2557; x_wconf 88' lang='grc' dir='ltr'>πόλιν</span> <span class='ocrx_word' id='word_1_304' title='bbox 3268 2503 3481 2573; x_wconf 80' lang='grc' dir='ltr'>οὐδαμῆ</span> <span class='ocrx_word' id='word_1_305' title='bbox 3512 2504 3735 2574; x_wconf 70' lang='grc' dir='ltr'>ἡθελον,</span> 
     </span>
    </p>
   </div>
   <div class='ocr_carea' id='block_1_43' title="bbox 2151 2591 3739 2666">
    <p class='ocr_par' dir='ltr' id='par_1_43' title="bbox 2151 2591 3739 2666">
     <span class='ocr_line' id='line_1_43' title="bbox 2151 2591 3739 2666; baseline 0.001 -19"><span class='ocrx_word' id='word_1_306' title='bbox 2151 2593 2412 2665; x_wconf 79' lang='grc' dir='ltr'>πρέσϐεις</span> <span class='ocrx_word' id='word_1_307' title='bbox 2439 2593 2590 2663; x_wconf 83' lang='grc' dir='ltr'>παρὰ</span> <span class='ocrx_word' id='word_1_308' title='bbox 2619 2591 2710 2646; x_wconf 88' lang='grc' dir='ltr'><strong>τδν</strong></span> <span class='ocrx_word' id='word_1_309' title='bbox 2738 2594 3044 2665; x_wconf 81' lang='grc' dir='ltr'>στρατηγὸν</span> <span class='ocrx_word' id='word_1_310' title='bbox 3085 2591 3397 2665; x_wconf 78' lang='grc' dir='ltr'>πέμψαντες</span> <span class='ocrx_word' id='word_1_311' title='bbox 3424 2594 3611 2666; x_wconf 78' lang='grc' dir='ltr'>ἠξίουν</span> <span class='ocrx_word' id='word_1_312' title='bbox 3647 2597 3739 2650; x_wconf 62' lang='grc' dir='ltr'>ινέ</span> 
     </span>
    </p>
   </div>
   <div class='ocr_carea' id='block_1_44' title="bbox 2151 2685 3737 2760">
    <p class='ocr_par' dir='ltr' id='par_1_44' title="bbox 2151 2685 3737 2760">
     <span class='ocr_line' id='line_1_44' title="bbox 2151 2685 3737 2760; baseline -0.001 -18"><span class='ocrx_word' id='word_1_313' title='bbox 2151 2686 2304 2742; x_wconf 78' lang='grc' dir='ltr'>θὲνδε</span> <span class='ocrx_word' id='word_1_314' title='bbox 2336 2687 2526 2740; x_wconf 89' lang='grc' dir='ltr'>τοῦτον</span> <span class='ocrx_word' id='word_1_315' title='bbox 2575 2685 2852 2755; x_wconf 80' lang='grc' dir='ltr'>ἀπαίρειν.</span> <span class='ocrx_word' id='word_1_316' title='bbox 2906 2687 2995 2757; x_wconf 83' lang='grc' dir='ltr'><strong>Μὴ</strong></span> <span class='ocrx_word' id='word_1_317' title='bbox 3059 2686 3166 2760; x_wconf 79' lang='grc' dir='ltr'><strong>γὰρ</strong></span> <span class='ocrx_word' id='word_1_318' title='bbox 3243 2689 3511 2759; x_wconf 81' lang='grc' dir='ltr'>πρότερον</span> <span class='ocrx_word' id='word_1_319' title='bbox 3569 2690 3737 2758; x_wconf 75' lang='grc' dir='ltr'>Βᾶριν</span> 
     </span>
    </p>
   </div>
   <div class='ocr_carea' id='block_1_45' title="bbox 2152 2779 3729 2852">
    <p class='ocr_par' dir='ltr' id='par_1_45' title="bbox 2152 2779 3729 2852">
     <span class='ocr_line' id='line_1_45' title="bbox 2152 2779 3729 2852; baseline 0.001 -19"><span class='ocrx_word' id='word_1_320' title='bbox 2152 2779 2634 2852; x_wconf 82' lang='grc' dir='ltr'>παραστησαμένῳ</span> <span class='ocrx_word' id='word_1_321' title='bbox 2658 2779 2894 2834; x_wconf 85' lang='grc' dir='ltr'>ἀδύνατα</span> <span class='ocrx_word' id='word_1_322' title='bbox 2924 2781 3073 2852; x_wconf 86' lang='grc' dir='ltr'><strong>αύτῷ</strong></span> <span class='ocrx_word' id='word_1_323' title='bbox 3097 2781 3316 2835; x_wconf 78' lang='grc' dir='ltr'>ἔσεσθαι</span> <span class='ocrx_word' id='word_1_324' title='bbox 3339 2782 3545 2852; x_wconf 83' lang='grc' dir='ltr'>Τρᾶνιν</span> <span class='ocrx_word' id='word_1_325' title='bbox 3574 2784 3729 2835; x_wconf 76' lang='grc' dir='ltr'>ἑλεῖν.</span> 
     </span>
    </p>
   </div>
   <div class='ocr_carea' id='block_1_46' title="bbox 2161 2870 3726 2945">
    <p class='ocr_par' dir='ltr' id='par_1_46' title="bbox 2161 2870 3726 2945">
     <span class='ocr_line' id='line_1_46' title="bbox 2161 2870 3726 2945; baseline 0.001 -20"><span class='ocrx_word' id='word_1_326' title='bbox 2161 2870 2224 2925; x_wconf 88' lang='lat'><strong>&#39;0</strong></span> <span class='ocrx_word' id='word_1_327' title='bbox 2256 2871 2311 2925; x_wconf 82' lang='grc' dir='ltr'>δὲ</span> <span class='ocrx_word' id='word_1_328' title='bbox 2355 2871 2488 2935; x_wconf 87' lang='grc' dir='ltr'>ναῦς</span> <span class='ocrx_word' id='word_1_329' title='bbox 2542 2871 2746 2926; x_wconf 82' lang='grc' dir='ltr'>αὐτίκα</span> <span class='ocrx_word' id='word_1_330' title='bbox 2793 2873 2854 2927; x_wconf 80' lang='grc' dir='ltr'>οὺ</span> <span class='ocrx_word' id='word_1_331' title='bbox 2911 2872 3077 2926; x_wconf 82' lang='grc' dir='ltr'>πλέον</span> <span class='ocrx_word' id='word_1_332' title='bbox 3132 2873 3175 2944; x_wconf 81' lang='grc' dir='ltr'>ἢ.</span> <span class='ocrx_word' id='word_1_333' title='bbox 3196 2873 3328 2928; x_wconf 80' lang='grc' dir='ltr'>δέκα</span> <span class='ocrx_word' id='word_1_334' title='bbox 3397 2874 3726 2945; x_wconf 75' lang='grc' dir='ltr'>ἐπαγόμενος</span> 
     </span>
    </p>
   </div>
   <div class='ocr_carea' id='block_1_47' title="bbox 2153 2962 3731 3038">
    <p class='ocr_par' dir='ltr' id='par_1_47' title="bbox 2153 2962 3731 3038">
     <span class='ocr_line' id='line_1_47' title="bbox 2153 2962 3731 3038; baseline 0 -22"><span class='ocrx_word' id='word_1_335' title='bbox 2153 2963 2363 3018; x_wconf 81' lang='grc' dir='ltr'>ἐκεῖθέν</span> <span class='ocrx_word' id='word_1_336' title='bbox 2397 2981 2458 3017; x_wconf 83' lang='grc' dir='ltr'><strong>τε</strong></span> <span class='ocrx_word' id='word_1_337' title='bbox 2516 2964 2720 3034; x_wconf 79' lang='grc' dir='ltr'>μετέϐη</span> <span class='ocrx_word' id='word_1_338' title='bbox 2754 2966 2848 3018; x_wconf 75' lang='grc' dir='ltr'>καὶ</span> <span class='ocrx_word' id='word_1_339' title='bbox 2878 2966 2973 3019; x_wconf 69' lang='grc' dir='ltr'><strong>ἐπὶ</strong></span> <span class='ocrx_word' id='word_1_340' title='bbox 3014 2966 3183 3038; x_wconf 80' lang='grc' dir='ltr'>Βᾶριν</span> <span class='ocrx_word' id='word_1_341' title='bbox 3233 2962 3441 3038; x_wconf 80' lang='grc' dir='ltr'>ἧλθεν,-</span> <span class='ocrx_word' id='word_1_342' title='bbox 3476 2967 3575 3037; x_wconf 87' lang='grc' dir='ltr'>οὐχ</span> <span class='ocrx_word' id='word_1_343' title='bbox 3616 2968 3731 3020; x_wconf 76' lang='grc' dir='ltr'>ὃσον</span> 
     </span>
    </p>
   </div>
   <div class='ocr_carea' id='block_1_48' title="bbox 2153 3055 3736 3131">
    <p class='ocr_par' dir='ltr' id='par_1_48' title="bbox 2153 3055 3736 3131">
     <span class='ocr_line' id='line_1_48' title="bbox 2153 3055 3736 3131; baseline 0.002 -21"><span class='ocrx_word' id='word_1_344' title='bbox 2153 3059 2267 3121; x_wconf 80' lang='grc' dir='ltr'>τοῖς</span> <span class='ocrx_word' id='word_1_345' title='bbox 2303 3055 2654 3130; x_wconf 83' lang='grc' dir='ltr'>στρατιωτῶν</span> <span class='ocrx_word' id='word_1_346' title='bbox 2692 3057 2876 3126; x_wconf 82' lang='grc' dir='ltr'>λόγοις</span> <span class='ocrx_word' id='word_1_347' title='bbox 2903 3058 3259 3122; x_wconf 72' lang='grc' dir='ltr'>ἀναπεισθεὶς</span> <span class='ocrx_word' id='word_1_348' title='bbox 3310 3060 3592 3131; x_wconf 78' lang='grc' dir='ltr'>(ἀγχίνους</span> <span class='ocrx_word' id='word_1_349' title='bbox 3627 3059 3736 3129; x_wconf 79' lang='grc' dir='ltr'><strong>γὰρ</strong></span> 
     </span>
    </p>
   </div>
   <div class='ocr_carea' id='block_1_49' title="bbox 2154 3144 3736 3224">
    <p class='ocr_par' dir='ltr' id='par_1_49' title="bbox 2154 3144 3736 3224">
     <span class='ocr_line' id='line_1_49' title="bbox 2154 3144 3736 3224; baseline 0.001 -22"><span class='ocrx_word' id='word_1_350' title='bbox 2154 3144 2222 3210; x_wconf 78' lang='grc' dir='ltr'>ἦν</span> <span class='ocrx_word' id='word_1_351' title='bbox 2243 3149 2338 3203; x_wconf 71' lang='grc' dir='ltr'>καὶ</span> <span class='ocrx_word' id='word_1_352' title='bbox 2353 3152 2416 3220; x_wconf 71' lang='grc' dir='ltr'>τῇ</span> <span class='ocrx_word' id='word_1_353' title='bbox 2442 3149 2570 3221; x_wconf 74' lang='grc' dir='ltr'>περὶ</span> <span class='ocrx_word' id='word_1_354' title='bbox 2586 3149 2654 3203; x_wconf 88' lang='grc' dir='ltr'><strong>τά</strong></span> <span class='ocrx_word' id='word_1_355' title='bbox 2677 3150 2951 3221; x_wconf 83' lang='grc' dir='ltr'>πολεμικά</span> <span class='ocrx_word' id='word_1_356' title='bbox 2974 3151 3238 3222; x_wconf 70' lang='grc' dir='ltr'>ἐμπειρίᾳ</span> <span class='ocrx_word' id='word_1_357' title='bbox 3260 3151 3476 3215; x_wconf 77' lang='grc' dir='ltr'>οὐδενὸς</span> <span class='ocrx_word' id='word_1_358' title='bbox 3497 3152 3736 3224; x_wconf 74' lang='grc' dir='ltr'>ἥσσων),</span> 
     </span>
    </p>
   </div>
   <div class='ocr_carea' id='block_1_50' title="bbox 465 2399 2048 2478">
    <p class='ocr_par' dir='ltr' id='par_1_50' title="bbox 465 2399 2048 2478">
     <span class='ocr_line' id='line_1_50' title="bbox 465 2399 2048 2478; baseline 0.011 -24"><span class='ocrx_word' id='word_1_359' title='bbox 465 2400 627 2455; x_wconf 82' lang='lat' dir='ltr'><strong>simul</strong></span> <span class='ocrx_word' id='word_1_360' title='bbox 657 2417 718 2453; x_wconf 87' lang='lat' dir='ltr'><strong>ac</strong></span> <span class='ocrx_word' id='word_1_361' title='bbox 749 2399 1054 2458; x_wconf 76' lang='lat' dir='ltr'><strong>Romanum</strong></span> <span class='ocrx_word' id='word_1_362' title='bbox 1087 2405 1385 2459; x_wconf 86' lang='lat' dir='ltr'><strong>exercitum</strong></span> <span class='ocrx_word' id='word_1_363' title='bbox 1417 2421 1771 2478; x_wconf 78' lang='lat' dir='ltr'><strong>conspexere,</strong></span> <span class='ocrx_word' id='word_1_364' title='bbox 1798 2428 1920 2468; x_wconf 90' lang='lat' dir='ltr'><strong>cum</strong></span> <span class='ocrx_word' id='word_1_365' title='bbox 1954 2429 2048 2470; x_wconf 82' lang='lat' dir='ltr'><strong>ue-</strong></span> 
     </span>
    </p>
   </div>
   <div class='ocr_carea' id='block_1_51' title="bbox 465 2496 2050 2565">
    <p class='ocr_par' dir='ltr' id='par_1_51' title="bbox 465 2496 2050 2565">
     <span class='ocr_line' id='line_1_51' title="bbox 465 2496 2050 2565; baseline 0.011 -19"><span class='ocrx_word' id='word_1_366' title='bbox 465 2509 733 2562; x_wconf 84' lang='lat' dir='ltr'><strong>quaquam</strong></span> <span class='ocrx_word' id='word_1_367' title='bbox 771 2497 959 2550; x_wconf 86' lang='lat' dir='ltr'><strong>urbem</strong></span> <span class='ocrx_word' id='word_1_368' title='bbox 1000 2496 1197 2553; x_wconf 89' lang='lat' dir='ltr'><strong>dedere</strong></span> <span class='ocrx_word' id='word_1_369' title='bbox 1245 2499 1466 2565; x_wconf 87' lang='lat' dir='ltr'><strong>vellent,</strong></span> <span class='ocrx_word' id='word_1_370' title='bbox 1520 2501 1702 2558; x_wconf 81' lang='lat' dir='ltr'><strong>missis</strong></span> <span class='ocrx_word' id='word_1_371' title='bbox 1746 2505 1811 2559; x_wconf 89' lang='lat' dir='ltr'><strong>ad</strong></span> <span class='ocrx_word' id='word_1_372' title='bbox 1858 2507 2050 2562; x_wconf 89' lang='lat' dir='ltr'><strong>ducem</strong></span> 
     </span>
    </p>
   </div>
   <div class='ocr_carea' id='block_1_52' title="bbox 466 2586 2050 2668">
    <p class='ocr_par' dir='ltr' id='par_1_52' title="bbox 466 2586 2050 2668">
     <span class='ocr_line' id='line_1_52' title="bbox 466 2586 2050 2668; baseline 0.009 -28"><span class='ocrx_word' id='word_1_373' title='bbox 466 2586 685 2656; x_wconf 80' lang='lat' dir='ltr'><strong>legatis,</strong></span> <span class='ocrx_word' id='word_1_374' title='bbox 721 2596 780 2642; x_wconf 89' lang='lat' dir='ltr'><strong>ut</strong></span> <span class='ocrx_word' id='word_1_375' title='bbox 815 2589 1011 2644; x_wconf 89' lang='lat' dir='ltr'><strong>linibus</strong></span> <span class='ocrx_word' id='word_1_376' title='bbox 1039 2589 1152 2645; x_wconf 87' lang='lat' dir='ltr'><strong>suis</strong></span> <span class='ocrx_word' id='word_1_377' title='bbox 1187 2591 1501 2648; x_wconf 82' lang='lat' dir='ltr'><strong>abscederet</strong></span> <span class='ocrx_word' id='word_1_378' title='bbox 1535 2609 1795 2664; x_wconf 77' lang='lat' dir='ltr'><strong>rogavero</strong></span> <span class='ocrx_word' id='word_1_379' title='bbox 1825 2616 1842 2653; x_wconf 86' lang='lat'><strong>:</strong></span> <span class='ocrx_word' id='word_1_380' title='bbox 1875 2613 2050 2668; x_wconf 88' lang='lat' dir='ltr'><strong>neque</strong></span> 
     </span>
    </p>
   </div>
   <div class='ocr_carea' id='block_1_53' title="bbox 468 2680 2051 2760">
    <p class='ocr_par' dir='ltr' id='par_1_53' title="bbox 468 2680 2051 2760">
     <span class='ocr_line' id='line_1_53' title="bbox 468 2680 2051 2760; baseline 0.009 -27"><span class='ocrx_word' id='word_1_381' title='bbox 468 2680 614 2734; x_wconf 87' lang='lat' dir='ltr'><strong>enim</strong></span> <span class='ocrx_word' id='word_1_382' title='bbox 647 2681 795 2750; x_wconf 86' lang='lat' dir='ltr'><strong>prius</strong></span> <span class='ocrx_word' id='word_1_383' title='bbox 823 2696 982 2749; x_wconf 90' lang='lat' dir='ltr'><strong>quam</strong></span> <span class='ocrx_word' id='word_1_384' title='bbox 1026 2681 1207 2739; x_wconf 88' lang='lat' dir='ltr'><strong>Barim</strong></span> <span class='ocrx_word' id='word_1_385' title='bbox 1239 2684 1488 2753; x_wconf 80' lang='lat' dir='ltr'><strong>cepisset.</strong></span> <span class='ocrx_word' id='word_1_386' title='bbox 1523 2685 1745 2744; x_wconf 86' lang='lat' dir='ltr'><strong>Tranim</strong></span> <span class='ocrx_word' id='word_1_387' title='bbox 1782 2706 1943 2760; x_wconf 79' lang='lat' dir='ltr'><strong>posse</strong></span> <span class='ocrx_word' id='word_1_388' title='bbox 1982 2693 2051 2748; x_wconf 87' lang='lat' dir='ltr'><strong>ab</strong></span> 
     </span>
    </p>
   </div>
   <div class='ocr_carea' id='block_1_54' title="bbox 470 2772 2052 2853">
    <p class='ocr_par' dir='ltr' id='par_1_54' title="bbox 470 2772 2052 2853">
     <span class='ocr_line' id='line_1_54' title="bbox 470 2772 2052 2853; baseline 0.009 -28"><span class='ocrx_word' id='word_1_389' title='bbox 470 2772 560 2825; x_wconf 90' lang='lat' dir='ltr'><strong>illo</strong></span> <span class='ocrx_word' id='word_1_390' title='bbox 592 2775 906 2843; x_wconf 77' lang='lat' dir='ltr'><strong>expugnari.</strong></span> <span class='ocrx_word' id='word_1_391' title='bbox 955 2775 1133 2841; x_wconf 83' lang='lat' dir='ltr'><strong>Quare</strong></span> <span class='ocrx_word' id='word_1_392' title='bbox 1164 2775 1403 2833; x_wconf 89' lang='lat' dir='ltr'><strong>collectis</strong></span> <span class='ocrx_word' id='word_1_393' title='bbox 1451 2779 1633 2833; x_wconf 90' lang='lat' dir='ltr'><strong>decem</strong></span> <span class='ocrx_word' id='word_1_394' title='bbox 1677 2795 1781 2834; x_wconf 93' lang='lat' dir='ltr'><strong>non</strong></span> <span class='ocrx_word' id='word_1_395' title='bbox 1822 2783 2052 2853; x_wconf 84' lang='lat' dir='ltr'><strong>amplius</strong></span> 
     </span>
    </p>
   </div>
   <div class='ocr_carea' id='block_1_55' title="bbox 471 2863 2050 2943">
    <p class='ocr_par' dir='ltr' id='par_1_55' title="bbox 471 2863 2050 2943">
     <span class='ocr_line' id='line_1_55' title="bbox 471 2863 2050 2943; baseline 0.009 -27"><span class='ocrx_word' id='word_1_396' title='bbox 471 2863 721 2927; x_wconf 86' lang='lat' dir='ltr'><strong>navibus,</strong></span> <span class='ocrx_word' id='word_1_397' title='bbox 755 2864 1002 2919; x_wconf 88' lang='lat' dir='ltr'><strong>discessit</strong></span> <span class='ocrx_word' id='word_1_398' title='bbox 1035 2866 1157 2919; x_wconf 88' lang='lat' dir='ltr'><strong>imle</strong></span> <span class='ocrx_word' id='word_1_399' title='bbox 1203 2875 1252 2920; x_wconf 91' lang='lat' dir='ltr'><strong>et</strong></span> <span class='ocrx_word' id='word_1_400' title='bbox 1290 2868 1354 2920; x_wconf 87' lang='lat' dir='ltr'><strong>ad</strong></span> <span class='ocrx_word' id='word_1_401' title='bbox 1403 2869 1586 2923; x_wconf 83' lang='lat' dir='ltr'><strong>urbem</strong></span> <span class='ocrx_word' id='word_1_402' title='bbox 1640 2870 1818 2926; x_wconf 79' lang='lat' dir='ltr'><strong>Barim</strong></span> <span class='ocrx_word' id='word_1_403' title='bbox 1869 2875 2050 2943; x_wconf 83' lang='lat' dir='ltr'><strong>venit,</strong></span> 
     </span>
    </p>
   </div>
   <div class='ocr_carea' id='block_1_56' title="bbox 473 2957 2052 3035">
    <p class='ocr_par' dir='ltr' id='par_1_56' title="bbox 473 2957 2052 3035">
     <span class='ocr_line' id='line_1_56' title="bbox 473 2957 2052 3035; baseline 0.011 -28"><span class='ocrx_word' id='word_1_404' title='bbox 473 2971 578 3010; x_wconf 83' lang='lat' dir='ltr'><strong>non</strong></span> <span class='ocrx_word' id='word_1_405' title='bbox 618 2965 724 3010; x_wconf 87' lang='lat' dir='ltr'><strong>tam</strong></span> <span class='ocrx_word' id='word_1_406' title='bbox 761 2957 987 3010; x_wconf 88' lang='lat' dir='ltr'><strong>militum</strong></span> <span class='ocrx_word' id='word_1_407' title='bbox 1040 2967 1256 3013; x_wconf 88' lang='lat' dir='ltr'><strong>secutus</strong></span> <span class='ocrx_word' id='word_1_408' title='bbox 1301 2960 1580 3015; x_wconf 83' lang='lat' dir='ltr'><strong>consilium</strong></span> <span class='ocrx_word' id='word_1_409' title='bbox 1631 2962 1851 3035; x_wconf 85' lang='lat' dir='ltr'><strong>(quippe</strong></span> <span class='ocrx_word' id='word_1_410' title='bbox 1882 2965 2052 3024; x_wconf 82' lang='lat' dir='ltr'><strong>solers</strong></span> 
     </span>
    </p>
   </div>
   <div class='ocr_carea' id='block_1_57' title="bbox 472 3050 2054 3121">
    <p class='ocr_par' dir='ltr' id='par_1_57' title="bbox 472 3050 2054 3121">
     <span class='ocr_line' id='line_1_57' title="bbox 472 3050 2054 3121; baseline 0.01 -24"><span class='ocrx_word' id='word_1_411' title='bbox 472 3056 590 3101; x_wconf 74' lang='lat' dir='ltr'><strong>orat</strong></span> <span class='ocrx_word' id='word_1_412' title='bbox 636 3051 921 3102; x_wconf 82' lang='lat' dir='ltr'><strong>admodum</strong></span> <span class='ocrx_word' id='word_1_413' title='bbox 965 3055 1018 3103; x_wconf 89' lang='lat' dir='ltr'><strong>et</strong></span> <span class='ocrx_word' id='word_1_414' title='bbox 1047 3051 1124 3105; x_wconf 84' lang='lat' dir='ltr'><strong>rei</strong></span> <span class='ocrx_word' id='word_1_415' title='bbox 1164 3050 1412 3106; x_wconf 86' lang='lat' dir='ltr'><strong>militaris</strong></span> <span class='ocrx_word' id='word_1_416' title='bbox 1460 3055 1794 3121; x_wconf 79' lang='lat' dir='ltr'><strong>experientia</strong></span> <span class='ocrx_word' id='word_1_417' title='bbox 1841 3059 2054 3113; x_wconf 89' lang='lat' dir='ltr'><strong>nemine</strong></span> 
     </span>
    </p>
   </div>
   <div class='ocr_carea' id='block_1_58' title="bbox 477 3139 2050 3212">
    <p class='ocr_par' dir='ltr' id='par_1_58' title="bbox 477 3139 2050 3212">
     <span class='ocr_line' id='line_1_58' title="bbox 477 3139 2050 3212; baseline 0.006 -19"><span class='ocrx_word' id='word_1_418' title='bbox 477 3139 744 3209; x_wconf 83' lang='lat' dir='ltr'><strong>inferior),</strong></span> <span class='ocrx_word' id='word_1_419' title='bbox 791 3140 885 3195; x_wconf 84' lang='lat' dir='ltr'><strong>sed</strong></span> <span class='ocrx_word' id='word_1_420' title='bbox 916 3141 1054 3209; x_wconf 87' lang='lat' dir='ltr'><strong>quod</strong></span> <span class='ocrx_word' id='word_1_421' title='bbox 1107 3139 1328 3195; x_wconf 85' lang='lat' dir='ltr'><strong>Tranim</strong></span> <span class='ocrx_word' id='word_1_422' title='bbox 1381 3144 1677 3212; x_wconf 78' lang='lat' dir='ltr'><strong>expugnari</strong></span> <span class='ocrx_word' id='word_1_423' title='bbox 1715 3160 1900 3201; x_wconf 79' lang='lat' dir='ltr'><strong>revera</strong></span> <span class='ocrx_word' id='word_1_424' title='bbox 1945 3163 2050 3202; x_wconf 89' lang='lat' dir='ltr'><strong>non</strong></span> 
     </span>
    </p>
   </div>
   <div class='ocr_carea' id='block_1_59' title="bbox 477 3231 2059 3315">
    <p class='ocr_par' dir='ltr' id='par_1_59' title="bbox 477 3231 2052 3306">
     <span class='ocr_line' id='line_1_59' title="bbox 477 3231 2052 3306; baseline 0.006 -23"><span class='ocrx_word' id='word_1_425' title='bbox 477 3247 630 3300; x_wconf 80' lang='lat' dir='ltr'><strong>posse</strong></span> <span class='ocrx_word' id='word_1_426' title='bbox 670 3232 854 3300; x_wconf 88' lang='lat' dir='ltr'><strong>sciret,</strong></span> <span class='ocrx_word' id='word_1_427' title='bbox 905 3231 1234 3302; x_wconf 87' lang='lat' dir='ltr'><strong>proindeque</strong></span> <span class='ocrx_word' id='word_1_428' title='bbox 1273 3242 1485 3303; x_wconf 89' lang='lat' dir='ltr'><strong>tempus</strong></span> <span class='ocrx_word' id='word_1_429' title='bbox 1537 3235 1609 3290; x_wconf 91' lang='lat' dir='ltr'><strong>ibi</strong></span> <span class='ocrx_word' id='word_1_430' title='bbox 1641 3244 1816 3292; x_wconf 80' lang='lat' dir='ltr'><strong>terere</strong></span> <span class='ocrx_word' id='word_1_431' title='bbox 1865 3254 2052 3306; x_wconf 86' lang='lat' dir='ltr'><strong>parum</strong></span> 
     </span>
    </p>
   </div>
   <div class='ocr_carea' id='block_1_60' title="bbox 2162 3231 3737 3315">
    <p class='ocr_par' dir='ltr' id='par_1_60' title="bbox 2162 3241 3737 3314">
     <span class='ocr_line' id='line_1_60' title="bbox 2162 3241 3737 3314; baseline 0 -18"><span class='ocrx_word' id='word_1_432' title='bbox 2162 3241 2294 3296; x_wconf 88' lang='grc' dir='ltr'><strong>ἀλλά</strong></span> <span class='ocrx_word' id='word_1_433' title='bbox 2323 3242 2524 3310; x_wconf 81' lang='grc' dir='ltr'>Τρᾶνιν</span> <span class='ocrx_word' id='word_1_434' title='bbox 2564 3241 2665 3296; x_wconf 79' lang='grc' dir='ltr'><strong>οὐκ</strong></span> <span class='ocrx_word' id='word_1_435' title='bbox 2698 3241 2972 3314; x_wconf 75' lang='grc' dir='ltr'>ἐπίμαχον</span> <span class='ocrx_word' id='word_1_436' title='bbox 3001 3242 3157 3307; x_wconf 76' lang='grc' dir='ltr'>εἰδὼς</span> <span class='ocrx_word' id='word_1_437' title='bbox 3190 3244 3399 3314; x_wconf 86' lang='grc' dir='ltr'>τρίϐειν</span> <span class='ocrx_word' id='word_1_438' title='bbox 3461 3243 3584 3312; x_wconf 83' lang='grc' dir='ltr'><strong>εξκῆ</strong></span> <span class='ocrx_word' id='word_1_439' title='bbox 3645 3244 3737 3296; x_wconf 76' lang='grc' dir='ltr'><strong>τὸν</strong></span> 
     </span>
    </p>
   </div>
   <div class='ocr_carea' id='block_1_61' title="bbox 474 3323 2059 3406">
    <p class='ocr_par' dir='ltr' id='par_1_61' title="bbox 474 3323 2056 3394">
     <span class='ocr_line' id='line_1_61' title="bbox 474 3323 2056 3394; baseline 0.007 -17"><span class='ocrx_word' id='word_1_440' title='bbox 474 3325 777 3379; x_wconf 89' lang='lat' dir='ltr'><strong>consultum</strong></span> <span class='ocrx_word' id='word_1_441' title='bbox 812 3324 1186 3380; x_wconf 85' lang='lat' dir='ltr'><strong>arbitraretur.</strong></span> <span class='ocrx_word' id='word_1_442' title='bbox 1225 3323 1331 3380; x_wconf 87' lang='lat' dir='ltr'><strong>Sed</strong></span> <span class='ocrx_word' id='word_1_443' title='bbox 1360 3338 1415 3380; x_wconf 91' lang='lat' dir='ltr'><strong>et</strong></span> <span class='ocrx_word' id='word_1_444' title='bbox 1445 3328 1511 3381; x_wconf 83' lang='lat' dir='ltr'><strong>ad</strong></span> <span class='ocrx_word' id='word_1_445' title='bbox 1548 3327 1714 3394; x_wconf 81' lang='lat' dir='ltr'><strong>ipsam</strong></span> <span class='ocrx_word' id='word_1_446' title='bbox 1751 3328 1926 3384; x_wconf 80' lang='lat' dir='ltr'><strong>Barim</strong></span> <span class='ocrx_word' id='word_1_447' title='bbox 1959 3348 2056 3387; x_wconf 79' lang='lat' dir='ltr'><strong>co-</strong></span> 
     </span>
    </p>
   </div>
   <div class='ocr_carea' id='block_1_62' title="bbox 2162 3323 3738 3406">
    <p class='ocr_par' dir='ltr' id='par_1_62' title="bbox 2162 3330 3738 3406">
     <span class='ocr_line' id='line_1_62' title="bbox 2162 3330 3738 3406; baseline 0 -18"><span class='ocrx_word' id='word_1_448' title='bbox 2162 3333 2348 3405; x_wconf 72' lang='grc' dir='ltr'>καιρδν</span> <span class='ocrx_word' id='word_1_449' title='bbox 2384 3331 2703 3403; x_wconf 72' lang='grc' dir='ltr'>ἀσύμφορον</span> <span class='ocrx_word' id='word_1_450' title='bbox 2725 3332 2883 3404; x_wconf 75' lang='grc' dir='ltr'>ᾤετο.</span> <span class='ocrx_word' id='word_1_451' title='bbox 2947 3334 3155 3387; x_wconf 80' lang='grc' dir='ltr'>Ἐδόκει</span> <span class='ocrx_word' id='word_1_452' title='bbox 3191 3337 3293 3404; x_wconf 80' lang='grc' dir='ltr'>μὲν</span> <span class='ocrx_word' id='word_1_453' title='bbox 3347 3330 3440 3389; x_wconf 82' lang='grc' dir='ltr'>οὖν</span> <span class='ocrx_word' id='word_1_454' title='bbox 3486 3337 3519 3406; x_wconf 67' lang='grc' dir='ltr'><strong>ἡ</strong></span> <span class='ocrx_word' id='word_1_455' title='bbox 3571 3334 3738 3403; x_wconf 76' lang='grc' dir='ltr'>Βᾶρις</span> 
     </span>
    </p>
   </div>
   <div class='ocr_carea' id='block_1_63' title="bbox 475 3420 2056 3497">
    <p class='ocr_par' dir='ltr' id='par_1_63' title="bbox 475 3420 2056 3497">
     <span class='ocr_line' id='line_1_63' title="bbox 475 3420 2056 3497; baseline 0.009 -28"><span class='ocrx_word' id='word_1_456' title='bbox 475 3421 590 3488; x_wconf 80' lang='lat' dir='ltr'><strong>pias</strong></span> <span class='ocrx_word' id='word_1_457' title='bbox 616 3424 901 3475; x_wconf 77' lang='lat' dir='ltr'><strong>admovere</strong></span> <span class='ocrx_word' id='word_1_458' title='bbox 931 3422 1070 3475; x_wconf 84' lang='lat' dir='ltr'><strong>haud</strong></span> <span class='ocrx_word' id='word_1_459' title='bbox 1100 3431 1206 3474; x_wconf 86' lang='lat' dir='ltr'><strong>tam</strong></span> <span class='ocrx_word' id='word_1_460' title='bbox 1239 3420 1397 3477; x_wconf 87' lang='lat' dir='ltr'><strong>facile</strong></span> <span class='ocrx_word' id='word_1_461' title='bbox 1424 3422 1746 3486; x_wconf 85' lang='lat' dir='ltr'><strong>videbatur:</strong></span> <span class='ocrx_word' id='word_1_462' title='bbox 1773 3442 1894 3480; x_wconf 90' lang='lat' dir='ltr'><strong>eum</strong></span> <span class='ocrx_word' id='word_1_463' title='bbox 1920 3443 2056 3497; x_wconf 71' lang='lat' dir='ltr'><strong>pne-</strong></span> 
     </span>
    </p>
   </div>
   <div class='ocr_carea' id='block_1_64' title="bbox 479 3515 2055 3586">
    <p class='ocr_par' dir='ltr' id='par_1_64' title="bbox 479 3515 2055 3586">
     <span class='ocr_line' id='line_1_64' title="bbox 479 3515 2055 3586; baseline 0.008 -21"><span class='ocrx_word' id='word_1_464' title='bbox 479 3525 721 3583; x_wconf 85' lang='lat' dir='ltr'><strong>terquam</strong></span> <span class='ocrx_word' id='word_1_465' title='bbox 750 3517 890 3585; x_wconf 86' lang='lat' dir='ltr'><strong>quod</strong></span> <span class='ocrx_word' id='word_1_466' title='bbox 925 3515 1113 3570; x_wconf 81' lang='lat' dir='ltr'><strong>validis</strong></span> <span class='ocrx_word' id='word_1_467' title='bbox 1137 3517 1446 3586; x_wconf 64' lang='lat' dir='ltr'><strong>cingi-retur</strong></span> <span class='ocrx_word' id='word_1_468' title='bbox 1471 3520 1664 3584; x_wconf 79' lang='lat' dir='ltr'><strong>inuris,</strong></span> <span class='ocrx_word' id='word_1_469' title='bbox 1697 3522 1890 3579; x_wconf 87' lang='lat' dir='ltr'><strong>idoneo</strong></span> <span class='ocrx_word' id='word_1_470' title='bbox 1921 3524 2055 3577; x_wconf 78' lang='lat' dir='ltr'><strong>har-</strong></span> 
     </span>
    </p>
   </div>
   <div class='ocr_carea' id='block_1_65' title="bbox 478 3608 2056 3682">
    <p class='ocr_par' dir='ltr' id='par_1_65' title="bbox 478 3608 2056 3682">
     <span class='ocr_line' id='line_1_65' title="bbox 478 3608 2056 3682; baseline 0.006 -19"><span class='ocrx_word' id='word_1_471' title='bbox 478 3608 731 3663; x_wconf 82' lang='lat' dir='ltr'><strong>hamrum</strong></span> <span class='ocrx_word' id='word_1_472' title='bbox 783 3610 1034 3678; x_wconf 71' lang='lat' dir='ltr'><strong>praesidio</strong></span> <span class='ocrx_word' id='word_1_473' title='bbox 1084 3621 1227 3665; x_wconf 89' lang='lat' dir='ltr'><strong>esset</strong></span> <span class='ocrx_word' id='word_1_474' title='bbox 1268 3610 1471 3664; x_wconf 90' lang='lat' dir='ltr'><strong>munita</strong></span> <span class='ocrx_word' id='word_1_475' title='bbox 1520 3628 1535 3667; x_wconf 90' lang='lat'><strong>:</strong></span> <span class='ocrx_word' id='word_1_476' title='bbox 1587 3628 1814 3682; x_wconf 86' lang='lat' dir='ltr'><strong>quorum</strong></span> <span class='ocrx_word' id='word_1_477' title='bbox 1862 3615 1951 3669; x_wconf 85' lang='lat' dir='ltr'><strong>alii</strong></span> <span class='ocrx_word' id='word_1_478' title='bbox 2002 3616 2056 3672; x_wconf 87' lang='lat' dir='ltr'><strong>in</strong></span> 
     </span>
    </p>
   </div>
   <div class='ocr_carea' id='block_1_66' title="bbox 479 3689 2058 3776">
    <p class='ocr_par' dir='ltr' id='par_1_66' title="bbox 479 3689 2058 3776">
     <span class='ocr_line' id='line_1_66' title="bbox 479 3689 2058 3776; baseline 0.008 -24"><span class='ocrx_word' id='word_1_479' title='bbox 479 3689 720 3755; x_wconf 83' lang='lat' dir='ltr'><strong>turribus</strong></span> <span class='ocrx_word' id='word_1_480' title='bbox 772 3703 967 3755; x_wconf 90' lang='lat' dir='ltr'><strong>armati</strong></span> <span class='ocrx_word' id='word_1_481' title='bbox 1019 3701 1258 3767; x_wconf 80' lang='lat' dir='ltr'><strong>stabant,</strong></span> <span class='ocrx_word' id='word_1_482' title='bbox 1309 3703 1398 3758; x_wconf 89' lang='lat' dir='ltr'><strong>alii</strong></span> <span class='ocrx_word' id='word_1_483' title='bbox 1445 3714 1570 3760; x_wconf 87' lang='lat' dir='ltr'><strong>ante</strong></span> <span class='ocrx_word' id='word_1_484' title='bbox 1617 3716 1800 3776; x_wconf 89' lang='lat' dir='ltr'><strong>portas</strong></span> <span class='ocrx_word' id='word_1_485' title='bbox 1849 3706 2058 3765; x_wconf 86' lang='lat' dir='ltr'><strong>inlinito</strong></span> 
     </span>
    </p>
   </div>
   <div class='ocr_carea' id='block_1_67' title="bbox 479 3793 2054 3868">
    <p class='ocr_par' dir='ltr' id='par_1_67' title="bbox 479 3793 2054 3868">
     <span class='ocr_line' id='line_1_67' title="bbox 479 3793 2054 3868; baseline 0.006 -24"><span class='ocrx_word' id='word_1_486' title='bbox 479 3806 645 3860; x_wconf 83' lang='lat' dir='ltr'><strong>prope</strong></span> <span class='ocrx_word' id='word_1_487' title='bbox 666 3808 895 3848; x_wconf 90' lang='lat' dir='ltr'><strong>numero</strong></span> <span class='ocrx_word' id='word_1_488' title='bbox 918 3793 1071 3849; x_wconf 81' lang='lat' dir='ltr'><strong>ell&#39;usi</strong></span> <span class='ocrx_word' id='word_1_489' title='bbox 1097 3793 1306 3861; x_wconf 87' lang='lat' dir='ltr'><strong>pedites</strong></span> <span class='ocrx_word' id='word_1_490' title='bbox 1335 3796 1651 3865; x_wconf 86' lang='lat' dir='ltr'><strong>equitesque</strong></span> <span class='ocrx_word' id='word_1_491' title='bbox 1681 3797 1904 3868; x_wconf 89' lang='lat' dir='ltr'><strong>perinde</strong></span> <span class='ocrx_word' id='word_1_492' title='bbox 1930 3815 2054 3855; x_wconf 92' lang='lat' dir='ltr'><strong>cum</strong></span> 
     </span>
    </p>
   </div>
   <div class='ocr_carea' id='block_1_68' title="bbox 479 3884 2060 3947">
    <p class='ocr_par' dir='ltr' id='par_1_68' title="bbox 479 3884 2060 3947">
     <span class='ocr_line' id='line_1_68' title="bbox 479 3884 2060 3947; baseline 0.006 -10"><span class='ocrx_word' id='word_1_493' title='bbox 479 3884 649 3939; x_wconf 85' lang='lat' dir='ltr'><strong>armis</strong></span> <span class='ocrx_word' id='word_1_494' title='bbox 684 3885 1072 3941; x_wconf 84' lang='lat' dir='ltr'><strong>consistebant.</strong></span> <span class='ocrx_word' id='word_1_495' title='bbox 1103 3886 1184 3939; x_wconf 86' lang='lat' dir='ltr'><strong>Ad</strong></span> <span class='ocrx_word' id='word_1_496' title='bbox 1218 3887 1330 3941; x_wconf 70' lang='lat' dir='ltr'><strong>haec</strong></span> <span class='ocrx_word' id='word_1_497' title='bbox 1358 3898 1491 3942; x_wconf 74' lang='lat' dir='ltr'><strong>aestu</strong></span> <span class='ocrx_word' id='word_1_498' title='bbox 1525 3887 1741 3943; x_wconf 90' lang='lat' dir='ltr'><strong>insolito</strong></span> <span class='ocrx_word' id='word_1_499' title='bbox 1772 3888 1981 3947; x_wconf 75' lang='lat' dir='ltr'><strong>fervens</strong></span> <span class='ocrx_word' id='word_1_500' title='bbox 2005 3902 2060 3947; x_wconf 90' lang='lat' dir='ltr'><strong>et</strong></span> 
     </span>
    </p>
   </div>
   <div class='ocr_carea' id='block_1_69' title="bbox 479 3969 2060 4049">
    <p class='ocr_par' dir='ltr' id='par_1_69' title="bbox 479 3969 2060 4049">
     <span class='ocr_line' id='line_1_69' title="bbox 479 3969 2060 4049; baseline 0.005 -19"><span class='ocrx_word' id='word_1_501' title='bbox 479 3969 852 4032; x_wconf 81' lang='lat' dir='ltr'><strong>intumescens</strong></span> <span class='ocrx_word' id='word_1_502' title='bbox 881 3992 1030 4032; x_wconf 89' lang='lat' dir='ltr'><strong>mare</strong></span> <span class='ocrx_word' id='word_1_503' title='bbox 1069 3977 1290 4049; x_wconf 78' lang='lat' dir='ltr'><strong>jamjam</strong></span> <span class='ocrx_word' id='word_1_504' title='bbox 1323 3980 1552 4034; x_wconf 86' lang='lat' dir='ltr'><strong>navibus</strong></span> <span class='ocrx_word' id='word_1_505' title='bbox 1591 3979 1863 4036; x_wconf 87' lang='lat' dir='ltr'><strong>interitum</strong></span> <span class='ocrx_word' id='word_1_506' title='bbox 1895 3983 2060 4038; x_wconf 88' lang='lat' dir='ltr'><strong>mini-</strong></span> 
     </span>
    </p>
   </div>
   <div class='ocr_carea' id='block_1_70' title="bbox 479 4069 2061 4144">
    <p class='ocr_par' dir='ltr' id='par_1_70' title="bbox 479 4069 2061 4144">
     <span class='ocr_line' id='line_1_70' title="bbox 479 4069 2061 4144; baseline 0.005 -21"><span class='ocrx_word' id='word_1_507' title='bbox 479 4071 717 4124; x_wconf 85' lang='lat' dir='ltr'><strong>tabatur.</strong></span> <span class='ocrx_word' id='word_1_508' title='bbox 753 4069 886 4124; x_wconf 88' lang='lat' dir='ltr'><strong>Cum</strong></span> <span class='ocrx_word' id='word_1_509' title='bbox 919 4070 1086 4140; x_wconf 79' lang='lat' dir='ltr'><strong>igitur</strong></span> <span class='ocrx_word' id='word_1_510' title='bbox 1117 4070 1284 4125; x_wconf 87' lang='lat' dir='ltr'><strong>ardua</strong></span> <span class='ocrx_word' id='word_1_511' title='bbox 1318 4073 1498 4126; x_wconf 89' lang='lat' dir='ltr'><strong>omnia</strong></span> <span class='ocrx_word' id='word_1_512' title='bbox 1548 4073 1790 4144; x_wconf 87' lang='lat' dir='ltr'><strong>undique</strong></span> <span class='ocrx_word' id='word_1_513' title='bbox 1824 4090 1888 4131; x_wconf 87' lang='lat' dir='ltr'><strong>ac</strong></span> <span class='ocrx_word' id='word_1_514' title='bbox 1918 4076 2061 4131; x_wconf 80' lang='lat' dir='ltr'><strong>dilli-</strong></span> 
     </span>
    </p>
   </div>
   <div class='ocr_carea' id='block_1_71' title="bbox 481 4165 2062 4240">
    <p class='ocr_par' dir='ltr' id='par_1_71' title="bbox 481 4165 2062 4240">
     <span class='ocr_line' id='line_1_71' title="bbox 481 4165 2062 4240; baseline 0.007 -23"><span class='ocrx_word' id='word_1_515' title='bbox 481 4166 606 4218; x_wconf 89' lang='lat' dir='ltr'><strong>cilia</strong></span> <span class='ocrx_word' id='word_1_516' title='bbox 639 4179 860 4234; x_wconf 89' lang='lat' dir='ltr'><strong>prorsus</strong></span> <span class='ocrx_word' id='word_1_517' title='bbox 892 4165 1224 4229; x_wconf 87' lang='lat' dir='ltr'><strong>viderentur,</strong></span> <span class='ocrx_word' id='word_1_518' title='bbox 1262 4181 1370 4221; x_wconf 90' lang='lat' dir='ltr'><strong>non</strong></span> <span class='ocrx_word' id='word_1_519' title='bbox 1403 4167 1526 4223; x_wconf 90' lang='lat' dir='ltr'><strong>ideo</strong></span> <span class='ocrx_word' id='word_1_520' title='bbox 1558 4177 1740 4224; x_wconf 87' lang='lat' dir='ltr'><strong>tamen</strong></span> <span class='ocrx_word' id='word_1_521' title='bbox 1774 4183 1923 4240; x_wconf 86' lang='lat' dir='ltr'><strong>spem</strong></span> <span class='ocrx_word' id='word_1_522' title='bbox 1970 4171 2062 4228; x_wconf 83' lang='lat' dir='ltr'><strong>ille</strong></span> 
     </span>
    </p>
   </div>
   <div class='ocr_carea' id='block_1_72' title="bbox 481 4257 2062 4331">
    <p class='ocr_par' dir='ltr' id='par_1_72' title="bbox 481 4257 2062 4331">
     <span class='ocr_line' id='line_1_72' title="bbox 481 4257 2062 4331; baseline 0.003 -19"><span class='ocrx_word' id='word_1_523' title='bbox 481 4273 696 4313; x_wconf 90' lang='lat' dir='ltr'><strong>omnem</strong></span> <span class='ocrx_word' id='word_1_524' title='bbox 722 4257 1010 4327; x_wconf 83' lang='lat' dir='ltr'><strong>abjecerat.</strong></span> <span class='ocrx_word' id='word_1_525' title='bbox 1037 4257 1228 4312; x_wconf 88' lang='lat' dir='ltr'><strong>Sedata</strong></span> <span class='ocrx_word' id='word_1_526' title='bbox 1251 4259 1414 4328; x_wconf 80' lang='lat' dir='ltr'><strong>igitur</strong></span> <span class='ocrx_word' id='word_1_527' title='bbox 1435 4261 1691 4331; x_wconf 78' lang='lat' dir='ltr'><strong>postridie</strong></span> <span class='ocrx_word' id='word_1_528' title='bbox 1719 4271 2062 4330; x_wconf 82' lang='lat' dir='ltr'><strong>tempestate,</strong></span> 
     </span>
    </p>
   </div>
   <div class='ocr_carea' id='block_1_73' title="bbox 484 4350 2061 4426">
    <p class='ocr_par' dir='ltr' id='par_1_73' title="bbox 484 4350 2061 4426">
     <span class='ocr_line' id='line_1_73' title="bbox 484 4350 2061 4426; baseline 0.003 -20"><span class='ocrx_word' id='word_1_529' title='bbox 484 4366 598 4406; x_wconf 90' lang='lat' dir='ltr'><strong>rem</strong></span> <span class='ocrx_word' id='word_1_530' title='bbox 632 4350 846 4422; x_wconf 77' lang='lat' dir='ltr'><strong>aggredi</strong></span> <span class='ocrx_word' id='word_1_531' title='bbox 882 4351 1181 4407; x_wconf 86' lang='lat' dir='ltr'><strong>constituit.</strong></span> <span class='ocrx_word' id='word_1_532' title='bbox 1210 4352 1278 4406; x_wconf 80' lang='lat' dir='ltr'><strong>At</strong></span> <span class='ocrx_word' id='word_1_533' title='bbox 1310 4367 1432 4408; x_wconf 90' lang='lat' dir='ltr'><strong>cum</strong></span> <span class='ocrx_word' id='word_1_534' title='bbox 1465 4353 1597 4409; x_wconf 81' lang='lat' dir='ltr'><strong>nihil</strong></span> <span class='ocrx_word' id='word_1_535' title='bbox 1648 4355 1760 4409; x_wconf 80' lang='lat' dir='ltr'><strong>fere</strong></span> <span class='ocrx_word' id='word_1_536' title='bbox 1805 4355 1970 4426; x_wconf 76' lang='lat'><strong>139</strong></span> <span class='ocrx_word' id='word_1_537' title='bbox 1997 4372 2061 4411; x_wconf 73' lang='lat' dir='ltr'><strong>ex</strong></span> 
     </span>
    </p>
   </div>
   <div class='ocr_carea' id='block_1_74' title="bbox 483 4443 2067 4516">
    <p class='ocr_par' dir='ltr' id='par_1_74' title="bbox 483 4443 2067 4516">
     <span class='ocr_line' id='line_1_74' title="bbox 483 4443 2067 4516; baseline 0.003 -19"><span class='ocrx_word' id='word_1_538' title='bbox 483 4443 649 4497; x_wconf 90' lang='lat' dir='ltr'><strong>animi</strong></span> <span class='ocrx_word' id='word_1_539' title='bbox 682 4443 950 4497; x_wconf 81' lang='lat' dir='ltr'><strong>sententia</strong></span> <span class='ocrx_word' id='word_1_540' title='bbox 988 4445 1303 4499; x_wconf 87' lang='lat' dir='ltr'><strong>succederet</strong></span> <span class='ocrx_word' id='word_1_541' title='bbox 1335 4444 1593 4512; x_wconf 90' lang='lat' dir='ltr'><strong>(hostium</strong></span> <span class='ocrx_word' id='word_1_542' title='bbox 1629 4447 1770 4501; x_wconf 91' lang='lat' dir='ltr'><strong>enim</strong></span> <span class='ocrx_word' id='word_1_543' title='bbox 1800 4447 1889 4501; x_wconf 89' lang='lat' dir='ltr'><strong>alii</strong></span> <span class='ocrx_word' id='word_1_544' title='bbox 1931 4447 2067 4516; x_wconf 79' lang='lat' dir='ltr'><strong>lapi-</strong></span> 
     </span>
    </p>
   </div>
   <div class='ocr_carea' id='block_1_75' title="bbox 485 4535 2061 4605">
    <p class='ocr_par' dir='ltr' id='par_1_75' title="bbox 485 4535 2061 4605">
     <span class='ocr_line' id='line_1_75' title="bbox 485 4535 2061 4605; baseline 0.001 -15"><span class='ocrx_word' id='word_1_545' title='bbox 485 4536 580 4590; x_wconf 88' lang='lat' dir='ltr'><strong>des</strong></span> <span class='ocrx_word' id='word_1_546' title='bbox 615 4545 670 4590; x_wconf 93' lang='lat' dir='ltr'><strong>et</strong></span> <span class='ocrx_word' id='word_1_547' title='bbox 700 4535 843 4604; x_wconf 74' lang='lat' dir='ltr'><strong>ligna</strong></span> <span class='ocrx_word' id='word_1_548' title='bbox 896 4546 949 4592; x_wconf 89' lang='lat' dir='ltr'><strong>et</strong></span> <span class='ocrx_word' id='word_1_549' title='bbox 977 4537 1336 4605; x_wconf 88' lang='lat' dir='ltr'><strong>quodcunque</strong></span> <span class='ocrx_word' id='word_1_550' title='bbox 1379 4540 1699 4593; x_wconf 89' lang='lat' dir='ltr'><strong>occurrebat</strong></span> <span class='ocrx_word' id='word_1_551' title='bbox 1728 4541 1794 4594; x_wconf 85' lang='lat' dir='ltr'><strong>ad</strong></span> <span class='ocrx_word' id='word_1_552' title='bbox 1842 4555 2061 4593; x_wconf 86' lang='lat' dir='ltr'><strong>manum</strong></span> 
     </span>
    </p>
   </div>
   <div class='ocr_carea' id='block_1_76' title="bbox 2157 3426 3740 3498">
    <p class='ocr_par' dir='ltr' id='par_1_76' title="bbox 2157 3426 3740 3498">
     <span class='ocr_line' id='line_1_76' title="bbox 2157 3426 3740 3498; baseline 0 -18"><span class='ocrx_word' id='word_1_553' title='bbox 2157 3426 2458 3498; x_wconf 84' lang='grc' dir='ltr'>ἀπρόσοδος</span> <span class='ocrx_word' id='word_1_554' title='bbox 2497 3427 2646 3495; x_wconf 80' lang='grc' dir='ltr'>αὐτῷ</span> <span class='ocrx_word' id='word_1_555' title='bbox 2682 3428 2880 3498; x_wconf 79' lang='grc' dir='ltr'>πάντη’</span> <span class='ocrx_word' id='word_1_556' title='bbox 2909 3427 3064 3498; x_wconf 73' lang='grc' dir='ltr'>τείχη</span> <span class='ocrx_word' id='word_1_557' title='bbox 3096 3443 3157 3480; x_wconf 72' lang='grc' dir='ltr'><strong>τε.</strong></span> <span class='ocrx_word' id='word_1_558' title='bbox 3195 3429 3305 3497; x_wconf 76' lang='grc' dir='ltr'><strong>γὰρ</strong></span> <span class='ocrx_word' id='word_1_559' title='bbox 3351 3428 3522 3497; x_wconf 80' lang='grc' dir='ltr'>αὐτὴν</span> <span class='ocrx_word' id='word_1_560' title='bbox 3581 3444 3740 3496; x_wconf 80' lang='grc' dir='ltr'>περιο</span> 
     </span>
    </p>
   </div>
   <div class='ocr_carea' id='block_1_77' title="bbox 2157 3516 3740 3592">
    <p class='ocr_par' dir='ltr' id='par_1_77' title="bbox 2157 3516 3740 3592">
     <span class='ocr_line' id='line_1_77' title="bbox 2157 3516 3740 3592; baseline 0.001 -21"><span class='ocrx_word' id='word_1_561' title='bbox 2157 3516 2358 3583; x_wconf 81' lang='grc' dir='ltr'>εζὼννυ</span> <span class='ocrx_word' id='word_1_562' title='bbox 2398 3519 2664 3589; x_wconf 78' lang='grc' dir='ltr'>καρτερὰ,</span> <span class='ocrx_word' id='word_1_563' title='bbox 2693 3521 2785 3574; x_wconf 73' lang='grc' dir='ltr'>καὶ</span> <span class='ocrx_word' id='word_1_564' title='bbox 2832 3519 3124 3590; x_wconf 82' lang='grc' dir='ltr'>βαρϐάρων</span> <span class='ocrx_word' id='word_1_565' title='bbox 3153 3520 3383 3591; x_wconf 83' lang='grc' dir='ltr'>στρατιά</span> <span class='ocrx_word' id='word_1_566' title='bbox 3422 3522 3471 3575; x_wconf 79' lang='lat' dir='ltr'><strong>oi</strong></span> <span class='ocrx_word' id='word_1_567' title='bbox 3517 3520 3616 3592; x_wconf 77' lang='grc' dir='ltr'>μὲν</span> <span class='ocrx_word' id='word_1_568' title='bbox 3647 3522 3740 3575; x_wconf 73' lang='grc' dir='ltr'><strong>ἐπὶ</strong></span> 
     </span>
    </p>
   </div>
   <div class='ocr_carea' id='block_1_78' title="bbox 2156 3608 3746 3682">
    <p class='ocr_par' dir='ltr' id='par_1_78' title="bbox 2156 3608 3746 3682">
     <span class='ocr_line' id='line_1_78' title="bbox 2156 3608 3746 3682; baseline 0.004 -20"><span class='ocrx_word' id='word_1_569' title='bbox 2156 3610 2265 3662; x_wconf 80' lang='grc' dir='ltr'><strong>τῶν</strong></span> <span class='ocrx_word' id='word_1_570' title='bbox 2294 3608 2570 3674; x_wconf 77' lang='grc' dir='ltr'>ἐπάλξεων</span> <span class='ocrx_word' id='word_1_571' title='bbox 2611 3609 3062 3677; x_wconf 75' lang='grc' dir='ltr'>ὁπλενδυτοῦντες</span> <span class='ocrx_word' id='word_1_572' title='bbox 3091 3612 3406 3682; x_wconf 67' lang='grc' dir='ltr'>ἐνέστησαν,</span> <span class='ocrx_word' id='word_1_573' title='bbox 3438 3614 3487 3666; x_wconf 81' lang='grc' dir='ltr'>οἱ</span> <span class='ocrx_word' id='word_1_574' title='bbox 3527 3612 3583 3666; x_wconf 66' lang='grc' dir='ltr'>δὲ</span> <span class='ocrx_word' id='word_1_575' title='bbox 3648 3615 3746 3668; x_wconf 82' lang='grc' dir='ltr'>ἀν-</span> 
     </span>
    </p>
   </div>
   <div class='ocr_carea' id='block_1_79' title="bbox 2159 3700 3744 3774">
    <p class='ocr_par' dir='ltr' id='par_1_79' title="bbox 2159 3700 3744 3774">
     <span class='ocr_line' id='line_1_79' title="bbox 2159 3700 3744 3774; baseline 0.001 -17"><span class='ocrx_word' id='word_1_576' title='bbox 2159 3700 2396 3772; x_wconf 80' lang='grc' dir='ltr'>άριθμός</span> <span class='ocrx_word' id='word_1_577' title='bbox 2425 3718 2513 3765; x_wconf 84' lang='grc' dir='ltr'><strong>τις</strong></span> <span class='ocrx_word' id='word_1_578' title='bbox 2547 3701 2737 3772; x_wconf 82' lang='grc' dir='ltr'>ὅμιλος</span> <span class='ocrx_word' id='word_1_579' title='bbox 2763 3702 2950 3757; x_wconf 85' lang='grc' dir='ltr'>πυλῶν</span> <span class='ocrx_word' id='word_1_580' title='bbox 2979 3701 3351 3774; x_wconf 81' lang='grc' dir='ltr'>προχυθέντες</span> <span class='ocrx_word' id='word_1_581' title='bbox 3377 3704 3533 3769; x_wconf 78' lang='grc' dir='ltr'>πεζοί</span> <span class='ocrx_word' id='word_1_582' title='bbox 3557 3721 3616 3758; x_wconf 85' lang='grc' dir='ltr'><strong>τε</strong></span> <span class='ocrx_word' id='word_1_583' title='bbox 3646 3706 3744 3758; x_wconf 70' lang='grc' dir='ltr'>καὶ</span> 
     </span>
    </p>
   </div>
   <div class='ocr_carea' id='block_1_80' title="bbox 2161 3787 3741 3870">
    <p class='ocr_par' dir='ltr' id='par_1_80' title="bbox 2161 3787 3741 3870">
     <span class='ocr_line' id='line_1_80' title="bbox 2161 3787 3741 3870; baseline -0.001 -19"><span class='ocrx_word' id='word_1_584' title='bbox 2161 3797 2347 3861; x_wconf 75' lang='grc' dir='ltr'>ἱππεῖς</span> <span class='ocrx_word' id='word_1_585' title='bbox 2377 3795 2472 3864; x_wconf 77' lang='grc' dir='ltr'><strong>ξὺν</strong></span> <span class='ocrx_word' id='word_1_586' title='bbox 2497 3799 2609 3861; x_wconf 87' lang='grc' dir='ltr'>τοῖς</span> <span class='ocrx_word' id='word_1_587' title='bbox 2646 3797 2834 3860; x_wconf 83' lang='grc' dir='ltr'>ὅπλοις</span> <span class='ocrx_word' id='word_1_588' title='bbox 2871 3793 3201 3869; x_wconf 62' lang='grc' dir='ltr'>ἐπεφέροντο</span> <span class='ocrx_word' id='word_1_589' title='bbox 3222 3797 3392 3867; x_wconf 79' lang='grc' dir='ltr'>αὐτῷ.</span> <span class='ocrx_word' id='word_1_590' title='bbox 3415 3795 3504 3870; x_wconf 86' lang='grc' dir='ltr'>[Ρ.</span> <span class='ocrx_word' id='word_1_591' title='bbox 3541 3796 3633 3870; x_wconf 85' lang='lat' dir='ltr'><strong>8i]</strong></span> <span class='ocrx_word' id='word_1_592' title='bbox 3675 3787 3741 3850; x_wconf 80' lang='grc' dir='ltr'><em>Ἣ</em></span> 
     </span>
    </p>
   </div>
   <div class='ocr_carea' id='block_1_81' title="bbox 2161 3888 3749 3961">
    <p class='ocr_par' dir='ltr' id='par_1_81' title="bbox 2161 3888 3749 3961">
     <span class='ocr_line' id='line_1_81' title="bbox 2161 3888 3749 3961; baseline -0.001 -17"><span class='ocrx_word' id='word_1_593' title='bbox 2161 3891 2405 3946; x_wconf 82' lang='grc' dir='ltr'>θάλασσα</span> <span class='ocrx_word' id='word_1_594' title='bbox 2449 3888 2506 3945; x_wconf 80' lang='grc' dir='ltr'>δὲ</span> <span class='ocrx_word' id='word_1_595' title='bbox 2538 3889 2786 3959; x_wconf 80' lang='grc' dir='ltr'>σφοδρῶς</span> <span class='ocrx_word' id='word_1_596' title='bbox 2826 3889 3226 3961; x_wconf 70' lang='grc' dir='ltr'>ἑπεγειρομένη</span> <span class='ocrx_word' id='word_1_597' title='bbox 3269 3890 3557 3944; x_wconf 84' lang='grc' dir='ltr'>καταδύειν</span> <span class='ocrx_word' id='word_1_598' title='bbox 3586 3891 3749 3960; x_wconf 54' lang='lat' dir='ltr'><strong>hirsi-</strong></span> 
     </span>
    </p>
   </div>
   <div class='ocr_carea' id='block_1_82' title="bbox 2159 3981 3744 4054">
    <p class='ocr_par' dir='ltr' id='par_1_82' title="bbox 2159 3981 3744 4054">
     <span class='ocr_line' id='line_1_82' title="bbox 2159 3981 3744 4054; baseline -0.004 -17"><span class='ocrx_word' id='word_1_599' title='bbox 2159 3985 2242 4038; x_wconf 87' lang='grc' dir='ltr'><strong>λει</strong></span> <span class='ocrx_word' id='word_1_600' title='bbox 2267 3982 2367 4046; x_wconf 81' lang='grc' dir='ltr'><strong>τὰς</strong></span> <span class='ocrx_word' id='word_1_601' title='bbox 2411 3983 2565 4048; x_wconf 86' lang='grc' dir='ltr'>ναῦς.</span> <span class='ocrx_word' id='word_1_602' title='bbox 2623 3982 2684 4036; x_wconf 86' lang='lat'><strong>&#39;0</strong></span> <span class='ocrx_word' id='word_1_603' title='bbox 2744 3983 2802 4037; x_wconf 76' lang='grc' dir='ltr'>δὲ</span> <span class='ocrx_word' id='word_1_604' title='bbox 2851 3981 3029 4037; x_wconf 85' lang='grc' dir='ltr'>καίτοι</span> <span class='ocrx_word' id='word_1_605' title='bbox 3079 3982 3418 4054; x_wconf 82' lang='grc' dir='ltr'>πανταχόθεν</span> <span class='ocrx_word' id='word_1_606' title='bbox 3456 3982 3602 4051; x_wconf 68' lang='grc' dir='ltr'>αὖτῴ</span> <span class='ocrx_word' id='word_1_607' title='bbox 3634 3984 3744 4037; x_wconf 71' lang='grc' dir='ltr'><strong>τῶν</strong></span> 
     </span>
    </p>
   </div>
   <div class='ocr_carea' id='block_1_83' title="bbox 2163 4071 3763 4144">
    <p class='ocr_par' dir='ltr' id='par_1_83' title="bbox 2163 4071 3763 4144">
     <span class='ocr_line' id='line_1_83' title="bbox 2163 4071 3763 4144; baseline 0 -15"><span class='ocrx_word' id='word_1_608' title='bbox 2163 4073 2509 4144; x_wconf 83' lang='grc' dir='ltr'>πραγμάτων</span> <span class='ocrx_word' id='word_1_609' title='bbox 2569 4072 2789 4143; x_wconf 88' lang='grc' dir='ltr'>ἀπόρων</span> <span class='ocrx_word' id='word_1_610' title='bbox 2815 4071 3007 4136; x_wconf 74' lang='grc' dir='ltr'>ὄντων,</span> <span class='ocrx_word' id='word_1_611' title='bbox 3036 4073 3136 4126; x_wconf 89' lang='grc' dir='ltr'>οὐκ</span> <span class='ocrx_word' id='word_1_612' title='bbox 3160 4071 3266 4139; x_wconf 79' lang='grc' dir='ltr'><strong>ἔξω</strong></span> <span class='ocrx_word' id='word_1_613' title='bbox 3298 4074 3474 4144; x_wconf 80' lang='grc' dir='ltr'>πάντη</span> <span class='ocrx_word' id='word_1_614' title='bbox 3509 4073 3763 4129; x_wconf 65' lang='grc' dir='ltr'>ἐλπίδων.</span> 
     </span>
    </p>
   </div>
   <div class='ocr_carea' id='block_1_84' title="bbox 2163 4161 3736 4242">
    <p class='ocr_par' dir='ltr' id='par_1_84' title="bbox 2163 4161 3736 4242">
     <span class='ocr_line' id='line_1_84' title="bbox 2163 4161 3736 4242; baseline 0.002 -24"><span class='ocrx_word' id='word_1_615' title='bbox 2163 4164 2506 4242; x_wconf 35' lang='grc' dir='ltr'>ἐγένετοκτῇ</span> <span class='ocrx_word' id='word_1_616' title='bbox 2543 4162 2771 4235; x_wconf 70' lang='grc' dir='ltr'>ἐπιούσῃ</span> <span class='ocrx_word' id='word_1_617' title='bbox 2797 4161 2927 4231; x_wconf 82' lang='grc' dir='ltr'>γοῦν</span> <span class='ocrx_word' id='word_1_618' title='bbox 2978 4163 3087 4218; x_wconf 84' lang='grc' dir='ltr'><strong>τῶν</strong></span> <span class='ocrx_word' id='word_1_619' title='bbox 3120 4165 3376 4234; x_wconf 80' lang='grc' dir='ltr'>κυμάτων</span> <span class='ocrx_word' id='word_1_620' title='bbox 3406 4166 3541 4228; x_wconf 76' lang='grc' dir='ltr'>τέως</span> <span class='ocrx_word' id='word_1_621' title='bbox 3571 4168 3736 4242; x_wconf 11' lang='grc' dir='ltr'>ἀπηλγ</span> 
     </span>
    </p>
   </div>
   <div class='ocr_carea' id='block_1_85' title="bbox 2163 4236 3745 4331">
    <p class='ocr_par' dir='ltr' id='par_1_85' title="bbox 2163 4236 3745 4331">
     <span class='ocr_line' id='line_1_85' title="bbox 2163 4236 3745 4331; baseline 0.003 -23"><span class='ocrx_word' id='word_1_622' title='bbox 2163 4236 2433 4325; x_wconf 77' lang='grc' dir='ltr'>λαγμένος</span> <span class='ocrx_word' id='word_1_623' title='bbox 2468 4252 2632 4324; x_wconf 69' lang='grc' dir='ltr'>ἐργου</span> <span class='ocrx_word' id='word_1_624' title='bbox 2668 4251 2894 4324; x_wconf 75' lang='grc' dir='ltr'>ἔχεσθαι</span> <span class='ocrx_word' id='word_1_625' title='bbox 2924 4254 3140 4324; x_wconf 69' lang='grc' dir='ltr'>ἤθελεν.</span> <span class='ocrx_word' id='word_1_626' title='bbox 3181 4254 3271 4320; x_wconf 82' lang='grc' dir='ltr'>Ὠς</span> <span class='ocrx_word' id='word_1_627' title='bbox 3311 4256 3369 4309; x_wconf 79' lang='grc' dir='ltr'>δὲ</span> <span class='ocrx_word' id='word_1_628' title='bbox 3405 4259 3574 4328; x_wconf 77' lang='grc' dir='ltr'>μηδὲν</span> <span class='ocrx_word' id='word_1_629' title='bbox 3594 4240 3745 4331; x_wconf 77' lang='grc' dir='ltr'><strong>αὺτῷ</strong></span> 
     </span>
    </p>
   </div>
   <div class='ocr_carea' id='block_1_86' title="bbox 2166 4349 3748 4424">
    <p class='ocr_par' dir='ltr' id='par_1_86' title="bbox 2166 4349 3748 4424">
     <span class='ocr_line' id='line_1_86' title="bbox 2166 4349 3748 4424; baseline 0.002 -17"><span class='ocrx_word' id='word_1_630' title='bbox 2166 4351 2475 4423; x_wconf 80' lang='grc' dir='ltr'>προύχώρει</span> <span class='ocrx_word' id='word_1_631' title='bbox 2495 4350 2748 4423; x_wconf 77' lang='grc' dir='ltr'>(τῶνγὰρ</span> <span class='ocrx_word' id='word_1_632' title='bbox 2773 4349 3046 4420; x_wconf 84' lang='grc' dir='ltr'>πολεμίων</span> <span class='ocrx_word' id='word_1_633' title='bbox 3071 4352 3120 4406; x_wconf 75' lang='grc' dir='ltr'>οἱ</span> <span class='ocrx_word' id='word_1_634' title='bbox 3142 4353 3239 4424; x_wconf 72' lang='grc' dir='ltr'><strong>μέν</strong></span> <span class='ocrx_word' id='word_1_635' title='bbox 3255 4352 3438 4409; x_wconf 68' lang='grc' dir='ltr'>λίθους</span> <span class='ocrx_word' id='word_1_636' title='bbox 3480 4356 3575 4408; x_wconf 73' lang='grc' dir='ltr'><strong>καὶ</strong></span> <span class='ocrx_word' id='word_1_637' title='bbox 3614 4356 3748 4421; x_wconf 80' lang='grc' dir='ltr'>ξύλα</span> 
     </span>
    </p>
   </div>
   <div class='ocr_carea' id='block_1_87' title="bbox 2166 4442 3746 4517">
    <p class='ocr_par' dir='ltr' id='par_1_87' title="bbox 2166 4442 3746 4517">
     <span class='ocr_line' id='line_1_87' title="bbox 2166 4442 3746 4517; baseline -0.001 -17"><span class='ocrx_word' id='word_1_638' title='bbox 2166 4446 2259 4500; x_wconf 77' lang='grc' dir='ltr'>καὶ</span> <span class='ocrx_word' id='word_1_639' title='bbox 2276 4446 2385 4499; x_wconf 80' lang='grc' dir='ltr'>πᾶν</span> <span class='ocrx_word' id='word_1_640' title='bbox 2404 4443 2463 4498; x_wconf 77' lang='grc' dir='ltr'>τὸ</span> <span class='ocrx_word' id='word_1_641' title='bbox 2492 4461 2566 4497; x_wconf 91' lang='grc' dir='ltr'><strong>πα</strong></span> <span class='ocrx_word' id='word_1_642' title='bbox 2575 4442 2807 4514; x_wconf 84' lang='grc' dir='ltr'>ρατυχδν</span> <span class='ocrx_word' id='word_1_643' title='bbox 2823 4442 3060 4512; x_wconf 82' lang='grc' dir='ltr'>νιφάδων</span> <span class='ocrx_word' id='word_1_644' title='bbox 3075 4443 3230 4516; x_wconf 80' lang='grc' dir='ltr'>δίκην</span> <span class='ocrx_word' id='word_1_645' title='bbox 3247 4448 3312 4501; x_wconf 77' lang='grc' dir='ltr'>ἐκ</span> <span class='ocrx_word' id='word_1_646' title='bbox 3343 4446 3449 4500; x_wconf 86' lang='grc' dir='ltr'><strong>τῶν</strong></span> <span class='ocrx_word' id='word_1_647' title='bbox 3467 4448 3746 4517; x_wconf 78' lang='grc' dir='ltr'>ἐπάλξεων</span> 
     </span>
    </p>
   </div>
   <div class='ocr_carea' id='block_1_88' title="bbox 2167 4533 3749 4615">
    <p class='ocr_par' dir='ltr' id='par_1_88' title="bbox 2167 4533 3749 4615">
     <span class='ocr_line' id='line_1_88' title="bbox 2167 4533 3749 4615; baseline 0.003 -26"><span class='ocrx_word' id='word_1_648' title='bbox 2167 4538 2268 4591; x_wconf 78' lang='grc' dir='ltr'><strong>ἐπ’</strong></span> <span class='ocrx_word' id='word_1_649' title='bbox 2287 4536 2454 4589; x_wconf 75' lang='grc' dir='ltr'>αὑτὸν</span> <span class='ocrx_word' id='word_1_650' title='bbox 2471 4534 2804 4605; x_wconf 73' lang='grc' dir='ltr'>ἔπεμπον,οἱ</span> <span class='ocrx_word' id='word_1_651' title='bbox 2831 4533 2888 4588; x_wconf 75' lang='grc' dir='ltr'>δὲ</span> <span class='ocrx_word' id='word_1_652' title='bbox 2918 4535 3014 4589; x_wconf 65' lang='grc' dir='ltr'>καὶ</span> <span class='ocrx_word' id='word_1_653' title='bbox 3035 4535 3144 4589; x_wconf 84' lang='grc' dir='ltr'>ἀπὸ</span> <span class='ocrx_word' id='word_1_654' title='bbox 3167 4536 3272 4606; x_wconf 82' lang='grc' dir='ltr'><strong>γῆς</strong></span> <span class='ocrx_word' id='word_1_655' title='bbox 3293 4538 3473 4608; x_wconf 77' lang='grc' dir='ltr'>βέλεσι</span> <span class='ocrx_word' id='word_1_656' title='bbox 3498 4541 3589 4595; x_wconf 85' lang='grc' dir='ltr'>τὸν</span> <span class='ocrx_word' id='word_1_657' title='bbox 3609 4543 3749 4615; x_wconf 74' lang='grc' dir='ltr'>ἀέρα</span> 
     </span>
    </p>
   </div>
   <div class='ocr_carea' id='block_1_89' title="bbox 488 4615 2059 4706">
    <p class='ocr_par' dir='ltr' id='par_1_89' title="bbox 488 4628 2059 4702">
     <span class='ocr_line' id='line_1_89' title="bbox 488 4628 2059 4702; baseline 0.001 -18"><span class='ocrx_word' id='word_1_658' title='bbox 488 4629 694 4684; x_wconf 73' lang='lat' dir='ltr'><strong>nivium</strong></span> <span class='ocrx_word' id='word_1_659' title='bbox 727 4628 901 4684; x_wconf 87' lang='lat' dir='ltr'><strong>instar</strong></span> <span class='ocrx_word' id='word_1_660' title='bbox 926 4644 957 4684; x_wconf 88' lang='lat' dir='ltr'><strong>e</strong></span> <span class='ocrx_word' id='word_1_661' title='bbox 988 4633 1227 4685; x_wconf 86' lang='lat' dir='ltr'><strong>turribus</strong></span> <span class='ocrx_word' id='word_1_662' title='bbox 1260 4631 1578 4686; x_wconf 86' lang='lat' dir='ltr'><strong>emittebant</strong></span> <span class='ocrx_word' id='word_1_663' title='bbox 1612 4648 1628 4686; x_wconf 90' lang='lat'><strong>:</strong></span> <span class='ocrx_word' id='word_1_664' title='bbox 1663 4631 1774 4696; x_wconf 86' lang='lat' dir='ltr'><strong>alii,</strong></span> <span class='ocrx_word' id='word_1_665' title='bbox 1807 4634 1895 4702; x_wconf 87' lang='lat' dir='ltr'><strong>qui</strong></span> <span class='ocrx_word' id='word_1_666' title='bbox 1929 4632 2059 4686; x_wconf 81' lang='lat' dir='ltr'><strong>infra</strong></span> 
     </span>
    </p>
   </div>
   <div class='ocr_carea' id='block_1_90' title="bbox 2162 4615 3750 4706">
    <p class='ocr_par' dir='ltr' id='par_1_90' title="bbox 2173 4628 3750 4706">
     <span class='ocr_line' id='line_1_90' title="bbox 2173 4628 3750 4706; baseline 0.003 -22"><span class='ocrx_word' id='word_1_667' title='bbox 2173 4629 2469 4697; x_wconf 66' lang='grc' dir='ltr'>ἐσκίαζον),</span> <span class='ocrx_word' id='word_1_668' title='bbox 2503 4629 2776 4700; x_wconf 80' lang='grc' dir='ltr'>ὲντροπήν</span> <span class='ocrx_word' id='word_1_669' title='bbox 2818 4646 2940 4682; x_wconf 87' lang='grc' dir='ltr'>τινα</span> <span class='ocrx_word' id='word_1_670' title='bbox 2967 4631 3027 4681; x_wconf 86' lang='grc' dir='ltr'>ἐν</span> <span class='ocrx_word' id='word_1_671' title='bbox 3054 4628 3131 4699; x_wconf 82' lang='grc' dir='ltr'><strong>τῷ</strong></span> <span class='ocrx_word' id='word_1_672' title='bbox 3157 4631 3475 4701; x_wconf 81' lang='grc' dir='ltr'>παραυτίκα</span> <span class='ocrx_word' id='word_1_673' title='bbox 3514 4646 3750 4706; x_wconf 65' lang='lat' dir='ltr'><strong>usitati;—</strong></span> 
     </span>
    </p>
   </div>
   <div class='ocr_carea' id='block_1_91' title="bbox 485 4720 2072 4793">
    <p class='ocr_par' dir='ltr' id='par_1_91' title="bbox 485 4720 2072 4793">
     <span class='ocr_line' id='line_1_91' title="bbox 485 4720 2072 4793; baseline 0.001 -14"><span class='ocrx_word' id='word_1_674' title='bbox 485 4721 722 4789; x_wconf 87' lang='lat' dir='ltr'><strong>stabant,</strong></span> <span class='ocrx_word' id='word_1_675' title='bbox 747 4720 1121 4793; x_wconf 81' lang='lat' dir='ltr'><strong>frequentibus</strong></span> <span class='ocrx_word' id='word_1_676' title='bbox 1139 4723 1258 4779; x_wconf 88' lang='lat' dir='ltr'><strong>telis</strong></span> <span class='ocrx_word' id='word_1_677' title='bbox 1280 4723 1885 4792; x_wconf 58' lang='lat' dir='ltr'><strong>obscurahantiaerem),</strong></span> <span class='ocrx_word' id='word_1_678' title='bbox 1910 4725 2072 4780; x_wconf 86' lang='lat' dir='ltr'><strong>inter-</strong></span> 
     </span>
    </p>
   </div>
   <div class='ocr_carea' id='block_1_92' title="bbox 2171 4718 3753 4800">
    <p class='ocr_par' dir='ltr' id='par_1_92' title="bbox 2171 4718 3753 4800">
     <span class='ocr_line' id='line_1_92' title="bbox 2171 4718 3753 4800; baseline 0.01 -34"><span class='ocrx_word' id='word_1_679' title='bbox 2171 4721 2332 4791; x_wconf 78' lang='grc' dir='ltr'>μένος</span> <span class='ocrx_word' id='word_1_680' title='bbox 2366 4721 2469 4787; x_wconf 72' lang='grc' dir='ltr'><strong>ἔξω</strong></span> <span class='ocrx_word' id='word_1_681' title='bbox 2495 4718 2665 4792; x_wconf 84' lang='grc' dir='ltr'>βελῶν</span> <span class='ocrx_word' id='word_1_682' title='bbox 2694 4718 2928 4789; x_wconf 79' lang='grc' dir='ltr'>ἐγίνετο,</span> <span class='ocrx_word' id='word_1_683' title='bbox 2954 4719 3133 4788; x_wconf 85' lang='grc' dir='ltr'>λόγοις</span> <span class='ocrx_word' id='word_1_684' title='bbox 3156 4737 3214 4775; x_wconf 83' lang='grc' dir='ltr'><strong>τε</strong></span> <span class='ocrx_word' id='word_1_685' title='bbox 3246 4724 3304 4785; x_wconf 68' lang='grc' dir='ltr'>ἐς</span> <span class='ocrx_word' id='word_1_686' title='bbox 3333 4723 3532 4789; x_wconf 78' lang='grc' dir='ltr'>αὐτοὺς</span> <span class='ocrx_word' id='word_1_687' title='bbox 3548 4726 3753 4800; x_wconf 71' lang='grc' dir='ltr'>ἐχρῆτο</span> 
     </span>
    </p>
   </div>
   <div class='ocr_carea' id='block_1_93' title="bbox 487 4812 2059 4891">
    <p class='ocr_par' dir='ltr' id='par_1_93' title="bbox 487 4813 2059 4884">
     <span class='ocr_line' id='line_1_93' title="bbox 487 4813 2059 4884; baseline 0.001 -15"><span class='ocrx_word' id='word_1_688' title='bbox 487 4813 806 4869; x_wconf 88' lang='lat' dir='ltr'><strong>mittendam</strong></span> <span class='ocrx_word' id='word_1_689' title='bbox 839 4814 892 4868; x_wconf 89' lang='lat' dir='ltr'><strong>in</strong></span> <span class='ocrx_word' id='word_1_690' title='bbox 927 4813 1176 4884; x_wconf 64' lang='lat' dir='ltr'><strong>praesenti</strong></span> <span class='ocrx_word' id='word_1_691' title='bbox 1209 4814 1666 4884; x_wconf 71' lang='lat' dir='ltr'><strong>oppugnationem</strong></span> <span class='ocrx_word' id='word_1_692' title='bbox 1720 4824 1870 4869; x_wconf 83' lang='lat' dir='ltr'><strong>ratus</strong></span> <span class='ocrx_word' id='word_1_693' title='bbox 1915 4825 2059 4870; x_wconf 78' lang='lat' dir='ltr'><strong>extra</strong></span> 
     </span>
    </p>
   </div>
   <div class='ocr_carea' id='block_1_94' title="bbox 2162 4812 3752 4891">
    <p class='ocr_par' dir='ltr' id='par_1_94' title="bbox 2169 4812 3752 4891">
     <span class='ocr_line' id='line_1_94' title="bbox 2169 4812 3752 4891; baseline -0.004 -21"><span class='ocrx_word' id='word_1_694' title='bbox 2169 4814 2352 4882; x_wconf 76' lang='grc' dir='ltr'>ἀγαθά</span> <span class='ocrx_word' id='word_1_695' title='bbox 2382 4814 2418 4868; x_wconf 77' lang='grc' dir='ltr'><strong>ὃ,</strong></span> <span class='ocrx_word' id='word_1_696' title='bbox 2447 4814 2545 4884; x_wconf 78' lang='grc' dir='ltr'>μὲν</span> <span class='ocrx_word' id='word_1_697' title='bbox 2562 4812 2763 4867; x_wconf 77' lang='grc' dir='ltr'>αὐτίκα</span> <span class='ocrx_word' id='word_1_698' title='bbox 2792 4818 3040 4881; x_wconf 82' lang='grc' dir='ltr'>ποιήσειν</span> <span class='ocrx_word' id='word_1_699' title='bbox 3071 4814 3544 4886; x_wconf 75' lang='grc' dir='ltr'>ἐπαγγελλόμενος</span> <span class='ocrx_word' id='word_1_700' title='bbox 3567 4822 3615 4873; x_wconf 75' lang='grc' dir='ltr'><strong>εί</strong></span> <span class='ocrx_word' id='word_1_701' title='bbox 3649 4820 3752 4891; x_wconf 78' lang='grc' dir='ltr'><strong>βα-</strong></span> 
     </span>
    </p>
   </div>
   <div class='ocr_carea' id='block_1_95' title="bbox 486 4904 2070 4978">
    <p class='ocr_par' dir='ltr' id='par_1_95' title="bbox 486 4904 2070 4978">
     <span class='ocr_line' id='line_1_95' title="bbox 486 4904 2070 4978; baseline -0.002 -16"><span class='ocrx_word' id='word_1_702' title='bbox 486 4906 583 4962; x_wconf 86' lang='lat' dir='ltr'><strong>teli</strong></span> <span class='ocrx_word' id='word_1_703' title='bbox 621 4906 822 4975; x_wconf 77' lang='lat' dir='ltr'><strong>iactum</strong></span> <span class='ocrx_word' id='word_1_704' title='bbox 858 4906 1084 4963; x_wconf 86' lang='lat' dir='ltr'><strong>recessit</strong></span> <span class='ocrx_word' id='word_1_705' title='bbox 1122 4916 1176 4962; x_wconf 91' lang='lat' dir='ltr'><strong>et</strong></span> <span class='ocrx_word' id='word_1_706' title='bbox 1215 4904 1415 4976; x_wconf 89' lang='lat' dir='ltr'><strong>pacisci</strong></span> <span class='ocrx_word' id='word_1_707' title='bbox 1455 4920 1577 4960; x_wconf 88' lang='lat' dir='ltr'><strong>cum</strong></span> <span class='ocrx_word' id='word_1_708' title='bbox 1609 4906 1854 4962; x_wconf 81' lang='lat' dir='ltr'><strong>hostibus</strong></span> <span class='ocrx_word' id='word_1_709' title='bbox 1883 4909 2070 4978; x_wconf 61' lang='lat' dir='ltr'><strong>coepit,</strong></span> 
     </span>
    </p>
   </div>
   <div class='ocr_carea' id='block_1_96' title="bbox 490 5000 2068 5072">
    <p class='ocr_par' dir='ltr' id='par_1_96' title="bbox 490 5000 2068 5072">
     <span class='ocr_line' id='line_1_96' title="bbox 490 5000 2068 5072; baseline 0 -16"><span class='ocrx_word' id='word_1_710' title='bbox 490 5001 660 5056; x_wconf 86' lang='lat' dir='ltr'><strong>multa</strong></span> <span class='ocrx_word' id='word_1_711' title='bbox 697 5001 763 5056; x_wconf 90' lang='lat' dir='ltr'><strong>iis</strong></span> <span class='ocrx_word' id='word_1_712' title='bbox 791 5002 931 5058; x_wconf 84' lang='lat' dir='ltr'><strong>bona</strong></span> <span class='ocrx_word' id='word_1_713' title='bbox 964 5000 1259 5072; x_wconf 84' lang='lat' dir='ltr'><strong>pollicitus,</strong></span> <span class='ocrx_word' id='word_1_714' title='bbox 1292 5015 1411 5068; x_wconf 74' lang='lat' dir='ltr'><strong>qua:</strong></span> <span class='ocrx_word' id='word_1_715' title='bbox 1449 5000 1570 5055; x_wconf 69' lang='lat' dir='ltr'><strong>seSe</strong></span> <span class='ocrx_word' id='word_1_716' title='bbox 1595 5003 1792 5070; x_wconf 87' lang='lat' dir='ltr'><strong>partim</strong></span> <span class='ocrx_word' id='word_1_717' title='bbox 1820 5001 2068 5056; x_wconf 80' lang='lat' dir='ltr'><strong>daturum</strong></span> 
     </span>
    </p>
   </div>
   <div class='ocr_carea' id='block_1_97' title="bbox 493 5083 2070 5162">
    <p class='ocr_par' dir='ltr' id='par_1_97' title="bbox 493 5083 2070 5162">
     <span class='ocr_line' id='line_1_97' title="bbox 493 5083 2070 5162; baseline 0.001 -16"><span class='ocrx_word' id='word_1_718' title='bbox 493 5083 780 5148; x_wconf 82' lang='lat' dir='ltr'><strong>confestim</strong></span> <span class='ocrx_word' id='word_1_719' title='bbox 805 5092 1122 5160; x_wconf 78' lang='lat' dir='ltr'><strong>spondebat,</strong></span> <span class='ocrx_word' id='word_1_720' title='bbox 1154 5093 1196 5145; x_wconf 88' lang='lat' dir='ltr'><strong>si</strong></span> <span class='ocrx_word' id='word_1_721' title='bbox 1233 5090 1418 5145; x_wconf 87' lang='lat' dir='ltr'><strong>urbem</strong></span> <span class='ocrx_word' id='word_1_722' title='bbox 1446 5091 1581 5146; x_wconf 87' lang='lat' dir='ltr'><strong>citra</strong></span> <span class='ocrx_word' id='word_1_723' title='bbox 1611 5090 1849 5161; x_wconf 74' lang='lat' dir='ltr'><strong>przelium</strong></span> <span class='ocrx_word' id='word_1_724' title='bbox 1877 5107 2070 5162; x_wconf 78' lang='lat' dir='ltr'><strong>magno</strong></span> 
     </span>
    </p>
   </div>
   <div class='ocr_carea' id='block_1_98' title="bbox 496 5183 2070 5254">
    <p class='ocr_par' dir='ltr' id='par_1_98' title="bbox 496 5183 2070 5254">
     <span class='ocr_line' id='line_1_98' title="bbox 496 5183 2070 5254; baseline 0 -16"><span class='ocrx_word' id='word_1_725' title='bbox 496 5184 753 5239; x_wconf 89' lang='lat' dir='ltr'><strong>dederent</strong></span> <span class='ocrx_word' id='word_1_726' title='bbox 776 5184 1110 5254; x_wconf 86' lang='lat' dir='ltr'><strong>imperatori,</strong></span> <span class='ocrx_word' id='word_1_727' title='bbox 1133 5183 1326 5254; x_wconf 86' lang='lat' dir='ltr'><strong>partim</strong></span> <span class='ocrx_word' id='word_1_728' title='bbox 1356 5183 1587 5239; x_wconf 88' lang='lat' dir='ltr'><strong>subinde</strong></span> <span class='ocrx_word' id='word_1_729' title='bbox 1616 5183 1881 5253; x_wconf 88' lang='lat' dir='ltr'><strong>speranda</strong></span> <span class='ocrx_word' id='word_1_730' title='bbox 1917 5185 2070 5253; x_wconf 75' lang='lat' dir='ltr'><strong>inge-</strong></span> 
     </span>
    </p>
   </div>
   <div class='ocr_carea' id='block_1_99' title="bbox 2171 4904 3752 4981">
    <p class='ocr_par' dir='ltr' id='par_1_99' title="bbox 2171 4904 3752 4981">
     <span class='ocr_line' id='line_1_99' title="bbox 2171 4904 3752 4981; baseline 0.004 -20"><span class='ocrx_word' id='word_1_731' title='bbox 2171 4908 2313 4961; x_wconf 82' lang='grc' dir='ltr'>σιλεῖ</span> <span class='ocrx_word' id='word_1_732' title='bbox 2352 4907 2578 4980; x_wconf 84' lang='grc' dir='ltr'>μεγάλῳ</span> <span class='ocrx_word' id='word_1_733' title='bbox 2603 4904 2703 4976; x_wconf 68' lang='grc' dir='ltr'>τὴν</span> <span class='ocrx_word' id='word_1_734' title='bbox 2739 4904 2895 4961; x_wconf 82' lang='grc' dir='ltr'>πόλιν</span> <span class='ocrx_word' id='word_1_735' title='bbox 2922 4907 3170 4976; x_wconf 74' lang='grc' dir='ltr'>ἀμαχητὶ</span> <span class='ocrx_word' id='word_1_736' title='bbox 3222 4906 3752 4981; x_wconf 71' lang='grc' dir='ltr'>παραϐἠσουσιν,ὧν</span> 
     </span>
    </p>
   </div>
   <div class='ocr_carea' id='block_1_100' title="bbox 2169 4994 3754 5075">
    <p class='ocr_par' dir='ltr' id='par_1_100' title="bbox 2169 4994 3754 5075">
     <span class='ocr_line' id='line_1_100' title="bbox 2169 4994 3754 5075; baseline 0.006 -25"><span class='ocrx_word' id='word_1_737' title='bbox 2169 4996 2226 5050; x_wconf 77' lang='grc' dir='ltr'>δὲ</span> <span class='ocrx_word' id='word_1_738' title='bbox 2260 4998 2354 5051; x_wconf 68' lang='grc' dir='ltr'><strong>καὶ</strong></span> <span class='ocrx_word' id='word_1_739' title='bbox 2381 4994 2576 5050; x_wconf 80' lang='grc' dir='ltr'>ἐλπίδα</span> <span class='ocrx_word' id='word_1_740' title='bbox 2607 4994 2908 5049; x_wconf 72' lang='grc' dir='ltr'>ὑποτείνων</span> <span class='ocrx_word' id='word_1_741' title='bbox 2938 4995 3088 5066; x_wconf 53' lang='grc' dir='ltr'><strong>ἑξῆς</strong></span> <span class='ocrx_word' id='word_1_742' title='bbox 3126 4995 3333 5052; x_wconf 88' lang='grc' dir='ltr'>τούτων</span> <span class='ocrx_word' id='word_1_743' title='bbox 3362 5001 3671 5075; x_wconf 68' lang='grc' dir='ltr'>ίπειδήπερ</span> <span class='ocrx_word' id='word_1_744' title='bbox 3699 5005 3754 5059; x_wconf 75' lang='lat' dir='ltr'><strong>el</strong></span> 
     </span>
    </p>
   </div>
   <div class='ocr_carea' id='block_1_101' title="bbox 2175 5087 3751 5164">
    <p class='ocr_par' dir='ltr' id='par_1_101' title="bbox 2175 5087 3751 5164">
     <span class='ocr_line' id='line_1_101' title="bbox 2175 5087 3751 5164; baseline 0.011 -28"><span class='ocrx_word' id='word_1_745' title='bbox 2175 5088 2268 5142; x_wconf 70' lang='grc' dir='ltr'><strong>ἐπὶ</strong></span> <span class='ocrx_word' id='word_1_746' title='bbox 2295 5090 2392 5160; x_wconf 80' lang='grc' dir='ltr'>τῆς</span> <span class='ocrx_word' id='word_1_747' title='bbox 2415 5087 2624 5153; x_wconf 78' lang='grc' dir='ltr'>πόλεως</span> <span class='ocrx_word' id='word_1_748' title='bbox 2655 5088 2916 5158; x_wconf 68' lang='grc' dir='ltr'>ἤκουσαν,</span> <span class='ocrx_word' id='word_1_749' title='bbox 2953 5090 3164 5144; x_wconf 79' lang='grc' dir='ltr'>ἱππέων</span> <span class='ocrx_word' id='word_1_750' title='bbox 3189 5092 3554 5163; x_wconf 76' lang='grc' dir='ltr'>ἐκδραμόντες</span> <span class='ocrx_word' id='word_1_751' title='bbox 3579 5098 3751 5164; x_wconf 61' lang='grc' dir='ltr'>τινες,</span> 
     </span>
    </p>
   </div>
   <div class='ocr_carea' id='block_1_102' title="bbox 2174 5180 3754 5255">
    <p class='ocr_par' dir='ltr' id='par_1_102' title="bbox 2174 5180 3754 5255">
     <span class='ocr_line' id='line_1_102' title="bbox 2174 5180 3754 5255; baseline 0.005 -18"><span class='ocrx_word' id='word_1_752' title='bbox 2174 5185 2224 5238; x_wconf 83' lang='lat' dir='ltr'><strong>oi.</strong></span> <span class='ocrx_word' id='word_1_753' title='bbox 2242 5182 2299 5239; x_wconf 73' lang='lat' dir='ltr'><strong>st</strong></span> <span class='ocrx_word' id='word_1_754' title='bbox 2322 5180 2739 5250; x_wconf 77' lang='grc' dir='ltr'>καὶλεμϐαδίοις</span> <span class='ocrx_word' id='word_1_755' title='bbox 2774 5182 3063 5249; x_wconf 68' lang='grc' dir='ltr'>ἐμϐάντες,</span> <span class='ocrx_word' id='word_1_756' title='bbox 3103 5185 3446 5255; x_wconf 81' lang='grc' dir='ltr'>παρεκάλουν</span> <span class='ocrx_word' id='word_1_757' title='bbox 3467 5188 3629 5241; x_wconf 79' lang='grc' dir='ltr'>αὐτὸν</span> <span class='ocrx_word' id='word_1_758' title='bbox 3657 5191 3754 5244; x_wconf 75' lang='grc' dir='ltr'><strong>ἐπὶ</strong></span> 
     </span>
    </p>
   </div>
   <div class='ocr_carea' id='block_1_103' title="bbox 495 5271 2059 5348">
    <p class='ocr_par' dir='ltr' id='par_1_103' title="bbox 495 5276 2059 5348">
     <span class='ocr_line' id='line_1_103' title="bbox 495 5276 2059 5348; baseline 0 -16"><span class='ocrx_word' id='word_1_759' title='bbox 495 5277 667 5333; x_wconf 89' lang='lat' dir='ltr'><strong>rebat.</strong></span> <span class='ocrx_word' id='word_1_760' title='bbox 691 5276 957 5348; x_wconf 77' lang='lat' dir='ltr'><strong>Oppidani</strong></span> <span class='ocrx_word' id='word_1_761' title='bbox 985 5276 1146 5331; x_wconf 86' lang='lat' dir='ltr'><strong>simul</strong></span> <span class='ocrx_word' id='word_1_762' title='bbox 1170 5286 1332 5346; x_wconf 81' lang='lat' dir='ltr'><strong>atque</strong></span> <span class='ocrx_word' id='word_1_763' title='bbox 1353 5277 1405 5333; x_wconf 90' lang='lat' dir='ltr'><strong>id</strong></span> <span class='ocrx_word' id='word_1_764' title='bbox 1430 5291 1709 5347; x_wconf 87' lang='lat' dir='ltr'><strong>accepere,</strong></span> <span class='ocrx_word' id='word_1_765' title='bbox 1741 5276 1832 5331; x_wconf 83' lang='lat' dir='ltr'><strong>alii</strong></span> <span class='ocrx_word' id='word_1_766' title='bbox 1862 5279 2059 5347; x_wconf 76' lang='lat' dir='ltr'><strong>equites</strong></span> 
     </span>
    </p>
   </div>
   <div class='ocr_carea' id='block_1_104' title="bbox 2162 5271 3754 5348">
    <p class='ocr_par' dir='ltr' id='par_1_104' title="bbox 2173 5271 3754 5346">
     <span class='ocr_line' id='line_1_104' title="bbox 2173 5271 3754 5346; baseline 0.001 -18"><span class='ocrx_word' id='word_1_767' title='bbox 2173 5277 2274 5346; x_wconf 84' lang='grc' dir='ltr'>τὴν</span> <span class='ocrx_word' id='word_1_768' title='bbox 2300 5273 2455 5327; x_wconf 82' lang='grc' dir='ltr'>πόλιν</span> <span class='ocrx_word' id='word_1_769' title='bbox 2478 5271 2613 5326; x_wconf 85' lang='grc' dir='ltr'>ἱέναι</span> <span class='ocrx_word' id='word_1_770' title='bbox 2637 5272 2894 5327; x_wconf 82' lang='grc' dir='ltr'>ἀνακεκλι</span> <span class='ocrx_word' id='word_1_771' title='bbox 2901 5272 3070 5343; x_wconf 81' lang='grc' dir='ltr'>μένας</span> <span class='ocrx_word' id='word_1_772' title='bbox 3093 5275 3190 5337; x_wconf 77' lang='grc' dir='ltr'><strong>τὰς</strong></span> <span class='ocrx_word' id='word_1_773' title='bbox 3208 5273 3382 5339; x_wconf 88' lang='grc' dir='ltr'>πύλας</span> <span class='ocrx_word' id='word_1_774' title='bbox 3400 5277 3754 5333; x_wconf 54' lang='grc' dir='ltr'>ὑποδεικνύων.</span> 
     </span>
    </p>
   </div>
   <div class='ocr_carea' id='block_1_105' title="bbox 493 5370 2071 5442">
    <p class='ocr_par' dir='ltr' id='par_1_105' title="bbox 493 5370 2071 5442">
     <span class='ocr_line' id='line_1_105' title="bbox 493 5370 2071 5442; baseline 0.003 -20"><span class='ocrx_word' id='word_1_775' title='bbox 493 5373 784 5439; x_wconf 78' lang='lat' dir='ltr'><strong>excedunt,</strong></span> <span class='ocrx_word' id='word_1_776' title='bbox 823 5371 912 5426; x_wconf 91' lang='lat' dir='ltr'><strong>alii</strong></span> <span class='ocrx_word' id='word_1_777' title='bbox 959 5372 1186 5441; x_wconf 80' lang='lat' dir='ltr'><strong>scaphas</strong></span> <span class='ocrx_word' id='word_1_778' title='bbox 1220 5370 1618 5442; x_wconf 77' lang='lat' dir='ltr'><strong>ingrediuntur,</strong></span> <span class='ocrx_word' id='word_1_779' title='bbox 1655 5387 1888 5441; x_wconf 85' lang='lat' dir='ltr'><strong>eumque</strong></span> <span class='ocrx_word' id='word_1_780' title='bbox 1933 5372 2071 5426; x_wconf 90' lang='lat' dir='ltr'><strong>iuvi-</strong></span> 
     </span>
    </p>
   </div>
   <div class='ocr_carea' id='block_1_106' title="bbox 496 5448 2069 5532">
    <p class='ocr_par' dir='ltr' id='par_1_106' title="bbox 496 5448 2069 5532">
     <span class='ocr_line' id='line_1_106' title="bbox 496 5448 2069 5532; baseline 0.001 -15"><span class='ocrx_word' id='word_1_781' title='bbox 496 5472 614 5518; x_wconf 88' lang='lat' dir='ltr'><strong>tant</strong></span> <span class='ocrx_word' id='word_1_782' title='bbox 635 5474 698 5520; x_wconf 88' lang='lat' dir='ltr'><strong>ut</strong></span> <span class='ocrx_word' id='word_1_783' title='bbox 724 5466 780 5520; x_wconf 85' lang='lat' dir='ltr'><strong>in</strong></span> <span class='ocrx_word' id='word_1_784' title='bbox 808 5465 1020 5528; x_wconf 88' lang='lat' dir='ltr'><strong>urbem,</strong></span> <span class='ocrx_word' id='word_1_785' title='bbox 1043 5448 1195 5532; x_wconf 73' lang='lat' dir='ltr'><strong>cujus</strong></span> <span class='ocrx_word' id='word_1_786' title='bbox 1219 5466 1458 5520; x_wconf 86' lang='lat' dir='ltr'><strong>reclusas</strong></span> <span class='ocrx_word' id='word_1_787' title='bbox 1480 5463 1835 5520; x_wconf 87' lang='lat' dir='ltr'><strong>ostendebant</strong></span> <span class='ocrx_word' id='word_1_788' title='bbox 1867 5474 2069 5532; x_wconf 86' lang='lat' dir='ltr'><strong>portas,</strong></span> 
     </span>
    </p>
   </div>
   <div class='ocr_carea' id='block_1_107' title="bbox 2176 5359 3757 5442">
    <p class='ocr_par' dir='ltr' id='par_1_107' title="bbox 2176 5359 3757 5442">
     <span class='ocr_line' id='line_1_107' title="bbox 2176 5359 3757 5442; baseline 0.003 -20"><span class='ocrx_word' id='word_1_789' title='bbox 2176 5384 2289 5429; x_wconf 83' lang='grc' dir='ltr'>τες.</span> <span class='ocrx_word' id='word_1_790' title='bbox 2307 5365 2363 5419; x_wconf 85' lang='grc'><strong>’0</strong></span> <span class='ocrx_word' id='word_1_791' title='bbox 2377 5367 2433 5419; x_wconf 80' lang='grc' dir='ltr'>δὲ</span> <span class='ocrx_word' id='word_1_792' title='bbox 2447 5365 2626 5430; x_wconf 75' lang='grc' dir='ltr'>δείσας</span> <span class='ocrx_word' id='word_1_793' title='bbox 2643 5366 2778 5438; x_wconf 70' lang='grc' dir='ltr'>ὅπερ</span> <span class='ocrx_word' id='word_1_794' title='bbox 2793 5359 2861 5438; x_wconf 85' lang='grc' dir='ltr'>ἦν</span> <span class='ocrx_word' id='word_1_795' title='bbox 2877 5365 2952 5435; x_wconf 81' lang='grc' dir='ltr'>μὴ</span> <span class='ocrx_word' id='word_1_796' title='bbox 2968 5362 3210 5436; x_wconf 79' lang='grc' dir='ltr'>ὲξαπάτη</span> <span class='ocrx_word' id='word_1_797' title='bbox 3228 5385 3311 5430; x_wconf 76' lang='grc' dir='ltr'><strong>τις</strong></span> <span class='ocrx_word' id='word_1_798' title='bbox 3324 5367 3406 5438; x_wconf 74' lang='grc' dir='ltr'><strong>εἴη</strong></span> <span class='ocrx_word' id='word_1_799' title='bbox 3420 5368 3482 5422; x_wconf 78' lang='grc' dir='ltr'>τὸ</span> <span class='ocrx_word' id='word_1_800' title='bbox 3497 5372 3757 5442; x_wconf 75' lang='grc' dir='ltr'>πρᾶγμα,</span> 
     </span>
    </p>
   </div>
   <div class='ocr_carea' id='block_1_108' title="bbox 2177 5458 3757 5534">
    <p class='ocr_par' dir='ltr' id='par_1_108' title="bbox 2177 5458 3757 5534">
     <span class='ocr_line' id='line_1_108' title="bbox 2177 5458 3757 5534; baseline 0.004 -19"><span class='ocrx_word' id='word_1_801' title='bbox 2177 5462 2236 5525; x_wconf 73' lang='grc' dir='ltr'>ἐς</span> <span class='ocrx_word' id='word_1_802' title='bbox 2259 5463 2456 5534; x_wconf 76' lang='grc' dir='ltr'>πεῖραν</span> <span class='ocrx_word' id='word_1_803' title='bbox 2484 5459 2683 5532; x_wconf 76' lang='grc' dir='ltr'>ἐχώρει</span> <span class='ocrx_word' id='word_1_804' title='bbox 2709 5460 2992 5530; x_wconf 83' lang='grc' dir='ltr'>πρότερον.</span> <span class='ocrx_word' id='word_1_805' title='bbox 3027 5458 3281 5514; x_wconf 75' lang='grc' dir='ltr'>Ἐκέλευε</span> <span class='ocrx_word' id='word_1_806' title='bbox 3306 5460 3488 5515; x_wconf 85' lang='grc' dir='ltr'>τοίνυν</span> <span class='ocrx_word' id='word_1_807' title='bbox 3523 5465 3632 5518; x_wconf 83' lang='grc' dir='ltr'><strong>τῶν</strong></span> <span class='ocrx_word' id='word_1_808' title='bbox 3655 5465 3757 5521; x_wconf 74' lang='grc' dir='ltr'>σὺν</span> 
     </span>
    </p>
   </div>
   <div class='ocr_carea' id='block_1_109' title="bbox 497 5551 2059 5630">
    <p class='ocr_par' dir='ltr' id='par_1_109' title="bbox 497 5555 2059 5624">
     <span class='ocr_line' id='line_1_109' title="bbox 497 5555 2059 5624; baseline 0 -15"><span class='ocrx_word' id='word_1_809' title='bbox 497 5557 728 5613; x_wconf 86' lang='lat' dir='ltr'><strong>veniret.</strong></span> <span class='ocrx_word' id='word_1_810' title='bbox 778 5555 846 5612; x_wconf 83' lang='lat' dir='ltr'><strong>At</strong></span> <span class='ocrx_word' id='word_1_811' title='bbox 894 5557 982 5614; x_wconf 89' lang='lat' dir='ltr'><strong>ille</strong></span> <span class='ocrx_word' id='word_1_812' title='bbox 1031 5574 1100 5614; x_wconf 90' lang='lat' dir='ltr'><strong>ne</strong></span> <span class='ocrx_word' id='word_1_813' title='bbox 1147 5558 1301 5614; x_wconf 87' lang='lat' dir='ltr'><strong>dolus</strong></span> <span class='ocrx_word' id='word_1_814' title='bbox 1335 5559 1579 5614; x_wconf 84' lang='lat' dir='ltr'><strong>subesset</strong></span> <span class='ocrx_word' id='word_1_815' title='bbox 1626 5558 1850 5616; x_wconf 84' lang='lat' dir='ltr'><strong>veritus,</strong></span> <span class='ocrx_word' id='word_1_816' title='bbox 1898 5555 2059 5624; x_wconf 72' lang='lat' dir='ltr'><strong>prime</strong></span> 
     </span>
    </p>
   </div>
   <div class='ocr_carea' id='block_1_110' title="bbox 2162 5551 3752 5630">
    <p class='ocr_par' dir='ltr' id='par_1_110' title="bbox 2176 5551 3752 5630">
     <span class='ocr_line' id='line_1_110' title="bbox 2176 5551 3752 5630; baseline 0.001 -20"><span class='ocrx_word' id='word_1_817' title='bbox 2176 5554 2325 5628; x_wconf 77' lang='grc' dir='ltr'>αὐτῷ</span> <span class='ocrx_word' id='word_1_818' title='bbox 2345 5557 2477 5627; x_wconf 78' lang='grc' dir='ltr'>μίαν</span> <span class='ocrx_word' id='word_1_819' title='bbox 2496 5555 2632 5608; x_wconf 86' lang='grc' dir='ltr'>νεῶν</span> <span class='ocrx_word' id='word_1_820' title='bbox 2658 5554 2754 5606; x_wconf 68' lang='grc' dir='ltr'><strong>ἐπὶ</strong></span> <span class='ocrx_word' id='word_1_821' title='bbox 2774 5551 3057 5625; x_wconf 70' lang='grc' dir='ltr'>τὴνάκτῆν</span> <span class='ocrx_word' id='word_1_822' title='bbox 3090 5552 3414 5630; x_wconf 37' lang='grc' dir='ltr'>ίένάινδῆθεν</span> <span class='ocrx_word' id='word_1_823' title='bbox 3448 5558 3752 5629; x_wconf 75' lang='grc' dir='ltr'>ὁρμισομέ-</span> 
     </span>
    </p>
   </div>
   <div class='ocr_carea' id='block_1_111' title="bbox 496 5649 2072 5720">
    <p class='ocr_par' dir='ltr' id='par_1_111' title="bbox 496 5649 2072 5720">
     <span class='ocr_line' id='line_1_111' title="bbox 496 5649 2072 5720; baseline -0.001 -14"><span class='ocrx_word' id='word_1_824' title='bbox 496 5649 709 5706; x_wconf 78' lang='lat' dir='ltr'><strong>animos</strong></span> <span class='ocrx_word' id='word_1_825' title='bbox 735 5651 947 5707; x_wconf 89' lang='lat' dir='ltr'><strong>illorum</strong></span> <span class='ocrx_word' id='word_1_826' title='bbox 986 5661 1198 5708; x_wconf 84' lang='lat' dir='ltr'><strong>tentare</strong></span> <span class='ocrx_word' id='word_1_827' title='bbox 1229 5652 1439 5711; x_wconf 85' lang='lat' dir='ltr'><strong>statuit.</strong></span> <span class='ocrx_word' id='word_1_828' title='bbox 1467 5650 1639 5707; x_wconf 80' lang='lat' dir='ltr'><strong>Jussit</strong></span> <span class='ocrx_word' id='word_1_829' title='bbox 1671 5650 1853 5720; x_wconf 85' lang='lat' dir='ltr'><strong>itaque</strong></span> <span class='ocrx_word' id='word_1_830' title='bbox 1883 5663 2072 5705; x_wconf 84' lang='lat' dir='ltr'><strong>navem</strong></span> 
     </span>
    </p>
   </div>
   <div class='ocr_carea' id='block_1_112' title="bbox 2177 5640 3749 5723">
    <p class='ocr_par' dir='ltr' id='par_1_112' title="bbox 2177 5640 3749 5723">
     <span class='ocr_line' id='line_1_112' title="bbox 2177 5640 3749 5723; baseline 0.001 -21"><span class='ocrx_word' id='word_1_831' title='bbox 2177 5665 2277 5718; x_wconf 80' lang='grc' dir='ltr'>νην</span> <span class='ocrx_word' id='word_1_832' title='bbox 2295 5665 2308 5680; x_wconf 89' lang='grc'><strong>·</strong></span> <span class='ocrx_word' id='word_1_833' title='bbox 2329 5647 2442 5701; x_wconf 81' lang='grc' dir='ltr'>ἀλλ’</span> <span class='ocrx_word' id='word_1_834' title='bbox 2475 5645 2594 5717; x_wconf 72' lang='grc' dir='ltr'>ἅμα</span> <span class='ocrx_word' id='word_1_835' title='bbox 2625 5663 2682 5699; x_wconf 82' lang='grc' dir='ltr'><strong>τε</strong></span> <span class='ocrx_word' id='word_1_836' title='bbox 2711 5644 3044 5718; x_wconf 87' lang='grc' dir='ltr'>προσιοῦσαν</span> <span class='ocrx_word' id='word_1_837' title='bbox 3065 5640 3208 5700; x_wconf 70' lang='grc' dir='ltr'>εἶδον</span> <span class='ocrx_word' id='word_1_838' title='bbox 3236 5645 3404 5720; x_wconf 68' lang='grc' dir='ltr'>αὐτὴν</span> <span class='ocrx_word' id='word_1_839' title='bbox 3422 5647 3472 5705; x_wconf 84' lang='lat' dir='ltr'><strong>al</strong></span> <span class='ocrx_word' id='word_1_840' title='bbox 3497 5646 3749 5723; x_wconf 81' lang='grc' dir='ltr'>πολέμιοι</span> 
     </span>
    </p>
   </div>
   <div class='ocr_carea' id='block_1_113' title="bbox 1817 5785 2403 5867">
    <p class='ocr_par' dir='ltr' id='par_1_113' title="bbox 1817 5785 2403 5867">
     <span class='ocr_line' id='line_1_113' title="bbox 1817 5785 2403 5867; baseline -0.005 -17"><span class='ocrx_word' id='word_1_841' title='bbox 1817 5790 1918 5850; x_wconf 86' lang='lat' dir='ltr'><strong>Du</strong></span> <span class='ocrx_word' id='word_1_842' title='bbox 1951 5785 2176 5867; x_wconf 77' lang='lat' dir='ltr'><strong>Cangii</strong></span> <span class='ocrx_word' id='word_1_843' title='bbox 2212 5796 2403 5849; x_wconf 61' lang='lat' dir='ltr'><strong>notae.</strong></span> 
     </span>
    </p>
   </div>
   <div class='ocr_carea' id='block_1_114' title="bbox 583 5905 3487 5991">
    <p class='ocr_par' dir='ltr' id='par_1_114' title="bbox 583 5905 3487 5991">
     <span class='ocr_line' id='line_1_114' title="bbox 583 5905 3487 5991; baseline -0.001 -20"><span class='ocrx_word' id='word_1_844' title='bbox 583 5917 698 5991; x_wconf 76' lang='grc' dir='ltr'><strong>(Π)</strong></span> <span class='ocrx_word' id='word_1_845' title='bbox 757 5914 1082 5986; x_wconf 55' lang='lat' dir='ltr'><strong>«insimul.</strong></span> <span class='ocrx_word' id='word_1_846' title='bbox 1154 5913 1467 5970; x_wconf 76' lang='lat' dir='ltr'><strong>Flavianum</strong></span> <span class='ocrx_word' id='word_1_847' title='bbox 1523 5909 1663 5969; x_wconf 76' lang='lat' dir='ltr'><strong>torte</strong></span> <span class='ocrx_word' id='word_1_848' title='bbox 1721 5906 1974 5982; x_wconf 85' lang='lat' dir='ltr'><strong>oppidum</strong></span> <span class='ocrx_word' id='word_1_849' title='bbox 2021 5910 2074 5966; x_wconf 82' lang='lat' dir='ltr'><strong>in</strong></span> <span class='ocrx_word' id='word_1_850' title='bbox 2115 5906 2450 5966; x_wconf 86' lang='lat' dir='ltr'><strong>Samnitibus</strong></span> <span class='ocrx_word' id='word_1_851' title='bbox 2486 5906 2628 5966; x_wconf 84' lang='lat' dir='ltr'><strong>circa</strong></span> <span class='ocrx_word' id='word_1_852' title='bbox 2657 5907 2807 5964; x_wconf 89' lang='lat' dir='ltr'><strong>littus</strong></span> <span class='ocrx_word' id='word_1_853' title='bbox 2834 5905 2975 5979; x_wconf 87' lang='lat' dir='ltr'><strong>haud</strong></span> <span class='ocrx_word' id='word_1_854' title='bbox 3003 5906 3192 5978; x_wconf 90' lang='lat' dir='ltr'><strong>procul</strong></span> <span class='ocrx_word' id='word_1_855' title='bbox 3221 5905 3487 5972; x_wconf 81' lang='lat' dir='ltr'><strong>Turdino.</strong></span> 
     </span>
    </p>
   </div>
  </div>
