  <div class='ocr_page' id='page_1' title='image "/cluster/home/n/w/nwhite01/storage/ocr_20150623/133/mdp.39015078384230/254.png"; bbox 0 0 4046 6284; ppageno 0'>
   <div class='ocr_carea' id='block_1_1' title="bbox 349 314 1900 384">
    <p class='ocr_par' dir='ltr' id='par_1_1' title="bbox 349 314 1900 378">
     <span class='ocr_line' id='line_1_1' title="bbox 349 314 1900 378; baseline -0.003 -1"><span class='ocrx_word' id='word_1_1' title='bbox 349 314 450 378; x_wconf 65' lang='grc'><strong>493</strong></span> <span class='ocrx_word' id='word_1_2' title='bbox 1517 314 1900 378; x_wconf 61' lang='lat' dir='ltr'><strong>HISTORIA!</strong></span> 
     </span>
    </p>
   </div>
   <div class='ocr_carea' id='block_1_2' title="bbox 2003 314 3597 384">
    <p class='ocr_par' dir='ltr' id='par_1_2' title="bbox 2010 315 3597 384">
     <span class='ocr_line' id='line_1_2' title="bbox 2010 315 3597 384; baseline 0.006 -10"><span class='ocrx_word' id='word_1_3' title='bbox 2010 316 2067 375; x_wconf 83' lang='grc' dir='ltr'><strong>Μ</strong></span> <span class='ocrx_word' id='word_1_4' title='bbox 2107 315 2256 376; x_wconf 88' lang='lat' dir='ltr'><strong>LIB.</strong></span> <span class='ocrx_word' id='word_1_5' title='bbox 2300 315 2401 377; x_wconf 71' lang='grc' dir='ltr'><strong>ιν.</strong></span> <span class='ocrx_word' id='word_1_6' title='bbox 3487 317 3597 384; x_wconf 68' lang='grc'><strong>494</strong></span> 
     </span>
    </p>
   </div>
   <div class='ocr_carea' id='block_1_3' title="bbox 345 425 1900 507">
    <p class='ocr_par' dir='ltr' id='par_1_3' title="bbox 345 425 1900 503">
     <span class='ocr_line' id='line_1_3' title="bbox 345 425 1900 503; baseline 0.003 -24"><span class='ocrx_word' id='word_1_7' title='bbox 345 425 512 496; x_wconf 80' lang='grc' dir='ltr'><strong>μαίων</strong></span> <span class='ocrx_word' id='word_1_8' title='bbox 560 426 731 497; x_wconf 77' lang='grc' dir='ltr'><strong>ὀλίγοι</strong></span> <span class='ocrx_word' id='word_1_9' title='bbox 781 429 1097 503; x_wconf 70' lang='grc' dir='ltr'><strong>ἐπιθέμενοι</strong></span> <span class='ocrx_word' id='word_1_10' title='bbox 1151 449 1301 496; x_wconf 76' lang='grc' dir='ltr'><strong>τινας</strong></span> <span class='ocrx_word' id='word_1_11' title='bbox 1341 433 1614 488; x_wconf 79' lang='grc' dir='ltr'><strong>ἔκτειναν.</strong></span> <span class='ocrx_word' id='word_1_12' title='bbox 1663 432 1818 486; x_wconf 75' lang='grc' dir='ltr'><strong>Ἐπεὶ</strong></span> <span class='ocrx_word' id='word_1_13' title='bbox 1850 430 1900 484; x_wconf 77' lang='grc' dir='ltr'><strong>δὲ</strong></span> 
     </span>
    </p>
   </div>
   <div class='ocr_carea' id='block_1_4' title="bbox 2003 425 3598 507">
    <p class='ocr_par' dir='ltr' id='par_1_4' title="bbox 2014 427 3598 507">
     <span class='ocr_line' id='line_1_4' title="bbox 2014 427 3598 507; baseline 0.004 -24"><span class='ocrx_word' id='word_1_14' title='bbox 2014 439 2258 498; x_wconf 88' lang='lat' dir='ltr'><strong>tempore</strong></span> <span class='ocrx_word' id='word_1_15' title='bbox 2289 429 2544 484; x_wconf 77' lang='lat' dir='ltr'><strong>adessent</strong></span> <span class='ocrx_word' id='word_1_16' title='bbox 2581 427 2786 484; x_wconf 77' lang='lat' dir='ltr'><strong>bellica:</strong></span> <span class='ocrx_word' id='word_1_17' title='bbox 2842 428 3126 499; x_wconf 63' lang='lat' dir='ltr'><strong>machina},</strong></span> <span class='ocrx_word' id='word_1_18' title='bbox 3172 429 3423 500; x_wconf 86' lang='lat' dir='ltr'><strong>classem,</strong></span> <span class='ocrx_word' id='word_1_19' title='bbox 3471 449 3598 507; x_wconf 68' lang='lat' dir='ltr'><strong>qua</strong></span> 
     </span>
    </p>
   </div>
   <div class='ocr_carea' id='block_1_5' title="bbox 342 519 1900 600">
    <p class='ocr_par' dir='ltr' id='par_1_5' title="bbox 342 519 1900 600">
     <span class='ocr_line' id='line_1_5' title="bbox 342 519 1900 600; baseline 0.003 -27"><span class='ocrx_word' id='word_1_20' title='bbox 342 519 501 588; x_wconf 73' lang='grc' dir='ltr'><strong>ἐγγὺς</strong></span> <span class='ocrx_word' id='word_1_21' title='bbox 534 521 811 592; x_wconf 72' lang='grc' dir='ltr'><strong>Τάραντος</strong></span> <span class='ocrx_word' id='word_1_22' title='bbox 843 525 943 600; x_wconf 73' lang='grc' dir='ltr'><strong>ἤδη</strong></span> <span class='ocrx_word' id='word_1_23' title='bbox 989 526 1263 592; x_wconf 73' lang='grc' dir='ltr'><strong>ἐγένοντο,</strong></span> <span class='ocrx_word' id='word_1_24' title='bbox 1304 525 1581 598; x_wconf 79' lang='grc' dir='ltr'><strong>ἀνάλωτον</strong></span> <span class='ocrx_word' id='word_1_25' title='bbox 1616 521 1757 579; x_wconf 74' lang='grc' dir='ltr'><strong>εἶναι</strong></span> <span class='ocrx_word' id='word_1_26' title='bbox 1808 527 1900 600; x_wconf 70' lang='grc' dir='ltr'><strong>τὴν</strong></span> 
     </span>
    </p>
   </div>
   <div class='ocr_carea' id='block_1_6' title="bbox 2003 519 3596 600">
    <p class='ocr_par' dir='ltr' id='par_1_6' title="bbox 2015 521 3596 599">
     <span class='ocr_line' id='line_1_6' title="bbox 2015 521 3596 599; baseline 0.006 -24"><span class='ocrx_word' id='word_1_27' title='bbox 2015 521 2136 576; x_wconf 88' lang='lat' dir='ltr'><strong>Bari</strong></span> <span class='ocrx_word' id='word_1_28' title='bbox 2193 521 2393 588; x_wconf 87' lang='lat' dir='ltr'><strong>stabat,</strong></span> <span class='ocrx_word' id='word_1_29' title='bbox 2430 529 2487 575; x_wconf 92' lang='lat' dir='ltr'><strong>ut</strong></span> <span class='ocrx_word' id='word_1_30' title='bbox 2508 521 2690 576; x_wconf 80' lang='lat' dir='ltr'><strong>omnia</strong></span> <span class='ocrx_word' id='word_1_31' title='bbox 2736 522 2840 577; x_wconf 86' lang='lat' dir='ltr'><strong>ista</strong></span> <span class='ocrx_word' id='word_1_32' title='bbox 2873 521 3154 578; x_wconf 83' lang='lat' dir='ltr'><strong>celerrime</strong></span> <span class='ocrx_word' id='word_1_33' title='bbox 3178 523 3467 583; x_wconf 82' lang='lat' dir='ltr'><strong>adveheret</strong></span> <span class='ocrx_word' id='word_1_34' title='bbox 3499 543 3596 599; x_wconf 88' lang='lat' dir='ltr'><strong>per</strong></span> 
     </span>
    </p>
   </div>
   <div class='ocr_carea' id='block_1_7' title="bbox 341 613 1900 694">
    <p class='ocr_par' dir='ltr' id='par_1_7' title="bbox 341 614 1900 694">
     <span class='ocr_line' id='line_1_7' title="bbox 341 614 1900 694; baseline 0.003 -26"><span class='ocrx_word' id='word_1_35' title='bbox 341 614 487 668; x_wconf 84' lang='grc' dir='ltr'><strong>πόλιν</strong></span> <span class='ocrx_word' id='word_1_36' title='bbox 520 619 962 687; x_wconf 68' lang='grc' dir='ltr'><strong>κατανοήσαντες</strong></span> <span class='ocrx_word' id='word_1_37' title='bbox 991 619 1162 689; x_wconf 86' lang='grc' dir='ltr'><strong>αὐτῆς</strong></span> <span class='ocrx_word' id='word_1_38' title='bbox 1192 619 1291 690; x_wconf 75' lang='grc' dir='ltr'><strong>μὲν</strong></span> <span class='ocrx_word' id='word_1_39' title='bbox 1327 619 1574 694; x_wconf 77' lang='grc' dir='ltr'><strong>ἀπῆραν,</strong></span> <span class='ocrx_word' id='word_1_40' title='bbox 1604 618 1900 673; x_wconf 83' lang='grc' dir='ltr'><strong>Μονοπόλει</strong></span> 
     </span>
    </p>
   </div>
   <div class='ocr_carea' id='block_1_8' title="bbox 2003 613 3597 694">
    <p class='ocr_par' dir='ltr' id='par_1_8' title="bbox 2010 613 3597 682">
     <span class='ocr_line' id='line_1_8' title="bbox 2010 613 3597 682; baseline 0.004 -15"><span class='ocrx_word' id='word_1_41' title='bbox 2010 615 2220 669; x_wconf 76' lang='lat' dir='ltr'><strong>litteras</strong></span> <span class='ocrx_word' id='word_1_42' title='bbox 2263 613 2684 669; x_wconf 73' lang='lat' dir='ltr'><strong>arcessit/erunt.</strong></span> <span class='ocrx_word' id='word_1_43' title='bbox 2741 613 2961 668; x_wconf 91' lang='lat' dir='ltr'><strong>lnterim</strong></span> <span class='ocrx_word' id='word_1_44' title='bbox 3025 613 3277 682; x_wconf 85' lang='lat' dir='ltr'><strong>Romani,</strong></span> <span class='ocrx_word' id='word_1_45' title='bbox 3316 619 3440 673; x_wconf 81' lang='lat' dir='ltr'><strong>dum</strong></span> <span class='ocrx_word' id='word_1_46' title='bbox 3487 615 3597 676; x_wconf 63' lang='lat' dir='ltr'><strong>iter</strong></span> 
     </span>
    </p>
   </div>
   <div class='ocr_carea' id='block_1_9' title="bbox 339 705 1900 784">
    <p class='ocr_par' dir='ltr' id='par_1_9' title="bbox 339 707 1900 784">
     <span class='ocr_line' id='line_1_9' title="bbox 339 707 1900 784; baseline 0.003 -22"><span class='ocrx_word' id='word_1_47' title='bbox 339 707 389 762; x_wconf 72' lang='grc' dir='ltr'><strong>δὲ</strong></span> <span class='ocrx_word' id='word_1_48' title='bbox 415 708 645 767; x_wconf 78' lang='grc' dir='ltr'><strong>πελάσαι</strong></span> <span class='ocrx_word' id='word_1_49' title='bbox 673 711 1068 781; x_wconf 76' lang='grc' dir='ltr'><strong>διανοηθέντες,</strong></span> <span class='ocrx_word' id='word_1_50' title='bbox 1092 713 1279 784; x_wconf 75' lang='grc' dir='ltr'><strong>ἐπειδὴ</strong></span> <span class='ocrx_word' id='word_1_51' title='bbox 1306 713 1536 784; x_wconf 72' lang='grc' dir='ltr'><strong>ἀπορεῖν</strong></span> <span class='ocrx_word' id='word_1_52' title='bbox 1561 715 1745 776; x_wconf 74' lang='grc' dir='ltr'><strong>αὐτοῖς</strong></span> <span class='ocrx_word' id='word_1_53' title='bbox 1778 730 1900 766; x_wconf 85' lang='grc' dir='ltr'><strong>συν-</strong></span> 
     </span>
    </p>
   </div>
   <div class='ocr_carea' id='block_1_10' title="bbox 2003 705 3596 784">
    <p class='ocr_par' dir='ltr' id='par_1_10' title="bbox 2004 705 3596 778">
     <span class='ocr_line' id='line_1_10' title="bbox 2004 705 3596 778; baseline 0.003 -18"><span class='ocrx_word' id='word_1_54' title='bbox 2004 705 2210 762; x_wconf 79' lang='lat' dir='ltr'><strong>faciunt</strong></span> <span class='ocrx_word' id='word_1_55' title='bbox 2266 721 2364 775; x_wconf 87' lang='lat' dir='ltr'><strong>per</strong></span> <span class='ocrx_word' id='word_1_56' title='bbox 2399 706 2674 778; x_wconf 77' lang='lat' dir='ltr'><strong>regionem</strong></span> <span class='ocrx_word' id='word_1_57' title='bbox 2739 707 3048 778; x_wconf 88' lang='lat' dir='ltr'><strong>opulentam</strong></span> <span class='ocrx_word' id='word_1_58' title='bbox 3080 711 3371 765; x_wconf 83' lang='lat' dir='ltr'><strong>admodum</strong></span> <span class='ocrx_word' id='word_1_59' title='bbox 3405 721 3460 767; x_wconf 92' lang='lat' dir='ltr'><strong>et</strong></span> <span class='ocrx_word' id='word_1_60' title='bbox 3491 712 3596 768; x_wconf 78' lang='lat' dir='ltr'><strong>im-</strong></span> 
     </span>
    </p>
   </div>
   <div class='ocr_carea' id='block_1_11' title="bbox 339 797 1900 880">
    <p class='ocr_par' dir='ltr' id='par_1_11' title="bbox 339 798 1900 879">
     <span class='ocr_line' id='line_1_11' title="bbox 339 798 1900 879; baseline 0.005 -27"><span class='ocrx_word' id='word_1_61' title='bbox 339 798 513 855; x_wconf 83' lang='grc' dir='ltr'><strong>έϐαινε</strong></span> <span class='ocrx_word' id='word_1_62' title='bbox 537 804 958 874; x_wconf 82' lang='grc' dir='ltr'><strong>τειχομαχικῶν,</strong></span> <span class='ocrx_word' id='word_1_63' title='bbox 992 803 1284 875; x_wconf 83' lang='grc' dir='ltr'><strong>γράμμασι</strong></span> <span class='ocrx_word' id='word_1_64' title='bbox 1307 805 1400 859; x_wconf 69' lang='grc' dir='ltr'><strong>τὸν</strong></span> <span class='ocrx_word' id='word_1_65' title='bbox 1424 807 1481 859; x_wconf 83' lang='grc' dir='ltr'><strong>ὲν</strong></span> <span class='ocrx_word' id='word_1_66' title='bbox 1527 804 1695 877; x_wconf 88' lang='grc' dir='ltr'><strong>Βάρει</strong></span> <span class='ocrx_word' id='word_1_67' title='bbox 1742 821 1900 879; x_wconf 83' lang='grc' dir='ltr'><strong>μετε-</strong></span> 
     </span>
    </p>
   </div>
   <div class='ocr_carea' id='block_1_12' title="bbox 2003 797 3600 880">
    <p class='ocr_par' dir='ltr' id='par_1_12' title="bbox 2008 797 3600 880">
     <span class='ocr_line' id='line_1_12' title="bbox 2008 797 3600 880; baseline 0.003 -28"><span class='ocrx_word' id='word_1_68' title='bbox 2008 814 2196 853; x_wconf 89' lang='lat' dir='ltr'><strong>mensa</strong></span> <span class='ocrx_word' id='word_1_69' title='bbox 2259 800 2522 854; x_wconf 90' lang='lat' dir='ltr'><strong>bonorum</strong></span> <span class='ocrx_word' id='word_1_70' title='bbox 2575 799 2731 868; x_wconf 82' lang='lat' dir='ltr'><strong>copia</strong></span> <span class='ocrx_word' id='word_1_71' title='bbox 2820 797 3152 867; x_wconf 72' lang='lat' dir='ltr'><strong>afﬂuentem,</strong></span> <span class='ocrx_word' id='word_1_72' title='bbox 3226 802 3600 880; x_wconf 50' lang='lat' dir='ltr'><strong>multipliciter</strong></span> 
     </span>
    </p>
   </div>
   <div class='ocr_carea' id='block_1_13' title="bbox 339 891 1900 972">
    <p class='ocr_par' dir='ltr' id='par_1_13' title="bbox 339 891 1900 972">
     <span class='ocr_line' id='line_1_13' title="bbox 339 891 1900 972; baseline 0.006 -28"><span class='ocrx_word' id='word_1_73' title='bbox 339 892 615 963; x_wconf 77' lang='grc' dir='ltr'><strong>πέμποντο</strong></span> <span class='ocrx_word' id='word_1_74' title='bbox 651 897 872 964; x_wconf 78' lang='grc' dir='ltr'><strong>στόλον,</strong></span> <span class='ocrx_word' id='word_1_75' title='bbox 927 899 1012 968; x_wconf 77' lang='grc' dir='ltr'><strong>ἐφ’</strong></span> <span class='ocrx_word' id='word_1_76' title='bbox 1112 899 1369 952; x_wconf 73' lang='grc' dir='ltr'><strong>τοιούτων</strong></span> <span class='ocrx_word' id='word_1_77' title='bbox 1421 899 1630 952; x_wconf 79' lang='grc' dir='ltr'><strong>ἐκεῖθεν</strong></span> <span class='ocrx_word' id='word_1_78' title='bbox 1663 900 1900 972; x_wconf 76' lang='grc' dir='ltr'><strong>εὐπορή-</strong></span> 
     </span>
    </p>
   </div>
   <div class='ocr_carea' id='block_1_14' title="bbox 2003 891 3598 972">
    <p class='ocr_par' dir='ltr' id='par_1_14' title="bbox 2003 892 3598 954">
     <span class='ocr_line' id='line_1_14' title="bbox 2003 892 3598 954; baseline 0.003 -5"><span class='ocrx_word' id='word_1_79' title='bbox 2003 893 2267 949; x_wconf 87' lang='lat' dir='ltr'><strong>ditautur.</strong></span> <span class='ocrx_word' id='word_1_80' title='bbox 2297 892 2464 948; x_wconf 82' lang='lat' dir='ltr'><strong>Aiunt</strong></span> <span class='ocrx_word' id='word_1_81' title='bbox 2495 893 2641 948; x_wconf 90' lang='lat' dir='ltr'><strong>cnim</strong></span> <span class='ocrx_word' id='word_1_82' title='bbox 2675 901 2789 948; x_wconf 91' lang='lat' dir='ltr'><strong>tum</strong></span> <span class='ocrx_word' id='word_1_83' title='bbox 2829 893 3055 949; x_wconf 83' lang='lat' dir='ltr'><strong>militem</strong></span> <span class='ocrx_word' id='word_1_84' title='bbox 3086 910 3198 951; x_wconf 91' lang='lat' dir='ltr'><strong>uno</strong></span> <span class='ocrx_word' id='word_1_85' title='bbox 3237 896 3354 949; x_wconf 86' lang='lat' dir='ltr'><strong>auri</strong></span> <span class='ocrx_word' id='word_1_86' title='bbox 3391 905 3598 954; x_wconf 77' lang='lat' dir='ltr'><strong>statere</strong></span> 
     </span>
    </p>
   </div>
   <div class='ocr_carea' id='block_1_15' title="bbox 340 985 1900 1063">
    <p class='ocr_par' dir='ltr' id='par_1_15' title="bbox 340 986 1900 1063">
     <span class='ocr_line' id='line_1_15' title="bbox 340 986 1900 1063; baseline 0.008 -27"><span class='ocrx_word' id='word_1_87' title='bbox 340 1001 447 1038; x_wconf 87' lang='grc' dir='ltr'><strong>σειν</strong></span> <span class='ocrx_word' id='word_1_88' title='bbox 477 986 636 1056; x_wconf 79' lang='grc' dir='ltr'><strong>ἥκειν</strong></span> <span class='ocrx_word' id='word_1_89' title='bbox 675 989 758 1042; x_wconf 83' lang='grc' dir='ltr'>ὅτι</span> <span class='ocrx_word' id='word_1_90' title='bbox 795 991 1051 1061; x_wconf 84' lang='grc' dir='ltr'><strong>τάχιστα.</strong></span> <span class='ocrx_word' id='word_1_91' title='bbox 1095 992 1181 1046; x_wconf 86' lang='grc' dir='ltr'><strong>Ἐν</strong></span> <span class='ocrx_word' id='word_1_92' title='bbox 1202 991 1258 1045; x_wconf 84' lang='grc' dir='ltr'><strong>δὲ</strong></span> <span class='ocrx_word' id='word_1_93' title='bbox 1286 991 1458 1062; x_wconf 84' lang='grc' dir='ltr'><strong>τούτῳ</strong></span> <span class='ocrx_word' id='word_1_94' title='bbox 1476 991 1744 1063; x_wconf 82' lang='grc' dir='ltr'><strong>τετύχηκε</strong></span> <span class='ocrx_word' id='word_1_95' title='bbox 1774 993 1900 1048; x_wconf 80' lang='grc' dir='ltr'><strong>Ῥω⁴</strong></span> 
     </span>
    </p>
   </div>
   <div class='ocr_carea' id='block_1_16' title="bbox 2003 985 3598 1063">
    <p class='ocr_par' dir='ltr' id='par_1_16' title="bbox 2019 985 3598 1052">
     <span class='ocr_line' id='line_1_16' title="bbox 2019 985 3598 1052; baseline 0.001 -9"><span class='ocrx_word' id='word_1_96' title='bbox 2019 988 2186 1043; x_wconf 81' lang='lat' dir='ltr'><strong>boves</strong></span> <span class='ocrx_word' id='word_1_97' title='bbox 2250 985 2434 1040; x_wconf 81' lang='lat' dir='ltr'><strong>decem</strong></span> <span class='ocrx_word' id='word_1_98' title='bbox 2489 987 2820 1040; x_wconf 85' lang='lat' dir='ltr'><strong>armentales</strong></span> <span class='ocrx_word' id='word_1_99' title='bbox 2879 986 3199 1052; x_wconf 87' lang='lat' dir='ltr'><strong>vendidisse,</strong></span> <span class='ocrx_word' id='word_1_100' title='bbox 3259 988 3361 1043; x_wconf 77' lang='lat' dir='ltr'><strong>alia</strong></span> <span class='ocrx_word' id='word_1_101' title='bbox 3416 1001 3598 1046; x_wconf 88' lang='lat' dir='ltr'><strong>autem</strong></span> 
     </span>
    </p>
   </div>
   <div class='ocr_carea' id='block_1_17' title="bbox 341 1077 1900 1155">
    <p class='ocr_par' dir='ltr' id='par_1_17' title="bbox 341 1077 1900 1154">
     <span class='ocr_line' id='line_1_17' title="bbox 341 1077 1900 1154; baseline 0.006 -23"><span class='ocrx_word' id='word_1_102' title='bbox 341 1077 517 1146; x_wconf 85' lang='grc' dir='ltr'><strong>μαίοις</strong></span> <span class='ocrx_word' id='word_1_103' title='bbox 576 1079 665 1134; x_wconf 76' lang='grc' dir='ltr'><strong>διὰ</strong></span> <span class='ocrx_word' id='word_1_104' title='bbox 722 1082 907 1153; x_wconf 78' lang='grc' dir='ltr'><strong>χώρας</strong></span> <span class='ocrx_word' id='word_1_105' title='bbox 979 1083 1368 1154; x_wconf 77' lang='grc' dir='ltr'><strong>πορευομένοις</strong></span> <span class='ocrx_word' id='word_1_106' title='bbox 1424 1083 1747 1154; x_wconf 76' lang='grc' dir='ltr'><strong>εὐδαίμονος</strong></span> <span class='ocrx_word' id='word_1_107' title='bbox 1813 1087 1900 1140; x_wconf 67' lang='grc' dir='ltr'><strong>καὶ</strong></span> 
     </span>
    </p>
   </div>
   <div class='ocr_carea' id='block_1_18' title="bbox 2003 1077 3599 1155">
    <p class='ocr_par' dir='ltr' id='par_1_18' title="bbox 2017 1082 3599 1155">
     <span class='ocr_line' id='line_1_18' title="bbox 2017 1082 3599 1155; baseline 0.004 -18"><span class='ocrx_word' id='word_1_108' title='bbox 2017 1097 2217 1155; x_wconf 84' lang='lat' dir='ltr'><strong>pecora</strong></span> <span class='ocrx_word' id='word_1_109' title='bbox 2251 1091 2468 1138; x_wconf 81' lang='lat' dir='ltr'><strong>centum</strong></span> <span class='ocrx_word' id='word_1_110' title='bbox 2502 1096 2556 1137; x_wconf 83' lang='lat' dir='ltr'><strong>ct</strong></span> <span class='ocrx_word' id='word_1_111' title='bbox 2585 1083 2821 1155; x_wconf 81' lang='lat' dir='ltr'><strong>triginta.</strong></span> <span class='ocrx_word' id='word_1_112' title='bbox 2855 1082 3052 1141; x_wconf 80' lang='lat' dir='ltr'><strong>Multos</strong></span> <span class='ocrx_word' id='word_1_113' title='bbox 3085 1086 3149 1140; x_wconf 90' lang='lat' dir='ltr'><strong>ad</strong></span> <span class='ocrx_word' id='word_1_114' title='bbox 3187 1087 3302 1142; x_wconf 70' lang='lat' dir='ltr'><strong>bmc</strong></span> <span class='ocrx_word' id='word_1_115' title='bbox 3327 1087 3599 1145; x_wconf 85' lang='lat' dir='ltr'><strong>Romanos</strong></span> 
     </span>
    </p>
   </div>
   <div class='ocr_carea' id='block_1_19' title="bbox 335 1169 1907 1250">
    <p class='ocr_par' dir='ltr' id='par_1_19' title="bbox 335 1169 1907 1250">
     <span class='ocr_line' id='line_1_19' title="bbox 335 1169 1907 1250; baseline 0.007 -29"><span class='ocrx_word' id='word_1_116' title='bbox 335 1169 584 1238; x_wconf 58' lang='lat' dir='ltr'><strong>mem;</strong></span> <span class='ocrx_word' id='word_1_117' title='bbox 633 1175 1056 1250; x_wconf 83' lang='grc' dir='ltr'><strong>περιϐριθούσης</strong></span> <span class='ocrx_word' id='word_1_118' title='bbox 1103 1178 1330 1248; x_wconf 75' lang='grc' dir='ltr'><strong>ἀγαθοῖς</strong></span> <span class='ocrx_word' id='word_1_119' title='bbox 1385 1179 1599 1249; x_wconf 83' lang='grc' dir='ltr'><strong>μυρίων</strong></span> <span class='ocrx_word' id='word_1_120' title='bbox 1635 1179 1774 1232; x_wconf 83' lang='grc' dir='ltr'><strong>ὅσων</strong></span> <span class='ocrx_word' id='word_1_121' title='bbox 1807 1195 1907 1232; x_wconf 83' lang='grc' dir='ltr'><strong>πε-</strong></span> 
     </span>
    </p>
   </div>
   <div class='ocr_carea' id='block_1_20' title="bbox 335 1264 1910 1342">
    <p class='ocr_par' dir='ltr' id='par_1_20' title="bbox 335 1264 1910 1342">
     <span class='ocr_line' id='line_1_20' title="bbox 335 1264 1910 1342; baseline 0.012 -28"><span class='ocrx_word' id='word_1_122' title='bbox 335 1264 570 1333; x_wconf 80' lang='grc' dir='ltr'><strong>πλῆσθαι</strong></span> <span class='ocrx_word' id='word_1_123' title='bbox 604 1269 804 1322; x_wconf 78' lang='grc' dir='ltr'><strong>καλῶν.</strong></span> <span class='ocrx_word' id='word_1_124' title='bbox 833 1271 1068 1339; x_wconf 81' lang='grc' dir='ltr'><strong>Λέγεται</strong></span> <span class='ocrx_word' id='word_1_125' title='bbox 1092 1273 1202 1342; x_wconf 86' lang='grc' dir='ltr'><strong>γὰρ</strong></span> <span class='ocrx_word' id='word_1_126' title='bbox 1225 1271 1355 1324; x_wconf 85' lang='grc' dir='ltr'><strong>δέκα</strong></span> <span class='ocrx_word' id='word_1_127' title='bbox 1382 1271 1482 1340; x_wconf 82' lang='grc' dir='ltr'><strong>μὲν</strong></span> <span class='ocrx_word' id='word_1_128' title='bbox 1504 1271 1757 1340; x_wconf 78' lang='grc' dir='ltr'><strong>τηνικάδε</strong></span> <span class='ocrx_word' id='word_1_129' title='bbox 1783 1269 1910 1342; x_wconf 79' lang='grc' dir='ltr'><strong>βοῦς</strong></span> 
     </span>
    </p>
   </div>
   <div class='ocr_carea' id='block_1_21' title="bbox 2018 1176 3599 1250">
    <p class='ocr_par' dir='ltr' id='par_1_21' title="bbox 2018 1176 3599 1250">
     <span class='ocr_line' id='line_1_21' title="bbox 2018 1176 3599 1250; baseline 0.005 -18"><span class='ocrx_word' id='word_1_130' title='bbox 2018 1177 2290 1233; x_wconf 75' lang='lat' dir='ltr'><strong>diuturnis</strong></span> <span class='ocrx_word' id='word_1_131' title='bbox 2340 1176 2651 1233; x_wconf 82' lang='lat' dir='ltr'><strong>carceribus</strong></span> <span class='ocrx_word' id='word_1_132' title='bbox 2705 1187 3007 1235; x_wconf 84' lang='lat' dir='ltr'><strong>maceratos</strong></span> <span class='ocrx_word' id='word_1_133' title='bbox 3055 1180 3404 1250; x_wconf 84' lang='lat' dir='ltr'><strong>compedibus</strong></span> <span class='ocrx_word' id='word_1_134' title='bbox 3430 1197 3599 1240; x_wconf 86' lang='lat' dir='ltr'><strong>exue-</strong></span> 
     </span>
    </p>
   </div>
   <div class='ocr_carea' id='block_1_22' title="bbox 2019 1279 2164 1324">
    <p class='ocr_par' dir='ltr' id='par_1_22' title="bbox 2019 1279 2164 1324">
     <span class='ocr_line' id='line_1_22' title="bbox 2019 1279 2164 1324; baseline -0.014 0"><span class='ocrx_word' id='word_1_135' title='bbox 2019 1279 2164 1324; x_wconf 87' lang='lat' dir='ltr'><strong>runt.</strong></span> 
     </span>
    </p>
   </div>
   <div class='ocr_carea' id='block_1_23' title="bbox 335 1359 3598 1438">
    <p class='ocr_par' dir='ltr' id='par_1_23' title="bbox 335 1359 3598 1438">
     <span class='ocr_line' id='line_1_23' title="bbox 335 1359 3598 1438; baseline 0.001 -25"><span class='ocrx_word' id='word_1_136' title='bbox 335 1359 594 1428; x_wconf 73' lang='grc' dir='ltr'><strong>ἀγελαίας</strong></span> <span class='ocrx_word' id='word_1_137' title='bbox 627 1361 829 1432; x_wconf 80' lang='grc' dir='ltr'>χρυσοῦ</span> <span class='ocrx_word' id='word_1_138' title='bbox 863 1364 954 1416; x_wconf 84' lang='grc' dir='ltr'><strong>τὸν</strong></span> <span class='ocrx_word' id='word_1_139' title='bbox 989 1365 1331 1436; x_wconf 77' lang='grc' dir='ltr'><strong>στρατιώτην</strong></span> <span class='ocrx_word' id='word_1_140' title='bbox 1393 1365 1695 1420; x_wconf 74' lang='grc' dir='ltr'><strong>ἀποδόσθαι</strong></span> <span class='ocrx_word' id='word_1_141' title='bbox 1752 1364 2042 1436; x_wconf 80' lang='grc' dir='ltr'><strong>στατῆρος,</strong></span> <span class='ocrx_word' id='word_1_142' title='bbox 2085 1363 2336 1435; x_wconf 76' lang='grc' dir='ltr'><strong>πρόϐατα</strong></span> <span class='ocrx_word' id='word_1_143' title='bbox 2375 1363 2428 1416; x_wconf 84' lang='grc' dir='ltr'><strong>δὲ</strong></span> <span class='ocrx_word' id='word_1_144' title='bbox 2499 1379 2794 1434; x_wconf 74' lang='grc' dir='ltr'><strong>τριάκοντα</strong></span> <span class='ocrx_word' id='word_1_145' title='bbox 2859 1365 2952 1416; x_wconf 74' lang='grc' dir='ltr'><strong>καὶ</strong></span> <span class='ocrx_word' id='word_1_146' title='bbox 3006 1364 3217 1421; x_wconf 80' lang='grc' dir='ltr'><strong>ἑκατόν.</strong></span> <span class='ocrx_word' id='word_1_147' title='bbox 3253 1365 3382 1419; x_wconf 87' lang='grc' dir='ltr'><strong>Ὂτε</strong></span> <span class='ocrx_word' id='word_1_148' title='bbox 3406 1366 3468 1438; x_wconf 80' lang='grc' dir='ltr'><strong>δὴ</strong></span> <span class='ocrx_word' id='word_1_149' title='bbox 3503 1367 3598 1420; x_wconf 68' lang='grc' dir='ltr'><strong>καὶ</strong></span> 
     </span>
    </p>
   </div>
   <div class='ocr_carea' id='block_1_24' title="bbox 342 1453 3256 1530">
    <p class='ocr_par' dir='ltr' id='par_1_24' title="bbox 342 1453 3256 1530">
     <span class='ocr_line' id='line_1_24' title="bbox 342 1453 3256 1530; baseline 0.001 -22"><span class='ocrx_word' id='word_1_150' title='bbox 342 1453 630 1525; x_wconf 79' lang='grc' dir='ltr'><strong>Ῥωμαὲων</strong></span> <span class='ocrx_word' id='word_1_151' title='bbox 653 1458 805 1522; x_wconf 71' lang='grc' dir='ltr'><strong>τινὰς</strong></span> <span class='ocrx_word' id='word_1_152' title='bbox 835 1459 1081 1528; x_wconf 62' lang='grc' dir='ltr'><strong>εἱρκταῖς</strong></span> <span class='ocrx_word' id='word_1_153' title='bbox 1126 1461 1188 1511; x_wconf 84' lang='grc' dir='ltr'><strong>ὲκ</strong></span> <span class='ocrx_word' id='word_1_154' title='bbox 1219 1460 1414 1513; x_wconf 73' lang='grc' dir='ltr'><strong>πολλοῦ</strong></span> <span class='ocrx_word' id='word_1_155' title='bbox 1461 1461 1902 1530; x_wconf 87' lang='grc' dir='ltr'><strong>προστετηκότας</strong></span> <span class='ocrx_word' id='word_1_156' title='bbox 1942 1458 2204 1530; x_wconf 79' lang='grc' dir='ltr'><strong>εὑρόντες</strong></span> <span class='ocrx_word' id='word_1_157' title='bbox 2235 1457 2346 1510; x_wconf 85' lang='grc' dir='ltr'><strong>τῶν</strong></span> <span class='ocrx_word' id='word_1_158' title='bbox 2379 1455 2578 1510; x_wconf 81' lang='grc' dir='ltr'><strong>κλοιῶν</strong></span> <span class='ocrx_word' id='word_1_159' title='bbox 2609 1456 2738 1519; x_wconf 75' lang='grc' dir='ltr'><strong>τοὺς</strong></span> <span class='ocrx_word' id='word_1_160' title='bbox 2771 1455 2989 1521; x_wconf 79' lang='grc' dir='ltr'><strong>ἀθλίους</strong></span> <span class='ocrx_word' id='word_1_161' title='bbox 3023 1456 3256 1526; x_wconf 84' lang='grc' dir='ltr'><strong>ἀνῆκαν.</strong></span> 
     </span>
    </p>
   </div>
   <div class='ocr_carea' id='block_1_25' title="bbox 401 1549 1907 1622">
    <p class='ocr_par' dir='ltr' id='par_1_25' title="bbox 401 1549 1907 1622">
     <span class='ocr_line' id='line_1_25' title="bbox 401 1549 1907 1622; baseline 0.001 -20"><span class='ocrx_word' id='word_1_162' title='bbox 401 1550 468 1603; x_wconf 89' lang='grc' dir='ltr'><strong>θ’.</strong></span> <span class='ocrx_word' id='word_1_163' title='bbox 505 1549 662 1602; x_wconf 75' lang='grc' dir='ltr'><strong>Ἐπεὶ</strong></span> <span class='ocrx_word' id='word_1_164' title='bbox 691 1549 748 1602; x_wconf 79' lang='grc' dir='ltr'><strong>δὲ</strong></span> <span class='ocrx_word' id='word_1_165' title='bbox 796 1555 1100 1622; x_wconf 79' lang='grc' dir='ltr'>πεμπταῖοι</span> <span class='ocrx_word' id='word_1_166' title='bbox 1147 1555 1227 1616; x_wconf 67' lang='grc' dir='ltr'><strong>εἰς</strong></span> <span class='ocrx_word' id='word_1_167' title='bbox 1272 1552 1579 1606; x_wconf 82' lang='grc' dir='ltr'><strong>Μονόπολιν</strong></span> <span class='ocrx_word' id='word_1_168' title='bbox 1621 1552 1907 1622; x_wconf 80' lang='grc' dir='ltr'><strong>ἀφίκοντο,</strong></span> 
     </span>
    </p>
   </div>
   <div class='ocr_carea' id='block_1_26' title="bbox 330 1640 1912 1717">
    <p class='ocr_par' dir='ltr' id='par_1_26' title="bbox 330 1640 1912 1717">
     <span class='ocr_line' id='line_1_26' title="bbox 330 1640 1912 1717; baseline 0.001 -20"><span class='ocrx_word' id='word_1_169' title='bbox 330 1642 551 1714; x_wconf 72' lang='grc' dir='ltr'><strong>ιπεξῂει</strong></span> <span class='ocrx_word' id='word_1_170' title='bbox 597 1643 695 1713; x_wconf 74' lang='grc' dir='ltr'><strong>μὲν</strong></span> <span class='ocrx_word' id='word_1_171' title='bbox 731 1643 916 1708; x_wconf 84' lang='grc' dir='ltr'><strong>αὐτοῖς</strong></span> <span class='ocrx_word' id='word_1_172' title='bbox 946 1645 1067 1697; x_wconf 77' lang='grc' dir='ltr'><strong>οὐδὲ</strong></span> <span class='ocrx_word' id='word_1_173' title='bbox 1101 1640 1182 1710; x_wconf 76' lang='grc' dir='ltr'><strong>εἷς</strong></span> <span class='ocrx_word' id='word_1_174' title='bbox 1218 1645 1378 1714; x_wconf 71' lang='grc' dir='ltr'><strong>(ἔφθη</strong></span> <span class='ocrx_word' id='word_1_175' title='bbox 1401 1646 1515 1717; x_wconf 70' lang='grc' dir='ltr'><strong>γὰρ</strong></span> <span class='ocrx_word' id='word_1_176' title='bbox 1539 1646 1571 1717; x_wconf 65' lang='grc' dir='ltr'><strong>η</strong></span> <span class='ocrx_word' id='word_1_177' title='bbox 1598 1646 1670 1716; x_wconf 77' lang='grc' dir='ltr'><strong>φή</strong></span> <span class='ocrx_word' id='word_1_178' title='bbox 1683 1663 1757 1716; x_wconf 89' lang='grc' dir='ltr'><strong>μη</strong></span> <span class='ocrx_word' id='word_1_179' title='bbox 1777 1647 1912 1715; x_wconf 60' lang='grc' dir='ltr'><strong>προέ</strong></span> 
     </span>
    </p>
   </div>
   <div class='ocr_carea' id='block_1_27' title="bbox 2089 1546 3594 1620">
    <p class='ocr_par' dir='ltr' id='par_1_27' title="bbox 2089 1546 3594 1620">
     <span class='ocr_line' id='line_1_27' title="bbox 2089 1546 3594 1620; baseline 0.002 -17"><span class='ocrx_word' id='word_1_180' title='bbox 2089 1549 2142 1603; x_wconf 83' lang='grc'><strong>9.</strong></span> <span class='ocrx_word' id='word_1_181' title='bbox 2191 1547 2550 1618; x_wconf 88' lang='lat' dir='ltr'><strong>Posteaquam</strong></span> <span class='ocrx_word' id='word_1_182' title='bbox 2601 1548 2791 1618; x_wconf 88' lang='lat' dir='ltr'><strong>quinto</strong></span> <span class='ocrx_word' id='word_1_183' title='bbox 2844 1546 2969 1602; x_wconf 89' lang='lat' dir='ltr'><strong>inde</strong></span> <span class='ocrx_word' id='word_1_184' title='bbox 3026 1548 3114 1603; x_wconf 89' lang='lat' dir='ltr'><strong>die</strong></span> <span class='ocrx_word' id='word_1_185' title='bbox 3163 1551 3230 1604; x_wconf 89' lang='lat' dir='ltr'><strong>ad</strong></span> <span class='ocrx_word' id='word_1_186' title='bbox 3273 1549 3594 1620; x_wconf 79' lang='lat' dir='ltr'><strong>Monopolim</strong></span> 
     </span>
    </p>
   </div>
   <div class='ocr_carea' id='block_1_28' title="bbox 2019 1640 3594 1712">
    <p class='ocr_par' dir='ltr' id='par_1_28' title="bbox 2019 1640 3594 1712">
     <span class='ocr_line' id='line_1_28' title="bbox 2019 1640 3594 1712; baseline 0.002 -15"><span class='ocrx_word' id='word_1_187' title='bbox 2019 1651 2304 1706; x_wconf 85' lang='lat' dir='ltr'><strong>venerunt,</strong></span> <span class='ocrx_word' id='word_1_188' title='bbox 2363 1656 2519 1697; x_wconf 89' lang='lat' dir='ltr'><strong>nemo</strong></span> <span class='ocrx_word' id='word_1_189' title='bbox 2574 1642 2640 1696; x_wconf 91' lang='lat' dir='ltr'><strong>iis</strong></span> <span class='ocrx_word' id='word_1_190' title='bbox 2683 1641 2921 1697; x_wconf 90' lang='lat' dir='ltr'><strong>occurrit</strong></span> <span class='ocrx_word' id='word_1_191' title='bbox 2969 1640 3222 1697; x_wconf 86' lang='lat' dir='ltr'><strong>hostium.</strong></span> <span class='ocrx_word' id='word_1_192' title='bbox 3281 1643 3396 1712; x_wconf 87' lang='lat' dir='ltr'><strong>Ipsa</strong></span> <span class='ocrx_word' id='word_1_193' title='bbox 3449 1645 3594 1701; x_wconf 88' lang='lat' dir='ltr'><strong>enim</strong></span> 
     </span>
    </p>
   </div>
   <div class='ocr_carea' id='block_1_29' title="bbox 331 1733 1900 1839">
    <p class='ocr_par' dir='ltr' id='par_1_29' title="bbox 331 1734 1900 1810">
     <span class='ocr_line' id='line_1_29' title="bbox 331 1734 1900 1810; baseline 0.001 -22"><span class='ocrx_word' id='word_1_194' title='bbox 331 1734 724 1805; x_wconf 69' lang='grc' dir='ltr'><strong>καταπλήξασα</strong></span> <span class='ocrx_word' id='word_1_195' title='bbox 759 1735 982 1800; x_wconf 80' lang='grc' dir='ltr'><strong>τούτους</strong></span> <span class='ocrx_word' id='word_1_196' title='bbox 1007 1736 1157 1790; x_wconf 78' lang='grc' dir='ltr'><strong>ἔνδον</strong></span> <span class='ocrx_word' id='word_1_197' title='bbox 1207 1739 1398 1792; x_wconf 76' lang='grc' dir='ltr'><strong>ἐλάσαι</strong></span> <span class='ocrx_word' id='word_1_198' title='bbox 1424 1737 1666 1810; x_wconf 83' lang='grc' dir='ltr'><strong>τειχῶν),</strong></span> <span class='ocrx_word' id='word_1_199' title='bbox 1699 1739 1838 1810; x_wconf 76' lang='grc' dir='ltr'><strong>ὑπὲρ</strong></span> <span class='ocrx_word' id='word_1_200' title='bbox 1854 1736 1900 1790; x_wconf 77' lang='grc' dir='ltr'>δέ</span> 
     </span>
    </p>
   </div>
   <div class='ocr_carea' id='block_1_30' title="bbox 2003 1733 3594 1839">
    <p class='ocr_par' dir='ltr' id='par_1_30' title="bbox 2012 1733 3594 1802">
     <span class='ocr_line' id='line_1_30' title="bbox 2012 1733 3594 1802; baseline 0.003 -15"><span class='ocrx_word' id='word_1_201' title='bbox 2012 1734 2122 1802; x_wconf 85' lang='lat' dir='ltr'><strong>jam</strong></span> <span class='ocrx_word' id='word_1_202' title='bbox 2171 1745 2293 1789; x_wconf 89' lang='lat' dir='ltr'><strong>ante</strong></span> <span class='ocrx_word' id='word_1_203' title='bbox 2327 1734 2466 1788; x_wconf 78' lang='lat' dir='ltr'><strong>fama</strong></span> <span class='ocrx_word' id='word_1_204' title='bbox 2499 1733 2829 1788; x_wconf 80' lang='lat' dir='ltr'><strong>consternati</strong></span> <span class='ocrx_word' id='word_1_205' title='bbox 2861 1734 2998 1788; x_wconf 82' lang='lat' dir='ltr'><strong>intra</strong></span> <span class='ocrx_word' id='word_1_206' title='bbox 3035 1733 3229 1788; x_wconf 75' lang='lat' dir='ltr'><strong>mmnia</strong></span> <span class='ocrx_word' id='word_1_207' title='bbox 3263 1750 3321 1789; x_wconf 88' lang='lat' dir='ltr'><strong>sc</strong></span> <span class='ocrx_word' id='word_1_208' title='bbox 3346 1739 3594 1791; x_wconf 84' lang='lat' dir='ltr'><strong>contine-</strong></span> 
     </span>
    </p>
   </div>
   <div class='ocr_carea' id='block_1_31' title="bbox 329 1825 1910 1902">
    <p class='ocr_par' dir='ltr' id='par_1_31' title="bbox 329 1825 1910 1902">
     <span class='ocr_line' id='line_1_31' title="bbox 329 1825 1910 1902; baseline 0.001 -22"><span class='ocrx_word' id='word_1_209' title='bbox 329 1825 434 1880; x_wconf 81' lang='grc' dir='ltr'><strong>τῶν</strong></span> <span class='ocrx_word' id='word_1_210' title='bbox 466 1826 692 1896; x_wconf 88' lang='grc' dir='ltr'><strong>πύργων</strong></span> <span class='ocrx_word' id='word_1_211' title='bbox 719 1827 982 1882; x_wconf 83' lang='grc' dir='ltr'><strong>πάνοπλοι</strong></span> <span class='ocrx_word' id='word_1_212' title='bbox 1037 1830 1364 1902; x_wconf 80' lang='grc' dir='ltr'><strong>ἑστήκεσαν,</strong></span> <span class='ocrx_word' id='word_1_213' title='bbox 1398 1830 1552 1894; x_wconf 78' lang='grc' dir='ltr'><strong>εἴτις</strong></span> <span class='ocrx_word' id='word_1_214' title='bbox 1580 1829 1808 1900; x_wconf 78' lang='grc' dir='ltr'><strong>ἐπιϐολὴ</strong></span> <span class='ocrx_word' id='word_1_215' title='bbox 1832 1830 1910 1900; x_wconf 79' lang='grc' dir='ltr'><strong>τῷ</strong></span> 
     </span>
    </p>
   </div>
   <div class='ocr_carea' id='block_1_32' title="bbox 331 1919 1910 1995">
    <p class='ocr_par' dir='ltr' id='par_1_32' title="bbox 331 1919 1910 1995">
     <span class='ocr_line' id='line_1_32' title="bbox 331 1919 1910 1995; baseline -0.001 -20"><span class='ocrx_word' id='word_1_216' title='bbox 331 1919 604 1991; x_wconf 80' lang='grc' dir='ltr'><strong>περιϐόλῳ</strong></span> <span class='ocrx_word' id='word_1_217' title='bbox 635 1921 853 1974; x_wconf 77' lang='grc' dir='ltr'><strong>ἐπέλθοι</strong></span> <span class='ocrx_word' id='word_1_218' title='bbox 888 1923 1275 1993; x_wconf 83' lang='grc' dir='ltr'><strong>ἀμυνούμενοι.</strong></span> <span class='ocrx_word' id='word_1_219' title='bbox 1316 1921 1450 1978; x_wconf 83' lang='grc' dir='ltr'><strong>Τότε</strong></span> <span class='ocrx_word' id='word_1_220' title='bbox 1483 1924 1583 1995; x_wconf 77' lang='grc' dir='ltr'><strong>μὲν</strong></span> <span class='ocrx_word' id='word_1_221' title='bbox 1616 1919 1710 1976; x_wconf 78' lang='grc' dir='ltr'><strong>οὖν</strong></span> <span class='ocrx_word' id='word_1_222' title='bbox 1742 1922 1910 1977; x_wconf 80' lang='grc' dir='ltr'><strong>αὐτοῦ</strong></span> 
     </span>
    </p>
   </div>
   <div class='ocr_carea' id='block_1_33' title="bbox 330 2013 1910 2086">
    <p class='ocr_par' dir='ltr' id='par_1_33' title="bbox 330 2013 1910 2086">
     <span class='ocr_line' id='line_1_33' title="bbox 330 2013 1910 2086; baseline 0.003 -22"><span class='ocrx_word' id='word_1_223' title='bbox 330 2030 429 2065; x_wconf 83' lang='grc' dir='ltr'>που</span> <span class='ocrx_word' id='word_1_224' title='bbox 461 2013 518 2065; x_wconf 78' lang='grc' dir='ltr'><strong>ἐν</strong></span> <span class='ocrx_word' id='word_1_225' title='bbox 546 2014 822 2085; x_wconf 74' lang='grc' dir='ltr'><strong>ἐπικαίρῳ</strong></span> <span class='ocrx_word' id='word_1_226' title='bbox 869 2014 970 2085; x_wconf 80' lang='grc' dir='ltr'><strong>τῆς</strong></span> <span class='ocrx_word' id='word_1_227' title='bbox 1001 2015 1210 2081; x_wconf 88' lang='grc' dir='ltr'><strong>πόλεως</strong></span> <span class='ocrx_word' id='word_1_228' title='bbox 1241 2015 1302 2069; x_wconf 85' lang='grc' dir='ltr'><strong>ού</strong></span> <span class='ocrx_word' id='word_1_229' title='bbox 1351 2015 1532 2086; x_wconf 85' lang='grc' dir='ltr'><strong>πολλῷ</strong></span> <span class='ocrx_word' id='word_1_230' title='bbox 1579 2015 1783 2072; x_wconf 77' lang='grc' dir='ltr'><strong>ἄποθεν</strong></span> <span class='ocrx_word' id='word_1_231' title='bbox 1817 2016 1910 2069; x_wconf 74' lang='grc' dir='ltr'><strong>τὸν</strong></span> 
     </span>
    </p>
   </div>
   <div class='ocr_carea' id='block_1_34' title="bbox 327 2103 1908 2180">
    <p class='ocr_par' dir='ltr' id='par_1_34' title="bbox 327 2103 1908 2180">
     <span class='ocr_line' id='line_1_34' title="bbox 327 2103 1908 2180; baseline 0.003 -22"><span class='ocrx_word' id='word_1_232' title='bbox 327 2103 549 2176; x_wconf 84' lang='grc' dir='ltr'><strong>χάρακα</strong></span> <span class='ocrx_word' id='word_1_233' title='bbox 579 2106 888 2178; x_wconf 81' lang='grc' dir='ltr'><strong>πηξάμενοι</strong></span> <span class='ocrx_word' id='word_1_234' title='bbox 933 2107 1150 2180; x_wconf 78' lang='grc' dir='ltr'><strong>έμενον.</strong></span> <span class='ocrx_word' id='word_1_235' title='bbox 1192 2109 1344 2163; x_wconf 74' lang='grc' dir='ltr'><strong>Ἐπεὶ</strong></span> <span class='ocrx_word' id='word_1_236' title='bbox 1376 2107 1433 2162; x_wconf 86' lang='grc' dir='ltr'><strong>δὲ</strong></span> <span class='ocrx_word' id='word_1_237' title='bbox 1470 2109 1564 2162; x_wconf 82' lang='grc' dir='ltr'><strong>καὶ</strong></span> <span class='ocrx_word' id='word_1_238' title='bbox 1595 2108 1654 2164; x_wconf 78' lang='grc' dir='ltr'><strong>ὃν</strong></span> <span class='ocrx_word' id='word_1_239' title='bbox 1707 2109 1772 2162; x_wconf 83' lang='grc' dir='ltr'><strong>ὲκ</strong></span> <span class='ocrx_word' id='word_1_240' title='bbox 1798 2110 1908 2162; x_wconf 76' lang='lat' dir='ltr'><strong>Bat-</strong></span> 
     </span>
    </p>
   </div>
   <div class='ocr_carea' id='block_1_35' title="bbox 329 2198 1908 2277">
    <p class='ocr_par' dir='ltr' id='par_1_35' title="bbox 329 2198 1908 2277">
     <span class='ocr_line' id='line_1_35' title="bbox 329 2198 1908 2277; baseline 0.003 -26"><span class='ocrx_word' id='word_1_241' title='bbox 329 2198 467 2269; x_wconf 85' lang='grc' dir='ltr'><strong>ρέως</strong></span> <span class='ocrx_word' id='word_1_242' title='bbox 515 2199 940 2271; x_wconf 74' lang='grc' dir='ltr'><strong>μετεπέμψαντο</strong></span> <span class='ocrx_word' id='word_1_243' title='bbox 960 2201 1056 2273; x_wconf 76' lang='grc' dir='ltr'><strong>ἤδη</strong></span> <span class='ocrx_word' id='word_1_244' title='bbox 1096 2199 1180 2276; x_wconf 86' lang='grc' dir='ltr'><strong>[Ρ.</strong></span> <span class='ocrx_word' id='word_1_245' title='bbox 1211 2199 1302 2277; x_wconf 89' lang='grc'><strong>90]</strong></span> <span class='ocrx_word' id='word_1_246' title='bbox 1348 2201 1555 2270; x_wconf 83' lang='grc' dir='ltr'><strong>στόλον,</strong></span> <span class='ocrx_word' id='word_1_247' title='bbox 1602 2200 1908 2257; x_wconf 87' lang='grc' dir='ltr'><strong>Μονοπόλει</strong></span> 
     </span>
    </p>
   </div>
   <div class='ocr_carea' id='block_1_36' title="bbox 325 2289 1909 2368">
    <p class='ocr_par' dir='ltr' id='par_1_36' title="bbox 325 2289 1909 2368">
     <span class='ocr_line' id='line_1_36' title="bbox 325 2289 1909 2368; baseline 0.003 -26"><span class='ocrx_word' id='word_1_248' title='bbox 325 2289 589 2362; x_wconf 83' lang='grc' dir='ltr'><strong>προσχὼν</strong></span> <span class='ocrx_word' id='word_1_249' title='bbox 618 2293 686 2345; x_wconf 74' lang='grc' dir='ltr'><strong>τὰ</strong></span> <span class='ocrx_word' id='word_1_250' title='bbox 741 2295 798 2356; x_wconf 80' lang='grc' dir='ltr'><strong>ές</strong></span> <span class='ocrx_word' id='word_1_251' title='bbox 839 2293 1155 2364; x_wconf 68' lang='grc' dir='ltr'><strong>πολιορκίαν</strong></span> <span class='ocrx_word' id='word_1_252' title='bbox 1201 2294 1449 2368; x_wconf 80' lang='grc' dir='ltr'><strong>αὐτάρκη</strong></span> <span class='ocrx_word' id='word_1_253' title='bbox 1501 2294 1751 2366; x_wconf 76' lang='grc' dir='ltr'><strong>ἐκόμισε,</strong></span> <span class='ocrx_word' id='word_1_254' title='bbox 1788 2295 1909 2348; x_wconf 74' lang='grc' dir='ltr'><strong>τότε</strong></span> 
     </span>
    </p>
   </div>
   <div class='ocr_carea' id='block_1_37' title="bbox 322 2381 1910 2458">
    <p class='ocr_par' dir='ltr' id='par_1_37' title="bbox 322 2381 1910 2458">
     <span class='ocr_line' id='line_1_37' title="bbox 322 2381 1910 2458; baseline 0.002 -22"><span class='ocrx_word' id='word_1_255' title='bbox 322 2381 388 2454; x_wconf 80' lang='grc' dir='ltr'><strong>δὴ</strong></span> <span class='ocrx_word' id='word_1_256' title='bbox 410 2383 716 2457; x_wconf 63' lang='grc' dir='ltr'><strong>ποινστρατλ⁵</strong></span> <span class='ocrx_word' id='word_1_257' title='bbox 745 2385 822 2456; x_wconf 82' lang='grc' dir='ltr'><strong>τῷ</strong></span> <span class='ocrx_word' id='word_1_258' title='bbox 847 2386 1119 2458; x_wconf 83' lang='grc' dir='ltr'><strong>περιϐόλῳ</strong></span> <span class='ocrx_word' id='word_1_259' title='bbox 1141 2387 1422 2444; x_wconf 77' lang='grc' dir='ltr'><strong>ἐπέθεντο.</strong></span> <span class='ocrx_word' id='word_1_260' title='bbox 1466 2385 1628 2440; x_wconf 79' lang='grc' dir='ltr'><strong>Ἀλλὰ</strong></span> <span class='ocrx_word' id='word_1_261' title='bbox 1657 2387 1910 2440; x_wconf 85' lang='grc' dir='ltr'><strong>Μονοπο-</strong></span> 
     </span>
    </p>
   </div>
   <div class='ocr_carea' id='block_1_38' title="bbox 318 2473 1905 2549">
    <p class='ocr_par' dir='ltr' id='par_1_38' title="bbox 318 2473 1905 2549">
     <span class='ocr_line' id='line_1_38' title="bbox 318 2473 1905 2549; baseline 0.001 -23"><span class='ocrx_word' id='word_1_262' title='bbox 318 2473 470 2529; x_wconf 77' lang='grc' dir='ltr'><strong>λῖται</strong></span> <span class='ocrx_word' id='word_1_263' title='bbox 499 2474 596 2530; x_wconf 79' lang='grc' dir='ltr'><strong>ἆτε</strong></span> <span class='ocrx_word' id='word_1_264' title='bbox 629 2477 721 2542; x_wconf 77' lang='grc' dir='ltr'><strong>ἀφ’</strong></span> <span class='ocrx_word' id='word_1_265' title='bbox 759 2476 966 2548; x_wconf 75' lang='grc' dir='ltr'><strong>ὑψηλοῦ</strong></span> <span class='ocrx_word' id='word_1_266' title='bbox 1021 2480 1078 2541; x_wconf 78' lang='grc' dir='ltr'><strong>ἐς</strong></span> <span class='ocrx_word' id='word_1_267' title='bbox 1108 2479 1234 2539; x_wconf 73' lang='grc' dir='ltr'><strong>τοὺς</strong></span> <span class='ocrx_word' id='word_1_268' title='bbox 1264 2477 1558 2549; x_wconf 87' lang='grc' dir='ltr'><strong>πολεμίους</strong></span> <span class='ocrx_word' id='word_1_269' title='bbox 1619 2475 1905 2548; x_wconf 78' lang='grc' dir='ltr'><strong>βάλλοντες</strong></span> 
     </span>
    </p>
   </div>
   <div class='ocr_carea' id='block_1_39' title="bbox 322 2569 1908 2643">
    <p class='ocr_par' dir='ltr' id='par_1_39' title="bbox 322 2569 1908 2643">
     <span class='ocr_line' id='line_1_39' title="bbox 322 2569 1908 2643; baseline -0.001 -20"><span class='ocrx_word' id='word_1_270' title='bbox 322 2569 702 2641; x_wconf 82' lang='grc' dir='ltr'><strong>ἀπεκρούοντό</strong></span> <span class='ocrx_word' id='word_1_271' title='bbox 732 2588 790 2624; x_wconf 87' lang='grc' dir='ltr'><strong>τε</strong></span> <span class='ocrx_word' id='word_1_272' title='bbox 841 2571 967 2636; x_wconf 75' lang='grc' dir='ltr'><strong>τοὺς</strong></span> <span class='ocrx_word' id='word_1_273' title='bbox 997 2573 1323 2643; x_wconf 75' lang='grc' dir='ltr'><strong>προσιόντας</strong></span> <span class='ocrx_word' id='word_1_274' title='bbox 1372 2570 1668 2642; x_wconf 77' lang='grc' dir='ltr'><strong>Ῥωμαίων</strong></span> <span class='ocrx_word' id='word_1_275' title='bbox 1696 2570 1789 2624; x_wconf 87' lang='grc' dir='ltr'><strong>καί</strong></span> <span class='ocrx_word' id='word_1_276' title='bbox 1828 2587 1908 2622; x_wconf 79' lang='grc' dir='ltr'><strong>τι·</strong></span> 
     </span>
    </p>
   </div>
   <div class='ocr_carea' id='block_1_40' title="bbox 321 2661 1906 2737">
    <p class='ocr_par' dir='ltr' id='par_1_40' title="bbox 321 2661 1906 2737">
     <span class='ocr_line' id='line_1_40' title="bbox 321 2661 1906 2737; baseline -0.001 -22"><span class='ocrx_word' id='word_1_277' title='bbox 321 2679 425 2728; x_wconf 87' lang='grc' dir='ltr'><strong>νας</strong></span> <span class='ocrx_word' id='word_1_278' title='bbox 451 2662 717 2719; x_wconf 78' lang='grc' dir='ltr'><strong>ἔκτεινον.</strong></span> <span class='ocrx_word' id='word_1_279' title='bbox 756 2665 833 2718; x_wconf 87' lang='grc' dir='ltr'><strong>Ἦ</strong></span> <span class='ocrx_word' id='word_1_280' title='bbox 854 2681 925 2718; x_wconf 84' lang='grc' dir='ltr'><strong>τε</strong></span> <span class='ocrx_word' id='word_1_281' title='bbox 953 2663 1098 2736; x_wconf 87' lang='grc' dir='ltr'><strong>μάχη</strong></span> <span class='ocrx_word' id='word_1_282' title='bbox 1131 2663 1276 2735; x_wconf 78' lang='grc' dir='ltr'><strong>πρωῒ</strong></span> <span class='ocrx_word' id='word_1_283' title='bbox 1307 2664 1593 2737; x_wconf 77' lang='grc' dir='ltr'><strong>ἀρξαμένη</strong></span> <span class='ocrx_word' id='word_1_284' title='bbox 1630 2664 1688 2726; x_wconf 79' lang='grc' dir='ltr'><strong>ἐς</strong></span> <span class='ocrx_word' id='word_1_285' title='bbox 1736 2661 1906 2715; x_wconf 88' lang='grc' dir='ltr'><strong>νύκτα</strong></span> 
     </span>
    </p>
   </div>
   <div class='ocr_carea' id='block_1_41' title="bbox 322 2755 1909 2830">
    <p class='ocr_par' dir='ltr' id='par_1_41' title="bbox 322 2755 1909 2830">
     <span class='ocr_line' id='line_1_41' title="bbox 322 2755 1909 2830; baseline -0.001 -20"><span class='ocrx_word' id='word_1_286' title='bbox 322 2756 610 2812; x_wconf 67' lang='grc' dir='ltr'><strong>ἐτελεύτα.</strong></span> <span class='ocrx_word' id='word_1_287' title='bbox 648 2757 914 2829; x_wconf 77' lang='grc' dir='ltr'><strong>Ῥωμαῖοι</strong></span> <span class='ocrx_word' id='word_1_288' title='bbox 947 2759 1046 2828; x_wconf 81' lang='grc' dir='ltr'><strong>μὲν</strong></span> <span class='ocrx_word' id='word_1_289' title='bbox 1095 2758 1208 2826; x_wconf 70' lang='grc' dir='ltr'><strong>οὗν,</strong></span> <span class='ocrx_word' id='word_1_290' title='bbox 1265 2758 1452 2830; x_wconf 73' lang='grc' dir='ltr'><strong>ἐπειδὴ</strong></span> <span class='ocrx_word' id='word_1_291' title='bbox 1507 2755 1909 2820; x_wconf 74' lang='grc' dir='ltr'><strong>συνεσκόταζεν</strong></span> 
     </span>
    </p>
   </div>
   <div class='ocr_carea' id='block_1_42' title="bbox 318 2851 1904 2927">
    <p class='ocr_par' dir='ltr' id='par_1_42' title="bbox 318 2851 1904 2927">
     <span class='ocr_line' id='line_1_42' title="bbox 318 2851 1904 2927; baseline 0 -23"><span class='ocrx_word' id='word_1_292' title='bbox 318 2852 453 2925; x_wconf 74' lang='grc' dir='ltr'><strong>ἥδη,</strong></span> <span class='ocrx_word' id='word_1_293' title='bbox 490 2855 581 2907; x_wconf 75' lang='grc' dir='ltr'><strong>ἐπὶ</strong></span> <span class='ocrx_word' id='word_1_294' title='bbox 607 2853 666 2908; x_wconf 78' lang='grc' dir='ltr'><strong>τὸ</strong></span> <span class='ocrx_word' id='word_1_295' title='bbox 698 2854 1061 2926; x_wconf 87' lang='grc' dir='ltr'><strong>στρατόπεδον</strong></span> <span class='ocrx_word' id='word_1_296' title='bbox 1095 2854 1472 2927; x_wconf 74' lang='grc' dir='ltr'><strong>ἀνεχώρησαν.</strong></span> <span class='ocrx_word' id='word_1_297' title='bbox 1540 2851 1904 2907; x_wconf 84' lang='grc' dir='ltr'><strong>Μονοπολίται</strong></span> 
     </span>
    </p>
   </div>
   <div class='ocr_carea' id='block_1_43' title="bbox 318 2941 1904 3018">
    <p class='ocr_par' dir='ltr' id='par_1_43' title="bbox 318 2941 1904 3018">
     <span class='ocr_line' id='line_1_43' title="bbox 318 2941 1904 3018; baseline -0.001 -22"><span class='ocrx_word' id='word_1_298' title='bbox 318 2943 386 2996; x_wconf 81' lang='grc' dir='ltr'><strong>δὲ</strong></span> <span class='ocrx_word' id='word_1_299' title='bbox 407 2944 658 3014; x_wconf 80' lang='grc' dir='ltr'><strong>φυλακὰς</strong></span> <span class='ocrx_word' id='word_1_300' title='bbox 687 2943 784 3018; x_wconf 55' lang='grc' dir='ltr'><strong>ἐπὶ</strong></span> <span class='ocrx_word' id='word_1_301' title='bbox 833 2946 944 3000; x_wconf 84' lang='grc' dir='ltr'><strong>τῶν</strong></span> <span class='ocrx_word' id='word_1_302' title='bbox 1009 2946 1236 3014; x_wconf 87' lang='grc' dir='ltr'><strong>πύργων</strong></span> <span class='ocrx_word' id='word_1_303' title='bbox 1262 2941 1408 3016; x_wconf 77' lang='grc' dir='ltr'><strong>εἶχον</strong></span> <span class='ocrx_word' id='word_1_304' title='bbox 1456 2945 1518 2997; x_wconf 83' lang='grc' dir='ltr'><strong>ὲκ</strong></span> <span class='ocrx_word' id='word_1_305' title='bbox 1562 2941 1904 3014; x_wconf 85' lang='grc' dir='ltr'><strong>περιτροπῆς</strong></span> 
     </span>
    </p>
   </div>
   <div class='ocr_carea' id='block_1_44' title="bbox 317 3027 1905 3103">
    <p class='ocr_par' dir='ltr' id='par_1_44' title="bbox 317 3027 1905 3103">
     <span class='ocr_line' id='line_1_44' title="bbox 317 3027 1905 3103; baseline -0.003 -22"><span class='ocrx_word' id='word_1_306' title='bbox 317 3027 688 3096; x_wconf 76' lang='grc' dir='ltr'><strong>καθιστάντες</strong></span> <span class='ocrx_word' id='word_1_307' title='bbox 718 3029 824 3094; x_wconf 72' lang='grc' dir='ltr'><strong>ἀεὶ,</strong></span> <span class='ocrx_word' id='word_1_308' title='bbox 862 3030 936 3094; x_wconf 82' lang='grc' dir='ltr'><strong>ὡς</strong></span> <span class='ocrx_word' id='word_1_309' title='bbox 963 3031 1038 3103; x_wconf 79' lang='grc' dir='ltr'><strong>μὴ</strong></span> <span class='ocrx_word' id='word_1_310' title='bbox 1087 3030 1299 3084; x_wconf 78' lang='grc' dir='ltr'><strong>λάθοιεν</strong></span> <span class='ocrx_word' id='word_1_311' title='bbox 1330 3027 1808 3098; x_wconf 83' lang='grc' dir='ltr'><strong>κακουργήσαντές</strong></span> <span class='ocrx_word' id='word_1_312' title='bbox 1850 3042 1905 3078; x_wconf 84' lang='grc' dir='ltr'><strong>τι</strong></span> 
     </span>
    </p>
   </div>
   <div class='ocr_carea' id='block_1_45' title="bbox 2018 1825 3592 1893">
    <p class='ocr_par' dir='ltr' id='par_1_45' title="bbox 2018 1825 3592 1893">
     <span class='ocr_line' id='line_1_45' title="bbox 2018 1825 3592 1893; baseline 0 -10"><span class='ocrx_word' id='word_1_313' title='bbox 2018 1830 2168 1884; x_wconf 84' lang='lat' dir='ltr'><strong>bant.</strong></span> <span class='ocrx_word' id='word_1_314' title='bbox 2236 1827 2294 1882; x_wconf 87' lang='lat' dir='ltr'><strong>lu</strong></span> <span class='ocrx_word' id='word_1_315' title='bbox 2357 1825 2593 1880; x_wconf 89' lang='lat' dir='ltr'><strong>turribus</strong></span> <span class='ocrx_word' id='word_1_316' title='bbox 2649 1833 2829 1880; x_wconf 89' lang='lat' dir='ltr'><strong>autem</strong></span> <span class='ocrx_word' id='word_1_317' title='bbox 2887 1828 3076 1880; x_wconf 80' lang='lat' dir='ltr'><strong>armati</strong></span> <span class='ocrx_word' id='word_1_318' title='bbox 3114 1826 3424 1893; x_wconf 84' lang='lat' dir='ltr'><strong>constitere,</strong></span> <span class='ocrx_word' id='word_1_319' title='bbox 3451 1835 3508 1882; x_wconf 88' lang='lat' dir='ltr'><strong>ut</strong></span> <span class='ocrx_word' id='word_1_320' title='bbox 3546 1829 3592 1884; x_wconf 89' lang='lat' dir='ltr'><strong>si</strong></span> 
     </span>
    </p>
   </div>
   <div class='ocr_carea' id='block_1_46' title="bbox 2012 1918 3590 1992">
    <p class='ocr_par' dir='ltr' id='par_1_46' title="bbox 2012 1918 3590 1992">
     <span class='ocr_line' id='line_1_46' title="bbox 2012 1918 3590 1992; baseline 0.004 -22"><span class='ocrx_word' id='word_1_321' title='bbox 2012 1922 2135 1992; x_wconf 86' lang='lat' dir='ltr'><strong>quis</strong></span> <span class='ocrx_word' id='word_1_322' title='bbox 2175 1921 2226 1974; x_wconf 93' lang='lat' dir='ltr'><strong>in</strong></span> <span class='ocrx_word' id='word_1_323' title='bbox 2257 1918 2456 1973; x_wconf 85' lang='lat' dir='ltr'><strong>vallum</strong></span> <span class='ocrx_word' id='word_1_324' title='bbox 2496 1922 2646 1973; x_wconf 78' lang='lat' dir='ltr'><strong>tieret</strong></span> <span class='ocrx_word' id='word_1_325' title='bbox 2675 1919 2928 1988; x_wconf 88' lang='lat' dir='ltr'><strong>impetus,</strong></span> <span class='ocrx_word' id='word_1_326' title='bbox 2955 1927 3142 1973; x_wconf 84' lang='lat' dir='ltr'><strong>contra</strong></span> <span class='ocrx_word' id='word_1_327' title='bbox 3172 1920 3208 1974; x_wconf 91' lang='lat' dir='ltr'><strong>ii</strong></span> <span class='ocrx_word' id='word_1_328' title='bbox 3237 1920 3590 1976; x_wconf 66' lang='lat' dir='ltr'><strong>obsistc&#39;ent.</strong></span> 
     </span>
    </p>
   </div>
   <div class='ocr_carea' id='block_1_47' title="bbox 2017 2009 3592 2081">
    <p class='ocr_par' dir='ltr' id='par_1_47' title="bbox 2017 2009 3592 2081">
     <span class='ocr_line' id='line_1_47' title="bbox 2017 2009 3592 2081; baseline 0.002 -16"><span class='ocrx_word' id='word_1_329' title='bbox 2017 2011 2247 2066; x_wconf 80' lang='lat' dir='ltr'><strong>Romani</strong></span> <span class='ocrx_word' id='word_1_330' title='bbox 2282 2010 2461 2080; x_wconf 86' lang='lat' dir='ltr'><strong>itaque</strong></span> <span class='ocrx_word' id='word_1_331' title='bbox 2489 2010 2678 2080; x_wconf 87' lang='lat' dir='ltr'><strong>positis</strong></span> <span class='ocrx_word' id='word_1_332' title='bbox 2704 2009 2894 2064; x_wconf 82' lang='lat' dir='ltr'><strong>idoneo</strong></span> <span class='ocrx_word' id='word_1_333' title='bbox 2919 2009 3040 2066; x_wconf 89' lang='lat' dir='ltr'><strong>loco</strong></span> <span class='ocrx_word' id='word_1_334' title='bbox 3072 2011 3214 2065; x_wconf 87' lang='lat' dir='ltr'><strong>haud</strong></span> <span class='ocrx_word' id='word_1_335' title='bbox 3241 2012 3426 2081; x_wconf 84' lang='lat' dir='ltr'><strong>procul</strong></span> <span class='ocrx_word' id='word_1_336' title='bbox 3466 2013 3592 2068; x_wconf 82' lang='lat' dir='ltr'><strong>inde</strong></span> 
     </span>
    </p>
   </div>
   <div class='ocr_carea' id='block_1_48' title="bbox 2011 2101 3588 2172">
    <p class='ocr_par' dir='ltr' id='par_1_48' title="bbox 2011 2101 3588 2172">
     <span class='ocr_line' id='line_1_48' title="bbox 2011 2101 3588 2172; baseline -0.002 -14"><span class='ocrx_word' id='word_1_337' title='bbox 2011 2103 2231 2169; x_wconf 87' lang='lat' dir='ltr'><strong>castris,</strong></span> <span class='ocrx_word' id='word_1_338' title='bbox 2257 2102 2570 2158; x_wconf 77' lang='lat' dir='ltr'><strong>consedere.</strong></span> <span class='ocrx_word' id='word_1_339' title='bbox 2612 2101 2716 2157; x_wconf 90' lang='lat' dir='ltr'><strong>Sed</strong></span> <span class='ocrx_word' id='word_1_340' title='bbox 2757 2102 2868 2169; x_wconf 90' lang='lat' dir='ltr'><strong>ubi,</strong></span> <span class='ocrx_word' id='word_1_341' title='bbox 2893 2118 3054 2172; x_wconf 92' lang='lat' dir='ltr'><strong>quam</strong></span> <span class='ocrx_word' id='word_1_342' title='bbox 3107 2101 3228 2158; x_wconf 88' lang='lat' dir='ltr'><strong>Bari</strong></span> <span class='ocrx_word' id='word_1_343' title='bbox 3258 2104 3588 2168; x_wconf 80' lang='lat' dir='ltr'><strong>acciverant,</strong></span> 
     </span>
    </p>
   </div>
   <div class='ocr_carea' id='block_1_49' title="bbox 2011 2196 3589 2268">
    <p class='ocr_par' dir='ltr' id='par_1_49' title="bbox 2011 2196 3589 2268">
     <span class='ocr_line' id='line_1_49' title="bbox 2011 2196 3589 2268; baseline 0.002 -16"><span class='ocrx_word' id='word_1_344' title='bbox 2011 2197 2224 2263; x_wconf 84' lang='lat' dir='ltr'><strong>classis,</strong></span> <span class='ocrx_word' id='word_1_345' title='bbox 2282 2211 2402 2268; x_wconf 69' lang='lat' dir='ltr'><strong>qua:</strong></span> <span class='ocrx_word' id='word_1_346' title='bbox 2452 2197 2518 2250; x_wconf 92' lang='lat' dir='ltr'><strong>ad</strong></span> <span class='ocrx_word' id='word_1_347' title='bbox 2573 2196 3032 2266; x_wconf 77' lang='lat' dir='ltr'><strong>oppugnationem</strong></span> <span class='ocrx_word' id='word_1_348' title='bbox 3094 2199 3398 2255; x_wconf 78' lang='lat' dir='ltr'><strong>necessaria</strong></span> <span class='ocrx_word' id='word_1_349' title='bbox 3434 2212 3589 2256; x_wconf 84' lang='lat' dir='ltr'><strong>erant</strong></span> 
     </span>
    </p>
   </div>
   <div class='ocr_carea' id='block_1_50' title="bbox 2011 2289 3586 2358">
    <p class='ocr_par' dir='ltr' id='par_1_50' title="bbox 2011 2289 3586 2358">
     <span class='ocr_line' id='line_1_50' title="bbox 2011 2289 3586 2358; baseline 0.001 -14"><span class='ocrx_word' id='word_1_350' title='bbox 2011 2289 2248 2355; x_wconf 79' lang='lat' dir='ltr'><strong>advexit,</strong></span> <span class='ocrx_word' id='word_1_351' title='bbox 2312 2303 2434 2343; x_wconf 86' lang='lat' dir='ltr'><strong>cum</strong></span> <span class='ocrx_word' id='word_1_352' title='bbox 2485 2289 2736 2344; x_wconf 82' lang='lat' dir='ltr'><strong>omnibus</strong></span> <span class='ocrx_word' id='word_1_353' title='bbox 2792 2289 2963 2358; x_wconf 87' lang='lat' dir='ltr'><strong>copiis</strong></span> <span class='ocrx_word' id='word_1_354' title='bbox 3006 2290 3207 2345; x_wconf 69' lang='lat' dir='ltr'><strong>mmnia</strong></span> <span class='ocrx_word' id='word_1_355' title='bbox 3245 2291 3586 2347; x_wconf 91' lang='lat' dir='ltr'><strong>adoriuntur.</strong></span> 
     </span>
    </p>
   </div>
   <div class='ocr_carea' id='block_1_51' title="bbox 2008 2379 3586 2449">
    <p class='ocr_par' dir='ltr' id='par_1_51' title="bbox 2008 2379 3586 2449">
     <span class='ocr_line' id='line_1_51' title="bbox 2008 2379 3586 2449; baseline 0.006 -16"><span class='ocrx_word' id='word_1_356' title='bbox 2008 2380 2078 2434; x_wconf 81' lang='lat' dir='ltr'><strong>At</strong></span> <span class='ocrx_word' id='word_1_357' title='bbox 2119 2379 2500 2449; x_wconf 71' lang='lat' dir='ltr'><strong>llonopolitani</strong></span> <span class='ocrx_word' id='word_1_358' title='bbox 2551 2381 2768 2435; x_wconf 87' lang='lat' dir='ltr'><strong>emissis</strong></span> <span class='ocrx_word' id='word_1_359' title='bbox 2821 2395 2886 2435; x_wconf 84' lang='lat' dir='ltr'><strong>ex</strong></span> <span class='ocrx_word' id='word_1_360' title='bbox 2947 2379 3058 2436; x_wconf 88' lang='lat' dir='ltr'><strong>alto</strong></span> <span class='ocrx_word' id='word_1_361' title='bbox 3116 2381 3172 2437; x_wconf 95' lang='lat' dir='ltr'><strong>in</strong></span> <span class='ocrx_word' id='word_1_362' title='bbox 3235 2383 3420 2439; x_wconf 87' lang='lat' dir='ltr'><strong>hostes</strong></span> <span class='ocrx_word' id='word_1_363' title='bbox 3464 2384 3586 2442; x_wconf 85' lang='lat' dir='ltr'><strong>telis</strong></span> 
     </span>
    </p>
   </div>
   <div class='ocr_carea' id='block_1_52' title="bbox 2009 2473 3585 2546">
    <p class='ocr_par' dir='ltr' id='par_1_52' title="bbox 2009 2473 3585 2546">
     <span class='ocr_line' id='line_1_52' title="bbox 2009 2473 3585 2546; baseline 0.002 -18"><span class='ocrx_word' id='word_1_364' title='bbox 2009 2475 2304 2529; x_wconf 87' lang='lat' dir='ltr'><strong>subeuntes</strong></span> <span class='ocrx_word' id='word_1_365' title='bbox 2321 2473 2586 2544; x_wconf 72' lang='lat' dir='ltr'><strong>repellunt</strong></span> <span class='ocrx_word' id='word_1_366' title='bbox 2607 2475 2903 2538; x_wconf 84' lang='lat' dir='ltr'><strong>Romanos,</strong></span> <span class='ocrx_word' id='word_1_367' title='bbox 2932 2474 3322 2546; x_wconf 72' lang='lat' dir='ltr'><strong>nonnullasque</strong></span> <span class='ocrx_word' id='word_1_368' title='bbox 3347 2474 3585 2532; x_wconf 68' lang='lat' dir='ltr'><strong>caedunt.</strong></span> 
     </span>
    </p>
   </div>
   <div class='ocr_carea' id='block_1_53' title="bbox 2009 2565 3592 2639">
    <p class='ocr_par' dir='ltr' id='par_1_53' title="bbox 2009 2565 3592 2639">
     <span class='ocr_line' id='line_1_53' title="bbox 2009 2565 3592 2639; baseline 0.004 -19"><span class='ocrx_word' id='word_1_369' title='bbox 2009 2565 2226 2637; x_wconf 85' lang='lat' dir='ltr'><strong>lucepto</strong></span> <span class='ocrx_word' id='word_1_370' title='bbox 2278 2581 2436 2622; x_wconf 84' lang='lat' dir='ltr'><strong>mane</strong></span> <span class='ocrx_word' id='word_1_371' title='bbox 2489 2565 2673 2638; x_wconf 83' lang='lat' dir='ltr'><strong>praelio</strong></span> <span class='ocrx_word' id='word_1_372' title='bbox 2720 2567 2772 2620; x_wconf 92' lang='lat' dir='ltr'><strong>in</strong></span> <span class='ocrx_word' id='word_1_373' title='bbox 2831 2575 3044 2622; x_wconf 90' lang='lat' dir='ltr'><strong>noctem</strong></span> <span class='ocrx_word' id='word_1_374' title='bbox 3100 2582 3270 2638; x_wconf 87' lang='lat' dir='ltr'><strong>usque</strong></span> <span class='ocrx_word' id='word_1_375' title='bbox 3293 2566 3592 2639; x_wconf 70' lang='lat' dir='ltr'><strong>protracto,</strong></span> 
     </span>
    </p>
   </div>
   <div class='ocr_carea' id='block_1_54' title="bbox 2011 2658 3589 2729">
    <p class='ocr_par' dir='ltr' id='par_1_54' title="bbox 2011 2658 3589 2729">
     <span class='ocr_line' id='line_1_54' title="bbox 2011 2658 3589 2729; baseline 0.004 -17"><span class='ocrx_word' id='word_1_376' title='bbox 2011 2658 2262 2726; x_wconf 78' lang='lat' dir='ltr'><strong>Romani,</strong></span> <span class='ocrx_word' id='word_1_377' title='bbox 2320 2673 2440 2713; x_wconf 89' lang='lat' dir='ltr'><strong>cum</strong></span> <span class='ocrx_word' id='word_1_378' title='bbox 2489 2658 2597 2728; x_wconf 78' lang='lat' dir='ltr'><strong>iam</strong></span> <span class='ocrx_word' id='word_1_379' title='bbox 2656 2659 3156 2729; x_wconf 84' lang='lat' dir='ltr'><strong>advesperasceret,</strong></span> <span class='ocrx_word' id='word_1_380' title='bbox 3207 2659 3258 2715; x_wconf 94' lang='lat' dir='ltr'><strong>in</strong></span> <span class='ocrx_word' id='word_1_381' title='bbox 3295 2671 3474 2718; x_wconf 80' lang='lat' dir='ltr'><strong>castra</strong></span> <span class='ocrx_word' id='word_1_382' title='bbox 3496 2675 3589 2718; x_wconf 55' lang='lat' dir='ltr'><strong>res</strong></span> 
     </span>
    </p>
   </div>
   <div class='ocr_carea' id='block_1_55' title="bbox 2013 2749 3590 2822">
    <p class='ocr_par' dir='ltr' id='par_1_55' title="bbox 2013 2749 3590 2822">
     <span class='ocr_line' id='line_1_55' title="bbox 2013 2749 3590 2822; baseline 0.004 -18"><span class='ocrx_word' id='word_1_383' title='bbox 2013 2759 2318 2807; x_wconf 81' lang='lat' dir='ltr'><strong>vertuntur.</strong></span> <span class='ocrx_word' id='word_1_384' title='bbox 2366 2749 2752 2821; x_wconf 78' lang='lat' dir='ltr'><strong>Mouepolitani</strong></span> <span class='ocrx_word' id='word_1_385' title='bbox 2787 2749 2945 2822; x_wconf 79' lang='lat'><strong>155</strong></span> <span class='ocrx_word' id='word_1_386' title='bbox 2975 2766 3105 2807; x_wconf 83' lang='lat' dir='ltr'><strong>vero</strong></span> <span class='ocrx_word' id='word_1_387' title='bbox 3130 2752 3181 2806; x_wconf 91' lang='lat' dir='ltr'><strong>in</strong></span> <span class='ocrx_word' id='word_1_388' title='bbox 3212 2753 3454 2810; x_wconf 88' lang='lat' dir='ltr'><strong>turribus</strong></span> <span class='ocrx_word' id='word_1_389' title='bbox 3493 2769 3590 2810; x_wconf 59' lang='lat' dir='ltr'><strong>cue</strong></span> 
     </span>
    </p>
   </div>
   <div class='ocr_carea' id='block_1_56' title="bbox 2009 2844 3584 2916">
    <p class='ocr_par' dir='ltr' id='par_1_56' title="bbox 2009 2844 3584 2916">
     <span class='ocr_line' id='line_1_56' title="bbox 2009 2844 3584 2916; baseline 0.003 -16"><span class='ocrx_word' id='word_1_390' title='bbox 2009 2844 2218 2900; x_wconf 86' lang='lat' dir='ltr'><strong>stodias</strong></span> <span class='ocrx_word' id='word_1_391' title='bbox 2262 2844 2462 2907; x_wconf 88' lang='lat' dir='ltr'><strong>locant,</strong></span> <span class='ocrx_word' id='word_1_392' title='bbox 2522 2857 2723 2913; x_wconf 86' lang='lat' dir='ltr'><strong>easque</strong></span> <span class='ocrx_word' id='word_1_393' title='bbox 2792 2859 2887 2914; x_wconf 89' lang='lat' dir='ltr'><strong>per</strong></span> <span class='ocrx_word' id='word_1_394' title='bbox 2922 2846 3064 2899; x_wconf 83' lang='lat' dir='ltr'><strong>vices</strong></span> <span class='ocrx_word' id='word_1_395' title='bbox 3107 2859 3322 2914; x_wconf 89' lang='lat' dir='ltr'><strong>semper</strong></span> <span class='ocrx_word' id='word_1_396' title='bbox 3354 2856 3584 2916; x_wconf 80' lang='lat' dir='ltr'><strong>mutant,</strong></span> 
     </span>
    </p>
   </div>
   <div class='ocr_carea' id='block_1_57' title="bbox 2009 2924 3632 3006">
    <p class='ocr_par' dir='ltr' id='par_1_57' title="bbox 2009 2924 3632 3006">
     <span class='ocr_line' id='line_1_57' title="bbox 2009 2924 3632 3006; baseline 0.005 -16"><span class='ocrx_word' id='word_1_397' title='bbox 2009 2952 2078 2990; x_wconf 84' lang='lat' dir='ltr'><strong>ne</strong></span> <span class='ocrx_word' id='word_1_398' title='bbox 2107 2937 2152 2990; x_wconf 91' lang='lat' dir='ltr'><strong>si</strong></span> <span class='ocrx_word' id='word_1_399' title='bbox 2189 2934 2319 3006; x_wconf 89' lang='lat' dir='ltr'><strong>quid</strong></span> <span class='ocrx_word' id='word_1_400' title='bbox 2353 2937 2580 2991; x_wconf 83' lang='lat' dir='ltr'><strong>Romani</strong></span> <span class='ocrx_word' id='word_1_401' title='bbox 2609 2937 2674 2991; x_wconf 88' lang='lat' dir='ltr'><strong>de</strong></span> <span class='ocrx_word' id='word_1_402' title='bbox 2703 2947 2861 2992; x_wconf 88' lang='lat' dir='ltr'><strong>nocte</strong></span> <span class='ocrx_word' id='word_1_403' title='bbox 2883 2943 3232 3005; x_wconf 80' lang='lat' dir='ltr'><strong>attentarcnt,</strong></span> <span class='ocrx_word' id='word_1_404' title='bbox 3257 2953 3352 2994; x_wconf 88' lang='lat' dir='ltr'><strong>eos</strong></span> <span class='ocrx_word' id='word_1_405' title='bbox 3375 2939 3584 2998; x_wconf 87' lang='lat' dir='ltr'><strong>lateret.</strong></span> <span class='ocrx_word' id='word_1_406' title='bbox 3626 2924 3632 2930; x_wconf 51' lang='grc'><em>’</em></span> 
     </span>
    </p>
   </div>
   <div class='ocr_carea' id='block_1_58' title="bbox 2005 3026 3586 3103">
    <p class='ocr_par' dir='ltr' id='par_1_58' title="bbox 2005 3026 3586 3103">
     <span class='ocr_line' id='line_1_58' title="bbox 2005 3026 3586 3103; baseline 0.003 -19"><span class='ocrx_word' id='word_1_407' title='bbox 2005 3026 2274 3099; x_wconf 82' lang='lat' dir='ltr'><strong>Utrinque</strong></span> <span class='ocrx_word' id='word_1_408' title='bbox 2313 3040 2572 3099; x_wconf 83' lang='lat' dir='ltr'><strong>praetcrea</strong></span> <span class='ocrx_word' id='word_1_409' title='bbox 2630 3029 3066 3083; x_wconf 79' lang='lat' dir='ltr'><strong>accendebantur</strong></span> <span class='ocrx_word' id='word_1_410' title='bbox 3121 3029 3292 3101; x_wconf 88' lang='lat' dir='ltr'><strong>ignes,</strong></span> <span class='ocrx_word' id='word_1_411' title='bbox 3334 3032 3586 3103; x_wconf 79' lang='lat' dir='ltr'><strong>tibiaeque</strong></span> 
     </span>
    </p>
   </div>
   <div class='ocr_carea' id='block_1_59' title="bbox 318 3112 1900 3200">
    <p class='ocr_par' dir='ltr' id='par_1_59' title="bbox 318 3122 1900 3198">
     <span class='ocr_line' id='line_1_59' title="bbox 318 3122 1900 3198; baseline -0.001 -22"><span class='ocrx_word' id='word_1_412' title='bbox 318 3123 547 3195; x_wconf 83' lang='grc' dir='ltr'><strong>νύκτωρ</strong></span> <span class='ocrx_word' id='word_1_413' title='bbox 575 3125 668 3178; x_wconf 76' lang='grc' dir='ltr'><strong>ἐπὶ</strong></span> <span class='ocrx_word' id='word_1_414' title='bbox 690 3123 788 3198; x_wconf 76' lang='grc' dir='ltr'><strong>τὴν</strong></span> <span class='ocrx_word' id='word_1_415' title='bbox 822 3125 975 3178; x_wconf 86' lang='grc' dir='ltr'><strong>πόλιν</strong></span> <span class='ocrx_word' id='word_1_416' title='bbox 1032 3123 1316 3194; x_wconf 81' lang='grc' dir='ltr'><strong>Ῥωμαῖοι.</strong></span> <span class='ocrx_word' id='word_1_417' title='bbox 1359 3123 1514 3188; x_wconf 84' lang='grc' dir='ltr'><strong>Πυρά</strong></span> <span class='ocrx_word' id='word_1_418' title='bbox 1533 3140 1589 3175; x_wconf 90' lang='grc' dir='ltr'><strong>τε</strong></span> <span class='ocrx_word' id='word_1_419' title='bbox 1629 3122 1900 3192; x_wconf 81' lang='grc' dir='ltr'><strong>ἑκατέρω-</strong></span> 
     </span>
    </p>
   </div>
   <div class='ocr_carea' id='block_1_60' title="bbox 2003 3112 3587 3200">
    <p class='ocr_par' dir='ltr' id='par_1_60' title="bbox 2007 3112 3587 3192">
     <span class='ocr_line' id='line_1_60' title="bbox 2007 3112 3587 3192; baseline 0.004 -17"><span class='ocrx_word' id='word_1_420' title='bbox 2007 3135 2070 3175; x_wconf 83' lang='lat' dir='ltr'><strong>ac</strong></span> <span class='ocrx_word' id='word_1_421' title='bbox 2090 3121 2226 3176; x_wconf 83' lang='lat' dir='ltr'><strong>tubae</strong></span> <span class='ocrx_word' id='word_1_422' title='bbox 2245 3112 2667 3191; x_wconf 48' lang='lat' dir='ltr'><strong>perstrepibant.</strong></span> <span class='ocrx_word' id='word_1_423' title='bbox 2689 3120 2911 3191; x_wconf 85' lang='lat' dir='ltr'><strong>Jamque</strong></span> <span class='ocrx_word' id='word_1_424' title='bbox 2939 3129 3182 3176; x_wconf 87' lang='lat' dir='ltr'><strong>exortam</strong></span> <span class='ocrx_word' id='word_1_425' title='bbox 3203 3130 3587 3192; x_wconf 75' lang='lat' dir='ltr'><strong>praetervectus</strong></span> 
     </span>
    </p>
   </div>
   <div class='ocr_carea' id='block_1_61' title="bbox 319 3206 1899 3278">
    <p class='ocr_par' dir='ltr' id='par_1_61' title="bbox 319 3206 1899 3278">
     <span class='ocr_line' id='line_1_61' title="bbox 319 3206 1899 3278; baseline -0.002 -19"><span class='ocrx_word' id='word_1_426' title='bbox 319 3207 422 3260; x_wconf 86' lang='grc' dir='ltr'><strong>θεν</strong></span> <span class='ocrx_word' id='word_1_427' title='bbox 459 3208 710 3263; x_wconf 78' lang='grc' dir='ltr'><strong>ἐκαίοντο</strong></span> <span class='ocrx_word' id='word_1_428' title='bbox 739 3208 928 3273; x_wconf 84' lang='grc' dir='ltr'><strong>πολλὰ,</strong></span> <span class='ocrx_word' id='word_1_429' title='bbox 965 3208 1060 3262; x_wconf 73' lang='grc' dir='ltr'><strong>καὶ</strong></span> <span class='ocrx_word' id='word_1_430' title='bbox 1112 3206 1265 3262; x_wconf 72' lang='grc' dir='ltr'><strong>αύλοι</strong></span> <span class='ocrx_word' id='word_1_431' title='bbox 1297 3209 1390 3261; x_wconf 72' lang='grc' dir='ltr'><strong>καὶ</strong></span> <span class='ocrx_word' id='word_1_432' title='bbox 1427 3207 1686 3278; x_wconf 78' lang='grc' dir='ltr'><strong>σύριγγες</strong></span> <span class='ocrx_word' id='word_1_433' title='bbox 1715 3207 1899 3277; x_wconf 73' lang='grc' dir='ltr'><strong>ἦχουν.</strong></span> 
     </span>
    </p>
   </div>
   <div class='ocr_carea' id='block_1_62' title="bbox 322 3288 1905 3364">
    <p class='ocr_par' dir='ltr' id='par_1_62' title="bbox 322 3288 1905 3364">
     <span class='ocr_line' id='line_1_62' title="bbox 322 3288 1905 3364; baseline 0.005 -20"><span class='ocrx_word' id='word_1_434' title='bbox 322 3293 496 3362; x_wconf 80' lang='grc' dir='ltr'>’Δρτι</span> <span class='ocrx_word' id='word_1_435' title='bbox 525 3291 582 3346; x_wconf 74' lang='grc' dir='ltr'><strong>δὲ</strong></span> <span class='ocrx_word' id='word_1_436' title='bbox 607 3292 700 3347; x_wconf 79' lang='grc' dir='ltr'><strong>τὸν</strong></span> <span class='ocrx_word' id='word_1_437' title='bbox 726 3292 861 3364; x_wconf 79' lang='grc' dir='ltr'><strong>ἑῷον</strong></span> <span class='ocrx_word' id='word_1_438' title='bbox 889 3293 1140 3364; x_wconf 76' lang='grc' dir='ltr'><strong>ὁρίζοντα</strong></span> <span class='ocrx_word' id='word_1_439' title='bbox 1180 3290 1540 3362; x_wconf 76' lang='grc' dir='ltr'><strong>παραμείψας</strong></span> <span class='ocrx_word' id='word_1_440' title='bbox 1573 3291 1723 3361; x_wconf 70' lang='grc' dir='ltr'><strong>ἣλιος</strong></span> <span class='ocrx_word' id='word_1_441' title='bbox 1758 3292 1815 3352; x_wconf 73' lang='grc' dir='ltr'>ἔς</span> <span class='ocrx_word' id='word_1_442' title='bbox 1844 3288 1905 3340; x_wconf 69' lang='grc' dir='ltr'><strong>τὸ</strong></span> 
     </span>
    </p>
   </div>
   <div class='ocr_carea' id='block_1_63' title="bbox 318 3374 1904 3448">
    <p class='ocr_par' dir='ltr' id='par_1_63' title="bbox 318 3374 1904 3448">
     <span class='ocr_line' id='line_1_63' title="bbox 318 3374 1904 3448; baseline -0.001 -20"><span class='ocrx_word' id='word_1_443' title='bbox 318 3378 425 3445; x_wconf 82' lang='grc' dir='ltr'><strong>τῆς</strong></span> <span class='ocrx_word' id='word_1_444' title='bbox 452 3375 558 3446; x_wconf 82' lang='grc' dir='ltr'><strong>γῆς</strong></span> <span class='ocrx_word' id='word_1_445' title='bbox 611 3377 936 3447; x_wconf 84' lang='grc' dir='ltr'><strong>παρέκυπτε</strong></span> <span class='ocrx_word' id='word_1_446' title='bbox 991 3377 1306 3448; x_wconf 89' lang='grc' dir='ltr'><strong>πρόσωπον,</strong></span> <span class='ocrx_word' id='word_1_447' title='bbox 1367 3375 1460 3429; x_wconf 77' lang='grc' dir='ltr'><strong>καὶ</strong></span> <span class='ocrx_word' id='word_1_448' title='bbox 1502 3376 1766 3442; x_wconf 76' lang='grc' dir='ltr'><strong>Ῥωμαῖοι</strong></span> <span class='ocrx_word' id='word_1_449' title='bbox 1802 3374 1904 3443; x_wconf 71' lang='grc' dir='ltr'><strong>μὲν</strong></span> 
     </span>
    </p>
   </div>
   <div class='ocr_carea' id='block_1_64' title="bbox 317 3467 1903 3541">
    <p class='ocr_par' dir='ltr' id='par_1_64' title="bbox 317 3467 1903 3541">
     <span class='ocr_line' id='line_1_64' title="bbox 317 3467 1903 3541; baseline 0.001 -22"><span class='ocrx_word' id='word_1_450' title='bbox 317 3467 437 3520; x_wconf 83' lang='grc' dir='ltr'><strong>τῶν</strong></span> <span class='ocrx_word' id='word_1_451' title='bbox 472 3469 893 3540; x_wconf 83' lang='grc' dir='ltr'><strong>χαρακωμάτων</strong></span> <span class='ocrx_word' id='word_1_452' title='bbox 920 3471 1156 3539; x_wconf 75' lang='grc' dir='ltr'><strong>ἐξιόντες</strong></span> <span class='ocrx_word' id='word_1_453' title='bbox 1185 3471 1277 3524; x_wconf 71' lang='grc' dir='ltr'><strong>ἐπὶ</strong></span> <span class='ocrx_word' id='word_1_454' title='bbox 1319 3470 1429 3523; x_wconf 84' lang='grc' dir='ltr'><strong>τῶν</strong></span> <span class='ocrx_word' id='word_1_455' title='bbox 1471 3471 1648 3541; x_wconf 75' lang='grc' dir='ltr'><strong>ἔργων</strong></span> <span class='ocrx_word' id='word_1_456' title='bbox 1675 3469 1770 3523; x_wconf 75' lang='grc' dir='ltr'><strong>καὶ</strong></span> <span class='ocrx_word' id='word_1_457' title='bbox 1797 3469 1903 3521; x_wconf 89' lang='grc' dir='ltr'><strong>πά-</strong></span> 
     </span>
    </p>
   </div>
   <div class='ocr_carea' id='block_1_65' title="bbox 317 3561 1900 3632">
    <p class='ocr_par' dir='ltr' id='par_1_65' title="bbox 317 3561 1900 3632">
     <span class='ocr_line' id='line_1_65' title="bbox 317 3561 1900 3632; baseline -0.002 -19"><span class='ocrx_word' id='word_1_458' title='bbox 317 3562 409 3614; x_wconf 87' lang='grc' dir='ltr'><strong>λιν</strong></span> <span class='ocrx_word' id='word_1_459' title='bbox 437 3561 700 3629; x_wconf 82' lang='grc' dir='ltr'><strong>ὲγίνοντο,</strong></span> <span class='ocrx_word' id='word_1_460' title='bbox 753 3562 1120 3616; x_wconf 84' lang='grc' dir='ltr'><strong>Μονοπολῖται</strong></span> <span class='ocrx_word' id='word_1_461' title='bbox 1174 3562 1231 3615; x_wconf 78' lang='grc' dir='ltr'><strong>δὲ</strong></span> <span class='ocrx_word' id='word_1_462' title='bbox 1271 3562 1457 3632; x_wconf 82' lang='grc' dir='ltr'><strong>δρόμῳ</strong></span> <span class='ocrx_word' id='word_1_463' title='bbox 1490 3562 1584 3614; x_wconf 66' lang='grc' dir='ltr'><strong>καλ⁸</strong></span> <span class='ocrx_word' id='word_1_464' title='bbox 1632 3561 1787 3614; x_wconf 71' lang='grc' dir='ltr'><strong>αὐτοὶ</strong></span> <span class='ocrx_word' id='word_1_465' title='bbox 1820 3563 1900 3622; x_wconf 78' lang='grc' dir='ltr'><strong>εἰς</strong></span> 
     </span>
    </p>
   </div>
   <div class='ocr_carea' id='block_1_66' title="bbox 315 3647 1900 3724">
    <p class='ocr_par' dir='ltr' id='par_1_66' title="bbox 315 3647 1900 3724">
     <span class='ocr_line' id='line_1_66' title="bbox 315 3647 1900 3724; baseline -0.001 -18"><span class='ocrx_word' id='word_1_466' title='bbox 315 3652 426 3716; x_wconf 82' lang='grc' dir='ltr'><strong>τὰς</strong></span> <span class='ocrx_word' id='word_1_467' title='bbox 479 3651 734 3719; x_wconf 61' lang='grc' dir='ltr'><strong>ἐπάλξεις</strong></span> <span class='ocrx_word' id='word_1_468' title='bbox 762 3651 1006 3724; x_wconf 78' lang='grc' dir='ltr'><strong>ἐχώρουν</strong></span> <span class='ocrx_word' id='word_1_469' title='bbox 1041 3654 1138 3707; x_wconf 70' lang='grc' dir='ltr'><strong>καὶ</strong></span> <span class='ocrx_word' id='word_1_470' title='bbox 1182 3653 1321 3723; x_wconf 78' lang='grc' dir='ltr'><strong>πρὸς</strong></span> <span class='ocrx_word' id='word_1_471' title='bbox 1358 3655 1472 3717; x_wconf 84' lang='grc' dir='ltr'><strong>τοίς</strong></span> <span class='ocrx_word' id='word_1_472' title='bbox 1523 3654 1708 3716; x_wconf 86' lang='grc' dir='ltr'><strong>ὅπλοις</strong></span> <span class='ocrx_word' id='word_1_473' title='bbox 1738 3647 1900 3724; x_wconf 67' lang='grc' dir='ltr'><strong>ἦσαν.</strong></span> 
     </span>
    </p>
   </div>
   <div class='ocr_carea' id='block_1_67' title="bbox 318 3741 1900 3819">
    <p class='ocr_par' dir='ltr' id='par_1_67' title="bbox 318 3741 1900 3819">
     <span class='ocr_line' id='line_1_67' title="bbox 318 3741 1900 3819; baseline 0.001 -19"><span class='ocrx_word' id='word_1_474' title='bbox 318 3746 440 3800; x_wconf 76' lang='grc' dir='ltr'><strong>Καὶ</strong></span> <span class='ocrx_word' id='word_1_475' title='bbox 487 3746 638 3814; x_wconf 80' lang='grc' dir='ltr'><strong>ἀγὼν</strong></span> <span class='ocrx_word' id='word_1_476' title='bbox 690 3741 848 3810; x_wconf 82' lang='grc' dir='ltr'><strong>αὖθις</strong></span> <span class='ocrx_word' id='word_1_477' title='bbox 877 3747 1119 3819; x_wconf 33' lang='grc' dir='ltr'><strong>η’πλοῦτο</strong></span> <span class='ocrx_word' id='word_1_478' title='bbox 1170 3748 1407 3815; x_wconf 74' lang='grc' dir='ltr'><strong>ἐξαίσιος</strong></span> <span class='ocrx_word' id='word_1_479' title='bbox 1456 3743 1566 3812; x_wconf 75' lang='grc' dir='ltr'><strong>οἷος</strong></span> <span class='ocrx_word' id='word_1_480' title='bbox 1609 3749 1900 3819; x_wconf 82' lang='grc' dir='ltr'><strong>Ῥωμαίοις</strong></span> 
     </span>
    </p>
   </div>
   <div class='ocr_carea' id='block_1_68' title="bbox 321 3839 1902 3912">
    <p class='ocr_par' dir='ltr' id='par_1_68' title="bbox 321 3839 1902 3912">
     <span class='ocr_line' id='line_1_68' title="bbox 321 3839 1902 3912; baseline 0.001 -20"><span class='ocrx_word' id='word_1_481' title='bbox 321 3839 430 3911; x_wconf 83' lang='grc' dir='ltr'><strong>μὲν</strong></span> <span class='ocrx_word' id='word_1_482' title='bbox 478 3839 575 3911; x_wconf 77' lang='grc' dir='ltr'><strong>τὴν</strong></span> <span class='ocrx_word' id='word_1_483' title='bbox 602 3842 659 3903; x_wconf 76' lang='grc' dir='ltr'><strong>ἐς</strong></span> <span class='ocrx_word' id='word_1_484' title='bbox 685 3839 747 3894; x_wconf 78' lang='grc' dir='ltr'>τὸ</span> <span class='ocrx_word' id='word_1_485' title='bbox 779 3843 956 3911; x_wconf 81' lang='grc' dir='ltr'><strong>τεῖχος</strong></span> <span class='ocrx_word' id='word_1_486' title='bbox 983 3839 1328 3912; x_wconf 76' lang='grc' dir='ltr'><strong>βιαζομένοις</strong></span> <span class='ocrx_word' id='word_1_487' title='bbox 1369 3842 1573 3903; x_wconf 73' lang='grc' dir='ltr'><strong>ἄνοδον.</strong></span> <span class='ocrx_word' id='word_1_488' title='bbox 1602 3842 1902 3896; x_wconf 79' lang='grc' dir='ltr'><strong>Μονοπολί-</strong></span> 
     </span>
    </p>
   </div>
   <div class='ocr_carea' id='block_1_69' title="bbox 319 3933 1899 4006">
    <p class='ocr_par' dir='ltr' id='par_1_69' title="bbox 319 3933 1899 4006">
     <span class='ocr_line' id='line_1_69' title="bbox 319 3933 1899 4006; baseline 0.002 -19"><span class='ocrx_word' id='word_1_489' title='bbox 319 3950 448 3997; x_wconf 83' lang='grc' dir='ltr'><strong>ταις</strong></span> <span class='ocrx_word' id='word_1_490' title='bbox 475 3933 530 3987; x_wconf 74' lang='grc' dir='ltr'><strong>δὲ</strong></span> <span class='ocrx_word' id='word_1_491' title='bbox 563 3935 891 4006; x_wconf 81' lang='grc' dir='ltr'><strong>προσιόντας</strong></span> <span class='ocrx_word' id='word_1_492' title='bbox 911 3935 1252 3989; x_wconf 80' lang='grc' dir='ltr'><strong>ἀπωθεῖσθαι</strong></span> <span class='ocrx_word' id='word_1_493' title='bbox 1282 3937 1406 3998; x_wconf 79' lang='grc' dir='ltr'>τοὺς</span> <span class='ocrx_word' id='word_1_494' title='bbox 1441 3936 1750 4005; x_wconf 86' lang='grc' dir='ltr'><strong>πολεμίους.</strong></span> <span class='ocrx_word' id='word_1_495' title='bbox 1785 3935 1899 3990; x_wconf 61' lang='lat' dir='ltr'><strong>Mi-</strong></span> 
     </span>
    </p>
   </div>
   <div class='ocr_carea' id='block_1_70' title="bbox 316 4022 1900 4099">
    <p class='ocr_par' dir='ltr' id='par_1_70' title="bbox 316 4022 1900 4099">
     <span class='ocr_line' id='line_1_70' title="bbox 316 4022 1900 4099; baseline 0.003 -21"><span class='ocrx_word' id='word_1_496' title='bbox 316 4044 417 4099; x_wconf 85' lang='grc' dir='ltr'><strong>χρι</strong></span> <span class='ocrx_word' id='word_1_497' title='bbox 453 4026 552 4098; x_wconf 84' lang='grc' dir='ltr'><strong>μὲν</strong></span> <span class='ocrx_word' id='word_1_498' title='bbox 593 4022 689 4080; x_wconf 80' lang='grc' dir='ltr'><strong>οὖν</strong></span> <span class='ocrx_word' id='word_1_499' title='bbox 712 4043 854 4088; x_wconf 79' lang='grc' dir='ltr'><strong>τινος</strong></span> <span class='ocrx_word' id='word_1_500' title='bbox 897 4027 990 4081; x_wconf 78' lang='grc' dir='ltr'><strong>ἐπὶ</strong></span> <span class='ocrx_word' id='word_1_501' title='bbox 1012 4029 1274 4090; x_wconf 87' lang='grc' dir='ltr'><strong>τοιούτοις</strong></span> <span class='ocrx_word' id='word_1_502' title='bbox 1297 4029 1614 4082; x_wconf 62' lang='grc' dir='ltr'><strong>ἐπονοῦντο*</strong></span> <span class='ocrx_word' id='word_1_503' title='bbox 1644 4029 1706 4080; x_wconf 81' lang='grc' dir='ltr'><strong>τὸ</strong></span> <span class='ocrx_word' id='word_1_504' title='bbox 1734 4028 1778 4083; x_wconf 80' lang='grc' dir='ltr'><strong>δ’</strong></span> <span class='ocrx_word' id='word_1_505' title='bbox 1809 4031 1900 4082; x_wconf 83' lang='grc' dir='ltr'><strong>ὲν-</strong></span> 
     </span>
    </p>
   </div>
   <div class='ocr_carea' id='block_1_71' title="bbox 315 4116 1900 4191">
    <p class='ocr_par' dir='ltr' id='par_1_71' title="bbox 315 4116 1900 4191">
     <span class='ocr_line' id='line_1_71' title="bbox 315 4116 1900 4191; baseline 0.001 -20"><span class='ocrx_word' id='word_1_506' title='bbox 315 4117 517 4171; x_wconf 81' lang='grc' dir='ltr'><strong>τεῦθεν</strong></span> <span class='ocrx_word' id='word_1_507' title='bbox 535 4116 648 4189; x_wconf 80' lang='grc' dir='ltr'><strong>πῦρ</strong></span> <span class='ocrx_word' id='word_1_508' title='bbox 678 4117 808 4172; x_wconf 71' lang='grc' dir='ltr'><strong>ἔνθα</strong></span> <span class='ocrx_word' id='word_1_509' title='bbox 829 4119 897 4172; x_wconf 89' lang='grc' dir='ltr'><strong>τά</strong></span> <span class='ocrx_word' id='word_1_510' title='bbox 926 4118 1108 4188; x_wconf 84' lang='grc' dir='ltr'><strong>σκάφη</strong></span> <span class='ocrx_word' id='word_1_511' title='bbox 1135 4119 1531 4182; x_wconf 87' lang='grc' dir='ltr'><strong>Μονοπολίταις</strong></span> <span class='ocrx_word' id='word_1_512' title='bbox 1563 4119 1817 4191; x_wconf 75' lang='grc' dir='ltr'><strong>ὑφώρμει</strong></span> <span class='ocrx_word' id='word_1_513' title='bbox 1839 4119 1900 4172; x_wconf 77' lang='grc' dir='ltr'><strong>τὸ</strong></span> 
     </span>
    </p>
   </div>
   <div class='ocr_carea' id='block_1_72' title="bbox 327 4209 1901 4282">
    <p class='ocr_par' dir='ltr' id='par_1_72' title="bbox 327 4209 1901 4282">
     <span class='ocr_line' id='line_1_72' title="bbox 327 4209 1901 4282; baseline 0.002 -20"><span class='ocrx_word' id='word_1_514' title='bbox 327 4210 629 4278; x_wconf 82' lang='grc' dir='ltr'><strong>Ῥωμαίων</strong></span> <span class='ocrx_word' id='word_1_515' title='bbox 667 4209 906 4281; x_wconf 65' lang='grc' dir='ltr'><strong>ἐμϐαλὸν</strong></span> <span class='ocrx_word' id='word_1_516' title='bbox 945 4212 1264 4282; x_wconf 85' lang='grc' dir='ltr'><strong>στράτευμα</strong></span> <span class='ocrx_word' id='word_1_517' title='bbox 1295 4210 1471 4280; x_wconf 84' lang='grc' dir='ltr'><strong>φλόγα</strong></span> <span class='ocrx_word' id='word_1_518' title='bbox 1509 4210 1776 4282; x_wconf 78' lang='grc' dir='ltr'><strong>μεγίστην</strong></span> <span class='ocrx_word' id='word_1_519' title='bbox 1800 4213 1901 4281; x_wconf 81' lang='grc' dir='ltr'><strong>ἀρ-</strong></span> 
     </span>
    </p>
   </div>
   <div class='ocr_carea' id='block_1_73' title="bbox 255 4301 1900 4375">
    <p class='ocr_par' dir='ltr' id='par_1_73' title="bbox 255 4301 1900 4375">
     <span class='ocr_line' id='line_1_73' title="bbox 255 4301 1900 4375; baseline 0.001 -20"><span class='ocrx_word' id='word_1_520' title='bbox 255 4365 260 4371; x_wconf 88' lang='lat'><em>_</em></span> <span class='ocrx_word' id='word_1_521' title='bbox 316 4301 485 4371; x_wconf 74' lang='grc' dir='ltr'><strong>θῆναι</strong></span> <span class='ocrx_word' id='word_1_522' title='bbox 517 4303 798 4374; x_wconf 69' lang='grc' dir='ltr'><strong>ιποίησεν.</strong></span> <span class='ocrx_word' id='word_1_523' title='bbox 847 4303 982 4357; x_wconf 70' lang='lat' dir='ltr'><strong>&quot;Ore</strong></span> <span class='ocrx_word' id='word_1_524' title='bbox 1018 4305 1111 4357; x_wconf 70' lang='grc' dir='ltr'><strong>καὶ</strong></span> <span class='ocrx_word' id='word_1_525' title='bbox 1148 4303 1256 4356; x_wconf 86' lang='grc' dir='ltr'><strong>τῶν</strong></span> <span class='ocrx_word' id='word_1_526' title='bbox 1291 4321 1374 4368; x_wconf 86' lang='grc' dir='ltr'><strong>τις</strong></span> <span class='ocrx_word' id='word_1_527' title='bbox 1415 4303 1704 4375; x_wconf 85' lang='grc' dir='ltr'><strong>Ῥωμαίων</strong></span> <span class='ocrx_word' id='word_1_528' title='bbox 1736 4321 1900 4373; x_wconf 79' lang='grc' dir='ltr'><strong>στραο</strong></span> 
     </span>
    </p>
   </div>
   <div class='ocr_carea' id='block_1_74' title="bbox 319 4395 1899 4468">
    <p class='ocr_par' dir='ltr' id='par_1_74' title="bbox 319 4395 1899 4468">
     <span class='ocr_line' id='line_1_74' title="bbox 319 4395 1899 4468; baseline 0.001 -18"><span class='ocrx_word' id='word_1_529' title='bbox 319 4395 538 4450; x_wconf 83' lang='grc' dir='ltr'><strong>τιωτῶν</strong></span> <span class='ocrx_word' id='word_1_530' title='bbox 577 4396 852 4460; x_wconf 81' lang='grc' dir='ltr'><strong>Ἰκανάτος</strong></span> <span class='ocrx_word' id='word_1_531' title='bbox 885 4395 1172 4466; x_wconf 73' lang='grc' dir='ltr'><strong>ἐπίκλησιν</strong></span> <span class='ocrx_word' id='word_1_532' title='bbox 1199 4397 1358 4466; x_wconf 87' lang='grc' dir='ltr'><strong>λόγου</strong></span> <span class='ocrx_word' id='word_1_533' title='bbox 1393 4399 1488 4450; x_wconf 79' lang='grc' dir='ltr'><strong>καὶ</strong></span> <span class='ocrx_word' id='word_1_534' title='bbox 1509 4397 1678 4466; x_wconf 83' lang='grc' dir='ltr'><strong>ἀκοῆς</strong></span> <span class='ocrx_word' id='word_1_535' title='bbox 1711 4398 1899 4468; x_wconf 74' lang='grc' dir='ltr'><strong>εἴργα-</strong></span> 
     </span>
    </p>
   </div>
   <div class='ocr_carea' id='block_1_75' title="bbox 2009 3213 3585 3283">
    <p class='ocr_par' dir='ltr' id='par_1_75' title="bbox 2009 3213 3585 3283">
     <span class='ocr_line' id='line_1_75' title="bbox 2009 3213 3585 3283; baseline 0.004 -17"><span class='ocrx_word' id='word_1_536' title='bbox 2009 3227 2256 3267; x_wconf 89' lang='lat' dir='ltr'><strong>auroram</strong></span> <span class='ocrx_word' id='word_1_537' title='bbox 2307 3229 2463 3268; x_wconf 85' lang='lat' dir='ltr'><strong>suum</strong></span> <span class='ocrx_word' id='word_1_538' title='bbox 2509 3214 2665 3268; x_wconf 85' lang='lat' dir='ltr'><strong>terris</strong></span> <span class='ocrx_word' id='word_1_539' title='bbox 2717 3213 2880 3283; x_wconf 88' lang='lat' dir='ltr'><strong>jnbar</strong></span> <span class='ocrx_word' id='word_1_540' title='bbox 2931 3214 3013 3269; x_wconf 92' lang='lat' dir='ltr'><strong>sol</strong></span> <span class='ocrx_word' id='word_1_541' title='bbox 3081 3213 3398 3280; x_wconf 82' lang='lat' dir='ltr'><strong>inferebat,</strong></span> <span class='ocrx_word' id='word_1_542' title='bbox 3460 3232 3585 3273; x_wconf 90' lang='lat' dir='ltr'><strong>cum</strong></span> 
     </span>
    </p>
   </div>
   <div class='ocr_carea' id='block_1_76' title="bbox 2006 3305 3585 3381">
    <p class='ocr_par' dir='ltr' id='par_1_76' title="bbox 2006 3305 3585 3381">
     <span class='ocr_line' id='line_1_76' title="bbox 2006 3305 3585 3381; baseline 0.004 -22"><span class='ocrx_word' id='word_1_543' title='bbox 2006 3306 2204 3374; x_wconf 81' lang='lat' dir='ltr'><strong>egressi</strong></span> <span class='ocrx_word' id='word_1_544' title='bbox 2235 3321 2266 3360; x_wconf 91' lang='lat' dir='ltr'><strong>e</strong></span> <span class='ocrx_word' id='word_1_545' title='bbox 2315 3305 2453 3359; x_wconf 83' lang='lat' dir='ltr'><strong>vallo</strong></span> <span class='ocrx_word' id='word_1_546' title='bbox 2486 3305 2714 3360; x_wconf 62' lang='lat' dir='ltr'><strong>[tertiani</strong></span> <span class='ocrx_word' id='word_1_547' title='bbox 2779 3307 3229 3377; x_wconf 85' lang='lat' dir='ltr'><strong>Oppugnationem</strong></span> <span class='ocrx_word' id='word_1_548' title='bbox 3281 3310 3458 3365; x_wconf 83' lang='lat' dir='ltr'><strong>denuo</strong></span> <span class='ocrx_word' id='word_1_549' title='bbox 3488 3326 3585 3381; x_wconf 74' lang='lat' dir='ltr'><strong>ag~</strong></span> 
     </span>
    </p>
   </div>
   <div class='ocr_carea' id='block_1_77' title="bbox 2006 3397 3584 3474">
    <p class='ocr_par' dir='ltr' id='par_1_77' title="bbox 2006 3397 3584 3474">
     <span class='ocr_line' id='line_1_77' title="bbox 2006 3397 3584 3474; baseline 0.006 -23"><span class='ocrx_word' id='word_1_550' title='bbox 2006 3399 2344 3469; x_wconf 79' lang='lat' dir='ltr'><strong>grediuntur.</strong></span> <span class='ocrx_word' id='word_1_551' title='bbox 2391 3397 2774 3467; x_wconf 81' lang='lat' dir='ltr'><strong>Monopolitani</strong></span> <span class='ocrx_word' id='word_1_552' title='bbox 2837 3410 3022 3455; x_wconf 89' lang='lat' dir='ltr'><strong>contra</strong></span> <span class='ocrx_word' id='word_1_553' title='bbox 3059 3417 3222 3457; x_wconf 86' lang='lat' dir='ltr'><strong>cursu</strong></span> <span class='ocrx_word' id='word_1_554' title='bbox 3271 3418 3330 3459; x_wconf 88' lang='lat' dir='ltr'><strong>se</strong></span> <span class='ocrx_word' id='word_1_555' title='bbox 3375 3404 3428 3458; x_wconf 92' lang='lat' dir='ltr'><strong>in</strong></span> <span class='ocrx_word' id='word_1_556' title='bbox 3459 3420 3584 3474; x_wconf 81' lang='lat' dir='ltr'><strong>pro-</strong></span> 
     </span>
    </p>
   </div>
   <div class='ocr_carea' id='block_1_78' title="bbox 2006 3492 3579 3564">
    <p class='ocr_par' dir='ltr' id='par_1_78' title="bbox 2006 3492 3579 3564">
     <span class='ocr_line' id='line_1_78' title="bbox 2006 3492 3579 3564; baseline 0.008 -23"><span class='ocrx_word' id='word_1_557' title='bbox 2006 3492 2302 3562; x_wconf 84' lang='lat' dir='ltr'><strong>pugnaeula</strong></span> <span class='ocrx_word' id='word_1_558' title='bbox 2361 3492 2740 3560; x_wconf 82' lang='lat' dir='ltr'><strong>proripientes,</strong></span> <span class='ocrx_word' id='word_1_559' title='bbox 2787 3493 3024 3549; x_wconf 75' lang='lat' dir='ltr'><strong>vicissim</strong></span> <span class='ocrx_word' id='word_1_560' title='bbox 3052 3507 3346 3564; x_wconf 86' lang='lat' dir='ltr'><strong>capessunt</strong></span> <span class='ocrx_word' id='word_1_561' title='bbox 3405 3512 3579 3556; x_wconf 89' lang='lat' dir='ltr'><strong>arma.</strong></span> 
     </span>
    </p>
   </div>
   <div class='ocr_carea' id='block_1_79' title="bbox 2006 3583 3583 3655">
    <p class='ocr_par' dir='ltr' id='par_1_79' title="bbox 2006 3583 3583 3655">
     <span class='ocr_line' id='line_1_79' title="bbox 2006 3583 3583 3655; baseline 0.005 -18"><span class='ocrx_word' id='word_1_562' title='bbox 2006 3583 2242 3639; x_wconf 78' lang='lat' dir='ltr'><strong>Rursum</strong></span> <span class='ocrx_word' id='word_1_563' title='bbox 2271 3584 2436 3652; x_wconf 82' lang='lat' dir='ltr'><strong>igitur</strong></span> <span class='ocrx_word' id='word_1_564' title='bbox 2462 3585 2651 3655; x_wconf 83' lang='lat' dir='ltr'><strong>ingens</strong></span> <span class='ocrx_word' id='word_1_565' title='bbox 2681 3586 3013 3642; x_wconf 84' lang='lat' dir='ltr'><strong>instauratur</strong></span> <span class='ocrx_word' id='word_1_566' title='bbox 3039 3597 3336 3654; x_wconf 86' lang='lat' dir='ltr'><strong>certamen,</strong></span> <span class='ocrx_word' id='word_1_567' title='bbox 3385 3588 3583 3645; x_wconf 78' lang='lat' dir='ltr'><strong>Roma-</strong></span> 
     </span>
    </p>
   </div>
   <div class='ocr_carea' id='block_1_80' title="bbox 2006 3676 3578 3746">
    <p class='ocr_par' dir='ltr' id='par_1_80' title="bbox 2006 3676 3578 3746">
     <span class='ocr_line' id='line_1_80' title="bbox 2006 3676 3578 3746; baseline 0.005 -16"><span class='ocrx_word' id='word_1_568' title='bbox 2006 3676 2089 3730; x_wconf 93' lang='lat' dir='ltr'><strong>nis</strong></span> <span class='ocrx_word' id='word_1_569' title='bbox 2145 3676 2396 3730; x_wconf 90' lang='lat' dir='ltr'><strong>nimirum</strong></span> <span class='ocrx_word' id='word_1_570' title='bbox 2445 3678 2496 3730; x_wconf 80' lang='lat' dir='ltr'><strong>vi</strong></span> <span class='ocrx_word' id='word_1_571' title='bbox 2543 3676 2840 3732; x_wconf 87' lang='lat' dir='ltr'><strong>ascendere</strong></span> <span class='ocrx_word' id='word_1_572' title='bbox 2927 3694 3108 3735; x_wconf 89' lang='lat' dir='ltr'><strong>muros</strong></span> <span class='ocrx_word' id='word_1_573' title='bbox 3182 3682 3578 3746; x_wconf 88' lang='lat' dir='ltr'><strong>annitentibus.</strong></span> 
     </span>
    </p>
   </div>
   <div class='ocr_carea' id='block_1_81' title="bbox 2005 3767 3580 3842">
    <p class='ocr_par' dir='ltr' id='par_1_81' title="bbox 2005 3767 3580 3842">
     <span class='ocr_line' id='line_1_81' title="bbox 2005 3767 3580 3842; baseline 0.005 -19"><span class='ocrx_word' id='word_1_574' title='bbox 2005 3767 2304 3824; x_wconf 84' lang='lat' dir='ltr'><strong>subeuntes</strong></span> <span class='ocrx_word' id='word_1_575' title='bbox 2356 3783 2486 3822; x_wconf 80' lang='lat' dir='ltr'><strong>vero</strong></span> <span class='ocrx_word' id='word_1_576' title='bbox 2567 3769 2949 3838; x_wconf 87' lang='lat' dir='ltr'><strong>repellentibus</strong></span> <span class='ocrx_word' id='word_1_577' title='bbox 2998 3770 3436 3842; x_wconf 73' lang='lat' dir='ltr'><strong>Monopolitanis.</strong></span> <span class='ocrx_word' id='word_1_578' title='bbox 3487 3774 3580 3830; x_wconf 85' lang='lat' dir='ltr'><strong>Sic</strong></span> 
     </span>
    </p>
   </div>
   <div class='ocr_carea' id='block_1_82' title="bbox 2005 3859 3577 3928">
    <p class='ocr_par' dir='ltr' id='par_1_82' title="bbox 2005 3859 3577 3928">
     <span class='ocr_line' id='line_1_82' title="bbox 2005 3859 3577 3928; baseline 0.007 -16"><span class='ocrx_word' id='word_1_579' title='bbox 2005 3859 2315 3928; x_wconf 85' lang='lat' dir='ltr'><strong>aliquandiu</strong></span> <span class='ocrx_word' id='word_1_580' title='bbox 2347 3860 2400 3914; x_wconf 93' lang='lat' dir='ltr'><strong>in</strong></span> <span class='ocrx_word' id='word_1_581' title='bbox 2441 3862 2507 3915; x_wconf 88' lang='lat' dir='ltr'><strong>iis</strong></span> <span class='ocrx_word' id='word_1_582' title='bbox 2565 3861 2888 3916; x_wconf 89' lang='lat' dir='ltr'><strong>laboratum.</strong></span> <span class='ocrx_word' id='word_1_583' title='bbox 2923 3860 3207 3919; x_wconf 83' lang='lat' dir='ltr'><strong>Exercitus</strong></span> <span class='ocrx_word' id='word_1_584' title='bbox 3239 3865 3432 3922; x_wconf 81' lang='lat' dir='ltr'><strong>deinde</strong></span> <span class='ocrx_word' id='word_1_585' title='bbox 3466 3867 3577 3923; x_wconf 78' lang='lat' dir='ltr'><strong>llo-</strong></span> 
     </span>
    </p>
   </div>
   <div class='ocr_carea' id='block_1_83' title="bbox 2005 3952 3578 4027">
    <p class='ocr_par' dir='ltr' id='par_1_83' title="bbox 2005 3952 3578 4027">
     <span class='ocr_line' id='line_1_83' title="bbox 2005 3952 3578 4027; baseline 0.005 -22"><span class='ocrx_word' id='word_1_586' title='bbox 2005 3968 2195 4007; x_wconf 85' lang='lat' dir='ltr'><strong>manus</strong></span> <span class='ocrx_word' id='word_1_587' title='bbox 2242 3952 2350 4022; x_wconf 88' lang='lat' dir='ltr'><strong>igni</strong></span> <span class='ocrx_word' id='word_1_588' title='bbox 2415 3954 2633 4022; x_wconf 78' lang='lat' dir='ltr'><strong>injecto,</strong></span> <span class='ocrx_word' id='word_1_589' title='bbox 2671 3953 2757 4007; x_wconf 85' lang='lat' dir='ltr'><strong>ubi</strong></span> <span class='ocrx_word' id='word_1_590' title='bbox 2785 3955 2993 4027; x_wconf 87' lang='lat' dir='ltr'><strong>navigia</strong></span> <span class='ocrx_word' id='word_1_591' title='bbox 3050 3957 3419 4013; x_wconf 78' lang='lat' dir='ltr'><strong>subduxerunt</strong></span> <span class='ocrx_word' id='word_1_592' title='bbox 3463 3958 3578 4014; x_wconf 77' lang='lat' dir='ltr'><strong>Mo-</strong></span> 
     </span>
    </p>
   </div>
   <div class='ocr_carea' id='block_1_84' title="bbox 2004 4045 3579 4124">
    <p class='ocr_par' dir='ltr' id='par_1_84' title="bbox 2004 4045 3579 4124">
     <span class='ocr_line' id='line_1_84' title="bbox 2004 4045 3579 4124; baseline 0.007 -27"><span class='ocrx_word' id='word_1_593' title='bbox 2004 4045 2316 4113; x_wconf 86' lang='lat' dir='ltr'><strong>n0politani,</strong></span> <span class='ocrx_word' id='word_1_594' title='bbox 2366 4047 2634 4117; x_wconf 83' lang='lat' dir='ltr'><strong>ingentem</strong></span> <span class='ocrx_word' id='word_1_595' title='bbox 2684 4045 2954 4102; x_wconf 80' lang='lat' dir='ltr'><strong>ﬂammam</strong></span> <span class='ocrx_word' id='word_1_596' title='bbox 3029 4051 3340 4106; x_wconf 79' lang='lat' dir='ltr'><strong>excitarunt</strong></span> <span class='ocrx_word' id='word_1_597' title='bbox 3401 4070 3416 4107; x_wconf 90' lang='lat'><strong>:</strong></span> <span class='ocrx_word' id='word_1_598' title='bbox 3470 4070 3579 4124; x_wconf 88' lang='lat' dir='ltr'><strong>quo</strong></span> 
     </span>
    </p>
   </div>
   <div class='ocr_carea' id='block_1_85' title="bbox 2004 4138 3579 4210">
    <p class='ocr_par' dir='ltr' id='par_1_85' title="bbox 2004 4138 3579 4210">
     <span class='ocr_line' id='line_1_85' title="bbox 2004 4138 3579 4210; baseline 0.006 -19"><span class='ocrx_word' id='word_1_599' title='bbox 2004 4147 2114 4192; x_wconf 87' lang='lat' dir='ltr'><strong>tum</strong></span> <span class='ocrx_word' id='word_1_600' title='bbox 2159 4147 2398 4209; x_wconf 86' lang='lat' dir='ltr'><strong>tempore</strong></span> <span class='ocrx_word' id='word_1_601' title='bbox 2457 4138 2729 4193; x_wconf 77' lang='lat' dir='ltr'><strong>Romanus</strong></span> <span class='ocrx_word' id='word_1_602' title='bbox 2782 4140 2998 4209; x_wconf 89' lang='lat' dir='ltr'><strong>quidam</strong></span> <span class='ocrx_word' id='word_1_603' title='bbox 3057 4140 3234 4210; x_wconf 88' lang='lat' dir='ltr'><strong>miles,</strong></span> <span class='ocrx_word' id='word_1_604' title='bbox 3287 4141 3579 4200; x_wconf 79' lang='lat' dir='ltr'><strong>Hicanatus</strong></span> 
     </span>
    </p>
   </div>
   <div class='ocr_carea' id='block_1_86' title="bbox 2003 4231 3572 4303">
    <p class='ocr_par' dir='ltr' id='par_1_86' title="bbox 2003 4231 3572 4303">
     <span class='ocr_line' id='line_1_86' title="bbox 2003 4231 3572 4303; baseline 0.006 -21"><span class='ocrx_word' id='word_1_605' title='bbox 2003 4231 2241 4294; x_wconf 79' lang='lat' dir='ltr'><strong>nomine,</strong></span> <span class='ocrx_word' id='word_1_606' title='bbox 2303 4246 2410 4283; x_wconf 86' lang='lat' dir='ltr'><strong>rem</strong></span> <span class='ocrx_word' id='word_1_607' title='bbox 2453 4231 2599 4284; x_wconf 87' lang='lat' dir='ltr'><strong>dictu</strong></span> <span class='ocrx_word' id='word_1_608' title='bbox 2635 4231 2927 4300; x_wconf 84' lang='lat' dir='ltr'><strong>audituque</strong></span> <span class='ocrx_word' id='word_1_609' title='bbox 2972 4232 3185 4303; x_wconf 85' lang='lat' dir='ltr'><strong>dignam</strong></span> <span class='ocrx_word' id='word_1_610' title='bbox 3232 4235 3418 4303; x_wconf 81' lang='lat' dir='ltr'><strong>gessit.</strong></span> <span class='ocrx_word' id='word_1_611' title='bbox 3454 4234 3572 4292; x_wconf 70' lang='lat' dir='ltr'><strong>Mo-</strong></span> 
     </span>
    </p>
   </div>
   <div class='ocr_carea' id='block_1_87' title="bbox 2001 4319 3578 4393">
    <p class='ocr_par' dir='ltr' id='par_1_87' title="bbox 2001 4319 3578 4393">
     <span class='ocr_line' id='line_1_87' title="bbox 2001 4319 3578 4393; baseline 0.005 -20"><span class='ocrx_word' id='word_1_612' title='bbox 2001 4319 2236 4387; x_wconf 85' lang='lat' dir='ltr'><strong>nopolim</strong></span> <span class='ocrx_word' id='word_1_613' title='bbox 2288 4320 2486 4390; x_wconf 86' lang='lat' dir='ltr'><strong>quippe</strong></span> <span class='ocrx_word' id='word_1_614' title='bbox 2534 4333 2718 4375; x_wconf 78' lang='lat' dir='ltr'><strong>murus</strong></span> <span class='ocrx_word' id='word_1_615' title='bbox 2771 4321 3148 4392; x_wconf 82' lang='lat' dir='ltr'><strong>circumcingit</strong></span> <span class='ocrx_word' id='word_1_616' title='bbox 3195 4322 3420 4393; x_wconf 84' lang='lat' dir='ltr'><strong>duplex,</strong></span> <span class='ocrx_word' id='word_1_617' title='bbox 3478 4326 3578 4381; x_wconf 85' lang='lat' dir='ltr'><strong>sed</strong></span> 
     </span>
    </p>
   </div>
   <div class='ocr_carea' id='block_1_88' title="bbox 2001 4411 3571 4487">
    <p class='ocr_par' dir='ltr' id='par_1_88' title="bbox 2001 4411 3571 4487">
     <span class='ocr_line' id='line_1_88' title="bbox 2001 4411 3571 4487; baseline 0.007 -22"><span class='ocrx_word' id='word_1_618' title='bbox 2001 4411 2225 4467; x_wconf 85' lang='lat' dir='ltr'><strong>interior</strong></span> <span class='ocrx_word' id='word_1_619' title='bbox 2256 4412 2420 4467; x_wconf 87' lang='lat' dir='ltr'><strong>altius</strong></span> <span class='ocrx_word' id='word_1_620' title='bbox 2443 4414 2689 4478; x_wconf 89' lang='lat' dir='ltr'><strong>eductus,</strong></span> <span class='ocrx_word' id='word_1_621' title='bbox 2720 4413 2968 4468; x_wconf 85' lang='lat' dir='ltr'><strong>hostilem</strong></span> <span class='ocrx_word' id='word_1_622' title='bbox 2995 4429 3332 4487; x_wconf 84' lang='lat' dir='ltr'><strong>nequaquam</strong></span> <span class='ocrx_word' id='word_1_623' title='bbox 3361 4419 3571 4476; x_wconf 75' lang='lat' dir='ltr'><strong>hastam</strong></span> 
     </span>
    </p>
   </div>
   <div class='ocr_carea' id='block_1_89' title="bbox 323 4488 1900 4575">
    <p class='ocr_par' dir='ltr' id='par_1_89' title="bbox 323 4488 1894 4562">
     <span class='ocr_line' id='line_1_89' title="bbox 323 4488 1894 4562; baseline 0.001 -20"><span class='ocrx_word' id='word_1_624' title='bbox 323 4506 424 4543; x_wconf 86' lang='grc' dir='ltr'><strong>στο</strong></span> <span class='ocrx_word' id='word_1_625' title='bbox 448 4488 594 4556; x_wconf 80' lang='grc' dir='ltr'><strong>ἀξια.</strong></span> <span class='ocrx_word' id='word_1_626' title='bbox 625 4490 930 4543; x_wconf 86' lang='grc' dir='ltr'><strong>Μονόπολιν</strong></span> <span class='ocrx_word' id='word_1_627' title='bbox 973 4489 1082 4560; x_wconf 77' lang='grc' dir='ltr'><strong>γὰρ</strong></span> <span class='ocrx_word' id='word_1_628' title='bbox 1114 4489 1279 4543; x_wconf 81' lang='grc' dir='ltr'><strong>διπλᾶ</strong></span> <span class='ocrx_word' id='word_1_629' title='bbox 1333 4489 1434 4560; x_wconf 79' lang='grc' dir='ltr'><strong>μὲν</strong></span> <span class='ocrx_word' id='word_1_630' title='bbox 1464 4488 1692 4553; x_wconf 77' lang='grc' dir='ltr'><strong>ζώννυσι</strong></span> <span class='ocrx_word' id='word_1_631' title='bbox 1718 4490 1894 4562; x_wconf 81' lang='grc' dir='ltr'><strong>τείχη,</strong></span> 
     </span>
    </p>
   </div>
   <div class='ocr_carea' id='block_1_90' title="bbox 2003 4488 3574 4575">
    <p class='ocr_par' dir='ltr' id='par_1_90' title="bbox 2007 4503 3574 4575">
     <span class='ocr_line' id='line_1_90' title="bbox 2007 4503 3574 4575; baseline 0.006 -20"><span class='ocrx_word' id='word_1_632' title='bbox 2007 4511 2222 4558; x_wconf 81' lang='lat' dir='ltr'><strong>veretur</strong></span> <span class='ocrx_word' id='word_1_633' title='bbox 2253 4503 2430 4559; x_wconf 86' lang='lat' dir='ltr'><strong>:alter</strong></span> <span class='ocrx_word' id='word_1_634' title='bbox 2476 4513 2656 4558; x_wconf 86' lang='lat' dir='ltr'><strong>autem</strong></span> <span class='ocrx_word' id='word_1_635' title='bbox 2689 4505 2844 4560; x_wconf 87' lang='lat' dir='ltr'><strong>tertia</strong></span> <span class='ocrx_word' id='word_1_636' title='bbox 2874 4514 3026 4575; x_wconf 82' lang='lat' dir='ltr'><strong>parte</strong></span> <span class='ocrx_word' id='word_1_637' title='bbox 3077 4507 3252 4562; x_wconf 88' lang='lat' dir='ltr'><strong>minor</strong></span> <span class='ocrx_word' id='word_1_638' title='bbox 3281 4509 3422 4565; x_wconf 88' lang='lat' dir='ltr'><strong>illius</strong></span> <span class='ocrx_word' id='word_1_639' title='bbox 3450 4508 3574 4565; x_wconf 74' lang='lat' dir='ltr'><strong>fuu~</strong></span> 
     </span>
    </p>
   </div>
   <div class='ocr_carea' id='block_1_91' title="bbox 319 4579 1896 4652">
    <p class='ocr_par' dir='ltr' id='par_1_91' title="bbox 319 4579 1896 4652">
     <span class='ocr_line' id='line_1_91' title="bbox 319 4579 1896 4652; baseline 0.001 -20"><span class='ocrx_word' id='word_1_640' title='bbox 319 4579 458 4634; x_wconf 85' lang='grc' dir='ltr'><strong>άλλά</strong></span> <span class='ocrx_word' id='word_1_641' title='bbox 501 4580 566 4633; x_wconf 80' lang='grc' dir='ltr'><strong>τὸ</strong></span> <span class='ocrx_word' id='word_1_642' title='bbox 617 4580 717 4649; x_wconf 85' lang='grc' dir='ltr'><strong>μὲν</strong></span> <span class='ocrx_word' id='word_1_643' title='bbox 747 4579 894 4633; x_wconf 72' lang='grc' dir='ltr'><strong>ἔνδον</strong></span> <span class='ocrx_word' id='word_1_644' title='bbox 929 4580 1024 4632; x_wconf 75' lang='grc' dir='ltr'><strong>ἐπὶ</strong></span> <span class='ocrx_word' id='word_1_645' title='bbox 1063 4579 1317 4632; x_wconf 83' lang='grc' dir='ltr'><strong>πλεῖστόν</strong></span> <span class='ocrx_word' id='word_1_646' title='bbox 1369 4595 1430 4631; x_wconf 85' lang='grc' dir='ltr'><strong>τε</strong></span> <span class='ocrx_word' id='word_1_647' title='bbox 1483 4579 1773 4652; x_wconf 74' lang='grc' dir='ltr'><strong>ἐπαίρεται</strong></span> <span class='ocrx_word' id='word_1_648' title='bbox 1801 4582 1896 4634; x_wconf 81' lang='grc' dir='ltr'><strong>καὶ</strong></span> 
     </span>
    </p>
   </div>
   <div class='ocr_carea' id='block_1_92' title="bbox 319 4671 1892 4744">
    <p class='ocr_par' dir='ltr' id='par_1_92' title="bbox 319 4671 1892 4744">
     <span class='ocr_line' id='line_1_92' title="bbox 319 4671 1892 4744; baseline 0.001 -18"><span class='ocrx_word' id='word_1_649' title='bbox 319 4671 584 4744; x_wconf 80' lang='grc' dir='ltr'><strong>πολεμίου</strong></span> <span class='ocrx_word' id='word_1_650' title='bbox 609 4673 764 4744; x_wconf 83' lang='grc' dir='ltr'><strong>δορὸς</strong></span> <span class='ocrx_word' id='word_1_651' title='bbox 793 4672 951 4740; x_wconf 81' lang='grc' dir='ltr'><strong>λόγον</strong></span> <span class='ocrx_word' id='word_1_652' title='bbox 979 4672 1168 4726; x_wconf 82' lang='grc' dir='ltr'><strong>οὐδένα</strong></span> <span class='ocrx_word' id='word_1_653' title='bbox 1190 4672 1251 4724; x_wconf 83' lang='grc' dir='ltr'>τὸ</span> <span class='ocrx_word' id='word_1_654' title='bbox 1285 4672 1552 4743; x_wconf 84' lang='grc' dir='ltr'><strong>παράπαν</strong></span> <span class='ocrx_word' id='word_1_655' title='bbox 1573 4673 1892 4744; x_wconf 81' lang='grc' dir='ltr'><strong>πεποίηται,</strong></span> 
     </span>
    </p>
   </div>
   <div class='ocr_carea' id='block_1_93' title="bbox 317 4764 1895 4837">
    <p class='ocr_par' dir='ltr' id='par_1_93' title="bbox 317 4764 1895 4837">
     <span class='ocr_line' id='line_1_93' title="bbox 317 4764 1895 4837; baseline 0.002 -18"><span class='ocrx_word' id='word_1_656' title='bbox 317 4766 380 4819; x_wconf 80' lang='grc' dir='ltr'><strong>τὸ</strong></span> <span class='ocrx_word' id='word_1_657' title='bbox 403 4765 450 4817; x_wconf 76' lang='grc' dir='ltr'><strong>δ’</strong></span> <span class='ocrx_word' id='word_1_658' title='bbox 482 4765 610 4819; x_wconf 80' lang='grc' dir='ltr'><strong>ἄλλο</strong></span> <span class='ocrx_word' id='word_1_659' title='bbox 641 4767 698 4830; x_wconf 73' lang='grc' dir='ltr'><strong>ἐς</strong></span> <span class='ocrx_word' id='word_1_660' title='bbox 722 4764 1076 4836; x_wconf 85' lang='grc' dir='ltr'><strong>τριτημόριον</strong></span> <span class='ocrx_word' id='word_1_661' title='bbox 1119 4765 1354 4835; x_wconf 86' lang='grc' dir='ltr'><strong>μάλιστα</strong></span> <span class='ocrx_word' id='word_1_662' title='bbox 1384 4765 1480 4819; x_wconf 83' lang='grc' dir='ltr'><strong>τοῦ</strong></span> <span class='ocrx_word' id='word_1_663' title='bbox 1517 4767 1786 4837; x_wconf 74' lang='grc' dir='ltr'><strong>προτέρου</strong></span> <span class='ocrx_word' id='word_1_664' title='bbox 1811 4770 1895 4822; x_wconf 80' lang='lat' dir='ltr'><strong>ai-</strong></span> 
     </span>
    </p>
   </div>
   <div class='ocr_carea' id='block_1_94' title="bbox 320 4858 1894 4932">
    <p class='ocr_par' dir='ltr' id='par_1_94' title="bbox 320 4858 1894 4932">
     <span class='ocr_line' id='line_1_94' title="bbox 320 4858 1894 4932; baseline 0.002 -21"><span class='ocrx_word' id='word_1_665' title='bbox 320 4861 550 4932; x_wconf 82' lang='grc' dir='ltr'><strong>ρόμενον</strong></span> <span class='ocrx_word' id='word_1_666' title='bbox 583 4859 680 4923; x_wconf 83' lang='grc' dir='ltr'><strong>τὰς</strong></span> <span class='ocrx_word' id='word_1_667' title='bbox 728 4861 1004 4929; x_wconf 81' lang='grc' dir='ltr'><strong>κρηπῖδας</strong></span> <span class='ocrx_word' id='word_1_668' title='bbox 1032 4858 1184 4928; x_wconf 79' lang='grc' dir='ltr'><strong>αὐτῷ</strong></span> <span class='ocrx_word' id='word_1_669' title='bbox 1214 4859 1476 4929; x_wconf 86' lang='grc' dir='ltr'><strong>περιθέει.</strong></span> <span class='ocrx_word' id='word_1_670' title='bbox 1527 4858 1614 4922; x_wconf 86' lang='grc' dir='ltr'><strong>Ἐς</strong></span> <span class='ocrx_word' id='word_1_671' title='bbox 1643 4858 1800 4912; x_wconf 76' lang='grc' dir='ltr'><strong>τοῦτο</strong></span> <span class='ocrx_word' id='word_1_672' title='bbox 1829 4860 1894 4932; x_wconf 79' lang='grc' dir='ltr'><strong>δὴ</strong></span> 
     </span>
    </p>
   </div>
   <div class='ocr_carea' id='block_1_95' title="bbox 318 4939 1895 5022">
    <p class='ocr_par' dir='ltr' id='par_1_95' title="bbox 318 4939 1895 5022">
     <span class='ocr_line' id='line_1_95' title="bbox 318 4939 1895 5022; baseline 0.001 -16"><span class='ocrx_word' id='word_1_673' title='bbox 318 4953 379 5006; x_wconf 81' lang='grc' dir='ltr'><strong>τὸ</strong></span> <span class='ocrx_word' id='word_1_674' title='bbox 407 4939 713 5022; x_wconf 76' lang='grc' dir='ltr'><strong>περίτειχος</strong></span> <span class='ocrx_word' id='word_1_675' title='bbox 762 4950 854 5004; x_wconf 88' lang='grc' dir='ltr'><strong>δύο</strong></span> <span class='ocrx_word' id='word_1_676' title='bbox 883 4952 1028 5013; x_wconf 81' lang='grc' dir='ltr'><strong>τινὲς</strong></span> <span class='ocrx_word' id='word_1_677' title='bbox 1065 4952 1448 5007; x_wconf 87' lang='grc' dir='ltr'><strong>Μονοπολιτῶν</strong></span> <span class='ocrx_word' id='word_1_678' title='bbox 1480 4954 1781 5018; x_wconf 84' lang='grc' dir='ltr'><strong>ἀναϐάντες</strong></span> <span class='ocrx_word' id='word_1_679' title='bbox 1797 4956 1895 5008; x_wconf 84' lang='grc' dir='ltr'><strong>αὺ-</strong></span> 
     </span>
    </p>
   </div>
   <div class='ocr_carea' id='block_1_96' title="bbox 316 5041 1894 5114">
    <p class='ocr_par' dir='ltr' id='par_1_96' title="bbox 316 5041 1894 5114">
     <span class='ocr_line' id='line_1_96' title="bbox 316 5041 1894 5114; baseline 0.001 -19"><span class='ocrx_word' id='word_1_680' title='bbox 316 5044 400 5096; x_wconf 83' lang='grc' dir='ltr'><strong>τοί</strong></span> <span class='ocrx_word' id='word_1_681' title='bbox 451 5059 511 5096; x_wconf 81' lang='grc' dir='ltr'><strong>τε</strong></span> <span class='ocrx_word' id='word_1_682' title='bbox 561 5045 619 5105; x_wconf 77' lang='grc' dir='ltr'><strong>ὲς</strong></span> <span class='ocrx_word' id='word_1_683' title='bbox 643 5044 770 5105; x_wconf 84' lang='grc' dir='ltr'>τοὺς</span> <span class='ocrx_word' id='word_1_684' title='bbox 796 5041 1092 5114; x_wconf 84' lang='grc' dir='ltr'><strong>πολεμίους</strong></span> <span class='ocrx_word' id='word_1_685' title='bbox 1137 5043 1362 5096; x_wconf 82' lang='grc' dir='ltr'><strong>ἔϐαλλον</strong></span> <span class='ocrx_word' id='word_1_686' title='bbox 1402 5045 1494 5096; x_wconf 73' lang='grc' dir='ltr'><strong>καὶ</strong></span> <span class='ocrx_word' id='word_1_687' title='bbox 1547 5045 1672 5107; x_wconf 79' lang='grc' dir='ltr'><strong>τοὺς</strong></span> <span class='ocrx_word' id='word_1_688' title='bbox 1699 5044 1894 5108; x_wconf 79' lang='grc' dir='ltr'><strong>ἄλλους</strong></span> 
     </span>
    </p>
   </div>
   <div class='ocr_carea' id='block_1_97' title="bbox 320 5133 1890 5208">
    <p class='ocr_par' dir='ltr' id='par_1_97' title="bbox 320 5133 1890 5208">
     <span class='ocr_line' id='line_1_97' title="bbox 320 5133 1890 5208; baseline 0.002 -21"><span class='ocrx_word' id='word_1_689' title='bbox 320 5134 456 5208; x_wconf 72' lang='grc' dir='ltr'><strong>πρὸς</strong></span> <span class='ocrx_word' id='word_1_690' title='bbox 498 5133 660 5187; x_wconf 81' lang='grc' dir='ltr'>τοῦτο</span> <span class='ocrx_word' id='word_1_691' title='bbox 705 5135 1050 5206; x_wconf 82' lang='grc' dir='ltr'><strong>παρώρμων.</strong></span> <span class='ocrx_word' id='word_1_692' title='bbox 1092 5135 1271 5205; x_wconf 82' lang='grc' dir='ltr'><strong>Ὅπερ</strong></span> <span class='ocrx_word' id='word_1_693' title='bbox 1296 5136 1763 5199; x_wconf 74' lang='grc' dir='ltr'><strong>ίδὼνὸἹκανάτος</strong></span> <span class='ocrx_word' id='word_1_694' title='bbox 1792 5137 1890 5190; x_wconf 86' lang='grc' dir='ltr'><strong>σὺν</strong></span> 
     </span>
    </p>
   </div>
   <div class='ocr_carea' id='block_1_98' title="bbox 321 5226 1891 5298">
    <p class='ocr_par' dir='ltr' id='par_1_98' title="bbox 321 5226 1891 5298">
     <span class='ocr_line' id='line_1_98' title="bbox 321 5226 1891 5298; baseline 0.003 -20"><span class='ocrx_word' id='word_1_695' title='bbox 321 5226 400 5297; x_wconf 74' lang='grc' dir='ltr'><strong>τῷ</strong></span> <span class='ocrx_word' id='word_1_696' title='bbox 435 5227 623 5298; x_wconf 86' lang='grc' dir='ltr'><strong>δόρατι</strong></span> <span class='ocrx_word' id='word_1_697' title='bbox 665 5227 934 5289; x_wconf 73' lang='grc' dir='ltr'><strong>ἐπελάσας</strong></span> <span class='ocrx_word' id='word_1_698' title='bbox 964 5226 1194 5296; x_wconf 81' lang='grc' dir='ltr'><strong>θατέρου</strong></span> <span class='ocrx_word' id='word_1_699' title='bbox 1229 5233 1337 5280; x_wconf 82' lang='grc' dir='ltr'><strong>τῶν</strong></span> <span class='ocrx_word' id='word_1_700' title='bbox 1367 5231 1675 5298; x_wconf 76' lang='grc' dir='ltr'><strong>εἰρημένων</strong></span> <span class='ocrx_word' id='word_1_701' title='bbox 1698 5245 1891 5282; x_wconf 85' lang='grc' dir='ltr'><strong>κατευ-</strong></span> 
     </span>
    </p>
   </div>
   <div class='ocr_carea' id='block_1_99' title="bbox 312 5321 1889 5394">
    <p class='ocr_par' dir='ltr' id='par_1_99' title="bbox 312 5321 1889 5394">
     <span class='ocr_line' id='line_1_99' title="bbox 312 5321 1889 5394; baseline 0.002 -21"><span class='ocrx_word' id='word_1_702' title='bbox 312 5323 523 5392; x_wconf 75' lang='grc' dir='ltr'><strong>στοχεῖ.</strong></span> <span class='ocrx_word' id='word_1_703' title='bbox 569 5323 632 5376; x_wconf 90' lang='lat' dir='ltr'><strong>&#39;O</strong></span> <span class='ocrx_word' id='word_1_704' title='bbox 679 5322 734 5374; x_wconf 82' lang='grc' dir='ltr'><strong>δὲ</strong></span> <span class='ocrx_word' id='word_1_705' title='bbox 762 5321 954 5386; x_wconf 74' lang='grc' dir='ltr'><strong>ὕπτιος</strong></span> <span class='ocrx_word' id='word_1_706' title='bbox 986 5323 1246 5393; x_wconf 76' lang='grc' dir='ltr'><strong>παραυτά</strong></span> <span class='ocrx_word' id='word_1_707' title='bbox 1285 5321 1631 5394; x_wconf 69' lang='grc' dir='ltr'><strong>ἐξεκυλίσθη,</strong></span> <span class='ocrx_word' id='word_1_708' title='bbox 1683 5323 1781 5394; x_wconf 83' lang='grc' dir='ltr'><strong>βοή</strong></span> <span class='ocrx_word' id='word_1_709' title='bbox 1829 5341 1889 5376; x_wconf 82' lang='grc' dir='ltr'><strong>τε</strong></span> 
     </span>
    </p>
   </div>
   <div class='ocr_carea' id='block_1_100' title="bbox 321 5414 1890 5489">
    <p class='ocr_par' dir='ltr' id='par_1_100' title="bbox 321 5414 1890 5489">
     <span class='ocr_line' id='line_1_100' title="bbox 321 5414 1890 5489; baseline 0 -21"><span class='ocrx_word' id='word_1_710' title='bbox 321 5417 453 5487; x_wconf 82' lang='grc' dir='ltr'><strong>πρὸς</strong></span> <span class='ocrx_word' id='word_1_711' title='bbox 484 5419 577 5470; x_wconf 76' lang='grc' dir='ltr'><strong>τοῦ</strong></span> <span class='ocrx_word' id='word_1_712' title='bbox 611 5417 898 5488; x_wconf 86' lang='grc' dir='ltr'><strong>Ῥωμαίων</strong></span> <span class='ocrx_word' id='word_1_713' title='bbox 942 5417 1084 5489; x_wconf 70' lang='grc' dir='ltr'><strong>ἤρθη</strong></span> <span class='ocrx_word' id='word_1_714' title='bbox 1114 5414 1348 5486; x_wconf 83' lang='grc' dir='ltr'><strong>στρατοῦ</strong></span> <span class='ocrx_word' id='word_1_715' title='bbox 1400 5417 1494 5469; x_wconf 84' lang='grc' dir='ltr'><strong>καὶ</strong></span> <span class='ocrx_word' id='word_1_716' title='bbox 1525 5417 1715 5485; x_wconf 85' lang='grc' dir='ltr'><strong>κρότος</strong></span> <span class='ocrx_word' id='word_1_717' title='bbox 1745 5417 1890 5484; x_wconf 79' lang='grc' dir='ltr'><strong>ἐξαί-</strong></span> 
     </span>
    </p>
   </div>
   <div class='ocr_carea' id='block_1_101' title="bbox 323 5510 1891 5580">
    <p class='ocr_par' dir='ltr' id='par_1_101' title="bbox 323 5510 1891 5580">
     <span class='ocr_line' id='line_1_101' title="bbox 323 5510 1891 5580; baseline -0.001 -17"><span class='ocrx_word' id='word_1_718' title='bbox 323 5511 434 5574; x_wconf 85' lang='grc' dir='ltr'><strong>σιός</strong></span> <span class='ocrx_word' id='word_1_719' title='bbox 460 5526 521 5561; x_wconf 83' lang='grc' dir='ltr'><strong>τε</strong></span> <span class='ocrx_word' id='word_1_720' title='bbox 551 5511 649 5564; x_wconf 77' lang='grc' dir='ltr'><strong>καὶ</strong></span> <span class='ocrx_word' id='word_1_721' title='bbox 698 5511 870 5580; x_wconf 79' lang='grc' dir='ltr'><strong>ἀκοῆς</strong></span> <span class='ocrx_word' id='word_1_722' title='bbox 895 5515 1168 5580; x_wconf 85' lang='grc' dir='ltr'><strong>κρείσσων</strong></span> <span class='ocrx_word' id='word_1_723' title='bbox 1199 5510 1438 5577; x_wconf 80' lang='grc' dir='ltr'><strong>ἐγένετο.</strong></span> <span class='ocrx_word' id='word_1_724' title='bbox 1480 5510 1622 5580; x_wconf 77' lang='grc' dir='ltr'><strong>Πρὸς</strong></span> <span class='ocrx_word' id='word_1_725' title='bbox 1655 5510 1682 5561; x_wconf 82' lang='grc' dir='ltr'><strong><em>ὃ</em></strong></span> <span class='ocrx_word' id='word_1_726' title='bbox 1720 5526 1891 5564; x_wconf 89' lang='grc' dir='ltr'><strong>κατα-</strong></span> 
     </span>
    </p>
   </div>
   <div class='ocr_carea' id='block_1_102' title="bbox 319 5599 1886 5675">
    <p class='ocr_par' dir='ltr' id='par_1_102' title="bbox 319 5599 1886 5675">
     <span class='ocr_line' id='line_1_102' title="bbox 319 5599 1886 5675; baseline -0.001 -18"><span class='ocrx_word' id='word_1_727' title='bbox 319 5603 618 5673; x_wconf 78' lang='grc' dir='ltr'><strong>πλαγέντες</strong></span> <span class='ocrx_word' id='word_1_728' title='bbox 640 5603 689 5656; x_wconf 78' lang='grc' dir='ltr'><strong>οι</strong></span> <span class='ocrx_word' id='word_1_729' title='bbox 712 5602 807 5656; x_wconf 77' lang='grc' dir='ltr'><strong>ἐπὶ</strong></span> <span class='ocrx_word' id='word_1_730' title='bbox 829 5601 943 5654; x_wconf 82' lang='grc' dir='ltr'><strong>τῶν</strong></span> <span class='ocrx_word' id='word_1_731' title='bbox 971 5599 1198 5672; x_wconf 86' lang='grc' dir='ltr'><strong>πύργων</strong></span> <span class='ocrx_word' id='word_1_732' title='bbox 1228 5601 1548 5671; x_wconf 87' lang='grc' dir='ltr'><strong>νομίσαντές</strong></span> <span class='ocrx_word' id='word_1_733' title='bbox 1578 5618 1639 5655; x_wconf 85' lang='grc' dir='ltr'><strong>τε</strong></span> <span class='ocrx_word' id='word_1_734' title='bbox 1662 5601 1764 5674; x_wconf 70' lang='grc' dir='ltr'><strong>ήδη</strong></span> <span class='ocrx_word' id='word_1_735' title='bbox 1787 5603 1886 5675; x_wconf 80' lang='grc' dir='ltr'><strong>τὴν</strong></span> 
     </span>
    </p>
   </div>
   <div class='ocr_carea' id='block_1_103' title="bbox 319 5696 1886 5770">
    <p class='ocr_par' dir='ltr' id='par_1_103' title="bbox 319 5696 1886 5770">
     <span class='ocr_line' id='line_1_103' title="bbox 319 5696 1886 5770; baseline 0.002 -22"><span class='ocrx_word' id='word_1_736' title='bbox 319 5698 474 5752; x_wconf 82' lang='grc' dir='ltr'><strong>πόλιν</strong></span> <span class='ocrx_word' id='word_1_737' title='bbox 519 5697 747 5762; x_wconf 81' lang='grc' dir='ltr'><strong>ἁλῶναι,</strong></span> <span class='ocrx_word' id='word_1_738' title='bbox 797 5696 924 5758; x_wconf 77' lang='grc' dir='ltr'><strong>τοὺς</strong></span> <span class='ocrx_word' id='word_1_739' title='bbox 957 5696 1204 5766; x_wconf 84' lang='grc' dir='ltr'><strong>πύργους</strong></span> <span class='ocrx_word' id='word_1_740' title='bbox 1255 5697 1505 5761; x_wconf 87' lang='grc' dir='ltr'><strong>λιπόντες</strong></span> <span class='ocrx_word' id='word_1_741' title='bbox 1556 5697 1660 5751; x_wconf 86' lang='grc' dir='ltr'><strong>ἀνά</strong></span> <span class='ocrx_word' id='word_1_742' title='bbox 1709 5697 1886 5770; x_wconf 81' lang='grc' dir='ltr'><strong>μέσην</strong></span> 
     </span>
    </p>
   </div>
   <div class='ocr_carea' id='block_1_104' title="bbox 318 5788 1887 5865">
    <p class='ocr_par' dir='ltr' id='par_1_104' title="bbox 318 5788 1887 5865">
     <span class='ocr_line' id='line_1_104' title="bbox 318 5788 1887 5865; baseline 0.006 -25"><span class='ocrx_word' id='word_1_743' title='bbox 318 5792 415 5860; x_wconf 82' lang='grc' dir='ltr'><strong>τὴν</strong></span> <span class='ocrx_word' id='word_1_744' title='bbox 445 5792 602 5847; x_wconf 82' lang='grc' dir='ltr'><strong>πόλιν</strong></span> <span class='ocrx_word' id='word_1_745' title='bbox 626 5788 884 5863; x_wconf 76' lang='grc' dir='ltr'><strong>ἐχώρουν.</strong></span> <span class='ocrx_word' id='word_1_746' title='bbox 918 5791 1031 5846; x_wconf 75' lang='grc' dir='ltr'><strong>Καὶ</strong></span> <span class='ocrx_word' id='word_1_747' title='bbox 1063 5792 1112 5845; x_wconf 82' lang='grc' dir='ltr'><strong>εί</strong></span> <span class='ocrx_word' id='word_1_748' title='bbox 1155 5792 1230 5862; x_wconf 83' lang='grc' dir='ltr'><strong>μὴ</strong></span> <span class='ocrx_word' id='word_1_749' title='bbox 1279 5795 1416 5862; x_wconf 76' lang='grc' dir='ltr'><strong>ταχὺ</strong></span> <span class='ocrx_word' id='word_1_750' title='bbox 1447 5793 1508 5847; x_wconf 77' lang='grc' dir='ltr'>τὸ</span> <span class='ocrx_word' id='word_1_751' title='bbox 1533 5794 1767 5865; x_wconf 71' lang='grc' dir='ltr'><strong>πρᾶγμα</strong></span> <span class='ocrx_word' id='word_1_752' title='bbox 1800 5795 1887 5849; x_wconf 76' lang='lat' dir='ltr'><strong>at-</strong></span> 
     </span>
    </p>
   </div>
   <div class='ocr_carea' id='block_1_105' title="bbox 1997 4596 3569 4669">
    <p class='ocr_par' dir='ltr' id='par_1_105' title="bbox 1997 4596 3569 4669">
     <span class='ocr_line' id='line_1_105' title="bbox 1997 4596 3569 4669; baseline 0.006 -19"><span class='ocrx_word' id='word_1_753' title='bbox 1997 4596 2250 4652; x_wconf 88' lang='lat' dir='ltr'><strong>damenta</strong></span> <span class='ocrx_word' id='word_1_754' title='bbox 2296 4598 2695 4652; x_wconf 85' lang='lat' dir='ltr'><strong>circumambit.</strong></span> <span class='ocrx_word' id='word_1_755' title='bbox 2748 4599 2802 4652; x_wconf 91' lang='lat' dir='ltr'><strong>In</strong></span> <span class='ocrx_word' id='word_1_756' title='bbox 2863 4598 3006 4655; x_wconf 84' lang='lat' dir='ltr'><strong>hunc</strong></span> <span class='ocrx_word' id='word_1_757' title='bbox 3052 4599 3215 4669; x_wconf 88' lang='lat' dir='ltr'><strong>igitur</strong></span> <span class='ocrx_word' id='word_1_758' title='bbox 3245 4601 3569 4659; x_wconf 80' lang='lat' dir='ltr'><strong>exteriorem</strong></span> 
     </span>
    </p>
   </div>
   <div class='ocr_carea' id='block_1_106' title="bbox 1997 4689 3570 4763">
    <p class='ocr_par' dir='ltr' id='par_1_106' title="bbox 1997 4689 3570 4763">
     <span class='ocr_line' id='line_1_106' title="bbox 1997 4689 3570 4763; baseline 0.006 -22"><span class='ocrx_word' id='word_1_759' title='bbox 1997 4703 2209 4743; x_wconf 90' lang='lat' dir='ltr'><strong>murum</strong></span> <span class='ocrx_word' id='word_1_760' title='bbox 2269 4691 2630 4744; x_wconf 88' lang='lat' dir='ltr'><strong>ascenderunt</strong></span> <span class='ocrx_word' id='word_1_761' title='bbox 2689 4689 3072 4758; x_wconf 75' lang='lat' dir='ltr'><strong>Monopolitaui</strong></span> <span class='ocrx_word' id='word_1_762' title='bbox 3129 4691 3257 4758; x_wconf 87' lang='lat' dir='ltr'><strong>duo,</strong></span> <span class='ocrx_word' id='word_1_763' title='bbox 3320 4694 3410 4763; x_wconf 91' lang='lat' dir='ltr'><strong>qui</strong></span> <span class='ocrx_word' id='word_1_764' title='bbox 3445 4694 3570 4751; x_wconf 80' lang='lat' dir='ltr'><strong>telis</strong></span> 
     </span>
    </p>
   </div>
   <div class='ocr_carea' id='block_1_107' title="bbox 1997 4777 3573 4855">
    <p class='ocr_par' dir='ltr' id='par_1_107' title="bbox 1997 4777 3573 4855">
     <span class='ocr_line' id='line_1_107' title="bbox 1997 4777 3573 4855; baseline 0.006 -25"><span class='ocrx_word' id='word_1_765' title='bbox 1997 4777 2121 4832; x_wconf 88' lang='lat' dir='ltr'><strong>inde</strong></span> <span class='ocrx_word' id='word_1_766' title='bbox 2172 4778 2358 4832; x_wconf 87' lang='lat' dir='ltr'><strong>hostes</strong></span> <span class='ocrx_word' id='word_1_767' title='bbox 2397 4779 2756 4844; x_wconf 86' lang='lat' dir='ltr'><strong>lacessebant,</strong></span> <span class='ocrx_word' id='word_1_768' title='bbox 2815 4789 3145 4850; x_wconf 54' lang='lat' dir='ltr'><strong>exterasque</strong></span> <span class='ocrx_word' id='word_1_769' title='bbox 3176 4789 3246 4835; x_wconf 78' lang='lat' dir='ltr'><strong>ut&#39;</strong></span> <span class='ocrx_word' id='word_1_770' title='bbox 3267 4781 3410 4838; x_wconf 85' lang='lat' dir='ltr'><strong>idem</strong></span> <span class='ocrx_word' id='word_1_771' title='bbox 3445 4798 3573 4855; x_wconf 81' lang='lat' dir='ltr'><strong>age-</strong></span> 
     </span>
    </p>
   </div>
   <div class='ocr_carea' id='block_1_108' title="bbox 1995 4869 3568 4949">
    <p class='ocr_par' dir='ltr' id='par_1_108' title="bbox 1995 4869 3568 4949">
     <span class='ocr_line' id='line_1_108' title="bbox 1995 4869 3568 4949; baseline 0.006 -25"><span class='ocrx_word' id='word_1_772' title='bbox 1995 4878 2118 4924; x_wconf 90' lang='lat' dir='ltr'><strong>rent</strong></span> <span class='ocrx_word' id='word_1_773' title='bbox 2153 4869 2527 4923; x_wconf 87' lang='lat' dir='ltr'><strong>hortabantur.</strong></span> <span class='ocrx_word' id='word_1_774' title='bbox 2555 4869 2707 4936; x_wconf 88' lang='lat' dir='ltr'><strong>Quod</strong></span> <span class='ocrx_word' id='word_1_775' title='bbox 2763 4871 2851 4926; x_wconf 90' lang='lat' dir='ltr'><strong>ubi</strong></span> <span class='ocrx_word' id='word_1_776' title='bbox 2920 4872 3212 4949; x_wconf 70' lang='lat' dir='ltr'><strong>conspicit</strong></span> <span class='ocrx_word' id='word_1_777' title='bbox 3249 4875 3568 4944; x_wconf 79' lang='lat' dir='ltr'><strong>llicanatus,</strong></span> 
     </span>
    </p>
   </div>
   <div class='ocr_carea' id='block_1_109' title="bbox 1994 4961 3566 5036">
    <p class='ocr_par' dir='ltr' id='par_1_109' title="bbox 1994 4961 3566 5036">
     <span class='ocr_line' id='line_1_109' title="bbox 1994 4961 3566 5036; baseline 0.006 -22"><span class='ocrx_word' id='word_1_778' title='bbox 1994 4967 2208 5030; x_wconf 85' lang='lat' dir='ltr'><strong>arrepta</strong></span> <span class='ocrx_word' id='word_1_779' title='bbox 2265 4961 2426 5015; x_wconf 82' lang='lat' dir='ltr'><strong>basta</strong></span> <span class='ocrx_word' id='word_1_780' title='bbox 2473 4975 2542 5015; x_wconf 89' lang='lat' dir='ltr'><strong>eo</strong></span> <span class='ocrx_word' id='word_1_781' title='bbox 2598 4962 2939 5032; x_wconf 80' lang='lat' dir='ltr'><strong>perveniens,</strong></span> <span class='ocrx_word' id='word_1_782' title='bbox 2971 4963 3199 5019; x_wconf 69' lang='lat' dir='ltr'><strong>alterum</strong></span> <span class='ocrx_word' id='word_1_783' title='bbox 3228 4967 3380 5022; x_wconf 80' lang='lat' dir='ltr'><strong>exiis</strong></span> <span class='ocrx_word' id='word_1_784' title='bbox 3418 4967 3566 5036; x_wconf 82' lang='lat' dir='ltr'><strong>ferit,</strong></span> 
     </span>
    </p>
   </div>
   <div class='ocr_carea' id='block_1_110' title="bbox 1993 5051 3568 5123">
    <p class='ocr_par' dir='ltr' id='par_1_110' title="bbox 1993 5051 3568 5123">
     <span class='ocr_line' id='line_1_110' title="bbox 1993 5051 3568 5123; baseline 0.007 -17"><span class='ocrx_word' id='word_1_785' title='bbox 1993 5052 2414 5123; x_wconf 83' lang='lat' dir='ltr'><strong>prosternitque.</strong></span> <span class='ocrx_word' id='word_1_786' title='bbox 2448 5051 2572 5109; x_wconf 81' lang='lat' dir='ltr'><strong>Mox</strong></span> <span class='ocrx_word' id='word_1_787' title='bbox 2630 5055 2821 5122; x_wconf 85' lang='lat' dir='ltr'><strong>ingens</strong></span> <span class='ocrx_word' id='word_1_788' title='bbox 2854 5055 3058 5111; x_wconf 88' lang='lat' dir='ltr'><strong>tollitur</strong></span> <span class='ocrx_word' id='word_1_789' title='bbox 3082 5072 3112 5111; x_wconf 92' lang='lat' dir='ltr'><strong>a</strong></span> <span class='ocrx_word' id='word_1_790' title='bbox 3140 5057 3386 5115; x_wconf 78' lang='lat' dir='ltr'><strong>Romano</strong></span> <span class='ocrx_word' id='word_1_791' title='bbox 3408 5075 3568 5117; x_wconf 69' lang='grc' dir='ltr'><strong>,εχει-ο</strong></span> 
     </span>
    </p>
   </div>
   <div class='ocr_carea' id='block_1_111' title="bbox 1990 5143 3584 5218">
    <p class='ocr_par' dir='ltr' id='par_1_111' title="bbox 1990 5143 3584 5218">
     <span class='ocr_line' id='line_1_111' title="bbox 1990 5143 3584 5218; baseline 0.006 -18"><span class='ocrx_word' id='word_1_792' title='bbox 1990 5147 2102 5200; x_wconf 76' lang='lat' dir='ltr'><strong>citu</strong></span> <span class='ocrx_word' id='word_1_793' title='bbox 2148 5143 2309 5216; x_wconf 75' lang='lat'><strong>156</strong></span> <span class='ocrx_word' id='word_1_794' title='bbox 2356 5145 2585 5211; x_wconf 84' lang='lat' dir='ltr'><strong>clamor,</strong></span> <span class='ocrx_word' id='word_1_795' title='bbox 2643 5153 2934 5216; x_wconf 76' lang='lat' dir='ltr'><strong>tantusque</strong></span> <span class='ocrx_word' id='word_1_796' title='bbox 2991 5148 3247 5218; x_wconf 82' lang='lat' dir='ltr'><strong>plausus,</strong></span> <span class='ocrx_word' id='word_1_797' title='bbox 3324 5164 3382 5208; x_wconf 90' lang='lat' dir='ltr'><strong>ut</strong></span> <span class='ocrx_word' id='word_1_798' title='bbox 3431 5153 3584 5211; x_wconf 73' lang='lat' dir='ltr'><strong>nihil</strong></span> 
     </span>
    </p>
   </div>
   <div class='ocr_carea' id='block_1_112' title="bbox 1992 5241 3567 5319">
    <p class='ocr_par' dir='ltr' id='par_1_112' title="bbox 1992 5241 3567 5319">
     <span class='ocr_line' id='line_1_112' title="bbox 1992 5241 3567 5319; baseline 0.006 -23"><span class='ocrx_word' id='word_1_799' title='bbox 1992 5241 2287 5312; x_wconf 83' lang='lat' dir='ltr'><strong>quidquam</strong></span> <span class='ocrx_word' id='word_1_800' title='bbox 2335 5242 2583 5297; x_wconf 86' lang='lat' dir='ltr'><strong>exaudiri</strong></span> <span class='ocrx_word' id='word_1_801' title='bbox 2641 5252 2846 5313; x_wconf 89' lang='lat' dir='ltr'><strong>posset.</strong></span> <span class='ocrx_word' id='word_1_802' title='bbox 2885 5242 3040 5301; x_wconf 87' lang='lat' dir='ltr'><strong>Unde</strong></span> <span class='ocrx_word' id='word_1_803' title='bbox 3082 5248 3367 5303; x_wconf 83' lang='lat' dir='ltr'><strong>conterriti</strong></span> <span class='ocrx_word' id='word_1_804' title='bbox 3391 5250 3485 5319; x_wconf 88' lang='lat' dir='ltr'><strong>qui</strong></span> <span class='ocrx_word' id='word_1_805' title='bbox 3511 5250 3567 5307; x_wconf 86' lang='lat' dir='ltr'><strong>in</strong></span> 
     </span>
    </p>
   </div>
   <div class='ocr_carea' id='block_1_113' title="bbox 1992 5337 3564 5410">
    <p class='ocr_par' dir='ltr' id='par_1_113' title="bbox 1992 5337 3564 5410">
     <span class='ocr_line' id='line_1_113' title="bbox 1992 5337 3564 5410; baseline 0.004 -19"><span class='ocrx_word' id='word_1_806' title='bbox 1992 5337 2233 5391; x_wconf 82' lang='lat' dir='ltr'><strong>turribus</strong></span> <span class='ocrx_word' id='word_1_807' title='bbox 2258 5338 2479 5392; x_wconf 84' lang='lat' dir='ltr'><strong>stabant</strong></span> <span class='ocrx_word' id='word_1_808' title='bbox 2509 5337 2785 5408; x_wconf 84' lang='lat' dir='ltr'><strong>oppidani,</strong></span> <span class='ocrx_word' id='word_1_809' title='bbox 2823 5347 3034 5409; x_wconf 89' lang='lat' dir='ltr'><strong>captam</strong></span> <span class='ocrx_word' id='word_1_810' title='bbox 3063 5340 3174 5410; x_wconf 83' lang='lat' dir='ltr'><strong>jam</strong></span> <span class='ocrx_word' id='word_1_811' title='bbox 3226 5342 3412 5398; x_wconf 87' lang='lat' dir='ltr'><strong>urbem</strong></span> <span class='ocrx_word' id='word_1_812' title='bbox 3439 5343 3564 5407; x_wconf 86' lang='lat' dir='ltr'><strong>rati,</strong></span> 
     </span>
    </p>
   </div>
   <div class='ocr_carea' id='block_1_114' title="bbox 1992 5427 3563 5504">
    <p class='ocr_par' dir='ltr' id='par_1_114' title="bbox 1992 5427 3563 5504">
     <span class='ocr_line' id='line_1_114' title="bbox 1992 5427 3563 5504; baseline 0.005 -20"><span class='ocrx_word' id='word_1_813' title='bbox 1992 5427 2194 5484; x_wconf 88' lang='lat' dir='ltr'><strong>relictis</strong></span> <span class='ocrx_word' id='word_1_814' title='bbox 2217 5428 2609 5499; x_wconf 87' lang='lat' dir='ltr'><strong>turribusipsis</strong></span> <span class='ocrx_word' id='word_1_815' title='bbox 2634 5429 2688 5484; x_wconf 92' lang='lat' dir='ltr'><strong>in</strong></span> <span class='ocrx_word' id='word_1_816' title='bbox 2714 5431 2947 5486; x_wconf 88' lang='lat' dir='ltr'><strong>mediam</strong></span> <span class='ocrx_word' id='word_1_817' title='bbox 2978 5434 3162 5487; x_wconf 90' lang='lat' dir='ltr'><strong>urbem</strong></span> <span class='ocrx_word' id='word_1_818' title='bbox 3207 5434 3563 5504; x_wconf 77' lang='lat' dir='ltr'><strong>confugiunt:</strong></span> 
     </span>
    </p>
   </div>
   <div class='ocr_carea' id='block_1_115' title="bbox 1992 5522 3563 5596">
    <p class='ocr_par' dir='ltr' id='par_1_115' title="bbox 1992 5522 3563 5596">
     <span class='ocr_line' id='line_1_115' title="bbox 1992 5522 3563 5596; baseline 0.003 -18"><span class='ocrx_word' id='word_1_819' title='bbox 1992 5534 2047 5578; x_wconf 89' lang='lat' dir='ltr'><strong>et</strong></span> <span class='ocrx_word' id='word_1_820' title='bbox 2105 5522 2445 5577; x_wconf 82' lang='lat' dir='ltr'><strong>nicontiuuo</strong></span> <span class='ocrx_word' id='word_1_821' title='bbox 2465 5536 2523 5578; x_wconf 88' lang='lat' dir='ltr'><strong>re</strong></span> <span class='ocrx_word' id='word_1_822' title='bbox 2542 5523 2760 5593; x_wconf 86' lang='lat' dir='ltr'><strong>cognita</strong></span> <span class='ocrx_word' id='word_1_823' title='bbox 2809 5524 2863 5578; x_wconf 90' lang='lat' dir='ltr'><strong>in</strong></span> <span class='ocrx_word' id='word_1_824' title='bbox 2899 5526 3300 5596; x_wconf 88' lang='lat' dir='ltr'><strong>propugnacula</strong></span> <span class='ocrx_word' id='word_1_825' title='bbox 3348 5542 3563 5582; x_wconf 89' lang='lat' dir='ltr'><strong>rursum</strong></span> 
     </span>
    </p>
   </div>
   <div class='ocr_carea' id='block_1_116' title="bbox 1991 5604 3565 5684">
    <p class='ocr_par' dir='ltr' id='par_1_116' title="bbox 1991 5604 3565 5684">
     <span class='ocr_line' id='line_1_116' title="bbox 1991 5604 3565 5684; baseline 0.005 -16"><span class='ocrx_word' id='word_1_826' title='bbox 1991 5627 2114 5669; x_wconf 83' lang='lat' dir='ltr'><strong>sese</strong></span> <span class='ocrx_word' id='word_1_827' title='bbox 2173 5613 2525 5684; x_wconf 78' lang='lat' dir='ltr'><strong>recepissent,</strong></span> <span class='ocrx_word' id='word_1_828' title='bbox 2563 5604 2693 5671; x_wconf 77' lang='lat' dir='ltr'><strong>urbs</strong></span> <span class='ocrx_word' id='word_1_829' title='bbox 2741 5630 2771 5671; x_wconf 91' lang='lat' dir='ltr'><strong>a</strong></span> <span class='ocrx_word' id='word_1_830' title='bbox 2839 5615 3102 5674; x_wconf 82' lang='lat' dir='ltr'><strong>Romanis</strong></span> <span class='ocrx_word' id='word_1_831' title='bbox 3173 5618 3318 5675; x_wconf 84' lang='lat' dir='ltr'><strong>illico</strong></span> <span class='ocrx_word' id='word_1_832' title='bbox 3371 5617 3565 5676; x_wconf 82' lang='lat' dir='ltr'><strong>fuisset</strong></span> 
     </span>
    </p>
   </div>
   <div class='ocr_carea' id='block_1_117' title="bbox 1991 5705 3567 5784">
    <p class='ocr_par' dir='ltr' id='par_1_117' title="bbox 1991 5705 3567 5784">
     <span class='ocr_line' id='line_1_117' title="bbox 1991 5705 3567 5784; baseline 0.005 -24"><span class='ocrx_word' id='word_1_833' title='bbox 1991 5716 2170 5776; x_wconf 83' lang='lat' dir='ltr'><strong>capta.</strong></span> <span class='ocrx_word' id='word_1_834' title='bbox 2234 5705 2327 5761; x_wconf 87' lang='lat' dir='ltr'><strong>Sic</strong></span> <span class='ocrx_word' id='word_1_835' title='bbox 2373 5714 2489 5762; x_wconf 86' lang='lat' dir='ltr'><strong>tum</strong></span> <span class='ocrx_word' id='word_1_836' title='bbox 2523 5705 2696 5763; x_wconf 74' lang='lat' dir='ltr'><strong>altera</strong></span> <span class='ocrx_word' id='word_1_837' title='bbox 2747 5710 2803 5764; x_wconf 89' lang='lat' dir='ltr'><strong>ln</strong></span> <span class='ocrx_word' id='word_1_838' title='bbox 2836 5707 3162 5781; x_wconf 70' lang='lat' dir='ltr'><strong>Bonapolim</strong></span> <span class='ocrx_word' id='word_1_839' title='bbox 3198 5711 3358 5768; x_wconf 85' lang='lat' dir='ltr'><strong>desiit</strong></span> <span class='ocrx_word' id='word_1_840' title='bbox 3393 5727 3567 5784; x_wconf 57' lang='lat' dir='ltr'><strong>oppuw</strong></span> 
     </span>
    </p>
   </div>
   <div class='ocr_carea' id='block_1_118' title="bbox 1991 5799 3567 5881">
    <p class='ocr_par' dir='ltr' id='par_1_118' title="bbox 1991 5799 3567 5881">
     <span class='ocr_line' id='line_1_118' title="bbox 1991 5799 3567 5881; baseline 0.005 -26"><span class='ocrx_word' id='word_1_841' title='bbox 1991 5800 2196 5872; x_wconf 88' lang='lat' dir='ltr'><strong>gnatio.</strong></span> <span class='ocrx_word' id='word_1_842' title='bbox 2224 5799 2490 5872; x_wconf 86' lang='lat' dir='ltr'><strong>Oppidani</strong></span> <span class='ocrx_word' id='word_1_843' title='bbox 2517 5815 2646 5858; x_wconf 83' lang='lat' dir='ltr'><strong>vero</strong></span> <span class='ocrx_word' id='word_1_844' title='bbox 2671 5801 2763 5860; x_wconf 90' lang='lat' dir='ltr'><strong>ubi</strong></span> <span class='ocrx_word' id='word_1_845' title='bbox 2787 5817 2848 5861; x_wconf 87' lang='lat' dir='ltr'><strong>se</strong></span> <span class='ocrx_word' id='word_1_846' title='bbox 2873 5805 3136 5875; x_wconf 88' lang='lat' dir='ltr'><strong>angustiis</strong></span> <span class='ocrx_word' id='word_1_847' title='bbox 3174 5806 3410 5878; x_wconf 81' lang='lat' dir='ltr'><strong>undique</strong></span> <span class='ocrx_word' id='word_1_848' title='bbox 3433 5819 3567 5881; x_wconf 76' lang='lat' dir='ltr'><strong>pre-</strong></span> 
     </span>
    </p>
   </div>
  </div>
