  <div class='ocr_page' id='page_1' title='image "/cluster/home/n/w/nwhite01/storage/ocr_20150623/133/mdp.39015078384230/256.png"; bbox 0 0 4046 6284; ppageno 0'>
   <div class='ocr_carea' id='block_1_1' title="bbox 293 430 395 504">
    <p class='ocr_par' dir='ltr' id='par_1_1' title="bbox 293 430 395 504">
     <span class='ocr_line' id='line_1_1' title="bbox 293 430 395 504; baseline -0.088 0"><span class='ocrx_word' id='word_1_1' title='bbox 293 430 395 504; x_wconf 63' lang='grc'><strong>497⁷</strong></span> 
     </span>
    </p>
   </div>
   <div class='ocr_carea' id='block_1_2' title="bbox 1470 423 2349 490">
    <p class='ocr_par' dir='ltr' id='par_1_2' title="bbox 1470 423 2349 490">
     <span class='ocr_line' id='line_1_2' title="bbox 1470 423 2349 490; baseline -0.006 0"><span class='ocrx_word' id='word_1_2' title='bbox 1470 423 2011 490; x_wconf 75' lang='lat' dir='ltr'><strong>HISTORIARUM</strong></span> <span class='ocrx_word' id='word_1_3' title='bbox 2052 424 2198 485; x_wconf 87' lang='lat' dir='ltr'><strong>LIB.</strong></span> <span class='ocrx_word' id='word_1_4' title='bbox 2247 424 2349 486; x_wconf 80' lang='lat' dir='ltr'><strong>IV.</strong></span> 
     </span>
    </p>
   </div>
   <div class='ocr_carea' id='block_1_3' title="bbox 3414 416 3531 484">
    <p class='ocr_par' dir='ltr' id='par_1_3' title="bbox 3414 416 3531 484">
     <span class='ocr_line' id='line_1_3' title="bbox 3414 416 3531 484; baseline -0.043 0"><span class='ocrx_word' id='word_1_5' title='bbox 3414 416 3531 484; x_wconf 71' lang='grc'><strong>498</strong></span> 
     </span>
    </p>
   </div>
   <div class='ocr_carea' id='block_1_4' title="bbox 296 509 1875 595">
    <p class='ocr_par' dir='ltr' id='par_1_4' title="bbox 296 515 1862 595">
     <span class='ocr_line' id='line_1_4' title="bbox 296 515 1862 595; baseline -0.008 -16"><span class='ocrx_word' id='word_1_6' title='bbox 296 526 461 595; x_wconf 72' lang='grc' dir='ltr'>μέσης</span> <span class='ocrx_word' id='word_1_7' title='bbox 490 522 730 579; x_wconf 75' lang='grc' dir='ltr'><strong>λιποῦσα</strong></span> <span class='ocrx_word' id='word_1_8' title='bbox 764 522 996 587; x_wconf 84' lang='grc' dir='ltr'>τούτους</span> <span class='ocrx_word' id='word_1_9' title='bbox 1035 521 1348 593; x_wconf 66' lang='grc' dir='ltr'>ἀνακάμψῃ</span> <span class='ocrx_word' id='word_1_10' title='bbox 1377 522 1477 590; x_wconf 79' lang='grc' dir='ltr'>τῆς</span> <span class='ocrx_word' id='word_1_11' title='bbox 1517 519 1665 574; x_wconf 77' lang='grc' dir='ltr'>ὀδοῦ.</span> <span class='ocrx_word' id='word_1_12' title='bbox 1698 515 1862 570; x_wconf 88' lang='grc' dir='ltr'>Ὅθεν</span> 
     </span>
    </p>
   </div>
   <div class='ocr_carea' id='block_1_5' title="bbox 1978 509 3552 595">
    <p class='ocr_par' dir='ltr' id='par_1_5' title="bbox 1978 509 3552 583">
     <span class='ocr_line' id='line_1_5' title="bbox 1978 509 3552 583; baseline -0.001 -15"><span class='ocrx_word' id='word_1_13' title='bbox 1978 514 2117 569; x_wconf 79' lang='lat' dir='ltr'><strong>inﬁdi</strong></span> <span class='ocrx_word' id='word_1_14' title='bbox 2158 516 2390 570; x_wconf 76' lang='lat' dir='ltr'><strong>comites</strong></span> <span class='ocrx_word' id='word_1_15' title='bbox 2434 512 2632 579; x_wconf 79' lang='lat' dir='ltr'><strong>solent,</strong></span> <span class='ocrx_word' id='word_1_16' title='bbox 2692 512 2845 583; x_wconf 85' lang='lat' dir='ltr'><strong>ipsos</strong></span> <span class='ocrx_word' id='word_1_17' title='bbox 2898 511 2952 567; x_wconf 85' lang='lat' dir='ltr'><strong>in</strong></span> <span class='ocrx_word' id='word_1_18' title='bbox 3011 511 3186 568; x_wconf 86' lang='lat' dir='ltr'><strong>media</strong></span> <span class='ocrx_word' id='word_1_19' title='bbox 3216 509 3302 567; x_wconf 79' lang='lat' dir='ltr'><strong>via</strong></span> <span class='ocrx_word' id='word_1_20' title='bbox 3328 510 3552 569; x_wconf 85' lang='lat' dir='ltr'><strong>relictos</strong></span> 
     </span>
    </p>
   </div>
   <div class='ocr_carea' id='block_1_6' title="bbox 293 604 1875 688">
    <p class='ocr_par' dir='ltr' id='par_1_6' title="bbox 293 611 1862 688">
     <span class='ocr_line' id='line_1_6' title="bbox 293 611 1862 688; baseline -0.004 -17"><span class='ocrx_word' id='word_1_21' title='bbox 293 618 384 671; x_wconf 74' lang='grc' dir='ltr'>καὶ</span> <span class='ocrx_word' id='word_1_22' title='bbox 413 616 649 687; x_wconf 79' lang='grc' dir='ltr'>γράμμα</span> <span class='ocrx_word' id='word_1_23' title='bbox 680 616 925 688; x_wconf 78' lang='grc' dir='ltr'>χαράξας</span> <span class='ocrx_word' id='word_1_24' title='bbox 958 617 1038 687; x_wconf 80' lang='grc' dir='ltr'>τῷ</span> <span class='ocrx_word' id='word_1_25' title='bbox 1097 616 1307 685; x_wconf 79' lang='grc' dir='ltr'>βασιλεῖ</span> <span class='ocrx_word' id='word_1_26' title='bbox 1345 615 1615 686; x_wconf 74' lang='grc' dir='ltr'>ἐπεμψεν.</span> <span class='ocrx_word' id='word_1_27' title='bbox 1645 611 1773 683; x_wconf 73' lang='grc' dir='ltr'>Εἶχε</span> <span class='ocrx_word' id='word_1_28' title='bbox 1806 613 1862 665; x_wconf 77' lang='grc' dir='ltr'>δὲ</span> 
     </span>
    </p>
   </div>
   <div class='ocr_carea' id='block_1_7' title="bbox 1978 604 3548 688">
    <p class='ocr_par' dir='ltr' id='par_1_7' title="bbox 1978 604 3548 676">
     <span class='ocr_line' id='line_1_7' title="bbox 1978 604 3548 676; baseline -0.002 -16"><span class='ocrx_word' id='word_1_29' title='bbox 1978 608 2262 661; x_wconf 79' lang='lat' dir='ltr'><strong>lesereret.</strong></span> <span class='ocrx_word' id='word_1_30' title='bbox 2318 604 2480 659; x_wconf 79' lang='lat' dir='ltr'><strong>Mittit</strong></span> <span class='ocrx_word' id='word_1_31' title='bbox 2526 606 2708 676; x_wconf 90' lang='lat' dir='ltr'><strong>itaque</strong></span> <span class='ocrx_word' id='word_1_32' title='bbox 2741 607 2949 661; x_wconf 73' lang='lat' dir='ltr'><strong>litteras</strong></span> <span class='ocrx_word' id='word_1_33' title='bbox 2997 605 3065 661; x_wconf 74' lang='lat' dir='ltr'><strong>ad</strong></span> <span class='ocrx_word' id='word_1_34' title='bbox 3144 606 3548 673; x_wconf 74' lang='lat' dir='ltr'><strong>imperatorem,</strong></span> 
     </span>
    </p>
   </div>
   <div class='ocr_carea' id='block_1_8' title="bbox 293 695 1875 783">
    <p class='ocr_par' dir='ltr' id='par_1_8' title="bbox 293 706 1865 783">
     <span class='ocr_line' id='line_1_8' title="bbox 293 706 1865 783; baseline -0.002 -18"><span class='ocrx_word' id='word_1_35' title='bbox 293 706 411 765; x_wconf 84' lang='grc' dir='ltr'>ὧδε·</span> <span class='ocrx_word' id='word_1_36' title='bbox 448 727 468 763; x_wconf 82' lang='grc' dir='ltr'><strong>ι</strong></span> <span class='ocrx_word' id='word_1_37' title='bbox 499 709 589 783; x_wconf 80' lang='grc' dir='ltr'><strong>[Ρ.</strong></span> <span class='ocrx_word' id='word_1_38' title='bbox 622 709 717 783; x_wconf 68' lang='grc'><strong>92]</strong></span> <span class='ocrx_word' id='word_1_39' title='bbox 751 712 813 765; x_wconf 77' lang='grc' dir='ltr'><strong>Εἰ</strong></span> <span class='ocrx_word' id='word_1_40' title='bbox 844 711 944 779; x_wconf 70' lang='grc' dir='ltr'>μὲν</span> <span class='ocrx_word' id='word_1_41' title='bbox 994 710 1185 781; x_wconf 76' lang='grc' dir='ltr'>μηδεὶς</span> <span class='ocrx_word' id='word_1_42' title='bbox 1223 710 1304 765; x_wconf 72' lang='grc' dir='ltr'>ἔτι</span> <span class='ocrx_word' id='word_1_43' title='bbox 1356 711 1454 764; x_wconf 76' lang='grc' dir='ltr'><strong>ἐπὶ</strong></span> <span class='ocrx_word' id='word_1_44' title='bbox 1485 712 1583 780; x_wconf 81' lang='grc' dir='ltr'>τῆς</span> <span class='ocrx_word' id='word_1_45' title='bbox 1630 709 1865 771; x_wconf 86' lang='grc' dir='ltr'>Ἰταλίας</span> 
     </span>
    </p>
   </div>
   <div class='ocr_carea' id='block_1_9' title="bbox 1978 695 3548 783">
    <p class='ocr_par' dir='ltr' id='par_1_9' title="bbox 1978 695 3548 769">
     <span class='ocr_line' id='line_1_9' title="bbox 1978 695 3548 769; baseline -0.003 -17"><span class='ocrx_word' id='word_1_46' title='bbox 1978 713 2193 767; x_wconf 55' lang='lat' dir='ltr'><strong>tuarum</strong></span> <span class='ocrx_word' id='word_1_47' title='bbox 2244 699 2346 753; x_wconf 90' lang='lat' dir='ltr'><strong>boc</strong></span> <span class='ocrx_word' id='word_1_48' title='bbox 2380 696 2483 754; x_wconf 87' lang='lat' dir='ltr'><strong>fuit</strong></span> <span class='ocrx_word' id='word_1_49' title='bbox 2529 709 2953 769; x_wconf 76' lang='lat' dir='ltr'><strong>argumentum:</strong></span> <span class='ocrx_word' id='word_1_50' title='bbox 2991 716 3011 751; x_wconf 77' lang='grc' dir='ltr'><strong>ι</strong></span> <span class='ocrx_word' id='word_1_51' title='bbox 3061 696 3119 752; x_wconf 90' lang='lat' dir='ltr'><strong>Si</strong></span> <span class='ocrx_word' id='word_1_52' title='bbox 3171 696 3377 751; x_wconf 87' lang='lat' dir='ltr'><strong>nullum</strong></span> <span class='ocrx_word' id='word_1_53' title='bbox 3404 695 3548 751; x_wconf 87' lang='lat' dir='ltr'><strong>aliud</strong></span> 
     </span>
    </p>
   </div>
   <div class='ocr_carea' id='block_1_10' title="bbox 294 801 1864 874">
    <p class='ocr_par' dir='ltr' id='par_1_10' title="bbox 294 801 1864 874">
     <span class='ocr_line' id='line_1_10' title="bbox 294 801 1864 874; baseline 0.001 -20"><span class='ocrx_word' id='word_1_54' title='bbox 294 801 521 872; x_wconf 83' lang='grc' dir='ltr'>πόλεμος</span> <span class='ocrx_word' id='word_1_55' title='bbox 579 802 715 873; x_wconf 72' lang='grc' dir='ltr'>ἡμῖν</span> <span class='ocrx_word' id='word_1_56' title='bbox 775 803 1053 870; x_wconf 77' lang='grc' dir='ltr'>ιλείπετο,</span> <span class='ocrx_word' id='word_1_57' title='bbox 1118 804 1379 873; x_wconf 88' lang='grc' dir='ltr'>κράτιστε</span> <span class='ocrx_word' id='word_1_58' title='bbox 1423 801 1690 874; x_wconf 82' lang='grc' dir='ltr'>βασιλεῦ,</span> <span class='ocrx_word' id='word_1_59' title='bbox 1738 802 1864 857; x_wconf 78' lang='grc' dir='ltr'>οὔτε</span> 
     </span>
    </p>
   </div>
   <div class='ocr_carea' id='block_1_11' title="bbox 296 893 1863 967">
    <p class='ocr_par' dir='ltr' id='par_1_11' title="bbox 296 893 1863 967">
     <span class='ocr_line' id='line_1_11' title="bbox 296 893 1863 967; baseline 0.003 -22"><span class='ocrx_word' id='word_1_60' title='bbox 296 894 547 963; x_wconf 79' lang='grc' dir='ltr'>στρατιᾶς</span> <span class='ocrx_word' id='word_1_61' title='bbox 582 893 751 963; x_wconf 75' lang='grc' dir='ltr'>ἄλλης</span> <span class='ocrx_word' id='word_1_62' title='bbox 786 895 1013 967; x_wconf 73' lang='grc' dir='ltr'>ἐδέησεν</span> <span class='ocrx_word' id='word_1_63' title='bbox 1045 897 1112 949; x_wconf 89' lang='grc' dir='ltr'><strong>ἂν</strong></span> <span class='ocrx_word' id='word_1_64' title='bbox 1142 893 1266 950; x_wconf 82' lang='grc' dir='ltr'>οὔτε</span> <span class='ocrx_word' id='word_1_65' title='bbox 1287 895 1398 950; x_wconf 84' lang='grc' dir='ltr'><strong>τῶν</strong></span> <span class='ocrx_word' id='word_1_66' title='bbox 1421 896 1600 950; x_wconf 77' lang='grc' dir='ltr'>ἄλλοιν</span> <span class='ocrx_word' id='word_1_67' title='bbox 1626 896 1863 958; x_wconf 84' lang='grc' dir='ltr'>οὐδενός.</span> 
     </span>
    </p>
   </div>
   <div class='ocr_carea' id='block_1_12' title="bbox 297 984 1870 1061">
    <p class='ocr_par' dir='ltr' id='par_1_12' title="bbox 297 984 1870 1061">
     <span class='ocr_line' id='line_1_12' title="bbox 297 984 1870 1061; baseline 0.003 -24"><span class='ocrx_word' id='word_1_68' title='bbox 297 984 471 1039; x_wconf 84' lang='grc' dir='ltr'>Πάντα</span> <span class='ocrx_word' id='word_1_69' title='bbox 493 986 603 1056; x_wconf 82' lang='grc' dir='ltr'><strong>γάρ</strong></span> <span class='ocrx_word' id='word_1_70' title='bbox 630 987 690 1049; x_wconf 66' lang='grc' dir='ltr'>ἐς</span> <span class='ocrx_word' id='word_1_71' title='bbox 726 987 886 1059; x_wconf 80' lang='grc' dir='ltr'>τήνδε</span> <span class='ocrx_word' id='word_1_72' title='bbox 923 989 1023 1058; x_wconf 78' lang='grc' dir='ltr'>τὴν</span> <span class='ocrx_word' id='word_1_73' title='bbox 1050 989 1268 1061; x_wconf 74' lang='grc' dir='ltr'>ἡμέραν</span> <span class='ocrx_word' id='word_1_74' title='bbox 1295 989 1437 1043; x_wconf 87' lang='grc' dir='ltr'>κατά</span> <span class='ocrx_word' id='word_1_75' title='bbox 1465 989 1591 1044; x_wconf 80' lang='grc' dir='ltr'>νοῦν</span> <span class='ocrx_word' id='word_1_76' title='bbox 1619 1006 1870 1061; x_wconf 84' lang='grc' dir='ltr'>κεχωρη-</span> 
     </span>
    </p>
   </div>
   <div class='ocr_carea' id='block_1_13' title="bbox 296 1073 1869 1150">
    <p class='ocr_par' dir='ltr' id='par_1_13' title="bbox 296 1073 1869 1150">
     <span class='ocr_line' id='line_1_13' title="bbox 296 1073 1869 1150; baseline 0.005 -24"><span class='ocrx_word' id='word_1_77' title='bbox 296 1073 439 1127; x_wconf 68' lang='grc' dir='ltr'>κέναι</span> <span class='ocrx_word' id='word_1_78' title='bbox 467 1076 599 1143; x_wconf 75' lang='grc' dir='ltr'>ἡμῖν</span> <span class='ocrx_word' id='word_1_79' title='bbox 630 1075 763 1141; x_wconf 77' lang='grc' dir='ltr'>ἴσθι,</span> <span class='ocrx_word' id='word_1_80' title='bbox 792 1078 950 1142; x_wconf 84' lang='grc' dir='ltr'>πόλις</span> <span class='ocrx_word' id='word_1_81' title='bbox 977 1095 1039 1131; x_wconf 86' lang='grc' dir='ltr'><strong>τε</strong></span> <span class='ocrx_word' id='word_1_82' title='bbox 1094 1079 1282 1150; x_wconf 76' lang='grc' dir='ltr'>σχεδὸν</span> <span class='ocrx_word' id='word_1_83' title='bbox 1313 1081 1554 1147; x_wconf 80' lang='grc' dir='ltr'>ἁπάσας,</span> <span class='ocrx_word' id='word_1_84' title='bbox 1585 1083 1784 1136; x_wconf 79' lang='grc' dir='ltr'><strong>ὁπόσαι</strong></span> <span class='ocrx_word' id='word_1_85' title='bbox 1810 1085 1869 1135; x_wconf 82' lang='grc' dir='ltr'><strong>ὲν</strong></span> 
     </span>
    </p>
   </div>
   <div class='ocr_carea' id='block_1_14' title="bbox 306 1158 1868 1245">
    <p class='ocr_par' dir='ltr' id='par_1_14' title="bbox 306 1158 1868 1245">
     <span class='ocr_line' id='line_1_14' title="bbox 306 1158 1868 1245; baseline 0.008 -28"><span class='ocrx_word' id='word_1_86' title='bbox 306 1158 502 1235; x_wconf 75' lang='grc' dir='ltr'>Ἰταλίᾳ</span> <span class='ocrx_word' id='word_1_87' title='bbox 520 1166 887 1237; x_wconf 74' lang='grc' dir='ltr'><strong>τυγχάνουσιν</strong></span> <span class='ocrx_word' id='word_1_88' title='bbox 908 1164 1066 1224; x_wconf 81' lang='grc' dir='ltr'>οὖσαι</span> <span class='ocrx_word' id='word_1_89' title='bbox 1094 1171 1187 1223; x_wconf 82' lang='grc' dir='ltr'><strong>καὶ</strong></span> <span class='ocrx_word' id='word_1_90' title='bbox 1222 1170 1410 1240; x_wconf 86' lang='grc' dir='ltr'>κόλπῳ</span> <span class='ocrx_word' id='word_1_91' title='bbox 1437 1173 1516 1244; x_wconf 84' lang='grc' dir='ltr'>τῷ</span> <span class='ocrx_word' id='word_1_92' title='bbox 1553 1173 1740 1245; x_wconf 79' lang='grc' dir='ltr'>Ἰονίῳ,</span> <span class='ocrx_word' id='word_1_93' title='bbox 1762 1190 1868 1230; x_wconf 84' lang='grc' dir='ltr'>πα·</span> 
     </span>
    </p>
   </div>
   <div class='ocr_carea' id='block_1_15' title="bbox 298 1258 1870 1339">
    <p class='ocr_par' dir='ltr' id='par_1_15' title="bbox 298 1258 1870 1339">
     <span class='ocr_line' id='line_1_15' title="bbox 298 1258 1870 1339; baseline 0.008 -30"><span class='ocrx_word' id='word_1_94' title='bbox 298 1258 729 1328; x_wconf 76' lang='grc' dir='ltr'>ραστησαμὲνοις</span> <span class='ocrx_word' id='word_1_95' title='bbox 763 1260 865 1331; x_wconf 73' lang='grc' dir='ltr'>ἤδη</span> <span class='ocrx_word' id='word_1_96' title='bbox 900 1261 996 1315; x_wconf 82' lang='grc' dir='ltr'>καὶ</span> <span class='ocrx_word' id='word_1_97' title='bbox 1024 1263 1163 1334; x_wconf 86' lang='grc' dir='ltr'>πρός</span> <span class='ocrx_word' id='word_1_98' title='bbox 1187 1280 1251 1332; x_wconf 80' lang='grc' dir='ltr'><strong>γε</strong></span> <span class='ocrx_word' id='word_1_99' title='bbox 1284 1262 1561 1335; x_wconf 79' lang='grc' dir='ltr'><strong>πολέμους</strong></span> <span class='ocrx_word' id='word_1_100' title='bbox 1590 1283 1870 1339; x_wconf 84' lang='grc' dir='ltr'>κεκρατη-</span> 
     </span>
    </p>
   </div>
   <div class='ocr_carea' id='block_1_16' title="bbox 296 1348 1871 1426">
    <p class='ocr_par' dir='ltr' id='par_1_16' title="bbox 296 1348 1871 1426">
     <span class='ocr_line' id='line_1_16' title="bbox 296 1348 1871 1426; baseline 0.008 -25"><span class='ocrx_word' id='word_1_101' title='bbox 296 1348 409 1401; x_wconf 86' lang='grc' dir='ltr'>κόσι</span> <span class='ocrx_word' id='word_1_102' title='bbox 443 1351 720 1419; x_wconf 77' lang='grc' dir='ltr'>μεγάλους</span> <span class='ocrx_word' id='word_1_103' title='bbox 768 1352 1049 1424; x_wconf 81' lang='grc' dir='ltr'>βασιλείας</span> <span class='ocrx_word' id='word_1_104' title='bbox 1076 1372 1139 1410; x_wconf 81' lang='grc' dir='ltr'><strong>τε</strong></span> <span class='ocrx_word' id='word_1_105' title='bbox 1192 1356 1292 1425; x_wconf 84' lang='grc' dir='ltr'>τῆς</span> <span class='ocrx_word' id='word_1_106' title='bbox 1323 1357 1426 1426; x_wconf 86' lang='grc' dir='ltr'>σῆς</span> <span class='ocrx_word' id='word_1_107' title='bbox 1468 1357 1563 1411; x_wconf 81' lang='grc' dir='ltr'><strong>καὶ</strong></span> <span class='ocrx_word' id='word_1_108' title='bbox 1592 1358 1688 1412; x_wconf 81' lang='grc' dir='ltr'>τοῦ</span> <span class='ocrx_word' id='word_1_109' title='bbox 1732 1360 1871 1414; x_wconf 80' lang='grc' dir='ltr'><strong>Ῥω-</strong></span> 
     </span>
    </p>
   </div>
   <div class='ocr_carea' id='block_1_17' title="bbox 1966 789 3554 860">
    <p class='ocr_par' dir='ltr' id='par_1_17' title="bbox 1966 789 3554 860">
     <span class='ocr_line' id='line_1_17' title="bbox 1966 789 3554 860; baseline -0.002 -15"><span class='ocrx_word' id='word_1_110' title='bbox 1966 792 2019 845; x_wconf 92' lang='lat' dir='ltr'><strong>in</strong></span> <span class='ocrx_word' id='word_1_111' title='bbox 2057 791 2210 846; x_wconf 76' lang='lat' dir='ltr'><strong>Italia</strong></span> <span class='ocrx_word' id='word_1_112' title='bbox 2242 790 2737 860; x_wconf 70' lang='lat' dir='ltr'><strong>nobissuperesset</strong></span> <span class='ocrx_word' id='word_1_113' title='bbox 2779 790 3001 854; x_wconf 87' lang='lat' dir='ltr'><strong>bellum,</strong></span> <span class='ocrx_word' id='word_1_114' title='bbox 3036 789 3272 844; x_wconf 82' lang='lat' dir='ltr'><strong>maxime</strong></span> <span class='ocrx_word' id='word_1_115' title='bbox 3309 789 3554 859; x_wconf 78' lang='lat' dir='ltr'><strong>impera-</strong></span> 
     </span>
    </p>
   </div>
   <div class='ocr_carea' id='block_1_18' title="bbox 1970 879 3553 952">
    <p class='ocr_par' dir='ltr' id='par_1_18' title="bbox 1970 879 3553 952">
     <span class='ocr_line' id='line_1_18' title="bbox 1970 879 3553 952; baseline -0.001 -17"><span class='ocrx_word' id='word_1_116' title='bbox 1970 891 2076 944; x_wconf 90' lang='lat' dir='ltr'><strong>tor,</strong></span> <span class='ocrx_word' id='word_1_117' title='bbox 2114 898 2288 952; x_wconf 86' lang='lat' dir='ltr'><strong>neque</strong></span> <span class='ocrx_word' id='word_1_118' title='bbox 2314 882 2558 938; x_wconf 81' lang='lat' dir='ltr'><strong>exercitu</strong></span> <span class='ocrx_word' id='word_1_119' title='bbox 2589 882 2701 937; x_wconf 88' lang='lat' dir='ltr'><strong>alio</strong></span> <span class='ocrx_word' id='word_1_120' title='bbox 2733 896 2915 951; x_wconf 82' lang='lat' dir='ltr'><strong>neque</strong></span> <span class='ocrx_word' id='word_1_121' title='bbox 2943 891 3263 937; x_wconf 64' lang='lat' dir='ltr'><strong>caeterarnm</strong></span> <span class='ocrx_word' id='word_1_122' title='bbox 3310 879 3553 936; x_wconf 87' lang='lat' dir='ltr'><strong>subsidio</strong></span> 
     </span>
    </p>
   </div>
   <div class='ocr_carea' id='block_1_19' title="bbox 1970 973 3554 1045">
    <p class='ocr_par' dir='ltr' id='par_1_19' title="bbox 1970 973 3554 1045">
     <span class='ocr_line' id='line_1_19' title="bbox 1970 973 3554 1045; baseline -0.002 -16"><span class='ocrx_word' id='word_1_123' title='bbox 1970 989 2151 1029; x_wconf 89' lang='lat' dir='ltr'><strong>rerum</strong></span> <span class='ocrx_word' id='word_1_124' title='bbox 2179 981 2313 1045; x_wconf 87' lang='lat' dir='ltr'><strong>opus</strong></span> <span class='ocrx_word' id='word_1_125' title='bbox 2342 974 2503 1030; x_wconf 89' lang='lat' dir='ltr'><strong>foret.</strong></span> <span class='ocrx_word' id='word_1_126' title='bbox 2535 973 2733 1030; x_wconf 84' lang='lat' dir='ltr'><strong>Omnia</strong></span> <span class='ocrx_word' id='word_1_127' title='bbox 2759 975 2905 1031; x_wconf 90' lang='lat' dir='ltr'><strong>enim</strong></span> <span class='ocrx_word' id='word_1_128' title='bbox 2928 974 2985 1030; x_wconf 88' lang='lat' dir='ltr'><strong>in</strong></span> <span class='ocrx_word' id='word_1_129' title='bbox 3016 973 3167 1030; x_wconf 86' lang='lat' dir='ltr'><strong>hunc</strong></span> <span class='ocrx_word' id='word_1_130' title='bbox 3197 988 3372 1043; x_wconf 86' lang='lat' dir='ltr'><strong>usque</strong></span> <span class='ocrx_word' id='word_1_131' title='bbox 3406 973 3554 1028; x_wconf 87' lang='lat' dir='ltr'><strong>diem</strong></span> 
     </span>
    </p>
   </div>
   <div class='ocr_carea' id='block_1_20' title="bbox 1968 1064 3552 1135">
    <p class='ocr_par' dir='ltr' id='par_1_20' title="bbox 1968 1064 3552 1135">
     <span class='ocr_line' id='line_1_20' title="bbox 1968 1064 3552 1135; baseline -0.001 -14"><span class='ocrx_word' id='word_1_132' title='bbox 1968 1082 2033 1121; x_wconf 77' lang='lat' dir='ltr'><strong>ex</strong></span> <span class='ocrx_word' id='word_1_133' title='bbox 2067 1077 2191 1121; x_wconf 87' lang='lat' dir='ltr'><strong>voto</strong></span> <span class='ocrx_word' id='word_1_134' title='bbox 2223 1067 2377 1124; x_wconf 89' lang='lat' dir='ltr'><strong>nobis</strong></span> <span class='ocrx_word' id='word_1_135' title='bbox 2401 1068 2739 1124; x_wconf 80' lang='lat' dir='ltr'><strong>successisse</strong></span> <span class='ocrx_word' id='word_1_136' title='bbox 2761 1068 2926 1135; x_wconf 82' lang='lat' dir='ltr'><strong>scias,</strong></span> <span class='ocrx_word' id='word_1_137' title='bbox 2953 1068 3118 1123; x_wconf 87' lang='lat' dir='ltr'><strong>urbes</strong></span> <span class='ocrx_word' id='word_1_138' title='bbox 3149 1064 3321 1122; x_wconf 89' lang='lat' dir='ltr'><strong>ferme</strong></span> <span class='ocrx_word' id='word_1_139' title='bbox 3337 1079 3552 1130; x_wconf 81' lang='lat' dir='ltr'><strong>omnes,</strong></span> 
     </span>
    </p>
   </div>
   <div class='ocr_carea' id='block_1_21' title="bbox 1968 1156 3552 1228">
    <p class='ocr_par' dir='ltr' id='par_1_21' title="bbox 1968 1156 3552 1228">
     <span class='ocr_line' id='line_1_21' title="bbox 1968 1156 3552 1228; baseline -0.003 -15"><span class='ocrx_word' id='word_1_140' title='bbox 1968 1168 2233 1228; x_wconf 84' lang='lat' dir='ltr'><strong>quotquot</strong></span> <span class='ocrx_word' id='word_1_141' title='bbox 2278 1170 2400 1214; x_wconf 89' lang='lat' dir='ltr'><strong>sunt</strong></span> <span class='ocrx_word' id='word_1_142' title='bbox 2435 1160 2487 1214; x_wconf 91' lang='lat' dir='ltr'><strong>in</strong></span> <span class='ocrx_word' id='word_1_143' title='bbox 2522 1159 2675 1218; x_wconf 79' lang='lat' dir='ltr'><strong>Italia</strong></span> <span class='ocrx_word' id='word_1_144' title='bbox 2708 1168 2764 1215; x_wconf 87' lang='lat' dir='ltr'><strong>et</strong></span> <span class='ocrx_word' id='word_1_145' title='bbox 2819 1160 2887 1215; x_wconf 89' lang='lat' dir='ltr'><strong>ad</strong></span> <span class='ocrx_word' id='word_1_146' title='bbox 2910 1160 3089 1215; x_wconf 86' lang='lat' dir='ltr'><strong>sinum</strong></span> <span class='ocrx_word' id='word_1_147' title='bbox 3117 1172 3287 1228; x_wconf 86' lang='lat' dir='ltr'><strong>usque</strong></span> <span class='ocrx_word' id='word_1_148' title='bbox 3320 1156 3552 1222; x_wconf 83' lang='lat' dir='ltr'><strong>Ionium,</strong></span> 
     </span>
    </p>
   </div>
   <div class='ocr_carea' id='block_1_22' title="bbox 1972 1249 3555 1321">
    <p class='ocr_par' dir='ltr' id='par_1_22' title="bbox 1972 1249 3555 1321">
     <span class='ocr_line' id='line_1_22' title="bbox 1972 1249 3555 1321; baseline -0.002 -17"><span class='ocrx_word' id='word_1_149' title='bbox 1972 1250 2027 1304; x_wconf 88' lang='lat' dir='ltr'><strong>in</strong></span> <span class='ocrx_word' id='word_1_150' title='bbox 2062 1252 2320 1306; x_wconf 82' lang='lat' dir='ltr'><strong>ditionem</strong></span> <span class='ocrx_word' id='word_1_151' title='bbox 2358 1266 2453 1305; x_wconf 82' lang='lat' dir='ltr'><strong>nos</strong></span> <span class='ocrx_word' id='word_1_152' title='bbox 2478 1251 2775 1320; x_wconf 81' lang='lat' dir='ltr'><strong>accepisse,</strong></span> <span class='ocrx_word' id='word_1_153' title='bbox 2833 1265 3138 1321; x_wconf 85' lang='lat' dir='ltr'><strong>magnaque</strong></span> <span class='ocrx_word' id='word_1_154' title='bbox 3158 1249 3296 1305; x_wconf 86' lang='lat' dir='ltr'><strong>bella</strong></span> <span class='ocrx_word' id='word_1_155' title='bbox 3332 1249 3400 1304; x_wconf 86' lang='lat' dir='ltr'><strong>ad</strong></span> <span class='ocrx_word' id='word_1_156' title='bbox 3433 1265 3555 1303; x_wconf 89' lang='lat' dir='ltr'><strong>ma-</strong></span> 
     </span>
    </p>
   </div>
   <div class='ocr_carea' id='block_1_23' title="bbox 1966 1342 3552 1415">
    <p class='ocr_par' dir='ltr' id='par_1_23' title="bbox 1966 1342 3552 1415">
     <span class='ocr_line' id='line_1_23' title="bbox 1966 1342 3552 1415; baseline 0 -18"><span class='ocrx_word' id='word_1_157' title='bbox 1966 1342 2181 1410; x_wconf 79' lang='lat' dir='ltr'><strong>iestatis</strong></span> <span class='ocrx_word' id='word_1_158' title='bbox 2206 1354 2307 1398; x_wconf 67' lang='lat' dir='ltr'><strong>tute</strong></span> <span class='ocrx_word' id='word_1_159' title='bbox 2352 1342 2834 1415; x_wconf 80' lang='lat' dir='ltr'><strong>Romanorumque</strong></span> <span class='ocrx_word' id='word_1_160' title='bbox 2859 1344 3085 1414; x_wconf 75' lang='lat' dir='ltr'><strong>gloriam</strong></span> <span class='ocrx_word' id='word_1_161' title='bbox 3110 1359 3206 1399; x_wconf 91' lang='lat' dir='ltr'><strong>nos</strong></span> <span class='ocrx_word' id='word_1_162' title='bbox 3227 1342 3552 1398; x_wconf 85' lang='lat' dir='ltr'><strong>confecisse.</strong></span> 
     </span>
    </p>
   </div>
   <div class='ocr_carea' id='block_1_24' title="bbox 298 1424 1875 1517">
    <p class='ocr_par' dir='ltr' id='par_1_24' title="bbox 298 1424 1870 1517">
     <span class='ocr_line' id='line_1_24' title="bbox 298 1424 1870 1517; baseline 0.01 -31"><span class='ocrx_word' id='word_1_163' title='bbox 298 1433 467 1503; x_wconf 86' lang='grc' dir='ltr'>μαίων</span> <span class='ocrx_word' id='word_1_164' title='bbox 500 1437 747 1504; x_wconf 79' lang='grc' dir='ltr'><strong>ἐπαξίως</strong></span> <span class='ocrx_word' id='word_1_165' title='bbox 763 1439 979 1509; x_wconf 81' lang='grc' dir='ltr'><strong>γένους.</strong></span> <span class='ocrx_word' id='word_1_166' title='bbox 1017 1442 1173 1497; x_wconf 79' lang='grc' dir='ltr'>Ἐπεὶ</span> <span class='ocrx_word' id='word_1_167' title='bbox 1195 1424 1255 1496; x_wconf 69' lang='grc' dir='ltr'>δὲ</span> <span class='ocrx_word' id='word_1_168' title='bbox 1278 1424 1427 1513; x_wconf 76' lang='grc' dir='ltr'>ἀγών</span> <span class='ocrx_word' id='word_1_169' title='bbox 1452 1448 1582 1517; x_wconf 82' lang='grc' dir='ltr'>ἡμῖν</span> <span class='ocrx_word' id='word_1_170' title='bbox 1614 1450 1642 1500; x_wconf 86' lang='grc' dir='ltr'>ὁ</span> <span class='ocrx_word' id='word_1_171' title='bbox 1664 1441 1870 1516; x_wconf 74' lang='grc' dir='ltr'>μείζων</span> 
     </span>
    </p>
   </div>
   <div class='ocr_carea' id='block_1_25' title="bbox 1978 1424 3555 1517">
    <p class='ocr_par' dir='ltr' id='par_1_25' title="bbox 1978 1424 3555 1508">
     <span class='ocr_line' id='line_1_25' title="bbox 1978 1424 3555 1508; baseline -0.001 -18"><span class='ocrx_word' id='word_1_172' title='bbox 1978 1435 2082 1490; x_wconf 83' lang='lat' dir='ltr'><strong>Sed</strong></span> <span class='ocrx_word' id='word_1_173' title='bbox 2130 1451 2252 1489; x_wconf 91' lang='lat' dir='ltr'><strong>cum</strong></span> <span class='ocrx_word' id='word_1_174' title='bbox 2312 1436 2470 1506; x_wconf 87' lang='lat' dir='ltr'><strong>longe</strong></span> <span class='ocrx_word' id='word_1_175' title='bbox 2517 1437 2738 1508; x_wconf 80' lang='lat' dir='ltr'><strong>gravius</strong></span> <span class='ocrx_word' id='word_1_176' title='bbox 2792 1436 2949 1491; x_wconf 90' lang='lat' dir='ltr'><strong>nobis</strong></span> <span class='ocrx_word' id='word_1_177' title='bbox 2971 1436 3252 1491; x_wconf 88' lang='lat' dir='ltr'><strong>immineat</strong></span> <span class='ocrx_word' id='word_1_178' title='bbox 3277 1424 3555 1491; x_wconf 74' lang='lat' dir='ltr'><strong>certamen</strong></span> 
     </span>
    </p>
   </div>
   <div class='ocr_carea' id='block_1_26' title="bbox 295 1525 1875 1611">
    <p class='ocr_par' dir='ltr' id='par_1_26' title="bbox 295 1526 1873 1611">
     <span class='ocr_line' id='line_1_26' title="bbox 295 1526 1873 1611; baseline 0.01 -32"><span class='ocrx_word' id='word_1_179' title='bbox 295 1526 631 1599; x_wconf 78' lang='grc' dir='ltr'>ἐπίπροσθεν</span> <span class='ocrx_word' id='word_1_180' title='bbox 680 1531 762 1585; x_wconf 81' lang='grc' dir='ltr'>ἔτι</span> <span class='ocrx_word' id='word_1_181' title='bbox 808 1535 989 1588; x_wconf 80' lang='grc' dir='ltr'>κεῖται</span> <span class='ocrx_word' id='word_1_182' title='bbox 1037 1535 1362 1606; x_wconf 84' lang='grc' dir='ltr'>(Γιλίελμος</span> <span class='ocrx_word' id='word_1_183' title='bbox 1398 1538 1505 1611; x_wconf 79' lang='grc' dir='ltr'><strong>γὰρ</strong></span> <span class='ocrx_word' id='word_1_184' title='bbox 1550 1542 1578 1593; x_wconf 87' lang='grc' dir='ltr'><strong>ό</strong></span> <span class='ocrx_word' id='word_1_185' title='bbox 1620 1540 1873 1595; x_wconf 83' lang='grc' dir='ltr'>Σικελίαν</span> 
     </span>
    </p>
   </div>
   <div class='ocr_carea' id='block_1_27' title="bbox 1978 1525 3558 1611">
    <p class='ocr_par' dir='ltr' id='par_1_27' title="bbox 1978 1525 3558 1597">
     <span class='ocr_line' id='line_1_27' title="bbox 1978 1525 3558 1597; baseline -0.001 -17"><span class='ocrx_word' id='word_1_186' title='bbox 1978 1525 2299 1597; x_wconf 88' lang='lat' dir='ltr'><strong>(Gulielmus</strong></span> <span class='ocrx_word' id='word_1_187' title='bbox 2333 1527 2533 1597; x_wconf 86' lang='lat' dir='ltr'><strong>quippe</strong></span> <span class='ocrx_word' id='word_1_188' title='bbox 2580 1526 2781 1595; x_wconf 67' lang='lat' dir='ltr'><strong>Sicilia:</strong></span> <span class='ocrx_word' id='word_1_189' title='bbox 2809 1528 2991 1597; x_wconf 29' lang='lat' dir='ltr'><strong>praedo</strong></span> <span class='ocrx_word' id='word_1_190' title='bbox 3020 1528 3088 1584; x_wconf 88' lang='lat' dir='ltr'><strong>ob</strong></span> <span class='ocrx_word' id='word_1_191' title='bbox 3126 1542 3347 1583; x_wconf 78' lang='lat' dir='ltr'><strong>suorum</strong></span> <span class='ocrx_word' id='word_1_192' title='bbox 3377 1526 3558 1596; x_wconf 82' lang='lat' dir='ltr'><strong>jactu-</strong></span> 
     </span>
    </p>
   </div>
   <div class='ocr_carea' id='block_1_28' title="bbox 294 1618 1875 1700">
    <p class='ocr_par' dir='ltr' id='par_1_28' title="bbox 294 1618 1872 1700">
     <span class='ocr_line' id='line_1_28' title="bbox 294 1618 1872 1700; baseline 0.011 -31"><span class='ocrx_word' id='word_1_193' title='bbox 294 1618 593 1689; x_wconf 73' lang='grc' dir='ltr'><strong>λῃστεύων,</strong></span> <span class='ocrx_word' id='word_1_194' title='bbox 630 1621 919 1692; x_wconf 78' lang='grc' dir='ltr'><strong>ἀσχάλλων</strong></span> <span class='ocrx_word' id='word_1_195' title='bbox 968 1628 1045 1689; x_wconf 81' lang='grc' dir='ltr'><strong>ὡς</strong></span> <span class='ocrx_word' id='word_1_196' title='bbox 1092 1626 1241 1691; x_wconf 79' lang='grc' dir='ltr'>εἰκὸς</span> <span class='ocrx_word' id='word_1_197' title='bbox 1267 1629 1360 1682; x_wconf 73' lang='grc' dir='ltr'>ἐπὶ</span> <span class='ocrx_word' id='word_1_198' title='bbox 1391 1632 1457 1700; x_wconf 78' lang='grc' dir='ltr'>τῇ</span> <span class='ocrx_word' id='word_1_199' title='bbox 1493 1630 1603 1684; x_wconf 87' lang='grc' dir='ltr'>τῶν</span> <span class='ocrx_word' id='word_1_200' title='bbox 1654 1633 1872 1686; x_wconf 85' lang='grc' dir='ltr'>οίκείων</span> 
     </span>
    </p>
   </div>
   <div class='ocr_carea' id='block_1_29' title="bbox 1978 1618 3562 1700">
    <p class='ocr_par' dir='ltr' id='par_1_29' title="bbox 1978 1618 3562 1691">
     <span class='ocr_line' id='line_1_29' title="bbox 1978 1618 3562 1691; baseline -0.001 -18"><span class='ocrx_word' id='word_1_201' title='bbox 1978 1633 2091 1673; x_wconf 91' lang='lat' dir='ltr'><strong>ram</strong></span> <span class='ocrx_word' id='word_1_202' title='bbox 2146 1619 2299 1673; x_wconf 12' lang='lat' dir='ltr'><strong>haud.</strong></span> <span class='ocrx_word' id='word_1_203' title='bbox 2341 1618 2506 1674; x_wconf 87' lang='lat' dir='ltr'><strong>dubie</strong></span> <span class='ocrx_word' id='word_1_204' title='bbox 2559 1619 2904 1691; x_wconf 87' lang='lat' dir='ltr'><strong>indignatus,</strong></span> <span class='ocrx_word' id='word_1_205' title='bbox 2977 1620 3277 1674; x_wconf 83' lang='lat' dir='ltr'><strong>contractis</strong></span> <span class='ocrx_word' id='word_1_206' title='bbox 3321 1618 3562 1686; x_wconf 86' lang='lat' dir='ltr'><strong>undique</strong></span> 
     </span>
    </p>
   </div>
   <div class='ocr_carea' id='block_1_30' title="bbox 293 1707 1875 1795">
    <p class='ocr_par' dir='ltr' id='par_1_30' title="bbox 293 1708 1873 1795">
     <span class='ocr_line' id='line_1_30' title="bbox 293 1708 1873 1795; baseline 0.011 -34"><span class='ocrx_word' id='word_1_207' title='bbox 293 1708 563 1781; x_wconf 76' lang='grc' dir='ltr'>ἀπωλείᾳ,</span> <span class='ocrx_word' id='word_1_208' title='bbox 594 1712 853 1785; x_wconf 84' lang='grc' dir='ltr'>δυνάμεις</span> <span class='ocrx_word' id='word_1_209' title='bbox 908 1718 1285 1791; x_wconf 80' lang='grc' dir='ltr'><strong>ἁπανταχόθεν</strong></span> <span class='ocrx_word' id='word_1_210' title='bbox 1313 1723 1525 1795; x_wconf 80' lang='grc' dir='ltr'><strong>ἀγείρει</strong></span> <span class='ocrx_word' id='word_1_211' title='bbox 1556 1726 1653 1778; x_wconf 78' lang='grc' dir='ltr'><strong>καὶ</strong></span> <span class='ocrx_word' id='word_1_212' title='bbox 1688 1727 1873 1780; x_wconf 90' lang='grc' dir='ltr'>στόλον</span> 
     </span>
    </p>
   </div>
   <div class='ocr_carea' id='block_1_31' title="bbox 1978 1707 3561 1795">
    <p class='ocr_par' dir='ltr' id='par_1_31' title="bbox 1978 1707 3561 1778">
     <span class='ocr_line' id='line_1_31' title="bbox 1978 1707 3561 1778; baseline 0.001 -15"><span class='ocrx_word' id='word_1_213' title='bbox 1978 1708 2153 1778; x_wconf 90' lang='lat' dir='ltr'><strong>copiis</strong></span> <span class='ocrx_word' id='word_1_214' title='bbox 2195 1708 2481 1778; x_wconf 88' lang='lat' dir='ltr'><strong>classeque</strong></span> <span class='ocrx_word' id='word_1_215' title='bbox 2520 1708 2698 1763; x_wconf 87' lang='lat' dir='ltr'><strong>valida</strong></span> <span class='ocrx_word' id='word_1_216' title='bbox 2759 1709 2810 1764; x_wconf 87' lang='lat' dir='ltr'><strong>in</strong></span> <span class='ocrx_word' id='word_1_217' title='bbox 2844 1724 2994 1765; x_wconf 88' lang='lat' dir='ltr'><strong>mare</strong></span> <span class='ocrx_word' id='word_1_218' title='bbox 3042 1708 3305 1775; x_wconf 89' lang='lat' dir='ltr'><strong>immissa,</strong></span> <span class='ocrx_word' id='word_1_219' title='bbox 3332 1716 3387 1762; x_wconf 87' lang='lat' dir='ltr'><strong>et</strong></span> <span class='ocrx_word' id='word_1_220' title='bbox 3419 1707 3561 1764; x_wconf 83' lang='lat' dir='ltr'><strong>mari</strong></span> 
     </span>
    </p>
   </div>
   <div class='ocr_carea' id='block_1_32' title="bbox 293 1788 1875 1887">
    <p class='ocr_par' dir='ltr' id='par_1_32' title="bbox 293 1788 1875 1887">
     <span class='ocr_line' id='line_1_32' title="bbox 293 1788 1875 1887; baseline 0.015 -34"><span class='ocrx_word' id='word_1_221' title='bbox 293 1802 423 1857; x_wconf 78' lang='grc' dir='ltr'>νεῶν</span> <span class='ocrx_word' id='word_1_222' title='bbox 450 1803 529 1867; x_wconf 82' lang='grc' dir='ltr'>ὡς</span> <span class='ocrx_word' id='word_1_223' title='bbox 569 1806 836 1862; x_wconf 81' lang='grc' dir='ltr'>πλείστων</span> <span class='ocrx_word' id='word_1_224' title='bbox 877 1810 971 1864; x_wconf 76' lang='grc' dir='ltr'><strong>ἐπὶ</strong></span> <span class='ocrx_word' id='word_1_225' title='bbox 1033 1788 1311 1868; x_wconf 83' lang='grc' dir='ltr'>θάλασσαν</span> <span class='ocrx_word' id='word_1_226' title='bbox 1505 1814 1875 1887; x_wconf 75' lang='grc' dir='ltr'>κατεσπακώς</span> 
     </span>
    </p>
   </div>
   <div class='ocr_carea' id='block_1_33' title="bbox 1978 1788 3561 1887">
    <p class='ocr_par' dir='ltr' id='par_1_33' title="bbox 1978 1788 3561 1873">
     <span class='ocr_line' id='line_1_33' title="bbox 1978 1788 3561 1873; baseline 0 -18"><span class='ocrx_word' id='word_1_227' title='bbox 1978 1812 2032 1855; x_wconf 90' lang='lat' dir='ltr'><strong>et</strong></span> <span class='ocrx_word' id='word_1_228' title='bbox 2054 1809 2337 1856; x_wconf 75' lang='lat' dir='ltr'><strong>terranos</strong></span> <span class='ocrx_word' id='word_1_229' title='bbox 2361 1801 2576 1871; x_wconf 81' lang='lat' dir='ltr'><strong>aggredi</strong></span> <span class='ocrx_word' id='word_1_230' title='bbox 2601 1799 2941 1873; x_wconf 74' lang='lat' dir='ltr'><strong>meditatur),</strong></span> <span class='ocrx_word' id='word_1_231' title='bbox 2994 1816 3099 1856; x_wconf 90' lang='lat' dir='ltr'><strong>nou</strong></span> <span class='ocrx_word' id='word_1_232' title='bbox 3133 1788 3561 1857; x_wconf 79' lang='lat' dir='ltr'><strong>contemnendus</strong></span> 
     </span>
    </p>
   </div>
   <div class='ocr_carea' id='block_1_34' title="bbox 295 1864 1875 1979">
    <p class='ocr_par' dir='ltr' id='par_1_34' title="bbox 295 1864 1875 1979">
     <span class='ocr_line' id='line_1_34' title="bbox 295 1864 1875 1979; baseline 0.015 -35"><span class='ocrx_word' id='word_1_233' title='bbox 295 1892 424 1962; x_wconf 77' lang='grc' dir='ltr'>ἔχει,</span> <span class='ocrx_word' id='word_1_234' title='bbox 468 1894 547 1958; x_wconf 88' lang='grc' dir='ltr'>ὠς</span> <span class='ocrx_word' id='word_1_235' title='bbox 574 1897 639 1950; x_wconf 79' lang='grc' dir='ltr'>ὲκ</span> <span class='ocrx_word' id='word_1_236' title='bbox 664 1898 767 1968; x_wconf 84' lang='grc' dir='ltr'>γῆς</span> <span class='ocrx_word' id='word_1_237' title='bbox 796 1900 928 1971; x_wconf 79' lang='grc' dir='ltr'>ἡμῖν</span> <span class='ocrx_word' id='word_1_238' title='bbox 963 1904 1056 1956; x_wconf 84' lang='grc' dir='ltr'>καὶ</span> <span class='ocrx_word' id='word_1_239' title='bbox 1091 1864 1710 1979; x_wconf 53' lang='grc' dir='ltr'>θαλάσσης⁸ἐπιτίθοιτο</span> <span class='ocrx_word' id='word_1_240' title='bbox 1735 1864 1875 1969; x_wconf 52' lang='grc' dir='ltr'>κατά</span> 
     </span>
    </p>
   </div>
   <div class='ocr_carea' id='block_1_35' title="bbox 1978 1864 3565 1979">
    <p class='ocr_par' dir='ltr' id='par_1_35' title="bbox 1982 1864 3565 1963">
     <span class='ocr_line' id='line_1_35' title="bbox 1982 1864 3565 1963; baseline 0.001 -14"><span class='ocrx_word' id='word_1_241' title='bbox 1982 1891 2233 1949; x_wconf 87' lang='lat' dir='ltr'><strong>estnobis</strong></span> <span class='ocrx_word' id='word_1_242' title='bbox 2265 1893 2369 1948; x_wconf 90' lang='lat' dir='ltr'><strong>iste</strong></span> <span class='ocrx_word' id='word_1_243' title='bbox 2395 1893 2632 1948; x_wconf 88' lang='lat' dir='ltr'><strong>insulani</strong></span> <span class='ocrx_word' id='word_1_244' title='bbox 2659 1864 2972 1963; x_wconf 75' lang='lat' dir='ltr'><strong>apparatus,</strong></span> <span class='ocrx_word' id='word_1_245' title='bbox 3025 1908 3200 1963; x_wconf 88' lang='lat' dir='ltr'><strong>neque</strong></span> <span class='ocrx_word' id='word_1_246' title='bbox 3236 1893 3432 1950; x_wconf 89' lang='lat' dir='ltr'><strong>bellum</strong></span> <span class='ocrx_word' id='word_1_247' title='bbox 3456 1895 3565 1950; x_wconf 86' lang='lat' dir='ltr'><strong>hoc</strong></span> 
     </span>
    </p>
   </div>
   <div class='ocr_carea' id='block_1_36' title="bbox 293 1983 1875 2078">
    <p class='ocr_par' dir='ltr' id='par_1_36' title="bbox 293 1983 1875 2078">
     <span class='ocr_line' id='line_1_36' title="bbox 293 1983 1875 2078; baseline 0.014 -40"><span class='ocrx_word' id='word_1_248' title='bbox 293 1983 414 2039; x_wconf 80' lang='grc' dir='ltr'>νοῦν</span> <span class='ocrx_word' id='word_1_249' title='bbox 446 1986 830 2062; x_wconf 77' lang='grc' dir='ltr'>ποιούμενος),</span> <span class='ocrx_word' id='word_1_250' title='bbox 884 1994 947 2048; x_wconf 79' lang='grc' dir='ltr'>οὐ</span> <span class='ocrx_word' id='word_1_251' title='bbox 976 1996 1083 2067; x_wconf 77' lang='grc' dir='ltr'>χρὴ</span> <span class='ocrx_word' id='word_1_252' title='bbox 1145 2000 1276 2068; x_wconf 71' lang='grc' dir='ltr'>περὶ</span> <span class='ocrx_word' id='word_1_253' title='bbox 1328 2000 1628 2069; x_wconf 75' lang='grc' dir='ltr'>ἐλάσσονος</span> <span class='ocrx_word' id='word_1_254' title='bbox 1668 2004 1875 2078; x_wconf 84' lang='grc' dir='ltr'>ταύτην</span> 
     </span>
    </p>
   </div>
   <div class='ocr_carea' id='block_1_37' title="bbox 1978 1983 3566 2078">
    <p class='ocr_par' dir='ltr' id='par_1_37' title="bbox 1980 1984 3566 2073">
     <span class='ocr_line' id='line_1_37' title="bbox 1980 1984 3566 2073; baseline -0.001 -34"><span class='ocrx_word' id='word_1_255' title='bbox 1980 1984 2194 2055; x_wconf 80' lang='lat' dir='ltr'><strong>segnius</strong></span> <span class='ocrx_word' id='word_1_256' title='bbox 2220 1986 2539 2055; x_wconf 85' lang='lat' dir='ltr'><strong>gerendum,</strong></span> <span class='ocrx_word' id='word_1_257' title='bbox 2588 2000 2657 2041; x_wconf 89' lang='lat' dir='ltr'><strong>ne</strong></span> <span class='ocrx_word' id='word_1_258' title='bbox 2692 1995 2846 2054; x_wconf 88' lang='lat' dir='ltr'><strong>parta</strong></span> <span class='ocrx_word' id='word_1_259' title='bbox 2868 2002 2896 2039; x_wconf 90' lang='lat' dir='ltr'><strong>a</strong></span> <span class='ocrx_word' id='word_1_260' title='bbox 2927 1985 3082 2042; x_wconf 90' lang='lat' dir='ltr'><strong>nobis</strong></span> <span class='ocrx_word' id='word_1_261' title='bbox 3108 1987 3160 2041; x_wconf 91' lang='lat' dir='ltr'><strong>in</strong></span> <span class='ocrx_word' id='word_1_262' title='bbox 3189 2001 3425 2056; x_wconf 64' lang='lat' dir='ltr'><strong>praesens</strong></span> <span class='ocrx_word' id='word_1_263' title='bbox 3451 1985 3566 2073; x_wconf 77' lang='lat' dir='ltr'><strong>glo-</strong></span> 
     </span>
    </p>
   </div>
   <div class='ocr_carea' id='block_1_38' title="bbox 296 2078 1878 2171">
    <p class='ocr_par' dir='ltr' id='par_1_38' title="bbox 296 2078 1878 2171">
     <span class='ocr_line' id='line_1_38' title="bbox 296 2078 1878 2171; baseline 0.018 -43"><span class='ocrx_word' id='word_1_264' title='bbox 296 2078 437 2171; x_wconf 69' lang='grc' dir='ltr'>ἡμᾶς</span> <span class='ocrx_word' id='word_1_265' title='bbox 482 2082 758 2136; x_wconf 77' lang='grc' dir='ltr'>ποιεῖσθαι</span> <span class='ocrx_word' id='word_1_266' title='bbox 794 2084 893 2156; x_wconf 78' lang='grc' dir='ltr'>τὴν</span> <span class='ocrx_word' id='word_1_267' title='bbox 915 2088 1010 2140; x_wconf 80' lang='grc' dir='ltr'>τοῦ</span> <span class='ocrx_word' id='word_1_268' title='bbox 1043 2090 1315 2160; x_wconf 75' lang='grc' dir='ltr'>νησιώτου</span> <span class='ocrx_word' id='word_1_269' title='bbox 1365 2097 1727 2171; x_wconf 75' lang='grc' dir='ltr'>παρασκευὴν</span> <span class='ocrx_word' id='word_1_270' title='bbox 1754 2101 1878 2156; x_wconf 81' lang='grc' dir='ltr'>οὐδὲ</span> 
     </span>
    </p>
   </div>
   <div class='ocr_carea' id='block_1_39' title="bbox 295 2170 1877 2259">
    <p class='ocr_par' dir='ltr' id='par_1_39' title="bbox 295 2170 1877 2259">
     <span class='ocr_line' id='line_1_39' title="bbox 295 2170 1877 2259; baseline 0.015 -38"><span class='ocrx_word' id='word_1_271' title='bbox 295 2170 590 2241; x_wconf 76' lang='grc' dir='ltr'><strong>παρέργως</strong></span> <span class='ocrx_word' id='word_1_272' title='bbox 631 2174 868 2245; x_wconf 84' lang='grc' dir='ltr'>πόλεμον</span> <span class='ocrx_word' id='word_1_273' title='bbox 902 2179 1053 2232; x_wconf 84' lang='grc' dir='ltr'>τόνδε</span> <span class='ocrx_word' id='word_1_274' title='bbox 1093 2180 1412 2254; x_wconf 72' lang='grc' dir='ltr'>διαφέρειν,</span> <span class='ocrx_word' id='word_1_275' title='bbox 1466 2170 1689 2259; x_wconf 75' lang='grc' dir='ltr'>μήποτε</span> <span class='ocrx_word' id='word_1_276' title='bbox 1720 2190 1877 2257; x_wconf 80' lang='grc' dir='ltr'>κλέος</span> 
     </span>
    </p>
   </div>
   <div class='ocr_carea' id='block_1_40' title="bbox 294 2262 1875 2354">
    <p class='ocr_par' dir='ltr' id='par_1_40' title="bbox 294 2262 1875 2354">
     <span class='ocr_line' id='line_1_40' title="bbox 294 2262 1875 2354; baseline 0.017 -41"><span class='ocrx_word' id='word_1_277' title='bbox 294 2262 423 2332; x_wconf 70' lang='grc' dir='ltr'>ἡμῖν</span> <span class='ocrx_word' id='word_1_278' title='bbox 450 2264 515 2317; x_wconf 74' lang='grc' dir='ltr'>τὸ</span> <span class='ocrx_word' id='word_1_279' title='bbox 549 2269 722 2339; x_wconf 73' lang='grc' dir='ltr'>παρὸν</span> <span class='ocrx_word' id='word_1_280' title='bbox 752 2269 807 2333; x_wconf 76' lang='grc' dir='ltr'>ἐς</span> <span class='ocrx_word' id='word_1_281' title='bbox 838 2269 1040 2335; x_wconf 79' lang='grc' dir='ltr'>ὄνειδος</span> <span class='ocrx_word' id='word_1_282' title='bbox 1071 2275 1270 2344; x_wconf 78' lang='grc' dir='ltr'>μᾶλλον</span> <span class='ocrx_word' id='word_1_283' title='bbox 1287 2279 1759 2352; x_wconf 83' lang='grc' dir='ltr'>ἀποκριθήσεσθαι</span> <span class='ocrx_word' id='word_1_284' title='bbox 1781 2282 1875 2354; x_wconf 63' lang='lat' dir='ltr'><strong>7i-</strong></span> 
     </span>
    </p>
   </div>
   <div class='ocr_carea' id='block_1_41' title="bbox 288 2356 1876 2442">
    <p class='ocr_par' dir='ltr' id='par_1_41' title="bbox 288 2356 1876 2442">
     <span class='ocr_line' id='line_1_41' title="bbox 288 2356 1876 2442; baseline 0.018 -39"><span class='ocrx_word' id='word_1_285' title='bbox 288 2368 459 2441; x_wconf 56' lang='grc' dir='ltr'>γοιτο.</span> <span class='ocrx_word' id='word_1_286' title='bbox 496 2356 568 2410; x_wconf 88' lang='grc' dir='ltr'>Τὸ</span> <span class='ocrx_word' id='word_1_287' title='bbox 602 2358 711 2427; x_wconf 70' lang='grc' dir='ltr'>γὰρ</span> <span class='ocrx_word' id='word_1_288' title='bbox 759 2362 855 2413; x_wconf 80' lang='grc' dir='ltr'>σὺν</span> <span class='ocrx_word' id='word_1_289' title='bbox 890 2367 1109 2433; x_wconf 81' lang='grc' dir='ltr'>μικροῖς</span> <span class='ocrx_word' id='word_1_290' title='bbox 1133 2368 1200 2421; x_wconf 78' lang='grc' dir='ltr'><strong>τά</strong></span> <span class='ocrx_word' id='word_1_291' title='bbox 1236 2370 1450 2439; x_wconf 83' lang='grc' dir='ltr'>μεγάλα</span> <span class='ocrx_word' id='word_1_292' title='bbox 1493 2376 1746 2442; x_wconf 76' lang='grc' dir='ltr'><strong>μετιέναι</strong></span> <span class='ocrx_word' id='word_1_293' title='bbox 1774 2393 1876 2432; x_wconf 85' lang='grc' dir='ltr'><strong>κα-</strong></span> 
     </span>
    </p>
   </div>
   <div class='ocr_carea' id='block_1_42' title="bbox 291 2446 1876 2538">
    <p class='ocr_par' dir='ltr' id='par_1_42' title="bbox 291 2446 1876 2538">
     <span class='ocr_line' id='line_1_42' title="bbox 291 2446 1876 2538; baseline 0.02 -42"><span class='ocrx_word' id='word_1_294' title='bbox 291 2446 658 2538; x_wconf 75' lang='grc' dir='ltr'>τορθούμενον</span> <span class='ocrx_word' id='word_1_295' title='bbox 688 2451 786 2520; x_wconf 84' lang='grc' dir='ltr'>μὲν</span> <span class='ocrx_word' id='word_1_296' title='bbox 820 2453 987 2509; x_wconf 85' lang='grc' dir='ltr'>πλείω</span> <span class='ocrx_word' id='word_1_297' title='bbox 1018 2457 1112 2510; x_wconf 83' lang='grc' dir='ltr'>τοῦ</span> <span class='ocrx_word' id='word_1_298' title='bbox 1147 2461 1245 2513; x_wconf 81' lang='grc' dir='ltr'>σὺν</span> <span class='ocrx_word' id='word_1_299' title='bbox 1275 2464 1558 2532; x_wconf 80' lang='grc' dir='ltr'>μεγίστοις</span> <span class='ocrx_word' id='word_1_300' title='bbox 1589 2470 1876 2538; x_wconf 77' lang='grc' dir='ltr'>χαρίζεται</span> 
     </span>
    </p>
   </div>
   <div class='ocr_carea' id='block_1_43' title="bbox 291 2533 1878 2627">
    <p class='ocr_par' dir='ltr' id='par_1_43' title="bbox 291 2533 1878 2627">
     <span class='ocr_line' id='line_1_43' title="bbox 291 2533 1878 2627; baseline 0.018 -41"><span class='ocrx_word' id='word_1_301' title='bbox 291 2533 472 2627; x_wconf 73' lang='grc' dir='ltr'>δόξαν,</span> <span class='ocrx_word' id='word_1_302' title='bbox 507 2538 959 2614; x_wconf 81' lang='grc' dir='ltr'>ἁμαρτανόμενον</span> <span class='ocrx_word' id='word_1_303' title='bbox 986 2545 1044 2599; x_wconf 86' lang='grc' dir='ltr'>δὲ</span> <span class='ocrx_word' id='word_1_304' title='bbox 1082 2548 1481 2606; x_wconf 81' lang='grc' dir='ltr'>πολλαπλάσιον</span> <span class='ocrx_word' id='word_1_305' title='bbox 1514 2533 1780 2627; x_wconf 76' lang='grc' dir='ltr'>ἐπάγεται</span> <span class='ocrx_word' id='word_1_306' title='bbox 1812 2561 1878 2615; x_wconf 74' lang='grc' dir='ltr'>τὸ</span> 
     </span>
    </p>
   </div>
   <div class='ocr_carea' id='block_1_44' title="bbox 292 2621 1876 2719">
    <p class='ocr_par' dir='ltr' id='par_1_44' title="bbox 292 2621 1876 2719">
     <span class='ocr_line' id='line_1_44' title="bbox 292 2621 1876 2719; baseline 0.016 -39"><span class='ocrx_word' id='word_1_307' title='bbox 292 2621 507 2697; x_wconf 77' lang='grc' dir='ltr'>αἶσχος,</span> <span class='ocrx_word' id='word_1_308' title='bbox 543 2628 640 2684; x_wconf 83' lang='grc' dir='ltr'>ἆτε</span> <span class='ocrx_word' id='word_1_309' title='bbox 675 2632 809 2699; x_wconf 84' lang='grc' dir='ltr'>πρὸς</span> <span class='ocrx_word' id='word_1_310' title='bbox 838 2636 903 2703; x_wconf 84' lang='grc' dir='ltr'>τῇ</span> <span class='ocrx_word' id='word_1_311' title='bbox 931 2636 1072 2709; x_wconf 76' lang='grc' dir='ltr'>ἥττῃ</span> <span class='ocrx_word' id='word_1_312' title='bbox 1100 2638 1193 2693; x_wconf 76' lang='grc' dir='ltr'><strong>καὶ</strong></span> <span class='ocrx_word' id='word_1_313' title='bbox 1224 2641 1465 2710; x_wconf 83' lang='grc' dir='ltr'><strong>ἀμαθίαν</strong></span> <span class='ocrx_word' id='word_1_314' title='bbox 1488 2621 1876 2719; x_wconf 79' lang='grc' dir='ltr'>στρατηγικῶν</span> 
     </span>
    </p>
   </div>
   <div class='ocr_carea' id='block_1_45' title="bbox 289 2719 1875 2816">
    <p class='ocr_par' dir='ltr' id='par_1_45' title="bbox 289 2719 1875 2816">
     <span class='ocr_line' id='line_1_45' title="bbox 289 2719 1875 2816; baseline 0.017 -42"><span class='ocrx_word' id='word_1_315' title='bbox 289 2719 606 2816; x_wconf 22' lang='grc' dir='ltr'>ιπιῃτρῖεον-</span> <span class='ocrx_word' id='word_1_316' title='bbox 640 2727 753 2816; x_wconf 78' lang='grc' dir='ltr'>τοῖς</span> <span class='ocrx_word' id='word_1_317' title='bbox 820 2730 1134 2797; x_wconf 83' lang='grc' dir='ltr'>πταίσασιν,</span> <span class='ocrx_word' id='word_1_318' title='bbox 1188 2732 1264 2799; x_wconf 84' lang='grc' dir='ltr'>ὥς</span> <span class='ocrx_word' id='word_1_319' title='bbox 1308 2752 1372 2807; x_wconf 82' lang='grc' dir='ltr'><strong>γε</strong></span> <span class='ocrx_word' id='word_1_320' title='bbox 1431 2739 1693 2806; x_wconf 84' lang='grc' dir='ltr'>πολλάκις</span> <span class='ocrx_word' id='word_1_321' title='bbox 1726 2746 1875 2816; x_wconf 72' lang='grc' dir='ltr'>ἡμᾶς</span> 
     </span>
    </p>
   </div>
   <div class='ocr_carea' id='block_1_46' title="bbox 291 2811 1873 2909">
    <p class='ocr_par' dir='ltr' id='par_1_46' title="bbox 291 2811 1873 2909">
     <span class='ocr_line' id='line_1_46' title="bbox 291 2811 1873 2909; baseline 0.02 -46"><span class='ocrx_word' id='word_1_322' title='bbox 291 2811 500 2909; x_wconf 66' lang='grc' dir='ltr'>κράτος</span> <span class='ocrx_word' id='word_1_323' title='bbox 526 2813 734 2909; x_wconf 71' lang='grc' dir='ltr'>ἐδίδαξε</span> <span class='ocrx_word' id='word_1_324' title='bbox 764 2816 826 2870; x_wconf 81' lang='grc' dir='ltr'>τὸ</span> <span class='ocrx_word' id='word_1_325' title='bbox 858 2820 970 2875; x_wconf 81' lang='grc' dir='ltr'>σόν.</span> <span class='ocrx_word' id='word_1_326' title='bbox 1023 2822 1110 2887; x_wconf 85' lang='grc' dir='ltr'>Ὠς</span> <span class='ocrx_word' id='word_1_327' title='bbox 1139 2824 1318 2880; x_wconf 85' lang='grc' dir='ltr'>τοίνυν</span> <span class='ocrx_word' id='word_1_328' title='bbox 1377 2831 1650 2902; x_wconf 80' lang='grc' dir='ltr'>μηδέποτε</span> <span class='ocrx_word' id='word_1_329' title='bbox 1704 2811 1873 2909; x_wconf 75' lang='grc' dir='ltr'>μηδὲν</span> 
     </span>
    </p>
   </div>
   <div class='ocr_carea' id='block_1_47' title="bbox 289 2900 1874 2998">
    <p class='ocr_par' dir='ltr' id='par_1_47' title="bbox 289 2900 1874 2998">
     <span class='ocr_line' id='line_1_47' title="bbox 289 2900 1874 2998; baseline 0.02 -46"><span class='ocrx_word' id='word_1_330' title='bbox 289 2900 611 2998; x_wconf 34' lang='grc' dir='ltr'>ὲκῌτούτων</span> <span class='ocrx_word' id='word_1_331' title='bbox 646 2906 778 2976; x_wconf 80' lang='grc' dir='ltr'>ἡμῖν</span> <span class='ocrx_word' id='word_1_332' title='bbox 803 2909 1114 2985; x_wconf 73' lang='grc' dir='ltr'>ἀπαντήσῃ,</span> <span class='ocrx_word' id='word_1_333' title='bbox 1148 2915 1230 2971; x_wconf 77' lang='grc' dir='ltr'>δεῖ</span> <span class='ocrx_word' id='word_1_334' title='bbox 1258 2919 1320 2988; x_wconf 81' lang='grc' dir='ltr'>δὴ</span> <span class='ocrx_word' id='word_1_335' title='bbox 1353 2900 1598 2988; x_wconf 81' lang='grc' dir='ltr'>πλείονος</span> <span class='ocrx_word' id='word_1_336' title='bbox 1624 2900 1874 2998; x_wconf 43' lang='grc' dir='ltr'><strong>ἡμίν-ὲν-</strong></span> 
     </span>
    </p>
   </div>
   <div class='ocr_carea' id='block_1_48' title="bbox 289 2993 1874 3089">
    <p class='ocr_par' dir='ltr' id='par_1_48' title="bbox 289 2993 1874 3089">
     <span class='ocr_line' id='line_1_48' title="bbox 289 2993 1874 3089; baseline 0.022 -43"><span class='ocrx_word' id='word_1_337' title='bbox 289 2993 471 3050; x_wconf 81' lang='grc' dir='ltr'>ταῦθα</span> <span class='ocrx_word' id='word_1_338' title='bbox 504 3000 762 3053; x_wconf 76' lang='grc' dir='ltr'>ναυτικοῦ</span> <span class='ocrx_word' id='word_1_339' title='bbox 807 3020 867 3057; x_wconf 88' lang='grc' dir='ltr'><strong>τε</strong></span> <span class='ocrx_word' id='word_1_340' title='bbox 927 3007 1023 3061; x_wconf 74' lang='grc' dir='ltr'>καὶ</span> <span class='ocrx_word' id='word_1_341' title='bbox 1065 3009 1374 3080; x_wconf 71' lang='grc' dir='ltr'>ήπειρώτου</span> <span class='ocrx_word' id='word_1_342' title='bbox 1432 2993 1684 3089; x_wconf 27' lang='grc' dir='ltr'>στρατούν.</span> <span class='ocrx_word' id='word_1_343' title='bbox 1723 3042 1742 3075; x_wconf 77' lang='grc' dir='ltr'><strong>ι</strong></span> <span class='ocrx_word' id='word_1_344' title='bbox 1792 3025 1874 3080; x_wconf 83' lang='grc' dir='ltr'>Τά</span> 
     </span>
    </p>
   </div>
   <div class='ocr_carea' id='block_1_49' title="bbox 294 3084 1871 3185">
    <p class='ocr_par' dir='ltr' id='par_1_49' title="bbox 294 3084 1871 3185">
     <span class='ocr_line' id='line_1_49' title="bbox 294 3084 1871 3185; baseline 0.022 -49"><span class='ocrx_word' id='word_1_345' title='bbox 411 3085 493 3185; x_wconf 41' lang='grc' dir='ltr'><strong>’δὴ</strong></span> <span class='ocrx_word' id='word_1_346' title='bbox 519 3088 827 3185; x_wconf 78' lang='grc' dir='ltr'>γράμματα</span> <span class='ocrx_word' id='word_1_347' title='bbox 858 3096 915 3148; x_wconf 80' lang='grc' dir='ltr'>ἐν</span> <span class='ocrx_word' id='word_1_348' title='bbox 944 3094 1154 3163; x_wconf 84' lang='grc' dir='ltr'>τούτοις</span> <span class='ocrx_word' id='word_1_349' title='bbox 1181 3096 1320 3172; x_wconf 75' lang='grc' dir='ltr'>ἦσαν</span> <span class='ocrx_word' id='word_1_350' title='bbox 1348 3118 1369 3134; x_wconf 73' lang='grc'><strong>⁸</strong></span> <span class='ocrx_word' id='word_1_351' title='bbox 1403 3107 1429 3159; x_wconf 87' lang='grc' dir='ltr'><strong>δ</strong></span> <span class='ocrx_word' id='word_1_352' title='bbox 1458 3084 1517 3162; x_wconf 62' lang='lat' dir='ltr'><strong>et</strong></span> <span class='ocrx_word' id='word_1_353' title='bbox 1564 3109 1751 3185; x_wconf 78' lang='grc' dir='ltr'>ἐπειδὴ</span> <span class='ocrx_word' id='word_1_354' title='bbox 1802 3116 1871 3171; x_wconf 79' lang='grc' dir='ltr'><strong>τά</strong></span> 
     </span>
    </p>
   </div>
   <div class='ocr_carea' id='block_1_50' title="bbox 1983 2073 3561 2149">
    <p class='ocr_par' dir='ltr' id='par_1_50' title="bbox 1983 2073 3561 2149">
     <span class='ocr_line' id='line_1_50' title="bbox 1983 2073 3561 2149; baseline 0.003 -22"><span class='ocrx_word' id='word_1_355' title='bbox 1983 2073 2059 2128; x_wconf 81' lang='lat' dir='ltr'><strong>ria</strong></span> <span class='ocrx_word' id='word_1_356' title='bbox 2085 2083 2329 2129; x_wconf 85' lang='lat' dir='ltr'><strong>vertatur</strong></span> <span class='ocrx_word' id='word_1_357' title='bbox 2387 2075 2439 2130; x_wconf 91' lang='lat' dir='ltr'><strong>in</strong></span> <span class='ocrx_word' id='word_1_358' title='bbox 2475 2077 2850 2146; x_wconf 81' lang='lat' dir='ltr'><strong>ignominiam.</strong></span> <span class='ocrx_word' id='word_1_359' title='bbox 2908 2075 2980 2133; x_wconf 87' lang='lat' dir='ltr'><strong>Ut</strong></span> <span class='ocrx_word' id='word_1_360' title='bbox 3012 2076 3160 2133; x_wconf 88' lang='lat' dir='ltr'><strong>enim</strong></span> <span class='ocrx_word' id='word_1_361' title='bbox 3205 2077 3293 2132; x_wconf 90' lang='lat' dir='ltr'><strong>ille</strong></span> <span class='ocrx_word' id='word_1_362' title='bbox 3318 2078 3561 2149; x_wconf 85' lang='lat' dir='ltr'><strong>quicum</strong></span> 
     </span>
    </p>
   </div>
   <div class='ocr_carea' id='block_1_51' title="bbox 1980 2162 3566 2243">
    <p class='ocr_par' dir='ltr' id='par_1_51' title="bbox 1980 2162 3566 2243">
     <span class='ocr_line' id='line_1_51' title="bbox 1980 2162 3566 2243; baseline 0.003 -23"><span class='ocrx_word' id='word_1_363' title='bbox 1980 2166 2159 2235; x_wconf 84' lang='lat' dir='ltr'><strong>parvis</strong></span> <span class='ocrx_word' id='word_1_364' title='bbox 2189 2166 2396 2224; x_wconf 88' lang='lat' dir='ltr'><strong>viribus</strong></span> <span class='ocrx_word' id='word_1_365' title='bbox 2430 2184 2517 2223; x_wconf 88' lang='lat' dir='ltr'><strong>res</strong></span> <span class='ocrx_word' id='word_1_366' title='bbox 2547 2183 2771 2239; x_wconf 68' lang='lat' dir='ltr'><strong>magnas</strong></span> <span class='ocrx_word' id='word_1_367' title='bbox 2807 2162 2969 2241; x_wconf 76' lang='lat'><strong>159</strong></span> <span class='ocrx_word' id='word_1_368' title='bbox 2993 2169 3327 2243; x_wconf 71' lang='lat' dir='ltr'><strong>aggreditur,</strong></span> <span class='ocrx_word' id='word_1_369' title='bbox 3363 2171 3411 2225; x_wconf 87' lang='lat' dir='ltr'><strong>si</strong></span> <span class='ocrx_word' id='word_1_370' title='bbox 3448 2174 3566 2225; x_wconf 80' lang='lat' dir='ltr'><strong>rem</strong></span> 
     </span>
    </p>
   </div>
   <div class='ocr_carea' id='block_1_52' title="bbox 1980 2260 3565 2335">
    <p class='ocr_par' dir='ltr' id='par_1_52' title="bbox 1980 2260 3565 2335">
     <span class='ocr_line' id='line_1_52' title="bbox 1980 2260 3565 2335; baseline 0.002 -22"><span class='ocrx_word' id='word_1_371' title='bbox 1980 2275 2237 2331; x_wconf 88' lang='lat' dir='ltr'><strong>prospere</strong></span> <span class='ocrx_word' id='word_1_372' title='bbox 2292 2260 2619 2326; x_wconf 72' lang='lat' dir='ltr'><strong>confecerit,</strong></span> <span class='ocrx_word' id='word_1_373' title='bbox 2644 2263 2904 2335; x_wconf 77' lang='lat' dir='ltr'><strong>majorem</strong></span> <span class='ocrx_word' id='word_1_374' title='bbox 2962 2280 3123 2334; x_wconf 88' lang='lat' dir='ltr'><strong>quam</strong></span> <span class='ocrx_word' id='word_1_375' title='bbox 3156 2264 3201 2319; x_wconf 89' lang='lat' dir='ltr'><strong>si</strong></span> <span class='ocrx_word' id='word_1_376' title='bbox 3237 2279 3359 2319; x_wconf 91' lang='lat' dir='ltr'><strong>cum</strong></span> <span class='ocrx_word' id='word_1_377' title='bbox 3388 2263 3565 2318; x_wconf 81' lang='lat' dir='ltr'><strong>maxi-</strong></span> 
     </span>
    </p>
   </div>
   <div class='ocr_carea' id='block_1_53' title="bbox 1979 2340 3562 2428">
    <p class='ocr_par' dir='ltr' id='par_1_53' title="bbox 1979 2340 3562 2428">
     <span class='ocr_line' id='line_1_53' title="bbox 1979 2340 3562 2428; baseline 0.001 -19"><span class='ocrx_word' id='word_1_378' title='bbox 1979 2355 2109 2420; x_wconf 87' lang='lat' dir='ltr'><strong>mis,</strong></span> <span class='ocrx_word' id='word_1_379' title='bbox 2173 2356 2402 2425; x_wconf 76' lang='lat' dir='ltr'><strong>gloriam</strong></span> <span class='ocrx_word' id='word_1_380' title='bbox 2468 2369 2749 2424; x_wconf 84' lang='lat' dir='ltr'><strong>comparat</strong></span> <span class='ocrx_word' id='word_1_381' title='bbox 2784 2375 2799 2411; x_wconf 87' lang='lat'><strong>:</strong></span> <span class='ocrx_word' id='word_1_382' title='bbox 2830 2358 2903 2411; x_wconf 90' lang='lat' dir='ltr'><strong>ita</strong></span> <span class='ocrx_word' id='word_1_383' title='bbox 2934 2364 3149 2423; x_wconf 82' lang='lat' dir='ltr'><strong>contra,</strong></span> <span class='ocrx_word' id='word_1_384' title='bbox 3193 2357 3236 2411; x_wconf 91' lang='lat' dir='ltr'><strong>si</strong></span> <span class='ocrx_word' id='word_1_385' title='bbox 3278 2340 3562 2428; x_wconf 84' lang='lat' dir='ltr'><strong>perperam</strong></span> 
     </span>
    </p>
   </div>
   <div class='ocr_carea' id='block_1_54' title="bbox 1978 2435 3566 2518">
    <p class='ocr_par' dir='ltr' id='par_1_54' title="bbox 1978 2435 3566 2518">
     <span class='ocr_line' id='line_1_54' title="bbox 1978 2435 3566 2518; baseline 0.001 -17"><span class='ocrx_word' id='word_1_386' title='bbox 1978 2461 2069 2503; x_wconf 86' lang='lat' dir='ltr'><strong>res</strong></span> <span class='ocrx_word' id='word_1_387' title='bbox 2121 2451 2370 2511; x_wconf 84' lang='lat' dir='ltr'><strong>cesserit,</strong></span> <span class='ocrx_word' id='word_1_388' title='bbox 2438 2446 2717 2517; x_wconf 77' lang='lat' dir='ltr'><strong>multiplex</strong></span> <span class='ocrx_word' id='word_1_389' title='bbox 2785 2448 2910 2504; x_wconf 90' lang='lat' dir='ltr'><strong>inde</strong></span> <span class='ocrx_word' id='word_1_390' title='bbox 2967 2449 3243 2504; x_wconf 88' lang='lat' dir='ltr'><strong>contrahit</strong></span> <span class='ocrx_word' id='word_1_391' title='bbox 3308 2435 3566 2518; x_wconf 67' lang='lat' dir='ltr'><strong>dedecus,</strong></span> 
     </span>
    </p>
   </div>
   <div class='ocr_carea' id='block_1_55' title="bbox 1978 2536 3564 2608">
    <p class='ocr_par' dir='ltr' id='par_1_55' title="bbox 1978 2536 3564 2608">
     <span class='ocr_line' id='line_1_55' title="bbox 1978 2536 3564 2608; baseline 0.002 -18"><span class='ocrx_word' id='word_1_392' title='bbox 1978 2550 2102 2605; x_wconf 81' lang='lat' dir='ltr'><strong>cum</strong></span> <span class='ocrx_word' id='word_1_393' title='bbox 2151 2548 2349 2605; x_wconf 82' lang='lat' dir='ltr'><strong>praeter</strong></span> <span class='ocrx_word' id='word_1_394' title='bbox 2415 2536 2588 2608; x_wconf 85' lang='lat' dir='ltr'><strong>ipsam</strong></span> <span class='ocrx_word' id='word_1_395' title='bbox 2639 2538 2846 2593; x_wconf 82' lang='lat' dir='ltr'><strong>cladem</strong></span> <span class='ocrx_word' id='word_1_396' title='bbox 2910 2539 2987 2595; x_wconf 90' lang='lat' dir='ltr'><strong>rei</strong></span> <span class='ocrx_word' id='word_1_397' title='bbox 3047 2540 3297 2597; x_wconf 90' lang='lat' dir='ltr'><strong>militaris</strong></span> <span class='ocrx_word' id='word_1_398' title='bbox 3352 2539 3564 2596; x_wconf 81' lang='lat' dir='ltr'><strong>inscitia</strong></span> 
     </span>
    </p>
   </div>
   <div class='ocr_carea' id='block_1_56' title="bbox 1978 2626 3559 2701">
    <p class='ocr_par' dir='ltr' id='par_1_56' title="bbox 1978 2626 3559 2701">
     <span class='ocr_line' id='line_1_56' title="bbox 1978 2626 3559 2701; baseline 0.001 -19"><span class='ocrx_word' id='word_1_399' title='bbox 1978 2627 2151 2682; x_wconf 82' lang='lat' dir='ltr'><strong>victos</strong></span> <span class='ocrx_word' id='word_1_400' title='bbox 2194 2626 2451 2684; x_wconf 82' lang='lat' dir='ltr'><strong>aﬂlictare</strong></span> <span class='ocrx_word' id='word_1_401' title='bbox 2515 2630 2707 2694; x_wconf 88' lang='lat' dir='ltr'><strong>soleat,</strong></span> <span class='ocrx_word' id='word_1_402' title='bbox 2756 2630 2831 2685; x_wconf 92' lang='lat' dir='ltr'><strong>uti</strong></span> <span class='ocrx_word' id='word_1_403' title='bbox 2891 2644 3267 2701; x_wconf 67' lang='lat' dir='ltr'><strong>saepenumero</strong></span> <span class='ocrx_word' id='word_1_404' title='bbox 3323 2641 3414 2687; x_wconf 87' lang='lat' dir='ltr'><strong>tua</strong></span> <span class='ocrx_word' id='word_1_405' title='bbox 3455 2647 3559 2687; x_wconf 88' lang='lat' dir='ltr'><strong>nos</strong></span> 
     </span>
    </p>
   </div>
   <div class='ocr_carea' id='block_1_57' title="bbox 1976 2718 3565 2793">
    <p class='ocr_par' dir='ltr' id='par_1_57' title="bbox 1976 2718 3565 2793">
     <span class='ocr_line' id='line_1_57' title="bbox 1976 2718 3565 2793; baseline 0 -17"><span class='ocrx_word' id='word_1_406' title='bbox 1976 2718 2159 2776; x_wconf 83' lang='lat' dir='ltr'><strong>docuit</strong></span> <span class='ocrx_word' id='word_1_407' title='bbox 2226 2720 2501 2789; x_wconf 73' lang='lat' dir='ltr'><strong>maiestas.</strong></span> <span class='ocrx_word' id='word_1_408' title='bbox 2562 2721 2762 2778; x_wconf 87' lang='lat' dir='ltr'><strong>Horum</strong></span> <span class='ocrx_word' id='word_1_409' title='bbox 2824 2722 2989 2793; x_wconf 84' lang='lat' dir='ltr'><strong>igitur</strong></span> <span class='ocrx_word' id='word_1_410' title='bbox 3049 2737 3117 2779; x_wconf 84' lang='lat' dir='ltr'><strong>ne</strong></span> <span class='ocrx_word' id='word_1_411' title='bbox 3147 2724 3274 2792; x_wconf 87' lang='lat' dir='ltr'><strong>quid</strong></span> <span class='ocrx_word' id='word_1_412' title='bbox 3326 2740 3565 2793; x_wconf 85' lang='lat' dir='ltr'><strong>unquam</strong></span> 
     </span>
    </p>
   </div>
   <div class='ocr_carea' id='block_1_58' title="bbox 1977 2810 3575 2885">
    <p class='ocr_par' dir='ltr' id='par_1_58' title="bbox 1977 2810 3575 2885">
     <span class='ocr_line' id='line_1_58' title="bbox 1977 2810 3575 2885; baseline 0.005 -21"><span class='ocrx_word' id='word_1_413' title='bbox 1977 2810 2137 2866; x_wconf 90' lang='lat' dir='ltr'><strong>nobis</strong></span> <span class='ocrx_word' id='word_1_414' title='bbox 2196 2812 2505 2880; x_wconf 78' lang='lat' dir='ltr'><strong>usuveniat,</strong></span> <span class='ocrx_word' id='word_1_415' title='bbox 2565 2813 2861 2885; x_wconf 78' lang='lat' dir='ltr'><strong>majoribus</strong></span> <span class='ocrx_word' id='word_1_416' title='bbox 2885 2815 3041 2870; x_wconf 91' lang='lat' dir='ltr'><strong>nobis</strong></span> <span class='ocrx_word' id='word_1_417' title='bbox 3094 2827 3150 2869; x_wconf 90' lang='lat' dir='ltr'><strong>ct</strong></span> <span class='ocrx_word' id='word_1_418' title='bbox 3199 2816 3485 2871; x_wconf 87' lang='lat' dir='ltr'><strong>maritimis</strong></span> <span class='ocrx_word' id='word_1_419' title='bbox 3514 2814 3575 2872; x_wconf 80' lang='lat' dir='ltr'><strong>et</strong></span> 
     </span>
    </p>
   </div>
   <div class='ocr_carea' id='block_1_59' title="bbox 1981 2903 3605 2975">
    <p class='ocr_par' dir='ltr' id='par_1_59' title="bbox 1981 2903 3605 2975">
     <span class='ocr_line' id='line_1_59' title="bbox 1981 2903 3605 2975; baseline 0.002 -18"><span class='ocrx_word' id='word_1_420' title='bbox 1981 2903 2335 2959; x_wconf 85' lang='lat' dir='ltr'><strong>terrestribus</strong></span> <span class='ocrx_word' id='word_1_421' title='bbox 2401 2903 2575 2975; x_wconf 87' lang='lat' dir='ltr'><strong>cepiis</strong></span> <span class='ocrx_word' id='word_1_422' title='bbox 2632 2921 2769 2975; x_wconf 90' lang='lat' dir='ltr'><strong>opus</strong></span> <span class='ocrx_word' id='word_1_423' title='bbox 2825 2917 2929 2962; x_wconf 90' lang='lat' dir='ltr'><strong>est.</strong></span> <span class='ocrx_word' id='word_1_424' title='bbox 2979 2926 2997 2959; x_wconf 78' lang='grc' dir='ltr'><strong>ι</strong></span> <span class='ocrx_word' id='word_1_425' title='bbox 3040 2906 3163 2962; x_wconf 67' lang='lat' dir='ltr'><strong>Haec</strong></span> <span class='ocrx_word' id='word_1_426' title='bbox 3218 2906 3331 2964; x_wconf 91' lang='lat' dir='ltr'><strong>ille.</strong></span> <span class='ocrx_word' id='word_1_427' title='bbox 3386 2906 3605 2962; x_wconf 82' lang='lat' dir='ltr'><strong>Rebus-</strong></span> 
     </span>
    </p>
   </div>
   <div class='ocr_carea' id='block_1_60' title="bbox 1976 2984 3589 3072">
    <p class='ocr_par' dir='ltr' id='par_1_60' title="bbox 1976 2984 3589 3072">
     <span class='ocr_line' id='line_1_60' title="bbox 1976 2984 3589 3072; baseline 0.005 -21"><span class='ocrx_word' id='word_1_428' title='bbox 1976 2996 2242 3065; x_wconf 79' lang='lat' dir='ltr'><strong>Monopoli</strong></span> <span class='ocrx_word' id='word_1_429' title='bbox 2275 2997 2558 3066; x_wconf 87' lang='lat' dir='ltr'><strong>ordinatis,</strong></span> <span class='ocrx_word' id='word_1_430' title='bbox 2593 3013 2713 3054; x_wconf 91' lang='lat' dir='ltr'><strong>cum</strong></span> <span class='ocrx_word' id='word_1_431' title='bbox 2748 2998 2996 3059; x_wconf 89' lang='lat' dir='ltr'><strong>omnibus</strong></span> <span class='ocrx_word' id='word_1_432' title='bbox 3021 3001 3145 3057; x_wconf 90' lang='lat' dir='ltr'><strong>inde</strong></span> <span class='ocrx_word' id='word_1_433' title='bbox 3175 3004 3345 3072; x_wconf 81' lang='lat' dir='ltr'><strong>repiis</strong></span> <span class='ocrx_word' id='word_1_434' title='bbox 3376 2984 3589 3059; x_wconf 2' lang='lat' dir='ltr'><strong>exces-U</strong></span> 
     </span>
    </p>
   </div>
   <div class='ocr_carea' id='block_1_61' title="bbox 1975 3093 3562 3169">
    <p class='ocr_par' dir='ltr' id='par_1_61' title="bbox 1975 3093 3562 3169">
     <span class='ocr_line' id='line_1_61' title="bbox 1975 3093 3562 3169; baseline 0.004 -20"><span class='ocrx_word' id='word_1_435' title='bbox 1975 3093 2042 3149; x_wconf 87' lang='lat' dir='ltr'><strong>sit</strong></span> <span class='ocrx_word' id='word_1_436' title='bbox 2068 3111 2085 3161; x_wconf 89' lang='lat'><strong>;</strong></span> <span class='ocrx_word' id='word_1_437' title='bbox 2116 3104 2171 3150; x_wconf 90' lang='lat' dir='ltr'><strong>et</strong></span> <span class='ocrx_word' id='word_1_438' title='bbox 2200 3093 2448 3161; x_wconf 77' lang='lat' dir='ltr'><strong>Ostunio,</strong></span> <span class='ocrx_word' id='word_1_439' title='bbox 2478 3096 2660 3151; x_wconf 89' lang='lat' dir='ltr'><strong>valido</strong></span> <span class='ocrx_word' id='word_1_440' title='bbox 2693 3096 2747 3151; x_wconf 90' lang='lat' dir='ltr'><strong>in</strong></span> <span class='ocrx_word' id='word_1_441' title='bbox 2775 3097 2964 3166; x_wconf 91' lang='lat' dir='ltr'><strong>primis</strong></span> <span class='ocrx_word' id='word_1_442' title='bbox 3024 3099 3240 3169; x_wconf 89' lang='lat' dir='ltr'><strong>oppido,</strong></span> <span class='ocrx_word' id='word_1_443' title='bbox 3288 3115 3384 3169; x_wconf 89' lang='lat' dir='ltr'><strong>per</strong></span> <span class='ocrx_word' id='word_1_444' title='bbox 3434 3115 3562 3156; x_wconf 82' lang='lat' dir='ltr'><strong>con—</strong></span> 
     </span>
    </p>
   </div>
   <div class='ocr_carea' id='block_1_62' title="bbox 290 3178 1875 3279">
    <p class='ocr_par' dir='ltr' id='par_1_62' title="bbox 290 3178 1862 3279">
     <span class='ocr_line' id='line_1_62' title="bbox 290 3178 1862 3279; baseline 0.02 -48"><span class='ocrx_word' id='word_1_445' title='bbox 290 3178 360 3279; x_wconf 60' lang='lat' dir='ltr'><strong>lt:</strong></span> <span class='ocrx_word' id='word_1_446' title='bbox 373 3179 683 3279; x_wconf 56' lang='grc' dir='ltr'>ἃίονοπόλει</span> <span class='ocrx_word' id='word_1_447' title='bbox 913 3189 1016 3260; x_wconf 80' lang='grc' dir='ltr'>ήδη</span> <span class='ocrx_word' id='word_1_448' title='bbox 1046 3186 1189 3261; x_wconf 76' lang='grc' dir='ltr'>εἶχεν</span> <span class='ocrx_word' id='word_1_449' title='bbox 1210 3195 1378 3266; x_wconf 80' lang='grc' dir='ltr'>αὐτῷ,</span> <span class='ocrx_word' id='word_1_450' title='bbox 1409 3202 1573 3275; x_wconf 75' lang='grc' dir='ltr'>παντὶ</span> <span class='ocrx_word' id='word_1_451' title='bbox 1595 3204 1674 3275; x_wconf 82' lang='grc' dir='ltr'><strong>τῷ</strong></span> <span class='ocrx_word' id='word_1_452' title='bbox 1704 3178 1862 3279; x_wconf 78' lang='grc' dir='ltr'>στρα-</span> 
     </span>
    </p>
   </div>
   <div class='ocr_carea' id='block_1_63' title="bbox 1978 3178 3562 3279">
    <p class='ocr_par' dir='ltr' id='par_1_63' title="bbox 1978 3184 3562 3258">
     <span class='ocr_line' id='line_1_63' title="bbox 1978 3184 3562 3258; baseline 0.005 -19"><span class='ocrx_word' id='word_1_453' title='bbox 1978 3184 2210 3242; x_wconf 88' lang='lat' dir='ltr'><strong>ditiones</strong></span> <span class='ocrx_word' id='word_1_454' title='bbox 2257 3188 2495 3258; x_wconf 76' lang='lat' dir='ltr'><strong>potitus,</strong></span> <span class='ocrx_word' id='word_1_455' title='bbox 2532 3202 2722 3245; x_wconf 86' lang='lat' dir='ltr'><strong>versus</strong></span> <span class='ocrx_word' id='word_1_456' title='bbox 2775 3189 3147 3247; x_wconf 86' lang='lat' dir='ltr'><strong>Brundusium</strong></span> <span class='ocrx_word' id='word_1_457' title='bbox 3178 3191 3280 3247; x_wconf 86' lang='lat' dir='ltr'><strong>iter</strong></span> <span class='ocrx_word' id='word_1_458' title='bbox 3306 3191 3562 3247; x_wconf 73' lang='lat' dir='ltr'><strong>intendit.</strong></span> 
     </span>
    </p>
   </div>
   <div class='ocr_carea' id='block_1_64' title="bbox 288 3269 1877 3366">
    <p class='ocr_par' dir='ltr' id='par_1_64' title="bbox 288 3269 1877 3366">
     <span class='ocr_line' id='line_1_64' title="bbox 288 3269 1877 3366; baseline 0.02 -43"><span class='ocrx_word' id='word_1_459' title='bbox 288 3269 371 3366; x_wconf 73' lang='grc' dir='ltr'>τῷ</span> <span class='ocrx_word' id='word_1_460' title='bbox 418 3273 641 3366; x_wconf 72' lang='grc' dir='ltr'>ὲκείθεν</span> <span class='ocrx_word' id='word_1_461' title='bbox 698 3275 1032 3349; x_wconf 80' lang='grc' dir='ltr'>ἀπήλαυνεν,</span> <span class='ocrx_word' id='word_1_462' title='bbox 1110 3282 1414 3343; x_wconf 83' lang='grc' dir='ltr'>Ὀστούνιόν</span> <span class='ocrx_word' id='word_1_463' title='bbox 1472 3274 1585 3366; x_wconf 72' lang='grc'><strong>(94)</strong></span> <span class='ocrx_word' id='word_1_464' title='bbox 1636 3269 1695 3349; x_wconf 75' lang='grc' dir='ltr'><strong>τε</strong></span> <span class='ocrx_word' id='word_1_465' title='bbox 1721 3269 1877 3354; x_wconf 82' lang='grc' dir='ltr'>πόλιν</span> 
     </span>
    </p>
   </div>
   <div class='ocr_carea' id='block_1_65' title="bbox 290 3361 1889 3463">
    <p class='ocr_par' dir='ltr' id='par_1_65' title="bbox 290 3361 1889 3463">
     <span class='ocr_line' id='line_1_65' title="bbox 290 3361 1889 3463; baseline 0.013 -48"><span class='ocrx_word' id='word_1_466' title='bbox 290 3361 672 3463; x_wconf 60' lang='grc' dir='ltr'>ὀχυρωτάτην</span> <span class='ocrx_word' id='word_1_467' title='bbox 690 3369 749 3421; x_wconf 81' lang='grc' dir='ltr'>ἐν</span> <span class='ocrx_word' id='word_1_468' title='bbox 787 3373 905 3463; x_wconf 80' lang='grc' dir='ltr'>ταῖς</span> <span class='ocrx_word' id='word_1_469' title='bbox 935 3372 1175 3444; x_wconf 85' lang='grc' dir='ltr'>μάλιστα</span> <span class='ocrx_word' id='word_1_470' title='bbox 1208 3361 1489 3455; x_wconf 62' lang='grc' dir='ltr'>ὁμολογία</span> <span class='ocrx_word' id='word_1_471' title='bbox 1520 3361 1880 3463; x_wconf 62' lang='grc' dir='ltr'>παραστητά.</span> 
     </span>
    </p>
   </div>
   <div class='ocr_carea' id='block_1_66' title="bbox 293 3459 1877 3557">
    <p class='ocr_par' dir='ltr' id='par_1_66' title="bbox 293 3459 1877 3557">
     <span class='ocr_line' id='line_1_66' title="bbox 293 3459 1877 3557; baseline 0.015 -46"><span class='ocrx_word' id='word_1_472' title='bbox 293 3472 462 3557; x_wconf 51' lang='grc' dir='ltr'>μενος</span> <span class='ocrx_word' id='word_1_473' title='bbox 515 3459 960 3557; x_wconf 34' lang='grc' dir='ltr'>ἐπί-Βρεντέσιον</span> <span class='ocrx_word' id='word_1_474' title='bbox 986 3467 1248 3538; x_wconf 73' lang='grc' dir='ltr'>ἠπείγετο</span> <span class='ocrx_word' id='word_1_475' title='bbox 1287 3473 1441 3529; x_wconf 87' lang='grc' dir='ltr'>πόλιν</span> <span class='ocrx_word' id='word_1_476' title='bbox 1468 3477 1681 3549; x_wconf 79' lang='grc' dir='ltr'>ἑτέραν,</span> <span class='ocrx_word' id='word_1_477' title='bbox 1810 3485 1877 3557; x_wconf 76' lang='grc' dir='ltr'>δὴ</span> 
     </span>
    </p>
   </div>
   <div class='ocr_carea' id='block_1_67' title="bbox 290 3548 1878 3641">
    <p class='ocr_par' dir='ltr' id='par_1_67' title="bbox 290 3548 1878 3641">
     <span class='ocr_line' id='line_1_67' title="bbox 290 3548 1878 3641; baseline 0.021 -42"><span class='ocrx_word' id='word_1_478' title='bbox 290 3548 521 3621; x_wconf 79' lang='grc' dir='ltr'>Τεμέση</span> <span class='ocrx_word' id='word_1_479' title='bbox 550 3551 664 3623; x_wconf 79' lang='lat'><strong>(95)</strong></span> <span class='ocrx_word' id='word_1_480' title='bbox 714 3554 777 3608; x_wconf 77' lang='grc' dir='ltr'><strong>τδ</strong></span> <span class='ocrx_word' id='word_1_481' title='bbox 818 3557 1047 3615; x_wconf 79' lang='grc' dir='ltr'>παλαιὸν</span> <span class='ocrx_word' id='word_1_482' title='bbox 1088 3560 1455 3633; x_wconf 75' lang='grc' dir='ltr'>ὠνομάζετο·</span> <span class='ocrx_word' id='word_1_483' title='bbox 1508 3548 1655 3627; x_wconf 78' lang='grc' dir='ltr'>ἀλλὰ</span> <span class='ocrx_word' id='word_1_484' title='bbox 1709 3548 1878 3641; x_wconf 51' lang='lat' dir='ltr'><strong>an;</strong></span> 
     </span>
    </p>
   </div>
   <div class='ocr_carea' id='block_1_68' title="bbox 293 3644 1878 3733">
    <p class='ocr_par' dir='ltr' id='par_1_68' title="bbox 293 3644 1878 3733">
     <span class='ocr_line' id='line_1_68' title="bbox 293 3644 1878 3733; baseline 0.018 -38"><span class='ocrx_word' id='word_1_485' title='bbox 293 3644 418 3713; x_wconf 84' lang='grc' dir='ltr'>μετ’</span> <span class='ocrx_word' id='word_1_486' title='bbox 472 3646 659 3701; x_wconf 77' lang='grc' dir='ltr'>ἐκεῖνα</span> <span class='ocrx_word' id='word_1_487' title='bbox 724 3649 1232 3725; x_wconf 65' lang='grc' dir='ltr'>ἀναττρεψαμὲνοις</span> <span class='ocrx_word' id='word_1_488' title='bbox 1293 3661 1682 3733; x_wconf 69' lang='grc' dir='ltr'>ἐπιγενόμενος</span> <span class='ocrx_word' id='word_1_489' title='bbox 1740 3668 1878 3724; x_wconf 85' lang='grc' dir='ltr'>αἰὼν</span> 
     </span>
    </p>
   </div>
   <div class='ocr_carea' id='block_1_69' title="bbox 290 3736 1874 3835">
    <p class='ocr_par' dir='ltr' id='par_1_69' title="bbox 290 3736 1874 3835">
     <span class='ocr_line' id='line_1_69' title="bbox 290 3736 1874 3835; baseline 0.017 -44"><span class='ocrx_word' id='word_1_490' title='bbox 290 3736 610 3835; x_wconf 78' lang='grc' dir='ltr'>ἐνεόχμωσε</span> <span class='ocrx_word' id='word_1_491' title='bbox 640 3740 708 3835; x_wconf 75' lang='grc' dir='ltr'><strong>τά</strong></span> <span class='ocrx_word' id='word_1_492' title='bbox 738 3740 963 3835; x_wconf 78' lang='grc' dir='ltr'>πλεῖστα</span> <span class='ocrx_word' id='word_1_493' title='bbox 995 3746 1103 3801; x_wconf 81' lang='grc' dir='ltr'>τῶν</span> <span class='ocrx_word' id='word_1_494' title='bbox 1134 3748 1434 3821; x_wconf 83' lang='grc' dir='ltr'>ὀνομάτων,</span> <span class='ocrx_word' id='word_1_495' title='bbox 1484 3756 1571 3827; x_wconf 75' lang='grc' dir='ltr'><strong>ἐφ’</strong></span> <span class='ocrx_word' id='word_1_496' title='bbox 1606 3758 1773 3831; x_wconf 74' lang='grc' dir='ltr'>ἔτερα</span> <span class='ocrx_word' id='word_1_497' title='bbox 1840 3764 1874 3835; x_wconf 77' lang='grc' dir='ltr'>ἢ</span> 
     </span>
    </p>
   </div>
   <div class='ocr_carea' id='block_1_70' title="bbox 292 3830 1874 3917">
    <p class='ocr_par' dir='ltr' id='par_1_70' title="bbox 292 3830 1874 3917">
     <span class='ocr_line' id='line_1_70' title="bbox 292 3830 1874 3917; baseline 0.02 -39"><span class='ocrx_word' id='word_1_498' title='bbox 292 3830 651 3917; x_wconf 78' lang='grc' dir='ltr'>παντάπασιν</span> <span class='ocrx_word' id='word_1_499' title='bbox 678 3832 909 3905; x_wconf 81' lang='grc' dir='ltr'>ἀνόμοια</span> <span class='ocrx_word' id='word_1_500' title='bbox 949 3835 1169 3908; x_wconf 83' lang='grc' dir='ltr'>ῆόλίγῳ</span> <span class='ocrx_word' id='word_1_501' title='bbox 1218 3842 1545 3915; x_wconf 82' lang='grc' dir='ltr'>διαφέροντα</span> <span class='ocrx_word' id='word_1_502' title='bbox 1596 3830 1874 3917; x_wconf 57' lang='grc' dir='ltr'>μεταθείς;</span> 
     </span>
    </p>
   </div>
   <div class='ocr_carea' id='block_1_71' title="bbox 289 3915 1879 4009">
    <p class='ocr_par' dir='ltr' id='par_1_71' title="bbox 289 3915 1879 4009">
     <span class='ocr_line' id='line_1_71' title="bbox 289 3915 1879 4009; baseline 0.016 -39"><span class='ocrx_word' id='word_1_503' title='bbox 289 3915 519 3987; x_wconf 79' lang='grc' dir='ltr'>ταύτην</span> <span class='ocrx_word' id='word_1_504' title='bbox 545 3919 732 3994; x_wconf 68' lang='grc' dir='ltr'>ἐπειδὴ</span> <span class='ocrx_word' id='word_1_505' title='bbox 769 3921 1036 3994; x_wconf 84' lang='grc' dir='ltr'>Ῥωμαῖοι</span> <span class='ocrx_word' id='word_1_506' title='bbox 1078 3928 1403 3998; x_wconf 75' lang='grc' dir='ltr'>κατέλαϐον,</span> <span class='ocrx_word' id='word_1_507' title='bbox 1462 3915 1639 4007; x_wconf 74' lang='grc' dir='ltr'>ἡσυχῆ</span> <span class='ocrx_word' id='word_1_508' title='bbox 1685 3938 1879 4009; x_wconf 76' lang='grc' dir='ltr'>ἔμενον</span> 
     </span>
    </p>
   </div>
   <div class='ocr_carea' id='block_1_72' title="bbox 288 4009 1925 4106">
    <p class='ocr_par' dir='ltr' id='par_1_72' title="bbox 288 4009 1925 4106">
     <span class='ocr_line' id='line_1_72' title="bbox 288 4009 1925 4106; baseline 0.014 -42"><span class='ocrx_word' id='word_1_509' title='bbox 288 4009 516 4082; x_wconf 80' lang='grc' dir='ltr'>(Πάσχα</span> <span class='ocrx_word' id='word_1_510' title='bbox 539 4012 650 4085; x_wconf 70' lang='grc' dir='ltr'><strong>γάρ</strong></span> <span class='ocrx_word' id='word_1_511' title='bbox 675 4018 744 4087; x_wconf 77' lang='grc' dir='ltr'>τῇ</span> <span class='ocrx_word' id='word_1_512' title='bbox 782 4016 913 4106; x_wconf 66' lang='grc' dir='ltr'>εξῆς</span> <span class='ocrx_word' id='word_1_513' title='bbox 940 4018 1288 4091; x_wconf 82' lang='grc' dir='ltr'>Χριστιανοτς</span> <span class='ocrx_word' id='word_1_514' title='bbox 1327 4020 1418 4097; x_wconf 76' lang='grc' dir='ltr'><strong>ἦν)</strong></span> <span class='ocrx_word' id='word_1_515' title='bbox 1446 4043 1461 4057; x_wconf 74' lang='grc' dir='ltr'><strong>ο</strong></span> <span class='ocrx_word' id='word_1_516' title='bbox 1504 4028 1642 4103; x_wconf 82' lang='grc' dir='ltr'>ὅπερ</span> <span class='ocrx_word' id='word_1_517' title='bbox 1682 4032 1734 4085; x_wconf 78' lang='lat' dir='ltr'><strong>oi</strong></span> <span class='ocrx_word' id='word_1_518' title='bbox 1778 4034 1878 4106; x_wconf 82' lang='grc' dir='ltr'><strong>τῆς</strong></span> <span class='ocrx_word' id='word_1_519' title='bbox 1919 4063 1925 4070; x_wconf 91' lang='grc'><strong>-</strong></span> 
     </span>
    </p>
   </div>
   <div class='ocr_carea' id='block_1_73' title="bbox 286 4105 1879 4193">
    <p class='ocr_par' dir='ltr' id='par_1_73' title="bbox 286 4105 1879 4193">
     <span class='ocr_line' id='line_1_73' title="bbox 286 4105 1879 4193; baseline 0.014 -35"><span class='ocrx_word' id='word_1_520' title='bbox 286 4105 508 4170; x_wconf 84' lang='grc' dir='ltr'>πόλεως</span> <span class='ocrx_word' id='word_1_521' title='bbox 537 4106 739 4162; x_wconf 83' lang='grc' dir='ltr'>δειλίαν</span> <span class='ocrx_word' id='word_1_522' title='bbox 758 4105 899 4166; x_wconf 80' lang='grc' dir='ltr'>εἶναι</span> <span class='ocrx_word' id='word_1_523' title='bbox 925 4116 1249 4184; x_wconf 86' lang='grc' dir='ltr'>νομίσαντες</span> <span class='ocrx_word' id='word_1_524' title='bbox 1281 4118 1543 4187; x_wconf 84' lang='grc' dir='ltr'>πολλάκις</span> <span class='ocrx_word' id='word_1_525' title='bbox 1566 4105 1879 4193; x_wconf 73' lang='grc' dir='ltr'>ἐπεξιόντες</span> 
     </span>
    </p>
   </div>
   <div class='ocr_carea' id='block_1_74' title="bbox 288 4196 1880 4283">
    <p class='ocr_par' dir='ltr' id='par_1_74' title="bbox 288 4196 1880 4283">
     <span class='ocr_line' id='line_1_74' title="bbox 288 4196 1880 4283; baseline 0.016 -34"><span class='ocrx_word' id='word_1_526' title='bbox 288 4196 428 4270; x_wconf 73' lang='grc' dir='ltr'>ἄχρι</span> <span class='ocrx_word' id='word_1_527' title='bbox 456 4201 553 4253; x_wconf 79' lang='grc' dir='ltr'>καὶ</span> <span class='ocrx_word' id='word_1_528' title='bbox 580 4201 762 4254; x_wconf 81' lang='grc' dir='ltr'>αὐτῶν</span> <span class='ocrx_word' id='word_1_529' title='bbox 794 4207 1219 4276; x_wconf 86' lang='grc' dir='ltr'>χαρακωμάτων</span> <span class='ocrx_word' id='word_1_530' title='bbox 1250 4211 1512 4280; x_wconf 83' lang='grc' dir='ltr'>ἐγίνοντο,</span> <span class='ocrx_word' id='word_1_531' title='bbox 1571 4215 1677 4283; x_wconf 77' lang='grc' dir='ltr'>ἕως</span> <span class='ocrx_word' id='word_1_532' title='bbox 1743 4218 1880 4274; x_wconf 80' lang='grc' dir='ltr'><strong>Ῥω-</strong></span> 
     </span>
    </p>
   </div>
   <div class='ocr_carea' id='block_1_75' title="bbox 293 4285 1880 4374">
    <p class='ocr_par' dir='ltr' id='par_1_75' title="bbox 293 4285 1880 4374">
     <span class='ocr_line' id='line_1_75' title="bbox 293 4285 1880 4374; baseline 0.014 -32"><span class='ocrx_word' id='word_1_533' title='bbox 293 4295 453 4363; x_wconf 84' lang='grc' dir='ltr'>μαῖοι</span> <span class='ocrx_word' id='word_1_534' title='bbox 488 4285 635 4349; x_wconf 77' lang='grc' dir='ltr'>οὗτοι</span> <span class='ocrx_word' id='word_1_535' title='bbox 659 4295 957 4351; x_wconf 79' lang='grc' dir='ltr'>ἐθελούσιοι</span> <span class='ocrx_word' id='word_1_536' title='bbox 989 4299 1198 4362; x_wconf 67' lang='grc' dir='ltr'>τούτοις</span> <span class='ocrx_word' id='word_1_537' title='bbox 1225 4303 1688 4374; x_wconf 75' lang='grc' dir='ltr'>ἐπιπηδήσαντες,</span> <span class='ocrx_word' id='word_1_538' title='bbox 1727 4309 1880 4364; x_wconf 76' lang='grc' dir='ltr'>ἐπει-</span> 
     </span>
    </p>
   </div>
   <div class='ocr_carea' id='block_1_76' title="bbox 289 4382 1872 4471">
    <p class='ocr_par' dir='ltr' id='par_1_76' title="bbox 289 4382 1872 4471">
     <span class='ocr_line' id='line_1_76' title="bbox 289 4382 1872 4471; baseline 0.013 -36"><span class='ocrx_word' id='word_1_539' title='bbox 289 4382 477 4455; x_wconf 80' lang='grc' dir='ltr'>δήπερ</span> <span class='ocrx_word' id='word_1_540' title='bbox 503 4384 847 4450; x_wconf 85' lang='grc' dir='ltr'>άπεώσαντο,</span> <span class='ocrx_word' id='word_1_541' title='bbox 887 4388 980 4442; x_wconf 72' lang='grc' dir='ltr'><strong>ἐπὶ</strong></span> <span class='ocrx_word' id='word_1_542' title='bbox 1005 4388 1068 4442; x_wconf 84' lang='grc' dir='ltr'>τὸ</span> <span class='ocrx_word' id='word_1_543' title='bbox 1091 4391 1459 4462; x_wconf 85' lang='grc' dir='ltr'>στρατόπεδον</span> <span class='ocrx_word' id='word_1_544' title='bbox 1490 4396 1872 4471; x_wconf 85' lang='grc' dir='ltr'>ἀνεχώρησαν.</span> 
     </span>
    </p>
   </div>
   <div class='ocr_carea' id='block_1_77' title="bbox 292 4472 1877 4561">
    <p class='ocr_par' dir='ltr' id='par_1_77' title="bbox 292 4472 1877 4561">
     <span class='ocr_line' id='line_1_77' title="bbox 292 4472 1877 4561; baseline 0.011 -32"><span class='ocrx_word' id='word_1_545' title='bbox 292 4479 355 4530; x_wconf 86' lang='lat' dir='ltr'><strong>Ol</strong></span> <span class='ocrx_word' id='word_1_546' title='bbox 394 4478 496 4546; x_wconf 79' lang='grc' dir='ltr'>μὲν</span> <span class='ocrx_word' id='word_1_547' title='bbox 525 4472 618 4531; x_wconf 77' lang='grc' dir='ltr'>οὖν</span> <span class='ocrx_word' id='word_1_548' title='bbox 640 4478 793 4534; x_wconf 76' lang='grc' dir='ltr'>ἄλλοι</span> <span class='ocrx_word' id='word_1_549' title='bbox 832 4480 1128 4552; x_wconf 83' lang='grc' dir='ltr'>Ῥωμαίων</span> <span class='ocrx_word' id='word_1_550' title='bbox 1170 4484 1264 4538; x_wconf 74' lang='grc' dir='ltr'><strong>ἐπὶ</strong></span> <span class='ocrx_word' id='word_1_551' title='bbox 1307 4488 1421 4550; x_wconf 81' lang='grc' dir='ltr'>τοῖς</span> <span class='ocrx_word' id='word_1_552' title='bbox 1452 4489 1740 4561; x_wconf 77' lang='grc' dir='ltr'>προτέροις</span> <span class='ocrx_word' id='word_1_553' title='bbox 1783 4494 1877 4547; x_wconf 75' lang='grc' dir='ltr'>καὶ</span> 
     </span>
    </p>
   </div>
   <div class='ocr_carea' id='block_1_78' title="bbox 293 4563 1878 4651">
    <p class='ocr_par' dir='ltr' id='par_1_78' title="bbox 293 4563 1878 4651">
     <span class='ocr_line' id='line_1_78' title="bbox 293 4563 1878 4651; baseline 0.011 -31"><span class='ocrx_word' id='word_1_554' title='bbox 293 4567 465 4621; x_wconf 89' lang='grc' dir='ltr'>πάλιν</span> <span class='ocrx_word' id='word_1_555' title='bbox 493 4563 635 4641; x_wconf 73' lang='grc' dir='ltr'>ἦσαν</span> <span class='ocrx_word' id='word_1_556' title='bbox 675 4570 840 4636; x_wconf 72' lang='grc' dir='ltr'>σέϐας</span> <span class='ocrx_word' id='word_1_557' title='bbox 869 4572 947 4643; x_wconf 81' lang='grc' dir='ltr'><strong>τῷ</strong></span> <span class='ocrx_word' id='word_1_558' title='bbox 991 4574 1172 4646; x_wconf 85' lang='grc' dir='ltr'>καιρῷ</span> <span class='ocrx_word' id='word_1_559' title='bbox 1223 4579 1629 4649; x_wconf 85' lang='grc' dir='ltr'>παρεχόμενοι·</span> <span class='ocrx_word' id='word_1_560' title='bbox 1673 4582 1878 4651; x_wconf 79' lang='grc' dir='ltr'>Θωμᾶς</span> 
     </span>
    </p>
   </div>
   <div class='ocr_carea' id='block_1_79' title="bbox 290 4660 1880 4745">
    <p class='ocr_par' dir='ltr' id='par_1_79' title="bbox 290 4660 1880 4745">
     <span class='ocr_line' id='line_1_79' title="bbox 290 4660 1880 4745; baseline 0.009 -32"><span class='ocrx_word' id='word_1_561' title='bbox 290 4660 351 4714; x_wconf 83' lang='grc' dir='ltr'><strong>δέ</strong></span> <span class='ocrx_word' id='word_1_562' title='bbox 383 4678 492 4729; x_wconf 86' lang='grc' dir='ltr'>τις,</span> <span class='ocrx_word' id='word_1_563' title='bbox 519 4663 677 4732; x_wconf 78' lang='grc' dir='ltr'>γένος</span> <span class='ocrx_word' id='word_1_564' title='bbox 705 4665 808 4734; x_wconf 75' lang='grc' dir='ltr'>μὲν</span> <span class='ocrx_word' id='word_1_565' title='bbox 867 4666 1179 4739; x_wconf 84' lang='grc' dir='ltr'>Ἀντιοχεὺς</span> <span class='ocrx_word' id='word_1_566' title='bbox 1217 4668 1430 4738; x_wconf 80' lang='grc' dir='ltr'>βασιλεῖ</span> <span class='ocrx_word' id='word_1_567' title='bbox 1477 4672 1534 4726; x_wconf 79' lang='grc' dir='ltr'>δὲ</span> <span class='ocrx_word' id='word_1_568' title='bbox 1580 4674 1880 4745; x_wconf 78' lang='grc' dir='ltr'>αὐτόμολος</span> 
     </span>
    </p>
   </div>
   <div class='ocr_carea' id='block_1_80' title="bbox 293 4754 1879 4841">
    <p class='ocr_par' dir='ltr' id='par_1_80' title="bbox 293 4754 1879 4841">
     <span class='ocr_line' id='line_1_80' title="bbox 293 4754 1879 4841; baseline 0.009 -34"><span class='ocrx_word' id='word_1_569' title='bbox 293 4754 361 4807; x_wconf 67' lang='grc' dir='ltr'>ἐκ</span> <span class='ocrx_word' id='word_1_570' title='bbox 395 4755 612 4826; x_wconf 84' lang='grc' dir='ltr'>μακροῦ</span> <span class='ocrx_word' id='word_1_571' title='bbox 659 4758 1052 4828; x_wconf 81' lang='grc' dir='ltr'>γεγενημένος,</span> <span class='ocrx_word' id='word_1_572' title='bbox 1108 4760 1250 4815; x_wconf 80' lang='grc' dir='ltr'>ὅπλα</span> <span class='ocrx_word' id='word_1_573' title='bbox 1298 4763 1670 4835; x_wconf 79' lang='grc' dir='ltr'>ὑπερθέμενος</span> <span class='ocrx_word' id='word_1_574' title='bbox 1729 4766 1879 4841; x_wconf 78' lang='grc' dir='ltr'>ἐξῄει</span> 
     </span>
    </p>
   </div>
   <div class='ocr_carea' id='block_1_81' title="bbox 292 4847 1879 4928">
    <p class='ocr_par' dir='ltr' id='par_1_81' title="bbox 292 4847 1879 4928">
     <span class='ocr_line' id='line_1_81' title="bbox 292 4847 1879 4928; baseline 0.01 -29"><span class='ocrx_word' id='word_1_575' title='bbox 292 4847 669 4919; x_wconf 58' lang='grc' dir='ltr'>τοᾶχάρακος</span> <span class='ocrx_word' id='word_1_576' title='bbox 700 4851 1065 4921; x_wconf 85' lang='grc' dir='ltr'>ίππευόμενος</span> <span class='ocrx_word' id='word_1_577' title='bbox 1116 4853 1174 4906; x_wconf 83' lang='grc' dir='ltr'>ἐν</span> <span class='ocrx_word' id='word_1_578' title='bbox 1220 4853 1301 4925; x_wconf 83' lang='grc' dir='ltr'>τῷ</span> <span class='ocrx_word' id='word_1_579' title='bbox 1362 4856 1550 4928; x_wconf 87' lang='grc' dir='ltr'>πεδίῳ.</span> <span class='ocrx_word' id='word_1_580' title='bbox 1609 4857 1762 4913; x_wconf 77' lang='grc' dir='ltr'>Ἐπεὶ</span> <span class='ocrx_word' id='word_1_581' title='bbox 1817 4859 1879 4915; x_wconf 73' lang='grc' dir='ltr'>δὲ</span> 
     </span>
    </p>
   </div>
   <div class='ocr_carea' id='block_1_82' title="bbox 294 4941 1873 5019">
    <p class='ocr_par' dir='ltr' id='par_1_82' title="bbox 294 4941 1873 5019">
     <span class='ocr_line' id='line_1_82' title="bbox 294 4941 1873 5019; baseline 0.008 -25"><span class='ocrx_word' id='word_1_582' title='bbox 294 4941 402 5015; x_wconf 73' lang='grc' dir='ltr'>ἥδη</span> <span class='ocrx_word' id='word_1_583' title='bbox 467 4941 640 5014; x_wconf 81' lang='grc' dir='ltr'>ἀγχοῦ</span> <span class='ocrx_word' id='word_1_584' title='bbox 694 4944 793 5014; x_wconf 79' lang='grc' dir='ltr'>τῆς</span> <span class='ocrx_word' id='word_1_585' title='bbox 814 4944 1025 5010; x_wconf 86' lang='grc' dir='ltr'>πόλεως</span> <span class='ocrx_word' id='word_1_586' title='bbox 1083 4946 1321 5014; x_wconf 79' lang='grc' dir='ltr'>ἐγένετο,</span> <span class='ocrx_word' id='word_1_587' title='bbox 1380 4949 1743 5019; x_wconf 81' lang='grc' dir='ltr'>προύκαλεῖτο</span> <span class='ocrx_word' id='word_1_588' title='bbox 1783 4952 1873 5007; x_wconf 83' lang='grc' dir='ltr'>τὸν</span> 
     </span>
    </p>
   </div>
   <div class='ocr_carea' id='block_1_83' title="bbox 293 5034 1877 5111">
    <p class='ocr_par' dir='ltr' id='par_1_83' title="bbox 293 5034 1877 5111">
     <span class='ocr_line' id='line_1_83' title="bbox 293 5034 1877 5111; baseline 0.007 -22"><span class='ocrx_word' id='word_1_589' title='bbox 293 5034 520 5105; x_wconf 84' lang='grc' dir='ltr'>ἄριστον</span> <span class='ocrx_word' id='word_1_590' title='bbox 551 5037 608 5103; x_wconf 70' lang='grc' dir='ltr'>ις</span> <span class='ocrx_word' id='word_1_591' title='bbox 637 5037 981 5108; x_wconf 80' lang='grc' dir='ltr'>μονομαχίαν</span> <span class='ocrx_word' id='word_1_592' title='bbox 1014 5039 1167 5111; x_wconf 83' lang='grc' dir='ltr'>αὐτῴ</span> <span class='ocrx_word' id='word_1_593' title='bbox 1200 5041 1530 5109; x_wconf 81' lang='grc' dir='ltr'>καταϐῆναι.</span> <span class='ocrx_word' id='word_1_594' title='bbox 1567 5040 1675 5097; x_wconf 87' lang='grc' dir='ltr'>Ἦν</span> <span class='ocrx_word' id='word_1_595' title='bbox 1706 5046 1763 5099; x_wconf 86' lang='grc' dir='ltr'>δέ</span> <span class='ocrx_word' id='word_1_596' title='bbox 1791 5064 1877 5111; x_wconf 87' lang='grc' dir='ltr'><strong>τις</strong></span> 
     </span>
    </p>
   </div>
   <div class='ocr_carea' id='block_1_84' title="bbox 293 5127 1873 5211">
    <p class='ocr_par' dir='ltr' id='par_1_84' title="bbox 293 5127 1873 5211">
     <span class='ocr_line' id='line_1_84' title="bbox 293 5127 1873 5211; baseline 0.008 -33"><span class='ocrx_word' id='word_1_597' title='bbox 293 5127 537 5182; x_wconf 73' lang='grc' dir='ltr'>ἐνταῦθα</span> <span class='ocrx_word' id='word_1_598' title='bbox 564 5128 790 5204; x_wconf 78' lang='grc' dir='ltr'>ἀνδρείᾳ</span> <span class='ocrx_word' id='word_1_599' title='bbox 811 5132 905 5185; x_wconf 75' lang='grc' dir='ltr'><strong>ἐπὶ</strong></span> <span class='ocrx_word' id='word_1_600' title='bbox 939 5130 1195 5187; x_wconf 76' lang='grc' dir='ltr'>πλεῖστον</span> <span class='ocrx_word' id='word_1_601' title='bbox 1230 5134 1385 5205; x_wconf 81' lang='grc' dir='ltr'>ἦκων</span> <span class='ocrx_word' id='word_1_602' title='bbox 1442 5134 1614 5207; x_wconf 78' lang='grc' dir='ltr'>ὄνομα</span> <span class='ocrx_word' id='word_1_603' title='bbox 1680 5137 1873 5211; x_wconf 87' lang='grc' dir='ltr'><strong>Ἐγχέ-</strong></span> 
     </span>
    </p>
   </div>
   <div class='ocr_carea' id='block_1_85' title="bbox 293 5218 1876 5300">
    <p class='ocr_par' dir='ltr' id='par_1_85' title="bbox 293 5218 1876 5300">
     <span class='ocr_line' id='line_1_85' title="bbox 293 5218 1876 5300; baseline 0.008 -26"><span class='ocrx_word' id='word_1_604' title='bbox 293 5219 418 5287; x_wconf 85' lang='grc' dir='ltr'>λυς.</span> <span class='ocrx_word' id='word_1_605' title='bbox 469 5218 639 5290; x_wconf 79' lang='grc' dir='ltr'>οὗτος</span> <span class='ocrx_word' id='word_1_606' title='bbox 690 5225 879 5298; x_wconf 69' lang='grc' dir='ltr'>ἐπειδὴ</span> <span class='ocrx_word' id='word_1_607' title='bbox 949 5226 1155 5298; x_wconf 73' lang='grc' dir='ltr'>θωμᾶν</span> <span class='ocrx_word' id='word_1_608' title='bbox 1210 5231 1550 5300; x_wconf 83' lang='grc' dir='ltr'>μονομαχεῖν</span> <span class='ocrx_word' id='word_1_609' title='bbox 1613 5229 1876 5297; x_wconf 80' lang='grc' dir='ltr'>ἀξιοῦντα</span> 
     </span>
    </p>
   </div>
   <div class='ocr_carea' id='block_1_86' title="bbox 1979 3278 3554 3342">
    <p class='ocr_par' dir='ltr' id='par_1_86' title="bbox 1979 3278 3554 3342">
     <span class='ocr_line' id='line_1_86' title="bbox 1979 3278 3554 3342; baseline 0.004 -9"><span class='ocrx_word' id='word_1_610' title='bbox 1979 3278 2290 3335; x_wconf 84' lang='lat' dir='ltr'><strong>Temessam</strong></span> <span class='ocrx_word' id='word_1_611' title='bbox 2332 3279 2606 3334; x_wconf 87' lang='lat' dir='ltr'><strong>civitatem</strong></span> <span class='ocrx_word' id='word_1_612' title='bbox 2668 3280 2815 3337; x_wconf 90' lang='lat' dir='ltr'><strong>illam</strong></span> <span class='ocrx_word' id='word_1_613' title='bbox 2861 3289 3122 3337; x_wconf 88' lang='lat' dir='ltr'><strong>vocarunt</strong></span> <span class='ocrx_word' id='word_1_614' title='bbox 3145 3292 3376 3339; x_wconf 87' lang='lat' dir='ltr'><strong>veteres.</strong></span> <span class='ocrx_word' id='word_1_615' title='bbox 3404 3283 3554 3342; x_wconf 84' lang='lat' dir='ltr'><strong>Lon-</strong></span> 
     </span>
    </p>
   </div>
   <div class='ocr_carea' id='block_1_87' title="bbox 1978 3370 3562 3446">
    <p class='ocr_par' dir='ltr' id='par_1_87' title="bbox 1978 3370 3562 3446">
     <span class='ocr_line' id='line_1_87' title="bbox 1978 3370 3562 3446; baseline 0.006 -23"><span class='ocrx_word' id='word_1_616' title='bbox 1978 3370 2312 3442; x_wconf 84' lang='lat' dir='ltr'><strong>gumquippe</strong></span> <span class='ocrx_word' id='word_1_617' title='bbox 2333 3372 2631 3427; x_wconf 88' lang='lat' dir='ltr'><strong>succedens</strong></span> <span class='ocrx_word' id='word_1_618' title='bbox 2658 3387 2831 3428; x_wconf 72' lang='lat' dir='ltr'><strong>aevum</strong></span> <span class='ocrx_word' id='word_1_619' title='bbox 2859 3373 3117 3444; x_wconf 86' lang='lat' dir='ltr'><strong>pleraque</strong></span> <span class='ocrx_word' id='word_1_620' title='bbox 3141 3375 3282 3443; x_wconf 89' lang='lat' dir='ltr'><strong>apud</strong></span> <span class='ocrx_word' id='word_1_621' title='bbox 3317 3387 3562 3446; x_wconf 87' lang='lat' dir='ltr'><strong>posteros</strong></span> 
     </span>
    </p>
   </div>
   <div class='ocr_carea' id='block_1_88' title="bbox 1980 3464 3562 3535">
    <p class='ocr_par' dir='ltr' id='par_1_88' title="bbox 1980 3464 3562 3535">
     <span class='ocr_line' id='line_1_88' title="bbox 1980 3464 3562 3535; baseline 0.003 -15"><span class='ocrx_word' id='word_1_622' title='bbox 1980 3476 2141 3521; x_wconf 80' lang='lat' dir='ltr'><strong>novat</strong></span> <span class='ocrx_word' id='word_1_623' title='bbox 2167 3465 2406 3532; x_wconf 88' lang='lat' dir='ltr'><strong>nomina,</strong></span> <span class='ocrx_word' id='word_1_624' title='bbox 2430 3473 2593 3535; x_wconf 87' lang='lat' dir='ltr'><strong>atque</strong></span> <span class='ocrx_word' id='word_1_625' title='bbox 2633 3465 2683 3521; x_wconf 90' lang='lat' dir='ltr'><strong>in</strong></span> <span class='ocrx_word' id='word_1_626' title='bbox 2717 3464 2843 3533; x_wconf 83' lang='lat' dir='ltr'><strong>alia,</strong></span> <span class='ocrx_word' id='word_1_627' title='bbox 2883 3476 2975 3522; x_wconf 88' lang='lat' dir='ltr'><strong>aut</strong></span> <span class='ocrx_word' id='word_1_628' title='bbox 2998 3467 3282 3524; x_wconf 86' lang='lat' dir='ltr'><strong>dissimilia</strong></span> <span class='ocrx_word' id='word_1_629' title='bbox 3314 3470 3562 3533; x_wconf 87' lang='lat' dir='ltr'><strong>omnino,</strong></span> 
     </span>
    </p>
   </div>
   <div class='ocr_carea' id='block_1_89' title="bbox 1979 3557 3565 3628">
    <p class='ocr_par' dir='ltr' id='par_1_89' title="bbox 1979 3557 3565 3628">
     <span class='ocr_line' id='line_1_89' title="bbox 1979 3557 3565 3628; baseline 0.001 -16"><span class='ocrx_word' id='word_1_630' title='bbox 1979 3567 2071 3612; x_wconf 89' lang='lat' dir='ltr'><strong>aut</strong></span> <span class='ocrx_word' id='word_1_631' title='bbox 2095 3572 2284 3626; x_wconf 88' lang='lat' dir='ltr'><strong>parum</strong></span> <span class='ocrx_word' id='word_1_632' title='bbox 2322 3558 2684 3628; x_wconf 87' lang='lat' dir='ltr'><strong>discrepantia</strong></span> <span class='ocrx_word' id='word_1_633' title='bbox 2705 3557 2973 3614; x_wconf 81' lang='lat' dir='ltr'><strong>immutat.</strong></span> <span class='ocrx_word' id='word_1_634' title='bbox 3004 3557 3075 3615; x_wconf 87' lang='lat' dir='ltr'><strong>Ut</strong></span> <span class='ocrx_word' id='word_1_635' title='bbox 3118 3560 3186 3613; x_wconf 85' lang='lat' dir='ltr'><strong>ad</strong></span> <span class='ocrx_word' id='word_1_636' title='bbox 3214 3561 3354 3615; x_wconf 86' lang='lat' dir='ltr'><strong>hanc</strong></span> <span class='ocrx_word' id='word_1_637' title='bbox 3377 3561 3565 3614; x_wconf 85' lang='lat' dir='ltr'><strong>urbem</strong></span> 
     </span>
    </p>
   </div>
   <div class='ocr_carea' id='block_1_90' title="bbox 1978 3649 3561 3721">
    <p class='ocr_par' dir='ltr' id='par_1_90' title="bbox 1978 3649 3561 3721">
     <span class='ocr_line' id='line_1_90' title="bbox 1978 3649 3561 3721; baseline 0.001 -16"><span class='ocrx_word' id='word_1_638' title='bbox 1978 3665 2276 3721; x_wconf 85' lang='lat' dir='ltr'><strong>pervenere</strong></span> <span class='ocrx_word' id='word_1_639' title='bbox 2298 3649 2732 3717; x_wconf 84' lang='lat' dir='ltr'><strong>Bomaul,otiosi</strong></span> <span class='ocrx_word' id='word_1_640' title='bbox 2761 3666 3107 3721; x_wconf 86' lang='lat' dir='ltr'><strong>permansere</strong></span> <span class='ocrx_word' id='word_1_641' title='bbox 3136 3670 3153 3708; x_wconf 89' lang='lat'><strong>:</strong></span> <span class='ocrx_word' id='word_1_642' title='bbox 3181 3652 3388 3709; x_wconf 83' lang='lat' dir='ltr'><strong>Pascha</strong></span> <span class='ocrx_word' id='word_1_643' title='bbox 3417 3653 3561 3708; x_wconf 89' lang='lat' dir='ltr'><strong>enim</strong></span> 
     </span>
    </p>
   </div>
   <div class='ocr_carea' id='block_1_91' title="bbox 1979 3741 3566 3817">
    <p class='ocr_par' dir='ltr' id='par_1_91' title="bbox 1979 3741 3566 3817">
     <span class='ocr_line' id='line_1_91' title="bbox 1979 3741 3566 3817; baseline 0.002 -19"><span class='ocrx_word' id='word_1_644' title='bbox 1979 3741 2415 3799; x_wconf 86' lang='lat' dir='ltr'><strong>Christianorum</strong></span> <span class='ocrx_word' id='word_1_645' title='bbox 2470 3741 2733 3815; x_wconf 88' lang='lat' dir='ltr'><strong>postridie</strong></span> <span class='ocrx_word' id='word_1_646' title='bbox 2792 3743 3031 3799; x_wconf 88' lang='lat' dir='ltr'><strong>futurum</strong></span> <span class='ocrx_word' id='word_1_647' title='bbox 3102 3756 3239 3800; x_wconf 88' lang='lat' dir='ltr'><strong>erat.</strong></span> <span class='ocrx_word' id='word_1_648' title='bbox 3284 3746 3566 3817; x_wconf 84' lang='lat' dir='ltr'><strong>Ejusmodi</strong></span> 
     </span>
    </p>
   </div>
   <div class='ocr_carea' id='block_1_92' title="bbox 1978 3834 3564 3907">
    <p class='ocr_par' dir='ltr' id='par_1_92' title="bbox 1978 3834 3564 3907">
     <span class='ocr_line' id='line_1_92' title="bbox 1978 3834 3564 3907; baseline 0.001 -17"><span class='ocrx_word' id='word_1_649' title='bbox 1978 3834 2403 3907; x_wconf 68' lang='lat' dir='ltr'><strong>otiumignaviaa</strong></span> <span class='ocrx_word' id='word_1_650' title='bbox 2462 3844 2518 3891; x_wconf 90' lang='lat' dir='ltr'><strong>et</strong></span> <span class='ocrx_word' id='word_1_651' title='bbox 2571 3836 2847 3892; x_wconf 87' lang='lat' dir='ltr'><strong>timiditati</strong></span> <span class='ocrx_word' id='word_1_652' title='bbox 2907 3836 3244 3893; x_wconf 86' lang='lat' dir='ltr'><strong>ascribentes</strong></span> <span class='ocrx_word' id='word_1_653' title='bbox 3283 3838 3564 3907; x_wconf 86' lang='lat' dir='ltr'><strong>oppidani,</strong></span> 
     </span>
    </p>
   </div>
   <div class='ocr_carea' id='block_1_93' title="bbox 1980 3927 3566 3999">
    <p class='ocr_par' dir='ltr' id='par_1_93' title="bbox 1980 3927 3566 3999">
     <span class='ocr_line' id='line_1_93' title="bbox 1980 3927 3566 3999; baseline 0.001 -16"><span class='ocrx_word' id='word_1_654' title='bbox 1980 3927 2216 3999; x_wconf 85' lang='lat' dir='ltr'><strong>plurima</strong></span> <span class='ocrx_word' id='word_1_655' title='bbox 2270 3928 2409 3985; x_wconf 85' lang='lat' dir='ltr'><strong>facta</strong></span> <span class='ocrx_word' id='word_1_656' title='bbox 2465 3928 2749 3997; x_wconf 89' lang='lat' dir='ltr'><strong>eruptione</strong></span> <span class='ocrx_word' id='word_1_657' title='bbox 2797 3930 2862 3983; x_wconf 84' lang='lat' dir='ltr'><strong>ad</strong></span> <span class='ocrx_word' id='word_1_658' title='bbox 2919 3934 3097 3999; x_wconf 86' lang='lat' dir='ltr'><strong>ipsum</strong></span> <span class='ocrx_word' id='word_1_659' title='bbox 3144 3945 3317 3999; x_wconf 88' lang='lat' dir='ltr'><strong>usque</strong></span> <span class='ocrx_word' id='word_1_660' title='bbox 3362 3930 3566 3986; x_wconf 73' lang='lat' dir='ltr'><strong>Vallum</strong></span> 
     </span>
    </p>
   </div>
   <div class='ocr_carea' id='block_1_94' title="bbox 1978 4021 3565 4093">
    <p class='ocr_par' dir='ltr' id='par_1_94' title="bbox 1978 4021 3565 4093">
     <span class='ocr_line' id='line_1_94' title="bbox 1978 4021 3565 4093; baseline -0.002 -14"><span class='ocrx_word' id='word_1_661' title='bbox 1978 4030 2295 4086; x_wconf 80' lang='lat' dir='ltr'><strong>excurrunt,</strong></span> <span class='ocrx_word' id='word_1_662' title='bbox 2323 4022 2495 4078; x_wconf 90' lang='lat' dir='ltr'><strong>donec</strong></span> <span class='ocrx_word' id='word_1_663' title='bbox 2522 4022 2752 4077; x_wconf 81' lang='lat' dir='ltr'><strong>Romani</strong></span> <span class='ocrx_word' id='word_1_664' title='bbox 2775 4021 2978 4092; x_wconf 89' lang='lat' dir='ltr'><strong>aliquot</strong></span> <span class='ocrx_word' id='word_1_665' title='bbox 3021 4022 3173 4076; x_wconf 82' lang='lat' dir='ltr'><strong>inviti</strong></span> <span class='ocrx_word' id='word_1_666' title='bbox 3202 4036 3338 4093; x_wconf 89' lang='lat' dir='ltr'><strong>pene</strong></span> <span class='ocrx_word' id='word_1_667' title='bbox 3366 4038 3565 4078; x_wconf 84' lang='lat' dir='ltr'><strong>erum-</strong></span> 
     </span>
    </p>
   </div>
   <div class='ocr_carea' id='block_1_95' title="bbox 1980 4114 3564 4186">
    <p class='ocr_par' dir='ltr' id='par_1_95' title="bbox 1980 4114 3564 4186">
     <span class='ocr_line' id='line_1_95' title="bbox 1980 4114 3564 4186; baseline 0.001 -16"><span class='ocrx_word' id='word_1_668' title='bbox 1980 4124 2138 4184; x_wconf 88' lang='lat' dir='ltr'><strong>punt,</strong></span> <span class='ocrx_word' id='word_1_669' title='bbox 2184 4114 2274 4186; x_wconf 89' lang='lat' dir='ltr'><strong>qui</strong></span> <span class='ocrx_word' id='word_1_670' title='bbox 2312 4114 2377 4171; x_wconf 90' lang='lat' dir='ltr'><strong>iis</strong></span> <span class='ocrx_word' id='word_1_671' title='bbox 2425 4114 2643 4171; x_wconf 85' lang='lat' dir='ltr'><strong>tandem</strong></span> <span class='ocrx_word' id='word_1_672' title='bbox 2695 4115 3026 4185; x_wconf 87' lang='lat' dir='ltr'><strong>propulsatis</strong></span> <span class='ocrx_word' id='word_1_673' title='bbox 3085 4114 3137 4170; x_wconf 92' lang='lat' dir='ltr'><strong>in</strong></span> <span class='ocrx_word' id='word_1_674' title='bbox 3166 4126 3343 4171; x_wconf 87' lang='lat' dir='ltr'><strong>castra</strong></span> <span class='ocrx_word' id='word_1_675' title='bbox 3378 4130 3564 4171; x_wconf 81' lang='lat' dir='ltr'><strong>rever-</strong></span> 
     </span>
    </p>
   </div>
   <div class='ocr_carea' id='block_1_96' title="bbox 1983 4209 3562 4279">
    <p class='ocr_par' dir='ltr' id='par_1_96' title="bbox 1983 4209 3562 4279">
     <span class='ocr_line' id='line_1_96' title="bbox 1983 4209 3562 4279; baseline 0.001 -15"><span class='ocrx_word' id='word_1_676' title='bbox 1983 4219 2191 4264; x_wconf 88' lang='lat' dir='ltr'><strong>tuntur.</strong></span> <span class='ocrx_word' id='word_1_677' title='bbox 2251 4209 2447 4265; x_wconf 67' lang='lat' dir='ltr'><strong>Caneri</strong></span> <span class='ocrx_word' id='word_1_678' title='bbox 2480 4209 2696 4279; x_wconf 83' lang='lat' dir='ltr'><strong>quidem</strong></span> <span class='ocrx_word' id='word_1_679' title='bbox 2743 4209 2993 4273; x_wconf 81' lang='lat' dir='ltr'><strong>Romani,</strong></span> <span class='ocrx_word' id='word_1_680' title='bbox 3048 4219 3108 4263; x_wconf 91' lang='lat' dir='ltr'><strong>ut</strong></span> <span class='ocrx_word' id='word_1_681' title='bbox 3136 4219 3321 4276; x_wconf 86' lang='lat' dir='ltr'><strong>antea,</strong></span> <span class='ocrx_word' id='word_1_682' title='bbox 3370 4209 3562 4265; x_wconf 86' lang='lat' dir='ltr'><strong>diebus</strong></span> 
     </span>
    </p>
   </div>
   <div class='ocr_carea' id='block_1_97' title="bbox 1982 4311 3559 4381">
    <p class='ocr_par' dir='ltr' id='par_1_97' title="bbox 1982 4311 3559 4381">
     <span class='ocr_line' id='line_1_97' title="bbox 1982 4311 3559 4381; baseline 0.001 -16"><span class='ocrx_word' id='word_1_683' title='bbox 1982 4312 2136 4368; x_wconf 85' lang='lat' dir='ltr'><strong>festis</strong></span> <span class='ocrx_word' id='word_1_684' title='bbox 2171 4312 2413 4368; x_wconf 89' lang='lat' dir='ltr'><strong>debitum</strong></span> <span class='ocrx_word' id='word_1_685' title='bbox 2443 4312 2825 4381; x_wconf 88' lang='lat' dir='ltr'><strong>impendebant</strong></span> <span class='ocrx_word' id='word_1_686' title='bbox 2855 4313 3085 4371; x_wconf 82' lang='lat' dir='ltr'><strong>cultum.</strong></span> <span class='ocrx_word' id='word_1_687' title='bbox 3110 4311 3349 4370; x_wconf 85' lang='lat' dir='ltr'><strong>Thomas</strong></span> <span class='ocrx_word' id='word_1_688' title='bbox 3378 4324 3559 4369; x_wconf 85' lang='lat' dir='ltr'><strong>autem</strong></span> 
     </span>
    </p>
   </div>
   <div class='ocr_carea' id='block_1_98' title="bbox 1981 4403 3562 4477">
    <p class='ocr_par' dir='ltr' id='par_1_98' title="bbox 1981 4403 3562 4477">
     <span class='ocr_line' id='line_1_98' title="bbox 1981 4403 3562 4477; baseline -0.001 -17"><span class='ocrx_word' id='word_1_689' title='bbox 1981 4415 2138 4474; x_wconf 82' lang='lat' dir='ltr'><strong>gente</strong></span> <span class='ocrx_word' id='word_1_690' title='bbox 2166 4403 2561 4470; x_wconf 75' lang='lat' dir='ltr'><strong>Antiochenus,</strong></span> <span class='ocrx_word' id='word_1_691' title='bbox 2589 4407 2681 4476; x_wconf 84' lang='lat' dir='ltr'><strong>qui</strong></span> <span class='ocrx_word' id='word_1_692' title='bbox 2721 4404 3040 4476; x_wconf 80' lang='lat' dir='ltr'><strong>jamdudum</strong></span> <span class='ocrx_word' id='word_1_693' title='bbox 3078 4406 3146 4460; x_wconf 90' lang='lat' dir='ltr'><strong>ad</strong></span> <span class='ocrx_word' id='word_1_694' title='bbox 3182 4405 3562 4477; x_wconf 84' lang='lat' dir='ltr'><strong>imperatorem</strong></span> 
     </span>
    </p>
   </div>
   <div class='ocr_carea' id='block_1_99' title="bbox 1987 4498 3563 4568">
    <p class='ocr_par' dir='ltr' id='par_1_99' title="bbox 1987 4498 3563 4568">
     <span class='ocr_line' id='line_1_99' title="bbox 1987 4498 3563 4568; baseline 0 -15"><span class='ocrx_word' id='word_1_695' title='bbox 1987 4498 2385 4567; x_wconf 69' lang='lat' dir='ltr'><strong>transfugerat,</strong></span> <span class='ocrx_word' id='word_1_696' title='bbox 2440 4501 2671 4568; x_wconf 81' lang='lat' dir='ltr'><strong>sumptis</strong></span> <span class='ocrx_word' id='word_1_697' title='bbox 2720 4498 2909 4564; x_wconf 87' lang='lat' dir='ltr'><strong>armis,</strong></span> <span class='ocrx_word' id='word_1_698' title='bbox 2935 4499 3077 4554; x_wconf 88' lang='lat' dir='ltr'><strong>vallo</strong></span> <span class='ocrx_word' id='word_1_699' title='bbox 3135 4500 3367 4563; x_wconf 66' lang='lat' dir='ltr'><strong>excedit,</strong></span> <span class='ocrx_word' id='word_1_700' title='bbox 3411 4515 3563 4555; x_wconf 61' lang='lat' dir='ltr'><strong>eam.</strong></span> 
     </span>
    </p>
   </div>
   <div class='ocr_carea' id='block_1_100' title="bbox 1984 4590 3563 4663">
    <p class='ocr_par' dir='ltr' id='par_1_100' title="bbox 1984 4590 3563 4663">
     <span class='ocr_line' id='line_1_100' title="bbox 1984 4590 3563 4663; baseline 0.003 -18"><span class='ocrx_word' id='word_1_701' title='bbox 1984 4605 2220 4661; x_wconf 89' lang='lat' dir='ltr'><strong>pumque</strong></span> <span class='ocrx_word' id='word_1_702' title='bbox 2278 4593 2601 4663; x_wconf 87' lang='lat' dir='ltr'><strong>perequitat.</strong></span> <span class='ocrx_word' id='word_1_703' title='bbox 2639 4590 2744 4648; x_wconf 88' lang='lat' dir='ltr'><strong>Ubi</strong></span> <span class='ocrx_word' id='word_1_704' title='bbox 2771 4592 3001 4648; x_wconf 78' lang='lat' dir='ltr'><strong>accessit</strong></span> <span class='ocrx_word' id='word_1_705' title='bbox 3027 4595 3094 4647; x_wconf 87' lang='lat' dir='ltr'><strong>ad</strong></span> <span class='ocrx_word' id='word_1_706' title='bbox 3126 4592 3337 4661; x_wconf 87' lang='lat' dir='ltr'><strong>urbem,</strong></span> <span class='ocrx_word' id='word_1_707' title='bbox 3377 4592 3563 4649; x_wconf 86' lang='lat' dir='ltr'><strong>fortis-</strong></span> 
     </span>
    </p>
   </div>
   <div class='ocr_carea' id='block_1_101' title="bbox 1984 4682 3563 4754">
    <p class='ocr_par' dir='ltr' id='par_1_101' title="bbox 1984 4682 3563 4754">
     <span class='ocr_line' id='line_1_101' title="bbox 1984 4682 3563 4754; baseline 0.002 -18"><span class='ocrx_word' id='word_1_708' title='bbox 1984 4683 2183 4737; x_wconf 86' lang='lat' dir='ltr'><strong>simum</strong></span> <span class='ocrx_word' id='word_1_709' title='bbox 2258 4696 2528 4752; x_wconf 80' lang='lat' dir='ltr'><strong>quemque</strong></span> <span class='ocrx_word' id='word_1_710' title='bbox 2598 4683 2668 4737; x_wconf 82' lang='lat' dir='ltr'><strong>ad</strong></span> <span class='ocrx_word' id='word_1_711' title='bbox 2738 4682 3009 4751; x_wconf 79' lang='lat' dir='ltr'><strong>singulare</strong></span> <span class='ocrx_word' id='word_1_712' title='bbox 3086 4683 3245 4754; x_wconf 71' lang='lat'><strong>160</strong></span> <span class='ocrx_word' id='word_1_713' title='bbox 3307 4696 3563 4752; x_wconf 82' lang='lat' dir='ltr'><strong>provocat</strong></span> 
     </span>
    </p>
   </div>
   <div class='ocr_carea' id='block_1_102' title="bbox 1984 4771 3562 4844">
    <p class='ocr_par' dir='ltr' id='par_1_102' title="bbox 1984 4771 3562 4844">
     <span class='ocr_line' id='line_1_102' title="bbox 1984 4771 3562 4844; baseline 0.002 -17"><span class='ocrx_word' id='word_1_714' title='bbox 1984 4782 2284 4827; x_wconf 79' lang='lat' dir='ltr'><strong>certamen.</strong></span> <span class='ocrx_word' id='word_1_715' title='bbox 2342 4771 2472 4826; x_wconf 83' lang='lat' dir='ltr'><strong>Erat</strong></span> <span class='ocrx_word' id='word_1_716' title='bbox 2531 4785 2709 4828; x_wconf 84' lang='lat' dir='ltr'><strong>autem</strong></span> <span class='ocrx_word' id='word_1_717' title='bbox 2742 4773 2813 4828; x_wconf 89' lang='lat' dir='ltr'><strong>ibi</strong></span> <span class='ocrx_word' id='word_1_718' title='bbox 2835 4773 3191 4844; x_wconf 70' lang='lat' dir='ltr'><strong>praecellentis</strong></span> <span class='ocrx_word' id='word_1_719' title='bbox 3229 4773 3562 4830; x_wconf 83' lang='lat' dir='ltr'><strong>fortitudinis</strong></span> 
     </span>
    </p>
   </div>
   <div class='ocr_carea' id='block_1_103' title="bbox 1983 4864 3561 4937">
    <p class='ocr_par' dir='ltr' id='par_1_103' title="bbox 1983 4864 3561 4937">
     <span class='ocr_line' id='line_1_103' title="bbox 1983 4864 3561 4937; baseline 0.002 -18"><span class='ocrx_word' id='word_1_720' title='bbox 1983 4864 2226 4934; x_wconf 87' lang='lat' dir='ltr'><strong>quidam,</strong></span> <span class='ocrx_word' id='word_1_721' title='bbox 2290 4864 2507 4919; x_wconf 87' lang='lat' dir='ltr'><strong>nomine</strong></span> <span class='ocrx_word' id='word_1_722' title='bbox 2564 4865 2854 4937; x_wconf 80' lang='lat' dir='ltr'><strong>Enchelys.</strong></span> <span class='ocrx_word' id='word_1_723' title='bbox 2906 4865 2957 4921; x_wconf 78' lang='grc' dir='ltr'>ιε</span> <span class='ocrx_word' id='word_1_724' title='bbox 3000 4878 3059 4920; x_wconf 85' lang='grc' dir='ltr'><strong>ιιι</strong></span> <span class='ocrx_word' id='word_1_725' title='bbox 3110 4866 3370 4923; x_wconf 83' lang='lat' dir='ltr'><strong>Thomam</strong></span> <span class='ocrx_word' id='word_1_726' title='bbox 3417 4867 3561 4922; x_wconf 82' lang='lat' dir='ltr'><strong>ciere</strong></span> 
     </span>
    </p>
   </div>
   <div class='ocr_carea' id='block_1_104' title="bbox 1983 4957 3559 5030">
    <p class='ocr_par' dir='ltr' id='par_1_104' title="bbox 1983 4957 3559 5030">
     <span class='ocr_line' id='line_1_104' title="bbox 1983 4957 3559 5030; baseline 0.002 -20"><span class='ocrx_word' id='word_1_727' title='bbox 1983 4973 2214 5030; x_wconf 83' lang='lat' dir='ltr'><strong>pugnam</strong></span> <span class='ocrx_word' id='word_1_728' title='bbox 2275 4958 2504 5023; x_wconf 87' lang='lat' dir='ltr'><strong>audivit,</strong></span> <span class='ocrx_word' id='word_1_729' title='bbox 2572 4969 2787 5027; x_wconf 90' lang='lat' dir='ltr'><strong>sumpto</strong></span> <span class='ocrx_word' id='word_1_730' title='bbox 2863 4957 3084 5014; x_wconf 83' lang='lat' dir='ltr'><strong>thorace</strong></span> <span class='ocrx_word' id='word_1_731' title='bbox 3173 4958 3457 5014; x_wconf 88' lang='lat' dir='ltr'><strong>descendit</strong></span> <span class='ocrx_word' id='word_1_732' title='bbox 3503 4959 3559 5014; x_wconf 83' lang='lat' dir='ltr'><strong>in</strong></span> 
     </span>
    </p>
   </div>
   <div class='ocr_carea' id='block_1_105' title="bbox 1982 5051 3555 5123">
    <p class='ocr_par' dir='ltr' id='par_1_105' title="bbox 1982 5051 3555 5123">
     <span class='ocr_line' id='line_1_105' title="bbox 1982 5051 3555 5123; baseline 0.001 -16"><span class='ocrx_word' id='word_1_733' title='bbox 1982 5066 2251 5119; x_wconf 82' lang='lat' dir='ltr'><strong>campum,</strong></span> <span class='ocrx_word' id='word_1_734' title='bbox 2280 5051 2531 5121; x_wconf 87' lang='lat' dir='ltr'><strong>lentoque</strong></span> <span class='ocrx_word' id='word_1_735' title='bbox 2563 5052 2777 5107; x_wconf 87' lang='lat' dir='ltr'><strong>obviam</strong></span> <span class='ocrx_word' id='word_1_736' title='bbox 2820 5052 2987 5122; x_wconf 83' lang='lat' dir='ltr'><strong>gradu</strong></span> <span class='ocrx_word' id='word_1_737' title='bbox 3017 5052 3239 5109; x_wconf 58' lang='lat' dir='ltr'><strong>Thomas</strong></span> <span class='ocrx_word' id='word_1_738' title='bbox 3288 5054 3555 5123; x_wconf 90' lang='lat' dir='ltr'><strong>procedit.</strong></span> 
     </span>
    </p>
   </div>
   <div class='ocr_carea' id='block_1_106' title="bbox 1982 5142 3554 5214">
    <p class='ocr_par' dir='ltr' id='par_1_106' title="bbox 1982 5142 3554 5214">
     <span class='ocr_line' id='line_1_106' title="bbox 1982 5142 3554 5214; baseline 0.001 -16"><span class='ocrx_word' id='word_1_739' title='bbox 1982 5142 2158 5198; x_wconf 83' lang='lat' dir='ltr'><strong>Pavor</strong></span> <span class='ocrx_word' id='word_1_740' title='bbox 2233 5144 2358 5200; x_wconf 89' lang='lat' dir='ltr'><strong>inde</strong></span> <span class='ocrx_word' id='word_1_741' title='bbox 2432 5143 2618 5197; x_wconf 79' lang='lat' dir='ltr'><strong>deﬁxit</strong></span> <span class='ocrx_word' id='word_1_742' title='bbox 2677 5144 2936 5214; x_wconf 86' lang='lat' dir='ltr'><strong>utrinque</strong></span> <span class='ocrx_word' id='word_1_743' title='bbox 3002 5153 3351 5214; x_wconf 88' lang='lat' dir='ltr'><strong>spectatores,</strong></span> <span class='ocrx_word' id='word_1_744' title='bbox 3424 5142 3554 5199; x_wconf 89' lang='lat' dir='ltr'><strong>dum</strong></span> 
     </span>
    </p>
   </div>
   <div class='ocr_carea' id='block_1_107' title="bbox 1982 5234 3553 5307">
    <p class='ocr_par' dir='ltr' id='par_1_107' title="bbox 1982 5234 3553 5307">
     <span class='ocr_line' id='line_1_107' title="bbox 1982 5234 3553 5307; baseline -0.001 -16"><span class='ocrx_word' id='word_1_745' title='bbox 1982 5236 2358 5307; x_wconf 86' lang='lat' dir='ltr'><strong>cataphractos</strong></span> <span class='ocrx_word' id='word_1_746' title='bbox 2385 5249 2676 5307; x_wconf 81' lang='lat' dir='ltr'><strong>generosos</strong></span> <span class='ocrx_word' id='word_1_747' title='bbox 2704 5235 2839 5292; x_wconf 90' lang='lat' dir='ltr'><strong>istos</strong></span> <span class='ocrx_word' id='word_1_748' title='bbox 2878 5250 2942 5291; x_wconf 92' lang='lat' dir='ltr'><strong>eo</strong></span> <span class='ocrx_word' id='word_1_749' title='bbox 2965 5250 3027 5293; x_wconf 89' lang='lat' dir='ltr'><strong>se</strong></span> <span class='ocrx_word' id='word_1_750' title='bbox 3058 5237 3109 5294; x_wconf 92' lang='lat' dir='ltr'><strong>in</strong></span> <span class='ocrx_word' id='word_1_751' title='bbox 3140 5234 3259 5293; x_wconf 93' lang='lat' dir='ltr'><strong>loco</strong></span> <span class='ocrx_word' id='word_1_752' title='bbox 3298 5245 3553 5307; x_wconf 89' lang='lat' dir='ltr'><strong>tanquam</strong></span> 
     </span>
    </p>
   </div>
   <div class='ocr_carea' id='block_1_108' title="bbox 1614 5372 2194 5456">
    <p class='ocr_par' dir='ltr' id='par_1_108' title="bbox 1614 5372 2194 5456">
     <span class='ocr_line' id='line_1_108' title="bbox 1614 5372 2194 5456; baseline 0.007 -21"><span class='ocrx_word' id='word_1_753' title='bbox 1614 5374 1713 5436; x_wconf 91' lang='lat' dir='ltr'><strong>Du</strong></span> <span class='ocrx_word' id='word_1_754' title='bbox 1751 5372 1973 5456; x_wconf 86' lang='lat' dir='ltr'><strong>Cangii</strong></span> <span class='ocrx_word' id='word_1_755' title='bbox 2008 5382 2194 5439; x_wconf 73' lang='lat' dir='ltr'><strong>noun.</strong></span> 
     </span>
    </p>
   </div>
   <div class='ocr_carea' id='block_1_109' title="bbox 369 5514 1875 5589">
    <p class='ocr_par' dir='ltr' id='par_1_109' title="bbox 369 5514 1875 5589">
     <span class='ocr_line' id='line_1_109' title="bbox 369 5514 1875 5589; baseline -0.001 -16"><span class='ocrx_word' id='word_1_756' title='bbox 369 5514 483 5589; x_wconf 61' lang='grc'><strong>(94)</strong></span> <span class='ocrx_word' id='word_1_757' title='bbox 526 5517 914 5589; x_wconf 54' lang='grc' dir='ltr'>Ὀστούνιοῃ</span> <span class='ocrx_word' id='word_1_758' title='bbox 953 5514 1099 5571; x_wconf 87' lang='lat' dir='ltr'><strong>Urbs</strong></span> <span class='ocrx_word' id='word_1_759' title='bbox 1122 5515 1348 5589; x_wconf 44' lang='grc' dir='ltr'><strong>ΔΑριιιίειι</strong></span> <span class='ocrx_word' id='word_1_760' title='bbox 1390 5515 1659 5573; x_wconf 71' lang='lat' dir='ltr'><strong>Peucetiae</strong></span> <span class='ocrx_word' id='word_1_761' title='bbox 1704 5531 1875 5586; x_wconf 86' lang='lat' dir='ltr'><strong>parvo</strong></span> 
     </span>
    </p>
   </div>
   <div class='ocr_carea' id='block_1_110' title="bbox 301 5586 1871 5653">
    <p class='ocr_par' dir='ltr' id='par_1_110' title="bbox 301 5586 1871 5653">
     <span class='ocr_line' id='line_1_110' title="bbox 301 5586 1871 5653; baseline -0.001 -13"><span class='ocrx_word' id='word_1_762' title='bbox 301 5590 356 5641; x_wconf 90' lang='lat' dir='ltr'><strong>in</strong></span> <span class='ocrx_word' id='word_1_763' title='bbox 374 5586 509 5645; x_wconf 83' lang='lat' dir='ltr'><strong>colle</strong></span> <span class='ocrx_word' id='word_1_764' title='bbox 529 5590 631 5645; x_wconf 90' lang='lat' dir='ltr'><strong>sita</strong></span> <span class='ocrx_word' id='word_1_765' title='bbox 652 5590 792 5644; x_wconf 90' lang='lat' dir='ltr'><strong>inter</strong></span> <span class='ocrx_word' id='word_1_766' title='bbox 813 5586 1010 5645; x_wconf 79' lang='lat' dir='ltr'><strong>Molam</strong></span> <span class='ocrx_word' id='word_1_767' title='bbox 1033 5596 1088 5644; x_wconf 90' lang='lat' dir='ltr'><strong>et</strong></span> <span class='ocrx_word' id='word_1_768' title='bbox 1108 5586 1514 5643; x_wconf 87' lang='lat' dir='ltr'><strong>Conversanum</strong></span> <span class='ocrx_word' id='word_1_769' title='bbox 1539 5602 1604 5642; x_wconf 80' lang='lat' dir='ltr'><strong>ex</strong></span> <span class='ocrx_word' id='word_1_770' title='bbox 1635 5590 1871 5653; x_wconf 81' lang='lat' dir='ltr'><strong>oriente,</strong></span> 
     </span>
    </p>
   </div>
   <div class='ocr_carea' id='block_1_111' title="bbox 301 5657 1872 5801">
    <p class='ocr_par' dir='ltr' id='par_1_111' title="bbox 301 5657 1872 5801">
     <span class='ocr_line' id='line_1_111' title="bbox 301 5657 1782 5716; baseline -0.004 0"><span class='ocrx_word' id='word_1_771' title='bbox 301 5657 495 5716; x_wconf 77' lang='lat' dir='ltr'><strong>Ostuni</strong></span> <span class='ocrx_word' id='word_1_772' title='bbox 527 5658 706 5716; x_wconf 83' lang='lat' dir='ltr'><strong>hodie.</strong></span> <span class='ocrx_word' id='word_1_773' title='bbox 1780 5688 1782 5691; x_wconf 90' lang='lat'><strong><em>-</em></strong></span> 
     </span>
     <span class='ocr_line' id='line_1_112' title="bbox 368 5724 1872 5801; baseline -0.005 -15"><span class='ocrx_word' id='word_1_774' title='bbox 368 5730 489 5801; x_wconf 12' lang='lat'><strong>(95).</strong></span> <span class='ocrx_word' id='word_1_775' title='bbox 512 5731 592 5787; x_wconf 86' lang='grc' dir='ltr'><strong><em>Ἦ</em></strong></span> <span class='ocrx_word' id='word_1_776' title='bbox 612 5728 972 5801; x_wconf 14' lang='grc' dir='ltr'>ἃὴίΤεμέση.</span> <span class='ocrx_word' id='word_1_777' title='bbox 1002 5727 1271 5801; x_wconf 68' lang='lat' dir='ltr'><strong>Temeste,</strong></span> <span class='ocrx_word' id='word_1_778' title='bbox 1293 5726 1670 5801; x_wconf 71' lang='lat' dir='ltr'><strong>Temessaa.et</strong></span> <span class='ocrx_word' id='word_1_779' title='bbox 1706 5724 1872 5801; x_wconf 73' lang='lat' dir='ltr'><strong>Tem-</strong></span> 
     </span>
    </p>
   </div>
   <div class='ocr_carea' id='block_1_112' title="bbox 300 5798 1871 5869">
    <p class='ocr_par' dir='ltr' id='par_1_112' title="bbox 300 5798 1871 5869">
     <span class='ocr_line' id='line_1_113' title="bbox 300 5798 1871 5869; baseline -0.005 -13"><span class='ocrx_word' id='word_1_780' title='bbox 300 5813 411 5869; x_wconf 64' lang='lat' dir='ltr'><strong>pse</strong></span> <span class='ocrx_word' id='word_1_781' title='bbox 439 5798 819 5857; x_wconf 67' lang='lat' dir='ltr'><strong>vetustissima:</strong></span> <span class='ocrx_word' id='word_1_782' title='bbox 848 5803 902 5855; x_wconf 86' lang='lat' dir='ltr'><strong>in</strong></span> <span class='ocrx_word' id='word_1_783' title='bbox 928 5800 1155 5854; x_wconf 85' lang='lat' dir='ltr'><strong>Bruttiis</strong></span> <span class='ocrx_word' id='word_1_784' title='bbox 1194 5800 1343 5855; x_wconf 87' lang='lat' dir='ltr'><strong>urbis</strong></span> <span class='ocrx_word' id='word_1_785' title='bbox 1374 5810 1429 5855; x_wconf 82' lang='lat' dir='ltr'><strong>et</strong></span> <span class='ocrx_word' id='word_1_786' title='bbox 1463 5800 1601 5867; x_wconf 84' lang='lat' dir='ltr'><strong>apud</strong></span> <span class='ocrx_word' id='word_1_787' title='bbox 1643 5798 1871 5866; x_wconf 80' lang='lat' dir='ltr'><strong>scripto-</strong></span> 
     </span>
    </p>
   </div>
   <div class='ocr_carea' id='block_1_113' title="bbox 303 5869 1873 5942">
    <p class='ocr_par' dir='ltr' id='par_1_113' title="bbox 303 5869 1873 5942">
     <span class='ocr_line' id='line_1_114' title="bbox 303 5869 1873 5942; baseline -0.001 -17"><span class='ocrx_word' id='word_1_788' title='bbox 303 5884 392 5928; x_wconf 83' lang='lat' dir='ltr'><strong>res</strong></span> <span class='ocrx_word' id='word_1_789' title='bbox 433 5871 800 5929; x_wconf 72' lang='lat' dir='ltr'><strong>celeberrima:</strong></span> <span class='ocrx_word' id='word_1_790' title='bbox 852 5870 1263 5942; x_wconf 88' lang='lat' dir='ltr'><strong>appellationem</strong></span> <span class='ocrx_word' id='word_1_791' title='bbox 1316 5880 1369 5926; x_wconf 84' lang='lat' dir='ltr'><strong>et</strong></span> <span class='ocrx_word' id='word_1_792' title='bbox 1414 5869 1573 5924; x_wconf 80' lang='lat' dir='ltr'><strong>situm</strong></span> <span class='ocrx_word' id='word_1_793' title='bbox 1626 5876 1873 5939; x_wconf 70' lang='lat' dir='ltr'><strong>qumrunt</strong></span> 
     </span>
    </p>
   </div>
   <div class='ocr_carea' id='block_1_114' title="bbox 1984 5511 3554 5583">
    <p class='ocr_par' dir='ltr' id='par_1_114' title="bbox 1984 5511 3554 5583">
     <span class='ocr_line' id='line_1_115' title="bbox 1984 5511 3554 5583; baseline -0.001 -13"><span class='ocrx_word' id='word_1_794' title='bbox 1984 5514 2228 5570; x_wconf 89' lang='lat' dir='ltr'><strong>hodierni</strong></span> <span class='ocrx_word' id='word_1_795' title='bbox 2261 5515 2550 5583; x_wconf 83' lang='lat' dir='ltr'><strong>geographi</strong></span> <span class='ocrx_word' id='word_1_796' title='bbox 2591 5534 2605 5568; x_wconf 88' lang='lat'>:</span> <span class='ocrx_word' id='word_1_797' title='bbox 2640 5511 2811 5580; x_wconf 87' lang='lat' dir='ltr'><strong>solus,</strong></span> <span class='ocrx_word' id='word_1_798' title='bbox 2842 5513 2987 5583; x_wconf 85' lang='lat' dir='ltr'><strong>quod</strong></span> <span class='ocrx_word' id='word_1_799' title='bbox 3017 5515 3212 5578; x_wconf 86' lang='lat' dir='ltr'><strong>sciam,</strong></span> <span class='ocrx_word' id='word_1_800' title='bbox 3254 5512 3554 5569; x_wconf 87' lang='lat' dir='ltr'><strong>Cinnamus</strong></span> 
     </span>
    </p>
   </div>
   <div class='ocr_carea' id='block_1_115' title="bbox 1985 5583 3551 5652">
    <p class='ocr_par' dir='ltr' id='par_1_115' title="bbox 1985 5583 3551 5652">
     <span class='ocr_line' id='line_1_116' title="bbox 1985 5583 3551 5652; baseline 0.002 -16"><span class='ocrx_word' id='word_1_801' title='bbox 1985 5598 2140 5639; x_wconf 80' lang='lat' dir='ltr'><strong>vetns</strong></span> <span class='ocrx_word' id='word_1_802' title='bbox 2162 5599 2280 5639; x_wconf 90' lang='lat' dir='ltr'><strong>esse</strong></span> <span class='ocrx_word' id='word_1_803' title='bbox 2308 5583 2591 5639; x_wconf 86' lang='lat' dir='ltr'><strong>Brundusii</strong></span> <span class='ocrx_word' id='word_1_804' title='bbox 2623 5599 2817 5639; x_wconf 91' lang='lat' dir='ltr'><strong>nomen</strong></span> <span class='ocrx_word' id='word_1_805' title='bbox 2871 5584 3143 5640; x_wconf 87' lang='lat' dir='ltr'><strong>contendit</strong></span> <span class='ocrx_word' id='word_1_806' title='bbox 3167 5586 3293 5639; x_wconf 82' lang='lat' dir='ltr'><strong>:sed</strong></span> <span class='ocrx_word' id='word_1_807' title='bbox 3318 5599 3389 5638; x_wconf 81' lang='lat' dir='ltr'><strong>an</strong></span> <span class='ocrx_word' id='word_1_808' title='bbox 3421 5600 3551 5652; x_wconf 82' lang='lat' dir='ltr'><strong>pro-</strong></span> 
     </span>
    </p>
   </div>
   <div class='ocr_carea' id='block_1_116' title="bbox 1984 5653 3555 5726">
    <p class='ocr_par' dir='ltr' id='par_1_116' title="bbox 1984 5653 3555 5726">
     <span class='ocr_line' id='line_1_117' title="bbox 1984 5653 3555 5726; baseline -0.001 -17"><span class='ocrx_word' id='word_1_809' title='bbox 1984 5655 2191 5726; x_wconf 72' lang='lat' dir='ltr'><strong>habilis</strong></span> <span class='ocrx_word' id='word_1_810' title='bbox 2212 5654 2459 5726; x_wconf 76' lang='lat' dir='ltr'><strong>videntur</strong></span> <span class='ocrx_word' id='word_1_811' title='bbox 2486 5656 2773 5726; x_wconf 84' lang='lat' dir='ltr'><strong>sententia,</strong></span> <span class='ocrx_word' id='word_1_812' title='bbox 2804 5653 2979 5726; x_wconf 86' lang='lat' dir='ltr'><strong>quivis</strong></span> <span class='ocrx_word' id='word_1_813' title='bbox 3008 5654 3224 5726; x_wconf 72' lang='lat' dir='ltr'><strong>colliget</strong></span> <span class='ocrx_word' id='word_1_814' title='bbox 3254 5669 3318 5708; x_wconf 75' lang='lat' dir='ltr'><strong>ex</strong></span> <span class='ocrx_word' id='word_1_815' title='bbox 3350 5655 3555 5726; x_wconf 62' lang='lat' dir='ltr'><strong>iisquae</strong></span> 
     </span>
    </p>
   </div>
   <div class='ocr_carea' id='block_1_117' title="bbox 1982 5722 3549 5789">
    <p class='ocr_par' dir='ltr' id='par_1_117' title="bbox 1982 5722 3549 5789">
     <span class='ocr_line' id='line_1_118' title="bbox 1982 5722 3549 5789; baseline -0.001 -10"><span class='ocrx_word' id='word_1_816' title='bbox 1982 5730 2049 5779; x_wconf 85' lang='lat' dir='ltr'><strong>de</strong></span> <span class='ocrx_word' id='word_1_817' title='bbox 2082 5725 2307 5781; x_wconf 86' lang='lat' dir='ltr'><strong>&#39;l‘cmesa</strong></span> <span class='ocrx_word' id='word_1_818' title='bbox 2328 5725 2794 5780; x_wconf 79' lang='lat' dir='ltr'><strong>bsbentLeander</strong></span> <span class='ocrx_word' id='word_1_819' title='bbox 2810 5725 3065 5782; x_wconf 84' lang='lat' dir='ltr'><strong>Albertus</strong></span> <span class='ocrx_word' id='word_1_820' title='bbox 3094 5722 3158 5779; x_wconf 69' lang='lat' dir='ltr'><strong>in</strong></span> <span class='ocrx_word' id='word_1_821' title='bbox 3183 5725 3367 5780; x_wconf 67' lang='grc' dir='ltr'>ορεστ.</span> <span class='ocrx_word' id='word_1_822' title='bbox 3399 5722 3549 5789; x_wconf 63' lang='grc' dir='ltr'>ηδιι,</span> 
     </span>
    </p>
   </div>
   <div class='ocr_carea' id='block_1_118' title="bbox 1981 5794 3556 5868">
    <p class='ocr_par' dir='ltr' id='par_1_118' title="bbox 1981 5794 3556 5868">
     <span class='ocr_line' id='line_1_119' title="bbox 1981 5794 3556 5868; baseline 0.004 -23"><span class='ocrx_word' id='word_1_823' title='bbox 1981 5794 2350 5868; x_wconf 69' lang='lat' dir='ltr'><strong>(_)_hiverins,_l_.</strong></span> <span class='ocrx_word' id='word_1_824' title='bbox 2376 5810 2428 5849; x_wconf 86' lang='lat' dir='ltr'><strong>tv</strong></span> <span class='ocrx_word' id='word_1_825' title='bbox 2459 5794 2638 5855; x_wconf 71' lang='lat' dir='ltr'><strong>Italica</strong></span> <span class='ocrx_word' id='word_1_826' title='bbox 2665 5794 2928 5868; x_wconf 61' lang='lat' dir='ltr'><strong>Antiquis,</strong></span> <span class='ocrx_word' id='word_1_827' title='bbox 2952 5811 3003 5854; x_wconf 89' lang='lat' dir='ltr'><strong>c.</strong></span> <span class='ocrx_word' id='word_1_828' title='bbox 3033 5795 3122 5866; x_wconf 77' lang='grc'><strong>15,</strong></span> <span class='ocrx_word' id='word_1_829' title='bbox 3149 5804 3206 5854; x_wconf 87' lang='lat' dir='ltr'><strong>et</strong></span> <span class='ocrx_word' id='word_1_830' title='bbox 3232 5795 3471 5855; x_wconf 74' lang='lat' dir='ltr'><strong>Ortelius</strong></span> <span class='ocrx_word' id='word_1_831' title='bbox 3499 5795 3556 5851; x_wconf 82' lang='lat' dir='ltr'><strong>in</strong></span> 
     </span>
    </p>
   </div>
   <div class='ocr_carea' id='block_1_119' title="bbox 1983 5864 2482 5937">
    <p class='ocr_par' dir='ltr' id='par_1_119' title="bbox 1983 5864 2482 5937">
     <span class='ocr_line' id='line_1_120' title="bbox 1983 5864 2482 5937; baseline 0.006 -17"><span class='ocrx_word' id='word_1_832' title='bbox 1983 5864 2256 5925; x_wconf 75' lang='lat' dir='ltr'><strong>Thesauro</strong></span> <span class='ocrx_word' id='word_1_833' title='bbox 2288 5864 2482 5937; x_wconf 70' lang='lat' dir='ltr'><strong>Ccogr.</strong></span> 
     </span>
    </p>
   </div>
  </div>
