4074 6286
484 374 591 437 503

1761 385 2083 448 JOANNIS
2121 386 2452 449 CINNAMI

3641 401 3747 464 506

480 488 597 553 ipse
629 497 769 543 totus
804 490 995 545 unicus
1028 492 1272 548 videatur
1308 494 1463 564 lapis.
1493 495 1593 551 Ubi
1623 511 1750 552 vero
1790 498 2060 554 moenibus

2166 501 2260 554 ἐπὶ
2289 502 2610 574 Βρεντέσιον
2642 504 3024 578 ἀνεχώρησαν,
3057 510 3309 581 μηχανήν
3341 507 3400 563 τέ
3444 528 3565 566 τινα
3623 530 3750 567 τεκ-

482 578 789 632 ntacbinam
830 581 1185 636 admoverunt
1221 581 1489 648 Romani,
1531 601 1649 640 eam
1699 599 1858 643 nocte
1905 590 2070 645 sube-

483 676 643 723 untes
685 684 898 723 murum
934 671 987 725 in
1025 671 1153 741 ipsis
1198 672 1567 730 fundamentis
1610 675 1906 733 sull‘odiunt
1944 692 2069 747 ege-

476 766 672 827 staque
714 761 837 814 inde
877 762 1072 816 rudera
1106 765 1157 817 iu
1202 765 1426 819 alteram
1462 766 1799 823 transferunt
1834 782 2064 839 partem,

475 852 652 911 donec
701 859 969 926 superatis
1016 857 1224 914 ultimis
1270 859 1745 915 fundamentorum
1798 849 2067 931 lapidibus

478 943 736 1000 adimam
765 946 1032 1003 devenere
1064 949 1311 1014 hmnum,
1338 964 1445 1019 qua
1484 959 1637 1005 eruta
1671 952 1845 1007 locum
1875 968 2067 1021 quem-

474 1036 599 1091 dam
651 1035 935 1093 coniecere
984 1052 1210 1093 vacuum
1274 1054 1508 1110 cumque
1561 1043 1856 1110 suppositis
1902 1043 2065 1114 lignis

476 1128 770 1198 replevere,
793 1131 986 1200 quibus
1008 1144 1073 1186 ea
1096 1146 1213 1199 quze
1233 1132 1333 1186 hae
1357 1141 1509 1200 parte
1528 1134 1836 1189 eminebant
1866 1136 2064 1190 mmnia

472 1228 868 1276 sustentarent.
886 1222 967 1276 Ad
991 1230 1292 1278 extremum
1313 1234 1370 1278 ut
1390 1224 1662 1279 obstinato
1688 1225 1865 1280 adhuc
1881 1227 2067 1282 animo

470 1322 721 1378 perstare
750 1314 1048 1385 oppidanos
1072 1317 1273 1379 vident,
1310 1316 1487 1385 ignem
1517 1317 1637 1372 loco
1676 1316 1942 1389 injiciunt,
1972 1319 2065 1388 qui

470 1408 776 1478 absumptis
804 1407 1060 1464 celeriter
1093 1408 1272 1479 lignis,
1312 1425 1525 1463 mttrum
1552 1410 1768 1481 disiecit
1801 1410 2063 1478 funditus,

471 1518 690 1573 unaque
716 1518 782 1558 ex
814 1503 880 1558 iis
906 1503 1212 1572 complures
1243 1502 1331 1571 qui
1365 1505 1416 1556 in
1452 1503 1582 1571 ipsis
1614 1504 1832 1557 stabant
1858 1517 2065 1573 propu-

470 1595 716 1662 gnaculis
763 1594 1071 1666 prmcipites
1117 1596 1308 1650 dedit:
1343 1598 1555 1650 caeteris
1601 1597 1817 1651 interim
1867 1596 1958 1666 qui
2010 1596 2064 1650 in

472 1686 788 1743 interiorem
842 1704 1056 1743 murum
1125 1688 1451 1759 refugerant,
1525 1687 1874 1743 nihilominus
1918 1689 2068 1743 obsi-

470 1781 761 1837 alentibus.

2168 595 2489 665 τηνάμενοι,
2514 598 2581 669 ῆν
2615 598 2855 668 χελώνην
2901 600 3088 654 καλεῖν
3129 601 3249 666 ἔθος
3273 601 3418 668 ἐστὶ,
3464 606 3530 673 τῇ
3583 605 3753 675 ἀκρο-

2170 687 2326 742 πόλει
2349 691 2645 760 προσῆγον
2682 692 2852 745 Τοῦτο
2872 693 2923 746 οί
2954 694 3048 747 ἐπὶ
3083 694 3194 748 τῶν
3222 696 3452 769 τειχέων
3484 696 3757 766 θεώμενοι

2170 781 2345 836 πλατὺ
2370 782 2595 849 ἐγέλων,
2628 785 2868 855 οἰόμενοι
2896 788 2979 841 ὅτι
3010 788 3073 858 δὴ
3108 788 3412 858 σπαράξειν
3455 788 3602 843 οὕτω
3655 789 3755 860 τὴν

2168 875 2517 945 τειχοδομίαν
2546 865 2908 943 διανοοῦνται,
2944 882 3179 951 πρᾶγμα
3226 882 3428 953 κομιδῇ
3484 882 3754 953 ἀδύνατον

2167 965 2436 1021 evneum
2460 967 2568 1039 γὰρ
2604 972 2887 1039 μεμύκασι
2920 974 3058 1042 πρὸς
3082 971 3349 1042 ἀλλήλους
3378 952 3428 1025 οί
3479 971 3644 1037 λίθοι,
3676 952 3755 1034 ὡς

2168 1056 2318 1112 λίθον
2358 1059 2455 1114 ἕνα
2518 1061 2579 1114 τὸ
2632 1061 2781 1115 ἅπαν
2824 1063 3067 1116 ἐοικέναι
3126 1066 3327 1133 τεῖχος.
3370 1062 3638 1134 Ῥωμαῖοι
3693 1063 3753 1116 δὲ

2168 1151 2361 1221 ἐπειδὴ
2378 1154 2491 1215 τοῖς
2517 1152 2753 1224 τείχεσιν
2784 1153 3065 1223 ἐπήλασαν
3088 1156 3149 1209 τδ
3175 1157 3498 1228 μηχάνημα,
3529 1140 3754 1229 νύκτωρ

2171 1240 2302 1294 αὐτὸ
2331 1241 2697 1312 ὑπερχόμενοι
2725 1244 3081 1300 ύπέσκαπτον
3141 1246 3252 1301 τῶν
3305 1246 3753 1318 κρηπιδωμάτων

2170 1329 2340 1397 ἐγγὺς
2377 1333 2467 1385 τόν
2498 1331 2692 1401 τεχοῦν
2723 1333 3088 1403 ἐκφοροῦντες
3116 1334 3211 1388 ἐπὶ
3261 1323 3479 1403 θάτερα
3526 1335 3748 1402 ἐξῆγον,

2169 1419 2274 1481 ἕως
2299 1421 2427 1484 τοὺς
2451 1422 2719 1492 ἐσχάτους
2752 1423 3116 1494 παρελθόντες
3139 1423 3253 1475 τῶν
3277 1423 3546 1493 θεμελίων
3566 1424 3753 1485 λίθους

2169 1509 2259 1561 ἐπὶ
2288 1509 2378 1561 τὸν
2412 1508 2633 1581 ἔνερθεν
2662 1514 3040 1583 κατηντήκασι
3095 1511 3248 1583 χοῦν.
3278 1511 3353 1566 Τὸ
3402 1512 3448 1565 δ’
3493 1511 3749 1566 ἐντεῦθεν

2167 1600 2432 1665 διελόντες
2462 1601 2624 1655 αὑτὸν
2648 1606 2812 1674 κενήν
2844 1622 2967 1657 τινα
3011 1604 3196 1677 χώραν
3261 1605 3505 1667 ἐποίουν,
3577 1603 3749 1667 ξυλώ-

2173 1690 2319 1760 ματά
2351 1708 2409 1743 τε
2437 1691 2803 1757 ὑποϐαλόντες
2828 1697 2949 1748 τινὰ
2979 1696 3079 1767 τήν
3116 1713 3175 1749 τε
3225 1694 3516 1764 κοιλότητα
3579 1693 3749 1761 ὲπλήο

2173 1799 2300 1853 ρουν
2326 1784 2419 1837 καὶ
2444 1785 2503 1837 τὸ
2522 1786 2651 1855 τῇδε
2686 1787 2781 1839 τοῦ
2810 1787 3102 1858 περιϐόλου
3131 1788 3457 1860 αἰωρεῖσθαι
3505 1786 3748 1856 συμϐαῖ-

470 1894 562 1933 νον
590 1878 883 1949 ὑπανείχον
920 1876 1217 1939 διἀύτῶν,
1250 1877 1354 1940 ἕως
1419 1878 1545 1941 τοὺς
1592 1877 1738 1933 ἔνδον
1803 1879 2417 1949 ίσχυρογνωμονοῦντας
2482 1881 2563 1934 ἔτι
2620 1882 2857 1949 ὁρῶντες
2907 1882 3194 1950 ὑπανῆκαν
3257 1881 3334 1951 τῷ
3394 1882 3559 1953 χώρῳ
3610 1878 3749 1949 πῦρ.

474 1976 547 2029 Τὸ
582 1973 640 2028 δὲ
697 1975 832 2044 ταχὺ
881 1974 982 2045 τὴν
1026 1972 1162 2041 ὕλην
1212 1972 1684 2043 διανεμησάμενον
1748 1970 2047 2044 πρόρριζον
2084 1974 2166 2038 είς
2228 1972 2327 2042 τὴν
2359 1975 2463 2042 γῆν
2508 1976 2569 2027 τὸ
2627 1979 2805 2046 τεῖχος
2838 1975 3157 2029 κατέσπακε
3185 1991 3200 2005 ·
3255 1974 3668 2041 συγκατήνεγκε
3691 1971 3745 2024 ﬁt

472 2067 706 2122 καὶτῶν
736 2069 829 2123 ἐπὶ
859 2068 968 2122 τῶν
986 2066 1264 2132 ἐπάλξεων
1304 2065 1555 2129 πολλούς,
1585 2064 1730 2120 Ἀλλ’
1788 2068 1838 2121 oi
1902 2066 2180 2138 Βάρϐαροι
2251 2068 2345 2120 ἐπὶ
2384 2068 2445 2120 τὸ
2512 2068 2779 2139 ἐνδοτέρω
2838 2068 3298 2138 ἀναχωρήσαντες
3368 2068 3546 2137 τεῖχος
3588 2065 3748 2120 οὐδὲν

471 2164 634 2241 ἦττον
660 2166 991 2238 ἀντείχοντο.

544 2259 633 2315 12.
678 2256 817 2316 Dum
846 2259 994 2324 in_eo
1024 2267 1207 2314 essent
1238 2266 1381 2312 statu
1419 2270 1503 2311 res
1538 2256 1928 2320 Romanorum,
1963 2256 2066 2309 im-
2092 2253 2140 2313 B

473 2362 691 2419 perator
728 2358 1099 2419 comparatam
1153 2350 1381 2404 classem
1432 2356 1830 2416 terrestresque
1877 2344 2061 2412 copias

477 2440 531 2495 in
559 2438 764 2494 Italiam
801 2438 949 2494 misit
978 2457 993 2494 :
1028 2439 1241 2507 utrique
1272 2438 1533 2492 exercitui
1574 2437 1864 2505 praeposito
1899 2434 2059 2507 165

479 2531 691 2596 Alexio,
722 2528 1064 2601 imperatoris
1092 2528 1265 2583 Alexii
1306 2543 1371 2584 ex
1417 2529 1522 2583 filia
1564 2539 1781 2599 nepote,
1814 2530 1906 2598 qui
1948 2538 2061 2582 tum

478 2621 658 2693 magni
701 2620 855 2675 ducis
901 2619 1220 2690 fungebatur
1266 2621 1527 2689 dignitate
1558 2637 1573 2679 :
1606 2620 1709 2675 hoc
1752 2620 1799 2674 ei
1836 2623 1961 2675 dato
2006 2619 2061 2673 in

478 2712 769 2774 mandatis,
802 2720 857 2766 ut
894 2710 1055 2766 alium
1088 2722 1349 2780 praeterea
1384 2710 1728 2766 contraheret
1760 2712 2060 2766 exercitum

474 2805 662 2871 sicque
695 2802 901 2857 Italiam
936 2802 1237 2858 invaderet.
1271 2800 1376 2856 Sed
1424 2801 1556 2856 nihil
1588 2802 1779 2856 horum
1832 2801 1922 2856 ille
1966 2817 2063 2856 ex-

474 2903 693 2951 secutus
725 2892 1086 2948 Brundusium
1114 2893 1281 2959 venit,
1309 2902 1421 2946 tum
1450 2892 1592 2961 quod
1635 2892 1847 2961 plurimi
1888 2893 2057 2962 ipsam

478 3000 587 3044 tam
612 3001 829 3059 gravem
856 2988 1305 3058 pertimescerent
1333 2985 1749 3055 navigationem,
1778 2996 1887 3039 tum
1917 2986 2059 3055 quod

478 3081 569 3136 alii
596 3078 834 3150 pericula
871 3080 939 3135 ab
972 3078 1124 3134 hoste
1152 3077 1489 3133 imminentia
1525 3085 1859 3132 vererentur.
1884 3077 2059 3146 Atque

477 3174 602 3230 inde
650 3171 989 3228 manifestius
1034 3170 1202 3241 coepit
1243 3168 1458 3225 fortuna
1503 3170 1757 3239 deinceps
1800 3168 2059 3223 Romanis

475 3268 741 3321 invidere.
778 3264 1049 3320 Bobertus
1098 3263 1267 3324 enim,
1313 3263 1405 3331 qui
1451 3263 1713 3316 hactenus
1748 3246 1897 3314 arma
1932 3275 2055 3315 cunt

474 3354 584 3412 illis
614 3356 989 3427 coniunxerat,
1039 3362 1098 3408 ul
1136 3353 1462 3409 Gulielmum
1499 3367 1619 3406 cum
1671 3351 1859 3405 validis
1890 3353 2059 3419 couiis

476 3448 770 3503 adventare
797 3445 1062 3517 percepit,
1087 3444 1328 3515 viditque
1365 3444 1591 3499 necdum
1616 3442 1904 3497 Brundusii
1930 3458 2058 3497 arce

475 3540 678 3612 potitos
720 3539 1018 3602 Romanos,
1058 3553 1085 3591 a
1134 3535 1455 3592 commilitio
1499 3534 1754 3600 recessit;
1796 3548 1910 3588 eam
1960 3533 2054 3588 ob-

477 3633 705 3687 tendens
755 3644 999 3694 causam,
1046 3627 1200 3699 quasi
1252 3625 1540 3682 excederet
1585 3625 1727 3689 inde,
1768 3634 1820 3677 ut
1876 3624 2061 3693 copias

476 3740 595 3794 quae
621 3723 673 3778 in
704 3723 903 3778 laboris
926 3731 1133 3793 partem
1160 3720 1428 3783 venirent,
1452 3718 1813 3773 contraheret.
1841 3716 2062 3785 Equites

476 3827 734 3887 pmterea
762 3831 827 3871 ex
854 3814 1031 3870 Marca
1062 3814 1284 3871 civitate
1311 3810 1576 3881 duplicari
1605 3810 1706 3867 sibi
1731 3808 2060 3879 stipendium

475 3908 832 3978 postulantes,
858 3922 916 3962 re
948 3921 1052 3962 non
1084 3906 1301 3961 obtenta
1338 3917 1631 3959 recessere.
1656 3899 1754 3955 llis
1774 3901 2063 3971 compertis

474 4000 793 4068 Gulielmus,
822 4008 1101 4071 assumpto
1129 3998 1391 4064 exercitu,
1408 4005 1555 4051 recta
1579 4004 1766 4050 contra
1788 3993 2063 4047 Romanos

476 4094 841 4164 progreditur.
869 4091 981 4147 lliis
1006 4106 1137 4146 vero
1161 4089 1586 4145 deliberantibus
1608 4087 2061 4158 quemadmodum

475 4184 671 4241 bellum
714 4183 767 4238 id
796 4182 1039 4239 ordinari
1077 4189 1375 4252 oporteret,
1418 4181 1638 4251 quidam
1679 4178 1858 4232 Barim
1905 4177 2063 4232 redeo

476 4276 681 4332 undum
731 4281 1084 4339 censuerunt,
1130 4272 1379 4343 valloque
1428 4272 1615 4327 urbem
1662 4270 2061 4325 muniendam:

473 4369 599 4426 aliis
638 4366 911 4440 ejusmodi
953 4367 1237 4423 consilium
1290 4381 1394 4421 non
1444 4365 1652 4431 arrisit,
1695 4373 1894 4419 metum
1944 4363 2063 4417 fore

476 4462 821 4518 manifestum
851 4461 1177 4529 dicentibus,
1210 4459 1254 4516 si
1292 4459 1507 4514 omissis
1540 4458 1607 4513 iis
1643 4473 1761 4527 qua:
1799 4456 1853 4509 in
1891 4455 2065 4509 mani-

473 4555 575 4611 bus
614 4562 773 4609 erant
803 4562 951 4608 retro
983 4552 1260 4607 cederent.
1295 4549 1481 4619 Itaque
1513 4549 1711 4618 quibus
1752 4561 1815 4600 ea
1860 4545 2064 4615 placuit

474 4646 766 4712 sententia,
816 4654 1029 4715 tempus
1078 4646 1284 4697 interea
1334 4641 1698 4711 nequidquam
1763 4638 1861 4691 teri
1916 4637 2059 4690 haud

473 4737 640 4805 passi,
696 4736 891 4792 iterum
947 4733 1335 4805 aggrediuntur
1400 4731 1633 4793 “taenia,
1699 4741 2062 4800 magnamque

475 4838 682 4896 partem
717 4826 985 4883 machinis
1025 4826 1314 4880 subruunt.
1352 4823 1538 4892 Neque
1584 4832 1763 4875 tamen
1794 4820 2059 4875 Barbaros

475 4938 541 4977 ιιι
594 4921 659 4977 iis
710 4919 983 4990 depellere
1033 4926 1256 4985 potuere
1302 4934 1316 4970 :
1365 4926 1552 4968 contra
1614 4912 1932 4968 audaciores
1984 4909 2055 4965 illi

473 5011 655 5067 rﬂectl
685 5010 949 5066 invadunt
982 5007 1275 5070 Romanos,
1314 5005 1408 5062 sed
1451 5020 1573 5059 mox
1611 5019 1820 5057 rursum
1868 5003 1933 5059 iis
1976 5004 2055 5058 ir-

2244 2248 2331 2319 ιβ’.
2374 2250 2641 2319 Ῥωμαῖοι
2671 2249 2769 2319 μὲν
2798 2249 2891 2304 οὖν
2916 2250 2974 2304 ὲν
3009 2251 3218 2314 τούτοις
3252 2244 3415 2321 ἦσαν,
3445 2253 3471 2305 ό
3496 2252 3550 2305 δὲ
3586 2252 3748 2322 βασι·

2167 2342 2292 2406 λεὺς
2327 2343 2513 2396 στόλον
2540 2344 2675 2397 νεῶν
2706 2344 2933 2413 ἀγείρας
2962 2343 3077 2414 ἄμα
3103 2344 3387 2416 ὴπειρώτῃ
3423 2345 3640 2416 στρατῷ
3666 2346 3747 2409 είς

2163 2433 2262 2506 τὴν
2309 2435 2540 2489 Ἰταλίαν
2575 2435 2845 2506 ἐπεμψεν,
2875 2430 2950 2490 ὧν
2992 2436 3234 2501 ’Δλέξιος
3262 2436 3374 2508 (98)
3409 2438 3744 2510 ἀμφοτέρων

2161 2523 2332 2599 ἦρχεν
2376 2528 2405 2581 ό
2453 2526 2722 2597 βασιλέως
2754 2527 2997 2591 ’Δλεξίου
3027 2528 3390 2599 θυγατριδοῦς
3410 2571 3425 2593 ,
3460 2530 3639 2597 μέγας
3665 2528 3744 2600 τῷ

2162 2619 2419 2691 τηνικάδε
2445 2620 2571 2686 δοὺξ
2598 2618 2979 2691 χρηματίζων.
3005 2620 3338 2675 Ἐπέσταλτο
3354 2621 3411 2674 δὲ
3435 2620 3586 2690 αύτῷ
3604 2620 3743 2693 πρὸς

2163 2713 2261 2768 τοῦ
2296 2712 2570 2782 βασιλέως
2604 2712 2700 2767 καὶ
2735 2712 2931 2784 ἑτέραν
2959 2711 3280 2783 ἀθροίσαντι
3331 2711 3563 2781 δύναμιν
3596 2710 3741 2766 οὕτω

2162 2804 2229 2875 δὴ
2258 2805 2461 2876 Ἰταλίᾳ
2509 2804 2985 2875 προσεσχηκέναι’
3017 2802 3134 2856 ἀλλ’
3177 2804 3386 2866 ἐκεῖνος
3421 2802 3578 2855 οὐδὲν
3614 2800 3742 2855 τού-

2162 2916 2275 2951 των
2324 2897 2808 2967 διαπεπραγμένος
2838 2896 2932 2950 ὲπὶ
2978 2895 3298 2967 Βρεντέσιον
3348 2891 3507 2967 ἦλθε,
3544 2895 3607 2951 τὺ
3640 2895 3740 2966 μὲν

2163 2989 2301 3061 προς
2330 2990 2422 3044 τὸν
2473 2989 2753 3043 ἀπόπλουν
2778 2987 2921 3043 οὕτω
2952 2986 3126 3042 δεινὸν
3178 2988 3307 3043 ὄντα
3338 2988 3737 3058 πεφοϐημένων

2161 3084 2271 3136 τῶν
2317 3082 2553 3147 πολλῶν,
2581 3082 2641 3136 τι
2670 3081 2727 3137 δὲ
2763 3080 2858 3135 καὶ
2915 3078 3122 3151 ὑποψίᾳ
3174 3080 3463 3148 κινδύνων,
3517 3081 3570 3135 οἶ
3601 3081 3739 3153 πρὸς

2160 3174 2269 3227 τῶν
2304 3173 2579 3241 πολεμίων
2614 3172 2925 3243 ὲπήρτηντο
2955 3170 3129 3241 σφίσι.
3162 3170 3233 3223 Τὸ
3263 3170 3306 3223 δ’
3337 3171 3592 3224 ἐντεῦθεν
3617 3173 3739 3242 ἀρι-

2160 3268 2449 3337 δηλότερον
2476 3267 2577 3338 ἠδη
2612 3264 2931 3336 βασκαίνειν
2962 3266 2994 3335 ή
3026 3264 3166 3335 τύχη
3185 3263 3483 3334 Ῥωμαίοις
3511 3264 3735 3335 ἤρξατο,

2173 3358 2511 3430 Ῥομπέρτος
2541 3356 2653 3427 (99)
2706 3373 2766 3410 τε
2801 3357 2931 3428 γὰρ,
2962 3356 3023 3419 ὃς
3052 3358 3240 3419 αὐτοῖς
3294 3356 3426 3426 ἄχρι
3469 3358 3563 3409 καὶ
3610 3356 3732 3409 τότε

2163 3450 2485 3521 συνεμάχει,
2544 3447 2829 3518 Γιλίελμον
2885 3447 3129 3512 ἀκούσας
3157 3446 3459 3517 δυνάμεσιν
3488 3446 3602 3515 ἅμα
3638 3446 3735 3517 βα·-

2165 3544 2341 3615 ρείαις
2366 3542 2548 3613 ἥκειν,
2607 3540 2750 3611 ὀρῶν
2786 3540 2842 3594 δὲ
2872 3541 2968 3595 καὶ
3009 3538 3315 3611 Ῥωμαίους
3344 3537 3500 3592 οὔπω
3524 3538 3605 3595 ἔτι
3639 3538 3737 3608 τὴν

2165 3636 2491 3705 Βρεντεσίου
2526 3633 3066 3704 παραστησαμένους
3118 3630 3439 3703 ἀκρόπολιν,
3470 3630 3565 3684 τοῦ
3595 3648 3736 3701 συμο

2168 3732 2365 3799 μαχεϊν
2402 3728 2697 3797 ἀπέσχετο,
2734 3724 3087 3798 σκηψάμενος
3137 3724 3215 3789 ὡς
3264 3724 3525 3795 δυνάμεις
3554 3721 3740 3791 ἀθροί-

2167 3834 2277 3872 σων
2306 3818 2495 3873 ἄπεισι
2515 3816 2611 3869 τοῦ
2644 3813 2880 3868 ἐνταῦθα
2915 3813 3078 3869 πόνου
3112 3810 3527 3883 συλληψομένας
3552 3811 3735 3881 αύτῷ·

2166 3912 2260 3965 καὶ
2317 3910 2367 3963 oi
2425 3913 2488 3963 ὲκ
2539 3910 2774 3980 Μάρκας
2828 3907 3035 3972 πόλεως
3064 3906 3142 3979 (ι)
3177 3907 3362 3969 ίππείς
3419 3904 3738 3968 διπλασίους

2165 4003 2493 4074 κομίζεσθαι
2530 4003 2625 4056 τοῦ
2666 4001 2859 4057 λοιποῦ
2895 4001 2996 4066 τάς
3053 3999 3337 4067 συντάξεις
3383 4000 3737 4070 αἰτήσαντες,

2166 4095 2353 4165 ἐπειδὴ
2388 4093 2464 4163 μὴ
2496 4092 2795 4163 ἐτύγχανον
2824 4090 2917 4145 τοῦ
2953 4089 3159 4145 σκοποῦ
3180 4131 3195 4155 ,
3226 4088 3434 4162 ᾤχοντο
3461 4090 3735 4152 ἀπιόντες.

2165 4181 2406 4235 Τοιαῦτα
2455 4180 2742 4246 Ιίλίελμος
2778 4178 2971 4249 μαθὼν
3005 4178 3103 4242 τάς
3131 4177 3394 4247 δυνάμεις
3448 4174 3741 4231 ἀναλαϐὼν

2166 4270 2256 4343 [Ρ.
2290 4269 2530 4340 951εὐθὺ
2559 4268 2849 4339 Ῥωμαίων
2863 4268 3084 4337 ἐχώρει.
3102 4268 3223 4321 Τῶν
3252 4268 3310 4322 δὲ
3330 4266 3742 4340 βουλευομένων

2170 4360 2279 4431 ὅπη
2307 4358 2401 4412 τὸν
2438 4358 2679 4429 πόλεμον
2717 4358 2866 4410 τόνδε
2895 4356 3222 4411 διοικεῖσθαι
3258 4355 3460 4429 χρεὼν,
3491 4360 3603 4421 τοῖς
3640 4357 3739 4427 μὲν

2168 4449 2262 4503 ἐπὶ
2293 4450 2465 4519 Βᾶριν
2495 4447 2633 4503 ίέναι
2660 4447 2897 4519 ταφρείᾳ
2925 4464 2986 4501 τε
3026 4448 3126 4516 τὴν
3153 4446 3309 4500 πόλιν
3341 4446 3737 4517 ἀσφαλίζεσθαι

2166 4544 2366 4606 ἐδόκει,
2399 4541 2525 4595 τοὺς
2570 4542 2627 4595 δὲ
2659 4541 2819 4593 τοῦτο
2854 4539 2953 4609 μὲν
2980 4539 3082 4592 οὐκ
3126 4539 3334 4610 ἦρεσκε
3362 4540 3567 4594 δειλίαν
3598 4534 3739 4595 εἶναι

2167 4632 2477 4700 φάσκοντας
2517 4630 2799 4699 ἀντικρὺς,
2847 4626 2988 4693 εἴγε
3019 4625 3128 4678 τῶν
3156 4628 3213 4680 εν
3247 4626 3406 4697 χερσὶ
3448 4628 3738 4700 μεθέμενοι

2168 4722 2343 4778 ὀπίσω
2370 4720 2730 4791 χωρήσουσιν.
2778 4719 2866 4782 Ὠς
2894 4717 2988 4772 οὖν
3036 4716 3179 4771 οὕτω
3222 4718 3378 4772 ταῦτ’
3416 4719 3615 4786 ἐδόκει,
3645 4720 3739 4773 τὸν

2172 4812 2378 4886 μεταξὺ
2406 4810 2601 4882 χρόνον
2631 4810 2724 4863 ἐπὶ
2756 4809 2922 4876 κενῆς
2949 4810 3161 4879 τρέχειν
3177 4809 3284 4866 οὐκ
3312 4810 3634 4881 ἀνεχόμενοι
3659 4810 3737 4883 τῷ

2169 4906 2448 4977 περιϐόλῳ
2500 4904 2656 4967 αὖθις
2688 4902 3031 4974 προσέϐαλον
3079 4903 3247 4973 μέρος
3288 4921 3349 4958 τε
3400 4903 3568 4959 αὑτοῦ
3600 4905 3734 4959 πολὺ

2164 5000 2437 5072 καθῄρουν
2483 5000 2597 5062 τοῖς
2646 4995 3019 5068 πετροϐόλοις.
3072 4997 3149 5050 Οὐ
3188 4998 3295 5067 μὴν
3325 4998 3447 5052 οὐδὲ
3479 4998 3556 5061 ὡς
3610 4998 3734 5063 τοὺς

479 5102 779 5169 ruentibus,
818 5100 979 5171 166
1011 5099 1152 5153 intra
1194 5097 1391 5152 mmnia
1426 5110 1547 5151 sese
1589 5094 1859 5163 recipiunt
1892 5111 1908 5150 :
1948 5110 2056 5162 quo

2166 5093 2484 5164 Βαρϐάρους
2510 5086 2841 5145 ἀπώσασθαι
2886 5085 3033 5159 εἰχον
3054 5104 3071 5120 ⁸
3120 5089 3257 5143 ἀλλά
3287 5090 3349 5143 τὸ
3380 5092 3479 5159 μὲν
3516 5091 3731 5162 πρῶτον

478 5204 590 5247 tum
636 5200 898 5263 tempore,
943 5188 1045 5245 nisi
1078 5187 1337 5246 Romanis
1381 5187 1563 5243 nescio
1606 5201 1724 5255 qua:
1758 5186 2059 5241 obstitisset

2167 5186 2540 5257 θαρσήσαντες
2594 5180 2898 5267 ἐπεξῄεσαν
2950 5181 3155 5250 σφίσιν,
3213 5181 3405 5234 ἒπειτα
3442 5182 3727 5254 Ῥωμαίων

1792 5340 1890 5399 Du
1924 5336 2149 5417 Cangii
2189 5341 2373 5396 notua.

460 5540 463 5543 .
548 5492 661 5565 (98)
692 5490 982 5565 :Aléﬁtoc.
1018 5488 1238 5565 Metius
1266 5485 1571 5565 Bryennins
1599 5485 2043 5565 seu_Cou_t_nenu_s,
2153 5484 2288 5549 fudit
2316 5483 2518 5565 copias,
2548 5491 2617 5562 et,
2642 5478 2824 5565 attrito
2852 5477 3055 5560 penitus
3093 5494 3273 5565 eorum
3294 5478 3547 5545 exercitu,
3574 5480 3730 5535 duca

477 5550 657 5625 An‘nae'
679 5550 988 5620 Ctesarissa:
1018 5576 1091 5617 ex
1134 5550 1438 5627 Nicephuro
1484 5555 1756 5626 Bryennio
1784 5552 1946 5610 titius.
1979 5554 2044 5609 V.
2151 5570 2328 5627 eorum
2357 5563 2537 5627 captos
2563 5550 2787 5627 vinculis
2826 5552 3165 5627 mancipauit.

476 5617 716 5693 Stemma
747 5617 1007 5688 Comnen.
1268 5617 1280 5627 ’
1559 5617 1577 5626 ’

2226 5625 2303 5693 (i)
2370 5622 2470 5676 Ἐκ
2517 5622 2761 5687 Μάρκος
2794 5621 3045 5693 πόλεως.
3098 5617 3613 5693 Equites_intelligtt
3661 5634 3726 5693 ex

550 5706 663 5774 (99)
710 5705 1089 5775 Ῥομπέοτος.
1118 5699 1394 5775 ﬁobertus
1427 5701 1492 5755 de
1512 5696 2048 5775 Bassaﬁilaa'l‘yrius
2157 5688 2334 5774 Merra
2382 5695 2718 5775 Age-(iniuria
2763 5692 3134 5775 SEIIMAltctm‘a.
3172 5688 3726 5775 ipsailattttelisub-

476 5759 859 5831 (ιέῑνῖιιειιιῖυ
906 5759 1077 5841 tege}
1114 5770 1212 5824 Ubi
1260 5772 1444 5824 statim
1486 5772 1628 5824 circa
1664 5759 2047 5841 Brundusium,
2158 5766 2376 5841 missus:
2410 5762 2618 5830 Quippe
2658 5761 3007 5841 A_ucpuitaui,
3039 5762 3264 5841 utinira
3305 5760 3487 5817 innuit
3532 5759 3725 5819 Cinna-

479 5828 943 5919 i‘ttgieitie'comiie
966 5828 1207 5899 Ἦοὺειιο
1230 5888 1243 5911 ,
1304 5844 1477 5912 primo
1530 5850 1695 5898 marte
1750 5835 2049 5894 erconnn
2160 5850 2299 5903 mus,
2332 5828 2638 5889 Griecorttnt
2675 5828 2923 5889 firderati
2953 5838 3130 5890 erant.
