  <div class='ocr_page' id='page_1' title='image "/cluster/home/n/w/nwhite01/storage/ocr_20150623/133/mdp.39015078384230/260.png"; bbox 0 0 4074 6286; ppageno 0'>
   <div class='ocr_carea' id='block_1_1' title="bbox 346 412 453 480">
    <p class='ocr_par' dir='ltr' id='par_1_1' title="bbox 346 412 453 480">
     <span class='ocr_line' id='line_1_1' title="bbox 346 412 453 480; baseline 0 -1"><span class='ocrx_word' id='word_1_1' title='bbox 346 412 453 480; x_wconf 76' lang='lat'><strong>505</strong></span> 
     </span>
    </p>
   </div>
   <div class='ocr_carea' id='block_1_2' title="bbox 1512 400 2409 470">
    <p class='ocr_par' dir='ltr' id='par_1_2' title="bbox 1512 400 2409 470">
     <span class='ocr_line' id='line_1_2' title="bbox 1512 400 2409 470; baseline 0 0"><span class='ocrx_word' id='word_1_2' title='bbox 1512 401 2066 470; x_wconf 81' lang='lat' dir='ltr'><strong>HISTORIARUM</strong></span> <span class='ocrx_word' id='word_1_3' title='bbox 2109 400 2259 467; x_wconf 89' lang='lat' dir='ltr'><strong>LlB.</strong></span> <span class='ocrx_word' id='word_1_4' title='bbox 2306 406 2409 469; x_wconf 73' lang='lat' dir='ltr'><strong>IV.</strong></span> 
     </span>
    </p>
   </div>
   <div class='ocr_carea' id='block_1_3' title="bbox 3486 408 3600 475">
    <p class='ocr_par' dir='ltr' id='par_1_3' title="bbox 3486 408 3600 475">
     <span class='ocr_line' id='line_1_3' title="bbox 3486 408 3600 475; baseline -0.018 -1"><span class='ocrx_word' id='word_1_5' title='bbox 3486 408 3600 475; x_wconf 74' lang='grc' dir='ltr'><strong>δοο</strong></span> 
     </span>
    </p>
   </div>
   <div class='ocr_carea' id='block_1_4' title="bbox 342 514 1905 597">
    <p class='ocr_par' dir='ltr' id='par_1_4' title="bbox 342 517 1898 597">
     <span class='ocr_line' id='line_1_4' title="bbox 342 517 1898 597; baseline -0.004 -18"><span class='ocrx_word' id='word_1_6' title='bbox 342 525 739 597; x_wconf 68' lang='grc' dir='ltr'>ιπιϐρισάντων</span> <span class='ocrx_word' id='word_1_7' title='bbox 766 519 923 591; x_wconf 74' lang='grc' dir='ltr'>αὖθις</span> <span class='ocrx_word' id='word_1_8' title='bbox 954 525 1046 580; x_wconf 65' lang='grc' dir='ltr'><strong>ἐπὶ</strong></span> <span class='ocrx_word' id='word_1_9' title='bbox 1092 525 1153 581; x_wconf 63' lang='lat' dir='ltr'><strong>ab</strong></span> <span class='ocrx_word' id='word_1_10' title='bbox 1203 525 1379 596; x_wconf 73' lang='grc' dir='ltr'>τεῖχος</span> <span class='ocrx_word' id='word_1_11' title='bbox 1408 522 1580 589; x_wconf 80' lang='grc' dir='ltr'>ἔθεον,</span> <span class='ocrx_word' id='word_1_12' title='bbox 1613 517 1706 576; x_wconf 76' lang='grc' dir='ltr'><strong>καὶ</strong></span> <span class='ocrx_word' id='word_1_13' title='bbox 1742 522 1790 573; x_wconf 84' lang='grc' dir='ltr'><strong>εί</strong></span> <span class='ocrx_word' id='word_1_14' title='bbox 1823 520 1898 591; x_wconf 81' lang='grc' dir='ltr'>μὴ</span> 
     </span>
    </p>
   </div>
   <div class='ocr_carea' id='block_1_5' title="bbox 2007 514 3596 597">
    <p class='ocr_par' dir='ltr' id='par_1_5' title="bbox 2007 514 3596 585">
     <span class='ocr_line' id='line_1_5' title="bbox 2007 514 3596 585; baseline 0.002 -16"><span class='ocrx_word' id='word_1_15' title='bbox 2007 514 2245 585; x_wconf 75' lang='lat' dir='ltr'><strong>fortuna,</strong></span> <span class='ocrx_word' id='word_1_16' title='bbox 2276 519 2511 575; x_wconf 81' lang='lat' dir='ltr'><strong>venisset</strong></span> <span class='ocrx_word' id='word_1_17' title='bbox 2548 516 2693 573; x_wconf 82' lang='lat' dir='ltr'><strong>haud</strong></span> <span class='ocrx_word' id='word_1_18' title='bbox 2734 516 2895 574; x_wconf 86' lang='lat' dir='ltr'><strong>dubie</strong></span> <span class='ocrx_word' id='word_1_19' title='bbox 2936 516 3297 573; x_wconf 79' lang='lat' dir='ltr'><strong>Brundusium</strong></span> <span class='ocrx_word' id='word_1_20' title='bbox 3324 516 3596 573; x_wconf 84' lang='lat' dir='ltr'><strong>ineorum</strong></span> 
     </span>
    </p>
   </div>
   <div class='ocr_carea' id='block_1_6' title="bbox 346 613 1908 692">
    <p class='ocr_par' dir='ltr' id='par_1_6' title="bbox 346 613 1908 692">
     <span class='ocr_line' id='line_1_6' title="bbox 346 613 1908 692; baseline -0.006 -18"><span class='ocrx_word' id='word_1_21' title='bbox 346 620 468 691; x_wconf 75' lang='grc' dir='ltr'>τύχη</span> <span class='ocrx_word' id='word_1_22' title='bbox 518 636 606 684; x_wconf 87' lang='grc' dir='ltr'><strong>τις</strong></span> <span class='ocrx_word' id='word_1_23' title='bbox 633 620 999 692; x_wconf 76' lang='grc' dir='ltr'><strong>ἐπιγενομένη</strong></span> <span class='ocrx_word' id='word_1_24' title='bbox 1044 618 1356 690; x_wconf 79' lang='grc' dir='ltr'><strong>Ῥωμαίους</strong></span> <span class='ocrx_word' id='word_1_25' title='bbox 1412 614 1735 679; x_wconf 76' lang='grc' dir='ltr'><strong>διεκώλυσε,</strong></span> <span class='ocrx_word' id='word_1_26' title='bbox 1765 613 1908 683; x_wconf 82' lang='grc' dir='ltr'>τάχα</span> 
     </span>
    </p>
   </div>
   <div class='ocr_carea' id='block_1_7' title="bbox 341 705 1909 784">
    <p class='ocr_par' dir='ltr' id='par_1_7' title="bbox 341 705 1909 784">
     <span class='ocr_line' id='line_1_7' title="bbox 341 705 1909 784; baseline -0.008 -16"><span class='ocrx_word' id='word_1_27' title='bbox 341 712 400 768; x_wconf 63' lang='grc' dir='ltr'>ἂν</span> <span class='ocrx_word' id='word_1_28' title='bbox 427 712 546 783; x_wconf 61' lang='grc' dir='ltr'>ἥλω</span> <span class='ocrx_word' id='word_1_29' title='bbox 586 713 736 767; x_wconf 79' lang='grc' dir='ltr'><strong>κατά</strong></span> <span class='ocrx_word' id='word_1_30' title='bbox 784 713 987 784; x_wconf 85' lang='grc' dir='ltr'>κράτος</span> <span class='ocrx_word' id='word_1_31' title='bbox 1032 711 1153 765; x_wconf 88' lang='grc' dir='ltr'>τότε</span> <span class='ocrx_word' id='word_1_32' title='bbox 1212 708 1557 779; x_wconf 84' lang='grc' dir='ltr'>Βρεντέσιον.</span> <span class='ocrx_word' id='word_1_33' title='bbox 1606 705 1909 775; x_wconf 79' lang='grc' dir='ltr'>’Δνέϐησαν</span> 
     </span>
    </p>
   </div>
   <div class='ocr_carea' id='block_1_8' title="bbox 341 800 1910 879">
    <p class='ocr_par' dir='ltr' id='par_1_8' title="bbox 341 800 1910 879">
     <span class='ocr_line' id='line_1_8' title="bbox 341 800 1910 879; baseline -0.005 -19"><span class='ocrx_word' id='word_1_34' title='bbox 341 805 437 879; x_wconf 68' lang='grc' dir='ltr'>μιν</span> <span class='ocrx_word' id='word_1_35' title='bbox 461 807 573 878; x_wconf 74' lang='grc' dir='ltr'>γὰρ</span> <span class='ocrx_word' id='word_1_36' title='bbox 600 807 703 879; x_wconf 69' lang='grc' dir='ltr'>ἤδη</span> <span class='ocrx_word' id='word_1_37' title='bbox 729 805 821 861; x_wconf 83' lang='grc' dir='ltr'>τὸν</span> <span class='ocrx_word' id='word_1_38' title='bbox 853 805 1143 876; x_wconf 86' lang='grc' dir='ltr'>περίϐολον</span> <span class='ocrx_word' id='word_1_39' title='bbox 1172 805 1269 860; x_wconf 74' lang='grc' dir='ltr'>καὶ</span> <span class='ocrx_word' id='word_1_40' title='bbox 1286 803 1395 858; x_wconf 75' lang='grc' dir='ltr'><strong>ἀπὸ</strong></span> <span class='ocrx_word' id='word_1_41' title='bbox 1410 803 1519 856; x_wconf 83' lang='grc' dir='ltr'><strong>τῶν</strong></span> <span class='ocrx_word' id='word_1_42' title='bbox 1537 800 1766 872; x_wconf 84' lang='grc' dir='ltr'>πύργων</span> <span class='ocrx_word' id='word_1_43' title='bbox 1796 802 1910 862; x_wconf 78' lang='grc' dir='ltr'>τοῖς</span> 
     </span>
    </p>
   </div>
   <div class='ocr_carea' id='block_1_9' title="bbox 338 894 1912 969">
    <p class='ocr_par' dir='ltr' id='par_1_9' title="bbox 338 894 1912 969">
     <span class='ocr_line' id='line_1_9' title="bbox 338 894 1912 969; baseline -0.006 -16"><span class='ocrx_word' id='word_1_44' title='bbox 338 898 484 953; x_wconf 72' lang='grc' dir='ltr'>ινδον</span> <span class='ocrx_word' id='word_1_45' title='bbox 512 899 809 969; x_wconf 68' lang='grc' dir='ltr'>ἐμάχοντο,</span> <span class='ocrx_word' id='word_1_46' title='bbox 840 897 979 953; x_wconf 78' lang='grc' dir='ltr'><strong>ἀλλά</strong></span> <span class='ocrx_word' id='word_1_47' title='bbox 1007 896 1143 951; x_wconf 84' lang='grc' dir='ltr'>πολύ</span> <span class='ocrx_word' id='word_1_48' title='bbox 1204 914 1258 949; x_wconf 88' lang='grc' dir='ltr'><strong>τι</strong></span> <span class='ocrx_word' id='word_1_49' title='bbox 1313 894 1378 965; x_wconf 85' lang='grc' dir='ltr'><strong>μέ</strong></span> <span class='ocrx_word' id='word_1_50' title='bbox 1390 913 1478 965; x_wconf 92' lang='grc' dir='ltr'><strong>ρος</strong></span> <span class='ocrx_word' id='word_1_51' title='bbox 1509 895 1689 948; x_wconf 80' lang='grc' dir='ltr'>αὐτῶν</span> <span class='ocrx_word' id='word_1_52' title='bbox 1739 909 1912 946; x_wconf 85' lang='grc' dir='ltr'>πεπο-</span> 
     </span>
    </p>
   </div>
   <div class='ocr_carea' id='block_1_10' title="bbox 338 984 1908 1063">
    <p class='ocr_par' dir='ltr' id='par_1_10' title="bbox 338 984 1908 1063">
     <span class='ocr_line' id='line_1_10' title="bbox 338 984 1908 1063; baseline -0.005 -19"><span class='ocrx_word' id='word_1_53' title='bbox 338 990 499 1062; x_wconf 76' lang='grc' dir='ltr'>νηκὸς</span> <span class='ocrx_word' id='word_1_54' title='bbox 527 991 593 1063; x_wconf 62' lang='grc' dir='ltr'><strong>ηε</strong></span> <span class='ocrx_word' id='word_1_55' title='bbox 614 1010 631 1063; x_wconf 68' lang='grc' dir='ltr'><strong><em>ι</em></strong></span> <span class='ocrx_word' id='word_1_56' title='bbox 669 994 789 1055; x_wconf 74' lang='grc' dir='ltr'>ταῖς</span> <span class='ocrx_word' id='word_1_57' title='bbox 826 993 1050 1062; x_wconf 79' lang='grc' dir='ltr'><strong>συχναῖς</strong></span> <span class='ocrx_word' id='word_1_58' title='bbox 1084 989 1411 1061; x_wconf 81' lang='grc' dir='ltr'>προσϐολαῖς</span> <span class='ocrx_word' id='word_1_59' title='bbox 1444 988 1528 1051; x_wconf 86' lang='grc' dir='ltr'><strong>είς</strong></span> <span class='ocrx_word' id='word_1_60' title='bbox 1567 988 1671 1057; x_wconf 80' lang='grc' dir='ltr'>γῆν</span> <span class='ocrx_word' id='word_1_61' title='bbox 1699 984 1908 1057; x_wconf 74' lang='grc' dir='ltr'>ἠνέχθη</span> 
     </span>
    </p>
   </div>
   <div class='ocr_carea' id='block_1_11' title="bbox 337 1079 1906 1153">
    <p class='ocr_par' dir='ltr' id='par_1_11' title="bbox 337 1079 1906 1153">
     <span class='ocr_line' id='line_1_11' title="bbox 337 1079 1906 1153; baseline -0.003 -16"><span class='ocrx_word' id='word_1_62' title='bbox 337 1083 501 1137; x_wconf 79' lang='grc' dir='ltr'>πεσὸν</span> <span class='ocrx_word' id='word_1_63' title='bbox 549 1083 984 1153; x_wconf 74' lang='grc' dir='ltr'>συγκατέσπασέ</span> <span class='ocrx_word' id='word_1_64' title='bbox 1016 1101 1078 1138; x_wconf 87' lang='grc' dir='ltr'><strong>τε</strong></span> <span class='ocrx_word' id='word_1_65' title='bbox 1130 1082 1363 1147; x_wconf 72' lang='grc' dir='ltr'>πολλοὺς</span> <span class='ocrx_word' id='word_1_66' title='bbox 1410 1082 1613 1145; x_wconf 75' lang='grc' dir='ltr'>αὐτῶν,</span> <span class='ocrx_word' id='word_1_67' title='bbox 1669 1079 1813 1133; x_wconf 80' lang='grc' dir='ltr'>οὕτω</span> <span class='ocrx_word' id='word_1_68' title='bbox 1848 1096 1906 1133; x_wconf 85' lang='grc' dir='ltr'><strong>τε</strong></span> 
     </span>
    </p>
   </div>
   <div class='ocr_carea' id='block_1_12' title="bbox 334 1169 1911 1246">
    <p class='ocr_par' dir='ltr' id='par_1_12' title="bbox 334 1169 1911 1246">
     <span class='ocr_line' id='line_1_12' title="bbox 334 1169 1911 1246; baseline -0.005 -18"><span class='ocrx_word' id='word_1_69' title='bbox 334 1173 612 1244; x_wconf 75' lang='grc' dir='ltr'><strong>ἄπρακτοι</strong></span> <span class='ocrx_word' id='word_1_70' title='bbox 652 1174 1034 1246; x_wconf 76' lang='grc' dir='ltr'><strong>ἀνεχώρησαν.</strong></span> <span class='ocrx_word' id='word_1_71' title='bbox 1086 1175 1301 1229; x_wconf 68' lang='grc' dir='ltr'>Σικελοὶ</span> <span class='ocrx_word' id='word_1_72' title='bbox 1345 1173 1424 1239; x_wconf 82' lang='grc' dir='ltr'>δὲ,</span> <span class='ocrx_word' id='word_1_73' title='bbox 1453 1172 1645 1243; x_wconf 81' lang='grc' dir='ltr'>ἐπειδὴ</span> <span class='ocrx_word' id='word_1_74' title='bbox 1682 1169 1911 1239; x_wconf 79' lang='grc' dir='ltr'><strong>μηδέπω</strong></span> 
     </span>
    </p>
   </div>
   <div class='ocr_carea' id='block_1_13' title="bbox 333 1262 1909 1341">
    <p class='ocr_par' dir='ltr' id='par_1_13' title="bbox 333 1262 1909 1341">
     <span class='ocr_line' id='line_1_13' title="bbox 333 1262 1909 1341; baseline -0.002 -21"><span class='ocrx_word' id='word_1_75' title='bbox 333 1266 617 1337; x_wconf 79' lang='grc' dir='ltr'>Γιλίελμος</span> <span class='ocrx_word' id='word_1_76' title='bbox 653 1271 864 1340; x_wconf 76' lang='grc' dir='ltr'>παρῆν,</span> <span class='ocrx_word' id='word_1_77' title='bbox 908 1267 1109 1341; x_wconf 79' lang='grc' dir='ltr'>βουλὴν</span> <span class='ocrx_word' id='word_1_78' title='bbox 1145 1268 1426 1323; x_wconf 80' lang='grc' dir='ltr'>ἐποιοῦντο</span> <span class='ocrx_word' id='word_1_79' title='bbox 1452 1268 1601 1329; x_wconf 83' lang='grc' dir='ltr'>ὅπως</span> <span class='ocrx_word' id='word_1_80' title='bbox 1643 1262 1909 1334; x_wconf 76' lang='grc' dir='ltr'>ὁμολογίᾳ</span> 
     </span>
    </p>
   </div>
   <div class='ocr_carea' id='block_1_14' title="bbox 341 1358 1903 1434">
    <p class='ocr_par' dir='ltr' id='par_1_14' title="bbox 341 1358 1903 1434">
     <span class='ocr_line' id='line_1_14' title="bbox 341 1358 1903 1434; baseline 0.002 -20"><span class='ocrx_word' id='word_1_81' title='bbox 341 1359 633 1431; x_wconf 84' lang='grc' dir='ltr'>Ῥωμαίοις</span> <span class='ocrx_word' id='word_1_82' title='bbox 677 1362 739 1415; x_wconf 81' lang='grc' dir='ltr'>τὸ</span> <span class='ocrx_word' id='word_1_83' title='bbox 790 1362 1051 1434; x_wconf 77' lang='grc' dir='ltr'>φρούριον</span> <span class='ocrx_word' id='word_1_84' title='bbox 1105 1362 1469 1416; x_wconf 67' lang='grc' dir='ltr'>ἐνδώσουσινθ</span> <span class='ocrx_word' id='word_1_85' title='bbox 1522 1359 1635 1413; x_wconf 83' lang='grc' dir='ltr'>ἀλλ’</span> <span class='ocrx_word' id='word_1_86' title='bbox 1688 1360 1720 1429; x_wconf 82' lang='grc' dir='ltr'><strong>ἡ</strong></span> <span class='ocrx_word' id='word_1_87' title='bbox 1769 1358 1903 1429; x_wconf 75' lang='grc' dir='ltr'>τύχη</span> 
     </span>
    </p>
   </div>
   <div class='ocr_carea' id='block_1_15' title="bbox 331 1445 1911 1520">
    <p class='ocr_par' dir='ltr' id='par_1_15' title="bbox 331 1445 1911 1520">
     <span class='ocr_line' id='line_1_15' title="bbox 331 1445 1911 1520; baseline -0.003 -17"><span class='ocrx_word' id='word_1_88' title='bbox 331 1448 521 1520; x_wconf 79' lang='grc' dir='ltr'>ὥσπερ</span> <span class='ocrx_word' id='word_1_89' title='bbox 563 1451 765 1503; x_wconf 83' lang='grc' dir='ltr'>τακτόν</span> <span class='ocrx_word' id='word_1_90' title='bbox 816 1469 939 1505; x_wconf 82' lang='grc' dir='ltr'>τινα</span> <span class='ocrx_word' id='word_1_91' title='bbox 981 1450 1274 1516; x_wconf 88' lang='grc' dir='ltr'>Ῥωμαίοις</span> <span class='ocrx_word' id='word_1_92' title='bbox 1313 1447 1540 1517; x_wconf 68' lang='grc' dir='ltr'>ἕψεσθαι</span> <span class='ocrx_word' id='word_1_93' title='bbox 1573 1445 1911 1515; x_wconf 76' lang='grc' dir='ltr'>ἐπαγγειλα-</span> 
     </span>
    </p>
   </div>
   <div class='ocr_carea' id='block_1_16' title="bbox 334 1539 1908 1615">
    <p class='ocr_par' dir='ltr' id='par_1_16' title="bbox 334 1539 1908 1615">
     <span class='ocr_line' id='line_1_16' title="bbox 334 1539 1908 1615; baseline -0.001 -20"><span class='ocrx_word' id='word_1_94' title='bbox 334 1543 467 1614; x_wconf 80' lang='grc' dir='ltr'>μένη</span> <span class='ocrx_word' id='word_1_95' title='bbox 529 1543 748 1613; x_wconf 79' lang='grc' dir='ltr'>χρόνον,</span> <span class='ocrx_word' id='word_1_96' title='bbox 796 1539 916 1597; x_wconf 66' lang='grc' dir='ltr'>εἶτα</span> <span class='ocrx_word' id='word_1_97' title='bbox 966 1543 1401 1615; x_wconf 79' lang='grc' dir='ltr'>ἒκμετρηθέντος</span> <span class='ocrx_word' id='word_1_98' title='bbox 1444 1541 1747 1611; x_wconf 74' lang='grc' dir='ltr'>αἰσθομένη</span> <span class='ocrx_word' id='word_1_99' title='bbox 1798 1541 1908 1594; x_wconf 84' lang='grc' dir='ltr'><strong>ἀπδ</strong></span> 
     </span>
    </p>
   </div>
   <div class='ocr_carea' id='block_1_17' title="bbox 332 1628 1909 1706">
    <p class='ocr_par' dir='ltr' id='par_1_17' title="bbox 332 1628 1909 1706">
     <span class='ocr_line' id='line_1_17' title="bbox 332 1628 1909 1706; baseline -0.001 -19"><span class='ocrx_word' id='word_1_100' title='bbox 332 1635 508 1705; x_wconf 70' lang='grc' dir='ltr'>μέσης</span> <span class='ocrx_word' id='word_1_101' title='bbox 546 1635 746 1700; x_wconf 77' lang='grc' dir='ltr'>αὐτοὺς</span> <span class='ocrx_word' id='word_1_102' title='bbox 780 1635 880 1706; x_wconf 82' lang='grc' dir='ltr'>τῆς</span> <span class='ocrx_word' id='word_1_103' title='bbox 903 1636 1112 1698; x_wconf 84' lang='grc' dir='ltr'>πόλεως</span> <span class='ocrx_word' id='word_1_104' title='bbox 1137 1635 1374 1688; x_wconf 79' lang='grc' dir='ltr'>λιποῦσα</span> <span class='ocrx_word' id='word_1_105' title='bbox 1403 1633 1598 1706; x_wconf 76' lang='grc' dir='ltr'>ᾤχετοο</span> <span class='ocrx_word' id='word_1_106' title='bbox 1618 1634 1703 1688; x_wconf 86' lang='grc' dir='ltr'>Ἑν</span> <span class='ocrx_word' id='word_1_107' title='bbox 1731 1628 1776 1701; x_wconf 80' lang='grc' dir='ltr'>ᾧ</span> <span class='ocrx_word' id='word_1_108' title='bbox 1798 1633 1909 1704; x_wconf 79' lang='grc' dir='ltr'><strong>γάρ</strong></span> 
     </span>
    </p>
   </div>
   <div class='ocr_carea' id='block_1_18' title="bbox 332 1727 1906 1798">
    <p class='ocr_par' dir='ltr' id='par_1_18' title="bbox 332 1727 1906 1798">
     <span class='ocr_line' id='line_1_18' title="bbox 332 1727 1906 1798; baseline -0.003 -17"><span class='ocrx_word' id='word_1_109' title='bbox 332 1727 502 1781; x_wconf 83' lang='grc' dir='ltr'>ταῦτα</span> <span class='ocrx_word' id='word_1_110' title='bbox 535 1729 752 1781; x_wconf 69' lang='grc' dir='ltr'>Σικελοὶ</span> <span class='ocrx_word' id='word_1_111' title='bbox 782 1727 1109 1793; x_wconf 84' lang='grc' dir='ltr'>διενοοῦντο,</span> <span class='ocrx_word' id='word_1_112' title='bbox 1150 1729 1360 1798; x_wconf 68' lang='grc' dir='ltr'>ἠγγέλη</span> <span class='ocrx_word' id='word_1_113' title='bbox 1387 1729 1569 1789; x_wconf 80' lang='grc' dir='ltr'>αὐτοῖς</span> <span class='ocrx_word' id='word_1_114' title='bbox 1601 1727 1771 1794; x_wconf 74' lang='grc' dir='ltr'>ἐγγὺς</span> <span class='ocrx_word' id='word_1_115' title='bbox 1806 1727 1906 1795; x_wconf 70' lang='grc' dir='ltr'>ήδη</span> 
     </span>
    </p>
   </div>
   <div class='ocr_carea' id='block_1_19' title="bbox 327 1821 1985 1909">
    <p class='ocr_par' dir='ltr' id='par_1_19' title="bbox 327 1821 1985 1909">
     <span class='ocr_line' id='line_1_19' title="bbox 327 1821 1985 1909; baseline -0.002 -33"><span class='ocrx_word' id='word_1_116' title='bbox 327 1822 613 1891; x_wconf 81' lang='grc' dir='ltr'>Γιλίελμον</span> <span class='ocrx_word' id='word_1_117' title='bbox 668 1822 886 1892; x_wconf 88' lang='grc' dir='ltr'>στρατῷ</span> <span class='ocrx_word' id='word_1_118' title='bbox 938 1822 1164 1892; x_wconf 82' lang='grc' dir='ltr'>μεγάλῳ</span> <span class='ocrx_word' id='word_1_119' title='bbox 1218 1822 1455 1876; x_wconf 80' lang='grc' dir='ltr'>ἐπέναι.</span> <span class='ocrx_word' id='word_1_120' title='bbox 1494 1821 1673 1889; x_wconf 83' lang='grc' dir='ltr'>Ὅπερ</span> <span class='ocrx_word' id='word_1_121' title='bbox 1707 1822 1905 1873; x_wconf 77' lang='grc' dir='ltr'>ἐκεῖνοι</span> <span class='ocrx_word' id='word_1_122' title='bbox 1942 1851 1985 1909; x_wconf 73' lang='grc' dir='ltr'><strong>Β</strong></span> 
     </span>
    </p>
   </div>
   <div class='ocr_carea' id='block_1_20' title="bbox 329 1912 1908 1984">
    <p class='ocr_par' dir='ltr' id='par_1_20' title="bbox 329 1912 1908 1984">
     <span class='ocr_line' id='line_1_20' title="bbox 329 1912 1908 1984; baseline -0.001 -19"><span class='ocrx_word' id='word_1_123' title='bbox 329 1912 667 1975; x_wconf 79' lang='grc' dir='ltr'>ἀκούσαντες</span> <span class='ocrx_word' id='word_1_124' title='bbox 698 1914 1008 1984; x_wconf 82' lang='grc' dir='ltr'>ἀπέσχοντο</span> <span class='ocrx_word' id='word_1_125' title='bbox 1037 1914 1137 1981; x_wconf 80' lang='grc' dir='ltr'>μὲν</span> <span class='ocrx_word' id='word_1_126' title='bbox 1162 1913 1271 1965; x_wconf 83' lang='grc' dir='ltr'>τῶν</span> <span class='ocrx_word' id='word_1_127' title='bbox 1300 1913 1770 1982; x_wconf 63' lang='grc' dir='ltr'>βεϐουλευμένων,</span> <span class='ocrx_word' id='word_1_128' title='bbox 1813 1912 1908 1964; x_wconf 68' lang='grc' dir='ltr'><strong>ἐπὶ</strong></span> 
     </span>
    </p>
   </div>
   <div class='ocr_carea' id='block_1_21' title="bbox 326 2003 1907 2076">
    <p class='ocr_par' dir='ltr' id='par_1_21' title="bbox 326 2003 1907 2076">
     <span class='ocr_line' id='line_1_21' title="bbox 326 2003 1907 2076; baseline -0.001 -19"><span class='ocrx_word' id='word_1_129' title='bbox 326 2004 381 2057; x_wconf 75' lang='grc' dir='ltr'>δὲ</span> <span class='ocrx_word' id='word_1_130' title='bbox 406 2006 475 2058; x_wconf 73' lang='grc' dir='ltr'><strong>τά</strong></span> <span class='ocrx_word' id='word_1_131' title='bbox 506 2008 663 2076; x_wconf 83' lang='grc' dir='ltr'>τείχη</span> <span class='ocrx_word' id='word_1_132' title='bbox 700 2005 1003 2069; x_wconf 86' lang='grc' dir='ltr'>ἀναϐάντες</span> <span class='ocrx_word' id='word_1_133' title='bbox 1032 2006 1386 2076; x_wconf 72' lang='grc' dir='ltr'>ὲκροτάλιζον</span> <span class='ocrx_word' id='word_1_134' title='bbox 1417 2005 1565 2068; x_wconf 69' lang='grc' dir='ltr'><strong>θαμά</strong></span> <span class='ocrx_word' id='word_1_135' title='bbox 1594 2005 1691 2057; x_wconf 77' lang='grc' dir='ltr'>καὶ</span> <span class='ocrx_word' id='word_1_136' title='bbox 1717 2003 1907 2075; x_wconf 82' lang='grc' dir='ltr'>ὥσπερ</span> 
     </span>
    </p>
   </div>
   <div class='ocr_carea' id='block_1_22' title="bbox 328 2090 1833 2166">
    <p class='ocr_par' dir='ltr' id='par_1_22' title="bbox 328 2090 1833 2166">
     <span class='ocr_line' id='line_1_22' title="bbox 328 2090 1833 2166; baseline 0 -20"><span class='ocrx_word' id='word_1_137' title='bbox 328 2093 429 2165; x_wconf 68' lang='grc' dir='ltr'>ἠδη</span> <span class='ocrx_word' id='word_1_138' title='bbox 476 2095 788 2164; x_wconf 73' lang='grc' dir='ltr'><strong>Ῥωμαίους</strong></span> <span class='ocrx_word' id='word_1_139' title='bbox 814 2093 1172 2160; x_wconf 65' lang='grc' dir='ltr'>ὲξελάσαντες</span> <span class='ocrx_word' id='word_1_140' title='bbox 1201 2096 1412 2165; x_wconf 77' lang='grc' dir='ltr'>ἡμέραν</span> <span class='ocrx_word' id='word_1_141' title='bbox 1440 2090 1576 2166; x_wconf 78' lang='grc' dir='ltr'>ἦγον</span> <span class='ocrx_word' id='word_1_142' title='bbox 1602 2094 1833 2164; x_wconf 81' lang='grc' dir='ltr'>ἑὸρτιον.</span> 
     </span>
    </p>
   </div>
   <div class='ocr_carea' id='block_1_23' title="bbox 400 2183 1907 2257">
    <p class='ocr_par' dir='ltr' id='par_1_23' title="bbox 400 2183 1907 2257">
     <span class='ocr_line' id='line_1_23' title="bbox 400 2183 1907 2257; baseline 0 -19"><span class='ocrx_word' id='word_1_143' title='bbox 400 2183 511 2253; x_wconf 80' lang='grc' dir='ltr'>αγ¹.</span> <span class='ocrx_word' id='word_1_144' title='bbox 552 2184 741 2239; x_wconf 82' lang='grc' dir='ltr'>Ταῦτα</span> <span class='ocrx_word' id='word_1_145' title='bbox 775 2185 876 2257; x_wconf 77' lang='grc' dir='ltr'>μὲν</span> <span class='ocrx_word' id='word_1_146' title='bbox 900 2185 967 2255; x_wconf 79' lang='grc' dir='ltr'>δὴ</span> <span class='ocrx_word' id='word_1_147' title='bbox 1000 2187 1128 2255; x_wconf 80' lang='grc' dir='ltr'>τῇδε</span> <span class='ocrx_word' id='word_1_148' title='bbox 1163 2187 1473 2255; x_wconf 73' lang='grc' dir='ltr'>ἐπράσσετο</span> <span class='ocrx_word' id='word_1_149' title='bbox 1494 2202 1508 2217; x_wconf 92' lang='grc'>·</span> <span class='ocrx_word' id='word_1_150' title='bbox 1543 2184 1827 2254; x_wconf 82' lang='grc' dir='ltr'>Γιλίελμος</span> <span class='ocrx_word' id='word_1_151' title='bbox 1850 2184 1907 2238; x_wconf 77' lang='grc' dir='ltr'>δὲ</span> 
     </span>
    </p>
   </div>
   <div class='ocr_carea' id='block_1_24' title="bbox 323 2277 1906 2348">
    <p class='ocr_par' dir='ltr' id='par_1_24' title="bbox 323 2277 1906 2348">
     <span class='ocr_line' id='line_1_24' title="bbox 323 2277 1906 2348; baseline -0.002 -14"><span class='ocrx_word' id='word_1_152' title='bbox 323 2279 465 2346; x_wconf 77' lang='grc' dir='ltr'>ἄρας</span> <span class='ocrx_word' id='word_1_153' title='bbox 488 2283 552 2333; x_wconf 80' lang='grc' dir='ltr'>ἐκ</span> <span class='ocrx_word' id='word_1_154' title='bbox 580 2278 795 2342; x_wconf 79' lang='grc' dir='ltr'>Μυζίας</span> <span class='ocrx_word' id='word_1_155' title='bbox 829 2280 993 2331; x_wconf 70' lang='grc' dir='ltr'>παντὶ</span> <span class='ocrx_word' id='word_1_156' title='bbox 1015 2278 1091 2348; x_wconf 83' lang='grc' dir='ltr'>τῷ</span> <span class='ocrx_word' id='word_1_157' title='bbox 1118 2277 1337 2346; x_wconf 87' lang='grc' dir='ltr'>στρατῷ</span> <span class='ocrx_word' id='word_1_158' title='bbox 1371 2277 1447 2339; x_wconf 79' lang='grc' dir='ltr'><strong>ὡς</strong></span> <span class='ocrx_word' id='word_1_159' title='bbox 1470 2278 1563 2331; x_wconf 75' lang='grc' dir='ltr'><strong>ἐπὶ</strong></span> <span class='ocrx_word' id='word_1_160' title='bbox 1589 2277 1906 2347; x_wconf 67' lang='grc' dir='ltr'>Βρεντέσιον</span> 
     </span>
    </p>
   </div>
   <div class='ocr_carea' id='block_1_25' title="bbox 322 2367 1907 2441">
    <p class='ocr_par' dir='ltr' id='par_1_25' title="bbox 322 2367 1907 2441">
     <span class='ocr_line' id='line_1_25' title="bbox 322 2367 1907 2441; baseline -0.003 -17"><span class='ocrx_word' id='word_1_161' title='bbox 322 2371 660 2441; x_wconf 68' lang='grc' dir='ltr'>ἐπορεύετο,</span> <span class='ocrx_word' id='word_1_162' title='bbox 696 2371 723 2424; x_wconf 87' lang='grc' dir='ltr'>ὅ</span> <span class='ocrx_word' id='word_1_163' title='bbox 754 2386 813 2423; x_wconf 89' lang='grc' dir='ltr'><strong>τε</strong></span> <span class='ocrx_word' id='word_1_164' title='bbox 845 2368 1031 2431; x_wconf 79' lang='grc' dir='ltr'>στόλος</span> <span class='ocrx_word' id='word_1_165' title='bbox 1079 2368 1228 2438; x_wconf 75' lang='grc' dir='ltr'>αὐτῷ</span> <span class='ocrx_word' id='word_1_166' title='bbox 1262 2371 1354 2421; x_wconf 79' lang='grc' dir='ltr'>ἐπὶ</span> <span class='ocrx_word' id='word_1_167' title='bbox 1401 2367 1502 2437; x_wconf 84' lang='grc' dir='ltr'>τῆς</span> <span class='ocrx_word' id='word_1_168' title='bbox 1530 2368 1907 2436; x_wconf 79' lang='grc' dir='ltr'>ἀντιπόρθμου</span> 
     </span>
    </p>
   </div>
   <div class='ocr_carea' id='block_1_26' title="bbox 321 2461 1909 2534">
    <p class='ocr_par' dir='ltr' id='par_1_26' title="bbox 321 2461 1909 2534">
     <span class='ocr_line' id='line_1_26' title="bbox 321 2461 1909 2534; baseline -0.003 -16"><span class='ocrx_word' id='word_1_169' title='bbox 321 2464 404 2534; x_wconf 77' lang='grc' dir='ltr'>τῷ</span> <span class='ocrx_word' id='word_1_170' title='bbox 447 2462 756 2533; x_wconf 80' lang='grc' dir='ltr'>Βρεντεσίῳ</span> <span class='ocrx_word' id='word_1_171' title='bbox 790 2463 1004 2532; x_wconf 78' lang='grc' dir='ltr'>νησῖδος</span> <span class='ocrx_word' id='word_1_172' title='bbox 1034 2462 1235 2531; x_wconf 79' lang='grc' dir='ltr'><strong>ὀλίγων</strong></span> <span class='ocrx_word' id='word_1_173' title='bbox 1269 2462 1376 2514; x_wconf 75' lang='grc' dir='ltr'>ἀπὸ</span> <span class='ocrx_word' id='word_1_174' title='bbox 1412 2462 1644 2514; x_wconf 82' lang='grc' dir='ltr'>σταδίων</span> <span class='ocrx_word' id='word_1_175' title='bbox 1675 2461 1909 2530; x_wconf 66' lang='grc' dir='ltr'>ὁρμισά-</span> 
     </span>
    </p>
   </div>
   <div class='ocr_carea' id='block_1_27' title="bbox 324 2551 1906 2626">
    <p class='ocr_par' dir='ltr' id='par_1_27' title="bbox 324 2551 1906 2626">
     <span class='ocr_line' id='line_1_27' title="bbox 324 2551 1906 2626; baseline -0.003 -18"><span class='ocrx_word' id='word_1_176' title='bbox 324 2573 491 2626; x_wconf 81' lang='grc' dir='ltr'>μενος</span> <span class='ocrx_word' id='word_1_177' title='bbox 524 2554 735 2609; x_wconf 75' lang='grc' dir='ltr'>ἵστατο.</span> <span class='ocrx_word' id='word_1_178' title='bbox 769 2555 927 2608; x_wconf 78' lang='grc' dir='ltr'>Κατά</span> <span class='ocrx_word' id='word_1_179' title='bbox 956 2553 1151 2607; x_wconf 77' lang='grc' dir='ltr'>ταύτὸν</span> <span class='ocrx_word' id='word_1_180' title='bbox 1181 2552 1291 2623; x_wconf 88' lang='grc' dir='ltr'><strong>γάρ</strong></span> <span class='ocrx_word' id='word_1_181' title='bbox 1336 2551 1730 2623; x_wconf 65' lang='grc' dir='ltr'>ἀμφοτέρωθεν</span> <span class='ocrx_word' id='word_1_182' title='bbox 1770 2553 1906 2603; x_wconf 80' lang='grc' dir='ltr'><strong>Ῥω-</strong></span> 
     </span>
    </p>
   </div>
   <div class='ocr_carea' id='block_1_28' title="bbox 323 2643 1905 2719">
    <p class='ocr_par' dir='ltr' id='par_1_28' title="bbox 323 2643 1905 2719">
     <span class='ocr_line' id='line_1_28' title="bbox 323 2643 1905 2719; baseline -0.003 -18"><span class='ocrx_word' id='word_1_183' title='bbox 323 2647 511 2719; x_wconf 86' lang='grc' dir='ltr'>μαίοις</span> <span class='ocrx_word' id='word_1_184' title='bbox 566 2646 670 2718; x_wconf 82' lang='grc' dir='ltr'>τὴν</span> <span class='ocrx_word' id='word_1_185' title='bbox 722 2646 1032 2717; x_wconf 83' lang='grc' dir='ltr'>προσϐολὴν</span> <span class='ocrx_word' id='word_1_186' title='bbox 1095 2645 1372 2699; x_wconf 78' lang='grc' dir='ltr'>ποιεῖσθαι</span> <span class='ocrx_word' id='word_1_187' title='bbox 1424 2646 1702 2699; x_wconf 80' lang='grc' dir='ltr'>διενοεῖτο.</span> <span class='ocrx_word' id='word_1_188' title='bbox 1747 2643 1905 2697; x_wconf 74' lang='grc' dir='ltr'>Ἀλλὰ</span> 
     </span>
    </p>
   </div>
   <div class='ocr_carea' id='block_1_29' title="bbox 328 2735 1905 2807">
    <p class='ocr_par' dir='ltr' id='par_1_29' title="bbox 328 2735 1905 2807">
     <span class='ocr_line' id='line_1_29' title="bbox 328 2735 1905 2807; baseline -0.002 -15"><span class='ocrx_word' id='word_1_189' title='bbox 328 2735 649 2806; x_wconf 82' lang='grc' dir='ltr'>Ῥωμαίους</span> <span class='ocrx_word' id='word_1_190' title='bbox 677 2736 740 2791; x_wconf 79' lang='grc' dir='ltr'>τὸ</span> <span class='ocrx_word' id='word_1_191' title='bbox 777 2735 877 2807; x_wconf 80' lang='grc' dir='ltr'>μὲν</span> <span class='ocrx_word' id='word_1_192' title='bbox 902 2738 1104 2791; x_wconf 81' lang='grc' dir='ltr'>αὐτίκα</span> <span class='ocrx_word' id='word_1_193' title='bbox 1134 2738 1577 2806; x_wconf 81' lang='grc' dir='ltr'>διαναυμαχῆσαι</span> <span class='ocrx_word' id='word_1_194' title='bbox 1600 2736 1729 2807; x_wconf 65' lang='grc' dir='ltr'>πρὶν</span> <span class='ocrx_word' id='word_1_195' title='bbox 1753 2737 1785 2806; x_wconf 77' lang='grc' dir='ltr'>ἢ</span> <span class='ocrx_word' id='word_1_196' title='bbox 1814 2738 1905 2789; x_wconf 78' lang='grc' dir='ltr'>καὶ</span> 
     </span>
    </p>
   </div>
   <div class='ocr_carea' id='block_1_30' title="bbox 319 2828 1907 2900">
    <p class='ocr_par' dir='ltr' id='par_1_30' title="bbox 319 2828 1907 2900">
     <span class='ocr_line' id='line_1_30' title="bbox 319 2828 1907 2900; baseline 0 -18"><span class='ocrx_word' id='word_1_197' title='bbox 319 2828 620 2900; x_wconf 79' lang='grc' dir='ltr'>Γιλίελμον</span> <span class='ocrx_word' id='word_1_198' title='bbox 663 2830 851 2893; x_wconf 75' lang='grc' dir='ltr'>αὐτοῖς</span> <span class='ocrx_word' id='word_1_199' title='bbox 901 2830 1221 2899; x_wconf 78' lang='grc' dir='ltr'>ἐπιστῆναι,</span> <span class='ocrx_word' id='word_1_200' title='bbox 1271 2829 1565 2882; x_wconf 81' lang='grc' dir='ltr'>δυσϐουλία</span> <span class='ocrx_word' id='word_1_201' title='bbox 1596 2847 1679 2893; x_wconf 84' lang='grc' dir='ltr'><strong>τις</strong></span> <span class='ocrx_word' id='word_1_202' title='bbox 1714 2831 1805 2883; x_wconf 79' lang='grc' dir='ltr'>καὶ</span> <span class='ocrx_word' id='word_1_203' title='bbox 1848 2829 1907 2882; x_wconf 67' lang='grc' dir='ltr'><strong>τὸ</strong></span> 
     </span>
    </p>
   </div>
   <div class='ocr_carea' id='block_1_31' title="bbox 317 2916 1903 2991">
    <p class='ocr_par' dir='ltr' id='par_1_31' title="bbox 317 2916 1903 2991">
     <span class='ocr_line' id='line_1_31' title="bbox 317 2916 1903 2991; baseline 0.004 -21"><span class='ocrx_word' id='word_1_204' title='bbox 317 2920 527 2991; x_wconf 75' lang='grc' dir='ltr'>χρῆναι</span> <span class='ocrx_word' id='word_1_205' title='bbox 558 2916 716 2990; x_wconf 82' lang='grc' dir='ltr'>οἶμαι</span> <span class='ocrx_word' id='word_1_206' title='bbox 745 2921 932 2985; x_wconf 79' lang='grc' dir='ltr'>κακῶς</span> <span class='ocrx_word' id='word_1_207' title='bbox 964 2923 1164 2985; x_wconf 70' lang='grc' dir='ltr'>αὐτοὺς</span> <span class='ocrx_word' id='word_1_208' title='bbox 1201 2922 1533 2976; x_wconf 78' lang='grc' dir='ltr'>πεπονθέναι</span> <span class='ocrx_word' id='word_1_209' title='bbox 1566 2922 1861 2991; x_wconf 82' lang='grc' dir='ltr'>παρείλετο</span> <span class='ocrx_word' id='word_1_210' title='bbox 1887 2937 1903 2952; x_wconf 79' lang='grc'><strong>⁸</strong></span> 
     </span>
    </p>
   </div>
   <div class='ocr_carea' id='block_1_32' title="bbox 317 3011 1906 3084">
    <p class='ocr_par' dir='ltr' id='par_1_32' title="bbox 317 3011 1906 3084">
     <span class='ocr_line' id='line_1_32' title="bbox 317 3011 1906 3084; baseline 0.001 -19"><span class='ocrx_word' id='word_1_211' title='bbox 317 3011 462 3084; x_wconf 78' lang='grc' dir='ltr'>πρὸς</span> <span class='ocrx_word' id='word_1_212' title='bbox 511 3012 569 3063; x_wconf 77' lang='grc' dir='ltr'>δὲ</span> <span class='ocrx_word' id='word_1_213' title='bbox 629 3012 981 3083; x_wconf 67' lang='grc' dir='ltr'>ἀμ’,θοτέρους</span> <span class='ocrx_word' id='word_1_214' title='bbox 1032 3013 1133 3083; x_wconf 77' lang='grc' dir='ltr'>τὴν</span> <span class='ocrx_word' id='word_1_215' title='bbox 1176 3013 1359 3084; x_wconf 83' lang='grc' dir='ltr'>μάχην</span> <span class='ocrx_word' id='word_1_216' title='bbox 1408 3014 1781 3083; x_wconf 81' lang='grc' dir='ltr'>διενεγκόντες</span> <span class='ocrx_word' id='word_1_217' title='bbox 1836 3015 1906 3067; x_wconf 82' lang='grc' dir='ltr'><strong>τά</strong></span> 
     </span>
    </p>
   </div>
   <div class='ocr_carea' id='block_1_33' title="bbox 318 3101 1901 3175">
    <p class='ocr_par' dir='ltr' id='par_1_33' title="bbox 318 3101 1901 3175">
     <span class='ocr_line' id='line_1_33' title="bbox 318 3101 1901 3175; baseline 0 -19"><span class='ocrx_word' id='word_1_218' title='bbox 318 3101 592 3173; x_wconf 79' lang='grc' dir='ltr'>βασιλέως</span> <span class='ocrx_word' id='word_1_219' title='bbox 620 3102 931 3175; x_wconf 77' lang='grc' dir='ltr'>διέφθειρον</span> <span class='ocrx_word' id='word_1_220' title='bbox 972 3104 1293 3173; x_wconf 84' lang='grc' dir='ltr'>πράγματα.</span> <span class='ocrx_word' id='word_1_221' title='bbox 1328 3104 1568 3174; x_wconf 81' lang='grc' dir='ltr'>Στρατὸν</span> <span class='ocrx_word' id='word_1_222' title='bbox 1608 3105 1717 3175; x_wconf 84' lang='grc' dir='ltr'><strong>γὰρ</strong></span> <span class='ocrx_word' id='word_1_223' title='bbox 1741 3105 1901 3175; x_wconf 68' lang='grc' dir='ltr'>ἥκειν</span> 
     </span>
    </p>
   </div>
   <div class='ocr_carea' id='block_1_34' title="bbox 2010 610 3600 681">
    <p class='ocr_par' dir='ltr' id='par_1_34' title="bbox 2010 610 3600 681">
     <span class='ocr_line' id='line_1_34' title="bbox 2010 610 3600 681; baseline 0 -17"><span class='ocrx_word' id='word_1_224' title='bbox 2010 619 2359 681; x_wconf 84' lang='lat' dir='ltr'><strong>potestatem,</strong></span> <span class='ocrx_word' id='word_1_225' title='bbox 2402 611 2564 681; x_wconf 83' lang='lat' dir='ltr'><strong>vique</strong></span> <span class='ocrx_word' id='word_1_226' title='bbox 2604 620 2970 681; x_wconf 75' lang='lat' dir='ltr'><strong>expugnatum</strong></span> <span class='ocrx_word' id='word_1_227' title='bbox 3020 610 3247 677; x_wconf 82' lang='lat' dir='ltr'><strong>fuisset;</strong></span> <span class='ocrx_word' id='word_1_228' title='bbox 3292 610 3403 679; x_wconf 82' lang='lat' dir='ltr'><strong>jam</strong></span> <span class='ocrx_word' id='word_1_229' title='bbox 3455 610 3600 664; x_wconf 81' lang='lat' dir='ltr'><strong>enini</strong></span> 
     </span>
    </p>
   </div>
   <div class='ocr_carea' id='block_1_35' title="bbox 2013 700 3599 772">
    <p class='ocr_par' dir='ltr' id='par_1_35' title="bbox 2013 700 3599 772">
     <span class='ocr_line' id='line_1_35' title="bbox 2013 700 3599 772; baseline 0 -17"><span class='ocrx_word' id='word_1_230' title='bbox 2013 702 2211 756; x_wconf 77' lang='lat' dir='ltr'><strong>vallum</strong></span> <span class='ocrx_word' id='word_1_231' title='bbox 2261 712 2673 771; x_wconf 84' lang='lat' dir='ltr'><strong>superaverant,</strong></span> <span class='ocrx_word' id='word_1_232' title='bbox 2721 712 2887 772; x_wconf 85' lang='lat' dir='ltr'><strong>atque</strong></span> <span class='ocrx_word' id='word_1_233' title='bbox 2919 717 2950 757; x_wconf 80' lang='grc' dir='ltr'><strong>ο</strong></span> <span class='ocrx_word' id='word_1_234' title='bbox 2983 700 3225 755; x_wconf 86' lang='lat' dir='ltr'><strong>turribus</strong></span> <span class='ocrx_word' id='word_1_235' title='bbox 3254 716 3376 755; x_wconf 91' lang='lat' dir='ltr'><strong>cum</strong></span> <span class='ocrx_word' id='word_1_236' title='bbox 3412 701 3477 755; x_wconf 88' lang='lat' dir='ltr'><strong>iis</strong></span> <span class='ocrx_word' id='word_1_237' title='bbox 3509 702 3599 769; x_wconf 87' lang='lat' dir='ltr'><strong>qui</strong></span> 
     </span>
    </p>
   </div>
   <div class='ocr_carea' id='block_1_36' title="bbox 2012 773 3600 860">
    <p class='ocr_par' dir='ltr' id='par_1_36' title="bbox 2012 773 3600 860">
     <span class='ocr_line' id='line_1_36' title="bbox 2012 773 3600 860; baseline 0 -15"><span class='ocrx_word' id='word_1_238' title='bbox 2012 773 2153 845; x_wconf 76' lang='lat' dir='ltr'><strong>intra</strong></span> <span class='ocrx_word' id='word_1_239' title='bbox 2208 794 2393 847; x_wconf 80' lang='lat' dir='ltr'><strong>urbem</strong></span> <span class='ocrx_word' id='word_1_240' title='bbox 2443 802 2621 859; x_wconf 84' lang='lat' dir='ltr'><strong>erant,</strong></span> <span class='ocrx_word' id='word_1_241' title='bbox 2666 794 3029 858; x_wconf 86' lang='lat' dir='ltr'><strong>dimicabant;</strong></span> <span class='ocrx_word' id='word_1_242' title='bbox 3082 793 3174 847; x_wconf 90' lang='lat' dir='ltr'><strong>sed</strong></span> <span class='ocrx_word' id='word_1_243' title='bbox 3208 792 3383 860; x_wconf 83' lang='lat' dir='ltr'><strong>major</strong></span> <span class='ocrx_word' id='word_1_244' title='bbox 3413 807 3600 846; x_wconf 88' lang='lat' dir='ltr'><strong>earum</strong></span> 
     </span>
    </p>
   </div>
   <div class='ocr_carea' id='block_1_37' title="bbox 2012 883 3601 954">
    <p class='ocr_par' dir='ltr' id='par_1_37' title="bbox 2012 883 3601 954">
     <span class='ocr_line' id='line_1_37' title="bbox 2012 883 3601 954; baseline 0.001 -19"><span class='ocrx_word' id='word_1_245' title='bbox 2012 898 2163 953; x_wconf 89' lang='lat' dir='ltr'><strong>pars,</strong></span> <span class='ocrx_word' id='word_1_246' title='bbox 2206 884 2417 937; x_wconf 83' lang='lat' dir='ltr'><strong>crebris</strong></span> <span class='ocrx_word' id='word_1_247' title='bbox 2465 883 2961 954; x_wconf 74' lang='lat' dir='ltr'><strong>oppugnationibus</strong></span> <span class='ocrx_word' id='word_1_248' title='bbox 2990 895 3270 952; x_wconf 85' lang='lat' dir='ltr'><strong>quassata,</strong></span> <span class='ocrx_word' id='word_1_249' title='bbox 3306 887 3358 938; x_wconf 91' lang='lat' dir='ltr'><strong>in</strong></span> <span class='ocrx_word' id='word_1_250' title='bbox 3399 892 3601 939; x_wconf 85' lang='lat' dir='ltr'><strong>terram</strong></span> 
     </span>
    </p>
   </div>
   <div class='ocr_carea' id='block_1_38' title="bbox 2012 974 3601 1045">
    <p class='ocr_par' dir='ltr' id='par_1_38' title="bbox 2012 974 3601 1045">
     <span class='ocr_line' id='line_1_38' title="bbox 2012 974 3601 1045; baseline -0.001 -19"><span class='ocrx_word' id='word_1_251' title='bbox 2012 974 2231 1037; x_wconf 87' lang='lat' dir='ltr'><strong>decidit,</strong></span> <span class='ocrx_word' id='word_1_252' title='bbox 2286 982 2343 1029; x_wconf 86' lang='lat' dir='ltr'><strong>et</strong></span> <span class='ocrx_word' id='word_1_253' title='bbox 2402 989 2468 1029; x_wconf 78' lang='lat' dir='ltr'><strong>ex</strong></span> <span class='ocrx_word' id='word_1_254' title='bbox 2523 975 2592 1029; x_wconf 87' lang='lat' dir='ltr'><strong>iis</strong></span> <span class='ocrx_word' id='word_1_255' title='bbox 2644 974 3075 1045; x_wconf 87' lang='lat' dir='ltr'><strong>quamplurimos</strong></span> <span class='ocrx_word' id='word_1_256' title='bbox 3150 989 3337 1029; x_wconf 87' lang='lat' dir='ltr'><strong>secum</strong></span> <span class='ocrx_word' id='word_1_257' title='bbox 3415 975 3601 1037; x_wconf 80' lang='lat' dir='ltr'><strong>traxit,</strong></span> 
     </span>
    </p>
   </div>
   <div class='ocr_carea' id='block_1_39' title="bbox 2011 1062 3599 1134">
    <p class='ocr_par' dir='ltr' id='par_1_39' title="bbox 2011 1062 3599 1134">
     <span class='ocr_line' id='line_1_39' title="bbox 2011 1062 3599 1134; baseline -0.002 -15"><span class='ocrx_word' id='word_1_258' title='bbox 2011 1065 2198 1134; x_wconf 79' lang='lat' dir='ltr'><strong>sicque</strong></span> <span class='ocrx_word' id='word_1_259' title='bbox 2223 1082 2279 1120; x_wconf 91' lang='lat' dir='ltr'><strong>re</strong></span> <span class='ocrx_word' id='word_1_260' title='bbox 2310 1067 2506 1121; x_wconf 83' lang='lat' dir='ltr'><strong>infecta</strong></span> <span class='ocrx_word' id='word_1_261' title='bbox 2536 1066 2763 1121; x_wconf 85' lang='lat' dir='ltr'><strong>rediere.</strong></span> <span class='ocrx_word' id='word_1_262' title='bbox 2794 1062 2963 1120; x_wconf 84' lang='lat' dir='ltr'><strong>Siculi</strong></span> <span class='ocrx_word' id='word_1_263' title='bbox 2992 1073 3195 1127; x_wconf 87' lang='lat' dir='ltr'><strong>autem,</strong></span> <span class='ocrx_word' id='word_1_264' title='bbox 3217 1081 3339 1119; x_wconf 87' lang='lat' dir='ltr'><strong>cum</strong></span> <span class='ocrx_word' id='word_1_265' title='bbox 3368 1066 3599 1119; x_wconf 82' lang='lat' dir='ltr'><strong>necdum</strong></span> 
     </span>
    </p>
   </div>
   <div class='ocr_carea' id='block_1_40' title="bbox 2012 1154 3602 1223">
    <p class='ocr_par' dir='ltr' id='par_1_40' title="bbox 2012 1154 3602 1223">
     <span class='ocr_line' id='line_1_40' title="bbox 2012 1154 3602 1223; baseline -0.001 -14"><span class='ocrx_word' id='word_1_266' title='bbox 2012 1157 2226 1211; x_wconf 85' lang='lat' dir='ltr'><strong>adesset</strong></span> <span class='ocrx_word' id='word_1_267' title='bbox 2266 1156 2590 1221; x_wconf 89' lang='lat' dir='ltr'><strong>Gulielmus,</strong></span> <span class='ocrx_word' id='word_1_268' title='bbox 2640 1155 2814 1213; x_wconf 89' lang='lat' dir='ltr'><strong>iniere</strong></span> <span class='ocrx_word' id='word_1_269' title='bbox 2842 1154 3133 1211; x_wconf 85' lang='lat' dir='ltr'><strong>consilium</strong></span> <span class='ocrx_word' id='word_1_270' title='bbox 3167 1155 3310 1210; x_wconf 87' lang='lat' dir='ltr'><strong>arcis</strong></span> <span class='ocrx_word' id='word_1_271' title='bbox 3346 1171 3442 1223; x_wconf 85' lang='lat' dir='ltr'><strong>per</strong></span> <span class='ocrx_word' id='word_1_272' title='bbox 3471 1170 3602 1209; x_wconf 84' lang='lat' dir='ltr'><strong>cun-</strong></span> 
     </span>
    </p>
   </div>
   <div class='ocr_carea' id='block_1_41' title="bbox 2010 1247 3693 1319">
    <p class='ocr_par' dir='ltr' id='par_1_41' title="bbox 2010 1247 3693 1319">
     <span class='ocr_line' id='line_1_41' title="bbox 2010 1247 3693 1319; baseline -0.001 -15"><span class='ocrx_word' id='word_1_273' title='bbox 2010 1251 2244 1306; x_wconf 77' lang='lat' dir='ltr'><strong>diiiones</strong></span> <span class='ocrx_word' id='word_1_274' title='bbox 2282 1250 2542 1306; x_wconf 77' lang='lat' dir='ltr'><strong>Romanis</strong></span> <span class='ocrx_word' id='word_1_275' title='bbox 2589 1250 2869 1305; x_wconf 75' lang='lat' dir='ltr'><strong>dedendae.</strong></span> <span class='ocrx_word' id='word_1_276' title='bbox 2917 1247 3121 1304; x_wconf 82' lang='lat' dir='ltr'><strong>Verum</strong></span> <span class='ocrx_word' id='word_1_277' title='bbox 3169 1248 3405 1310; x_wconf 84' lang='lat' dir='ltr'><strong>fortuna,</strong></span> <span class='ocrx_word' id='word_1_278' title='bbox 3450 1260 3602 1303; x_wconf 87' lang='lat' dir='ltr'><strong>certo</strong></span> <span class='ocrx_word' id='word_1_279' title='bbox 3690 1318 3693 1319; x_wconf 17' lang='grc' dir='ltr'><em>ν</em></span> 
     </span>
    </p>
   </div>
   <div class='ocr_carea' id='block_1_42' title="bbox 2010 1340 3602 1412">
    <p class='ocr_par' dir='ltr' id='par_1_42' title="bbox 2010 1340 3602 1412">
     <span class='ocr_line' id='line_1_42' title="bbox 2010 1340 3602 1412; baseline 0.001 -21"><span class='ocrx_word' id='word_1_280' title='bbox 2010 1342 2165 1412; x_wconf 85' lang='lat' dir='ltr'><strong>quasi</strong></span> <span class='ocrx_word' id='word_1_281' title='bbox 2194 1342 2456 1411; x_wconf 89' lang='lat' dir='ltr'><strong>temporis</strong></span> <span class='ocrx_word' id='word_1_282' title='bbox 2489 1342 2722 1411; x_wconf 78' lang='lat' dir='ltr'><strong>quodam</strong></span> <span class='ocrx_word' id='word_1_283' title='bbox 2757 1341 2933 1409; x_wconf 81' lang='lat' dir='ltr'><strong>Spatio</strong></span> <span class='ocrx_word' id='word_1_284' title='bbox 2976 1356 3037 1397; x_wconf 86' lang='lat' dir='ltr'><strong>se</strong></span> <span class='ocrx_word' id='word_1_285' title='bbox 3068 1340 3346 1396; x_wconf 85' lang='lat' dir='ltr'><strong>Romanos</strong></span> <span class='ocrx_word' id='word_1_286' title='bbox 3378 1351 3602 1395; x_wconf 83' lang='lat' dir='ltr'><strong>secutu-</strong></span> 
     </span>
    </p>
   </div>
   <div class='ocr_carea' id='block_1_43' title="bbox 2013 1432 3603 1505">
    <p class='ocr_par' dir='ltr' id='par_1_43' title="bbox 2013 1432 3603 1505">
     <span class='ocr_line' id='line_1_43' title="bbox 2013 1432 3603 1505; baseline -0.001 -16"><span class='ocrx_word' id='word_1_287' title='bbox 2013 1452 2127 1489; x_wconf 86' lang='lat' dir='ltr'><strong>ram</strong></span> <span class='ocrx_word' id='word_1_288' title='bbox 2160 1445 2305 1491; x_wconf 84' lang='lat' dir='ltr'><strong>esset</strong></span> <span class='ocrx_word' id='word_1_289' title='bbox 2342 1447 2515 1505; x_wconf 87' lang='lat' dir='ltr'><strong>pacta,</strong></span> <span class='ocrx_word' id='word_1_290' title='bbox 2557 1434 2721 1503; x_wconf 88' lang='lat' dir='ltr'><strong>idque</strong></span> <span class='ocrx_word' id='word_1_291' title='bbox 2756 1434 2870 1504; x_wconf 84' lang='lat' dir='ltr'><strong>jam</strong></span> <span class='ocrx_word' id='word_1_292' title='bbox 2905 1433 3145 1503; x_wconf 87' lang='lat' dir='ltr'><strong>elapsum</strong></span> <span class='ocrx_word' id='word_1_293' title='bbox 3180 1435 3464 1499; x_wconf 87' lang='lat' dir='ltr'><strong>sensisset,</strong></span> <span class='ocrx_word' id='word_1_294' title='bbox 3496 1432 3603 1488; x_wconf 81' lang='lat' dir='ltr'><strong>illis</strong></span> 
     </span>
    </p>
   </div>
   <div class='ocr_carea' id='block_1_44' title="bbox 2012 1523 3604 1589">
    <p class='ocr_par' dir='ltr' id='par_1_44' title="bbox 2012 1523 3604 1589">
     <span class='ocr_line' id='line_1_44' title="bbox 2012 1523 3604 1589; baseline -0.002 -10"><span class='ocrx_word' id='word_1_295' title='bbox 2012 1528 2065 1579; x_wconf 90' lang='lat' dir='ltr'><strong>in</strong></span> <span class='ocrx_word' id='word_1_296' title='bbox 2099 1524 2272 1579; x_wconf 70' lang='lat' dir='ltr'><strong>media</strong></span> <span class='ocrx_word' id='word_1_297' title='bbox 2305 1525 2525 1579; x_wconf 81' lang='lat' dir='ltr'><strong>civitate</strong></span> <span class='ocrx_word' id='word_1_298' title='bbox 2556 1524 2781 1589; x_wconf 87' lang='lat' dir='ltr'><strong>relictis,</strong></span> <span class='ocrx_word' id='word_1_299' title='bbox 2818 1526 3077 1579; x_wconf 87' lang='lat' dir='ltr'><strong>recessit.</strong></span> <span class='ocrx_word' id='word_1_300' title='bbox 3120 1525 3253 1579; x_wconf 87' lang='lat' dir='ltr'><strong>Dum</strong></span> <span class='ocrx_word' id='word_1_301' title='bbox 3299 1524 3443 1577; x_wconf 75' lang='lat' dir='ltr'><strong>eiiim</strong></span> <span class='ocrx_word' id='word_1_302' title='bbox 3488 1523 3604 1576; x_wconf 73' lang='lat' dir='ltr'><strong>h:ec</strong></span> 
     </span>
    </p>
   </div>
   <div class='ocr_carea' id='block_1_45' title="bbox 2011 1614 3599 1683">
    <p class='ocr_par' dir='ltr' id='par_1_45' title="bbox 2011 1614 3599 1683">
     <span class='ocr_line' id='line_1_45' title="bbox 2011 1614 3599 1683; baseline -0.003 -12"><span class='ocrx_word' id='word_1_303' title='bbox 2011 1617 2177 1673; x_wconf 81' lang='lat' dir='ltr'><strong>Siculi</strong></span> <span class='ocrx_word' id='word_1_304' title='bbox 2222 1617 2543 1678; x_wconf 79' lang='lat' dir='ltr'><strong>deliberant,</strong></span> <span class='ocrx_word' id='word_1_305' title='bbox 2596 1617 2874 1668; x_wconf 88' lang='lat' dir='ltr'><strong>mmtiatnr</strong></span> <span class='ocrx_word' id='word_1_306' title='bbox 2926 1616 3210 1683; x_wconf 80' lang='lat' dir='ltr'><strong>oppidanis</strong></span> <span class='ocrx_word' id='word_1_307' title='bbox 3265 1614 3599 1669; x_wconf 86' lang='lat' dir='ltr'><strong>Gulielmum</strong></span> 
     </span>
    </p>
   </div>
   <div class='ocr_carea' id='block_1_46' title="bbox 2013 1705 3598 1776">
    <p class='ocr_par' dir='ltr' id='par_1_46' title="bbox 2013 1705 3598 1776">
     <span class='ocr_line' id='line_1_46' title="bbox 2013 1705 3598 1776; baseline 0 -13"><span class='ocrx_word' id='word_1_308' title='bbox 2013 1725 2206 1776; x_wconf 74' lang='lat' dir='ltr'><strong>magno</strong></span> <span class='ocrx_word' id='word_1_309' title='bbox 2242 1725 2361 1762; x_wconf 85' lang='lat' dir='ltr'><strong>cum</strong></span> <span class='ocrx_word' id='word_1_310' title='bbox 2401 1709 2642 1761; x_wconf 75' lang='lat' dir='ltr'><strong>exercitu</strong></span> <span class='ocrx_word' id='word_1_311' title='bbox 2681 1722 2847 1775; x_wconf 87' lang='lat' dir='ltr'><strong>prope</strong></span> <span class='ocrx_word' id='word_1_312' title='bbox 2876 1708 3091 1761; x_wconf 78' lang='lat' dir='ltr'><strong>adesse.</strong></span> <span class='ocrx_word' id='word_1_313' title='bbox 3132 1705 3343 1772; x_wconf 84' lang='lat' dir='ltr'><strong>Quibus</strong></span> <span class='ocrx_word' id='word_1_314' title='bbox 3374 1706 3598 1763; x_wconf 66' lang='lat' dir='ltr'><strong>auditis.</strong></span> 
     </span>
    </p>
   </div>
   <div class='ocr_carea' id='block_1_47' title="bbox 2013 1797 3601 1865">
    <p class='ocr_par' dir='ltr' id='par_1_47' title="bbox 2013 1797 3601 1865">
     <span class='ocr_line' id='line_1_47' title="bbox 2013 1797 3601 1865; baseline 0 -12"><span class='ocrx_word' id='word_1_315' title='bbox 2013 1801 2296 1853; x_wconf 74' lang='lat' dir='ltr'><strong>Consilium</strong></span> <span class='ocrx_word' id='word_1_316' title='bbox 2325 1799 2377 1852; x_wconf 92' lang='lat' dir='ltr'><strong>id</strong></span> <span class='ocrx_word' id='word_1_317' title='bbox 2407 1798 2744 1851; x_wconf 81' lang='lat' dir='ltr'><strong>intermisere</strong></span> <span class='ocrx_word' id='word_1_318' title='bbox 2778 1807 2828 1851; x_wconf 90' lang='lat' dir='ltr'><strong>et</strong></span> <span class='ocrx_word' id='word_1_319' title='bbox 2863 1797 2915 1850; x_wconf 87' lang='lat' dir='ltr'><strong>in</strong></span> <span class='ocrx_word' id='word_1_320' title='bbox 2952 1813 3133 1851; x_wconf 87' lang='lat' dir='ltr'><strong>muros</strong></span> <span class='ocrx_word' id='word_1_321' title='bbox 3175 1799 3447 1865; x_wconf 66' lang='lat' dir='ltr'><strong>progressi</strong></span> <span class='ocrx_word' id='word_1_322' title='bbox 3490 1798 3601 1853; x_wconf 76' lang='lat' dir='ltr'><strong>fre-</strong></span> 
     </span>
    </p>
   </div>
   <div class='ocr_carea' id='block_1_48' title="bbox 2013 1888 3601 1959">
    <p class='ocr_par' dir='ltr' id='par_1_48' title="bbox 2013 1888 3601 1959">
     <span class='ocr_line' id='line_1_48' title="bbox 2013 1888 3601 1959; baseline 0.001 -19"><span class='ocrx_word' id='word_1_323' title='bbox 2013 1890 2199 1959; x_wconf 86' lang='lat' dir='ltr'><strong>quenti</strong></span> <span class='ocrx_word' id='word_1_324' title='bbox 2258 1892 2445 1959; x_wconf 89' lang='lat' dir='ltr'><strong>plausu</strong></span> <span class='ocrx_word' id='word_1_325' title='bbox 2500 1890 2651 1958; x_wconf 85' lang='lat' dir='ltr'><strong>quasi</strong></span> <span class='ocrx_word' id='word_1_326' title='bbox 2707 1890 2945 1959; x_wconf 75' lang='lat' dir='ltr'><strong>depulsis</strong></span> <span class='ocrx_word' id='word_1_327' title='bbox 2994 1888 3108 1957; x_wconf 81' lang='lat' dir='ltr'><strong>jam</strong></span> <span class='ocrx_word' id='word_1_328' title='bbox 3175 1891 3297 1944; x_wconf 88' lang='lat' dir='ltr'><strong>inde</strong></span> <span class='ocrx_word' id='word_1_329' title='bbox 3342 1890 3601 1943; x_wconf 81' lang='lat' dir='ltr'><strong>Romanis</strong></span> 
     </span>
    </p>
   </div>
   <div class='ocr_carea' id='block_1_49' title="bbox 2015 1982 2655 2053">
    <p class='ocr_par' dir='ltr' id='par_1_49' title="bbox 2015 1982 2655 2053">
     <span class='ocr_line' id='line_1_49' title="bbox 2015 1982 2655 2053; baseline -0.002 -17"><span class='ocrx_word' id='word_1_330' title='bbox 2015 1983 2205 2038; x_wconf 78' lang='lat' dir='ltr'><strong>festum</strong></span> <span class='ocrx_word' id='word_1_331' title='bbox 2238 1990 2465 2053; x_wconf 78' lang='lat' dir='ltr'><strong>egerunt</strong></span> <span class='ocrx_word' id='word_1_332' title='bbox 2493 1982 2655 2035; x_wconf 85' lang='lat' dir='ltr'><strong>diem.</strong></span> 
     </span>
    </p>
   </div>
   <div class='ocr_carea' id='block_1_50' title="bbox 2083 2180 3600 2252">
    <p class='ocr_par' dir='ltr' id='par_1_50' title="bbox 2083 2180 3600 2252">
     <span class='ocr_line' id='line_1_50' title="bbox 2083 2180 3600 2252; baseline 0 -15"><span class='ocrx_word' id='word_1_333' title='bbox 2083 2183 2173 2237; x_wconf 73' lang='grc'><strong>15.</strong></span> <span class='ocrx_word' id='word_1_334' title='bbox 2213 2181 2337 2237; x_wconf 72' lang='grc' dir='ltr'>Ιί.ιιο</span> <span class='ocrx_word' id='word_1_335' title='bbox 2374 2192 2485 2235; x_wconf 90' lang='lat' dir='ltr'><strong>tum</strong></span> <span class='ocrx_word' id='word_1_336' title='bbox 2526 2181 2596 2235; x_wconf 92' lang='lat' dir='ltr'><strong>ibi</strong></span> <span class='ocrx_word' id='word_1_337' title='bbox 2633 2181 2982 2251; x_wconf 74' lang='lat' dir='ltr'><strong>gerebantur.</strong></span> <span class='ocrx_word' id='word_1_338' title='bbox 3019 2180 3239 2236; x_wconf 76' lang='lat' dir='ltr'><strong>Movens</strong></span> <span class='ocrx_word' id='word_1_339' title='bbox 3270 2197 3395 2237; x_wconf 87' lang='lat' dir='ltr'><strong>vero</strong></span> <span class='ocrx_word' id='word_1_340' title='bbox 3426 2181 3600 2252; x_wconf 78' lang='lat' dir='ltr'><strong>Myzia</strong></span> 
     </span>
    </p>
   </div>
   <div class='ocr_carea' id='block_1_51' title="bbox 2010 2274 3604 2331">
    <p class='ocr_par' dir='ltr' id='par_1_51' title="bbox 2010 2274 3604 2331">
     <span class='ocr_line' id='line_1_51' title="bbox 2010 2274 3604 2331; baseline 0.002 -3"><span class='ocrx_word' id='word_1_341' title='bbox 2010 2274 2309 2330; x_wconf 57' lang='lat' dir='ltr'><strong>Gulielmus</strong></span> <span class='ocrx_word' id='word_1_342' title='bbox 2353 2292 2472 2329; x_wconf 82' lang='lat' dir='ltr'><strong>cum</strong></span> <span class='ocrx_word' id='word_1_343' title='bbox 2522 2278 2777 2329; x_wconf 84' lang='lat' dir='ltr'><strong>universo</strong></span> <span class='ocrx_word' id='word_1_344' title='bbox 2818 2275 3061 2329; x_wconf 79' lang='lat' dir='ltr'><strong>exercitu</strong></span> <span class='ocrx_word' id='word_1_345' title='bbox 3115 2291 3303 2330; x_wconf 86' lang='lat' dir='ltr'><strong>versus</strong></span> <span class='ocrx_word' id='word_1_346' title='bbox 3352 2275 3604 2331; x_wconf 87' lang='lat' dir='ltr'><strong>Brundu-</strong></span> 
     </span>
    </p>
   </div>
   <div class='ocr_carea' id='block_1_52' title="bbox 2010 2371 3600 2440">
    <p class='ocr_par' dir='ltr' id='par_1_52' title="bbox 2010 2371 3600 2440">
     <span class='ocr_line' id='line_1_52' title="bbox 2010 2371 3600 2440; baseline -0.001 -12"><span class='ocrx_word' id='word_1_347' title='bbox 2010 2373 2150 2428; x_wconf 88' lang='lat' dir='ltr'><strong>sium</strong></span> <span class='ocrx_word' id='word_1_348' title='bbox 2204 2374 2504 2436; x_wconf 79' lang='lat' dir='ltr'><strong>c0nteudit,</strong></span> <span class='ocrx_word' id='word_1_349' title='bbox 2535 2373 2661 2426; x_wconf 90' lang='lat' dir='ltr'><strong>dum</strong></span> <span class='ocrx_word' id='word_1_350' title='bbox 2709 2373 2902 2427; x_wconf 81' lang='lat' dir='ltr'><strong>classis</strong></span> <span class='ocrx_word' id='word_1_351' title='bbox 2960 2371 3142 2427; x_wconf 87' lang='lat' dir='ltr'><strong>Sicula</strong></span> <span class='ocrx_word' id='word_1_352' title='bbox 3193 2373 3260 2426; x_wconf 91' lang='lat' dir='ltr'><strong>ad</strong></span> <span class='ocrx_word' id='word_1_353' title='bbox 3316 2374 3600 2440; x_wconf 87' lang='lat' dir='ltr'><strong>parvulam</strong></span> 
     </span>
    </p>
   </div>
   <div class='ocr_carea' id='block_1_53' title="bbox 2010 2464 3598 2531">
    <p class='ocr_par' dir='ltr' id='par_1_53' title="bbox 2010 2464 3598 2531">
     <span class='ocr_line' id='line_1_53' title="bbox 2010 2464 3598 2531; baseline 0.002 -15"><span class='ocrx_word' id='word_1_354' title='bbox 2010 2464 2241 2517; x_wconf 89' lang='lat' dir='ltr'><strong>insu&#39;am</strong></span> <span class='ocrx_word' id='word_1_355' title='bbox 2278 2464 2579 2517; x_wconf 85' lang='lat' dir='ltr'><strong>Brundusio</strong></span> <span class='ocrx_word' id='word_1_356' title='bbox 2614 2465 2801 2531; x_wconf 83' lang='lat' dir='ltr'><strong>paucis</strong></span> <span class='ocrx_word' id='word_1_357' title='bbox 2831 2464 3031 2517; x_wconf 85' lang='lat' dir='ltr'><strong>abhinc</strong></span> <span class='ocrx_word' id='word_1_358' title='bbox 3068 2464 3259 2518; x_wconf 89' lang='lat' dir='ltr'><strong>stadiis</strong></span> <span class='ocrx_word' id='word_1_359' title='bbox 3304 2468 3598 2519; x_wconf 86' lang='lat' dir='ltr'><strong>obversam</strong></span> 
     </span>
    </p>
   </div>
   <div class='ocr_carea' id='block_1_54' title="bbox 2010 2553 3599 2622">
    <p class='ocr_par' dir='ltr' id='par_1_54' title="bbox 2010 2553 3599 2622">
     <span class='ocr_line' id='line_1_54' title="bbox 2010 2553 3599 2622; baseline -0.001 -15"><span class='ocrx_word' id='word_1_360' title='bbox 2010 2554 2231 2622; x_wconf 75' lang='lat' dir='ltr'><strong>appellit</strong></span> <span class='ocrx_word' id='word_1_361' title='bbox 2263 2574 2277 2607; x_wconf 86' lang='lat'><strong>:</strong></span> <span class='ocrx_word' id='word_1_362' title='bbox 2316 2554 2383 2605; x_wconf 84' lang='lat' dir='ltr'><strong>ab</strong></span> <span class='ocrx_word' id='word_1_363' title='bbox 2418 2563 2647 2622; x_wconf 84' lang='lat' dir='ltr'><strong>utraque</strong></span> <span class='ocrx_word' id='word_1_364' title='bbox 2695 2553 2838 2606; x_wconf 87' lang='lat' dir='ltr'><strong>enim</strong></span> <span class='ocrx_word' id='word_1_365' title='bbox 2881 2565 3035 2622; x_wconf 89' lang='lat' dir='ltr'><strong>parte</strong></span> <span class='ocrx_word' id='word_1_366' title='bbox 3085 2554 3362 2609; x_wconf 80' lang='lat' dir='ltr'><strong>Romanos</strong></span> <span class='ocrx_word' id='word_1_367' title='bbox 3398 2555 3599 2613; x_wconf 84' lang='lat' dir='ltr'><strong>adoriri</strong></span> 
     </span>
    </p>
   </div>
   <div class='ocr_carea' id='block_1_55' title="bbox 2010 2643 3602 2711">
    <p class='ocr_par' dir='ltr' id='par_1_55' title="bbox 2010 2643 3602 2711">
     <span class='ocr_line' id='line_1_55' title="bbox 2010 2643 3602 2711; baseline 0.002 -16"><span class='ocrx_word' id='word_1_368' title='bbox 2010 2652 2295 2696; x_wconf 77' lang='lat' dir='ltr'><strong>statuerat.</strong></span> <span class='ocrx_word' id='word_1_369' title='bbox 2356 2643 2460 2696; x_wconf 84' lang='lat' dir='ltr'><strong>Sed</strong></span> <span class='ocrx_word' id='word_1_370' title='bbox 2519 2643 2674 2707; x_wconf 87' lang='lat' dir='ltr'><strong>illos,</strong></span> <span class='ocrx_word' id='word_1_371' title='bbox 2736 2658 2842 2711; x_wconf 87' lang='lat' dir='ltr'><strong>quo</strong></span> <span class='ocrx_word' id='word_1_372' title='bbox 2868 2644 3026 2696; x_wconf 58' lang='lat' dir='ltr'><strong>uinus</strong></span> <span class='ocrx_word' id='word_1_373' title='bbox 3086 2644 3357 2711; x_wconf 81' lang='lat' dir='ltr'><strong>extemplo</strong></span> <span class='ocrx_word' id='word_1_374' title='bbox 3411 2646 3602 2698; x_wconf 83' lang='lat' dir='ltr'><strong>navale</strong></span> 
     </span>
    </p>
   </div>
   <div class='ocr_carea' id='block_1_56' title="bbox 2008 2732 3603 2805">
    <p class='ocr_par' dir='ltr' id='par_1_56' title="bbox 2008 2732 3603 2805">
     <span class='ocr_line' id='line_1_56' title="bbox 2008 2732 3603 2805; baseline 0.001 -16"><span class='ocrx_word' id='word_1_375' title='bbox 2008 2732 2415 2789; x_wconf 73' lang='lat' dir='ltr'><strong>committerent</strong></span> <span class='ocrx_word' id='word_1_376' title='bbox 2444 2733 2683 2801; x_wconf 55' lang='lat' dir='ltr'><strong>pra&#39;lium</strong></span> <span class='ocrx_word' id='word_1_377' title='bbox 2721 2736 3035 2803; x_wconf 82' lang='lat' dir='ltr'><strong>priusquam</strong></span> <span class='ocrx_word' id='word_1_378' title='bbox 3074 2750 3101 2787; x_wconf 86' lang='lat' dir='ltr'><strong>a</strong></span> <span class='ocrx_word' id='word_1_379' title='bbox 3133 2734 3397 2789; x_wconf 67' lang='lat' dir='ltr'><strong>Gulielmo</strong></span> <span class='ocrx_word' id='word_1_380' title='bbox 3430 2736 3603 2805; x_wconf 86' lang='lat' dir='ltr'><strong>impc-</strong></span> 
     </span>
    </p>
   </div>
   <div class='ocr_carea' id='block_1_57' title="bbox 2012 2826 3600 2895">
    <p class='ocr_par' dir='ltr' id='par_1_57' title="bbox 2012 2826 3600 2895">
     <span class='ocr_line' id='line_1_57' title="bbox 2012 2826 3600 2895; baseline 0.003 -16"><span class='ocrx_word' id='word_1_381' title='bbox 2012 2835 2276 2889; x_wconf 87' lang='lat' dir='ltr'><strong>terentur,</strong></span> <span class='ocrx_word' id='word_1_382' title='bbox 2312 2827 2494 2879; x_wconf 56' lang='lat' dir='ltr'><strong>nescio</strong></span> <span class='ocrx_word' id='word_1_383' title='bbox 2531 2828 2673 2895; x_wconf 87' lang='lat' dir='ltr'><strong>quod</strong></span> <span class='ocrx_word' id='word_1_384' title='bbox 2697 2842 2918 2893; x_wconf 84' lang='lat' dir='ltr'><strong>pravum</strong></span> <span class='ocrx_word' id='word_1_385' title='bbox 2944 2826 3252 2892; x_wconf 86' lang='lat' dir='ltr'><strong>consilium,</strong></span> <span class='ocrx_word' id='word_1_386' title='bbox 3275 2838 3329 2880; x_wconf 87' lang='lat' dir='ltr'><strong>et</strong></span> <span class='ocrx_word' id='word_1_387' title='bbox 3360 2829 3503 2893; x_wconf 90' lang='lat' dir='ltr'><strong>quod</strong></span> <span class='ocrx_word' id='word_1_388' title='bbox 3535 2829 3600 2883; x_wconf 87' lang='lat' dir='ltr'><strong>iis</strong></span> 
     </span>
    </p>
   </div>
   <div class='ocr_carea' id='block_1_58' title="bbox 2009 2922 3598 2992">
    <p class='ocr_par' dir='ltr' id='par_1_58' title="bbox 2009 2922 3598 2992">
     <span class='ocr_line' id='line_1_58' title="bbox 2009 2922 3598 2992; baseline 0.003 -14"><span class='ocrx_word' id='word_1_389' title='bbox 2009 2922 2171 2978; x_wconf 78' lang='lat' dir='ltr'><strong>fatale</strong></span> <span class='ocrx_word' id='word_1_390' title='bbox 2205 2924 2473 2992; x_wconf 83' lang='lat' dir='ltr'><strong>quoddam</strong></span> <span class='ocrx_word' id='word_1_391' title='bbox 2514 2923 2860 2991; x_wconf 82' lang='lat' dir='ltr'><strong>impeu&#39;debat</strong></span> <span class='ocrx_word' id='word_1_392' title='bbox 2895 2926 3176 2992; x_wconf 80' lang='lat' dir='ltr'><strong>damnum,</strong></span> <span class='ocrx_word' id='word_1_393' title='bbox 3200 2926 3416 2981; x_wconf 83' lang='lat' dir='ltr'><strong>avertit.</strong></span> <span class='ocrx_word' id='word_1_394' title='bbox 3464 2928 3598 2983; x_wconf 73' lang='lat' dir='ltr'><strong>Dum</strong></span> 
     </span>
    </p>
   </div>
   <div class='ocr_carea' id='block_1_59' title="bbox 2011 3017 3601 3087">
    <p class='ocr_par' dir='ltr' id='par_1_59' title="bbox 2011 3017 3601 3087">
     <span class='ocr_line' id='line_1_59' title="bbox 2011 3017 3601 3087; baseline 0.001 -18"><span class='ocrx_word' id='word_1_395' title='bbox 2011 3018 2153 3070; x_wconf 88' lang='lat' dir='ltr'><strong>enim</strong></span> <span class='ocrx_word' id='word_1_396' title='bbox 2172 3025 2359 3071; x_wconf 85' lang='lat' dir='ltr'><strong>centra</strong></span> <span class='ocrx_word' id='word_1_397' title='bbox 2384 3026 2674 3084; x_wconf 85' lang='lat' dir='ltr'><strong>utrumque</strong></span> <span class='ocrx_word' id='word_1_398' title='bbox 2692 3025 2967 3069; x_wconf 86' lang='lat' dir='ltr'><strong>certamen</strong></span> <span class='ocrx_word' id='word_1_399' title='bbox 3003 3017 3209 3078; x_wconf 86' lang='lat' dir='ltr'><strong>ineunt,</strong></span> <span class='ocrx_word' id='word_1_400' title='bbox 3250 3032 3332 3069; x_wconf 76' lang='lat' dir='ltr'><strong>res</strong></span> <span class='ocrx_word' id='word_1_401' title='bbox 3368 3018 3601 3087; x_wconf 85' lang='lat' dir='ltr'><strong>impera-</strong></span> 
     </span>
    </p>
   </div>
   <div class='ocr_carea' id='block_1_60' title="bbox 2012 3105 3600 3178">
    <p class='ocr_par' dir='ltr' id='par_1_60' title="bbox 2012 3105 3600 3178">
     <span class='ocr_line' id='line_1_60' title="bbox 2012 3105 3600 3178; baseline 0.002 -17"><span class='ocrx_word' id='word_1_402' title='bbox 2012 3108 2145 3162; x_wconf 84' lang='lat' dir='ltr'><strong>toris</strong></span> <span class='ocrx_word' id='word_1_403' title='bbox 2196 3108 2638 3175; x_wconf 81' lang='lat' dir='ltr'><strong>pessumdedere.</strong></span> <span class='ocrx_word' id='word_1_404' title='bbox 2673 3105 2875 3161; x_wconf 82' lang='lat' dir='ltr'><strong>Novum</strong></span> <span class='ocrx_word' id='word_1_405' title='bbox 2922 3108 3080 3178; x_wconf 78' lang='grc'><strong>167</strong></span> <span class='ocrx_word' id='word_1_406' title='bbox 3112 3112 3307 3178; x_wconf 80' lang='lat' dir='ltr'><strong>quippe</strong></span> <span class='ocrx_word' id='word_1_407' title='bbox 3341 3108 3600 3178; x_wconf 84' lang='lat' dir='ltr'><strong>Byzantio</strong></span> 
     </span>
    </p>
   </div>
   <div class='ocr_carea' id='block_1_61' title="bbox 315 3189 1905 3272">
    <p class='ocr_par' dir='ltr' id='par_1_61' title="bbox 315 3193 1903 3266">
     <span class='ocr_line' id='line_1_61' title="bbox 315 3193 1903 3266; baseline -0.002 -17"><span class='ocrx_word' id='word_1_408' title='bbox 315 3198 386 3251; x_wconf 68' lang='grc' dir='ltr'>ἔκ</span> <span class='ocrx_word' id='word_1_409' title='bbox 428 3195 723 3259; x_wconf 77' lang='grc' dir='ltr'>Βυζαντίου</span> <span class='ocrx_word' id='word_1_410' title='bbox 756 3193 1192 3262; x_wconf 65' lang='grc' dir='ltr'>καραδοκοῦντες</span> <span class='ocrx_word' id='word_1_411' title='bbox 1250 3194 1376 3265; x_wconf 74' lang='grc' dir='ltr'>ἤδη,</span> <span class='ocrx_word' id='word_1_412' title='bbox 1429 3196 1483 3258; x_wconf 81' lang='grc' dir='ltr'>ἐς</span> <span class='ocrx_word' id='word_1_413' title='bbox 1533 3196 1630 3266; x_wconf 76' lang='grc' dir='ltr'>τὴν</span> <span class='ocrx_word' id='word_1_414' title='bbox 1691 3195 1903 3247; x_wconf 74' lang='grc' dir='ltr'>ἐκείνου</span> 
     </span>
    </p>
   </div>
   <div class='ocr_carea' id='block_1_62' title="bbox 2007 3189 3596 3272">
    <p class='ocr_par' dir='ltr' id='par_1_62' title="bbox 2010 3202 3596 3272">
     <span class='ocr_line' id='line_1_62' title="bbox 2010 3202 3596 3272; baseline -0.001 -13"><span class='ocrx_word' id='word_1_415' title='bbox 2010 3202 2314 3259; x_wconf 79' lang='lat' dir='ltr'><strong>exercitum</strong></span> <span class='ocrx_word' id='word_1_416' title='bbox 2347 3210 2728 3271; x_wconf 79' lang='lat' dir='ltr'><strong>exspectantes</strong></span> <span class='ocrx_word' id='word_1_417' title='bbox 2763 3217 3043 3271; x_wconf 87' lang='lat' dir='ltr'><strong>quousque</strong></span> <span class='ocrx_word' id='word_1_418' title='bbox 3069 3204 3286 3256; x_wconf 87' lang='lat' dir='ltr'><strong>adesset</strong></span> <span class='ocrx_word' id='word_1_419' title='bbox 3321 3203 3404 3256; x_wconf 86' lang='lat' dir='ltr'><strong>ille</strong></span> <span class='ocrx_word' id='word_1_420' title='bbox 3431 3203 3596 3272; x_wconf 87' lang='lat' dir='ltr'><strong>(quod</strong></span> 
     </span>
    </p>
   </div>
   <div class='ocr_carea' id='block_1_63' title="bbox 313 3287 1903 3361">
    <p class='ocr_par' dir='ltr' id='par_1_63' title="bbox 313 3287 1903 3361">
     <span class='ocr_line' id='line_1_63' title="bbox 313 3287 1903 3361; baseline -0.001 -18"><span class='ocrx_word' id='word_1_421' title='bbox 313 3291 467 3361; x_wconf 87' lang='grc' dir='ltr'>τάχα</span> <span class='ocrx_word' id='word_1_422' title='bbox 514 3290 827 3358; x_wconf 74' lang='grc' dir='ltr'>παρουσίαν</span> <span class='ocrx_word' id='word_1_423' title='bbox 857 3287 958 3357; x_wconf 83' lang='grc' dir='ltr'>τὴν</span> <span class='ocrx_word' id='word_1_424' title='bbox 996 3288 1307 3359; x_wconf 83' lang='grc' dir='ltr'>προσϐολὴν</span> <span class='ocrx_word' id='word_1_425' title='bbox 1335 3288 1674 3342; x_wconf 79' lang='grc' dir='ltr'>ἀπετίθεντο.</span> <span class='ocrx_word' id='word_1_426' title='bbox 1725 3290 1813 3352; x_wconf 83' lang='grc' dir='ltr'>Ὠς</span> <span class='ocrx_word' id='word_1_427' title='bbox 1846 3288 1903 3341; x_wconf 66' lang='grc' dir='ltr'>δὲ</span> 
     </span>
    </p>
   </div>
   <div class='ocr_carea' id='block_1_64' title="bbox 315 3377 1903 3455">
    <p class='ocr_par' dir='ltr' id='par_1_64' title="bbox 315 3377 1903 3455">
     <span class='ocr_line' id='line_1_64' title="bbox 315 3377 1903 3455; baseline -0.003 -22"><span class='ocrx_word' id='word_1_428' title='bbox 315 3380 426 3455; x_wconf 67' lang='grc' dir='ltr'>ήδη</span> <span class='ocrx_word' id='word_1_429' title='bbox 459 3378 629 3448; x_wconf 72' lang='grc' dir='ltr'>ἐγγὺς</span> <span class='ocrx_word' id='word_1_430' title='bbox 676 3378 821 3431; x_wconf 81' lang='grc' dir='ltr'>εἶναι</span> <span class='ocrx_word' id='word_1_431' title='bbox 854 3377 1148 3449; x_wconf 73' lang='grc' dir='ltr'>ἠγγέλλετο</span> <span class='ocrx_word' id='word_1_432' title='bbox 1198 3377 1482 3448; x_wconf 82' lang='grc' dir='ltr'>Γιλίελμος</span> <span class='ocrx_word' id='word_1_433' title='bbox 1504 3421 1518 3443; x_wconf 92' lang='grc'><strong>,</strong></span> <span class='ocrx_word' id='word_1_434' title='bbox 1548 3378 1671 3431; x_wconf 82' lang='grc' dir='ltr'>τότε</span> <span class='ocrx_word' id='word_1_435' title='bbox 1702 3378 1766 3449; x_wconf 77' lang='grc' dir='ltr'>δὴ</span> <span class='ocrx_word' id='word_1_436' title='bbox 1804 3379 1903 3448; x_wconf 81' lang='grc' dir='ltr'>τὴν</span> 
     </span>
    </p>
   </div>
   <div class='ocr_carea' id='block_1_65' title="bbox 314 3469 1902 3541">
    <p class='ocr_par' dir='ltr' id='par_1_65' title="bbox 314 3469 1902 3541">
     <span class='ocr_line' id='line_1_65' title="bbox 314 3469 1902 3541; baseline -0.003 -14"><span class='ocrx_word' id='word_1_437' title='bbox 314 3471 661 3541; x_wconf 77' lang='grc' dir='ltr'>ἀμφοτέρων</span> <span class='ocrx_word' id='word_1_438' title='bbox 681 3472 907 3533; x_wconf 75' lang='grc' dir='ltr'>ἄκοντες</span> <span class='ocrx_word' id='word_1_439' title='bbox 932 3469 1249 3539; x_wconf 71' lang='grc' dir='ltr'>ἀνεδέχοντο</span> <span class='ocrx_word' id='word_1_440' title='bbox 1284 3470 1694 3540; x_wconf 76' lang='grc' dir='ltr'>μάχην.“Ανδρε</span> <span class='ocrx_word' id='word_1_441' title='bbox 1722 3469 1902 3522; x_wconf 85' lang='grc' dir='ltr'>τοίνυν</span> 
     </span>
    </p>
   </div>
   <div class='ocr_carea' id='block_1_66' title="bbox 314 3561 1903 3633">
    <p class='ocr_par' dir='ltr' id='par_1_66' title="bbox 314 3561 1903 3633">
     <span class='ocr_line' id='line_1_66' title="bbox 314 3561 1903 3633; baseline -0.002 -14"><span class='ocrx_word' id='word_1_442' title='bbox 314 3564 419 3619; x_wconf 83' lang='grc' dir='ltr'>δύο</span> <span class='ocrx_word' id='word_1_443' title='bbox 442 3561 657 3632; x_wconf 83' lang='grc' dir='ltr'>δοκίμω</span> <span class='ocrx_word' id='word_1_444' title='bbox 687 3562 755 3616; x_wconf 79' lang='grc' dir='ltr'><strong>τὰ</strong></span> <span class='ocrx_word' id='word_1_445' title='bbox 791 3564 872 3626; x_wconf 87' lang='grc' dir='ltr'><strong>εἰς</strong></span> <span class='ocrx_word' id='word_1_446' title='bbox 912 3561 1012 3626; x_wconf 91' lang='grc' dir='ltr'><strong>τάς</strong></span> <span class='ocrx_word' id='word_1_447' title='bbox 1045 3562 1227 3633; x_wconf 82' lang='grc' dir='ltr'>μάχας</span> <span class='ocrx_word' id='word_1_448' title='bbox 1268 3561 1670 3632; x_wconf 74' lang='grc' dir='ltr'>ἐπιλεξάμενοι,</span> <span class='ocrx_word' id='word_1_449' title='bbox 1718 3564 1903 3617; x_wconf 83' lang='grc' dir='ltr'>Ἰωαν-</span> 
     </span>
    </p>
   </div>
   <div class='ocr_carea' id='block_1_67' title="bbox 313 3650 1901 3725">
    <p class='ocr_par' dir='ltr' id='par_1_67' title="bbox 313 3650 1901 3725">
     <span class='ocr_line' id='line_1_67' title="bbox 313 3650 1901 3725; baseline -0.001 -16"><span class='ocrx_word' id='word_1_450' title='bbox 313 3652 518 3709; x_wconf 81' lang='grc' dir='ltr'>νάκιόν</span> <span class='ocrx_word' id='word_1_451' title='bbox 570 3650 634 3705; x_wconf 79' lang='grc' dir='ltr'>τέ</span> <span class='ocrx_word' id='word_1_452' title='bbox 664 3669 787 3706; x_wconf 89' lang='grc' dir='ltr'>τινα</span> <span class='ocrx_word' id='word_1_453' title='bbox 825 3650 1165 3721; x_wconf 81' lang='grc' dir='ltr'>·Κριτόπλην</span> <span class='ocrx_word' id='word_1_454' title='bbox 1198 3656 1294 3706; x_wconf 75' lang='grc' dir='ltr'>καὶ</span> <span class='ocrx_word' id='word_1_455' title='bbox 1334 3654 1629 3724; x_wconf 82' lang='grc' dir='ltr'>Παιράμην</span> <span class='ocrx_word' id='word_1_456' title='bbox 1686 3656 1901 3725; x_wconf 74' lang='grc' dir='ltr'>Πέρσην</span> 
     </span>
    </p>
   </div>
   <div class='ocr_carea' id='block_1_68' title="bbox 313 3742 1903 3820">
    <p class='ocr_par' dir='ltr' id='par_1_68' title="bbox 313 3742 1903 3820">
     <span class='ocr_line' id='line_1_68' title="bbox 313 3742 1903 3820; baseline 0.001 -19"><span class='ocrx_word' id='word_1_457' title='bbox 313 3747 505 3814; x_wconf 69' lang='grc' dir='ltr'>γένος,</span> <span class='ocrx_word' id='word_1_458' title='bbox 536 3747 653 3817; x_wconf 76' lang='grc' dir='ltr'>ἅμα</span> <span class='ocrx_word' id='word_1_459' title='bbox 686 3746 903 3819; x_wconf 81' lang='grc' dir='ltr'>Ἴϐηρσι</span> <span class='ocrx_word' id='word_1_460' title='bbox 934 3748 1030 3800; x_wconf 78' lang='grc' dir='ltr'>καὶ</span> <span class='ocrx_word' id='word_1_461' title='bbox 1068 3748 1461 3816; x_wconf 81' lang='grc' dir='ltr'>Μασσαγέταις</span> <span class='ocrx_word' id='word_1_462' title='bbox 1486 3750 1572 3818; x_wconf 82' lang='grc' dir='ltr'><strong>ἐφ’</strong></span> <span class='ocrx_word' id='word_1_463' title='bbox 1602 3742 1645 3817; x_wconf 74' lang='grc' dir='ltr'><strong>ᾧ</strong></span> <span class='ocrx_word' id='word_1_464' title='bbox 1668 3749 1903 3820; x_wconf 87' lang='grc' dir='ltr'>ἀκροϐο-</span> 
     </span>
    </p>
   </div>
   <div class='ocr_carea' id='block_1_69' title="bbox 312 3837 1901 3912">
    <p class='ocr_par' dir='ltr' id='par_1_69' title="bbox 312 3837 1901 3912">
     <span class='ocr_line' id='line_1_69' title="bbox 312 3837 1901 3912; baseline 0.001 -17"><span class='ocrx_word' id='word_1_465' title='bbox 312 3839 570 3895; x_wconf 75' lang='grc' dir='ltr'>λίσεσθαι</span> <span class='ocrx_word' id='word_1_466' title='bbox 603 3837 690 3912; x_wconf 80' lang='grc' dir='ltr'><strong>[Ρ.</strong></span> <span class='ocrx_word' id='word_1_467' title='bbox 716 3838 810 3910; x_wconf 85' lang='grc'><strong>97]</strong></span> <span class='ocrx_word' id='word_1_468' title='bbox 879 3839 1167 3910; x_wconf 72' lang='grc' dir='ltr'>ἔπεμψαν*</span> <span class='ocrx_word' id='word_1_469' title='bbox 1198 3839 1248 3894; x_wconf 77' lang='grc' dir='ltr'>οἳ</span> <span class='ocrx_word' id='word_1_470' title='bbox 1297 3841 1391 3895; x_wconf 72' lang='grc' dir='ltr'>καὶ</span> <span class='ocrx_word' id='word_1_471' title='bbox 1428 3841 1618 3909; x_wconf 70' lang='grc' dir='ltr'>ἐπειδὴ</span> <span class='ocrx_word' id='word_1_472' title='bbox 1666 3842 1901 3912; x_wconf 80' lang='grc' dir='ltr'>τάχιστα</span> 
     </span>
    </p>
   </div>
   <div class='ocr_carea' id='block_1_70' title="bbox 312 3930 1900 4005">
    <p class='ocr_par' dir='ltr' id='par_1_70' title="bbox 312 3930 1900 4005">
     <span class='ocr_line' id='line_1_70' title="bbox 312 3930 1900 4005; baseline 0.001 -19"><span class='ocrx_word' id='word_1_473' title='bbox 312 3935 436 3994; x_wconf 78' lang='grc' dir='ltr'>τοῖς</span> <span class='ocrx_word' id='word_1_474' title='bbox 462 3931 750 4000; x_wconf 83' lang='grc' dir='ltr'>πολεμίοις</span> <span class='ocrx_word' id='word_1_475' title='bbox 780 3930 1082 4002; x_wconf 79' lang='grc' dir='ltr'>συνέμιξαν</span> <span class='ocrx_word' id='word_1_476' title='bbox 1109 3934 1218 4005; x_wconf 80' lang='grc' dir='ltr'>πρὸ</span> <span class='ocrx_word' id='word_1_477' title='bbox 1248 3932 1410 3986; x_wconf 85' lang='grc' dir='ltr'>πέντε</span> <span class='ocrx_word' id='word_1_478' title='bbox 1444 3950 1546 3987; x_wconf 89' lang='grc' dir='ltr'><strong>που</strong></span> <span class='ocrx_word' id='word_1_479' title='bbox 1577 3934 1673 3987; x_wconf 76' lang='grc' dir='ltr'>καὶ</span> <span class='ocrx_word' id='word_1_480' title='bbox 1699 3951 1900 3988; x_wconf 87' lang='grc' dir='ltr'>τεσσα-</span> 
     </span>
    </p>
   </div>
   <div class='ocr_carea' id='block_1_71' title="bbox 304 4017 1896 4098">
    <p class='ocr_par' dir='ltr' id='par_1_71' title="bbox 304 4017 1896 4098">
     <span class='ocr_line' id='line_1_71' title="bbox 304 4017 1896 4098; baseline 0 -17"><span class='ocrx_word' id='word_1_481' title='bbox 304 4017 567 4097; x_wconf 63' lang='grc' dir='ltr'>’ράκοντα</span> <span class='ocrx_word' id='word_1_482' title='bbox 623 4025 855 4079; x_wconf 88' lang='grc' dir='ltr'>σταδίων</span> <span class='ocrx_word' id='word_1_483' title='bbox 909 4028 1005 4079; x_wconf 67' lang='grc' dir='ltr'><strong>τὸν</strong></span> <span class='ocrx_word' id='word_1_484' title='bbox 1062 4028 1284 4098; x_wconf 77' lang='grc' dir='ltr'>χάρακα</span> <span class='ocrx_word' id='word_1_485' title='bbox 1343 4028 1701 4097; x_wconf 74' lang='grc' dir='ltr'>πηξαμένοις,</span> <span class='ocrx_word' id='word_1_486' title='bbox 1738 4031 1796 4081; x_wconf 78' lang='grc' dir='ltr'>ἐν</span> <span class='ocrx_word' id='word_1_487' title='bbox 1830 4030 1896 4098; x_wconf 81' lang='grc' dir='ltr'>τῇ</span> 
     </span>
    </p>
   </div>
   <div class='ocr_carea' id='block_1_72' title="bbox 314 4114 1899 4193">
    <p class='ocr_par' dir='ltr' id='par_1_72' title="bbox 314 4114 1899 4193">
     <span class='ocr_line' id='line_1_72' title="bbox 314 4114 1899 4193; baseline 0.002 -23"><span class='ocrx_word' id='word_1_488' title='bbox 314 4114 559 4185; x_wconf 72' lang='grc' dir='ltr'>ιγγύθεν</span> <span class='ocrx_word' id='word_1_489' title='bbox 598 4116 910 4193; x_wconf 77' lang='grc' dir='ltr'>ἀποπορείᾳ</span> <span class='ocrx_word' id='word_1_490' title='bbox 965 4117 1107 4171; x_wconf 81' lang='grc' dir='ltr'>κατὰ</span> <span class='ocrx_word' id='word_1_491' title='bbox 1147 4117 1317 4171; x_wconf 84' lang='grc' dir='ltr'>νώτου</span> <span class='ocrx_word' id='word_1_492' title='bbox 1355 4119 1537 4181; x_wconf 78' lang='grc' dir='ltr'>αὐτοῖς</span> <span class='ocrx_word' id='word_1_493' title='bbox 1585 4117 1899 4188; x_wconf 80' lang='grc' dir='ltr'>ἐπιθέμενοι</span> 
     </span>
    </p>
   </div>
   <div class='ocr_carea' id='block_1_73' title="bbox 312 4207 1901 4284">
    <p class='ocr_par' dir='ltr' id='par_1_73' title="bbox 312 4207 1901 4284">
     <span class='ocr_line' id='line_1_73' title="bbox 312 4207 1901 4284; baseline 0.001 -22"><span class='ocrx_word' id='word_1_494' title='bbox 312 4207 558 4271; x_wconf 77' lang='grc' dir='ltr'>πολλοὺς</span> <span class='ocrx_word' id='word_1_495' title='bbox 611 4223 675 4260; x_wconf 81' lang='grc' dir='ltr'><strong>τε</strong></span> <span class='ocrx_word' id='word_1_496' title='bbox 730 4207 839 4284; x_wconf 74' lang='grc' dir='ltr'>τῷν</span> <span class='ocrx_word' id='word_1_497' title='bbox 890 4208 983 4261; x_wconf 72' lang='grc' dir='ltr'><strong>ἐπὶ</strong></span> <span class='ocrx_word' id='word_1_498' title='bbox 1029 4207 1130 4278; x_wconf 85' lang='grc' dir='ltr'>τῆς</span> <span class='ocrx_word' id='word_1_499' title='bbox 1181 4210 1450 4279; x_wconf 80' lang='grc' dir='ltr'>οῦραγὲας</span> <span class='ocrx_word' id='word_1_500' title='bbox 1499 4210 1751 4263; x_wconf 78' lang='grc' dir='ltr'>ἔκτειναν</span> <span class='ocrx_word' id='word_1_501' title='bbox 1805 4211 1901 4263; x_wconf 71' lang='grc' dir='ltr'>καὶ</span> 
     </span>
    </p>
   </div>
   <div class='ocr_carea' id='block_1_74' title="bbox 314 4301 1899 4373">
    <p class='ocr_par' dir='ltr' id='par_1_74' title="bbox 314 4301 1899 4373">
     <span class='ocr_line' id='line_1_74' title="bbox 314 4301 1899 4373; baseline -0.001 -16"><span class='ocrx_word' id='word_1_502' title='bbox 314 4302 527 4365; x_wconf 82' lang='grc' dir='ltr'>ῐππους</span> <span class='ocrx_word' id='word_1_503' title='bbox 548 4301 659 4355; x_wconf 84' lang='grc' dir='ltr'><strong>τῶν</strong></span> <span class='ocrx_word' id='word_1_504' title='bbox 691 4301 1043 4371; x_wconf 77' lang='grc' dir='ltr'>σκευοφόρων</span> <span class='ocrx_word' id='word_1_505' title='bbox 1073 4304 1301 4371; x_wconf 79' lang='grc' dir='ltr'>συχνοὺς</span> <span class='ocrx_word' id='word_1_506' title='bbox 1326 4303 1557 4373; x_wconf 76' lang='grc' dir='ltr'>ἡλασαν,</span> <span class='ocrx_word' id='word_1_507' title='bbox 1588 4304 1815 4373; x_wconf 81' lang='grc' dir='ltr'>σημεῖόν</span> <span class='ocrx_word' id='word_1_508' title='bbox 1839 4321 1899 4356; x_wconf 84' lang='grc' dir='ltr'><strong>τε</strong></span> 
     </span>
    </p>
   </div>
   <div class='ocr_carea' id='block_1_75' title="bbox 316 4391 1899 4466">
    <p class='ocr_par' dir='ltr' id='par_1_75' title="bbox 316 4391 1899 4466">
     <span class='ocr_line' id='line_1_75' title="bbox 316 4391 1899 4466; baseline 0 -17"><span class='ocrx_word' id='word_1_509' title='bbox 316 4397 465 4465; x_wconf 79' lang='grc' dir='ltr'>σφᾶς</span> <span class='ocrx_word' id='word_1_510' title='bbox 496 4395 830 4466; x_wconf 80' lang='grc' dir='ltr'>ἀφελόμενοι</span> <span class='ocrx_word' id='word_1_511' title='bbox 867 4397 961 4448; x_wconf 79' lang='grc' dir='ltr'><strong>ἐπὶ</strong></span> <span class='ocrx_word' id='word_1_512' title='bbox 995 4396 1318 4466; x_wconf 80' lang='grc' dir='ltr'>Βρεντέσιον</span> <span class='ocrx_word' id='word_1_513' title='bbox 1365 4391 1554 4466; x_wconf 78' lang='grc' dir='ltr'>ἦλθον.</span> <span class='ocrx_word' id='word_1_514' title='bbox 1618 4396 1781 4450; x_wconf 84' lang='grc' dir='ltr'>Ἀλλά</span> <span class='ocrx_word' id='word_1_515' title='bbox 1810 4395 1899 4449; x_wconf 84' lang='grc' dir='ltr'><strong>Σι-</strong></span> 
     </span>
    </p>
   </div>
   <div class='ocr_carea' id='block_1_76' title="bbox 2008 3294 3599 3365">
    <p class='ocr_par' dir='ltr' id='par_1_76' title="bbox 2008 3294 3599 3365">
     <span class='ocr_line' id='line_1_76' title="bbox 2008 3294 3599 3365; baseline -0.001 -15"><span class='ocrx_word' id='word_1_516' title='bbox 2008 3297 2156 3351; x_wconf 87' lang='lat' dir='ltr'><strong>brevi</strong></span> <span class='ocrx_word' id='word_1_517' title='bbox 2184 3295 2425 3349; x_wconf 78' lang='lat' dir='ltr'><strong>futurum</strong></span> <span class='ocrx_word' id='word_1_518' title='bbox 2461 3294 2910 3365; x_wconf 84' lang='lat' dir='ltr'><strong>arbitrabantur),</strong></span> <span class='ocrx_word' id='word_1_519' title='bbox 2947 3296 3131 3349; x_wconf 82' lang='lat' dir='ltr'><strong>ItOSleS</strong></span> <span class='ocrx_word' id='word_1_520' title='bbox 3170 3295 3386 3363; x_wconf 73' lang='lat' dir='ltr'><strong>aggredi</strong></span> <span class='ocrx_word' id='word_1_521' title='bbox 3425 3296 3599 3348; x_wconf 88' lang='lat' dir='ltr'><strong>distu-</strong></span> 
     </span>
    </p>
   </div>
   <div class='ocr_carea' id='block_1_77' title="bbox 2006 3384 3595 3455">
    <p class='ocr_par' dir='ltr' id='par_1_77' title="bbox 2006 3384 3595 3455">
     <span class='ocr_line' id='line_1_77' title="bbox 2006 3384 3595 3455; baseline -0.003 -14"><span class='ocrx_word' id='word_1_522' title='bbox 2006 3388 2205 3441; x_wconf 88' lang='lat' dir='ltr'><strong>lerunt.</strong></span> <span class='ocrx_word' id='word_1_523' title='bbox 2235 3384 2338 3441; x_wconf 88' lang='lat' dir='ltr'><strong>Ubi</strong></span> <span class='ocrx_word' id='word_1_524' title='bbox 2379 3401 2507 3440; x_wconf 87' lang='lat' dir='ltr'><strong>vero</strong></span> <span class='ocrx_word' id='word_1_525' title='bbox 2550 3385 2871 3441; x_wconf 87' lang='lat' dir='ltr'><strong>Gulielmum</strong></span> <span class='ocrx_word' id='word_1_526' title='bbox 2915 3401 3080 3455; x_wconf 89' lang='lat' dir='ltr'><strong>prope</strong></span> <span class='ocrx_word' id='word_1_527' title='bbox 3118 3385 3307 3440; x_wconf 82' lang='lat' dir='ltr'><strong>adesse</strong></span> <span class='ocrx_word' id='word_1_528' title='bbox 3352 3385 3595 3441; x_wconf 61' lang='lat' dir='ltr'><strong>aliertur»</strong></span> 
     </span>
    </p>
   </div>
   <div class='ocr_carea' id='block_1_78' title="bbox 2009 3478 3593 3549">
    <p class='ocr_par' dir='ltr' id='par_1_78' title="bbox 2009 3478 3593 3549">
     <span class='ocr_line' id='line_1_78' title="bbox 2009 3478 3593 3549; baseline 0.003 -18"><span class='ocrx_word' id='word_1_529' title='bbox 2009 3490 2118 3532; x_wconf 88' lang='lat' dir='ltr'><strong>tum</strong></span> <span class='ocrx_word' id='word_1_530' title='bbox 2163 3494 2292 3532; x_wconf 83' lang='lat' dir='ltr'><strong>vero</strong></span> <span class='ocrx_word' id='word_1_531' title='bbox 2338 3480 2502 3531; x_wconf 89' lang='lat' dir='ltr'><strong>etiam</strong></span> <span class='ocrx_word' id='word_1_532' title='bbox 2554 3478 2704 3532; x_wconf 83' lang='lat' dir='ltr'><strong>inviti</strong></span> <span class='ocrx_word' id='word_1_533' title='bbox 2758 3488 3047 3548; x_wconf 89' lang='lat' dir='ltr'><strong>utrumque</strong></span> <span class='ocrx_word' id='word_1_534' title='bbox 3089 3480 3270 3533; x_wconf 86' lang='lat' dir='ltr'><strong>ineunt</strong></span> <span class='ocrx_word' id='word_1_535' title='bbox 3326 3479 3593 3549; x_wconf 80' lang='lat' dir='ltr'><strong>pra-lium.</strong></span> 
     </span>
    </p>
   </div>
   <div class='ocr_carea' id='block_1_79' title="bbox 2005 3572 3593 3641">
    <p class='ocr_par' dir='ltr' id='par_1_79' title="bbox 2005 3572 3593 3641">
     <span class='ocr_line' id='line_1_79' title="bbox 2005 3572 3593 3641; baseline 0.003 -15"><span class='ocrx_word' id='word_1_536' title='bbox 2005 3572 2150 3627; x_wconf 88' lang='lat' dir='ltr'><strong>Duos</strong></span> <span class='ocrx_word' id='word_1_537' title='bbox 2182 3575 2363 3641; x_wconf 84' lang='lat' dir='ltr'><strong>itaque</strong></span> <span class='ocrx_word' id='word_1_538' title='bbox 2392 3582 2643 3639; x_wconf 81' lang='lat' dir='ltr'><strong>spectatae</strong></span> <span class='ocrx_word' id='word_1_539' title='bbox 2670 3572 2719 3625; x_wconf 90' lang='lat' dir='ltr'><strong>iu</strong></span> <span class='ocrx_word' id='word_1_540' title='bbox 2748 3573 2887 3625; x_wconf 90' lang='lat' dir='ltr'><strong>bello</strong></span> <span class='ocrx_word' id='word_1_541' title='bbox 2923 3574 3138 3627; x_wconf 81' lang='lat' dir='ltr'><strong>virtutis</strong></span> <span class='ocrx_word' id='word_1_542' title='bbox 3162 3574 3401 3628; x_wconf 83' lang='lat' dir='ltr'><strong>delectos</strong></span> <span class='ocrx_word' id='word_1_543' title='bbox 3424 3574 3593 3637; x_wconf 82' lang='lat' dir='ltr'><strong>viros,</strong></span> 
     </span>
    </p>
   </div>
   <div class='ocr_carea' id='block_1_80' title="bbox 2002 3664 3597 3734">
    <p class='ocr_par' dir='ltr' id='par_1_80' title="bbox 2002 3664 3597 3734">
     <span class='ocr_line' id='line_1_80' title="bbox 2002 3664 3597 3734; baseline -0.005 -13"><span class='ocrx_word' id='word_1_544' title='bbox 2002 3664 2345 3721; x_wconf 81' lang='lat' dir='ltr'><strong>Joannicium</strong></span> <span class='ocrx_word' id='word_1_545' title='bbox 2389 3666 2673 3734; x_wconf 89' lang='lat' dir='ltr'><strong>quemdam</strong></span> <span class='ocrx_word' id='word_1_546' title='bbox 2713 3664 3005 3733; x_wconf 85' lang='lat' dir='ltr'><strong>Critoplem</strong></span> <span class='ocrx_word' id='word_1_547' title='bbox 3058 3677 3111 3719; x_wconf 90' lang='lat' dir='ltr'><strong>et</strong></span> <span class='ocrx_word' id='word_1_548' title='bbox 3158 3666 3450 3720; x_wconf 65' lang='lat' dir='ltr'><strong>Paaramem</strong></span> <span class='ocrx_word' id='word_1_549' title='bbox 3501 3682 3597 3719; x_wconf 85' lang='lat' dir='ltr'><strong>na.</strong></span> 
     </span>
    </p>
   </div>
   <div class='ocr_carea' id='block_1_81' title="bbox 2007 3756 3592 3825">
    <p class='ocr_par' dir='ltr' id='par_1_81' title="bbox 2007 3756 3592 3825">
     <span class='ocr_line' id='line_1_81' title="bbox 2007 3756 3592 3825; baseline -0.001 -14"><span class='ocrx_word' id='word_1_550' title='bbox 2007 3758 2153 3812; x_wconf 87' lang='lat' dir='ltr'><strong>tione</strong></span> <span class='ocrx_word' id='word_1_551' title='bbox 2187 3757 2427 3819; x_wconf 83' lang='lat' dir='ltr'><strong>Persam,</strong></span> <span class='ocrx_word' id='word_1_552' title='bbox 2464 3772 2588 3810; x_wconf 91' lang='lat' dir='ltr'><strong>cum</strong></span> <span class='ocrx_word' id='word_1_553' title='bbox 2635 3758 2801 3810; x_wconf 85' lang='lat' dir='ltr'><strong>lberis</strong></span> <span class='ocrx_word' id='word_1_554' title='bbox 2831 3768 2885 3811; x_wconf 89' lang='lat' dir='ltr'><strong>et</strong></span> <span class='ocrx_word' id='word_1_555' title='bbox 2916 3756 3235 3825; x_wconf 74' lang='lat' dir='ltr'><strong>Massagetis</strong></span> <span class='ocrx_word' id='word_1_556' title='bbox 3263 3756 3328 3810; x_wconf 86' lang='lat' dir='ltr'><strong>ad</strong></span> <span class='ocrx_word' id='word_1_557' title='bbox 3361 3757 3592 3810; x_wconf 84' lang='lat' dir='ltr'><strong>velitan-</strong></span> 
     </span>
    </p>
   </div>
   <div class='ocr_carea' id='block_1_82' title="bbox 2006 3845 3590 3916">
    <p class='ocr_par' dir='ltr' id='par_1_82' title="bbox 2006 3845 3590 3916">
     <span class='ocr_line' id='line_1_82' title="bbox 2006 3845 3590 3916; baseline -0.001 -12"><span class='ocrx_word' id='word_1_558' title='bbox 2006 3850 2133 3904; x_wconf 86' lang='lat' dir='ltr'><strong>dum</strong></span> <span class='ocrx_word' id='word_1_559' title='bbox 2170 3865 2290 3903; x_wconf 84' lang='lat' dir='ltr'><strong>cum</strong></span> <span class='ocrx_word' id='word_1_560' title='bbox 2336 3848 2579 3904; x_wconf 87' lang='lat' dir='ltr'><strong>hostibus</strong></span> <span class='ocrx_word' id='word_1_561' title='bbox 2623 3850 2974 3916; x_wconf 64' lang='lat' dir='ltr'><strong>prieinittunt.</strong></span> <span class='ocrx_word' id='word_1_562' title='bbox 3028 3845 3129 3902; x_wconf 86' lang='lat' dir='ltr'><strong>Ubi</strong></span> <span class='ocrx_word' id='word_1_563' title='bbox 3184 3863 3242 3901; x_wconf 91' lang='lat' dir='ltr'><strong>se</strong></span> <span class='ocrx_word' id='word_1_564' title='bbox 3295 3847 3363 3902; x_wconf 89' lang='lat' dir='ltr'><strong>iis</strong></span> <span class='ocrx_word' id='word_1_565' title='bbox 3407 3847 3590 3903; x_wconf 84' lang='lat' dir='ltr'><strong>statim</strong></span> 
     </span>
    </p>
   </div>
   <div class='ocr_carea' id='block_1_83' title="bbox 2007 3944 3589 4014">
    <p class='ocr_par' dir='ltr' id='par_1_83' title="bbox 2007 3944 3589 4014">
     <span class='ocr_line' id='line_1_83' title="bbox 2007 3944 3589 4014; baseline -0.002 -14"><span class='ocrx_word' id='word_1_566' title='bbox 2007 3947 2375 4009; x_wconf 88' lang='lat' dir='ltr'><strong>immiscuere,</strong></span> <span class='ocrx_word' id='word_1_567' title='bbox 2422 3953 2609 4014; x_wconf 87' lang='lat' dir='ltr'><strong>utpote</strong></span> <span class='ocrx_word' id='word_1_568' title='bbox 2655 3945 2722 3998; x_wconf 91' lang='lat' dir='ltr'><strong>ad</strong></span> <span class='ocrx_word' id='word_1_569' title='bbox 2750 3944 2996 4013; x_wconf 87' lang='lat' dir='ltr'><strong>quintum</strong></span> <span class='ocrx_word' id='word_1_570' title='bbox 3031 3954 3087 3998; x_wconf 92' lang='lat' dir='ltr'><strong>et</strong></span> <span class='ocrx_word' id='word_1_571' title='bbox 3114 3944 3589 4013; x_wconf 81' lang='lat' dir='ltr'><strong>quadragesimum</strong></span> 
     </span>
    </p>
   </div>
   <div class='ocr_carea' id='block_1_84' title="bbox 2004 4035 3591 4106">
    <p class='ocr_par' dir='ltr' id='par_1_84' title="bbox 2004 4035 3591 4106">
     <span class='ocr_line' id='line_1_84' title="bbox 2004 4035 3591 4106; baseline -0.004 -11"><span class='ocrx_word' id='word_1_572' title='bbox 2004 4038 2236 4095; x_wconf 75' lang='lat' dir='ltr'><strong>Stadium</strong></span> <span class='ocrx_word' id='word_1_573' title='bbox 2296 4044 2477 4106; x_wconf 78' lang='lat' dir='ltr'><strong>castra</strong></span> <span class='ocrx_word' id='word_1_574' title='bbox 2539 4037 2917 4103; x_wconf 83' lang='lat' dir='ltr'><strong>habentibus;</strong></span> <span class='ocrx_word' id='word_1_575' title='bbox 2978 4035 3295 4105; x_wconf 79' lang='lat' dir='ltr'><strong>fugientes,</strong></span> <span class='ocrx_word' id='word_1_576' title='bbox 3362 4051 3591 4105; x_wconf 82' lang='lat' dir='ltr'><strong>quorum</strong></span> 
     </span>
    </p>
   </div>
   <div class='ocr_carea' id='block_1_85' title="bbox 2005 4128 3594 4197">
    <p class='ocr_par' dir='ltr' id='par_1_85' title="bbox 2005 4128 3594 4197">
     <span class='ocr_line' id='line_1_85' title="bbox 2005 4128 3594 4197; baseline -0.003 -10"><span class='ocrx_word' id='word_1_577' title='bbox 2005 4131 2186 4187; x_wconf 85' lang='lat' dir='ltr'><strong>brevis</strong></span> <span class='ocrx_word' id='word_1_578' title='bbox 2209 4132 2273 4183; x_wconf 88' lang='lat' dir='ltr'><strong>ad</strong></span> <span class='ocrx_word' id='word_1_579' title='bbox 2298 4144 2424 4186; x_wconf 82' lang='lat' dir='ltr'><strong>suos</strong></span> <span class='ocrx_word' id='word_1_580' title='bbox 2448 4138 2568 4184; x_wconf 88' lang='lat' dir='ltr'><strong>erat</strong></span> <span class='ocrx_word' id='word_1_581' title='bbox 2590 4129 2816 4194; x_wconf 90' lang='lat' dir='ltr'><strong>reditus,</strong></span> <span class='ocrx_word' id='word_1_582' title='bbox 2841 4144 2870 4183; x_wconf 87' lang='lat' dir='ltr'><strong>a</strong></span> <span class='ocrx_word' id='word_1_583' title='bbox 2904 4137 3055 4197; x_wconf 79' lang='lat' dir='ltr'><strong>tergo</strong></span> <span class='ocrx_word' id='word_1_584' title='bbox 3085 4128 3365 4191; x_wconf 86' lang='lat' dir='ltr'><strong>invadunt,</strong></span> <span class='ocrx_word' id='word_1_585' title='bbox 3397 4129 3594 4183; x_wconf 85' lang='lat' dir='ltr'><strong>multos</strong></span> 
     </span>
    </p>
   </div>
   <div class='ocr_carea' id='block_1_86' title="bbox 2005 4218 3579 4289">
    <p class='ocr_par' dir='ltr' id='par_1_86' title="bbox 2005 4218 3579 4289">
     <span class='ocr_line' id='line_1_86' title="bbox 2005 4218 3579 4289; baseline -0.004 -9"><span class='ocrx_word' id='word_1_586' title='bbox 2005 4226 2071 4280; x_wconf 90' lang='lat' dir='ltr'><strong>de</strong></span> <span class='ocrx_word' id='word_1_587' title='bbox 2118 4232 2359 4279; x_wconf 80' lang='lat' dir='ltr'><strong>extrema</strong></span> <span class='ocrx_word' id='word_1_588' title='bbox 2402 4225 2615 4277; x_wconf 71' lang='lat' dir='ltr'><strong>cazdunt</strong></span> <span class='ocrx_word' id='word_1_589' title='bbox 2661 4221 2798 4283; x_wconf 86' lang='lat' dir='ltr'><strong>acie,</strong></span> <span class='ocrx_word' id='word_1_590' title='bbox 2847 4219 3213 4289; x_wconf 89' lang='lat' dir='ltr'><strong>plurimosque</strong></span> <span class='ocrx_word' id='word_1_591' title='bbox 3250 4218 3579 4274; x_wconf 80' lang='lat' dir='ltr'><strong>snrcinarios</strong></span> 
     </span>
    </p>
   </div>
   <div class='ocr_carea' id='block_1_87' title="bbox 2004 4310 3589 4382">
    <p class='ocr_par' dir='ltr' id='par_1_87' title="bbox 2004 4310 3589 4382">
     <span class='ocr_line' id='line_1_87' title="bbox 2004 4310 3589 4382; baseline -0.005 -13"><span class='ocrx_word' id='word_1_592' title='bbox 2004 4314 2224 4382; x_wconf 83' lang='lat' dir='ltr'><strong>capiunt</strong></span> <span class='ocrx_word' id='word_1_593' title='bbox 2258 4327 2447 4381; x_wconf 83' lang='lat' dir='ltr'><strong>equos,</strong></span> <span class='ocrx_word' id='word_1_594' title='bbox 2491 4312 2817 4381; x_wconf 85' lang='lat' dir='ltr'><strong>tandemque</strong></span> <span class='ocrx_word' id='word_1_595' title='bbox 2861 4318 3047 4379; x_wconf 85' lang='lat' dir='ltr'><strong>erepto</strong></span> <span class='ocrx_word' id='word_1_596' title='bbox 3088 4311 3153 4363; x_wconf 88' lang='lat' dir='ltr'><strong>ad</strong></span> <span class='ocrx_word' id='word_1_597' title='bbox 3197 4311 3312 4365; x_wconf 64' lang='lat' dir='ltr'><strong>haec</strong></span> <span class='ocrx_word' id='word_1_598' title='bbox 3364 4310 3589 4370; x_wconf 84' lang='lat' dir='ltr'><strong>militari</strong></span> 
     </span>
    </p>
   </div>
   <div class='ocr_carea' id='block_1_88' title="bbox 2004 4400 3590 4474">
    <p class='ocr_par' dir='ltr' id='par_1_88' title="bbox 2004 4400 3590 4474">
     <span class='ocr_line' id='line_1_88' title="bbox 2004 4400 3590 4474; baseline -0.008 -14"><span class='ocrx_word' id='word_1_599' title='bbox 2004 4409 2157 4474; x_wconf 77' lang='lat' dir='ltr'><strong>signo</strong></span> <span class='ocrx_word' id='word_1_600' title='bbox 2188 4405 2551 4460; x_wconf 83' lang='lat' dir='ltr'><strong>Brundusium</strong></span> <span class='ocrx_word' id='word_1_601' title='bbox 2588 4412 2957 4458; x_wconf 81' lang='lat' dir='ltr'><strong>revertuntur,</strong></span> <span class='ocrx_word' id='word_1_602' title='bbox 3012 4402 3209 4457; x_wconf 74' lang='lat' dir='ltr'><strong>verum</strong></span> <span class='ocrx_word' id='word_1_603' title='bbox 3240 4418 3267 4454; x_wconf 71' lang='grc' dir='ltr'><strong>ιι</strong></span> <span class='ocrx_word' id='word_1_604' title='bbox 3301 4400 3496 4455; x_wconf 78' lang='lat' dir='ltr'><strong>Siculis</strong></span> <span class='ocrx_word' id='word_1_605' title='bbox 3527 4416 3590 4455; x_wconf 77' lang='lat' dir='ltr'><strong>ea</strong></span> 
     </span>
    </p>
   </div>
   <div class='ocr_carea' id='block_1_89' title="bbox 312 4482 1905 4588">
    <p class='ocr_par' dir='ltr' id='par_1_89' title="bbox 312 4482 1898 4561">
     <span class='ocr_line' id='line_1_89' title="bbox 312 4482 1898 4561; baseline 0 -20"><span class='ocrx_word' id='word_1_606' title='bbox 312 4486 471 4541; x_wconf 66' lang='grc' dir='ltr'>κελαι</span> <span class='ocrx_word' id='word_1_607' title='bbox 521 4485 716 4542; x_wconf 81' lang='grc' dir='ltr'>τούτου</span> <span class='ocrx_word' id='word_1_608' title='bbox 779 4488 879 4559; x_wconf 82' lang='grc' dir='ltr'>μὲν</span> <span class='ocrx_word' id='word_1_609' title='bbox 935 4482 1102 4561; x_wconf 77' lang='grc' dir='ltr'>ἦττον</span> <span class='ocrx_word' id='word_1_610' title='bbox 1155 4488 1485 4559; x_wconf 71' lang='grc' dir='ltr'>ἐφρόντισαν</span> <span class='ocrx_word' id='word_1_611' title='bbox 1522 4488 1643 4559; x_wconf 74' lang='grc' dir='ltr'>(ἅτε</span> <span class='ocrx_word' id='word_1_612' title='bbox 1681 4490 1791 4558; x_wconf 85' lang='grc' dir='ltr'>γὰρ</span> <span class='ocrx_word' id='word_1_613' title='bbox 1840 4490 1898 4541; x_wconf 77' lang='grc' dir='ltr'>ὲν</span> 
     </span>
    </p>
   </div>
   <div class='ocr_carea' id='block_1_90' title="bbox 2007 4482 3613 4588">
    <p class='ocr_par' dir='ltr' id='par_1_90' title="bbox 2009 4497 3613 4563">
     <span class='ocr_line' id='line_1_90' title="bbox 2009 4497 3613 4563; baseline -0.002 -10"><span class='ocrx_word' id='word_1_614' title='bbox 2009 4500 2196 4554; x_wconf 86' lang='lat' dir='ltr'><strong>clades</strong></span> <span class='ocrx_word' id='word_1_615' title='bbox 2223 4500 2278 4553; x_wconf 89' lang='lat' dir='ltr'><strong>in</strong></span> <span class='ocrx_word' id='word_1_616' title='bbox 2305 4499 2407 4553; x_wconf 83' lang='lat' dir='ltr'><strong>levi</strong></span> <span class='ocrx_word' id='word_1_617' title='bbox 2438 4498 2643 4563; x_wconf 85' lang='lat' dir='ltr'><strong>habita,</strong></span> <span class='ocrx_word' id='word_1_618' title='bbox 2677 4513 2799 4550; x_wconf 88' lang='lat' dir='ltr'><strong>cum</strong></span> <span class='ocrx_word' id='word_1_619' title='bbox 2839 4498 2892 4550; x_wconf 90' lang='lat' dir='ltr'><strong>in</strong></span> <span class='ocrx_word' id='word_1_620' title='bbox 2929 4506 3072 4551; x_wconf 86' lang='lat' dir='ltr'><strong>tanta</strong></span> <span class='ocrx_word' id='word_1_621' title='bbox 3127 4497 3471 4549; x_wconf 82' lang='lat' dir='ltr'><strong>multitudine</strong></span> <span class='ocrx_word' id='word_1_622' title='bbox 3501 4498 3613 4557; x_wconf 45' lang='lat' dir='ltr'><strong>vix.</strong></span> 
     </span>
    </p>
   </div>
   <div class='ocr_carea' id='block_1_91' title="bbox 313 4578 1902 4654">
    <p class='ocr_par' dir='ltr' id='par_1_91' title="bbox 313 4578 1902 4654">
     <span class='ocr_line' id='line_1_91' title="bbox 313 4578 1902 4654; baseline -0.001 -19"><span class='ocrx_word' id='word_1_623' title='bbox 313 4579 523 4654; x_wconf 76' lang='grc' dir='ltr'>πλήθει</span> <span class='ocrx_word' id='word_1_624' title='bbox 556 4579 780 4651; x_wconf 82' lang='grc' dir='ltr'>μεγάλῳ</span> <span class='ocrx_word' id='word_1_625' title='bbox 822 4578 1078 4650; x_wconf 72' lang='grc' dir='ltr'>αἴσθησις</span> <span class='ocrx_word' id='word_1_626' title='bbox 1104 4580 1334 4651; x_wconf 79' lang='grc' dir='ltr'>οὐδεμία</span> <span class='ocrx_word' id='word_1_627' title='bbox 1380 4580 1594 4640; x_wconf 81' lang='grc' dir='ltr'>τούτοις</span> <span class='ocrx_word' id='word_1_628' title='bbox 1636 4580 1902 4651; x_wconf 65' lang='grc' dir='ltr'>ἐγένετο),</span> 
     </span>
    </p>
   </div>
   <div class='ocr_carea' id='block_1_92' title="bbox 312 4673 1902 4746">
    <p class='ocr_par' dir='ltr' id='par_1_92' title="bbox 312 4673 1902 4746">
     <span class='ocr_line' id='line_1_92' title="bbox 312 4673 1902 4746; baseline -0.003 -15"><span class='ocrx_word' id='word_1_629' title='bbox 312 4676 486 4746; x_wconf 79' lang='grc' dir='ltr'>ὀλίγῳ</span> <span class='ocrx_word' id='word_1_630' title='bbox 556 4674 613 4729; x_wconf 74' lang='grc' dir='ltr'>δὲ</span> <span class='ocrx_word' id='word_1_631' title='bbox 673 4673 965 4743; x_wconf 87' lang='grc' dir='ltr'>Ῥωμαίων</span> <span class='ocrx_word' id='word_1_632' title='bbox 1034 4674 1711 4743; x_wconf 77' lang='grc' dir='ltr'>ἀπεστρατοπεδευμένοι,</span> <span class='ocrx_word' id='word_1_633' title='bbox 1790 4674 1902 4745; x_wconf 81' lang='grc' dir='ltr'><strong>ὅσῳ</strong></span> 
     </span>
    </p>
   </div>
   <div class='ocr_carea' id='block_1_93' title="bbox 315 4766 1901 4841">
    <p class='ocr_par' dir='ltr' id='par_1_93' title="bbox 315 4766 1901 4841">
     <span class='ocr_line' id='line_1_93' title="bbox 315 4766 1901 4841; baseline -0.001 -16"><span class='ocrx_word' id='word_1_634' title='bbox 315 4768 655 4841; x_wconf 80' lang='grc' dir='ltr'>ἀμφοτέροις</span> <span class='ocrx_word' id='word_1_635' title='bbox 707 4766 838 4830; x_wconf 74' lang='grc' dir='ltr'>τοὺς</span> <span class='ocrx_word' id='word_1_636' title='bbox 893 4769 1283 4837; x_wconf 79' lang='grc' dir='ltr'>χορταγωγοὺς</span> <span class='ocrx_word' id='word_1_637' title='bbox 1340 4767 1753 4836; x_wconf 77' lang='grc' dir='ltr'>ἐπιμίγνυσθαι,</span> <span class='ocrx_word' id='word_1_638' title='bbox 1809 4769 1901 4823; x_wconf 81' lang='grc' dir='ltr'>τὸν</span> 
     </span>
    </p>
   </div>
   <div class='ocr_carea' id='block_1_94' title="bbox 316 4861 1900 4932">
    <p class='ocr_par' dir='ltr' id='par_1_94' title="bbox 316 4861 1900 4932">
     <span class='ocr_line' id='line_1_94' title="bbox 316 4861 1900 4932; baseline 0.001 -17"><span class='ocrx_word' id='word_1_639' title='bbox 316 4863 565 4932; x_wconf 75' lang='grc' dir='ltr'>πόλεμον</span> <span class='ocrx_word' id='word_1_640' title='bbox 592 4861 913 4931; x_wconf 80' lang='grc' dir='ltr'>διέγραφον.</span> <span class='ocrx_word' id='word_1_641' title='bbox 947 4862 1086 4931; x_wconf 86' lang='grc' dir='ltr'>Ἤδη</span> <span class='ocrx_word' id='word_1_642' title='bbox 1112 4861 1168 4914; x_wconf 87' lang='grc' dir='ltr'>δὲ</span> <span class='ocrx_word' id='word_1_643' title='bbox 1210 4862 1303 4913; x_wconf 84' lang='grc' dir='ltr'>καὶ</span> <span class='ocrx_word' id='word_1_644' title='bbox 1346 4862 1409 4913; x_wconf 77' lang='grc' dir='ltr'>τὸ</span> <span class='ocrx_word' id='word_1_645' title='bbox 1438 4864 1693 4915; x_wconf 78' lang='grc' dir='ltr'>ναυτικὸν</span> <span class='ocrx_word' id='word_1_646' title='bbox 1720 4862 1900 4932; x_wconf 86' lang='grc' dir='ltr'>ὀλίγον</span> 
     </span>
    </p>
   </div>
   <div class='ocr_carea' id='block_1_95' title="bbox 312 4952 1901 5021">
    <p class='ocr_par' dir='ltr' id='par_1_95' title="bbox 312 4952 1901 5021">
     <span class='ocr_line' id='line_1_95' title="bbox 312 4952 1901 5021; baseline 0.002 -16"><span class='ocrx_word' id='word_1_647' title='bbox 312 4954 513 5007; x_wconf 68' lang='grc' dir='ltr'>λοιπὸν</span> <span class='ocrx_word' id='word_1_648' title='bbox 546 4952 642 5006; x_wconf 87' lang='grc' dir='ltr'><strong>τοῦ</strong></span> <span class='ocrx_word' id='word_1_649' title='bbox 675 4952 898 5021; x_wconf 82' lang='grc' dir='ltr'>λιμένος</span> <span class='ocrx_word' id='word_1_650' title='bbox 931 4952 1271 5005; x_wconf 85' lang='grc' dir='ltr'>ἀποσαλεῦον</span> <span class='ocrx_word' id='word_1_651' title='bbox 1297 4952 1486 5005; x_wconf 82' lang='grc' dir='ltr'>ἵστατο</span> <span class='ocrx_word' id='word_1_652' title='bbox 1511 4953 1748 5017; x_wconf 83' lang='grc' dir='ltr'>τούτοις.</span> <span class='ocrx_word' id='word_1_653' title='bbox 1792 4956 1901 5010; x_wconf 71' lang='grc' dir='ltr'><strong>Καὶ</strong></span> 
     </span>
    </p>
   </div>
   <div class='ocr_carea' id='block_1_96' title="bbox 316 5039 1903 5116">
    <p class='ocr_par' dir='ltr' id='par_1_96' title="bbox 316 5039 1903 5116">
     <span class='ocr_line' id='line_1_96' title="bbox 316 5039 1903 5116; baseline 0 -17"><span class='ocrx_word' id='word_1_654' title='bbox 316 5045 537 5100; x_wconf 76' lang='grc' dir='ltr'>Σικελοὶ</span> <span class='ocrx_word' id='word_1_655' title='bbox 572 5044 671 5112; x_wconf 75' lang='grc' dir='ltr'>μὲν</span> <span class='ocrx_word' id='word_1_656' title='bbox 701 5047 759 5097; x_wconf 81' lang='grc' dir='ltr'>ὲν</span> <span class='ocrx_word' id='word_1_657' title='bbox 788 5043 1004 5107; x_wconf 74' lang='grc' dir='ltr'>τούτοις</span> <span class='ocrx_word' id='word_1_658' title='bbox 1049 5039 1189 5115; x_wconf 80' lang='grc' dir='ltr'>ἦσαν</span> <span class='ocrx_word' id='word_1_659' title='bbox 1211 5060 1225 5076; x_wconf 77' lang='grc' dir='ltr'><strong>ο</strong></span> <span class='ocrx_word' id='word_1_660' title='bbox 1268 5044 1531 5114; x_wconf 86' lang='grc' dir='ltr'>Ῥωμαῖοι</span> <span class='ocrx_word' id='word_1_661' title='bbox 1563 5046 1619 5099; x_wconf 72' lang='grc' dir='ltr'>δὲ</span> <span class='ocrx_word' id='word_1_662' title='bbox 1651 5046 1743 5099; x_wconf 70' lang='grc' dir='ltr'>καὶ</span> <span class='ocrx_word' id='word_1_663' title='bbox 1768 5048 1903 5116; x_wconf 83' lang='grc' dir='ltr'>πρό-</span> 
     </span>
    </p>
   </div>
   <div class='ocr_carea' id='block_1_97' title="bbox 316 5139 1899 5212">
    <p class='ocr_par' dir='ltr' id='par_1_97' title="bbox 316 5139 1899 5212">
     <span class='ocr_line' id='line_1_97' title="bbox 316 5139 1899 5212; baseline 0.001 -18"><span class='ocrx_word' id='word_1_664' title='bbox 316 5157 480 5212; x_wconf 80' lang='grc' dir='ltr'>τερον</span> <span class='ocrx_word' id='word_1_665' title='bbox 511 5139 615 5210; x_wconf 77' lang='grc' dir='ltr'>μὲν</span> <span class='ocrx_word' id='word_1_666' title='bbox 648 5139 831 5209; x_wconf 81' lang='grc' dir='ltr'>πολλῴ</span> <span class='ocrx_word' id='word_1_667' title='bbox 859 5139 935 5209; x_wconf 79' lang='grc' dir='ltr'>τῷ</span> <span class='ocrx_word' id='word_1_668' title='bbox 957 5140 1336 5193; x_wconf 86' lang='grc' dir='ltr'>διαλλάσσοντι</span> <span class='ocrx_word' id='word_1_669' title='bbox 1362 5139 1457 5192; x_wconf 85' lang='grc' dir='ltr'><strong>τοῦ</strong></span> <span class='ocrx_word' id='word_1_670' title='bbox 1480 5140 1589 5193; x_wconf 82' lang='grc' dir='ltr'>τῶν</span> <span class='ocrx_word' id='word_1_671' title='bbox 1623 5142 1899 5211; x_wconf 86' lang='grc' dir='ltr'>πολεμίων</span> 
     </span>
    </p>
   </div>
   <div class='ocr_carea' id='block_1_98' title="bbox 318 5231 1895 5307">
    <p class='ocr_par' dir='ltr' id='par_1_98' title="bbox 318 5231 1895 5307">
     <span class='ocr_line' id='line_1_98' title="bbox 318 5231 1895 5307; baseline 0.002 -21"><span class='ocrx_word' id='word_1_672' title='bbox 318 5231 717 5303; x_wconf 80' lang='grc' dir='ltr'>ἡλαττονοῦντο</span> <span class='ocrx_word' id='word_1_673' title='bbox 774 5232 1030 5303; x_wconf 86' lang='grc' dir='ltr'>στρατοῦ,</span> <span class='ocrx_word' id='word_1_674' title='bbox 1074 5234 1193 5285; x_wconf 87' lang='grc' dir='ltr'>τότε</span> <span class='ocrx_word' id='word_1_675' title='bbox 1226 5232 1283 5286; x_wconf 84' lang='grc' dir='ltr'>δὲ</span> <span class='ocrx_word' id='word_1_676' title='bbox 1318 5233 1399 5285; x_wconf 73' lang='grc' dir='ltr'><strong>ἔτι</strong></span> <span class='ocrx_word' id='word_1_677' title='bbox 1436 5234 1637 5302; x_wconf 75' lang='grc' dir='ltr'>μᾶλλον</span> <span class='ocrx_word' id='word_1_678' title='bbox 1664 5235 1895 5307; x_wconf 73' lang='grc' dir='ltr'>ὑπέρρει</span> 
     </span>
    </p>
   </div>
   <div class='ocr_carea' id='block_1_99' title="bbox 317 5321 1899 5394">
    <p class='ocr_par' dir='ltr' id='par_1_99' title="bbox 317 5321 1899 5394">
     <span class='ocr_line' id='line_1_99' title="bbox 317 5321 1899 5394; baseline -0.008 -3"><span class='ocrx_word' id='word_1_679' title='bbox 317 5324 390 5379; x_wconf 71' lang='grc' dir='ltr'><strong>τὰ</strong></span> <span class='ocrx_word' id='word_1_680' title='bbox 417 5324 518 5393; x_wconf 79' lang='grc' dir='ltr'>τῆς</span> <span class='ocrx_word' id='word_1_681' title='bbox 550 5322 838 5394; x_wconf 82' lang='grc' dir='ltr'>δυνάμεως</span> <span class='ocrx_word' id='word_1_682' title='bbox 869 5324 1075 5386; x_wconf 80' lang='grc' dir='ltr'>αὐτοῖς.</span> <span class='ocrx_word' id='word_1_683' title='bbox 1105 5321 1289 5375; x_wconf 80' lang='grc' dir='ltr'>Ἀλλοι</span> <span class='ocrx_word' id='word_1_684' title='bbox 1323 5341 1379 5374; x_wconf 89' lang='grc' dir='ltr'><strong>τε</strong></span> <span class='ocrx_word' id='word_1_685' title='bbox 1413 5324 1522 5393; x_wconf 76' lang='grc' dir='ltr'><strong>γὰρ</strong></span> <span class='ocrx_word' id='word_1_686' title='bbox 1551 5325 1625 5389; x_wconf 85' lang='grc' dir='ltr'>ὡς</span> <span class='ocrx_word' id='word_1_687' title='bbox 1651 5326 1899 5381; x_wconf 79' lang='grc' dir='ltr'>πλεῖστοι</span> 
     </span>
    </p>
   </div>
   <div class='ocr_carea' id='block_1_100' title="bbox 321 5413 1901 5489">
    <p class='ocr_par' dir='ltr' id='par_1_100' title="bbox 321 5413 1901 5489">
     <span class='ocr_line' id='line_1_100' title="bbox 321 5413 1901 5489; baseline 0.001 -20"><span class='ocrx_word' id='word_1_688' title='bbox 321 5416 630 5488; x_wconf 83' lang='grc' dir='ltr'>συμμάχων</span> <span class='ocrx_word' id='word_1_689' title='bbox 652 5415 999 5479; x_wconf 78' lang='grc' dir='ltr'>ἀπετάξαντο</span> <span class='ocrx_word' id='word_1_690' title='bbox 1022 5413 1263 5479; x_wconf 74' lang='grc' dir='ltr'>τούτοις,</span> <span class='ocrx_word' id='word_1_691' title='bbox 1290 5418 1384 5469; x_wconf 69' lang='grc' dir='ltr'>καὶ</span> <span class='ocrx_word' id='word_1_692' title='bbox 1404 5418 1468 5489; x_wconf 82' lang='grc' dir='ltr'>δὴ</span> <span class='ocrx_word' id='word_1_693' title='bbox 1499 5419 1599 5473; x_wconf 69' lang='grc' dir='ltr'>καὶ</span> <span class='ocrx_word' id='word_1_694' title='bbox 1621 5422 1787 5489; x_wconf 83' lang='grc' dir='ltr'>μοῖρά</span> <span class='ocrx_word' id='word_1_695' title='bbox 1812 5438 1901 5485; x_wconf 75' lang='grc' dir='ltr'><strong>τις</strong></span> 
     </span>
    </p>
   </div>
   <div class='ocr_carea' id='block_1_101' title="bbox 322 5508 1898 5580">
    <p class='ocr_par' dir='ltr' id='par_1_101' title="bbox 322 5508 1898 5580">
     <span class='ocr_line' id='line_1_101' title="bbox 322 5508 1898 5580; baseline 0.001 -15"><span class='ocrx_word' id='word_1_696' title='bbox 322 5509 550 5566; x_wconf 77' lang='grc' dir='ltr'>Κελτῶν</span> <span class='ocrx_word' id='word_1_697' title='bbox 579 5510 680 5563; x_wconf 73' lang='grc' dir='ltr'><strong>οὐκ</strong></span> <span class='ocrx_word' id='word_1_698' title='bbox 709 5509 942 5577; x_wconf 84' lang='grc' dir='ltr'>ἀγεννὴς</span> <span class='ocrx_word' id='word_1_699' title='bbox 993 5508 1188 5577; x_wconf 80' lang='grc' dir='ltr'>μισθοῦ</span> <span class='ocrx_word' id='word_1_700' title='bbox 1233 5510 1531 5580; x_wconf 83' lang='grc' dir='ltr'>Ῥωμαίοις</span> <span class='ocrx_word' id='word_1_701' title='bbox 1572 5511 1898 5567; x_wconf 82' lang='grc' dir='ltr'>δουλεύουσα</span> 
     </span>
    </p>
   </div>
   <div class='ocr_carea' id='block_1_102' title="bbox 322 5598 1901 5670">
    <p class='ocr_par' dir='ltr' id='par_1_102' title="bbox 322 5598 1901 5670">
     <span class='ocr_line' id='line_1_102' title="bbox 322 5598 1901 5670; baseline 0.003 -18"><span class='ocrx_word' id='word_1_702' title='bbox 322 5599 596 5670; x_wconf 79' lang='grc' dir='ltr'>Γιλιέλμῳ</span> <span class='ocrx_word' id='word_1_703' title='bbox 642 5598 1014 5668; x_wconf 83' lang='grc' dir='ltr'>λαθραιὸτατα</span> <span class='ocrx_word' id='word_1_704' title='bbox 1064 5598 1485 5670; x_wconf 79' lang='grc' dir='ltr'>προσεχώρησε.</span> <span class='ocrx_word' id='word_1_705' title='bbox 1516 5602 1701 5656; x_wconf 85' lang='grc' dir='ltr'>Ταῦτα</span> <span class='ocrx_word' id='word_1_706' title='bbox 1735 5605 1762 5657; x_wconf 86' lang='grc' dir='ltr'>ὁ</span> <span class='ocrx_word' id='word_1_707' title='bbox 1815 5604 1901 5658; x_wconf 88' lang='grc' dir='ltr'><strong>Γι-</strong></span> 
     </span>
    </p>
   </div>
   <div class='ocr_carea' id='block_1_103' title="bbox 323 5690 1898 5764">
    <p class='ocr_par' dir='ltr' id='par_1_103' title="bbox 323 5690 1898 5764">
     <span class='ocr_line' id='line_1_103' title="bbox 323 5690 1898 5764; baseline 0.001 -18"><span class='ocrx_word' id='word_1_708' title='bbox 323 5690 543 5764; x_wconf 83' lang='grc' dir='ltr'>λίελμος</span> <span class='ocrx_word' id='word_1_709' title='bbox 576 5691 719 5762; x_wconf 82' lang='grc' dir='ltr'>ὁρῶν</span> <span class='ocrx_word' id='word_1_710' title='bbox 744 5691 855 5744; x_wconf 85' lang='grc' dir='ltr'>δεῖν</span> <span class='ocrx_word' id='word_1_711' title='bbox 878 5690 1022 5757; x_wconf 79' lang='grc' dir='ltr'>ἔγνω</span> <span class='ocrx_word' id='word_1_712' title='bbox 1052 5692 1150 5758; x_wconf 79' lang='grc' dir='ltr'>τὴν</span> <span class='ocrx_word' id='word_1_713' title='bbox 1174 5692 1267 5743; x_wconf 83' lang='grc' dir='ltr'><strong>τοῦ</strong></span> <span class='ocrx_word' id='word_1_714' title='bbox 1292 5692 1490 5763; x_wconf 87' lang='grc' dir='ltr'>καιροῦ</span> <span class='ocrx_word' id='word_1_715' title='bbox 1519 5694 1898 5763; x_wconf 77' lang='grc' dir='ltr'>προαρπάζειν</span> 
     </span>
    </p>
   </div>
   <div class='ocr_carea' id='block_1_104' title="bbox 323 5781 1901 5858">
    <p class='ocr_par' dir='ltr' id='par_1_104' title="bbox 323 5781 1901 5858">
     <span class='ocr_line' id='line_1_104' title="bbox 323 5781 1901 5858; baseline 0.003 -23"><span class='ocrx_word' id='word_1_716' title='bbox 323 5782 584 5855; x_wconf 75' lang='grc' dir='ltr'>ὀξύτητα,</span> <span class='ocrx_word' id='word_1_717' title='bbox 618 5785 695 5853; x_wconf 83' lang='grc' dir='ltr'>μή</span> <span class='ocrx_word' id='word_1_718' title='bbox 725 5800 855 5836; x_wconf 78' lang='grc' dir='ltr'>ποτε</span> <span class='ocrx_word' id='word_1_719' title='bbox 889 5781 982 5836; x_wconf 82' lang='grc' dir='ltr'><strong>τοῦ</strong></span> <span class='ocrx_word' id='word_1_720' title='bbox 1018 5784 1212 5853; x_wconf 87' lang='grc' dir='ltr'>χρόνου</span> <span class='ocrx_word' id='word_1_721' title='bbox 1244 5784 1635 5855; x_wconf 81' lang='grc' dir='ltr'>διαγενομένου</span> <span class='ocrx_word' id='word_1_722' title='bbox 1660 5788 1695 5856; x_wconf 77' lang='grc' dir='ltr'>ἢ</span> <span class='ocrx_word' id='word_1_723' title='bbox 1734 5787 1901 5858; x_wconf 85' lang='grc' dir='ltr'>Ῥομ-</span> 
     </span>
    </p>
   </div>
   <div class='ocr_carea' id='block_1_105' title="bbox 326 5873 1895 5955">
    <p class='ocr_par' dir='ltr' id='par_1_105' title="bbox 326 5873 1895 5955">
     <span class='ocr_line' id='line_1_105' title="bbox 326 5873 1895 5955; baseline 0.004 -27"><span class='ocrx_word' id='word_1_724' title='bbox 326 5873 524 5952; x_wconf 73' lang='grc' dir='ltr'>πέρτον</span> <span class='ocrx_word' id='word_1_725' title='bbox 558 5875 744 5941; x_wconf 78' lang='grc' dir='ltr'>αὐτοῖς</span> <span class='ocrx_word' id='word_1_726' title='bbox 780 5874 1147 5946; x_wconf 66' lang='grc' dir='ltr'>ἐπιϐοηθῆσαι</span> <span class='ocrx_word' id='word_1_727' title='bbox 1187 5875 1402 5947; x_wconf 78' lang='grc' dir='ltr'>γένοιτο</span> <span class='ocrx_word' id='word_1_728' title='bbox 1431 5877 1751 5951; x_wconf 73' lang='grc' dir='ltr'>(ἠγγέλλετο</span> <span class='ocrx_word' id='word_1_729' title='bbox 1784 5879 1895 5955; x_wconf 83' lang='grc' dir='ltr'>γὰρ</span> 
     </span>
    </p>
   </div>
   <div class='ocr_carea' id='block_1_106' title="bbox 2014 4586 3592 4658">
    <p class='ocr_par' dir='ltr' id='par_1_106' title="bbox 2014 4586 3592 4658">
     <span class='ocr_line' id='line_1_106' title="bbox 2014 4586 3592 4658; baseline -0.002 -13"><span class='ocrx_word' id='word_1_730' title='bbox 2014 4591 2403 4658; x_wconf 88' lang='lat' dir='ltr'><strong>perciperetur.</strong></span> <span class='ocrx_word' id='word_1_731' title='bbox 2434 4587 2608 4643; x_wconf 87' lang='lat' dir='ltr'><strong>Simul</strong></span> <span class='ocrx_word' id='word_1_732' title='bbox 2657 4598 2823 4657; x_wconf 82' lang='lat' dir='ltr'><strong>atque</strong></span> <span class='ocrx_word' id='word_1_733' title='bbox 2867 4602 2995 4641; x_wconf 80' lang='lat' dir='ltr'><strong>vero</strong></span> <span class='ocrx_word' id='word_1_734' title='bbox 3043 4586 3152 4653; x_wconf 85' lang='lat' dir='ltr'><strong>jam</strong></span> <span class='ocrx_word' id='word_1_735' title='bbox 3196 4587 3441 4655; x_wconf 80' lang='lat' dir='ltr'><strong>proxime</strong></span> <span class='ocrx_word' id='word_1_736' title='bbox 3488 4586 3592 4642; x_wconf 84' lang='lat' dir='ltr'><strong>Ro-</strong></span> 
     </span>
    </p>
   </div>
   <div class='ocr_carea' id='block_1_107' title="bbox 2011 4678 3591 4747">
    <p class='ocr_par' dir='ltr' id='par_1_107' title="bbox 2011 4678 3591 4747">
     <span class='ocr_line' id='line_1_107' title="bbox 2011 4678 3591 4747; baseline -0.003 -12"><span class='ocrx_word' id='word_1_737' title='bbox 2011 4696 2203 4736; x_wconf 86' lang='lat' dir='ltr'><strong>manos</strong></span> <span class='ocrx_word' id='word_1_738' title='bbox 2240 4690 2418 4735; x_wconf 86' lang='lat' dir='ltr'><strong>castra</strong></span> <span class='ocrx_word' id='word_1_739' title='bbox 2458 4680 2494 4735; x_wconf 91' lang='lat' dir='ltr'><strong>ii</strong></span> <span class='ocrx_word' id='word_1_740' title='bbox 2528 4681 2835 4745; x_wconf 80' lang='lat' dir='ltr'><strong>admovere,</strong></span> <span class='ocrx_word' id='word_1_741' title='bbox 2872 4678 2945 4733; x_wconf 88' lang='lat' dir='ltr'><strong>ita</strong></span> <span class='ocrx_word' id='word_1_742' title='bbox 2990 4688 3046 4732; x_wconf 92' lang='lat' dir='ltr'><strong>ut</strong></span> <span class='ocrx_word' id='word_1_743' title='bbox 3093 4678 3265 4745; x_wconf 88' lang='lat' dir='ltr'><strong>partis</strong></span> <span class='ocrx_word' id='word_1_744' title='bbox 3311 4679 3591 4747; x_wconf 86' lang='lat' dir='ltr'><strong>utriusque</strong></span> 
     </span>
    </p>
   </div>
   <div class='ocr_carea' id='block_1_108' title="bbox 2003 4772 3587 4843">
    <p class='ocr_par' dir='ltr' id='par_1_108' title="bbox 2003 4772 3587 4843">
     <span class='ocr_line' id='line_1_108' title="bbox 2003 4772 3587 4843; baseline 0.001 -18"><span class='ocrx_word' id='word_1_745' title='bbox 2003 4773 2356 4843; x_wconf 85' lang='lat' dir='ltr'><strong>pabulatores</strong></span> <span class='ocrx_word' id='word_1_746' title='bbox 2391 4773 2779 4836; x_wconf 90' lang='lat' dir='ltr'><strong>miscerentur,</strong></span> <span class='ocrx_word' id='word_1_747' title='bbox 2825 4772 3216 4825; x_wconf 86' lang='lat' dir='ltr'><strong>ordinaverunt</strong></span> <span class='ocrx_word' id='word_1_748' title='bbox 3256 4772 3444 4825; x_wconf 81' lang='lat' dir='ltr'><strong>acies:</strong></span> <span class='ocrx_word' id='word_1_749' title='bbox 3480 4772 3587 4840; x_wconf 75' lang='lat' dir='ltr'><strong>iam</strong></span> 
     </span>
    </p>
   </div>
   <div class='ocr_carea' id='block_1_109' title="bbox 2004 4864 3590 4935">
    <p class='ocr_par' dir='ltr' id='par_1_109' title="bbox 2004 4864 3590 4935">
     <span class='ocr_line' id='line_1_109' title="bbox 2004 4864 3590 4935; baseline 0.001 -17"><span class='ocrx_word' id='word_1_750' title='bbox 2004 4879 2105 4920; x_wconf 91' lang='lat' dir='ltr'><strong>nec</strong></span> <span class='ocrx_word' id='word_1_751' title='bbox 2129 4865 2317 4935; x_wconf 89' lang='lat' dir='ltr'><strong>procul</strong></span> <span class='ocrx_word' id='word_1_752' title='bbox 2346 4880 2375 4919; x_wconf 90' lang='lat' dir='ltr'><strong>a</strong></span> <span class='ocrx_word' id='word_1_753' title='bbox 2406 4874 2563 4933; x_wconf 87' lang='lat' dir='ltr'><strong>portu</strong></span> <span class='ocrx_word' id='word_1_754' title='bbox 2599 4868 2790 4917; x_wconf 81' lang='lat' dir='ltr'><strong>aberat</strong></span> <span class='ocrx_word' id='word_1_755' title='bbox 2820 4864 3033 4918; x_wconf 88' lang='lat' dir='ltr'><strong>illorum</strong></span> <span class='ocrx_word' id='word_1_756' title='bbox 3062 4865 3274 4917; x_wconf 86' lang='lat' dir='ltr'><strong>classis.</strong></span> <span class='ocrx_word' id='word_1_757' title='bbox 3303 4864 3451 4919; x_wconf 84' lang='lat' dir='ltr'><strong>Talis</strong></span> <span class='ocrx_word' id='word_1_758' title='bbox 3472 4876 3590 4920; x_wconf 87' lang='lat' dir='ltr'><strong>erat</strong></span> 
     </span>
    </p>
   </div>
   <div class='ocr_carea' id='block_1_110' title="bbox 2004 4955 3586 5026">
    <p class='ocr_par' dir='ltr' id='par_1_110' title="bbox 2004 4955 3586 5026">
     <span class='ocr_line' id='line_1_110' title="bbox 2004 4955 3586 5026; baseline -0.001 -17"><span class='ocrx_word' id='word_1_759' title='bbox 2004 4972 2184 5011; x_wconf 89' lang='lat' dir='ltr'><strong>rerum</strong></span> <span class='ocrx_word' id='word_1_760' title='bbox 2234 4956 2374 5026; x_wconf 89' lang='lat' dir='ltr'><strong>apud</strong></span> <span class='ocrx_word' id='word_1_761' title='bbox 2422 4956 2639 5011; x_wconf 87' lang='lat' dir='ltr'><strong>Siculos</strong></span> <span class='ocrx_word' id='word_1_762' title='bbox 2676 4966 2871 5012; x_wconf 86' lang='lat' dir='ltr'><strong>status.</strong></span> <span class='ocrx_word' id='word_1_763' title='bbox 2921 4955 3058 5009; x_wconf 78' lang='lat' dir='ltr'><strong>Tum</strong></span> <span class='ocrx_word' id='word_1_764' title='bbox 3108 4972 3238 5010; x_wconf 91' lang='lat' dir='ltr'><strong>vero</strong></span> <span class='ocrx_word' id='word_1_765' title='bbox 3282 4956 3515 5010; x_wconf 78' lang='lat' dir='ltr'><strong>maxime</strong></span> <span class='ocrx_word' id='word_1_766' title='bbox 3557 4970 3586 5008; x_wconf 88' lang='lat' dir='ltr'><strong>a</strong></span> 
     </span>
    </p>
   </div>
   <div class='ocr_carea' id='block_1_111' title="bbox 2002 5049 3589 5119">
    <p class='ocr_par' dir='ltr' id='par_1_111' title="bbox 2002 5049 3589 5119">
     <span class='ocr_line' id='line_1_111' title="bbox 2002 5049 3589 5119; baseline -0.001 -16"><span class='ocrx_word' id='word_1_767' title='bbox 2002 5049 2286 5114; x_wconf 82' lang='lat' dir='ltr'><strong>Romanis,</strong></span> <span class='ocrx_word' id='word_1_768' title='bbox 2320 5051 2410 5119; x_wconf 85' lang='lat' dir='ltr'><strong>qui</strong></span> <span class='ocrx_word' id='word_1_769' title='bbox 2439 5050 2550 5117; x_wconf 85' lang='lat' dir='ltr'><strong>jam</strong></span> <span class='ocrx_word' id='word_1_770' title='bbox 2584 5059 2744 5103; x_wconf 82' lang='lat' dir='ltr'><strong>antea</strong></span> <span class='ocrx_word' id='word_1_771' title='bbox 2784 5049 3017 5103; x_wconf 88' lang='lat' dir='ltr'><strong>militum</strong></span> <span class='ocrx_word' id='word_1_772' title='bbox 3064 5064 3293 5102; x_wconf 88' lang='lat' dir='ltr'><strong>numero</strong></span> <span class='ocrx_word' id='word_1_773' title='bbox 3320 5050 3475 5111; x_wconf 79' lang='lat' dir='ltr'><strong>longe</strong></span> <span class='ocrx_word' id='word_1_774' title='bbox 3509 5050 3589 5103; x_wconf 88' lang='lat' dir='ltr'><strong>in-</strong></span> 
     </span>
    </p>
   </div>
   <div class='ocr_carea' id='block_1_112' title="bbox 2000 5140 3589 5204">
    <p class='ocr_par' dir='ltr' id='par_1_112' title="bbox 2000 5140 3589 5204">
     <span class='ocr_line' id='line_1_112' title="bbox 2000 5140 3589 5204; baseline -0.004 -4"><span class='ocrx_word' id='word_1_775' title='bbox 2000 5144 2230 5201; x_wconf 79' lang='lat' dir='ltr'><strong>feriores</strong></span> <span class='ocrx_word' id='word_1_776' title='bbox 2265 5142 2445 5196; x_wconf 86' lang='lat' dir='ltr'><strong>hostili</strong></span> <span class='ocrx_word' id='word_1_777' title='bbox 2476 5151 2630 5197; x_wconf 90' lang='lat' dir='ltr'><strong>erant</strong></span> <span class='ocrx_word' id='word_1_778' title='bbox 2654 5143 2921 5204; x_wconf 79' lang='lat' dir='ltr'><strong>exercitu,</strong></span> <span class='ocrx_word' id='word_1_779' title='bbox 2956 5140 3176 5195; x_wconf 82' lang='lat' dir='ltr'><strong>deﬂuxit</strong></span> <span class='ocrx_word' id='word_1_780' title='bbox 3220 5140 3383 5194; x_wconf 91' lang='lat' dir='ltr'><strong>robur</strong></span> <span class='ocrx_word' id='word_1_781' title='bbox 3412 5150 3463 5194; x_wconf 76' lang='lat' dir='ltr'><strong>et</strong></span> <span class='ocrx_word' id='word_1_782' title='bbox 3494 5156 3589 5194; x_wconf 85' lang='lat' dir='ltr'><strong>au-</strong></span> 
     </span>
    </p>
   </div>
   <div class='ocr_carea' id='block_1_113' title="bbox 2001 5230 3589 5299">
    <p class='ocr_par' dir='ltr' id='par_1_113' title="bbox 2001 5230 3589 5299">
     <span class='ocr_line' id='line_1_113' title="bbox 2001 5230 3589 5299; baseline -0.001 -10"><span class='ocrx_word' id='word_1_783' title='bbox 2001 5234 2177 5291; x_wconf 87' lang='lat' dir='ltr'><strong>dacia.</strong></span> <span class='ocrx_word' id='word_1_784' title='bbox 2214 5234 2347 5289; x_wconf 88' lang='lat' dir='ltr'><strong>Nam</strong></span> <span class='ocrx_word' id='word_1_785' title='bbox 2396 5242 2450 5287; x_wconf 93' lang='lat' dir='ltr'><strong>et</strong></span> <span class='ocrx_word' id='word_1_786' title='bbox 2499 5233 2728 5287; x_wconf 87' lang='lat' dir='ltr'><strong>aliorum</strong></span> <span class='ocrx_word' id='word_1_787' title='bbox 2771 5234 3047 5287; x_wconf 85' lang='lat' dir='ltr'><strong>sociorum</strong></span> <span class='ocrx_word' id='word_1_788' title='bbox 3093 5247 3252 5299; x_wconf 87' lang='lat' dir='ltr'><strong>quam</strong></span> <span class='ocrx_word' id='word_1_789' title='bbox 3295 5230 3476 5299; x_wconf 89' lang='lat' dir='ltr'><strong>plures</strong></span> <span class='ocrx_word' id='word_1_790' title='bbox 3520 5232 3589 5287; x_wconf 85' lang='lat' dir='ltr'><strong>ab</strong></span> 
     </span>
    </p>
   </div>
   <div class='ocr_carea' id='block_1_114' title="bbox 2000 5324 3586 5395">
    <p class='ocr_par' dir='ltr' id='par_1_114' title="bbox 2000 5324 3586 5395">
     <span class='ocr_line' id='line_1_114' title="bbox 2000 5324 3586 5395; baseline -0.006 -8"><span class='ocrx_word' id='word_1_791' title='bbox 2000 5328 2068 5387; x_wconf 75' lang='lat' dir='ltr'><strong>iis</strong></span> <span class='ocrx_word' id='word_1_792' title='bbox 2100 5336 2226 5383; x_wconf 89' lang='lat' dir='ltr'><strong>sunt</strong></span> <span class='ocrx_word' id='word_1_793' title='bbox 2256 5326 2472 5395; x_wconf 85' lang='lat' dir='ltr'><strong>dilapsi,</strong></span> <span class='ocrx_word' id='word_1_794' title='bbox 2504 5335 2557 5381; x_wconf 90' lang='lat' dir='ltr'><strong>et</strong></span> <span class='ocrx_word' id='word_1_795' title='bbox 2604 5324 2877 5380; x_wconf 86' lang='lat' dir='ltr'><strong>Celtarum</strong></span> <span class='ocrx_word' id='word_1_796' title='bbox 2926 5340 3031 5378; x_wconf 91' lang='lat' dir='ltr'><strong>non</strong></span> <span class='ocrx_word' id='word_1_797' title='bbox 3086 5324 3336 5395; x_wconf 81' lang='lat' dir='ltr'><strong>ignobilis</strong></span> <span class='ocrx_word' id='word_1_798' title='bbox 3389 5336 3586 5392; x_wconf 88' lang='lat' dir='ltr'><strong>turma,</strong></span> 
     </span>
    </p>
   </div>
   <div class='ocr_carea' id='block_1_115' title="bbox 2001 5416 3581 5495">
    <p class='ocr_par' dir='ltr' id='par_1_115' title="bbox 2001 5416 3581 5495">
     <span class='ocr_line' id='line_1_115' title="bbox 2001 5416 3581 5495; baseline 0.001 -25"><span class='ocrx_word' id='word_1_799' title='bbox 2001 5436 2120 5490; x_wconf 70' lang='lat' dir='ltr'><strong>qua:</strong></span> <span class='ocrx_word' id='word_1_800' title='bbox 2148 5421 2247 5474; x_wconf 89' lang='lat' dir='ltr'><strong>sub</strong></span> <span class='ocrx_word' id='word_1_801' title='bbox 2278 5417 2538 5474; x_wconf 79' lang='lat' dir='ltr'><strong>Romanis</strong></span> <span class='ocrx_word' id='word_1_802' title='bbox 2572 5418 2840 5485; x_wconf 82' lang='lat' dir='ltr'><strong>stipendia</strong></span> <span class='ocrx_word' id='word_1_803' title='bbox 2874 5418 3137 5495; x_wconf 83' lang='lat' dir='ltr'><strong>merebat,</strong></span> <span class='ocrx_word' id='word_1_804' title='bbox 3166 5419 3231 5470; x_wconf 89' lang='lat' dir='ltr'><strong>ad</strong></span> <span class='ocrx_word' id='word_1_805' title='bbox 3260 5416 3581 5472; x_wconf 81' lang='lat' dir='ltr'><strong>Gulielmum</strong></span> 
     </span>
    </p>
   </div>
   <div class='ocr_carea' id='block_1_116' title="bbox 2000 5508 3584 5575">
    <p class='ocr_par' dir='ltr' id='par_1_116' title="bbox 2000 5508 3584 5575">
     <span class='ocr_line' id='line_1_116' title="bbox 2000 5508 3584 5575; baseline -0.004 -6"><span class='ocrx_word' id='word_1_806' title='bbox 2000 5512 2373 5569; x_wconf 72' lang='lat' dir='ltr'><strong>occultissime</strong></span> <span class='ocrx_word' id='word_1_807' title='bbox 2397 5510 2669 5566; x_wconf 86' lang='lat' dir='ltr'><strong>transivit.</strong></span> <span class='ocrx_word' id='word_1_808' title='bbox 2706 5510 2779 5564; x_wconf 82' lang='lat' dir='ltr'><strong>Ea</strong></span> <span class='ocrx_word' id='word_1_809' title='bbox 2809 5509 2899 5563; x_wconf 88' lang='lat' dir='ltr'><strong>ubi</strong></span> <span class='ocrx_word' id='word_1_810' title='bbox 2933 5510 2976 5564; x_wconf 90' lang='lat' dir='ltr'><strong>is</strong></span> <span class='ocrx_word' id='word_1_811' title='bbox 3011 5510 3164 5575; x_wconf 89' lang='lat' dir='ltr'><strong>vidit,</strong></span> <span class='ocrx_word' id='word_1_812' title='bbox 3201 5508 3457 5563; x_wconf 87' lang='lat' dir='ltr'><strong>utendum</strong></span> <span class='ocrx_word' id='word_1_813' title='bbox 3487 5524 3584 5563; x_wconf 57' lang='lat' dir='ltr'><strong>oc-</strong></span> 
     </span>
    </p>
   </div>
   <div class='ocr_carea' id='block_1_117' title="bbox 2000 5599 3584 5675">
    <p class='ocr_par' dir='ltr' id='par_1_117' title="bbox 2000 5599 3584 5675">
     <span class='ocr_line' id='line_1_117' title="bbox 2000 5599 3584 5675; baseline -0.003 -15"><span class='ocrx_word' id='word_1_814' title='bbox 2000 5604 2221 5661; x_wconf 87' lang='lat' dir='ltr'><strong>casione</strong></span> <span class='ocrx_word' id='word_1_815' title='bbox 2243 5604 2500 5673; x_wconf 87' lang='lat' dir='ltr'><strong>temporis</strong></span> <span class='ocrx_word' id='word_1_816' title='bbox 2528 5604 2729 5673; x_wconf 89' lang='lat' dir='ltr'><strong>putavit</strong></span> <span class='ocrx_word' id='word_1_817' title='bbox 2786 5603 2947 5675; x_wconf 72' lang='lat'><strong>168</strong></span> <span class='ocrx_word' id='word_1_818' title='bbox 2967 5618 3035 5657; x_wconf 89' lang='lat' dir='ltr'><strong>ne</strong></span> <span class='ocrx_word' id='word_1_819' title='bbox 3056 5602 3262 5657; x_wconf 84' lang='lat' dir='ltr'><strong>interea</strong></span> <span class='ocrx_word' id='word_1_820' title='bbox 3291 5599 3584 5667; x_wconf 84' lang='lat' dir='ltr'><strong>Rohertus,</strong></span> 
     </span>
    </p>
   </div>
   <div class='ocr_carea' id='block_1_118' title="bbox 2000 5693 3586 5766">
    <p class='ocr_par' dir='ltr' id='par_1_118' title="bbox 2000 5693 3586 5766">
     <span class='ocr_line' id='line_1_118' title="bbox 2000 5693 3586 5766; baseline -0.002 -16"><span class='ocrx_word' id='word_1_821' title='bbox 2000 5714 2157 5766; x_wconf 87' lang='lat' dir='ltr'><strong>quem</strong></span> <span class='ocrx_word' id='word_1_822' title='bbox 2189 5696 2485 5751; x_wconf 88' lang='lat' dir='ltr'><strong>contractis</strong></span> <span class='ocrx_word' id='word_1_823' title='bbox 2518 5696 2688 5764; x_wconf 83' lang='lat' dir='ltr'><strong>copiis</strong></span> <span class='ocrx_word' id='word_1_824' title='bbox 2719 5698 3016 5749; x_wconf 85' lang='lat' dir='ltr'><strong>adventare</strong></span> <span class='ocrx_word' id='word_1_825' title='bbox 3049 5709 3234 5748; x_wconf 90' lang='lat' dir='ltr'><strong>rumor</strong></span> <span class='ocrx_word' id='word_1_826' title='bbox 3262 5702 3400 5759; x_wconf 87' lang='lat' dir='ltr'><strong>erat,</strong></span> <span class='ocrx_word' id='word_1_827' title='bbox 3433 5693 3586 5747; x_wconf 82' lang='lat' dir='ltr'><strong>auxi-</strong></span> 
     </span>
    </p>
   </div>
   <div class='ocr_carea' id='block_1_119' title="bbox 2001 5786 3579 5857">
    <p class='ocr_par' dir='ltr' id='par_1_119' title="bbox 2001 5786 3579 5857">
     <span class='ocr_line' id='line_1_119' title="bbox 2001 5786 3579 5857; baseline -0.004 -10"><span class='ocrx_word' id='word_1_828' title='bbox 2001 5792 2074 5847; x_wconf 86' lang='lat' dir='ltr'><strong>lia</strong></span> <span class='ocrx_word' id='word_1_829' title='bbox 2116 5790 2184 5847; x_wconf 85' lang='lat' dir='ltr'><strong>iis</strong></span> <span class='ocrx_word' id='word_1_830' title='bbox 2222 5790 2414 5856; x_wconf 79' lang='lat' dir='ltr'><strong>ferret,</strong></span> <span class='ocrx_word' id='word_1_831' title='bbox 2450 5801 2542 5843; x_wconf 85' lang='lat' dir='ltr'><strong>aut</strong></span> <span class='ocrx_word' id='word_1_832' title='bbox 2577 5797 2866 5845; x_wconf 88' lang='lat' dir='ltr'><strong>terrestres</strong></span> <span class='ocrx_word' id='word_1_833' title='bbox 2906 5786 3265 5843; x_wconf 64' lang='lat' dir='ltr'><strong>maritimazvc</strong></span> <span class='ocrx_word' id='word_1_834' title='bbox 3308 5786 3477 5857; x_wconf 71' lang='lat' dir='ltr'><strong>copia:</strong></span> <span class='ocrx_word' id='word_1_835' title='bbox 3512 5786 3579 5840; x_wconf 80' lang='lat' dir='ltr'><strong>ab</strong></span> 
     </span>
    </p>
   </div>
   <div class='ocr_carea' id='block_1_120' title="bbox 2000 5878 3577 5953">
    <p class='ocr_par' dir='ltr' id='par_1_120' title="bbox 2000 5878 3577 5953">
     <span class='ocr_line' id='line_1_120' title="bbox 2000 5878 3577 5953; baseline -0.003 -15"><span class='ocrx_word' id='word_1_836' title='bbox 2000 5883 2325 5953; x_wconf 75' lang='lat' dir='ltr'><strong>imperatore</strong></span> <span class='ocrx_word' id='word_1_837' title='bbox 2392 5879 2569 5937; x_wconf 76' lang='lat' dir='ltr'><strong>missa:</strong></span> <span class='ocrx_word' id='word_1_838' title='bbox 2635 5880 3010 5937; x_wconf 79' lang='lat' dir='ltr'><strong>subvenirent.</strong></span> <span class='ocrx_word' id='word_1_839' title='bbox 3077 5878 3343 5937; x_wconf 79' lang='lat' dir='ltr'><strong>instrueta</strong></span> <span class='ocrx_word' id='word_1_840' title='bbox 3396 5880 3577 5949; x_wconf 81' lang='lat' dir='ltr'><strong>itaque</strong></span> 
     </span>
    </p>
   </div>
  </div>
