4074 6286
476 292 478 294 ⁷
580 288 685 363 587

1868 291 2191 355 IOANNIS
2230 290 2552 354 CINNAMI

3709 288 3800 353 588

574 411 954 483 llungarorum
1001 413 1145 460 metu
1192 403 1580 471 substiterant,
1618 408 1956 462 conveniret.
1992 406 2150 462 Post-

2271 422 2404 458 ιατα
2424 407 2486 459 ὲκ
2519 403 2783 475 βασιλέως
2803 403 2959 478 ἥκειν
2983 400 3135 471 αὐτῷ
3153 401 3245 455 ἐπὶ
3263 399 3355 455 τὸν
3377 398 3583 470 Ἴστρον
3604 401 3801 473 ἐχώρει.

578 519 742 586 quam
773 517 838 556 eo
868 503 1131 571 pervenit,
1155 499 1207 554 itt
1242 498 1591 555 Sirmiensem
1620 498 1890 568 regionem
1921 497 2149 567 trajecit.

2254 503 2363 563 τοῖς
2376 496 2550 552 ταῦτα
2564 498 2886 573 κομίζουσιν
2903 496 3285 566 ἐντευξόμενος
3306 492 3539 548 ἐνταῦθά
3552 510 3647 546 που
3670 495 3805 565 παρὰ

581 593 691 649 Nec
720 591 887 647 multo
919 598 1039 660 post
1066 591 1377 660 Stephanus
1406 604 1526 645 cum
1554 603 1720 660 prope
1746 589 1938 645 fuisset
1964 600 2153 660 captus

2271 593 2344 647 τὸν
2375 594 2587 662 Ἴστρον
2610 592 2717 646 δέει
2755 590 2833 662 τῷ
2854 592 2919 646 ἐκ
2948 590 3056 643 τῶν
3077 588 3293 643 Οὒννων
3323 586 3604 658 διατριϐὴν
3637 604 3807 642 ποιου-

581 690 651 742 ah
684 685 959 751 hostibus,
992 683 1203 753 fugiens
1236 683 1299 737 ad
1331 681 1480 737 illum
1511 682 1762 738 accessit.
1791 680 1893 737 Ubl
1926 681 2041 737 haec
2068 698 2155 738 re-

582 778 740 835 scivit
768 779 1036 849 princeps,
1068 777 1318 831 idoneum
1351 779 1648 831 exercitum
1678 773 1936 830 Sirmium
1969 775 2151 841 mittit,

583 884 696 930 tum
733 881 788 928 ut
822 880 1169 926 conservaret
1201 870 1299 924 sibi
1335 869 1608 938 regionem
1646 869 1801 925 istam
1848 871 2156 939 (verebatur

582 966 725 1025 enim
775 964 1005 1019 maxime
1050 976 1120 1017 ne
1165 962 1402 1033 Hungari
1447 961 1641 1016 iterum
1688 978 1772 1016 res
1813 959 2152 1031 innovareut)

586 1070 698 1115 tum
754 1067 810 1113 ut
856 1055 1195 1112 subditorum
1247 1054 1523 1109 securitati
1575 1062 1629 1108 et
1681 1053 1943 1125 Stephani
1994 1054 2156 1111 saluti

586 1151 915 1210 coxisuleret.
939 1147 1177 1206 Praeerat
1202 1146 1319 1202 istis
1347 1145 1515 1216 cepiis
1541 1145 1769 1202 Michael
1799 1154 2156 1217 cognomento

586 1246 816 1309 Gahras,
846 1242 934 1313 qui
968 1250 1022 1296 et
1052 1243 1165 1310 ipse
1198 1255 1262 1294 cx
1297 1238 1464 1293 fratre
1502 1239 1761 1295 Manuelis
1795 1241 1995 1309 neptim
2022 1256 2158 1295 uxo-

589 1354 699 1392 rem
726 1337 975 1398 duxerat,
1003 1344 1053 1388 et
1082 1333 1279 1388 schasri
1308 1334 1511 1386 honore
1532 1346 1657 1385 cum
1684 1330 1964 1401 Chaluphe
1984 1330 2162 1386 fuerat

588 1431 839 1485 donatus.
897 1426 1151 1494 Princeps
1208 1440 1334 1479 vero
1387 1422 1635 1494 Procopii
1694 1423 1854 1495 22']
1910 1423 2160 1496 martyris

591 1537 832 1589 manum,
862 1534 1025 1590 quam
1060 1534 1122 1571 cx
1160 1517 1357 1572 Sirmio
1392 1516 1534 1571 forte
1566 1518 1886 1580 abstulerat,
1919 1517 1973 1572 in
2015 1516 2157 1570 Naisi

595 1617 848 1687 templum
880 1615 1119 1677 allatam,
1149 1613 1357 1681 reliquo
1391 1611 1623 1666 reddidit
1654 1610 1888 1681 corpori,
1917 1625 2036 1665 eum
2074 1623 2159 1672 ea,

592 1724 752 1779 quam
796 1708 1043 1762 dicturus
1090 1722 1232 1771 sum,
1265 1705 1330 1759 de
1377 1718 1535 1759 causa
1584 1704 1651 1757 ab
1699 1718 1764 1757 eo
1806 1703 1931 1757 olim
1978 1702 2163 1755 fuiSset

592 1802 795 1857 avulsa.
830 1799 1205 1870 Huugarorum
1256 1812 1387 1868 gens
1430 1812 1572 1867 saepe
1616 1796 1982 1852 Romanorum
2027 1794 2161 1849 lines

592 1893 914 1958 incursavit,
945 1904 997 1946 et
1036 1891 1195 1958 paulo
1238 1899 1364 1944 ante
1404 1904 1561 1959 quam
1609 1892 1899 1958 imperaret
1940 1888 2160 1944 Alexius

575 1986 924 2051 -Comnenus,
954 1982 1215 2037 Sirmium
1248 1983 1389 2050 cepit
1423 1980 1711 2052 multisque
1741 1982 2160 2037 Transistrianis

595 2078 817 2133 urbibus
847 2075 1170 2146 expugnatis
1207 2074 1427 2128 Naisum
1473 2088 1644 2144 usque
1684 2077 1947 2145 pervenit.
1982 2072 2057 2129 lbi
2104 2076 2155 2129 itt

594 2182 836 2231 sanctum
873 2171 1016 2225 illius
1051 2170 1307 2240 martyris
1343 2168 1643 2222 incidentes
1674 2166 1957 2232 feretrum,
1988 2178 2160 2223 totum

593 2268 807 2337 quidem
854 2266 980 2319 inde
1022 2279 1218 2330 corpus
1262 2262 1478 2316 auferre
1519 2262 1895 2328 inhumanum,
1926 2274 1983 2317 ut
2012 2263 2162 2318 arbi-

593 2374 727 2423 tror,
757 2357 1153 2423 existimantes,
1186 2356 1299 2410 sola
1333 2370 1489 2409 manu
1529 2354 1707 2409 ablata
1743 2370 2021 2411 recessere
2058 2374 2071 2410 :
2108 2364 2162 2409 et

596 2453 855 2506 Sirmium
880 2448 1106 2511 reversi,
1128 2463 1243 2502 eam
1271 2450 1571 2518 deposuere
1601 2447 1656 2502 in
1686 2451 1882 2518 templo
1909 2445 2159 2505 Demetrii

598 2541 875 2613 martyris,
902 2539 1045 2609 quod
1079 2539 1288 2607 pridem
1317 2546 1663 2593 exstruxerat
1697 2538 1741 2593 is
1770 2540 1860 2611 qui
1893 2537 2164 2610 Illyricum

596 2633 884 2705 praefectus
910 2632 1150 2701 regebat.
1180 2629 1311 2685 Eam
1346 2630 1508 2699 igitur
1538 2629 1647 2685 illic
1679 2630 1950 2711 inventam
1987 2646 2167 2687 sustu-

592 2729 655 2783 lit
699 2728 822 2782 iude
864 2726 1157 2795 imperator
1196 2735 1249 2777 et
1297 2724 1525 2794 reliquo,
1556 2735 1612 2780 ut
1649 2724 1911 2791 diximus,
1937 2727 2166 2781 reddidit

592 2820 828 2889 corpori.
1701 2850 1705 2855 -
1968 2820 1973 2823 '

2258 687 2461 757 μένοις.
2493 685 2711 755 Ἐπειδή
2736 701 2793 738 τε
2826 683 3064 738 ἐνταῦθα
3108 683 3346 750 ἐγένετο,
3382 679 3808 749 περαιωσάμενος

2257 780 2350 834 ἐπὶ
2379 780 2606 851 Σῐρμιον
2643 774 2829 849 ἦλθεν.
2876 775 3073 846 Ὀλίγῳ
3106 774 3160 828 δὲ
3197 774 3419 843 ὕστερον
3471 772 3564 825 καὶ
3618 772 3809 842 Στέφα-

2255 889 2345 934 νος
2383 870 2552 940 ἐγγὺς
2593 869 2798 925 ἁλῶναι
2846 870 2958 930 τοῖς
3005 866 3291 937 πολεμίοις
3333 865 3503 920 ἐλθὼν
3557 866 3726 935 φυγὰς
3761 870 3811 930 ἐς

2258 964 2418 1018 αὑτὸν
2450 963 2835 1031 παραγίνεται.
2862 959 3084 1013 Τούτων
3116 958 3354 1021 ἀκούσας
3383 957 3630 1028 βασιλεὺς
3663 961 3813 1029 στρά-

2258 1075 2439 1129 τευμα
2464 1058 2626 1125 λόγου
2667 1055 2817 1121 ἀξιον
2846 1054 2939 1108 ἐπὶ
2978 1056 3204 1125 Σίρμιον
3234 1053 3470 1125 ἔπεμψε,
3530 1052 3589 1104 τὸ
3632 1052 3721 1122 μέν
3769 1069 3814 1104 τι

2257 1153 2356 1225 τὴν
2379 1153 2565 1225 χώραν
2589 1152 2739 1222 αὐτῷ
2774 1152 3014 1223 τηρῆσον
3049 1150 3279 1222 (ὑποψίᾳ
3317 1150 3425 1221 γὰρ
3461 1151 3517 1213 ἐς
3548 1150 3669 1212 τοὺς
3696 1148 3817 1202 Οὕν-

2260 1263 2382 1309 νους
2414 1245 2611 1318 ἐχρῆτο
2644 1245 2811 1317 πολλῇ
2841 1248 2915 1316 μή
2962 1262 3015 1298 τι
3061 1244 3155 1299 καὶ
3208 1243 3368 1296 πάλιν
3412 1241 3815 1312 νεωτερίσειεν),

2261 1338 2321 1390 τὸ
2348 1337 2405 1391 δὲ
2432 1337 2525 1390 καὶ
2550 1337 2628 1408 τῷ
2654 1337 2996 1408 εὐπροσώπῳ
3019 1337 3117 1403 τῆς
3145 1335 3256 1390 τῶν
3289 1335 3505 1389 οἰκείων
3541 1333 3820 1401 ἀσφαλείας

2262 1432 2359 1486 καὶ
2431 1432 2691 1513 Στεφάνῳ
2748 1430 2847 1503 τὴν
2920 1430 3194 1498 σωτηρίαν
3256 1426 3820 1499 πραγματευσάμενον.

2263 1519 2442 1595 Ἷίρχε
2478 1523 2535 1576 δὲ
2599 1524 2831 1594 ταυτησὶ
2874 1523 2971 1592 τῆς
3007 1521 3265 1592 στρατιᾶς
3301 1518 3523 1591 Μιχαὴλ
3555 1519 3823 1588 ἐπίκλησιν

2264 1617 2481 1689 Γαὸρᾶς
2510 1616 2647 1685 (89),
2679 1615 2738 1679 ὃς
2764 1616 2859 1669 καὶ
2898 1615 3061 1677 αὐτὸς
3106 1612 3373 1684 βασιλέως
3401 1614 3588 1684 γήμας
3627 1610 3827 1680 ἀδελφι-

2264 1708 2364 1777 δῆν
2406 1708 2667 1771 σεϐαστὺς
2699 1709 2797 1761 σὺν
2825 1706 2903 1778 τῷ
2928 1704 3191 1779 Χαλούφῃ
3226 1704 3542 1775 τετίμηται.
3580 1701 3823 1766 Baetim;

2196 1769 2237 1823 Β
2266 1769 2329 1852 δέ
2349 1800 2415 1871 ἠν
2441 1800 2504 1853 ὲκ
2532 1798 2626 1852 τοῦ
2650 1769 2888 1870 ήΣιρμίου
2934 1769 3241 1869 Προκοπίου
3275 1769 3367 1849 tofi
3415 1769 3686 1867 μάρτυρος
3725 1791 3825 1867 (90)

2275 1893 2599 1965 ἀνελόμενος
2633 1893 2789 1962 ἔτυχε
2814 1892 2968 1963 χεῖρα
2996 1891 3089 1942 ἐπὶ
3113 1888 3203 1941 τὸν
3221 1889 3278 1941 ἐν
3304 1886 3493 1954 Ναῖοῷ
3521 1885 3654 1940 νεὼν
3694 1884 3827 1955 ἄγων

2264 1986 2344 2059 τῷ
2367 1984 2537 2058 λοιπῷ
2563 1985 2766 2055 ταύτην
2802 1984 3049 2039 ἀπέδωκε
3074 1981 3307 2053 σώματι,
3333 1979 3563 2033 παλαιοῦ
3598 1979 3690 2034 τοῦ
3718 1977 3829 2050 χρό-

2266 2097 2357 2133 νου
2380 2082 2475 2133 ἀπ⁸
2507 2080 2684 2144 αἰτίας
2710 2079 3119 2151 ἀπορραγεῖσαν
3136 2074 3373 2129 τοιᾶσδε.
3409 2072 3481 2126 Τὸ
3501 2073 3607 2126 τῶν
3631 2072 3829 2127 Οῦννων

2269 2174 2418 2239 ἔθνος
2441 2175 2612 2228 πολλὰ
2649 2175 2748 2243 μὲν
2779 2172 3037 2235 πολλάκις
3077 2172 3176 2242 τὴν
3217 2169 3505 2239 Ῥωμαίων
3533 2168 3830 2237 κατέδραμε

2269 2269 2394 2335 γῆν,
2435 2267 2603 2338 ὀλίγῳ
2654 2267 2711 2320 δὲ
2736 2266 3045 2337 ἔμπροσθεν
3080 2264 3179 2332 τῆς
3219 2261 3458 2327 Ἀλεξίου
3507 2261 3604 2314 τοῦ
3630 2260 3834 2329 Κομνη-

2270 2359 2361 2414 νοῦ
2388 2360 2667 2431 βασιλείας
2710 2360 2937 2430 Σίρμιόν
2981 2375 3041 2411 τε
3074 2350 3184 2409 εἷλε
3217 2355 3314 2409 καὶ
3340 2352 3541 2419 πολλὰς
3586 2352 3691 2407 τῶν
3734 2352 3833 2407 Πα-

2282 2452 2541 2523 ριστρίων
2599 2451 3136 2523 ἀνδραποδισάμενος
3197 2447 3407 2503 πόλεων
3456 2447 3586 2519 ἄχρι
3636 2444 3729 2500 καὶ
3751 2444 3835 2497 ἐπὶ

2264 2545 2470 2599 Ναῖσὸν
2516 2542 2699 2617 ἦλθεν.
2764 2542 2934 2597 Ἔνθα
2976 2546 3039 2613 τῇ
3077 2541 3170 2598 τοῦ
3205 2542 3480 2613 μάρτυρος
3527 2540 3682 2594 τοῦδε
3726 2538 3832 2609 ἱερᾷ

2273 2636 2770 2709 περιτετυχηκότες
2837 2629 2984 2706 σορῷ
3037 2636 3157 2689 ὅλον
3229 2636 3327 2703 μὲν
3379 2633 3734 2704 ἀφαιρεῖσθαι
3783 2630 3833 2683 τὸ

2266 2731 2426 2801 σῶμα
2461 2729 2809 2803 κεκρίκασιν,
2836 2726 3011 2799 οἶμαι,
3065 2727 3459 2799 ἀπάνθρωπον,
3506 2728 3607 2798 τήν
3647 2742 3708 2794 γε
3742 2724 3833 2796 μὴν

2266 2825 2424 2895 χεῖρα
2463 2823 2765 2894 διελόμενοι
2811 2821 3212 2894 ἀπεχώρησαν·
3250 2824 3308 2875 ὲν
3364 2819 3581 2893 Σιρμίῳ
3610 2819 3665 2874 δὲ
3688 2836 3835 2888 γεγο-

592 2910 743 2975 νότες
772 2911 865 2963 ἐπὶ
892 2908 989 2963 ,τὸν
1031 2909 1156 2981 τῇδε
1194 2907 1289 2963 τοῦ
1360 2908 1636 2980 μάρτυρος
1696 2904 2009 2981 Δημητρίου
2058 2911 2351 2967 κατέθεντο
2385 2915 2503 2968 νεὸν
2552 2914 2686 2986 (91),
2718 2914 2778 2967 ὃν
2827 2914 2884 2967 ἐν
2950 2915 3064 2991 τοῖς
3136 2912 3248 2967 ἀνω
3293 2912 3505 2984 χρόνοις
3537 2914 3569 2966 ό
3599 2912 3699 2983 τὴν
3753 2907 3839 2965 τοῦ

602 3001 904 3074 Ἰλλυρικοῦ
946 3002 1144 3056 διέπων
1187 3000 1490 3072 ὲδομήσατο
1527 3000 1721 3071 ἀρχήν.
1757 3000 1841 3071 (Ρ.
1866 3001 1992 3072 152)
2029 3000 2199 3063 Ἔνθα
2238 3004 2446 3077 ταύτην
2496 3003 2964 3077 εὑρὼνλβασιλεὺς
2998 2992 3231 3060 ἀνέλαϐέ
3275 3021 3335 3059 τε
3402 3003 3614 3058 ἐκεῖθεν
3651 3004 3742 3058 καὶ
3769 3000 3838 3072 τῷ

591 3089 784 3165 λοιπῷ,
800 3096 1072 3167 ικαοάπερ
1093 3096 1332 3167 είρηται,
1360 3094 1545 3171 φέρων
1564 3094 1816 3149 ἀπέδωκε
1850 3094 2089 3166 σώματι.

662 3193 717 3248 9.
765 3194 942 3262 Atque
991 3194 1105 3247 haec
1152 3191 1266 3247 fere
1315 3200 1475 3255 sunt,
1531 3206 1652 3260 qua:
1697 3206 1762 3247 eo
1808 3206 1949 3247 anno
1982 3202 2164 3247 contra

2348 3195 2459 3249 Kal.
2496 3193 2562 3248 τὰ
2587 3193 2687 3265 μὲν
2712 3195 2792 3259 είς
2824 3196 3002 3249 ἐκεῖνο
3033 3194 3094 3248 τὸ
3129 3194 3249 3260 ἔτος
3269 3195 3412 3250 κατὰ
3480 3192 3704 3250 Οὖννων
3768 3193 3838 3263 τῷ

599 3286 877 3355 Hungaros
902 3286 1065 3356 gessit
1092 3283 1363 3354 princeps.
1391 3282 1637 3337 Alexium
1665 3282 1860 3339 deinde
1886 3284 2168 3341 domestici

596 3380 782 3444 lilium,
813 3378 902 3449 qui
940 3375 1314 3448 protonotarii,
1356 3383 1412 3429 ut
1455 3377 1650 3444 schius
1688 3390 1718 3428 a
1769 3391 1854 3431 me
1886 3385 2164 3431 narratum

592 3468 701 3541 εει,
733 3486 955 3526 munere
1002 3469 1343 3537 fungebatur,
1392 3482 1586 3535 magno
1625 3468 1945 3523 instructum
1995 3484 2165 3539 appa.

600 3576 717 3622 ratu
751 3565 811 3619 itr
835 3563 1073 3619 Ciliciam
1111 3562 1254 3614 misit
1282 3571 1334 3613 et
1362 3575 1628 3614 summum
1664 3560 1779 3629 ejus
1816 3562 1936 3615 belli
1972 3562 2163 3617 ducem

599 3657 898 3713 constituit.
957 3654 1162 3723 Quippe
1218 3652 1518 3707 Nuradinus
1582 3653 1852 3708 Berrltoetc
1922 3656 2167 3712 Sullanus

601 3751 869 3821 prioribus
903 3749 1075 3803 elatus
1122 3747 1362 3801 ιὶιιυτίἰε
1415 3747 1686 3816 potiundae
1729 3761 1886 3815 quam
1936 3748 2164 3817 primum

602 3842 833 3900 civitatis
870 3839 1214 3894 Antiocheuce
1252 3853 1400 3908 spem
1431 3848 1769 3907 conceperat,
1807 3849 1858 3893 et
1902 3839 2163 3904 Torosus,

601 3938 687 4009 qui
717 3947 825 3990 tum
849 3934 1123 3988 Armeniis
1147 3930 1462 4000 imperabat,
1490 3930 1981 4001 plurimaslsauria:
2004 3932 2165 3988 urbes

600 4030 833 4102 principi
861 4029 1117 4083 obnoxias
1156 4025 1278 4079 dolo
1307 4034 1543 4095 ceperat,
1580 4024 1888 4080 Andronico
1924 4024 2167 4095 Eupber-

599 4123 739 4177 bene
754 4118 1025 4190 principis
1052 4116 1219 4186 228
1241 4115 1723 4186 cognato,Cilicize
1753 4127 1860 4169 tum
1895 4118 2167 4183 prmfecto,

600 4215 862 4272 infensus.
905 4212 1037 4267 Nam
1087 4210 1331 4280 plurimis
1365 4210 1486 4264 aliis
1518 4225 1640 4264 cum
1673 4210 1993 4265 criminibus
2026 4209 2171 4264 inse-

602 4310 883 4372 ctabatur,
933 4322 1001 4361 ac.
1048 4306 1169 4362 caesi
1221 4305 1453 4358 maxime
1489 4302 1672 4357 fratris
1721 4303 1773 4357 in
1807 4319 1927 4357 eum
1958 4304 2169 4369 culpam

601 4400 887 4476 referebat.
914 4400 1041 4456 Haec
1072 4407 1184 4454 tum
1215 4398 1285 4454 ibi
1315 4405 1463 4468 gesta
1498 4404 1644 4453 sunt.
1674 4395 1964 4452 Frederico
1993 4403 2172 4450 autem

2279 3287 2488 3356 βασιλεῖ
2522 3286 2892 3357 πεπραγμένα
2925 3287 3104 3344 τοιάδε
3125 3282 3429 3357 τινάἦσαν.
3501 3288 3567 3341 Ὀ
3596 3287 3651 3341 δὲ
3702 3286 3836 3339 Ἀλέ-

2278 3380 2389 3444 ξιον
2417 3379 2509 3433 τὸν
2535 3378 2629 3433 τοῦ
2667 3378 2993 3448 δομεστίκου
3011 3381 3148 3445 υἱέα,
3181 3380 3240 3445 ὃς
3267 3380 3366 3452 τὴν
3385 3380 3834 3452 πρωτονοταρῐου,

2277 3469 2465 3542 ὥσπερ
2498 3487 2589 3540 μοι
2608 3470 2887 3534 ’πολλάκις
2903 3469 3125 3544 ἐρρέθη,
3139 3470 3345 3524 διεῖπεν
3360 3472 3562 3543 ἀρχὴν,
3592 3474 3683 3526 σὺν
3704 3468 3834 3543 ἀξίᾳ

2272 3560 2431 3631 λόγου
2457 3565 2777 3635 παρασκευῇ
2804 3564 2896 3617 ἐπὶ
2949 3565 3049 3636 τὴν
3078 3564 3319 3619 Κιλίκων
3344 3564 3694 3631 ἐξαπέστειλε
3723 3562 3836 3634 γῆν,

2276 3654 2578 3724 στρατηγὸν
2602 3655 2978 3725 αὐτοκράτορα
3005 3653 3101 3709 τοῦ
3134 3654 3371 3725 πολέμου
3405 3654 3560 3710 τοῦδε
3587 3671 3843 3722 καταστη-

2277 3746 2530 3817 σάμενος.
2560 3747 2828 3818 Νουραδίν
2844 3764 2904 3800 τε
2929 3748 3037 3818 γὰρ
3066 3750 3093 3801 ό
3131 3748 3442 3820 Βερῤοιαῐος
3467 3747 3754 3818 σατράπης
3774 3745 3848 3798 νί-

2274 3857 2396 3904 καις
2430 3842 2549 3903 ταῖς
2584 3840 2981 3911 προλαϐοῦσαις
3008 3841 3267 3913 ἐπαρθεὶς
3291 3842 3501 3895 ἐλπίσιν
3527 3839 3842 3911 ὠχεῖτοπό-

2273 3934 2410 3994 λεως
2436 3935 2535 3987 οὐκ
2567 3934 2642 3996 εἰς
2678 3933 2895 4005 μακρὰν
2936 3918 3349 4007 περιγεγονέναι
3380 3934 3733 4005 Ἀντιοχείας,
3761 3932 3852 3986 καὶ

2284 4025 2523 4098 Τερόζης
2568 4026 2625 4090 ὃς
2679 4026 2982 4098 Ἀρμενίων
3011 4027 3328 4083 ἐδυνάστευε
3368 4027 3488 4080 τότε
3518 4028 3721 4090 πολλὰς
3748 4025 3851 4079 τῶν

2279 4118 2490 4190 βασιλεῖ
2543 4118 2828 4189 κατηκόων
2861 4118 3045 4182 πόλεις
3100 4117 3407 4189 Ἰσαυρικάς
3443 4118 3579 4190 δόλῳ
3617 4119 3852 4189 ἥρπασε,

2278 4210 2353 4283 τῷ
2383 4212 2643 4284 Φερὸηνῷ
2696 4211 3065 4282 δυσμεναίνων
3108 4212 3427 4284 Ἀνδρονίκῳ
3474 4212 3554 4284 τῷ
3596 4211 3852 4284 βασιλέως

2279 4302 2559 4373 causam,»
2588 4304 2682 4357 καὶ
2707 4304 2949 4357 Κιλίκων
2976 4304 3371 4375 στρατηγοῦντι
3398 4304 3477 4374 τῷ
3505 4305 3653 4360 τότε.
3691 4304 3850 4358 ’Λλλα

2279 4412 2338 4449 τε
2381 4396 2489 4466 γὰρ
2536 4395 2766 4448 πλείστα
2830 4395 3091 4449 ἐπεκάλει
3121 4396 3300 4464 τούτῳ
3364 4398 3459 4449 καὶ
3512 4395 3581 4468 δὴ
3639 4398 3734 4451 καί⁵
3762 4395 3849 4466 τῆς

1975 4518 2071 4578 Du
2100 4514 2321 4596 Cangii
2355 4524 2545 4579 notae.

673 4647 786 4720 (89)
838 4643 1357 4715 ΜιχαὴλΓαϐρᾶς.
1408 4643 1663 4719 Nicetas,
1702 4641 1742 4696 l.
1772 4656 1824 4708 v,
1877 4657 1929 4697 n.
1988 4641 2040 4695 5.

596 4732 837 4780 stemma
870 4720 998 4773 Com
1007 4734 1133 4773 nen.

676 4790 786 4863 (90)
837 4789 1174 4863 Προκοπίρυ
1230 4786 1337 4841 τοῦ
1403 4786 1725 4863 μὰρξυρος.
1785 4784 1865 4863 A_n
1920 4782 2177 4863 Procopii

606 4854 898 4930 martyris,
919 4863 1074 4930 cujus
1097 4859 1292 4930 festum
1324 4854 1687 4930 aguntjGréegi
1716 4868 1779 4908 ac
1815 4854 1989 4930 Latini
2093 4854 2171 4930 id.

604 4925 775 4990 Julii?
811 4925 879 4985 At
910 4925 1031 4985 cum
1058 4931 1103 4985 is
1133 4930 1231 4983 sub
1274 4925 1603 4982 Diocletiano
1632 4925 1889 4981 (ἔξοδοι-θαι
1921 4925 1970 4979 in
2017 4926 2181 4981 Palat-

606 5006 747 5060 stina
807 5002 1122 5070 martyrium
1172 4999 1472 5068 pertulerit,
1523 4998 1737 5067 quando
1784 4997 1926 5070 illius
1976 5010 2174 5067 corpus

606 5075 829 5131 Naisnm
860 5068 1182 5127 translatum
1216 5073 1340 5123 inde
1377 5070 1560 5132 fuerit,
1594 5085 1775 5130 nemo,
1810 5068 2024 5134 Opinor,
2058 5079 2171 5120 tra-

610 5148 764 5202 didit.
788 5144 940 5199 IEdis
964 5144 1086 5197 divo
1108 5142 1192 5196 isti
1223 5141 1417 5193 dicata:
1450 5141 1501 5194 in
1534 5140 1927 5207 Peloponneso,
1954 5148 2011 5190 ttt
2034 5139 2174 5192 vide-

600 5228 717 5281 tur,
756 5215 998 5269 meminit
1050 5222 1238 5266 auctor
1274 5210 1403 5264 Viue
1451 5211 1509 5265 S.
1550 5210 1707 5263 Lucae
1736 5207 2003 5281 duuioris,
2034 5223 2085 5281 ς.
2116 5210 2170 5276 5,

613 5308 667 5345 ιι.
694 5277 783 5342 37.
820 5285 1034 5339 Exstitit
1061 5284 1164 5336 alia
1193 5291 1447 5351 pra-terea
1478 5284 1621 5351 mdes
1651 5285 1701 5335 d.
1735 5279 1981 5347 Procopii
2027 5277 2173 5333 Con-

612 5356 984 5424 stantinopoli,
1013 5371 1172 5423 quam
1193 5349 1489 5407 renovavit
1538 5349 1686 5406 Zeno
1730 5351 1975 5424 Isaurtts,
2001 5360 2175 5424 ut‘est

615 5446 668 5483 tn
700 5420 973 5483 Chronico
1023 5420 1406 5488 Alexandrino,
1444 5439 1505 5477 ac
1540 5424 1734 5476 deinde
1766 5421 2033 5474 AntOnina
2076 5420 2172 5475 Be-

604 5501 774 5555 lisarii
817 5512 952 5551 uxor
994 5497 1133 5567 apud
1178 5497 1497 5567 scriptorem
1543 5493 1796 5547 Ultronici
1841 5494 1992 5561 Lpol.
2053 5494 2175 5562 Agit

612 5573 774 5627 etiam
807 5568 873 5620 de
896 5565 1071 5621 hocce
1099 5565 1294 5634 templo
1323 5565 1536 5621 Suidas.
1563 5610 1573 5617 .

684 5642 797 5712 (91)
832 5638 945 5692 7Ὀῦ
990 5633 1290 5712 μάρτυρος
1314 5637 1649 5712 Δημητρίου
1679 5637 1860 5712 νεών,
1889 5636 2041 5712 Quod
2088 5633 2176 5688 hic

606 5706 843 5768 habetur
873 5710 1125 5776 templum
1151 5706 1213 5760 D.
1247 5707 1526 5769 Demetrii,
1566 5709 1773 5762 videtur
1810 5708 1938 5763 illud
1964 5719 2117 5770 .esse,
2145 5723 2171 5757 a

613 5799 717 5855 quo
744 5782 998 5852 oppidum
1030 5780 1090 5836 υ.
1130 5777 1386 5838 Demetrii
1427 5780 1492 5835 ad
1529 5778 1724 5835 Savum
1761 5794 1974 5836 amnem
2011 5777 2171 5832 situm

2112 4640 2176 4694 ν.
2213 4653 2258 4712 ι)
2288 4654 2483 4695 nomen
2537 4639 2789 4710 accepit,
2836 4640 2993 4712 hodie
3041 4639 3131 4712 S.
3165 4640 3404 4695 Demeter
3450 4639 3683 4706 dictum,
3720 4640 3850 4712 haud

2287 4711 2473 4781 procul
2502 4714 2568 4765 ab
2605 4710 2823 4780 antiquo
2848 4710 3067 4766 Sirmio.
3101 4711 3253 4777 Quod
3285 4724 3415 4766 vero
3450 4712 3706 4778 templum
3735 4711 3844 4763 illud

2287 4785 2339 4835 in
2392 4781 2591 4835 Sirmio
2637 4792 2847 4837 exstare
2900 4783 2975 4835 ait
3024 4782 3337 4845 Cinnamus,
3382 4781 3433 4834 id
3482 4782 3843 4851 accipiendum

2288 4861 2416 4921 puto
2448 4867 2546 4921 pro
2576 4851 2863 4907 Sirmicusi
2909 4868 3078 4920 agro:
3112 4868 3231 4905 nam
3277 4852 3502 4921 Σίρμιον
3532 4848 3640 4907 non
3693 4848 3839 4921 semel

2293 4919 2337 4976 is
2364 4919 2564 4977 dicitur
2594 4924 2766 4977 eidem
2798 4919 3075 4991 scriptori.
3111 4922 3302 4991 Oppidi
3338 4919 3465 4976 rete
3507 4923 3567 4976 S.
3598 4919 3843 4976 Demetrii

2286 4994 2533 5048 meminit
2566 4994 2844 5048 Bonlinius
2880 4995 3000 5047 dec.
3039 4994 3093 5055 5,
3126 4994 3159 5044 l.
3191 5008 3266 5057 tv,
3300 5001 3565 5049 extremo.

2356 5065 2468 5135 (92)
2516 5064 3159 5135 ἈδελφοῦνΣτεεράνου.
3190 5061 3497 5135 Jatnmodn
3532 5061 3849 5135 percipimus

2283 5132 2404 5203 quis
2453 5132 2621 5190 fuerit
2674 5132 2998 5203 Stephanus,
3057 5134 3209 5203 cujus
3260 5133 3402 5187 tilius
3445 5132 3611 5187 fuisse
3657 5134 3848 5186 dicitur

2284 5206 2413 5259 Liro
2439 5221 2527 5260 seu
2562 5208 2699 5269 Leo,
2735 5209 2939 5274 primus
2976 5207 3389 5274 Armeuiterex,
3423 5203 3474 5257 in
3506 5203 3657 5256 Bulla
3691 5215 3847 5274 aurea

2284 5291 2375 5329 seu
2412 5276 2712 5344 Diplomate
2736 5271 2829 5329 an.
2865 5275 3023 5341 12H),
3050 5277 3191 5345 quod
3226 5272 3462 5327 Matiosci
3490 5274 3541 5327 in
3577 5271 3850 5345 provincia

2285 5350 2423 5414 apud
2478 5348 2996 5410 llietosolvmitanos
3045 5344 3251 5415 equites
3284 5359 3619 5407 asservatur,
3662 5344 3711 5415 in
3747 5355 3853 5415 quo

2282 5416 2385 5470 Leo
2437 5418 2580 5482 ﬁlius
2616 5416 2819 5471 domini
2863 5413 3114 5482 Stephani
3175 5416 3322 5468 bona
3371 5415 3635 5468 memoria:
3676 5413 3769 5482 Dei
3798 5419 3846 5463 el

2281 5480 2485 5555 imperti
2540 5488 2767 5541 Romani
2800 5480 2970 5556 gratio
3011 5502 3099 5539 rex
3147 5485 3406 5539 Armenia:
3449 5480 3846 5556 dicitur._ll_iuc

2282 5551 2444 5612 etiam
2486 5569 2632 5629 patet
2694 5551 2909 5629 Leo—nisi
2944 5559 3111 5626 ipsius
3171 5556 3455 5629 Milonem,
3502 5556 3593 5623 qui
3648 5551 3844 5629 Turoso

2284 5630 2436 5683 fratri
2463 5622 2513 5685 in
2536 5631 2808 5683 Armenia;
2830 5622 3187 5698 principatum
3220 5622 3843 5698 successit,_avuuc_ulutn

2285 5709 2429 5754 recte
2476 5701 2730 5769 appellari
2778 5693 2846 5753 ab
2880 5693 3193 5753 Innocentio
3236 5696 3300 5748 Ill
3362 5710 3474 5769 pp.,
3500 5696 3535 5769 l.
3576 5709 3638 5760 lt,
3677 5693 3843 5769 Ερίβι-

2284 5791 2336 5845 p.
2372 5761 2865 5841 536.1"roiudequc
2916 5785 2945 5824 a
2995 5769 3317 5840 scriptorum
3362 5761 3673 5837 'plcrisque,
3722 5761 3846 5817 Viu-
