4026 6286
538 288 636 355 591

1824 272 2157 344 ΙΟΔΝΝΙΞ
2188 280 2513 343 CINNAMI

3664 275 3770 341 592

528 404 581 459 si
612 407 935 470 arrogasset,
966 397 1289 466 principatum
1322 393 1464 449 illius
1498 400 1874 461 argumentum
1903 389 2089 443 habere

2203 387 2395 444 οὐδένα
2422 391 2480 443 ιν
2529 389 2714 465 Ῥώμῃ
2747 394 3009 465 ἀρχιερέα
3038 392 3431 467 καθίστη,.άλλ⁹
3484 394 3772 447 ἑπισκοπι·

528 496 632 549 sibi
671 492 970 549 videbmur.
998 487 1197 545 Verum
1246 488 1333 543 ille
1369 486 1678 545 conciliatis
1718 483 2096 552 compluribus

525 582 1203 655 episcopis-quodcunque
1231 579 1354 633 novi
1383 566 1667 648 peregerat
1704 588 1799 645 per
1828 574 2091 644 synodum

526 675 834 729 conﬁrmari
865 673 1091 727 curavit.
1122 669 1180 725 id
1212 670 1426 739 regibus
1461 668 1671 723 eteteris
1698 666 1839 721 haud
1870 664 2094 735 placuit.

531 767 698 823 Nemo
732 776 907 820 tamen
937 764 1002 818 ad
1056 761 1409 817 resistendum
1456 757 1769 823 Frederico,
1810 756 1901 825 qui
1934 756 1999 809 ad
2043 753 2095 808 id

525 858 814 929 potestatis
848 867 909 912 et
952 855 1144 911 virium
1180 861 1521 923 pervenerat,
1568 851 1793 905 idoneus
1842 846 1943 901 fuit
1990 844 2093 900 nisi

515 956 838 1022 imperator.
871 947 958 1019 qui
993 946 1234 1016 pecuniis
1278 944 1592 1012 artibusque
1639 941 1762 997 aliis
1802 947 1856 996 et
1903 940 1955 994 in
1995 939 2097 993 hoc

525 1056 741 1113 quoque
770 1041 845 1095 illi
877 1039 1107 1102 obstitit,
1138 1046 1195 1091 et
1228 1034 1591 1091 Alexandrum
1631 1046 1816 1088 rursus
1850 1031 1905 1085 in
1947 1031 2097 1085 thro-

528 1152 654 1191 num
689 1132 961 1203 imposuit.
996 1130 1101 1187 Sed
1150 1129 1218 1184 de
1259 1129 1326 1183 iis
1369 1136 1584 1197 postea.
1615 1125 1922 1194 Chaluphes
1965 1134 2097 1176 vero

518 1242 648 1283 eum
681 1223 1031 1296 Epidamnum
1059 1219 1396 1282 accessisset,
1424 1217 1606 1273 relicta
1634 1214 1705 1270 ibi
1734 1214 1891 1269 sicuti
1921 1213 2093 1282 impe-

526 1328 700 1372 ratum
734 1326 853 1372 erat
886 1311 1077 1382 majori
1118 1308 1478 1380 pecuniarum
1528 1316 1714 1378 parte,
1744 1311 1958 1360 ventum
2006 1318 2096 1359 se-

515 1410 753 1465 cundum
788 1417 982 1477 nactus
1012 1403 1079 1459 ad
1117 1403 1347 1458 Venetos
1387 1401 1604 1469 navigio
1637 1397 1881 1468 pervenit
1910 1414 1925 1451 τ
1957 1407 2010 1451 et
2041 1396 2094 1451 in

519 1500 846 1569 colloquium
891 1496 1112 1551 veniens
1156 1509 1277 1547 cum
1313 1491 1548 1562 regionis
1579 1491 1713 1544 duce
1757 1489 1989 1558 aliisque
2040 1489 2095 1541 in

522 1594 625 1647 ista
670 1599 836 1661 gente
884 1586 1015 1642 viris
1064 1584 1386 1647 illustribus,
1440 1579 1746 1650 huiusmodi
1794 1580 2092 1634 orationem

2202 478 2314 533 κῶν
2340 481 2572 535 συνόδων
2594 484 2687 536 καὶ
2731 482 2824 537 τοῦ
2860 487 2999 540 κατὰ
3052 486 3140 558 [Ρ.
3199 486 3349 559 155.]
3413 486 3514 557 τὴν
3546 485 3776 553 Ῥώμην

2194 572 2584 642 ἀρχιερατικοῦ
2616 574 2792 629 ταῦτα
2824 578 3084 632 ἐτελεῖτο.
3131 577 3296 634 Ἀλλὰ
3340 577 3668 652 Φρεδερίκος
3693 578 3765 647 τῇ

2194 664 2601 738 αὐτοκράτορος
2634 668 2805 722 πάλαι
2851 672 3277 743 ὲποφθαλμίζων
3294 673 3458 743 ἀρχῇ,
3483 672 3578 725 καὶ
3607 668 3772 724 τοῦτο

2192 750 2257 824 δὴ
2282 754 2542 824 μέγιστον
2571 758 2741 829 αὐτῆς
2770 760 3058 833 γνώρισμα
3086 764 3549 837 ὐφαρπασάμενος
3585 764 3771 827 ἔδοξεν

2194 846 2361 918 ἔχειν.
2391 849 2451 903 '0
2468 849 2523 903 δὲ
2545 852 2642 906 καὶ
2671 853 2778 907 τῶν
2800 856 3116 910 ἐπισκόπων
3142 858 3614 929 ὑποποιησάμενος
3632 856 3773 910 πολ-

2194 940 2320 1005 λοὺς
2350 942 2454 996 ὑπὸ
2488 945 2875 1016 συνόδῳ*δῆθεν
2928 948 3175 1020 ἐκύρωσε
3223 951 3294 1006 τά
3351 949 3445 1005 τοῦ
3510 966 3774 1020 νεωτερι-

2196 1028 2360 1098 σμοῦ.
2395 1031 2567 1086 Τοῦτο
2599 1035 2726 1107 ῥηξὶ
2752 1038 2869 1103 τοῖς
2902 1039 3084 1105 ἀλλοις
3105 1039 3250 1109 εδοξε
3287 1040 3386 1113 μὲν
3410 1041 3513 1094 οὐκ
3546 1042 3778 1094 ἐπαινε-

2202 1122 2313 1190 τὸν,
2340 1124 2569 1197 ἐδυνήθη
2595 1126 2651 1182 δὲ
2688 1129 2867 1195 οὐδεὶς
2895 1133 3205 1207 Φρεδερίκῳ
3228 1134 3557 1205 ἀντιπρᾶξαι
3602 1133 3775 1189 δυνά-

2197 1227 2343 1280 μεως
2370 1212 2465 1266 ἐπὶ
2490 1214 2743 1270 πλεῖστον
2771 1216 2992 1290 ἥκοντι,
3024 1206 3105 1276 ὅτι
3127 1206 3214 1294 ’μὴ
3238 1222 3493 1295 βασιλεὺς
3516 1222 3619 1293 χρὴ
3627 1216 3776 1290 μασι

2193 1315 2253 1351 τε
2284 1301 2376 1354 καὶ
2409 1309 2687 1375 μηχαναῖς
2715 1309 2933 1379 ἑτέραις
2959 1312 3215 1383 ἐμποδὼν
3246 1312 3398 1386 αὑτῷ
3427 1317 3529 1370 κάν
3590 1312 3779 1382 τούτῳ

2194 1389 2435 1457 ἐγένετο,
2475 1395 2829 1471 Ἀλέξανδρον
2865 1403 2959 1456 ἐπὶ
3009 1403 3105 1459 τοῦ
3137 1403 3328 1477 θρόνου
3369 1406 3613 1468 εἰσαῦθις
3667 1421 3779 1457 κα-

2193 1484 2627 1555 ταστησάμενος.
2670 1484 2832 1546 Ἀλλά
2863 1493 3033 1547 ταῦτα
3066 1494 3168 1566 μὲν
3196 1496 3444 1568 ὕστερον.
3475 1497 3535 1551 '0
3563 1498 3619 1550 δὲ
3651 1498 3777 1550 Χα-

2192 1573 2419 1647 λούφης,
2458 1580 2647 1651 ἐπειδὴ
2676 1582 2817 1652 πρὸς
2888 1585 3199 1659 Ἐπιδάμνῳ
3256 1590 3491 1659 ἐγένετο,
3530 1588 3778 1643 ἐνταῦθα

519 1683 709 1741 habuit
740 1699 754 1737 :
791 1698 810 1733 ι
847 1678 1015 1734 Nemo
1048 1686 1284 1734 vestrum
1330 1675 1624 1737 existimet,
1656 1672 1777 1741 viri,
1817 1686 1924 1739 me,
1966 1673 2089 1741 quia

2196 1672 2676 1739 προστεταγμένον
2713 1673 2864 1745 αὖτῷ
2887 1676 2961 1729 τὰ
3000 1677 3174 1731 πλείω
3194 1678 3305 1732 τῶν
3358 1683 3655 1751 χρημάτων
3689 1680 3779 1732 λι-

515 1775 811 1832 metuimus
839 1787 907 1827 ne
933 1779 1111 1825 vestra
1162 1768 1383 1823 ﬂuctuet
1426 1779 1555 1837 erga
1592 1764 1893 1820 Romanum
1922 1763 2094 1832 impe-

514 1869 661 1925 rium
706 1863 1095 1928 benevolentia,
1129 1859 1251 1915 ideo
1280 1861 1385 1913 huc
1414 1856 1636 1913 missum
1669 1870 1791 1911 esse
1824 1853 1891 1909 ab
1926 1853 2096 1923 impe-

518 1968 727 2020 ratore,
759 1968 818 2011 ut
851 1954 1093 2009 labantes
1124 1962 1331 2005 vestros
1369 1949 1581 2004 animos
1623 1947 1828 2018 erigam
1870 1959 1933 1999 ae
1963 1958 2093 1998 coa-

520 2052 751 2104 ﬁrmem.
808 2044 992 2116 Neque
1030 2044 1181 2100 enim
1234 2042 1474 2097 futurum
1524 2039 1777 2102 arbitror,
1823 2037 1987 2107 230
2035 2043 2093 2090 ut

518 2155 613 2197 aut
636 2157 730 2197 vos
765 2140 864 2211 ipsi
894 2147 1003 2195 tam
1034 2136 1327 2207 degeneres
1355 2144 1409 2189 et
1439 2143 1613 2189 vestra
1656 2130 1905 2201 indignos
1934 2140 2093 2200 gente

512 2234 809 2307 praestetis,
837 2242 926 2287 aut
954 2231 1023 2286 ab
1046 2245 1110 2286 ea
1137 2244 1297 2299 quam
1329 2228 1397 2282 de
1420 2225 1569 2281 vobis
1610 2224 1817 2295 pridem
1842 2221 2092 2292 concepit

516 2330 773 2402 npinioue
821 2325 1032 2382 recedat
1095 2323 1409 2392 imperator.
1470 2316 1910 2386 Quandoquidem
1961 2327 2091 2369 vero

519 2425 659 2476 inter
691 2432 880 2474 omnes
922 2417 1011 2487 qui
1059 2415 1161 2470 sub
1206 2413 1350 2469 illius
1380 2420 1654 2481 potestate
1683 2417 1809 2463 sunt
1840 2406 2085 2479 populos,

519 2516 572 2570 in
607 2522 781 2569 vestra
821 2507 1191 2566 benevolentia
1222 2504 1560 2578 potissimam
1605 2500 1768 2557 habet
1810 2500 2084 2563 fiduciam,

511 2613 799 2678 capt-apter
823 2613 877 2659 et
897 2618 1046 2656 suam
1075 2599 1490 2655 sollicitudinem
1516 2590 1669 2651 vobis
1694 2594 1924 2666 primum
1956 2592 2089 2647 indi-

511 2714 642 2754 care
673 2707 835 2769 atque
862 2699 1141 2750 ostendere
1166 2692 1386 2770 statuit.
1406 2687 1582 2757 Turpe
1615 2687 1758 2743 enim
1784 2692 1869 2742 est
1897 2684 2087 2741 subdi-

511 2785 586 2839 tis
616 2784 831 2855 quidem
864 2781 940 2835 uti
984 2778 1254 2845 felicibus,
1284 2777 1577 2834 infelicium
1607 2791 1736 2830 vero
1760 2776 2085 2846 pos'thabere

510 2874 765 2930 salutem.
796 2868 873 2927 Ne
908 2870 1073 2940 igitur
1105 2867 1280 2934 vobis,
1315 2861 1375 2921 ut
1404 2875 1459 2923 et
1500 2867 1708 2922 eateris
1732 2866 1825 2937 qui
1855 2866 2086 2936 impera-

516 2967 653 3023 toris
682 2965 919 3021 amicitia
951 2989 1054 3018 Ituu
1090 2962 1366 3027 fruuntur,
1414 2963 1494 3017 vis
1523 2960 1699 3032 aliqua
1729 2976 1758 3015 a
1790 2959 2083 3016 Frederieo

2197 1756 2314 1809 πὼν
2341 1759 2505 1825 αὐτὸς
2530 1762 2626 1817 ἐπὶ
2656 1764 2988 1833 Οὐεννέτους
3015 1770 3209 1823 ναυσὶν
3258 1765 3391 1840 ἦλθε
3452 1770 3774 1842 πνεύματος

2193 1848 2459 1922 ἑπιφόρου
2489 1852 2690 1925 τυχὼν,
2717 1854 2793 1926 τῷ
2820 1857 2919 1929 τῆς
2946 1857 3132 1931 χώρας
3185 1876 3247 1913 τε
3291 1861 3445 1915 δουκὶ
3502 1862 3597 1915 καὶ
3652 1863 3778 1924 τοῖς

2188 1940 2375 2007 ἄλλοις
2412 1944 2521 1997 τῶν
2553 1948 2614 2034 εγ
2640 1946 2716 2019 τῷ
2752 1948 2897 2005 ἔθνει
2925 1951 3100 2024 τούτῳ
3143 1952 3386 2026 λογίμων
3435 1954 3515 2017 εἰς
3568 1952 3781 2022 λόγους

2192 2034 2368 2089 ἐλθὼν
2392 2036 2539 2103 ἔλεξε
2563 2040 2690 2094 τάδε
2723 2056 2740 2075 ο
2787 2062 2805 2095 ι
2826 2040 3037 2116 Μηδεὶς
3072 2047 3247 2118 ὑμῶν,
3310 2042 3356 2103 ὧ
3387 2050 3599 2122 ἄνδρες,
3632 2052 3779 2105 ὑπο-

2192 2126 2407 2184 λαϐέτω
2429 2130 2539 2186 δέει
2564 2132 2660 2189 τοῦ
2698 2135 2775 2208 μὴ
2801 2137 2867 2223 τὸ
2902 2139 2959 2202 ὲς
2979 2138 3078 2215 τὴν
3128 2140 3417 2213 Ῥωμαίων
3446 2142 3639 2198 εὔνουν
3671 2144 3779 2215 βα-

2204 2223 2419 2277 σιλείαν
2451 2229 2793 2298 προήσεσθαι
2826 2246 2957 2284 ποτε
2998 2231 3097 2305 τὴν
3156 2234 3427 2307 ὑμετέραν
3485 2234 3792 2307 ἀγχίνοιαν,

2193 2315 2329 2388 πρὸς
2366 2317 2633 2390 βασιλέως
2666 2316 2903 2378 ἐνταῦθά
2926 2340 2994 2395 με
3036 2326 3267 2397 ἀφῖχθαι
3347 2322 3677 2400 στηρίξαντα
3709 2327 3780 2381 τδ

2190 2407 2347 2477 ὑμῶν
2375 2408 2509 2474 ἴσως
2560 2410 2795 2477 ὀκλάζον
2822 2412 2926 2482 τῆς
2985 2413 3233 2487 γνώμης.
3283 2417 3377 2489 Μὴ
3429 2416 3539 2487 γὰρ
3590 2415 3779 2483 οὕτως

2187 2498 2343 2553 αὐτοί
2379 2518 2439 2553 τε
2464 2502 2709 2571 ἀγεννῶς
2746 2506 2843 2559 καὶ⁸
2909 2507 3144 2574 ἀναξίως
3204 2508 3298 2563 τοῦ
3377 2509 3534 2580 ὑμῶν
3583 2510 3777 2565 αὐτῶν

2188 2591 2407 2686 σχοίητε
2439 2594 2654 2662 γένους,
2699 2598 2795 2650 καί⁵
2826 2597 3087 2668 βασιλεὺς
3123 2601 3223 2672 τῆς
3252 2602 3383 2673 περὶ
3411 2603 3555 2673 ὑμᾶς
3595 2604 3773 2657 πάλαι

2176 2681 2478 2756 διαμάρτοι
2503 2685 2685 2758 δόξης.
2730 2689 2873 2745 Ἀλλ’
2896 2690 3086 2763 ἐπειδὴ
3106 2692 3216 2747 τῶν
3251 2693 3449 2763 ἄλλων,
3484 2694 3600 2748 ὅσοι
3661 2696 3772 2749 ὑπὸ

2186 2774 2285 2846 τὴν
2314 2774 2577 2849 παλάμην
2604 2780 2820 2868 τελοῦσι
2842 2782 2940 2854 τὴν
2958 2781 3144 2851 αὐτοῦ,
3162 2784 3291 2856 ὑμῖν
3312 2786 3551 2858 μάλιστα
3573 2789 3652 2849 είς
3676 2788 3772 2840 εὔ-

2184 2868 2542 2941 γνωμοσύνην
2599 2872 2956 2947 τεθαρρηκὼς
2982 2876 3090 2948 εἴη,
3128 2877 3356 2950 πρώτην
3384 2878 3474 2933 διὰ
3494 2878 3656 2934 τοῦτο
3678 2880 3764 2935 καὶ

2182 2961 2281 3035 τὴν
2293 2965 2457 3019 αὐτοῦ
2480 2968 2804 3038 κηδεμονίαν
2817 2970 3337 3041 ύμϊν’ὲπιδείξασθαι
3356 2971 3515 3043 ἔγνω.
3530 2974 3771 3046 Aiaxpr

514 3058 804 3121 inferatur,
845 3057 959 3111 viro
995 3054 1292 3126 imperandi
1345 3052 1634 3124 pereupido
1675 3061 1731 3107 et
1775 3067 1895 3123 quae
1944 3062 2081 3107 tem-

2190 3032 2287 3127 μεν
2308 3061 2415 3131 γὰρ
2434 3032 2668 3131 χρῆ-σθαι
2705 3064 2818 3129 τοῖς
2853 3032 3119 3134 ύπηκόοις
3139 3032 3494 3138 ενύημερούσι,
3521 3032 3771 3138 δυστῖρα-

514 3168 647 3225 pore
672 3162 729 3206 et
756 3148 913 3222 longa
942 3149 1257 3203 saeculorum
1282 3147 1669 3201 consuetudine
1696 3147 1928 3200 stabilita
1959 3154 2085 3201 sunt

506 3245 820 3302 convellere
866 3242 1011 3297 nullo
1055 3241 1241 3295 labore
1286 3249 1584 3309 satagentc,
1620 3254 1726 3305 me,
1762 3239 1837 3293 uti
1866 3239 2085 3309 videtis,

508 3337 582 3394 ad
631 3351 727 3390 vos
759 3335 926 3397 misit,
973 3333 1323 3402 prtebiturutn
1356 3331 1558 3393 omnia,
1597 3347 1713 3399 quae
1746 3333 1812 3386 ab
1841 3331 1958 3401 ipso
1986 3345 2084 3401 po-

510 3428 819 3501 posceritis.
857 3424 1040 3481 Nostis
1086 3426 1253 3490 enim,
1304 3431 1363 3477 ut
1394 3425 1684 3492 aliquando
1730 3420 1796 3478 ad
1827 3420 2087 3478 Mediola-

508 3537 667 3588 num,
699 3519 988 3589 adiuvante
1010 3518 1272 3587 principe,
1304 3516 1490 3584 pra-lio
1517 3530 1640 3571 eum
1666 3515 1956 3572 Frcderico
1979 3516 2085 3573 isto

506 3616 808 3672 commisso
834 3613 1069 3668 victores
1094 3610 1377 3665 evaseritis
1402 3626 1416 3664 :
1442 3610 1583 3664 unde
1613 3620 1667 3665 et
1705 3610 2085 3680 imperatorem

501 3722 737 3764 exosum
786 3706 969 3770 habet,
994 3736 999 3739 -
1024 3702 1337 3773 stolidique
1378 3702 1619 3757 conlisus
1652 3702 1932 3766 socordiae,
1973 3702 2086 3756 Ro-

508 3815 799 3858 manorum
830 3810 949 3855 sese
978 3797 1382 3867 imperatorem,
1411 3793 1557 3849 nullo
1587 3793 1711 3848 licet
1737 3795 1878 3863 jure,
1904 3793 2084 3849 vocari

508 3893 627 3950 vult
656 3892 948 3949 :ueseiens
991 3887 1453 3943 extraordinarios
1500 3885 1731 3942 fortunae
1778 3900 2083 3952 successus,

513 3997 634 4037 cum
669 3980 940 4037 soliditate
969 3979 1112 4034 nulla
1148 3977 1463 4041 iniciantur,
1498 3978 1605 4031 cito
1634 3975 1813 4032 solere
1845 3974 2086 4034 dilﬂuere

513 4087 568 4131 et
597 4088 943 4146 evanescere.
975 4071 1156 4140 Atque
1185 4085 1246 4126 ea
1274 4070 1860 4139 sunt-quorumgratia
1892 4071 1957 4125 a‘d
1989 4084 2083 4125 vos

514 4168 633 4223 veni
666 4182 681 4219 :
714 4173 951 4219 vestrum
981 4175 1157 4216 autem
1186 4160 1289 4216 erit
1323 4158 1411 4215 illa
1442 4161 1729 4225 coniicere,
1758 4176 1877 4231 quae
1916 4177 2085 4232 nuper

507 4273 609 4329 per
653 4257 856 4325 legatos
909 4270 1031 4309 eum
1085 4254 1409 4322 imperatore
1460 4252 1761 4323 pepigistis.
1815 4253 2086 4312 Dicebatis

2184 3155 2424 3221 γούντων
2463 3153 2518 3208 δὲ
2545 3154 3126 3229 ἀ[πο]προσποιεῖσθαι
3163 3160 3263 3230 τὴν
3293 3160 3591 3230 σωτηρίαν.
3637 3160 3761 3213 Ἵνα

2181 3244 2361 3297 τοίνυν
2396 3245 2471 3317 μὴ
2496 3248 2588 3300 καὶ
2624 3248 2751 3318 ὑμῖν
2779 3248 2875 3302 σὺν
2902 3248 3102 3315 ἄλλοις,
3122 3250 3267 3313 ὅσοις
3288 3252 3350 3305 ού
3375 3250 3476 3321 τῆς
3504 3250 3768 3321 βασιλέως

2188 3338 2444 3431 μέτεστιν
2486 3339 2801 3411 εὐμενείας,
2868 3341 3162 3413 βεϐιάσθαι
3217 3341 3371 3413 παρὰ
3436 3343 3761 3417 Φρεδερὶκου

2186 3428 2455 3504 συμϐαίη,
2523 3432 2719 3505 ἀνδρὸς
2778 3428 3179 3511 ὑπαφιλαρχίᾳ
3207 3435 3300 3488 καὶ
3342 3435 3409 3490 τὰ
3438 3435 3607 3506 χρόνῳ
3661 3437 3757 3489 καὶ

2182 3517 2297 3575 ἔθει
2324 3524 2714 3594 κεκρατηκότα
2752 3522 2951 3595 μακρῴ
2973 3522 3213 3577 διαλύειν
3256 3524 3405 3594 πόνῳ
3447 3524 3623 3578 οὐδενὶ
3670 3540 3763 3593 φι-

2183 3610 2578 3680 λονεικοῦντος,
2603 3614 2703 3685 ἐμὲ
2725 3616 2860 3686 παρ’
2877 3616 3021 3686 ὑμᾶς
3051 3616 3127 3681 ὡς
3151 3615 3314 3688 ὁρᾶτε
3343 3617 3560 3688 ἔπεμψε
3587 3618 3766 3672 πάντα

2172 3705 2560 3779 ’παρεξόμενον
2588 3708 2728 3762 ὅσων
2763 3707 2832 3763 ἂν
2863 3711 3048 3780 τυχεῖν
3079 3710 3395 3781 παράύτοῦ
3427 3711 3766 3781 δέησθε.Καὶ

2182 3798 2281 3869 τὴν
2317 3801 2372 3851 ὲν
2410 3798 2764 3887 Μεδιολάνοις
2795 3800 2905 3884 γάρ
2933 3790 3063 3856 ποτε
3090 3801 3353 3887 βασιλέως
3407 3803 3766 3873 συμπράξανσ

2182 3902 2276 3947 τος
2310 3887 2449 3957 πρὸς
2482 3884 2811 3957 Φρέδερῑκον
2836 3887 2987 3940 τόνδε
3016 3884 3340 3960 διαράμενοι
3410 3889 3595 3959 μάχην
3651 3890 3765 3943 tota

2182 3978 2507 4045 ὅπωςξαύτοῦ
2532 3982 2891 4052 ἐκρατήσατε.
2917 3980 3157 4037 Δι’ἃηκαὶ
3182 3982 3249 4036 δι’
3277 3982 3574 4053 ἀπεχθείας
3603 3984 3765 4051 αὐτὸς

2186 4072 2399 4142 βασιλεῖ
2421 4073 2674 4143 φέρεται,
2716 4075 2993 4157 ἀλογίστῳ
3039 4090 3100 4128 τε
3145 4075 3421 4129 πιστεύων
3482 4076 3763 4148 εὐπραγίᾳ

2184 4166 2276 4217 καὶ
2292 4165 2579 4236 Ῥωμαίων
2612 4162 2765 4220 οὗδὲν
2792 4166 3069 4239 προσῆκον
3091 4164 3453 4240 αὐτοκράτωρ
3464 4166 3761 4237 κεκλῆσθαι

2185 4258 2346 4323 ἀξιοῖ,
2370 4259 2471 4313 οὐκ
2500 4257 2659 4324 είδὼς
2695 4260 2769 4324 ὼς
2791 4260 2861 4314 τὰ
2892 4260 2994 4329 τῆς
3025 4260 3200 4332 τύχης
3231 4258 3519 4328 παράλογα
3549 4261 3647 4315 ἄιε
3668 4252 3764 4315 eius

507 4364 748 4419 namque
769 4347 1138 4419 adjungendas
1163 4345 1278 4400 fore
1300 4345 1505 4400 vicinas
1526 4343 1780 4417 Ligurum
1806 4345 2081 4408 civitates,

2189 4350 2275 4403 tn‘
2304 4352 2585 4421 ἀσφαλοῦς
2609 4352 2881 4424 βεϐηκότα
2902 4352 3001 4423 τῆς
3030 4352 3192 4424 ἔδρας
3238 4355 3385 4423 -ταχῦ
3458 4354 3765 4426 καταρρεῖν

508 4443 559 4497 si
589 4444 745 4495 modo
774 4441 969 4510 aliquis
1007 4430 1288 4509 Byzantio,
1320 4438 1412 4507 qui
1448 4438 1722 4494 vobiscum
1752 4453 1866 4493 rem
1892 4454 2081 4511 capes-

2184 4443 2369 4501 εἴωθε.
2402 4441 2480 4497 Δί’
2511 4444 2547 4501 ἃ
2574 4446 2671 4516 μὲν
2697 4441 2792 4500 οὖν
2814 4447 2975 4509 αὐτὸς
3032 4445 3116 4515 ἐφ’
3169 4446 3315 4516 ὑμᾶς
3357 4440 3542 4519 ἦλθον,
3593 4443 3763 4498 ταῦτα

513 4543 680 4603 seret,
709 4534 1026 4590 adventaret
1049 4549 1062 4586 :
1085 4533 1226 4602 quod
1257 4540 1311 4587 et
1342 4530 1541 4585 factum
1570 4540 1675 4596 est,
1704 4532 1777 4585 uti
1813 4532 2025 4587 videtis.
2058 4550 2079 4584 ι

2189 4539 2314 4591 είσι.
2351 4536 2597 4609 Μελήσει
2627 4537 2671 4591 δ’
2696 4537 2826 4608 ὑμῖν
2861 4539 2954 4591 ἐπὶ
2985 4538 3094 4590 τῶν
3150 4536 3327 4609 ἔργων
3358 4536 3605 4606 ἐξάγειν,
3665 4536 3764 4589 ὅσα

511 4629 639 4685 llzcc
673 4628 885 4699 quidem
930 4626 1065 4682 dixit
1106 4625 1455 4695 Nieephorus.
1486 4622 1870 4697 231’Veneti
1902 4638 2084 4680 autem

2193 4629 2343 4701 παρὰ
2393 4630 2625 4701 βασιλέα
2683 4630 3006 4701 πέμψαντες
3058 4630 3286 4701 ἔναγχος
3347 4628 3759 4700 διωμολογείτε.

510 4730 738 4791 excepta
783 4719 926 4775 illius
954 4719 1218 4781 Oratione,
1251 4718 1428 4772 omnia
1459 4732 1517 4772 se
1551 4728 1902 4773 eXseeuturos
1928 4716 2085 4787 polli-

2189 4723 2396 4792 Ἐφατε
2424 4722 2610 4777 τοίνυν
2646 4722 2748 4787 τὰς
2780 4724 3161 4794 ἀγχιγείτονας
3215 4724 3347 4794 ἡμῖν
3396 4722 3761 4795 παραστήσας

508 4814 603 4867 citi
630 4821 777 4867 sunt.
812 4809 917 4864 Sed
942 4808 1294 4865 etCremona
1338 4820 1392 4865 et
1420 4808 1719 4876 Patavium,
1753 4810 2086 4878 complures-

2189 4817 2312 4871 σθαι
2342 4815 2851 4887 πόλεις’Λιγούρων,
2873 4818 2923 4870 εί
2951 4818 3045 4871 καί
3068 4834 3149 4879 τις
3186 4818 3251 4870 ὲκ
3279 4814 3580 4882 Βυζαντίου
3600 4816 3763 4889 ἔργου

511 4918 617 4976 que
654 4905 772 4959 alia:
801 4904 852 4958 in
886 4902 1498 4975 Liguria-celeberrimae
1533 4902 1781 4958 civitates
1829 4905 2088 4974 principis

2189 4907 2594 4979 συλληψόμενος
2633 4908 2763 4977 ὑμῖν
2792 4907 2957 4963 ἔλθοι.
3010 4910 3075 4961 "0
3097 4907 3270 4980 δήκαὶ
3291 4907 3539 4977 γέγονεν,
3576 4905 3759 4975 ὥσπερ

514 5012 694 5072 partes
739 5010 864 5055 snnt
891 5001 1169 5070 amplexae.
1201 5001 1329 5055 Haec
1363 5000 1415 5055 lu
1457 4998 1611 5056 italia
1657 5002 1726 5057 ab
1761 5002 2087 5071 imperatore

2189 5001 2370 5072 ὁρᾶτε.
2412 5020 2433 5053 ι
2469 5000 2789 5071 Νικηφόρος
2829 5000 2927 5071 μὲν
2967 4999 3209 5054 τοσαῦτα
3243 4996 3423 5066 εἶπεν,
3477 5000 3757 5054 Ούὲννετοι

458 5164 461 5165 ν
511 5107 632 5151 aeta
682 5105 842 5157 sunt,
898 5110 1002 5148 non
1060 5105 1243 5164 aperte
1293 5095 1506 5165 quidem
1540 5112 1555 5151 :
1585 5111 1711 5150 nam
1764 5105 2084 5165 conceptum

2189 5097 2241 5151 δὲ
2266 5097 2391 5160 τοὺς
2431 5095 2622 5165 λόγους
2648 5093 3025 5165 εἰσδεξάμενοι
3063 5093 3286 5160 ἐπιτελῆ
3305 5094 3486 5147 πάντα
3515 5094 3757 5165 ποιήσειν

512 5190 769 5245 adversus
816 5187 1179 5243 ‘Frcdericutn
1250 5189 1429 5244 odium
1498 5198 1677 5261 tegere
1724 5189 1920 5245 adhuc
1982 5205 2079 5245 cu-

2189 5190 2508 5260 ὑπέσχοντο.
2538 5189 2646 5241 Καὶ
2705 5185 2771 5258 δὴ
2817 5187 3059 5257 Κρεμών
3107 5205 3164 5240 τε
3219 5189 3317 5242 καὶ
3367 5186 3621 5241 Παταὸία
3670 5186 3754 5239 κλὶ

510 5282 708 5355 piebat.
2188 5285 2438 5338 πλεῖσται
2465 5281 2623 5337 ἄλλαι
2651 5282 2757 5335 τῶν
2789 5281 2878 5354 [Ρ.
2904 5280 3045 5354 154]
3090 5285 3145 5335 ὲν
3192 5282 3482 5352 Λιγοὺροις
3529 5297 3747 5351 περιφλ-

511 5377 783 5432 νεστὰτων
820 5377 1030 5431 πόλεων
1093 5376 1304 5449 βασιλεῖ
1352 5380 1805 5451 προσεχώρησαν.
1884 5382 1973 5438 Ἐν
2027 5388 2127 5458 μὲν
2163 5387 2229 5458 δὴ
2276 5380 2475 5451 Ἰταλίᾳ
2530 5378 2702 5433 ταῦτα
2733 5379 2987 5450 βασιλεὺς
3028 5380 3325 5450 ἔπρασσεν,
3374 5376 3528 5431 οὓπω
3577 5379 3754 5448 μέντοι

510 5471 779 5543 ἐπιδήλως
809 5487 822 5502 ·
851 5473 911 5525 τὸ
944 5472 1052 5544 γὰρ
1109 5476 1164 5537 ἐς
1201 5475 1523 5545 Φρεδερίκον
1575 5474 1731 5544 ἔχθος
1788 5478 2180 5553 ἐγκρυφιάζειν
2217 5479 2531 5552 ἐτιῆθελεν.

581 5566 667 5620 l0.
719 5563 849 5618 Dum
905 5565 1021 5620 hac
1071 5579 1349 5635 geruntur,
1392 5566 1765 5637 llungarorum
1817 5587 1909 5627 rex
1962 5574 2076 5629 Sir-

2259 5570 2312 5629 t'.
2354 5572 2412 5625 '0
2440 5570 2497 5624 se
2528 5570 2640 5623 τῶν
2661 5569 2903 5623 Παιόνων
2939 5569 3041 5642 ρὴξ
3091 5568 3314 5640 Σίρμιόν
3339 5584 3400 5621 τε
3426 5563 3584 5631 αὖθις
3624 5567 3741 5620 Ῥω-

510 5659 673 5712 nium
706 5657 896 5711 iterum
934 5658 1187 5712 [tertianis
1215 5658 1504 5713 abstulerat
1533 5659 1739 5728 ipsique
1765 5664 2077 5719 imminebat

2189 5665 2368 5737 μαὶοις
2397 5662 2734 5733 ἀφελόμενος
2762 5662 2890 5733 ἔσχε
2919 5665 3015 5714 καὶ
3057 5661 3362 5731 Ζευγμίνου
3427 5657 3593 5713 αὐτοῦ
3654 5657 3746 5727 ηλῑη

511 5747 821 5816 Zcugminu.
869 5748 1022 5815 Quod
1055 5750 1143 5804 ubi
1187 5752 1396 5818 accepit
1446 5753 1718 5819 princeps,
1754 5757 1987 5824 scriptas
2020 5758 2069 5813 in

2190 5760 2552 5829 μετεποιεῖτο.
2588 5757 2774 5812 Ταῦτα
2798 5755 3101 5821 πυθόμενος
3133 5752 3390 5811 ϐασιλεὺς
3442 5746 3746 5805 ἐπέστειλεν
