4074 6286
269 384 368 449 593

1478 373 2025 440 HISTURIARUM
2065 372 2214 435 LIB.
2252 374 2324 434 ν.

3405 356 3518 425 524

264 494 408 564 αὐτῷ
434 492 633 548 τοιάδε*
667 513 685 545 ‹
721 494 796 547 Οὐ
823 492 1008 548 δίκαια
1031 492 1227 557 ποιεῖς,
1253 488 1298 548 ὧ
1328 492 1709 561 εὐγενέστατε,
1742 487 1837 555 δρ-
1866 535 1867 541 η

1970 500 2083 541 lant:
2112 485 2438 541 sententiam
2471 482 2680 538 litteras
2710 478 2776 535 ad
2812 478 2959 537 illum
2990 476 3157 537 misit.
3187 494 3205 528 ι
3237 474 3351 528 Non
3376 471 3527 540 Iuste

263 604 387 648 κους
411 586 714 655 ἀτιμάζων,
746 585 835 648 οὓς
859 586 1085 656 ἔναγχος
1106 586 1297 657 κράτει
1327 585 1402 654 τῷ
1434 581 1689 655 ἡμετέρῳ
1721 581 1845 651 Σιρ-

265 673 393 750 pido
420 697 481 732 τε
510 680 677 734 ἕνεκα
705 679 800 733 καὶ
821 678 928 732 τῶν
958 678 1132 735 ἄλλων
1156 676 1463 750 ὀμωμοκὼς
1497 674 1844 747 ἔφθης.”Ῑσθι

263 772 447 825 τοίνυν
476 772 578 842 (τὸ
611 771 720 842 γὰρ
746 770 1104 841 μακρολογεῖν
1143 771 1435 841 ὑποτέμνει
1465 770 1574 822 τῶν
1616 785 1699 822 σοι
1745 785 1844 819 πε-

266 862 609 934 πραγμένων
632 864 666 934 ἡ
690 860 975 934 ἐπίδειξις)
1001 862 1077 926 ὡς
1108 863 1158 916 εί
1186 861 1260 933 μὴ
1295 862 1488 915 θᾶττον
1501 854 1576 915 ὧν
1594 859 1745 913 οὐδέν
1765 875 1846 913 σοι

262 957 536 1027 προσήκει
555 955 897 1027 ἀπαλλαγῇς,
911 956 971 1011 ού
990 955 1120 1009 τόσα
1135 956 1353 1027 δράσεις
1369 955 1596 1025 Σίρμιον
1608 950 1844 1023 ἀφελὼν,

260 1049 479 1121 ὅσαπερ
503 1050 572 1103 ἂν
599 1048 799 1104 αὐτίκα
826 1049 1015 1120 πείσῃ,
1041 1048 1209 1103 ὂπότε
1247 1048 1511 1118 Ῥωμαῖοι
1544 1047 1725 1102 πᾶσαν
1755 1045 1850 1099 καὶ

263 1141 434 1196 πάλιν
460 1142 574 1203 τοῖς
602 1141 794 1207 ὅπλοις
814 1142 1158 1212 ἐπιτρέχοιεν
1182 1141 1281 1212 τὴν
1316 1141 1439 1212 σήν.
1480 1140 1551 1193 ’Ἡ
1574 1137 1768 1209 λέληθέ
1788 1156 1849 1192 σε

266 1232 490 1287 ὁπόσων
517 1232 755 1303 Ούννικὴ
785 1232 1065 1302 μυριάδων
1110 1231 1346 1302 ἐψίλωτο
1393 1231 1661 1302 πρότερον
1711 1229 1849 1301 πρὸς

268 1325 479 1395 πατρὸς
502 1324 595 1378 τοῦ
616 1324 711 1378 σοῦ
730 1328 798 1396 τῇ
823 1325 1112 1397 Ῥωμαίων
1140 1325 1644 1396 προσκεκρουκότος
1670 1324 1809 1395 ἀρχῇ
1834 1339 1849 1388 ;

278 1416 676 1473 Ἀλλ’ὲκείνων
734 1417 835 1486 μὲν
877 1420 909 1488 ἡ
954 1418 1064 1471 τῶν
1107 1418 1516 1488 πεπραγμένων
1587 1417 1851 1488 μετάνοια

269 1504 513 1578 σώτειρα
543 1508 742 1577 γέγονε
769 1508 1050 1579 φθάσασα.
1081 1508 1165 1563 σοὶ
1194 1510 1253 1564 δὲ
1275 1510 1377 1578 ὅρα
1430 1511 1503 1579 μή
1553 1526 1683 1563 ποτε
1732 1510 1853 1581 οὐχὶ

265 1596 364 1650 καὶ
404 1597 703 1669 μεταμέλῳ
738 1600 987 1668 γεγονότι
1011 1600 1200 1671 ὄνησις
1263 1600 1420 1655 ἔσται
1475 1600 1724 1672 οὐδεμία.
1780 1600 1854 1652 Τὸ

266 1688 382 1762 γὰρ
427 1692 529 1759 τῆς
590 1691 745 1764 δίκης
797 1693 951 1762 ξίφος
1012 1694 1104 1748 διὰ
1158 1694 1371 1748 πολλῶν
1433 1695 1534 1767 ἤδη
1585 1693 1857 1766 τεθηγμέ-

266 1794 366 1861 νον
387 1780 497 1853 (ὁὸ)
529 1778 618 1835 διὰ
650 1782 927 1839 τοσούτων
966 1784 1029 1856 δὴ
1054 1785 1151 1839 καὶ
1184 1786 1321 1857 πρὸς
1350 1786 1675 1856 ἀμϐλύτητα
1700 1784 1856 1856 στρέ-

271 1867 887 1938 φεσθαιπέφυκε.Καὶ
945 1872 1045 1925 οὐκ
1100 1874 1166 1929 ἄν
1239 1891 1324 1940 τις
1379 1872 1537 1947 οἶμαι
1592 1876 1858 1947 πρὸτερον

269 1959 535 2015 ἁπάντων
571 1961 671 2035 τὴν
701 1964 877 2034 τομὴν
921 1965 1271 2035 ἔκφεύξοιτο.
1313 1986 1333 2020 ι
1375 1966 1458 2021 Τὰ
1485 1967 1584 2038 μὲν
1638 1968 1702 2037 δὴ
1763 1965 1857 2021 τοῦ

273 2051 544 2123 βασιλέως
574 2053 632 2108 ἐν
651 2053 861 2118 τούτοις
889 2050 1029 2127 ἦσαν
1051 2071 1065 2085 ⁸
1096 2055 1367 2127 Στέφανος
1393 2057 1449 2110 δὲ
1488 2058 1549 2111 ἐν
1598 2057 1863 2129 ὀλιγωρία

269 2146 405 2210 τοὺς
433 2144 631 2216 λόγους
661 2147 988 2220 ποιούμενος
1017 2151 1112 2204 ἐπὶ
1140 2152 1257 2216 τοῖς
1312 2152 1499 2214 αὐτοῖς
1559 2150 1656 2204 καὶ
1696 2151 1862 2206 πάλιν

267 2231 363 2309 ἦν.
387 2237 480 2291 Διὸ
501 2236 566 2309 δὴ
581 2238 678 2292 καὶ
710 2240 846 2293 πᾶσι
874 2240 1097 2308 τρόποις
1127 2240 1221 2294 ἐπὶ
1247 2241 1339 2294 τὸν
1357 2239 1480 2294 κατ’
1511 2239 1673 2293 αύτοῦ
1704 2239 1865 2293 πόλεο

278 2347 382 2399 μον
413 2332 440 2385 ὁ
468 2329 728 2401 βασιλεὺς
762 2332 1015 2402 ἔϐλεψεν,
1037 2333 1314 2403 Στέφανόν
1344 2351 1405 2387 τε
1432 2336 1523 2388 τὸν
1559 2331 1864 2404 πατρὰδιελ⁴

280 2418 486 2487 φον.ού
542 2419 812 2491 πρότερον
873 2420 1035 2474 τοῦτο
1128 2420 1549 2494 βεϐουλημένος,
1619 2424 1713 2475 ἐπὶ
1762 2422 1862 2489 τὴν

284 2507 459 2580 ἀρχὴν
487 2506 649 2574 αὖθις
674 2509 943 2583 καθιστᾷν
976 2512 1159 2584 ἤθελε.
1200 2513 1311 2567 Καὶ
1348 2513 1414 2585 δὴ
1455 2514 1713 2582 Μανουὴλ
1746 2513 1866 2583 μὲν.

286 2595 348 2659 ὃς
376 2598 431 2660 ἐς
458 2597 781 2668 Κομνηνοὺς
810 2598 872 2651 τὸ
896 2599 1054 2667 γένος
1112 2601 1400 2673 ἀνέφερεν,
1452 2604 1533 2666 είς
1624 2601 1686 2655 τὸ
1760 2601 1868 2655 τῶν

290 2688 695 2760 Ταυροσκυθῶν
714 2690 942 2761 ἀφίκετο
963 2691 1139 2757 ἔθνος,
1160 2694 1466 2765 ὁμολογιῶν
1494 2694 1589 2749 τὸν
1625 2694 1870 2764 ἄρχοντα

284 2782 438 2851 σφῶν
456 2784 785 2854 ἀναμνήσων
810 2784 877 2851 ἃς
904 2786 1204 2859 διωμότους
1232 2789 1334 2860 ἢδη
1357 2787 1434 2859 τῷ
1456 2787 1666 2861 βασιλεῖ
1699 2789 1873 2858 ἔθετο,

278 2876 603 2947 πρὸςδὲκαὶ
636 2878 736 2949 τὴν
756 2878 892 2951 πρὸς
918 2878 1287 2951 Ἰερόσολαδον
1327 2880 1441 2953 (95)
1482 2881 1575 2935 τὸν
1610 2880 1873 2952 παλίτζης

275 2965 692 3038 ἡγεμονεύοντα
744 2966 928 3040 φιλίαν
979 2969 1129 3040 αύτῷ
1176 2969 1526 3027 διονειδίσων.
1569 2969 1876 3042 Ἱερόσθλα-

283 3056 511 3134 ὖοςγὰρ
563 3060 637 3116 τά
686 3077 747 3114 τε
769 3060 906 3117 ἄλλα
962 3063 1020 3127 ἔς
1080 3061 1388 3133 Ῥωμαίους
1412 3063 1875 3134 παρασπονδήσας

1946 577 2083 645 agis,
2121 576 2202 630 vir
2241 574 2597 639 nobilissime,
2629 572 2759 627 dum
2798 576 3146 633 sacramenta.
3186 575 3519 635 quenuper

1947 671 2014 725 de
2067 668 2267 730 Sirmio
2301 666 2532 737 aliisque
2573 664 2706 721 locis
2756 662 3027 732 maiestati
3080 666 3279 721 nostra
3326 651 3521 721 dedisti

1948 757 2221 829 infringis.
2271 757 2425 815 Scias
2479 755 2645 828 igitur
2689 752 2941 827 (longiori
2991 749 3137 811 enim
3187 758 3251 815 te
3280 745 3526 801 detinere

1947 849 2194 907 oratione
2232 850 2520 921 prohibent
2551 863 2671 918 quae
2715 862 2745 907 a
2791 856 2860 901 te.
2876 853 2995 900 acta
3045 840 3195 911 sunt)
3227 836 3377 910 quod
3418 834 3522 897 nisi

1948 943 2123 1014 primo
2145 956 2361 1013 quoque
2382 954 2620 1011 tempore
2642 940 2710 995 ab
2732 938 2797 994 iis
2820 952 2941 1009 qua:
2972 937 3045 994 tui
3076 950 3180 990 non
3212 941 3338 1003 sunt
3360 929 3522 1001 juris,

1949 1036 2201 1100 decedas,
2221 1052 2327 1091 non
2353 1043 2501 1097 tanta
2526 1045 2575 1089 te
2597 1033 2916 1095 el'fecturum
2943 1028 3201 1089 Sirmium
3224 1021 3523 1095 eripienda,

1950 1138 2155 1196 quanta
2201 1126 2487 1182 confestim
2542 1138 2803 1196 passurus
2840 1137 2921 1182 es.
2961 1134 3086 1178 eum
3132 1127 3253 1173 tuos
3288 1112 3527 1171 vicissim

1954 1216 2086 1271 lines
2118 1214 2263 1271 ferro
2307 1226 2359 1270 et
2410 1215 2808 1269 incursionibus
2845 1212 3134 1265 vastabunt
3164 1205 3415 1263 iionmni.
3445 1206 3526 1259 An

1954 1319 2005 1364 te
2032 1308 2170 1378 fugit
2198 1314 2330 1378 quot
2357 1308 2482 1362 olim
2516 1308 2742 1362 millium
2770 1309 3041 1377 iacturam
3078 1304 3312 1375 primum
3342 1299 3530 1356 fecerit
3577 1293 3579 1295 ’

1955 1400 2266 1472 liungaria,
2316 1415 2438 1455 cum
2498 1412 2653 1470 pater
2704 1410 2825 1459 tuus
2881 1397 3182 1451 Romanum
3240 1390 3524 1463 imperium

1954 1490 2300 1551 oﬂ‘eudisset?
2330 1494 2422 1547 sed
2459 1492 2600 1545 enim
2642 1492 2830 1545 borum
2864 1488 3181 1543 delictorum
3210 1482 3528 1557 poenitentia

1955 1586 2207 1642 salutaris
2233 1586 2332 1658 ipsi
2363 1585 2479 1640 fuit.
2499 1586 2579 1640 Tu
2617 1600 2744 1640 vero
2776 1582 2917 1647 vide,
2950 1596 3015 1635 ne
3041 1590 3092 1637 et
3117 1580 3380 1650 pmnitere
3410 1591 3532 1648 pcr-

1958 1677 2083 1732 inde
2108 1676 2202 1733 tibi
2252 1676 2440 1731 inutile
2466 1676 2534 1730 sit
2556 1687 2612 1729 et
2637 1672 3055 1729 infructuosum.
3076 1670 3311 1726 Justitiae
3336 1667 3533 1738 quippe

1960 1770 2166 1840 gladius
2216 1768 2464 1837 quamvis
2527 1766 2846 1838 jamdudum
2905 1774 3204 1830 exacutus,
3261 1764 3364 1817 hoc
3422 1776 3533 1815 uno

1963 1862 2195 1917 maxime
2228 1862 2389 1917 modo
2420 1861 2746 1932 quandoque
2776 1858 2844 1913 ad
2875 1856 3248 1912 bebetudinem
3278 1853 3415 1910 solet
3446 1867 3533 1907 re—

1958 1956 2095 2010 dire.
2131 1953 2301 2010 Secus
2344 1953 2491 2009 haud
2542 1953 2657 2009 scio
2707 1967 2774 2006 an
2808 1950 3096 2021 quisquam
3140 1947 3382 2004 omnium
3416 1948 3561 2017 ejus,

1960 2050 2132 2105 aciem
2181 2046 2457 2117 elingui-it.
2494 2065 2513 2100 ι
2545 2045 2694 2102 Talis
2738 2052 2895 2099 erant
2943 2040 3242 2113 argumenti
3276 2037 3536 2111 principis

1961 2145 2152 2199 littcrm
2180 2161 2195 2199 :
2227 2141 2422 2212 quibus
2466 2138 2722 2210 neglectis
2755 2136 3064 2207 Stephanus
3112 2127 3384 2206 prioribus
3415 2148 3532 2188 rur-

1962 2252 2079 2290 sum
2109 2235 2394 2289 insistebat
2416 2232 2679 2288 consiliis.
2702 2229 2864 2301 232
2888 2229 3226 2298 Quapropter
3248 2227 3313 2283 ad
3338 2226 3535 2283 bellum

1966 2329 2037 2383 illi
2076 2327 2413 2383 inferendum
2461 2335 2604 2380 totus
2654 2324 2896 2379 incubuit
2943 2322 3238 2391 imperator
3282 2329 3359 2385 et,
3392 2319 3535 2389 quod

1967 2419 2117 2489 prius
2154 2418 2422 2483 noluerat,
2456 2416 2790 2486 Stephanum
2825 2423 3075 2485 patruum
3110 2415 3301 2475 iterum
3348 2413 3400 2466 in
3449 2426 3538 2466 re-

1968 2502 2132 2582 gnum
2165 2512 2456 2566 restituere
2502 2509 2761 2565 decrevit.
2799 2507 2904 2563 Sed
2956 2519 3003 2559 ct
3044 2505 3254 2572 Manuel
3301 2505 3539 2575 quidem,

1970 2606 2061 2676 qui
2109 2621 2138 2662 a
2176 2604 2468 2661 Comuenis
2506 2618 2678 2675 genus
2714 2602 2999 2666 referebat,
3046 2600 3112 2656 ad
3149 2598 3542 2670 Tauroscytha~

1974 2714 2090 2756 rum
2114 2708 2327 2772 gentem
2352 2697 2614 2768 perrexit,
2641 2705 2699 2750 ut
2723 2704 3001 2765 pactorum
3040 2708 3158 2763 qure
3188 2691 3543 2748 sacramentis

1973 2809 2094 2849 cum
2128 2793 2451 2861 imperatore
2492 2787 2795 2845 sauciverat
2827 2787 3138 2854 memoriam
3182 2785 3255 2839 illi
3290 2785 3545 2854 princeps

1976 2892 2257 2943 revocaret
2293 2905 2305 2939 :
2336 2882 2559 2950 insuper
2588 2881 2749 2936 etiam
2783 2894 2911 2950 erga
2947 2877 3279 2933 Hieroslaum
3325 2875 3547 2929 Galitrze

1979 2978 2275 3048 principem
2302 2974 2597 3033 amicitiam
2631 2971 2733 3042 ipsi
2761 2961 3204 3040 exprobrattirus.
3243 2968 3547 3023 Hieroslaua

1978 3073 2143 3137 enim,
2174 3086 2296 3125 cum
2322 3078 2377 3124 et
2402 3067 2504 3123 alia
2526 3066 2692 3121 multa
2721 3066 2774 3121 in
2802 3063 3075 3120 Romanos
3099 3072 3294 3132 prazter
3331 3062 3548 3116 fmderis

278 3149 466 3223 ιτυχε,
493 3151 589 3206 καὶ
619 3151 686 3247 δη
710 3154 805 3208 καὶ
844 3154 1206 3224 Ἀνδρόνικον,
1241 3146 1305 3209 οὗ
1336 3153 1505 3209 πολὺν
1525 3154 1626 3227 ἤδη
1682 3155 1867 3227 ἐποιη.

1980 3166 2127 3237 leges
2175 3163 2422 3227 fecisset,
2459 3169 2570 3216 tum
2620 3165 2675 3215 et
2716 3157 3128 3222 Andronicum,
3179 3156 3246 3209 de
3294 3169 3399 3225 quo
3434 3153 3546 3224 jam

280 3244 505 3314 σάμεθα
528 3232 711 3313 λόγον,
740 3246 840 3317 τῆς
862 3246 919 3300 ὲν
944 3246 1198 3316 παλατίῳ
1262 3248 1508 3318 φρουρᾶς
1539 3247 1872 3319 ἀποδράντα,

282 3333 421 3389 ινθα
475 3334 738 3407 ἐνναέτης
780 3333 935 3408 οἶμαι
986 3338 1301 3409 καθεῖρκτο,
1373 3338 1668 3411 προσιόντα
1728 3340 1878 3411 αὐτῷ

282 3424 511 3491 ἐδέξατο
532 3426 628 3481 καὶ
668 3428 1075 3512 φιλοφροσύνης
1118 3428 1372 3498 ἠξίωσεν.
1432 3428 1622 3492 Ὅπως
1672 3429 1728 3483 δὲ
1761 3429 1880 3484 ’Δν-
1928 3474 1933 3479 «

276 3518 522 3591 δρονίκῳ
537 3519 605 3574 τὰ
651 3518 745 3573 τοῦ
779 3518 1029 3592 δρασμοῦ
1077 3521 1303 3590 γέγονεν
1332 3520 1458 3595 ἄρτι
1486 3522 1729 3593 δηλώσω.

362 3707 459 3759 ια’.
486 3695 661 3766 Οὗτος
688 3701 785 3757 καὶ
806 3702 997 3785 eum
1028 3704 1130 3774 μὲν
1147 3703 1249 3776 ἥδη
1274 3703 1457 3760 λαθὼν
1492 3704 1754 3777 δαιμονίῳ
1771 3711 1880 3765 τινὶ

282 3792 488 3866 τρόπῳ
514 3793 614 3863 τὴν
634 3792 861 3866 εἱρκτὴν
889 3793 1214 3864 ύπερεξέδυ,
1249 3794 1387 3849 ἀλλὰ
1414 3795 1476 3849 τὸ
1495 3797 1695 3869 χρῆναι
1719 3794 1876 3867 οἶμαι

291 3887 396 3941 καὶ
417 3886 589 3940 είσέτι
641 3887 740 3951 τὰς
787 3886 899 3940 τῶν
933 3888 1342 3958 πεπραγμένων
1372 3888 1596 3961 ὑπέχειν
1643 3891 1879 3955 εὐθύνας

290 3983 379 4045 είς
412 3984 607 4055 χεῖρας
639 3979 799 4048 αὖθις
832 3984 948 4048 τοῖς
966 3983 1192 4055 ζητοῦσι
1216 3985 1363 4055 πόνῳ
1385 3983 1563 4039 οὐδενὶ
1589 3984 1682 4040 τὸν
1710 4002 1879 4040 κακο-

290 4074 528 4143 δαίμονα
556 4075 747 4136 ξτίθει.
779 4075 891 4132 Καί
917 4076 1052 4138 ποτέ
1080 4093 1216 4146 φασι
1269 4077 1606 4149 Σαγγαρὲως
1635 4079 1764 4149 ἄχρι
1784 4096 1880 4133 πο-

289 4166 475 4237 ταμοῦ
505 4166 770 4237 γεγονὼς,
794 4167 895 4239 τῆς
918 4167 983 4224 ὲκ
1018 4168 1115 4223 τοῦ
1144 4168 1353 4241 ψύχους
1411 4169 1663 4242 ἀνάγκης
1723 4171 1877 4225 ἐπει-

292 4254 528 4328 γούσης,
556 4255 837 4328 δωμάτιόν
855 4274 910 4313 τι
937 4258 1472 4331 ὕπῆλθσλυπρὸνκαὶ
1502 4260 1621 4329 ἃμα
1651 4261 1875 4335 ἔκδηλος

293 4351 413 4413 τοῖς
436 4349 568 4422 τῇδε
612 4349 928 4423 ἀνθρώποις
956 4352 1023 4407 ὲκ
1044 4353 1138 4408 τοῦ
1174 4356 1454 4425 σχήματος
1504 4354 1744 4423 ἐγένετο.
1778 4357 1879 4409 Σε-

293 4440 498 4512 σύσητο
547 4442 659 4513 γὰρ
705 4442 796 4497 ἀεὶ
853 4443 1016 4514 φύσει
1048 4446 1143 4499 καὶ
1179 4444 1263 4519 [Ρ.
1302 4446 1426 4520 155]
1472 4448 1674 4521 γοργόν
1708 4452 1877 4503 τικαι

1983 3256 2213 3328 plurima
2262 3252 2831 3317 commemoravimus,
2886 3265 2917 3306 e
2966 3262 3185 3304 carcere
3235 3246 3440 3316 palatii,
3492 3245 3546 3300 in

1980 3363 2088 3421 quo
2116 3347 2227 3419 jam
2274 3362 2490 3411 novem,
2533 3352 2591 3398 ut
2639 3343 2823 3407 credo,
2850 3342 3098 3397 detentus
3143 3355 3312 3395 annos
3349 3336 3549 3404 fuerat,

1981 3442 2262 3515 profugum
2297 3450 2347 3495 et
2393 3441 2461 3495 ad
2503 3454 2563 3493 se
2614 3438 2914 3492 venientem
2964 3435 3191 3491 comiter
3236 3445 3547 3502 exceperat.

1981 3537 2093 3601 Qua
2123 3550 2249 3590 vero
2278 3536 2488 3589 ratione
2523 3530 2771 3602 emtgerit
2796 3528 3157 3596 Andronicus,
3202 3541 3345 3582 nunc
3391 3540 3554 3595 expc-

1981 3626 2148 3680 diam.

2057 3719 2140 3773 lt.
2169 3716 2265 3772 ille
2298 3731 2404 3771 non
2441 3713 2606 3770 semel
2645 3713 2780 3767 miro
2811 3709 3043 3782 quodam
3093 3707 3250 3763 modo
3275 3722 3305 3761 e
3335 3718 3554 3760 carcere

1978 3810 2088 3883 jam
2120 3818 2394 3865 evaserat.
2439 3806 2544 3863 Sed
2585 3806 2726 3875 quod
2754 3802 3036 3872 Oportebat
3066 3816 3211 3865 eum,
3248 3810 3299 3855 ut
3338 3797 3549 3869 opinor,

1982 3902 2234 3971 deinceps
2268 3900 2538 3955 sustinere
2566 3897 2865 3954 facinorum
2895 3898 3105 3966 pcehas,
3139 3894 3191 3947 in
3220 3906 3552 3963 persequen-

1983 3998 2339 4050 tinmmanus
2372 3994 2533 4047 miser
2562 3989 2710 4044 nullo
2738 3987 2953 4056 negotio
2983 4000 3193 4041 rursum
3223 3985 3385 4040 venit.
3411 3983 3548 4039 Cum

1980 4088 2292 4155 aliquamlo.
2320 4096 2373 4141 ut
2426 4086 2599 4149 aiunt,
2638 4084 2705 4139 ad
2754 4079 3075 4152 Sangarium
3117 4094 3286 4150 usque
3332 4077 3549 4133 ﬂuvium

1979 4180 2335 4253 pervenisset,
2386 4178 2434 4233 vi
2487 4176 2706 4248 frigoris
2755 4176 2978 4231 adactus
3025 4185 3236 4245 agreste
3286 4172 3551 4243 quoddam

1980 4273 2146 4327 subiit
2179 4271 2449 4342 tugurium
2501 4280 2556 4325 et
2604 4269 2864 4324 continuo
2893 4268 2959 4323 ab
2993 4266 3187 4321 incolis
3215 4280 3279 4318 cx
3314 4264 3556 4333 corporis

1982 4365 2152 4420 forma
2203 4363 2304 4419 fuit
2338 4364 2573 4433 agnitus.
2625 4361 2825 4416 Natura
2873 4361 3015 4416 enim
3052 4358 3373 4415 concitatior
3414 4368 3552 4423 erat,

1980 4457 2208 4526 visuque
2240 4456 2349 4510 acri
2387 4470 2449 4509 ac
2480 4453 2725 4519 volubili,
2758 4453 2921 4508 animi
2952 4448 3147 4522 quippe
3181 4448 3555 4505 all‘eetionihus

293 4534 553 4608 ὲντρεχὲς
579 4534 834 4603 ῑδλιπεν,
863 4535 941 4601 ὡς
974 4538 1042 4593 ἂν
1066 4536 1222 4610 οίμαι
1255 4541 1363 4595 τῶν
1428 4541 1676 4612 ψυχικῶν
1728 4543 1867 4615 αὐτῷ

1984 4552 2321 4607 extrinsecus
2371 4546 2532 4601 etiam
2583 4546 2987 4616 apparentibus.
3022 4543 3121 4611 Qui
3158 4558 3288 4614 ergo
3324 4542 3556 4597 circum-

298 4631 625 4701 κινημάτων
658 4629 1009 4702 ικδυομένων
1035 4632 1138 4705 ἤδη
1168 4635 1389 4698 καύτςίς
1454 4636 1636 4700 ἐκτός.
1709 4638 1875 4711 Περι-

305 4718 536 4783 στάντες
559 4719 743 4776 τοίνυν
769 4721 936 4776 αύτδν
966 4724 1017 4778 oi
1043 4724 1347 4797 ἀγροιῶται
1378 4725 1551 4780 mila
1581 4728 1876 4798 ἀναινόμε-

299 4828 393 4867 νον
481 4812 561 4878 ὡς
612 4813 715 4869 οὐκ
756 4814 1098 4888 Ἀνδρόνικός
1190 4835 1249 4871 τε
1312 4818 1395 4890 είη
1467 4821 1877 4893 ἰσχυριζόμενον

299 4901 507 4974 ἔδησάν
534 4921 598 4959 τε
628 4908 724 4961 καὶ
756 4909 815 4971 ὲς
842 4906 1141 4973 Βυζάντιον
1174 4911 1401 4978 ἄγοντες
1425 4908 1609 4983 ἦλθον,
1639 4912 1796 4979 αὖθίς
1817 4933 1877 4969 τε

298 4994 373 5049 τὰ
408 4996 571 5053 κλοιὰ
595 4999 785 5054 καὶτὸ
813 5002 1089 5071 δωμάτιον
1134 5004 1296 5059 αὐτὸν
1346 5004 1510 5078 εῖχεν.
1577 5007 1737 5063 Ἀλλὰ
1794 5024 1883 5062 τε-

1984 4644 2203 4699 stabant
2237 4640 2421 4695 rustici
2466 4638 2690 4693 multum
2729 4640 3049 4693 renitentem
3092 4651 3257 4705 seque
3285 4633 3555 4688 Androni-

1985 4751 2105 4793 cum
2141 4749 2263 4789 esse
2316 4740 2697 4804 pcrncgantcm
2750 4732 2985 4785 vinclum
3034 4730 3209 4782 denuo
3239 4726 3553 4799 Byzantium

1986 4827 2146 4899 233
2182 4826 2464 4887 reduxere,
2509 4824 2596 4878 ubi
2631 4821 2826 4878 iterum
2858 4820 3209 4891 compedibus
3240 4826 3292 4874 ct
3340 4831 3559 4873 carcere

1990 4920 2248 4974 multatus
2274 4928 2379 4973 est.
2413 4916 2493 4971 Ad
2525 4916 2772 4970 ultimum
2824 4928 2948 4968 vero
2990 4924 3277 4981 expressas
3327 4908 3380 4963 in
3431 4923 3555 4962 cera

1990 5010 2169 5065 claves
2202 5007 2272 5065 ad
2301 5007 2581 5078 coniugem
2614 5005 2888 5075 liliumque
2923 5001 3111 5066 mittit,
3143 5000 3233 5074 qui
3265 5008 3318 5054 et
3344 4997 3464 5054 aliis
3488 4995 3558 5053 ad

1677 5169 1771 5232 Du
1809 5137 2025 5250 Cangii
2057 5175 2248 5233 notua.

572 5259 1015 5342 Ἰερόιζθλαϐον.
1087 5264 1422 5323 Iiieroslaum
1483 5267 1879 5342 Viadimeriin

310 5330 536 5414 ﬁalittaa
565 5333 1340 5414 principatu;successorem.
1371 5354 1423 5393 ν.
1459 5355 1619 5407 supra
1644 5356 1692 5408 p.
1748 5341 1778 5414 i
1788 5341 1809 5414 -Ι
1823 5343 1877 5397 5.

312 5401 541 5473 Excepit
565 5402 651 5458 ille
675 5401 1044 5461 Andronicum
1068 5406 1402 5465 Comnenum
1431 5427 1463 5466 e
1512 5401 1733 5469 carcere
1760 5412 1877 5469 Ha-

1991 5270 2166 5328 nuelis
2199 5269 2506 5341 profugum.
2556 5269 2755 5341 Eadem
2786 5267 2898 5341 fere
2925 5281 3044 5335 qua:
3076 5265 3370 5341 Cinnamus
3398 5262 3560 5317 habet

1985 5343 2055 5399 de
2086 5337 2388 5398 Andronici
2418 5340 2541 5410 fuga
2570 5337 2810 5405 Nicetas,
2840 5338 2875 5391 Ι.
2910 5353 2984 5403 tv,
3032 5354 3084 5391 ο.
3122 5338 3172 5390 1.

1585 5528 1869 5592 Cornelii
1896 5526 2092 5592 Tollii
2126 5533 2314 5590 noue.

385 5624 494 5700 (Ιώ)
540 5624 614 5700 Τὸ
640 5626 757 5700 γὰρ
804 5627 913 5697 τῆς
936 5629 1110 5698 δίκης
1133 5630 1310 5700 ξίφος
1344 5630 1446 5685 διὰ
1484 5628 1734 5686 πολλῶν
1765 5630 1882 5699 ἤδη

313 5694 1016 5766 τεθηγμένονίδουιέηιίδ
1048 5694 1167 5756 est:
1197 5694 1451 5757 'Justilia:
1480 5702 1594 5756 sive
1631 5694 1883 5757 vindictae

315 5764 527 5833 gladius
544 5764 858 5837 jamdudum
886 5781 1172 5837 exacutus,
1202 5774 1305 5827 hoc
1324 5788 1430 5827 uno
1456 5772 1880 5835 tnaxintemodo,

319 5836 639 5910 tempestiva
672 5839 933 5896 nimirum
970 5836 1184 5899 reorum
1223 5842 1562 5906 ooettitentia,
1594 5856 1755 5906 quam
1793 5858 1885 5899 oa-

1991 5638 2074 5685 ter
2109 5638 2230 5683 tuus
2257 5628 2517 5688 ostendit,
2582 5633 2862 5695 postquam
2922 5620 3207 5695 imperium
3247 5617 3551 5695 Romanum

1991 5698 2327 5762 olTendisset,
2369 5688 2693 5768 quandoque
2721 5688 2799 5750 ὀι
2831 5688 3135 5768 hebescere
3151 5692 3361 5768 iterum
3397 5688 3554 5768 solet.

1992 5760 2401 5826 Ohslinatorutn
2450 5760 2630 5821 autem
2694 5766 2936 5819 omnium
2991 5773 3046 5817 ct
3092 5762 3372 5817 rebellium
3418 5760 3557 5816 hami

1992 5840 2107 5897 scio
2148 5855 2214 5895 an
2258 5838 2543 5897 unisuuam
2595 5852 2904 5893 mucronem
2936 5837 3050 5896 eius
3080 5834 3345 5894 eduxerit.
