4026 6286
555 392 662 458 595

1861 405 2181 469 JOANNIS
2214 410 2538 478 CINNAMI

3706 415 3809 482 596

554 510 653 563 hoc
699 512 875 581 ipsum
928 514 1222 582 assumptis
1253 512 1507 579 consciis,
1538 528 1603 569 ex
1656 514 1803 572 l‘erro
1857 517 2126 575 confectas

2237 527 2483 584 λευταῖον
2518 528 2676 601 κηρῷ
2700 529 2797 595 τὰς
2836 530 3054 596 κλεῖδας
3110 530 3432 604 μεταλαϐὼν
3486 529 3545 594 ἐς
3600 546 3662 583 τε
3706 527 3809 597 τὴν

550 605 617 658 ad
647 619 768 661 eum
802 606 1103 663 remittunt.
1140 607 1210 663 lis
1237 607 1475 676 acceptis
1503 611 1686 667 statim
1727 620 1851 683 post
1882 611 2033 677 solis,
2069 622 2129 669 ut

549 695 723 764 aiunt,
767 713 1040 765 occasum,
1090 700 1231 770 quod
1285 709 1495 770 tempus
1544 702 1611 758 ad
1664 702 1714 758 id
1761 706 2125 774 peragendum

534 788 875 855 praefinitum
922 791 1120 858 fuerat,
1157 794 1444 849 observata
1473 797 1759 852 custodum
1800 798 2065 863 absentia,
2099 813 2131 852 ο

547 895 767 937 Carcere
793 884 986 938 evasit.
1018 884 1115 941 Est
1154 901 1281 940 vero
1311 887 1577 955 quoddam
1610 888 1938 942 domicilium
1974 905 2127 943 muro

547 970 884 1041 adiunctum,
913 977 965 1030 in
991 968 1100 1047 quo
1126 972 1535 1034 custodiebatur
1564 996 1577 1033 :
1606 980 1716 1044 ubi,
1742 989 1927 1048 utpote
1952 981 2127 1036 rarius

548 1064 863 1120 conculcata
894 1076 1056 1135 terra,
1083 1070 1265 1125 herba:
1288 1070 1485 1142 aliquae
1512 1082 1704 1142 sponte
1730 1071 1889 1128 altius
1913 1088 2126 1129 succre-

548 1168 759 1224 verant,
790 1158 841 1213 in
871 1175 1005 1229 quas
1026 1176 1146 1217 cum
1175 1162 1389 1232 elapsus
1415 1178 1473 1219 se
1501 1166 1814 1234 recepisset,
1846 1175 2128 1222 contracto

546 1265 707 1318 quam
742 1252 974 1307 maxime
1009 1247 1237 1323 corpore
1283 1255 1482 1324 leporis
1511 1257 1686 1313 instar
1728 1257 1955 1313 delituit.
1991 1256 2124 1311 Cum

545 1357 677 1411 ergo
715 1358 820 1398 nox
867 1344 973 1414 iam
1023 1346 1255 1413 adesset,
1292 1357 1611 1421 tempusque
1655 1365 1765 1420 quo
1795 1350 1885 1419 qui
1918 1349 2127 1419 vigilias

544 1445 611 1485 ex
652 1446 803 1488 more
851 1437 1074 1503 obeunt,
1122 1438 1397 1494 custodias
1438 1439 1670 1495 lustrare
1700 1440 1893 1505 solent,
1933 1454 2124 1511 proce-

544 1522 682 1581 dens
711 1525 778 1591 is,
812 1529 893 1583 cui
942 1529 1260 1584 demandata
1292 1531 1360 1584 ab
1392 1531 1718 1601 imperatore
1761 1533 1903 1588 illius
1948 1543 2127 1589 custo-

547 1614 726 1671 diendi
760 1632 884 1672 cura
920 1618 1117 1684 fuerat,
1148 1620 1398 1691 vigilibus
1443 1623 1657 1695 positis,
1710 1626 1957 1695 serisque
1992 1640 2124 1680 con-

546 1709 742 1775 cussis,
784 1712 925 1780 quod
962 1712 1189 1784 singulis
1234 1716 1420 1771 diebus
1467 1717 1781 1787 priusquam
1835 1718 2126 1772 dormitum

546 1802 873 1858 concederet
905 1803 1087 1861 facere
1118 1806 1347 1873 solebat,
1383 1808 1683 1879 exploravit
1718 1826 1784 1864 an
1818 1810 1978 1865 etiam
2023 1812 2120 1864 ati-

546 1894 675 1964 quid
718 1895 804 1951 ille
849 1897 974 1953 mali
1014 1910 1159 1955 esset
1189 1903 1553 1957 machinatus.
1583 1902 1686 1958 Sed
1719 1913 1776 1958 ut
1804 1920 1865 1960 ea
1909 1908 2129 1960 omnino

549 1987 736 2051 procul
785 1989 852 2043 ab
886 1991 1033 2046 omni
1086 1993 1209 2049 dolo
1247 2009 1368 2050 esse
1418 1996 1670 2061 advertit,
1709 1996 1833 2052 inde
1877 2013 2130 2070 egressus

546 2094 738 2132 somno
768 2097 827 2138 se
863 2083 1087 2141 daturus
1138 2085 1684 2145 abiit.'Audronicus
1730 2090 1875 2145 enim
1924 2091 2129 2146 veritus

546 2185 615 2224 ne
654 2173 698 2225 si
737 2168 946 2241 portam
995 2176 1307 2233 offendisset
1339 2191 1581 2249 apertam
1616 2180 1819 2237 Cladon
1859 2183 1935 2255 (id
1982 2184 2127 2238 enim

546 2264 749 2319 homini
805 2283 999 2323 nomen
1049 2272 1186 2342 erat)
1238 2273 1496 2329 continuo
1546 2275 1925 2347 insequeretur
1963 2288 2019 2332 et
2070 2292 2130 2333 se

544 2361 907 2439 perquireret,
944 2363 1032 2416 illa
1072 2364 1264 2420 iterant
1298 2365 1482 2421 clausa
1513 2375 1568 2423 et
1599 2369 1850 2425 obserata
1898 2372 2125 2425 absces~

547 2462 711 2506 serat.
742 2452 861 2508 Mox
890 2455 1205 2527 intempesta
1231 2457 1341 2525 jam
1380 2467 1539 2515 nocte
1576 2461 1642 2515 ad
1672 2471 1910 2517 extrema
1952 2464 2129 2517 domi-

548 2543 656 2597 cilii
690 2545 844 2600 istius
871 2545 1033 2618 234
1061 2549 1226 2613 venit,
1255 2564 1357 2617 qua
1405 2560 1558 2618 parte
1592 2566 1745 2605 muro
1778 2552 1981 2607 insistit
2018 2570 2125 2608 non

544 2636 764 2707 quidem
803 2643 1015 2695 excelso
1050 2643 1292 2707 omnino,
1325 2659 1422 2698 nec
1464 2655 1641 2698 tamen
1685 2654 1890 2700 tantum
1925 2664 1951 2699 a
1992 2649 2125 2701 ntari

548 2740 780 2797 remoto,
810 2731 938 2801 quin
972 2732 1099 2787 illud
1128 2736 1301 2791 ventis
1330 2737 1659 2793 australibus
1691 2740 1951 2809 agitatum
1986 2755 2127 2809 saepe

547 2841 670 2879 eum
697 2826 854 2881 undis
882 2825 1243 2900 ﬂuctibusque
1284 2830 1395 2885 suis
1437 2831 1634 2899 pulset.
1665 2831 1779 2886 lloc
1813 2831 1903 2887 ille
1926 2832 1982 2887 in
2011 2833 2126 2887 loco

548 2933 787 2987 appenso
821 2917 945 2974 fune
970 2937 1140 2990 eoque
1181 2922 1520 2990 apprehenso
1547 2924 1600 2978 in
1635 2924 1784 2979 littus
1811 2940 1929 2982 sese
1956 2926 2131 2981 demi.

548 3014 641 3067 sit.
677 3012 751 3067 Ibi
786 3023 939 3068 torvo
980 3015 1125 3068 vultu
1178 3014 1323 3069 illum
1361 3018 1639 3087 excipiens
1688 3018 1962 3089 paulisper
2010 3018 2123 3075 for-

548 3115 701 3172 tuna,
750 3106 992 3161 arridere
1025 3108 1241 3161 demum
1290 3118 1344 3162 et
1393 3110 1547 3180 quasi
1589 3109 1932 3167 manifestius
1959 3111 2126 3167 collu-

2231 627 2473 692 γυναῖκα
2504 627 2600 680 καὶ
2629 625 2721 680 τὸν
2761 626 2877 682 υίδν
2902 627 3173 699 ἐπεμψεν.
3209 628 3275 683 Οἱ
3295 628 3354 682 δὲ
3379 624 3646 681 συνειδόσι
3669 621 3810 688 πρὸς

2227 719 2390 772 τοῦτο
2422 719 2518 773 καὶ
2540 720 2719 783 ἄλλοις
2746 722 3085 792 χρησάμενοι
3125 722 3347 790 σιδήρου
3378 718 3585 781 ταύτας
3614 717 3807 786 εἰργα-

2235 810 2416 880 σμένοι
2436 810 2689 882 ἔπεμψαν
2714 808 2871 877 αὖθις
2890 813 3056 884 αὐτῷ.
3076 813 3136 867 '0
3157 811 3214 865 δὲ
3244 810 3427 880 ἐπειδὴ
3452 809 3657 870 ταύτας
3686 806 3815 861 ἕλα-

2228 900 2341 968 6εν,
2372 904 2496 975 ἄρτι
2526 904 2833 969 δεδυκότος,
2870 904 3059 975 φασὶν,
3088 905 3263 974 ἡλίου,
3300 902 3424 958 καθ’
3455 900 3513 955 ὃν
3537 900 3817 967 ξυνέκειτο

2227 994 2401 1050 ταῦτα
2418 996 2633 1067 καιρὸν,
2661 997 2895 1068 ἐρημίαν
2933 996 3040 1055 τῶν
3070 996 3328 1067 φυλάκων
3361 995 3606 1065 τηρήσας
3629 991 3815 1075 ἐξῄει.

2232 1090 2391 1144 Ἐστι
2447 1091 2504 1144 δέ
2536 1108 2619 1154 τις
2662 1084 2848 1155 αὔλιος
2888 1092 3146 1163 ἐχόμενος
3175 1089 3269 1145 τοῦ
3299 1089 3524 1161 τειχίου,
3579 1087 3637 1141 ἐν
3675 1078 3720 1153 ᾧ
3749 1083 3819 1154 δὴ

2229 1182 2543 1252 καθεῖρκτο.
2584 1182 2754 1236 Ἔνθα
2781 1184 2877 1238 ἆτε
2916 1184 3074 1254 ὀλίγα
3105 1182 3448 1252 πατουμένου
3506 1178 3601 1234 τοῦ
3629 1178 3831 1251 χώρου

2232 1269 2451 1340 βοτάναι
2481 1272 2626 1333 τινὲς
2657 1270 2955 1342 αὐτόματοι
2984 1270 3252 1341 φυόμεναι
3282 1269 3376 1321 ἐπὶ
3425 1269 3680 1322 πλεῖστον
3716 1267 3820 1319 ἀν-

2230 1366 2455 1435 έτρεχον
2488 1365 2681 1435 μῆκος.
2702 1363 2973 1418 Ἐνταῦθα
3005 1364 3300 1435 ἐκδραμὼν
3327 1361 3423 1415 ἇτε
3438 1359 3623 1427 λαγὼς
3640 1358 3825 1427 ὲκριῑ-“

2228 1456 2367 1525 ψατο
2393 1454 2451 1509 τὺ
2481 1454 2640 1526 σῶμα
2666 1453 2947 1516 συστείλας
2978 1453 3075 1509 ἐπὶ
3107 1451 3303 1524 βραχύ.
3323 1449 3476 1502 Ἐπεὶ
3494 1448 3551 1501 δὲ
3579 1446 3678 1514 νὺξ
3710 1445 3817 1518 ήδη

2229 1544 2297 1621 ἦν
2328 1549 2422 1602 καὶ
2446 1547 2551 1601 ἔδει
2572 1548 2699 1611 τοὺς
2730 1546 2790 1612 ἐξ
2806 1546 2959 1606 ἔθους
2991 1545 3143 1617 αὐτῷ
3215 1541 3816 1611 νυκτοφυλακήσοντας

2233 1641 2661 1716 περιστήσεσθαι
2690 1641 2790 1714 τὴν
2834 1628 3101 1713 φρουρὰν,
3130 1637 3371 1711 προσιὼν
3391 1638 3419 1689 δ
3452 1635 3553 1706 τὴν
3578 1634 3832 1705 τήρησιν

2200 1728 2203 1731 λ
2233 1740 2370 1809 πρὸς
2402 1737 2670 1809 βασιλέως
2702 1733 3185 1805 ἐπιτετραμμένος
3226 1734 3328 1803 τὴν
3377 1721 3693 1791 ἀὐτοῦ’τάς
3749 1736 3835 1778 τε’

2236 1832 2486 1901 φυλακὰς
2525 1830 2715 1885 ἔταττε
2750 1817 2844 1882 καὶ
2871 1830 2940 1882 τὰ
2992 1827 3220 1897 κλεῖθρα
3299 1822 3593 1883 ἀνασείων,
3676 1819 3835 1889 ὅπερ

2233 1925 2475 1992 ἑκάστης
2508 1906 2658 1993 ατῦτῷ
2686 1922 2779 1974 ἐπὶ
2815 1920 2968 1991 ὕπνῳ
3008 1917 3281 1991 χωροῦντι
3319 1916 3526 1969 εἴθιστο
3576 1911 3821 1983 ἡμέρας,

2232 2018 2495 2089 ἐπειρᾶτο
2517 2018 2565 2070 εί
2602 2016 2676 2085 μή
2703 2034 2756 2069 τι
2785 2013 3196 2084 κακουργηθείη
3228 2011 3455 2081 γνῶναι.
3489 2007 3575 2071 Ὧς
3599 2004 3658 2083 δέ
3674 1998 3835 2057 πανέ

2232 2108 2469 2161 τάπασιν
2502 2104 2936 2160 ἁνεπιῦούλευτα
2971 2101 3147 2158 ταῦτα
3177 2101 3341 2168 ἔγνω,
3398 2094 3577 2151 ἀπιὼν
3608 2092 3672 2148 τὸ
3700 2092 3833 2145 λοι-⁸

2232 2196 2334 2252 πὸν
2363 2200 2419 2260 ἐς
2446 2195 2614 2251 ὕπνον
2639 2195 2996 2265 κατέδαρθεν.
3048 2192 3392 2260 Ἀνδρόνικος
3464 2187 3573 2257 γὰρ
3627 2184 3823 2246 δείσας

2235 2288 2309 2360 μὴ
2343 2288 2752 2359 ἀνακεκλιμένη
2777 2289 2842 2358 τῇ
2904 2285 3050 2357 πύλῃ
3115 2281 3427 2353 περιτυχὼν
3502 2280 3531 2331 ὁ
3585 2275 3824 2331 Κλάδων

2232 2381 2414 2454 (τοῦτο
2440 2382 2549 2452 γὰρ
2573 2381 2867 2448 ἐπίκλησις
2898 2379 3077 2452 ἔκειτο
3105 2377 3183 2449 τῷ
3223 2375 3405 2446 ἀνδρὶ)
3437 2372 3572 2442 ταχὺ
3629 2371 3691 2432 ἐς
3714 2369 3825 2438 τὴν

2230 2477 2463 2548 ζήτησιν
2496 2475 2595 2547 τὴν
2632 2474 2799 2530 αὑτοῦ
2823 2474 3151 2543 κατασταίη,
3174 2467 3332 2533 αὖθις
3365 2466 3534 2535 αὐτὴν
3598 2463 3829 2525 ἐπιθεὶς

2232 2570 2675 2639 ἀσφαλισάμενος
2703 2587 2759 2621 τε
2791 2566 3164 2640 ἀνεχώρησεν,
3198 2563 3386 2634 ἐπειδή
3420 2579 3479 2615 τε
3532 2557 3679 2630 ἀωρὶ
3701 2554 3833 2609 τῶν

2230 2665 2439 2719 νυκτῶν
2467 2647 2569 2734 ἠδη
2602 2663 2819 2729 ἐγένετο
2881 2662 2980 2715 ἐπὶ
3040 2660 3108 2715 τὰ
3168 2658 3373 2728 ἔσχατα
3435 2658 3537 2723 τῆς
3619 2647 3818 2706 αὐλίου

2232 2758 2428 2825 ἐλθὼν,
2453 2751 2514 2813 οὗ
2556 2760 2619 2830 δὴ
2642 2757 2991 2812 τελευτῶσαν
3032 2755 3209 2827 αὐτὴν
3270 2751 3477 2823 τειχίον
3507 2745 3814 2817 ὑπερείδει,

2233 2856 2509 2927 μετέωρον
2587 2853 2688 2923 μὲν
2762 2852 2823 2905 οὐ
2887 2852 3029 2906 πάνυ
3080 2867 3133 2903 τι
3197 2847 3257 2901 ὃν
3332 2844 3574 2913 τοσούτῳ
3621 2840 3684 2895 δὲ
3716 2838 3810 2907 τῆς

2230 2948 2404 3017 ὑγρᾶς
2435 2948 2712 3014 ἀφεστὼς,
2750 2946 2860 3015 ὅσῳ
2890 2943 3168 3013 πνεύματι
3202 2936 3636 3009 θυρ.ομαχοῦσαν
3662 2947 3802 3025 νοτε-

2231 3046 2355 3111 ραῖς
2376 3039 2510 3094 αὐτὸ
2534 3038 2792 3101 πολλάκις
2813 3034 3205 3110 ἐπιρραπίζειν
3244 3030 3552 3102 παλάμαις.
3595 3023 3813 3079 Ἐντέῖιο

2230 3134 2320 3188 θεν
2348 3132 2615 3187 καλώδιόν
2646 3151 2699 3186 τι
2737 3133 2937 3203 ἐξῆπτε
2976 3129 3271 3199 λαϐόμενός
3302 3143 3363 3180 τε
3390 3122 3559 3178 αὐτοῦ
3590 3120 3817 3175 καθεῖτο

550 3203 676 3253 dere
715 3202 825 3253 visa
858 3211 960 3255 est.
995 3200 1220 3267 Quidam
1267 3204 1410 3258 enim
1462 3203 1529 3259 de
1568 3204 1747 3273 palatii
1796 3206 2126 3261 excubitori-

2230 3228 2312 3290 εἰς
2340 3226 2439 3297 τὴν
2495 3226 2691 3294 ἀκτήν.
2752 3200 2922 3279 Ἔνθα
2984 3225 3081 3278 καὶ
3136 3222 3303 3276 πάλιν
3354 3216 3638 3289 βλοσυροῖς
3700 3211 3821 3297 τοῖς

548 3290 671 3348 bus.
705 3290 793 3359 qui
826 3305 1041 3359 semper
1071 3293 1386 3362 permutatis
1415 3310 1479 3348 ex
1518 3310 1665 3350 more
1697 3296 1904 3352 vicibus
1938 3298 2127 3352 statio-

550 3398 646 3434 nus
679 3383 731 3434 in
765 3383 1007 3438 turribus
1042 3395 1240 3452 tenent,
1269 3396 1473 3441 certum
1509 3387 1727 3457 aliquod
1754 3388 1858 3443 sibi
1892 3388 2125 3446 invicem

548 3472 1196 3542 incl.nn:mtesverbum,
1230 3478 1310 3533 sic
1360 3479 1569 3547 vigilias
1617 3494 1745 3536 suas
1797 3480 2016 3548 obeunt,
2069 3490 2130 3536 ut

548 3565 699 3618 illum
749 3567 899 3628 vidit,
937 3569 1200 3623 accedens
1245 3570 1367 3637 quis
1414 3581 1557 3626 esset
1609 3582 1992 3641 percunctatus
2022 3582 2125 3629 est.

548 3653 641 3709 llle
675 3674 833 3711 unum
865 3673 925 3712 se
950 3674 1013 3712 ex
1052 3660 1244 3714 vinctis
1270 3675 1390 3716 esse
1430 3662 1587 3727 dixit,
1618 3664 1707 3732 qui
1741 3662 1793 3717 in
1828 3664 2027 3732 palatio
2059 3664 2129 3719 ob

550 3766 624 3804 ars
654 3751 883 3805 alicntnu
922 3769 947 3805 a
984 3755 1144 3824 Papia
1189 3755 1575 3810 detinebantur
1599 3766 1653 3812 et
1690 3774 1703 3811 :
1741 3776 1758 3810 ι
1793 3759 1848 3813 Si
1884 3776 1967 3815 me
1995 3760 2129 3815 sinis

549 3845 719 3912 abire,
751 3846 940 3916 inquit,
972 3847 1083 3903 haec
1110 3849 1206 3905 tibi
1236 3867 1265 3903 a
1298 3866 1381 3906 me
1410 3852 1582 3917 gratia
1616 3853 1905 3920 referetur;
1942 3872 1960 3905 ι
1996 3870 2125 3909 con-

551 3942 812 4010 tinuoque
846 3943 987 4012 quod
1019 3943 1229 4012 pectori
1260 3940 1553 4014 appensum
1585 3952 1829 4016 gestabat
1857 3948 2125 4019 phylacte-

550 4043 686 4095 rium
739 4044 989 4098 eductum
1039 4044 1294 4100 ostendit.
1327 4044 1378 4099 Is
1428 4060 1553 4099 vero
1599 4053 1740 4113 (erat
1775 4050 1916 4101 enim
1970 4049 2128 4101 homo

550 4138 781 4206 agrestis
823 4147 876 4192 et
914 4139 1005 4207 qui
1054 4154 1173 4192 cum
1207 4148 1522 4208 paupertate
1555 4150 1816 4209 perpetuo
1863 4140 2128 4195 collucta-

552 4229 752 4298 batur),
786 4229 943 4283 simul
976 4241 1138 4298 atque
1178 4229 1321 4285 illius
1350 4231 1537 4286 oeulos
1564 4247 1753 4285 aurum
1788 4233 2125 4303 perstrinxit,

554 4335 618 4375 eo
654 4330 894 4391 accepto,
926 4324 1295 4378 Andronicum
1350 4324 1498 4378 abire
1546 4340 1740 4394 passus
1772 4336 1877 4380 cst.
1917 4325 2128 4396 Scapha

553 4414 792 4480 interim,
828 4431 949 4486 quze
989 4416 1128 4470 haud
1172 4419 1356 4486 procul
1402 4419 1609 4484 aberat,
1659 4418 1804 4473 illum
1837 4427 2127 4489 exceptura

552 4509 821 4573 accessit,
869 4523 973 4578 qua
1021 4523 1317 4564 conscensa
1368 4510 1583 4565 domum
1636 4511 1836 4567 relatus
1898 4523 2001 4571 est.
2053 4512 2126 4567 lbi

2228 3293 2548 3387 προσῶποις
2579 3315 2914 3383 δεδεξαμὲνη
2950 3312 3146 3367 τοῦτον
3176 3312 3211 3381 ή
3268 3308 3406 3380 τύχη
3474 3303 3647 3377 βραχὺ
3688 3293 3820 3352 εἶτα

2229 3406 2593 3479 προσεμειδία
2628 3406 2724 3459 καὶ
2756 3408 2938 3459 ἀνεῖτο
2958 3403 3096 3475 πρὸς
3110 3402 3293 3475 χάριν,
3318 3393 3664 3471 θρυπτομένη
3683 3404 3820 3450 πως

2229 3502 2326 3556 καὶ
2348 3500 2624 3571 διαφανῶς
2660 3500 2951 3563 παίζουσα.
2983 3497 3105 3550 Τῶν
3156 3499 3261 3567 γάρ
3308 3513 3393 3560 τις
3448 3494 3508 3546 ἐν
3562 3482 3819 3553 παλατίῳ

2234 3595 2517 3666 φυλάκων,
2554 3594 2711 3662 οἵπερ
2753 3592 2811 3656 ἐξ
2848 3591 3003 3655 ἔθους
3036 3591 3123 3645 ἀεὶ
3162 3589 3581 3659 διεσκίηνημένοι
3610 3580 3827 3649 κὰθηνέ

2227 3704 2323 3740 ται
2350 3686 2491 3757 ὑπὲρ
2512 3684 2623 3739 τῶν
2648 3684 2874 3756 πύργων
2910 3683 2975 3736 ἐκ
3015 3680 3358 3752 περιτροπῆς
3382 3767 3391 3769 Α
3412 3693 3557 3769 τινος
3607 3669 3823 3769 emam-

2233 3776 2492 3839 ύσσοντές
2520 3793 2579 3827 τε
2601 3773 2852 3842 ἀλλήλοις
2878 3773 2973 3827 καὶ
3012 3772 3213 3826 τακτὸν
3250 3770 3277 3823 ὃ
3296 3786 3350 3822 τι
3375 3767 3440 3837 δὴ
3471 3767 3827 3833 ἐπιψωνοῠνέ

2230 3886 2320 3931 τες
2355 3867 2622 3939 ῥημάτιον
2651 3865 2793 3919 οὕτω
2820 3883 2878 3917 τε
2915 3864 3264 3937 ἐγρηγόρασι
3307 3860 3567 3933 μάλιστα,
3617 3850 3825 3922 ἐπειδὴ

2230 3964 2420 4018 τοῦτον
2461 3959 2592 4027 είδε,
2619 3958 2864 4030 προσιὼν
2891 3959 3039 4022 ὅστις
3106 3958 3237 4010 ποτὲ
3288 3956 3372 4025 εῐη
3421 3947 3828 4006 διεπυνθάνετο

2231 4058 2501 4111 ἀνειπεῖν.
2551 4054 2609 4108 ’0
2642 4052 2699 4108 δὲ
2725 4044 3179 4123 δεσμώτηςδείναι
3210 4049 3419 4119 ἔφασκε
3472 4042 3585 4097 τῶν
3609 4041 3669 4093 ἐν
3704 4042 3831 4092 πα-’

2230 4145 2400 4218 λατίῳ
2440 4143 2579 4214 πρὸς
2606 4141 2701 4196 τοῦ
2743 4140 2957 4194 Παπίου
2997 4137 3109 4212 (96)
3138 4138 3225 4191 ἐπ’
3269 4135 3474 4197 αἰτίαις
3533 4129 3833 4202 ἐχομένων

2232 4238 2627 4311 χρηματικαϊς,
2652 4234 2788 4288 καὶι
2826 4233 2893 4286 Εἴ
2913 4250 2973 4302 γε
2992 4232 3229 4301 ἀφήσεις
3264 4246 3352 4300 με,
3394 4226 3523 4296 ἔφη,
3562 4221 3819 4311 ἀπιέναι,

2198 4322 2203 4328 ’
2232 4309 2373 4395 αὕτη
2404 4326 2467 4395 δή
2499 4340 2582 4378 σοι
2609 4325 2742 4395 παρ’
2772 4322 2907 4394 ἐμοῦ
2936 4322 3099 4392 χάρις
3129 4318 3308 4377 ἔσται.
3347 4337 3366 4369 ι
3400 4315 3513 4370 Καὶ
3546 4312 3669 4384 ἅμα
3722 4309 3822 4363 λέ-

2231 4438 2343 4487 γων
2377 4418 2437 4471 τὸ
2474 4416 2793 4471 ὲπικόλπιον
2822 4414 2973 4485 αὑτῷ
3012 4409 3305 4483 ἐξαγαγὼν
3339 4484 3342 4486 γ
3370 4408 3588 4462 ἐδείκνυ
3642 4403 3827 4475 φυλα-

2232 4515 2478 4583 κτὴριον.
2530 4509 2588 4563 'O
2619 4509 2676 4563 δὲ
2709 4508 2840 4580 (τῶν
2870 4508 2980 4579 γὰρ
2998 4504 3341 4579 ἀγροικικῶν
3369 4520 3455 4565 τις
3481 4496 3549 4573 ἦν
3579 4499 3679 4554 καὶ
3697 4498 3823 4559 τοῖς

1907 4645 2004 4706 Βυ
2046 4643 2269 4723 Cangii
2319 4650 2502 4703 notae.
3373 4729 3379 4734 ι

626 4764 739 4836 (96)
771 4762 926 4835 Πρὸς
976 4766 1083 4838 τοῦ
1112 4766 1369 4838 Παπίου.
1401 4762 1612 4835 Puppim
1662 4782 1756 4822 seu
1802 4768 1972 4838 papim
2006 4767 2122 4822 olli-
2159 4771 2205 4830 D
2232 4766 2420 4822 chaele
2455 4764 2636 4821 Balbo.
2706 4764 2830 4822 Fuit
2868 4780 3009 4838 sane,
3036 4764 3213 4838 simile
3260 4772 3660 4838 ggvarretorutn
3694 4761 3823 4819 oﬂis

554 4839 699 4897 cium
753 4845 872 4891 erat
907 4836 1087 4903 palatii
1120 4837 1384 4899 custodia,
1416 4838 1516 4891 sub
1545 4836 2117 4906 curopalata'scilicet,

551 4910 713 4980 cujus
750 4908 1020 4980 praecipua
1052 4917 1167 4961 erat
1214 4907 1357 4963 illius
1391 4922 1540 4974 cura,
1582 4916 1724 4963 utex
1776 4909 2132 4964 Constantino

552 4978 803 5036 manasse
836 4978 1045 5033 discere
1071 4988 1152 5033 est
1178 4993 1191 5028 :

624 5076 891 5156 Ιῐρδςίτδν
921 5082 1086 5156 οἴκων
1114 5082 1330 5156 φύλακα
1359 5083 1468 5156 τῶν
1496 5084 1555 5156 ἐν
1581 5084 1695 5145 τοῖς
1724 5083 2070 5153 ἀνακτόροις.

626 5154 850 5211 Παπίαν
878 5155 1110 5225 λέγομεν
1146 5154 1308 5208 αὐτὸν
1339 5154 1482 5209 κατὰ
1519 5155 1807 5226 Ῥωμαίων
1859 5156 2131 5223 γλῶτταν.

551 5263 693 5319 unde
724 5262 865 5331 apud
891 5259 1193 5331 Cetlrenum
1216 5260 1424 5323 παπίας
1445 5260 1540 5314 τοῦ
1567 5260 1833 5314 παλατίου
1859 5260 1910 5314 ἱη
1941 5261 2120 5316 Leone

550 5328 878 5403 COprou—ymi
919 5332 985 5403 F.
1002 5341 1061 5403 et
1112 5328 1344 5403 Leonem
1380 5345 1797 5403 grammaticum
1832 5332 1882 5403 in
1938 5332 2120 5403 Leone

552 5401 809 5461 Armenio
841 5414 893 5456 et
941 5402 1201 5475 Mit‘ltaele
1233 5402 1513 5471 TheOphili
1545 5401 1641 5475 [P.i
1672 5401 1799 5475 480]
1839 5402 1901 5475 Ε.
1928 5416 1982 5475 p.
2015 5402 2121 5457 H7

550 5476 677 5541 469,
711 5485 881 5529 custos
918 5473 1122 5542 palatii,
1163 5475 1349 5542 papias
1379 5470 1427 5526 et
1457 5470 1728 5537 ostiarius,
1755 5470 1805 5527 in
1855 5474 1888 5528 8
1920 5470 2123 5528 Sinodo

530 5558 663 5602 'act.
694 5546 748 5609 5,
824 5556 1182 5612 nuncupatur.
1246 5543 1586 5611 Prointleque
1627 5561 1731 5597 non
1788 5547 1945 5598 modo
1973 5546 2126 5598 habi-

553 5621 704 5673 tabat
749 5618 801 5671 in
855 5616 972 5684 ipso
1026 5617 1245 5682 palatio,
1308 5616 1384 5669 uti
1419 5615 1712 5669 observare
1751 5624 1837 5668 est
1892 5630 1958 5669 ex
1992 5615 2127 5686 Scy-

472 5689 474 5691 ’
550 5690 679 5743 litze
720 5689 771 5742 in
814 5686 1075 5741 Michaele
1124 5686 1423 5755 thaugabe
1455 5686 1642 5752 ιλ,ωὲ
1672 5694 1725 5738 et
1756 5686 1880 5747 495,
1941 5688 2035 5740 sed
2071 5695 2127 5739 et

552 5775 722 5828 penes
770 5758 979 5827 papiam
1034 5771 1271 5818 reorum,
1316 5756 1500 5828 quiin
1561 5755 1743 5823 palatii
1814 5757 2126 5828 carceribus

554 5826 957 5895 detinebantur,
1015 5842 1144 5882 cura
1186 5826 1483 5894 praesertim
1515 5835 1657 5892 erat,
1686 5828 1827 5893 quod
1858 5826 1957 5880 hoc
2004 5826 2122 5881 loco

559 5900 680 5956 plus
720 5899 852 5955 satis
882 5897 1052 5953 innuit
1104 5896 1423 5961 Cinnamus,
1472 5907 1529 5949 ut
1566 5906 1621 5950 ct
1670 5896 1908 5953 Zonaras
1939 5898 1992 5952 in
2024 5898 2119 5952 itii-

2242 4839 2385 4891 ciutn
2416 4841 2470 4891 in
2525 4840 2644 4891 aula
2676 4852 2858 4915 regum
2888 4836 3083 4891 Sicilia:
3121 4836 3220 4892 sub
3259 4832 3615 4915 lflormannis,
3642 4847 3824 4915 penes

2242 4924 2377 4979 quos
2406 4924 2510 4963 non
2545 4924 2670 4963 cura
2705 4904 2969 4976 duntaxat
3002 4917 3054 4961 ct
3081 4907 3325 4965 custodia
3361 4904 3543 4979 palatii
3575 4904 3679 4979 sub
3720 4919 3826 4961 ca-

2242 4974 2469 5033 stellano
2514 4979 2878 5041 incumbebat,
2923 4974 3027 5031 sed
3073 4990 3125 5029 et
3174 4993 3269 5032 eos
3304 4975 3397 5046 qui
3443 4992 3540 5044 per
3564 4974 3826 5033 diversos

2242 5050 2427 5118 palatii
2477 5065 2726 5105 carceres
2776 5050 3097 5104 tenebantur
3132 5045 3350 5128 inclusi,
3378 5045 3694 5128 frequenter
3722 5046 3823 5103 in-

2244 5123 2452 5190 Spicere
2502 5137 2799 5189 eorumque
2849 5128 3046 5175 statum
3081 5119 3264 5174 mitius
3289 5119 3627 5190 asperiusve,
3650 5128 3822 5187 prout

2244 5188 2290 5244 ei
2330 5193 2503 5246 visum
2558 5188 3085 5253 erat,’commutare
3142 5200 3193 5244 et
3226 5188 3382 5259 prout
3434 5188 3593 5242 vellet
3630 5196 3824 5243 custo—

2230 5267 2324 5317 des
2380 5264 2612 5327 singulis
2665 5262 2952 5333 ttesignare
2996 5260 3432 5323 carceribus,.ut
3472 5271 3668 5333 auctor
3705 5271 3820 5333 est.

2234 5334 2384 5411 [lugu
2452 5330 2805 5411 _Falcant_lus_.'
2836 5334 3290 5411 (ἶιινιιιενιειονμξιέΔ
3316 5330 3561 5411 meminit
3593 5402 3605 5411 .
3642 5332 3837 5411 θιὶηιιιι

2232 5403 2535 5475 Richardns
2559 5406 2627 5459 de
2654 5402 2713 5463 S.
2736 5404 3133 5475 Germano.an.
3158 5402 3402 5475 lf232._de
3426 5402 3605 5475 magni
3633 5401 3815 5475 μορίαι

2232 5473 2406 5528 officio
2432 5475 2585 5545 plura
2620 5475 2780 5528 habet
2810 5474 3096 5535 Meursius,
3118 5473 3268 5543 cujus
3303 5472 3607 5541 dignitatis,
3639 5472 3808 5545 quam

2232 5543 2443 5610 simili,'
2476 5561 2597 5615 quae
2629 5546 2730 5599 fuit
2758 5545 2884 5599 olim
2925 5545 2974 5599 in
3012 5561 3194 5613 regum
3228 5554 3557 5615 nostrorum
3582 5543 3812 5615 palatio,

2234 5613 2551 5685 comparare
2593 5626 2699 5679 est,
2759 5631 3028 5685 quamque
3062 5616 3356 5668 etiamnum
3412 5614 3684 5685 conciet-ge
3732 5613 3813 5669 du

2230 5684 2399 5749 palais
2456 5698 2675 5752 vocant,
2715 5687 2916 5743 mentio
2962 5694 3043 5741 est
3096 5697 3349 5754 praeterea
3394 5685 3536 5753 apud
3595 5684 3817 5755 Pachy-

2232 5773 2457 5821 merem,
2509 5759 2546 5813 l.
2602 5774 2655 5822 ν,
2710 5776 2758 5814 c.
2820 5758 2873 5821 5,
2924 5757 3382 5822 Caritacuzettuttt,
3454 5758 3487 5810 Ι.
3526 5771 3563 5817 t,
3614 5770 3662 5808 c.
3710 5754 3813 5819 26,

2219 5826 2339 5954 l59.;
2395 5828 2430 5881 l.
2468 5844 2523 5894 ιι,
2573 5821 2755 5898 οζὲἓ,
2793 5828 2902 5895 27;
2960 5838 3014 5883 et
3066 5821 3425 5898 Nic'epherum
3475 5824 3809 5894 (ἔνθεοι-θυι,

2242 5939 2254 5952 .
2294 5913 2407 5953 νιιι.

2242 5939 2254 5952 .
2294 5913 2407 5953 νιιι.
