4026 6286
194 424 291 487 59Ἱ

1437 425 1984 490 HISTORIARUM
2022 428 2163 491 LIB.
2207 430 2276 490 V.

3358 430 3465 497 598

197 536 385 597 πενίας
427 534 624 607 ἔργοις
660 539 901 611 ἐμάχετο
917 537 1237 612 διηνεκῶς),
1271 540 1461 612 ἐπειδὴ
1510 539 1612 605 τάς
1640 540 1786 611 δψεις

1894 542 2072 597 exutis
2098 542 2448 613 compedibus
2481 558 2601 614 qua!
2646 546 2806 613 pedes
2851 550 3308 607 constrinxerant,
3344 559 3467 598 rur-

197 630 286 703 [Ρ.
315 628 464 702 136.]
490 630 649 702 αὐτῷ
677 631 1066 703 κατέστραψεν
1096 633 1125 685 ὁ
1192 631 1420 705 χρυσὸς,
1490 632 1673 688 λαϐὼν
1731 632 1792 686 τὸ

194 726 383 796 χρῆμα
413 723 767 796 Ἀνδρόνικον
805 727 985 797 ἀφῆκε
1010 726 1301 797 φέρεσθαι.
1378 726 1466 780 Ἐν
1528 726 1704 796 τούτῳ
1733 725 1791 779 δὲ

200 818 293 871 καὶ
310 816 374 870 τδ
397 818 725 888 ληψόμενον
756 817 947 872 τοῦτον
978 818 1206 874 ἀκάτιον
1237 820 1299 875 οὐ
1330 818 1553 891 μακρὰν
1580 819 1792 872 ἀποσα-

215 906 368 962 λεῦον
405 908 643 981 προσῄει
666 927 681 944 ·
713 910 806 964 καὶ
839 908 1095 974 λαϐόντες
1144 910 1309 965 αὐτδν
1359 910 1449 964 ἐπ’
1476 910 1627 964 οῐκου
1667 908 1789 963 ἑκό-

204 1016 390 1070 μισαν,
432 1000 570 1057 ἔνθα
596 1002 697 1067 τὰς
727 1002 896 1071 πέδας
958 1002 1422 1073 ἀποσεισάμενος,
1453 1001 1510 1058 αἶ
1537 1000 1617 1055 τὼ
1655 1000 1784 1055 πόδε
1821 1066 1827 1070 μ

198 1086 387 1161 εἶργον
426 1091 604 1164 αὐτῷ,
636 1093 805 1165 ἀνέϐη
845 1111 905 1149 τε
928 1093 1183 1158 είσαῦθις
1211 1094 1309 1165 τὴν
1340 1090 1477 1149 ναῦν
1511 1094 1607 1146 καὶ
1667 1093 1786 1147 δια-

1895 648 2011 689 sum
2045 635 2319 705 ingressus
2342 644 2423 692 est
2450 652 2662 701 navem,
2692 652 2863 707 eaque
2888 647 3073 693 vectus
3096 648 3243 692 extra
3279 653 3465 693 muros

1895 722 2127 791 trajecit.
2157 726 2269 781 Illic
2301 738 2518 796 paratos
2547 729 2611 782 ad
2645 728 2745 783 hoc
2770 729 2951 797 ipsum
2990 729 3271 784 inveniens
3300 743 3466 797 equus

1893 819 2209 871 conscendit
2235 828 2288 873 et
2323 820 2585 876 abscessit
2621 837 2635 877 :
2667 821 2745 876 sic
2777 820 2990 891 quidem
3019 822 3252 875 evadens
3282 834 3313 874 e
3344 834 3467 873 car-

1894 922 2022 963 cere
2070 910 2411 968 Andronicus
2459 914 2523 968 ad
2561 912 2963 985 Tauroscythas
3014 912 3277 983 pervenit.
3312 909 3467 964 Nune

1891 1008 2073 1055 autem
2138 1003 2204 1058 ad
2270 1018 2332 1059 ea
2394 1020 2514 1077 qua:
2573 1020 2737 1079 supra
2802 1005 3111 1070 retulimus,
3178 1003 3466 1060 reducatur

1889 1096 2083 1153 oratio.
3444 1096 3445 1099 “

197 1186 585 1257 πλωϊσάμενος
614 1189 719 1258 ἔξω
756 1192 984 1262 τειχέων
1030 1189 1268 1259 ἐγένετο.
1312 1188 1485 1243 Ἔνθα
1530 1187 1733 1251 ἵππους
1771 1188 1950 1258 εὑρὼν
1980 1192 2031 1245 οἳ
2084 1192 2143 1245 ἐν
2202 1193 2528 1265 παρασκευῇ
2584 1191 2880 1263 ἐτύγχανον
2908 1191 3056 1264 αὐτῷ
3085 1192 3256 1255 ὅντες,
3289 1190 3462 1259 ἐπέϐη

195 1297 259 1334 τε
300 1285 398 1336 καὶ
430 1284 616 1339 ἀπιὼν
670 1285 866 1359 ᾤχετο.
914 1285 1261 1359 Ἀνδρόνικος
1334 1285 1435 1357 μὲν
1480 1284 1545 1356 δὴ
1590 1283 1732 1337 οὓτω
1775 1282 1877 1355 τῆς
1914 1286 2141 1359 εἱρκτῆς
2169 1286 2411 1360 ἀποδρὰς
2443 1288 2537 1342 ἐπὶ
2565 1287 2957 1351 Ταυοοσκύθας
3000 1282 3182 1359 ἦλθεν.
3227 1286 3388 1354 Ἡμῖν
3418 1282 3462 1335 δ’

198 1378 466 1434 ἅνακτέον
498 1379 593 1433 τὸν
631 1378 789 1450 λόγον
823 1380 917 1435 ἐπὶ
948 1381 1016 1435 τὰ
1038 1381 1304 1453 πρότερα.

269 1469 360 1536 ιβ’.
418 1467 544 1524 Τῶν
595 1472 905 1543 εἰρημένων
951 1492 1011 1528 τε
1041 1473 1223 1530 ’ἕνεκα
1254 1478 1281 1529 ὁ
1312 1476 1571 1546 Μανουὴλ
1624 1475 1777 1546 παρά

198 1562 613 1633 Πριμίσθλαϐον
642 1564 754 1633 (97)
777 1560 909 1635 ἦ).θὲ
937 1567 1033 1621 καὶ
1057 1568 1205 1632 ὅπως
1223 1574 1382 1640 χεῖρα
1411 1569 1621 1623 ἐκεῖθεν
1649 1568 1784 1640 σύμ-

198 1673 377 1727 μαχον
407 1656 504 1710 ἐπὶ
545 1656 853 1729 Ῥωμαίους
876 1658 999 1734 ἄξῃ.
1037 1661 1365 1717 Ἐπέσταλτο
1386 1663 1497 1736 γὰρ
1519 1663 1671 1735 αὐτῷ
1689 1665 1782 1718 καὶ

202 1751 600 1823 Ῥωσισθλάϐῳ
651 1752 729 1823 τῷ
758 1753 854 1806 καὶ
895 1752 1045 1826 αὗτῷ
1086 1756 1177 1809 ἐπὶ
1204 1756 1659 1828 Ταυροσκυθικῆς
1685 1758 1781 1829 ἆρ-

192 1858 350 1910 χοντι
412 1841 543 1913 περὶ
608 1844 937 1913 ’συμμαχίας
963 1844 1284 1916 διειλέχθαι.
1318 1846 1430 1900 Καὶ
1463 1848 1649 1918 μέντοι
1688 1849 1782 1902 καὶ

191 1932 471 2004 τετύχηκε
492 1935 586 1987 τοῦ
612 1935 756 1989 κατὰ
779 1937 1000 1993 σκοπόν.
1041 1937 1369 2009 ’Υπερφυῶς
1395 1942 1505 2010 γὰρ
1527 1942 1788 2013 ἡσθέντες

190 2025 276 2079 ὅτι
312 2026 375 2097 δὴ
406 2026 714 2098 τηλικούτῳ
772 2030 830 2094 ὲς
871 2029 1069 2095 αὐτοὺς
1122 2032 1151 2085 ὁ
1213 2032 1465 2102 βασιλεὺς
1515 2034 1787 2105 ἐχρήσατο

191 2122 541 2194 πρεσϐευτῇ,
584 2123 886 2195 ὑπέσχοντο
941 2125 1163 2194 ὲπιτελῆ
1204 2125 1381 2181 πάντα
1411 2128 1660 2198 ποιήσειν
1685 2128 1787 2182 ὅσα

190 2216 271 2286 τῷ
319 2215 541 2285 βασιλεῖ
598 2214 913 2287 βουλομένῳ
967 2210 1128 2287 ἦσαν.
1164 2216 1239 2270 Οὐ
1297 2216 1402 2288 μὴν
1464 2217 1585 2271 οὐδὲ
1628 2218 1790 2288 Ἱερό-

195 2309 435 2362 σθὶαϐον
496 2309 587 2363 διὰ
637 2308 810 2364 ταῦτα
844 2308 1099 2380 βασιλεὺς
1124 2310 1361 2380 περιεῖδε
1387 2325 1398 2340 ⁸
1434 2314 1704 2380 μηχαναῖς
1731 2312 1787 2365 δὲ

198 2399 296 2453 καὶ
322 2398 513 2452 τοῦτον
570 2399 789 2469 ἑτέραις
846 2400 988 2452 κατά
1022 2400 1301 2468 Στεφάνου
1348 2400 1782 2471 ἐξεπολέμωσεν,

204 2492 519 2556 ὶπιςτεξλας
547 2491 695 2562 αὐτῷ
729 2492 962 2545 οὑτωσί·
1001 2511 1019 2545 ι
1050 2494 1127 2546 Οὐ
1163 2494 1521 2565 μιμησόμεθά
1555 2513 1648 2549 σου
1683 2495 1784 2566 τὴν

205 2586 514 2656 ἀστοργίαν,
553 2586 624 2658 ἠν
660 2586 813 2640 οὐδὲν
831 2586 948 2641 δέον
980 2588 1061 2651 εἰς
1104 2588 1255 2658 ἡμᾶς
1287 2587 1572 2653 ἐπεδείξω,
1607 2587 1784 2655 λόγων

204 2695 263 2731 τε
296 2680 386 2733 καὶ
412 2678 704 2749 συνθηκῶν
739 2679 847 2733 τῶν
882 2678 1076 2751 πρώην
1102 2680 1205 2753 ἤδη
1238 2681 1658 2752 ὀμωμοσμένων
1701 2700 1783 2735 σοι

200 2769 703 2841 κατωλιγωρηκὼς.
759 2769 925 2824 Ἀλλά
963 2787 1046 2825 σοι
1101 2772 1170 2826 τὰ
1228 2773 1437 2843 ἔσχατα
1470 2773 1783 2843 διυϐρίσθαι

191 2863 567 2917 κινδυνεύοντι
595 2862 687 2917 ὑπ’
712 2862 838 2934 ὄψιν
867 2865 935 2917 τὰ
965 2864 1067 2933 τῆς
1104 2862 1316 2937 ὕϐρεως
1347 2864 1592 2935 τίθεμαι.
1626 2866 1768 2919 Ἷσθι

186 2958 379 3012 τοίνυν
422 2959 584 3029 ἀνδρὶ
648 2960 816 3014 παῖδα
881 2959 1208 3024 συνοικίζων
1259 2960 1360 3031 τὴν
1401 2961 1503 3031 σὴν
1543 2961 1620 3031 τῷ
1653 2962 1783 3032 ρηγὶ

191 3050 448 3104 Παιόνων
510 3051 778 3122 κακοήθει
813 3067 872 3104 τε
903 3051 998 3104 καὶ
1030 3051 1219 3115 δεινῶς
1247 3052 1490 3125 ἀϐεϐαίῳ
1518 3053 1616 3123 τὴν
1644 3054 1783 3122 γνώ-

190 3160 301 3215 μην
375 3142 518 3196 ὄντι·
576 3143 736 3214 δίκης
796 3144 905 3215 γάρ
958 3162 1090 3199 ποτε
1134 3145 1165 3217 ἦ
1209 3145 1471 3212 ἀληθείας
1509 3148 1853 3232 ὲντροπὴνρ

186 3237 500 3309 πεποίηται
530 3237 814 3308 οὐδεμίαν.
854 3236 1158 3310 Ἀνθρώπῳ
1189 3238 1245 3292 δὲ
1272 3238 1529 3310 ἀπολύτῳ
1565 3239 1782 3309 φύσεώς

184 3348 251 3382 τε
282 3332 381 3384 καὶ
442 3330 628 3401 νόμων
690 3330 764 3396 ὠς
820 3331 1033 3386 ὲπίπαν
1080 3326 1375 3406 φερομένῳ
1405 3333 1583 3388 πάντα
1610 3338 1784 3390 ποιεῖν

189 3414 354 3490 οἶμαι
384 3420 593 3493 ῥᾴδιον.
650 3419 864 3474 Οὐκοῦν
887 3419 1007 3474 οὐδὲ
1042 3422 1351 3493 ξυνοικήσει
1395 3441 1477 3477 σοι
1516 3424 1786 3490 Στέφανος

181 3516 256 3583 τῇ
281 3512 547 3583 θυγατρὶ,
589 3513 711 3567 οὐδέ
741 3531 795 3566 τι
823 3512 953 3567 ἄλλο
977 3514 1085 3567 τῶν
1116 3517 1263 3569 κατὰ
1299 3518 1463 3587 νόμον
1490 3518 1584 3571 ἐπὶ
1611 3518 1783 3591 ταύτῃ

177 3606 579 3678 διαπράξεται.
637 3606 785 3660 Εἰδὲ
809 3606 907 3660 καὶ
959 3604 1297 3677 ξυνοικήσει,
1357 3609 1475 3662 ἀλλ’
1534 3612 1634 3664 ὅσα
1689 3612 1784 3665 καὶ

179 3701 481 3775 τριοδίτιδι
528 3700 703 3774 ταύτῃ
778 3702 1299 3774 προσενεχθήσεται.
1351 3705 1411 3758 '0
1456 3706 1564 3776 γὰρ
1617 3708 1672 3769 ἐς
1722 3709 1781 3761 τὸ

179 3797 475 3867 ἡμέτερον
535 3796 681 3849 οὕτω
740 3798 940 3869 κράτος
995 3796 1261 3868 ἁμαρτὼν
1299 3798 1497 3867 ὅρκους
1522 3816 1578 3851 τε
1602 3799 1675 3862 ὼς
1725 3801 1783 3852 ὲν

184 3891 421 3953 παιδιᾶς
465 3889 614 3958 λόγῳ
664 3890 789 3953 τοὺς
851 3887 1080 3959 ἔναγχος
1143 3890 1581 3961 ὀμωμοσμένους
1630 3891 1781 3963 αὐτῷ

184 3982 517 4051 λογίζεσθαι
539 3983 1021 4053 ἀπαναισχυγτῶν,
1042 3982 1355 4052 συλλόγισαι
1384 3982 1436 4036 τί
1465 3983 1565 4037 οὐκ
1592 3983 1658 4037 ἀν
1691 3985 1784 4038 ἐπὶ

188 4076 250 4128 σὲ
278 4076 540 4144 ποιήσειν
594 4073 1143 4149 ἀπανθρωπεύσεται.
1176 4094 1194 4127 ι
1254 4074 1473 4128 Τούτων
1524 4075 1553 4127 ὁ
1593 4076 1789 4148 Πριμί-

192 4169 440 4233 σθ),αϐος
474 4169 572 4221 σὺν
597 4155 862 4238 βαρϐάρῳ
888 4170 996 4221 τινὶ
1024 4168 1255 4238 ἀφελείᾳ
1281 4168 1390 4223 τῶν
1421 4168 1594 4237 λόγων
1625 4170 1791 4225 ἀκού-

195 4284 296 4330 σας
344 4264 493 4318 ἑάλω
522 4280 579 4316 τε
610 4265 807 4314 αὐτίκα
850 4264 946 4315 καὶ
992 4262 1067 4326 ὡς
1122 4263 1378 4333 πολέμιον
1424 4265 1515 4318 τὸν
1543 4265 1788 4337 γαμϐρὸν

197 4358 571 4421 ὕπεὸλέπετο,
613 4354 734 4407 κατ’
775 4353 938 4407 αὑτοῦ
1000 4371 1059 4407 τε
1103 4353 1390 4425 Ῥωμαίοις
1437 4356 1788 4425 στρατεύουσι

195 4452 360 4506 παντὶ
397 4449 590 4519 τρόπῳ
642 4447 990 4519 συναίρεσθαι
1013 4446 1301 4516 ὡμολόγει.
1335 4448 1489 4501 Ἐστι
1519 4449 1575 4503 δέ
1601 4468 1683 4513 τις
1730 4453 1787 4503 ὲν

1960 1472 2121 1544 235
2157 1474 2245 1528 Η.
2269 1472 2492 1542 Propter
2515 1473 2627 1529 haec
2654 1471 2816 1542 igitur
2837 1486 2955 1541 qum
2988 1470 3220 1525 diximus
3250 1470 3463 1527 Manucl

1892 1565 1956 1618 ad
1988 1564 2327 1619 Primislaum
2359 1566 2525 1631 venit,
2561 1574 2614 1621 et
2649 1574 2707 1619 ut
2737 1564 3023 1618 auxiliares
3047 1563 3229 1633 copias
3260 1564 3333 1619 ibi
3366 1580 3467 1635 pro

1893 1658 2151 1714 Romanis
2193 1660 2553 1715 contraheret.
2606 1657 2711 1714 Sed
2758 1664 2811 1712 et
2844 1658 3043 1712 missus
3072 1657 3255 1711 estad
3306 1656 3463 1714 Rosi-

1821 1790 1865 1847 Β
1892 1752 2090 1819 slaum,
2131 1752 2221 1822 qui
2270 1762 2326 1808 et
2369 1753 2486 1822 ipse
2528 1751 2964 1824 Taurosrythietc
3002 1750 3365 1847 imperitabat,
3399 1752 3465 1806 de

1895 1843 2123 1898 ineunda
2156 1859 2433 1899 armorum
2462 1845 2721 1900 societate
2747 1860 2867 1899 cum
2892 1858 2957 1898 eo
2979 1854 3218 1898 acturus.
3248 1841 3465 1912 Resque

1891 1934 1965 1989 illi
1991 1950 2057 1989 ex
2093 1945 2214 1991 voto
2245 1936 2524 1991 successit.
2561 1936 2789 1991 Maxime
2815 1938 2958 1989 enim
2987 1935 3157 2004 gavisi
3187 1935 3329 2006 quod
3352 1944 3460 1991 tam

1889 2028 2080 2083 illustri
2116 2043 2208 2083 eos
2241 2029 2488 2099 dignatus
2528 2040 2671 2085 esset
2715 2027 2910 2098 legato,
2943 2027 3121 2081 omnia
3151 2042 3269 2096 quae
3303 2028 3464 2083 vellet

1889 2119 2137 2189 princeps
2166 2135 2222 2173 se
2250 2120 2488 2175 facturos
2525 2119 2662 2174 ultra
2697 2117 2916 2188 polliciti
2951 2126 3091 2171 sunt.
3128 2116 3313 2188 Neque
3342 2116 3463 2172 ideo

1888 2217 2067 2264 tamen
2102 2209 2435 2265 llieroslaum
2468 2211 2705 2280 despexit
2738 2211 3049 2280 imperator,
3086 2209 3176 2265 sed
3208 2219 3325 2265 arte
3354 2208 3458 2263 alia

1888 2302 2148 2358 adversus
2197 2302 2534 2375 Stephanum
2589 2304 2915 2371 concitavit,
2971 2303 3151 2358 missis
3206 2304 3460 2372 hujusce-

1888 2394 2028 2449 modi
2081 2397 2146 2450 ad
2198 2397 2369 2465 ipsum
2418 2396 2661 2452 litteris:
2707 2414 2725 2448 ι
2766 2395 2879 2451 Non
2934 2396 3267 2450 imitabimur
3312 2404 3459 2450 tuam

1887 2488 2350 2558 ingratitudinem,
2378 2505 2539 2559 quam
2588 2489 2729 2543 nulla
2759 2489 2823 2543 ad
2856 2489 2907 2545 id
2942 2489 3246 2558 impellente
3277 2503 3461 2544 neces-

1885 2582 2048 2637 sitate
2093 2596 2218 2650 erga
2254 2597 2351 2637 nos
2382 2581 2693 2646 exhibuisti,
2749 2582 3006 2653 neglectis
3056 2582 3340 2649 promissis
3369 2595 3462 2650 pa-

1884 2673 2094 2744 ctisque
2128 2675 2213 2739 iis,
2254 2688 2374 2745 qua:
2406 2688 2581 2743 nuper
2626 2673 2933 2729 sanciveras
2961 2692 2974 2726 :
3005 2675 3095 2727 sed
3128 2674 3245 2740 tibi,
3275 2674 3463 2729 ultima

1887 2784 1983 2823 nos
2012 2767 2205 2837 injuria
2253 2767 2466 2822 allicere
2502 2767 2735 2837 paranti,
2768 2768 2837 2821 ob
2882 2766 3068 2821 oculos
3113 2782 3231 2821 eam
3266 2781 3462 2836 prepo-

1886 2862 2084 2915 nimus.
2114 2857 2268 2913 Scias
2298 2859 2481 2927 igitur,
2507 2860 2628 2912 dum
2662 2857 2823 2912 ﬁliam
2858 2868 3005 2912 tuam
3036 2856 3325 2922 Hungaria:
3351 2858 3460 2928 regi

1886 2968 2106 3009 uxorem
2146 2953 2333 3018 tradis,
2381 2951 2523 3006 illam
2561 2964 2610 3007 te
2644 2952 2869 3022 jungere
2903 2952 3020 3005 viro
3056 2952 3313 3023 maligno,
3349 2953 3467 3006 ani-

1885 3061 2080 3116 moque
2124 3046 2277 3101 valde
2334 3046 2593 3101 instabili.
2638 3045 2867 3102 Iustitia:
2911 3050 3054 3101 enim
3090 3063 3181 3103 seu
3224 3048 3462 3102 veritatis

1887 3140 2092 3195 nullum
2127 3155 2360 3210 unquam
2394 3148 2697 3210 respectum
2724 3140 2935 3195 habuit.
2970 3139 3248 3195 lleminem
3282 3151 3459 3195 autem

1888 3235 1978 3302 qui
2007 3250 2106 3290 nec
2126 3245 2375 3289 naturam
2402 3249 2496 3290 nec
2522 3234 2668 3305 leges
2692 3245 2991 3298 reveretur,
3014 3249 3218 3303 suoque
3242 3250 3464 3301 prorsus

1888 3326 2058 3381 fertur
2105 3327 2351 3390 arbitrio,
2408 3329 2588 3381 omnia
2646 3328 2863 3397 exsequi
2916 3342 3075 3395 posse
3126 3327 3266 3381 haud
3321 3342 3464 3397 a‘gre

1889 3419 2159 3474 existimo.
2186 3418 2419 3475 Proinde
2462 3434 2637 3489 neque
2672 3418 2836 3474 ﬁliam
2865 3426 3013 3473 tuam
3049 3419 3206 3473 ducet
3240 3419 3466 3489 Stepha—

1893 3527 2012 3579 nus,
2059 3527 2234 3581 neque
2271 3511 2414 3567 aliud
2448 3512 2721 3583 quidpiam
2758 3511 2964 3583 legibus
3013 3520 3460 3578 consentaneum,

1889 3615 2149 3675 quantum
2179 3605 2247 3659 ad
2277 3605 2417 3659 illam
2454 3614 2681 3674 spectat,
2712 3613 3055 3671 exsequetur.
3092 3604 3241 3671 Quod
3273 3606 3317 3658 sl
3346 3620 3466 3659 eam

1890 3698 2073 3761 ducat,
2115 3697 2348 3768 vulgaris
2379 3697 2657 3768 cujusdam
2691 3706 2745 3753 et
2777 3696 2918 3751 velut
2955 3711 2986 3752 e
3033 3697 3191 3751 trivio
3224 3697 3467 3751 adducta!

1892 3795 2100 3850 femina:
2132 3796 2248 3850 loco
2274 3796 2512 3850 habebit.
2545 3794 2645 3862 Qui
2677 3795 2819 3850 enim
2857 3794 3195 3866 maiestatem
3227 3804 3465 3851 nostram

1893 3898 2177 3955 tantopere
2199 3886 2417 3941 oﬂ‘endit
2443 3896 2495 3941 et
2516 3897 2851 3941 sacramenta
2878 3903 3045 3958 nuper
3071 3890 3192 3941 data
3222 3903 3317 3958 pro
3343 3887 3468 3943 ludo

1892 3979 2089 4033 habere
2121 3994 2225 4034 non
2261 3979 2499 4044 erubuit,
2543 3979 2717 4049 cogita
2747 3994 2906 4048 quam
2939 3980 2990 4034 in
3027 3990 3075 4034 te
3104 3979 3467 4034 inhumanitao

1892 4078 1997 4125 tem
2041 4086 2146 4124 non
2177 4070 2248 4123 sit
2283 4071 2693 4125 commissurus.
2736 4089 2755 4123 ›
2787 4070 2883 4125 His
2920 4086 3041 4127 cum
3076 4069 3300 4127 barbara
3335 4086 3467 4142 qua~

1891 4166 2013 4217 dam
2044 4163 2394 4231 simplicitate
2438 4164 2603 4235 236
2647 4164 2844 4219 auditis
2889 4164 3252 4228 sermonibus,
3281 4157 3466 4234 captus.

1890 4266 1975 4312 est
2021 4254 2275 4310 continuo
2325 4254 2663 4321 l’rimislaus,
2696 4265 2747 4309 et
2784 4270 3036 4323 generum
3069 4255 3216 4310 velut
3256 4255 3463 4312 hostem

1893 4356 2174 4403 aversatus
2220 4346 2415 4401 bellum
2449 4349 2498 4403 ei
2549 4347 2907 4403 inferentibus
2939 4345 3201 4402 Romanis
3228 4348 3374 4403 omni
3410 4364 3467 4403 se

1894 4443 2200 4499 adfuturmn
2238 4444 2438 4497 auxilio
2469 4443 2747 4513 professus
2775 4453 2878 4499 est.
2907 4444 2999 4499 Est
3029 4459 3157 4499 vero
3187 4444 3237 4497 in
3267 4444 3468 4498 Tauro-

189 4540 625 4613 Ταυροσκυθικῇ
656 4540 809 4605 πόλις
853 4540 1025 4610 ὄνομα
1056 4541 1245 4610 Κίαμα
1270 4541 1402 4613 (98),
1427 4540 1461 4612 ἥ
1488 4542 1695 4596 πόλεών
1722 4562 1780 4597 τε

1894 4540 2129 4610 scythica
2166 4540 2385 4607 regione
2413 4538 2603 4593 civitas
2643 4540 2856 4622 nomine
2885 4538 3094 4603 Kiovia,
3130 4555 3251 4609 qua:
3279 4554 3468 4595 omnes

190 4636 586 4709 ὑπερκάθηται
613 4634 722 4689 τῶν
750 4636 926 4712 ἄλλων
949 4635 1072 4687 ὅσαι
1106 4635 1233 4705 τῇδε
1268 4635 1532 4706 ἵδρυνται,
1561 4637 1652 4690 καὶ
1681 4637 1780 4691 ὅσα

189 4734 293 4785 καὶ
361 4728 708 4801 μητρόπολις
766 4727 843 4799 τῷ
884 4727 1029 4781 ἔθνει
1101 4727 1275 4798 τούτῳ
1307 4729 1567 4800 τυγχάνει
1612 4724 1773 4784 οὖσα.

203 4820 531 4893 ’Λρχιερεύς
562 4835 621 4873 τε
659 4818 765 4888 γὰρ
802 4820 863 4873 ἐκ
906 4816 1207 4881 Βυζαντίου
1242 4819 1371 4889 παρ’
1402 4818 1577 4889 αὐτὴν
1630 4818 1777 4889 ἥκει,

188 4914 430 4971 καὶτῶν
466 4914 645 4969 ἄλλων
678 4913 779 4966 ὅσα
813 4915 871 4977 ἐς
914 4911 1203 4981 πρεσϐεῖον
1247 4911 1475 4983 φέρουσι
1518 4909 1779 4977 κατεξαί-

1890 4633 2024 4688 alias
2078 4632 2183 4685 illic
2235 4631 2369 4685 sitas
2429 4630 2743 4700 przeccllens
2797 4632 3106 4701 metrOpolls
3155 4638 3238 4685 est
3300 4631 3468 4686 totius

1889 4728 2080 4797 gentis.
2119 4725 2414 4796 Episcopus
2446 4724 2705 4795 Byzantio
2738 4724 2934 4780 missus
2968 4725 3040 4779 illi
3072 4722 3270 4794 praeﬁci
3305 4725 3467 4789 solet,

1890 4818 2190 4889 gaudetque
2222 4816 2431 4872 caeteris
2471 4817 2742 4881 omnibus,
2776 4832 2895 4887 quae
2929 4816 2994 4871 ad
3029 4816 3466 4872 excellentiorem

1890 4910 2174 4967 conferunt
2202 4908 2637 4980 praarogativam.
2668 4906 2838 4979 llujus
2862 4911 3038 4977 itaque
3064 4909 3298 4979 regionis
3320 4909 3470 4979 prin-

1562 5071 1657 5130 Du
1692 5067 1912 5147 Cangii
1952 5074 2140 5129 notae.

272 5214 390 5289 (97)
425 5214 622 5289 ⁸Παρὰ
678 5214 1145 5289 Πριμίσθλαόογ.
1195 5210 1642 5289 Variosdiussiae
1690 5225 1782 5265 seu

188 5284 509 5350 Moscovize,
542 5284 736 5355 quam
775 5284 1274 5355 Tauroseytbarum
1304 5284 1576 5355 regionem
1606 5290 1783 5355 vocat,

192 5358 484 5432 principes
544 5350 793 5432 recenset
840 5350 1155 5432 Cinn_afnus,
1212 5350 1451 5422 atquein
1483 5354 1566 5432 his
1606 5350 1784 5432 Yladi-

198 5423 415 5485 inermi:
471 5439 524 5480 et
586 5425 893 5482 Jaroslaum
953 5425 1195 5485 Galitzaa.
1238 5439 1357 5495 quae
1402 5423 1675 5495 provincia
1705 5432 1791 5476 est

204 5499 425 5553 Russize
457 5496 706 5562 Minoris,
736 5500 1023 5564 toparchas
1055 5512 1068 5546 :
1123 5494 1383 5563 praeterea
1420 5494 1783 5564 Primislaum,

200 5569 517 5630 Rosilaum,
555 5563 885 5630 Jeroslaum,
939 5566 1227 5638 Georgium
1265 5563 1702 5638 Basilicaaﬁliun)
1731 5572 1787 5617 et

207 5639 550 5694 \‘ladislaum
590 5638 684 5706 qui
730 5653 849 5693 cum
874 5652 1044 5691 uxore
1070 5634 1130 5706 et
1168 5636 1350 5691 liberis
1384 5636 1447 5687 ad
1483 5634 1783 5688 Manuclem

204 5709 446 5771 transiit,
481 5724 511 5763 a
562 5705 673 5775 quo
718 5708 935 5776 regione
966 5710 1031 5760 ad
1067 5705 1257 5762 Istrum
1286 5706 1387 5761 sita
1418 5706 1651 5759 donatus
1678 5712 1783 5758 est.

204 5782 387 5848 Atque
436 5780 493 5835 hi
532 5778 751 5847 quidem
798 5792 985 5832 omnes
1040 5778 1290 5848 Jaroslai,
1325 5776 1413 5846 qui
1466 5776 1613 5848 solus
1645 5776 1787 5829 Rus-

209 5846 317 5906 siae
362 5846 732 5917 principatum
768 5848 1023 5914 obtinuit,
1061 5847 1152 5900 lilii
1192 5847 1442 5902 videntur
1499 5846 1668 5901 fuisse
1698 5854 1791 5899 aut

216 5934 295 5976 ex
321 5920 438 5977 ﬁliis
475 5916 723 5976 nepotes.
774 5919 861 5975 aui
894 5916 1323 5995 ditionibusrs‘uis
1385 5933 1490 5975 non
1524 5918 1785 5983 contenti,

1888 5208 2029 5331 duml
2052 5210 2139 5262 alii
2168 5207 2301 5264 alios
2324 5208 2610 5275 invadunt,
2649 5212 2851 5265 mutuis
2882 5225 3002 5264 sese
3038 5208 3321 5266 coniecere
3356 5214 3468 5268 vul-

1896 5296 2009 5331 1181⁸1
2038 5296 2134 5331 HIS.

1896 5296 2134 5333 Hermus.

1962 5351 2074 5423 (98)
2125 5352 2337 5421 Κιάμα.
2404 5350 2561 5406 Forte
2617 5354 2812 5407 Κιοϐία
2868 5366 2958 5411 aut
3017 5352 3466 5423 Kt66a,Kiowia,

1892 5420 2103 5496 Bessis:
2151 5420 2275 5477 olim
2314 5425 2620 5496 metropolis
2649 5426 2713 5478 ad
2765 5424 3181 5496 Borysmeuem,
3240 5425 3450 5479 Κιοάϐα

1897 5492 2037 5565 dicta
2066 5491 2423 5565 Constantino
2452 5496 2517 5549 de
2552 5497 2707 5547 Adm.
2760 5491 2889 5562 imp'.
2920 5514 2965 5552 r.
3001 5498 3053 5557 9,
3088 5496 3244 5563 cuius
3272 5497 3466 5565 ampli-

1899 5563 2030 5616 tudo
2082 5564 2407 5617 describitur
2440 5574 2491 5615 et
2548 5566 2868 5631 pnedieatur
2905 5586 2931 5619 a
3006 5568 3265 5627 [διίπτατο.
3299 5567 3333 5620 l.
3369 5563 3466 5632 νη,

1894 5641 2159 5696 extremo,
2198 5635 2400 5685 Adamn
2454 5636 2753 5697 Bremcnsi,
2793 5653 2841 5689 c.
2880 5637 2978 5703 66,
3016 5636 3234 5692 Matthia
3255 5632 3463 5693 Recito-

1886 5703 2083 5776 viensi,
2127 5704 2159 5756 l.
2212 5718 2359 5776 unc.
2390 5706 2493 5768 18;
2527 5705 2674 5758 Alex.
2706 5705 2953 5776 Gagnino
2978 5720 3032 5763 et
3072 5708 3143 5762 al.
3185 5721 3462 5776 perperam

1889 5772 2047 5846 (litis:
2107 5789 2201 5843 pro
2261 5772 2421 5846 Chio!
2468 5776 2574 5830 diei
2638 5776 2690 5828 in
2723 5772 2829 5830 vita
2866 5779 2923 5833 S.
2977 5772 3202 5832 Mariaui
3278 5772 3461 5836 abbati.

1890 5844 2169 5916 Ratispon.
2208 5861 2255 5901 c.
2290 5845 2321 5899 ί
2349 5844 2597 5902 observat
2637 5846 2929 5906 Bollandus
2961 5850 2994 5908 9
3019 5850 3176 5907 Febr.
