  <div class='ocr_page' id='page_1' title='image "/cluster/home/n/w/nwhite01/storage/ocr_20150623/133/mdp.39015078384230/308.png"; bbox 0 0 4074 6286; ppageno 0'>
   <div class='ocr_carea' id='block_1_1' title="bbox 321 380 431 474">
    <p class='ocr_par' dir='ltr' id='par_1_1' title="bbox 321 380 431 474">
     <span class='ocr_line' id='line_1_1' title="bbox 321 380 431 474; baseline 0.009 -1"><span class='ocrx_word' id='word_1_1' title='bbox 321 380 431 474; x_wconf 62' lang='grc' dir='ltr'>σοι</span> 
     </span>
    </p>
   </div>
   <div class='ocr_carea' id='block_1_2' title="bbox 1547 363 2402 479">
    <p class='ocr_par' dir='ltr' id='par_1_2' title="bbox 1547 363 2402 479">
     <span class='ocr_line' id='line_1_2' title="bbox 1547 363 2402 479; baseline 0.002 -5"><span class='ocrx_word' id='word_1_2' title='bbox 1547 363 2111 474; x_wconf 69' lang='grc' dir='ltr'>ἨιετοιηΑιιυΜ</span> <span class='ocrx_word' id='word_1_3' title='bbox 2144 414 2296 477; x_wconf 89' lang='lat' dir='ltr'><strong>LIB.</strong></span> <span class='ocrx_word' id='word_1_4' title='bbox 2329 416 2402 479; x_wconf 78' lang='grc' dir='ltr'><strong>ν.</strong></span> 
     </span>
    </p>
   </div>
   <div class='ocr_carea' id='block_1_3' title="bbox 3490 406 3595 471">
    <p class='ocr_par' dir='ltr' id='par_1_3' title="bbox 3490 406 3595 471">
     <span class='ocr_line' id='line_1_3' title="bbox 3490 406 3595 471; baseline 0 0"><span class='ocrx_word' id='word_1_5' title='bbox 3490 406 3595 471; x_wconf 76' lang='grc'><strong>602</strong></span> 
     </span>
    </p>
   </div>
   <div class='ocr_carea' id='block_1_4' title="bbox 324 517 1913 598">
    <p class='ocr_par' dir='ltr' id='par_1_4' title="bbox 324 518 1897 598">
     <span class='ocr_line' id='line_1_4' title="bbox 324 518 1897 598; baseline -0.001 -23"><span class='ocrx_word' id='word_1_6' title='bbox 324 536 415 575; x_wconf 77' lang='grc' dir='ltr'>ται</span> <span class='ocrx_word' id='word_1_7' title='bbox 453 520 561 575; x_wconf 87' lang='grc' dir='ltr'>τίνι</span> <span class='ocrx_word' id='word_1_8' title='bbox 593 518 917 595; x_wconf 81' lang='grc' dir='ltr'>ξυγκρούειν</span> <span class='ocrx_word' id='word_1_9' title='bbox 946 523 1102 580; x_wconf 52' lang='grc' dir='ltr'><strong>αὐτοὶ⁸</strong></span> <span class='ocrx_word' id='word_1_10' title='bbox 1132 525 1552 598; x_wconf 86' lang='grc' dir='ltr'><strong>τετολμήκασιν.</strong></span> <span class='ocrx_word' id='word_1_11' title='bbox 1586 544 1608 579; x_wconf 74' lang='grc' dir='ltr'><strong>ι</strong></span> <span class='ocrx_word' id='word_1_12' title='bbox 1664 527 1757 580; x_wconf 86' lang='grc' dir='ltr'><strong>Ἐν</strong></span> <span class='ocrx_word' id='word_1_13' title='bbox 1776 520 1897 577; x_wconf 69' lang='grc' dir='ltr'>τούς</span> 
     </span>
    </p>
   </div>
   <div class='ocr_carea' id='block_1_5' title="bbox 2017 517 3588 598">
    <p class='ocr_par' dir='ltr' id='par_1_5' title="bbox 2017 517 3588 587">
     <span class='ocr_line' id='line_1_5' title="bbox 2017 517 3588 587; baseline -0.006 -8"><span class='ocrx_word' id='word_1_14' title='bbox 2017 524 2051 580; x_wconf 78' lang='grc' dir='ltr'><strong>ἐ</strong></span> <span class='ocrx_word' id='word_1_15' title='bbox 2082 526 2279 579; x_wconf 87' lang='lat' dir='ltr'><strong>&#39;autem</strong></span> <span class='ocrx_word' id='word_1_16' title='bbox 2321 522 2411 578; x_wconf 90' lang='lat' dir='ltr'><strong>ubi</strong></span> <span class='ocrx_word' id='word_1_17' title='bbox 2464 521 2603 577; x_wconf 81' lang='lat' dir='ltr'><strong>nihil</strong></span> <span class='ocrx_word' id='word_1_18' title='bbox 2648 522 2716 576; x_wconf 91' lang='lat' dir='ltr'><strong>de</strong></span> <span class='ocrx_word' id='word_1_19' title='bbox 2767 519 3052 575; x_wconf 77' lang='lat' dir='ltr'><strong>Antiochia</strong></span> <span class='ocrx_word' id='word_1_20' title='bbox 3112 517 3216 573; x_wconf 84' lang='lat' dir='ltr'><strong>sibi</strong></span> <span class='ocrx_word' id='word_1_21' title='bbox 3257 518 3588 587; x_wconf 79' lang='lat' dir='ltr'><strong>sperandum</strong></span> 
     </span>
    </p>
   </div>
   <div class='ocr_carea' id='block_1_6' title="bbox 322 613 1912 691">
    <p class='ocr_par' dir='ltr' id='par_1_6' title="bbox 322 613 1912 691">
     <span class='ocr_line' id='line_1_6' title="bbox 322 613 1912 691; baseline 0.004 -24"><span class='ocrx_word' id='word_1_22' title='bbox 322 627 443 669; x_wconf 74' lang='grc' dir='ltr'>τοις</span> <span class='ocrx_word' id='word_1_23' title='bbox 481 613 580 682; x_wconf 79' lang='grc' dir='ltr'>μὲν</span> <span class='ocrx_word' id='word_1_24' title='bbox 606 613 677 668; x_wconf 76' lang='grc' dir='ltr'><strong>τὰ</strong></span> <span class='ocrx_word' id='word_1_25' title='bbox 718 614 813 669; x_wconf 75' lang='grc' dir='ltr'><strong>τοῦ</strong></span> <span class='ocrx_word' id='word_1_26' title='bbox 837 616 1169 687; x_wconf 72' lang='grc' dir='ltr'><strong>γράμματος</strong></span> <span class='ocrx_word' id='word_1_27' title='bbox 1192 613 1353 688; x_wconf 77' lang='grc' dir='ltr'>ἦσαν.</span> <span class='ocrx_word' id='word_1_28' title='bbox 1402 618 1461 673; x_wconf 84' lang='lat'><strong>&#39;0</strong></span> <span class='ocrx_word' id='word_1_29' title='bbox 1501 618 1557 673; x_wconf 80' lang='grc' dir='ltr'>δὲ</span> <span class='ocrx_word' id='word_1_30' title='bbox 1583 618 1770 691; x_wconf 69' lang='grc' dir='ltr'>ἐπειδὴ</span> <span class='ocrx_word' id='word_1_31' title='bbox 1802 619 1912 674; x_wconf 84' lang='grc' dir='ltr'>τῶν</span> 
     </span>
    </p>
   </div>
   <div class='ocr_carea' id='block_1_7' title="bbox 2017 613 3588 687">
    <p class='ocr_par' dir='ltr' id='par_1_7' title="bbox 2017 613 3588 687">
     <span class='ocr_line' id='line_1_7' title="bbox 2017 613 3588 687; baseline -0.004 -18"><span class='ocrx_word' id='word_1_32' title='bbox 2017 618 2172 682; x_wconf 86' lang='lat' dir='ltr'><strong>vidit,</strong></span> <span class='ocrx_word' id='word_1_33' title='bbox 2196 615 2438 687; x_wconf 83' lang='lat' dir='ltr'><strong>perstitit</strong></span> <span class='ocrx_word' id='word_1_34' title='bbox 2466 614 2536 670; x_wconf 81' lang='lat' dir='ltr'><strong>tle</strong></span> <span class='ocrx_word' id='word_1_35' title='bbox 2586 614 2847 669; x_wconf 90' lang='lat' dir='ltr'><strong>ailinitate</strong></span> <span class='ocrx_word' id='word_1_36' title='bbox 2901 613 3289 682; x_wconf 76' lang='lat' dir='ltr'><strong>imperatorem</strong></span> <span class='ocrx_word' id='word_1_37' title='bbox 3348 624 3588 680; x_wconf 79' lang='lat' dir='ltr'><strong>rogare:</strong></span> 
     </span>
    </p>
   </div>
   <div class='ocr_carea' id='block_1_8' title="bbox 325 691 1913 778">
    <p class='ocr_par' dir='ltr' id='par_1_8' title="bbox 325 700 1912 778">
     <span class='ocr_line' id='line_1_8' title="bbox 325 700 1912 778; baseline 0.003 -23"><span class='ocrx_word' id='word_1_38' title='bbox 325 700 417 757; x_wconf 78' lang='grc' dir='ltr'><strong>ἐπ’</strong></span> <span class='ocrx_word' id='word_1_39' title='bbox 454 704 757 778; x_wconf 66' lang='grc' dir='ltr'>Ἀντιοχείᾳ</span> <span class='ocrx_word' id='word_1_40' title='bbox 807 705 1159 777; x_wconf 81' lang='grc' dir='ltr'>ὴλπισμένων</span> <span class='ocrx_word' id='word_1_41' title='bbox 1215 706 1596 777; x_wconf 79' lang='grc' dir='ltr'><strong>ἀπετύγχανεν</strong></span> <span class='ocrx_word' id='word_1_42' title='bbox 1655 708 1777 778; x_wconf 71' lang='grc' dir='ltr'>ἤδη,</span> <span class='ocrx_word' id='word_1_43' title='bbox 1824 708 1912 760; x_wconf 77' lang='grc' dir='ltr'><strong>ὲν-</strong></span> 
     </span>
    </p>
   </div>
   <div class='ocr_carea' id='block_1_9' title="bbox 2017 691 3594 778">
    <p class='ocr_par' dir='ltr' id='par_1_9' title="bbox 2017 703 3594 777">
     <span class='ocr_line' id='line_1_9' title="bbox 2017 703 3594 777; baseline -0.003 -15"><span class='ocrx_word' id='word_1_44' title='bbox 2017 710 2066 762; x_wconf 67' lang='lat' dir='ltr'><strong>et</strong></span> <span class='ocrx_word' id='word_1_45' title='bbox 2090 714 2312 777; x_wconf 86' lang='lat' dir='ltr'><strong>accepta</strong></span> <span class='ocrx_word' id='word_1_46' title='bbox 2365 707 2419 761; x_wconf 92' lang='lat' dir='ltr'><strong>in</strong></span> <span class='ocrx_word' id='word_1_47' title='bbox 2474 704 2879 760; x_wconf 88' lang='lat' dir='ltr'><strong>matrimonium</strong></span> <span class='ocrx_word' id='word_1_48' title='bbox 2918 718 3024 759; x_wconf 87' lang='lat' dir='ltr'><strong>una</strong></span> <span class='ocrx_word' id='word_1_49' title='bbox 3059 703 3293 758; x_wconf 81' lang='lat' dir='ltr'><strong>ﬁliarum</strong></span> <span class='ocrx_word' id='word_1_50' title='bbox 3351 711 3594 772; x_wconf 84' lang='lat' dir='ltr'><strong>prolose-</strong></span> 
     </span>
    </p>
   </div>
   <div class='ocr_carea' id='block_1_10' title="bbox 330 789 1912 872">
    <p class='ocr_par' dir='ltr' id='par_1_10' title="bbox 330 789 1912 872">
     <span class='ocr_line' id='line_1_10' title="bbox 330 789 1912 872; baseline 0.002 -26"><span class='ocrx_word' id='word_1_51' title='bbox 330 789 512 848; x_wconf 70' lang='grc' dir='ltr'>ἔκειτο</span> <span class='ocrx_word' id='word_1_52' title='bbox 550 790 897 866; x_wconf 74' lang='grc' dir='ltr'>περὶ’κήδους</span> <span class='ocrx_word' id='word_1_53' title='bbox 931 797 1118 851; x_wconf 84' lang='grc' dir='ltr'>λοιπὸν</span> <span class='ocrx_word' id='word_1_54' title='bbox 1143 796 1232 852; x_wconf 80' lang='grc' dir='ltr'><strong>τὸν</strong></span> <span class='ocrx_word' id='word_1_55' title='bbox 1264 798 1488 870; x_wconf 79' lang='grc' dir='ltr'><strong>βασιλέα</strong></span> <span class='ocrx_word' id='word_1_56' title='bbox 1525 797 1613 872; x_wconf 85' lang='grc' dir='ltr'><strong>[Ρ.</strong></span> <span class='ocrx_word' id='word_1_57' title='bbox 1644 796 1770 870; x_wconf 77' lang='grc'><strong>158]</strong></span> <span class='ocrx_word' id='word_1_58' title='bbox 1802 814 1912 850; x_wconf 76' lang='grc' dir='ltr'><strong>πα-</strong></span> 
     </span>
    </p>
   </div>
   <div class='ocr_carea' id='block_1_11' title="bbox 333 882 1906 958">
    <p class='ocr_par' dir='ltr' id='par_1_11' title="bbox 333 882 1906 958">
     <span class='ocr_line' id='line_1_11' title="bbox 333 882 1906 958; baseline 0.001 -18"><span class='ocrx_word' id='word_1_59' title='bbox 333 885 713 957; x_wconf 84' lang='grc' dir='ltr'>ραιτούμενος.</span> <span class='ocrx_word' id='word_1_60' title='bbox 769 886 915 939; x_wconf 87' lang='grc' dir='ltr'>Μίαν</span> <span class='ocrx_word' id='word_1_61' title='bbox 938 887 1120 943; x_wconf 79' lang='grc' dir='ltr'>τοίνυν</span> <span class='ocrx_word' id='word_1_62' title='bbox 1162 889 1271 942; x_wconf 83' lang='grc' dir='ltr'>τῶν</span> <span class='ocrx_word' id='word_1_63' title='bbox 1301 882 1395 941; x_wconf 80' lang='grc' dir='ltr'><strong>τοῦ</strong></span> <span class='ocrx_word' id='word_1_64' title='bbox 1454 887 1906 958; x_wconf 78' lang='grc' dir='ltr'>πρωτοσεϐαστοῦ</span> 
     </span>
    </p>
   </div>
   <div class='ocr_carea' id='block_1_12' title="bbox 325 977 1907 1050">
    <p class='ocr_par' dir='ltr' id='par_1_12' title="bbox 325 977 1907 1050">
     <span class='ocr_line' id='line_1_12' title="bbox 325 977 1907 1050; baseline 0.001 -18"><span class='ocrx_word' id='word_1_65' title='bbox 325 977 719 1047; x_wconf 71' lang='grc' dir='ltr'>ἁρμοσάμενος</span> <span class='ocrx_word' id='word_1_66' title='bbox 757 977 1075 1049; x_wconf 80' lang='grc' dir='ltr'><strong>θυγατέρων</strong></span> <span class='ocrx_word' id='word_1_67' title='bbox 1094 980 1359 1050; x_wconf 84' lang='grc' dir='ltr'><strong>ὀμώμοκε</strong></span> <span class='ocrx_word' id='word_1_68' title='bbox 1378 980 1568 1034; x_wconf 72' lang='grc' dir='ltr'>λοιπὸν</span> <span class='ocrx_word' id='word_1_69' title='bbox 1598 981 1693 1035; x_wconf 75' lang='grc' dir='ltr'><strong>καὶ</strong></span> <span class='ocrx_word' id='word_1_70' title='bbox 1720 980 1907 1045; x_wconf 78' lang='grc' dir='ltr'>αὐτὸς,</span> 
     </span>
    </p>
   </div>
   <div class='ocr_carea' id='block_1_13' title="bbox 324 1070 1909 1144">
    <p class='ocr_par' dir='ltr' id='par_1_13' title="bbox 324 1070 1909 1144">
     <span class='ocr_line' id='line_1_13' title="bbox 324 1070 1909 1144; baseline -0.001 -19"><span class='ocrx_word' id='word_1_71' title='bbox 324 1072 430 1125; x_wconf 81' lang='grc' dir='ltr'><strong>ὅσα</strong></span> <span class='ocrx_word' id='word_1_72' title='bbox 454 1070 550 1124; x_wconf 75' lang='grc' dir='ltr'><strong>καὶ</strong></span> <span class='ocrx_word' id='word_1_73' title='bbox 578 1070 896 1136; x_wconf 82' lang='grc' dir='ltr'>Βαλδουῖνος</span> <span class='ocrx_word' id='word_1_74' title='bbox 915 1072 943 1124; x_wconf 81' lang='grc' dir='ltr'><strong>ὀ</strong></span> <span class='ocrx_word' id='word_1_75' title='bbox 976 1072 1207 1141; x_wconf 76' lang='grc' dir='ltr'>ἀδελφὸς</span> <span class='ocrx_word' id='word_1_76' title='bbox 1228 1072 1393 1126; x_wconf 83' lang='grc' dir='ltr'>αὐτοῦ</span> <span class='ocrx_word' id='word_1_77' title='bbox 1428 1073 1714 1144; x_wconf 74' lang='grc' dir='ltr'><strong>πρότερον.</strong></span> <span class='ocrx_word' id='word_1_78' title='bbox 1743 1072 1909 1126; x_wconf 84' lang='grc' dir='ltr'>Βασι-</span> 
     </span>
    </p>
   </div>
   <div class='ocr_carea' id='block_1_14' title="bbox 324 1160 1911 1237">
    <p class='ocr_par' dir='ltr' id='par_1_14' title="bbox 324 1160 1911 1237">
     <span class='ocr_line' id='line_1_14' title="bbox 324 1160 1911 1237; baseline 0.002 -24"><span class='ocrx_word' id='word_1_79' title='bbox 324 1160 457 1224; x_wconf 78' lang='grc' dir='ltr'>λεὺς</span> <span class='ocrx_word' id='word_1_80' title='bbox 477 1161 556 1226; x_wconf 76' lang='grc' dir='ltr'>δὲ,</span> <span class='ocrx_word' id='word_1_81' title='bbox 588 1161 779 1229; x_wconf 72' lang='grc' dir='ltr'>ἐπειδὴ</span> <span class='ocrx_word' id='word_1_82' title='bbox 836 1162 1065 1232; x_wconf 79' lang='grc' dir='ltr'><strong>μηδέπω</strong></span> <span class='ocrx_word' id='word_1_83' title='bbox 1090 1163 1160 1217; x_wconf 83' lang='grc' dir='ltr'>τὰ</span> <span class='ocrx_word' id='word_1_84' title='bbox 1183 1165 1319 1236; x_wconf 75' lang='grc' dir='ltr'>πρὸς</span> <span class='ocrx_word' id='word_1_85' title='bbox 1378 1164 1479 1237; x_wconf 72' lang='grc' dir='ltr'><strong>τὴν</strong></span> <span class='ocrx_word' id='word_1_86' title='bbox 1541 1164 1695 1235; x_wconf 78' lang='grc' dir='ltr'>παρὰ</span> <span class='ocrx_word' id='word_1_87' title='bbox 1744 1163 1911 1227; x_wconf 87' lang='grc' dir='ltr'>πόδας</span> 
     </span>
    </p>
   </div>
   <div class='ocr_carea' id='block_1_15' title="bbox 326 1249 1910 1324">
    <p class='ocr_par' dir='ltr' id='par_1_15' title="bbox 326 1249 1910 1324">
     <span class='ocr_line' id='line_1_15' title="bbox 326 1249 1910 1324; baseline 0.003 -21"><span class='ocrx_word' id='word_1_88' title='bbox 326 1249 768 1320; x_wconf 73' lang='grc' dir='ltr'><strong>ἐξαρτυσὰμενος</strong></span> <span class='ocrx_word' id='word_1_89' title='bbox 822 1250 980 1322; x_wconf 73' lang='grc' dir='ltr'>ἔτυχε</span> <span class='ocrx_word' id='word_1_90' title='bbox 1019 1253 1203 1324; x_wconf 82' lang='grc' dir='ltr'>μάχην</span> <span class='ocrx_word' id='word_1_91' title='bbox 1232 1268 1248 1284; x_wconf 79' lang='grc'><strong><em>⁸</em></strong></span> <span class='ocrx_word' id='word_1_92' title='bbox 1279 1251 1465 1317; x_wconf 78' lang='grc' dir='ltr'><strong>δείσας</strong></span> <span class='ocrx_word' id='word_1_93' title='bbox 1498 1255 1630 1324; x_wconf 83' lang='grc' dir='ltr'>περὶ</span> <span class='ocrx_word' id='word_1_94' title='bbox 1660 1255 1725 1324; x_wconf 79' lang='grc' dir='ltr'><strong>τῇ</strong></span> <span class='ocrx_word' id='word_1_95' title='bbox 1757 1254 1910 1307; x_wconf 81' lang='grc' dir='ltr'>πόλει</span> 
     </span>
    </p>
   </div>
   <div class='ocr_carea' id='block_1_16' title="bbox 328 1340 1910 1419">
    <p class='ocr_par' dir='ltr' id='par_1_16' title="bbox 328 1340 1910 1419">
     <span class='ocr_line' id='line_1_16' title="bbox 328 1340 1910 1419; baseline 0.003 -25"><span class='ocrx_word' id='word_1_96' title='bbox 328 1341 559 1415; x_wconf 77' lang='grc' dir='ltr'><strong>Ζεύγμῃ</strong></span> <span class='ocrx_word' id='word_1_97' title='bbox 593 1342 672 1413; x_wconf 77' lang='lat'><strong>(3)</strong></span> <span class='ocrx_word' id='word_1_98' title='bbox 713 1340 807 1395; x_wconf 68' lang='grc' dir='ltr'><strong>ἐπὶ</strong></span> <span class='ocrx_word' id='word_1_99' title='bbox 872 1342 1122 1398; x_wconf 78' lang='grc' dir='ltr'>πλεῖστον</span> <span class='ocrx_word' id='word_1_100' title='bbox 1156 1344 1259 1419; x_wconf 70' lang='grc' dir='ltr'>ἤδη</span> <span class='ocrx_word' id='word_1_101' title='bbox 1310 1345 1450 1417; x_wconf 80' lang='grc' dir='ltr'>πρὸς</span> <span class='ocrx_word' id='word_1_102' title='bbox 1500 1344 1597 1399; x_wconf 84' lang='grc' dir='ltr'><strong>τοῦ</strong></span> <span class='ocrx_word' id='word_1_103' title='bbox 1632 1345 1910 1415; x_wconf 75' lang='grc' dir='ltr'><strong>Στεφάνου</strong></span> 
     </span>
    </p>
   </div>
   <div class='ocr_carea' id='block_1_17' title="bbox 328 1435 1908 1510">
    <p class='ocr_par' dir='ltr' id='par_1_17' title="bbox 328 1435 1908 1510">
     <span class='ocr_line' id='line_1_17' title="bbox 328 1435 1908 1510; baseline 0.003 -23"><span class='ocrx_word' id='word_1_104' title='bbox 328 1435 798 1510; x_wconf 73' lang='grc' dir='ltr'>πυργηρουμὲνῃ,</span> <span class='ocrx_word' id='word_1_105' title='bbox 838 1435 948 1506; x_wconf 82' lang='grc' dir='ltr'>πρὸ</span> <span class='ocrx_word' id='word_1_106' title='bbox 986 1436 1081 1490; x_wconf 81' lang='grc' dir='ltr'><strong>τοῦ</strong></span> <span class='ocrx_word' id='word_1_107' title='bbox 1111 1437 1203 1492; x_wconf 81' lang='grc' dir='ltr'>τὸν</span> <span class='ocrx_word' id='word_1_108' title='bbox 1225 1438 1491 1510; x_wconf 80' lang='grc' dir='ltr'>ὑπὲρτῶν</span> <span class='ocrx_word' id='word_1_109' title='bbox 1519 1439 1656 1493; x_wconf 83' lang='grc' dir='ltr'>ὅλων</span> <span class='ocrx_word' id='word_1_110' title='bbox 1678 1438 1908 1510; x_wconf 72' lang='grc' dir='ltr'><strong>ὲκρῆξαι</strong></span> 
     </span>
    </p>
   </div>
   <div class='ocr_carea' id='block_1_18' title="bbox 327 1528 1906 1604">
    <p class='ocr_par' dir='ltr' id='par_1_18' title="bbox 327 1528 1906 1604">
     <span class='ocr_line' id='line_1_18' title="bbox 327 1528 1906 1604; baseline 0.003 -22"><span class='ocrx_word' id='word_1_111' title='bbox 327 1528 594 1600; x_wconf 81' lang='grc' dir='ltr'>πόλεμον,</span> <span class='ocrx_word' id='word_1_112' title='bbox 661 1531 977 1603; x_wconf 74' lang='grc' dir='ltr'>στράτευμα</span> <span class='ocrx_word' id='word_1_113' title='bbox 1024 1530 1185 1598; x_wconf 78' lang='grc' dir='ltr'>λόγου</span> <span class='ocrx_word' id='word_1_114' title='bbox 1242 1531 1395 1597; x_wconf 72' lang='grc' dir='ltr'>ἄξιον</span> <span class='ocrx_word' id='word_1_115' title='bbox 1460 1532 1725 1603; x_wconf 77' lang='grc' dir='ltr'><strong>βοηθῆσον</strong></span> <span class='ocrx_word' id='word_1_116' title='bbox 1769 1534 1906 1604; x_wconf 80' lang='grc' dir='ltr'>αὑτῇ</span> 
     </span>
    </p>
   </div>
   <div class='ocr_carea' id='block_1_19' title="bbox 328 1616 1908 1695">
    <p class='ocr_par' dir='ltr' id='par_1_19' title="bbox 328 1616 1908 1695">
     <span class='ocr_line' id='line_1_19' title="bbox 328 1616 1908 1695; baseline 0.004 -23"><span class='ocrx_word' id='word_1_117' title='bbox 328 1616 584 1672; x_wconf 76' lang='grc' dir='ltr'><strong>ἔστελλεν</strong></span> <span class='ocrx_word' id='word_1_118' title='bbox 651 1616 757 1671; x_wconf 73' lang='grc' dir='ltr'><strong>ὑπὸ</strong></span> <span class='ocrx_word' id='word_1_119' title='bbox 792 1620 1120 1692; x_wconf 81' lang='grc' dir='ltr'><strong>στρατηγοῖς</strong></span> <span class='ocrx_word' id='word_1_120' title='bbox 1164 1620 1385 1693; x_wconf 72' lang='grc' dir='ltr'><strong>Μιχαὴλ</strong></span> <span class='ocrx_word' id='word_1_121' title='bbox 1408 1640 1469 1676; x_wconf 86' lang='grc' dir='ltr'><strong>τε</strong></span> <span class='ocrx_word' id='word_1_122' title='bbox 1493 1621 1571 1693; x_wconf 83' lang='grc' dir='ltr'>τῷ</span> <span class='ocrx_word' id='word_1_123' title='bbox 1600 1623 1786 1695; x_wconf 78' lang='grc' dir='ltr'>Γασρᾷ</span> <span class='ocrx_word' id='word_1_124' title='bbox 1813 1626 1908 1678; x_wconf 84' lang='grc' dir='ltr'><strong>καὶ</strong></span> 
     </span>
    </p>
   </div>
   <div class='ocr_carea' id='block_1_20' title="bbox 326 1707 1907 1783">
    <p class='ocr_par' dir='ltr' id='par_1_20' title="bbox 326 1707 1907 1783">
     <span class='ocr_line' id='line_1_20' title="bbox 326 1707 1907 1783; baseline 0.004 -21"><span class='ocrx_word' id='word_1_125' title='bbox 326 1707 409 1779; x_wconf 79' lang='grc' dir='ltr'><strong>τῷ</strong></span> <span class='ocrx_word' id='word_1_126' title='bbox 430 1709 705 1782; x_wconf 82' lang='grc' dir='ltr'>Βρυεννίῳ</span> <span class='ocrx_word' id='word_1_127' title='bbox 741 1710 959 1783; x_wconf 72' lang='grc' dir='ltr'>Ἰωσὴφ,</span> <span class='ocrx_word' id='word_1_128' title='bbox 997 1712 1090 1781; x_wconf 78' lang='grc' dir='ltr'><strong>ὑφ’</strong></span> <span class='ocrx_word' id='word_1_129' title='bbox 1130 1712 1226 1776; x_wconf 85' lang='grc' dir='ltr'>οὓς</span> <span class='ocrx_word' id='word_1_130' title='bbox 1254 1713 1474 1767; x_wconf 82' lang='grc' dir='ltr'>ἐτέλουν</span> <span class='ocrx_word' id='word_1_131' title='bbox 1504 1713 1655 1769; x_wconf 78' lang='grc' dir='ltr'>ἄλλοι</span> <span class='ocrx_word' id='word_1_132' title='bbox 1707 1732 1769 1769; x_wconf 87' lang='grc' dir='ltr'>τε</span> <span class='ocrx_word' id='word_1_133' title='bbox 1799 1715 1907 1769; x_wconf 80' lang='grc' dir='ltr'><strong>τῶν</strong></span> 
     </span>
    </p>
   </div>
   <div class='ocr_carea' id='block_1_21' title="bbox 328 1799 1906 1877">
    <p class='ocr_par' dir='ltr' id='par_1_21' title="bbox 328 1799 1906 1877">
     <span class='ocr_line' id='line_1_21' title="bbox 328 1799 1906 1877; baseline 0.005 -24"><span class='ocrx_word' id='word_1_134' title='bbox 328 1800 391 1853; x_wconf 71' lang='grc' dir='ltr'><strong>ἐν</strong></span> <span class='ocrx_word' id='word_1_135' title='bbox 440 1799 734 1873; x_wconf 83' lang='grc' dir='ltr'>Ῥωμαίοις</span> <span class='ocrx_word' id='word_1_136' title='bbox 784 1803 1260 1875; x_wconf 77' lang='grc' dir='ltr'>ὲπιφανεστέρων,</span> <span class='ocrx_word' id='word_1_137' title='bbox 1299 1807 1395 1859; x_wconf 77' lang='grc' dir='ltr'><strong>καὶ</strong></span> <span class='ocrx_word' id='word_1_138' title='bbox 1441 1805 1692 1877; x_wconf 83' lang='grc' dir='ltr'><strong>Ἰωάννης</strong></span> <span class='ocrx_word' id='word_1_139' title='bbox 1718 1806 1779 1860; x_wconf 82' lang='grc' dir='ltr'><strong>ὃν</strong></span> <span class='ocrx_word' id='word_1_140' title='bbox 1803 1808 1906 1875; x_wconf 79' lang='grc' dir='ltr'><strong>ἆγ-</strong></span> 
     </span>
    </p>
   </div>
   <div class='ocr_carea' id='block_1_22' title="bbox 328 1881 1984 1968">
    <p class='ocr_par' dir='ltr' id='par_1_22' title="bbox 328 1881 1984 1968">
     <span class='ocr_line' id='line_1_22' title="bbox 328 1881 1984 1968; baseline 0.004 -23"><span class='ocrx_word' id='word_1_141' title='bbox 328 1891 492 1962; x_wconf 81' lang='grc' dir='ltr'>γελον</span> <span class='ocrx_word' id='word_1_142' title='bbox 522 1894 849 1960; x_wconf 74' lang='grc' dir='ltr'>ἐπεκάλουν,</span> <span class='ocrx_word' id='word_1_143' title='bbox 885 1896 1026 1968; x_wconf 77' lang='grc' dir='ltr'><strong>ἀνὴρ</strong></span> <span class='ocrx_word' id='word_1_144' title='bbox 1076 1897 1575 1968; x_wconf 73' lang='grc' dir='ltr'>ὲμπειροπόλεμος,</span> <span class='ocrx_word' id='word_1_145' title='bbox 1600 1900 1695 1953; x_wconf 75' lang='grc' dir='ltr'><strong>καὶ</strong></span> <span class='ocrx_word' id='word_1_146' title='bbox 1726 1898 1909 1955; x_wconf 86' lang='grc' dir='ltr'><strong>Ἰωάν-</strong></span> <span class='ocrx_word' id='word_1_147' title='bbox 1940 1881 1984 1938; x_wconf 77' lang='grc' dir='ltr'><strong>Β</strong></span> 
     </span>
    </p>
   </div>
   <div class='ocr_carea' id='block_1_23' title="bbox 331 1987 1909 2063">
    <p class='ocr_par' dir='ltr' id='par_1_23' title="bbox 331 1987 1909 2063">
     <span class='ocr_line' id='line_1_23' title="bbox 331 1987 1909 2063; baseline 0.004 -22"><span class='ocrx_word' id='word_1_148' title='bbox 331 1988 482 2058; x_wconf 82' lang='grc' dir='ltr'><strong>νηςό</strong></span> <span class='ocrx_word' id='word_1_149' title='bbox 540 1987 705 2057; x_wconf 80' lang='grc' dir='ltr'>Ἷσὴς,</span> <span class='ocrx_word' id='word_1_150' title='bbox 761 1988 980 2063; x_wconf 76' lang='grc' dir='ltr'>Πέρσης</span> <span class='ocrx_word' id='word_1_151' title='bbox 1038 1990 1136 2062; x_wconf 79' lang='grc' dir='ltr'>μὲν</span> <span class='ocrx_word' id='word_1_152' title='bbox 1162 1990 1225 2044; x_wconf 75' lang='grc' dir='ltr'><strong>τὸ</strong></span> <span class='ocrx_word' id='word_1_153' title='bbox 1258 1990 1417 2061; x_wconf 84' lang='grc' dir='ltr'>γένος</span> <span class='ocrx_word' id='word_1_154' title='bbox 1474 1992 1680 2062; x_wconf 78' lang='grc' dir='ltr'><strong>τροφῆς</strong></span> <span class='ocrx_word' id='word_1_155' title='bbox 1720 1992 1775 2048; x_wconf 84' lang='grc' dir='ltr'>δὲ</span> <span class='ocrx_word' id='word_1_156' title='bbox 1814 1996 1909 2050; x_wconf 78' lang='grc' dir='ltr'><strong>καὶ</strong></span> 
     </span>
    </p>
   </div>
   <div class='ocr_carea' id='block_1_24' title="bbox 331 2079 1909 2162">
    <p class='ocr_par' dir='ltr' id='par_1_24' title="bbox 331 2079 1909 2162">
     <span class='ocr_line' id='line_1_24' title="bbox 331 2079 1909 2162; baseline 0.007 -29"><span class='ocrx_word' id='word_1_157' title='bbox 331 2079 547 2153; x_wconf 84' lang='grc' dir='ltr'>διαίτης</span> <span class='ocrx_word' id='word_1_158' title='bbox 568 2082 918 2154; x_wconf 66' lang='grc' dir='ltr'><strong>ἐμεταλαχὼν</strong></span> <span class='ocrx_word' id='word_1_159' title='bbox 959 2084 1298 2157; x_wconf 77' lang='grc' dir='ltr'><strong>Ῥωμαῖκῆς.</strong></span> <span class='ocrx_word' id='word_1_160' title='bbox 1345 2087 1471 2143; x_wconf 72' lang='grc' dir='ltr'><strong>Ἐπὶ</strong></span> <span class='ocrx_word' id='word_1_161' title='bbox 1514 2088 1675 2142; x_wconf 82' lang='grc' dir='ltr'>πλέον</span> <span class='ocrx_word' id='word_1_162' title='bbox 1706 2106 1767 2156; x_wconf 80' lang='grc' dir='ltr'><strong>γε</strong></span> <span class='ocrx_word' id='word_1_163' title='bbox 1800 2090 1909 2162; x_wconf 83' lang='grc' dir='ltr'>μὴν</span> 
     </span>
    </p>
   </div>
   <div class='ocr_carea' id='block_1_25' title="bbox 326 2172 1910 2249">
    <p class='ocr_par' dir='ltr' id='par_1_25' title="bbox 326 2172 1910 2249">
     <span class='ocr_line' id='line_1_25' title="bbox 326 2172 1910 2249; baseline 0.008 -25"><span class='ocrx_word' id='word_1_164' title='bbox 326 2174 397 2243; x_wconf 74' lang='grc' dir='ltr'>τῇ</span> <span class='ocrx_word' id='word_1_165' title='bbox 429 2172 585 2226; x_wconf 82' lang='grc' dir='ltr'>πόλει</span> <span class='ocrx_word' id='word_1_166' title='bbox 636 2174 947 2245; x_wconf 83' lang='grc' dir='ltr'>ἐπαρκέσαι</span> <span class='ocrx_word' id='word_1_167' title='bbox 1005 2177 1287 2249; x_wconf 76' lang='grc' dir='ltr'>βουληθεὶς</span> <span class='ocrx_word' id='word_1_168' title='bbox 1322 2179 1455 2242; x_wconf 79' lang='grc' dir='ltr'>ναῦς</span> <span class='ocrx_word' id='word_1_169' title='bbox 1478 2181 1609 2235; x_wconf 72' lang='grc' dir='ltr'>ὡσεὶ</span> <span class='ocrx_word' id='word_1_170' title='bbox 1648 2182 1910 2248; x_wconf 83' lang='grc' dir='ltr'><strong>πλείστας</strong></span> 
     </span>
    </p>
   </div>
   <div class='ocr_carea' id='block_1_26' title="bbox 328 2268 1909 2349">
    <p class='ocr_par' dir='ltr' id='par_1_26' title="bbox 328 2268 1909 2349">
     <span class='ocr_line' id='line_1_26' title="bbox 328 2268 1909 2349; baseline 0.006 -29"><span class='ocrx_word' id='word_1_171' title='bbox 328 2268 685 2337; x_wconf 76' lang='grc' dir='ltr'><strong>στρατιωτῶν</strong></span> <span class='ocrx_word' id='word_1_172' title='bbox 710 2287 770 2324; x_wconf 86' lang='grc' dir='ltr'>τε</span> <span class='ocrx_word' id='word_1_173' title='bbox 799 2270 897 2324; x_wconf 71' lang='grc' dir='ltr'><strong>καὶ</strong></span> <span class='ocrx_word' id='word_1_174' title='bbox 956 2272 1065 2326; x_wconf 78' lang='grc' dir='ltr'><strong>τῶν</strong></span> <span class='ocrx_word' id='word_1_175' title='bbox 1108 2274 1435 2345; x_wconf 74' lang='grc' dir='ltr'>ἐπιτηδείων</span> <span class='ocrx_word' id='word_1_176' title='bbox 1485 2278 1909 2349; x_wconf 74' lang='grc' dir='ltr'><strong>ἐμπλησάμενος</strong></span> 
     </span>
    </p>
   </div>
   <div class='ocr_carea' id='block_1_27' title="bbox 327 2359 1910 2446">
    <p class='ocr_par' dir='ltr' id='par_1_27' title="bbox 327 2359 1910 2446">
     <span class='ocr_line' id='line_1_27' title="bbox 327 2359 1910 2446; baseline 0.009 -33"><span class='ocrx_word' id='word_1_177' title='bbox 327 2359 549 2413; x_wconf 69' lang='grc' dir='ltr'>ἐκέλευε</span> <span class='ocrx_word' id='word_1_178' title='bbox 570 2360 661 2415; x_wconf 85' lang='grc' dir='ltr'>τὸν</span> <span class='ocrx_word' id='word_1_179' title='bbox 727 2363 943 2434; x_wconf 86' lang='grc' dir='ltr'>Ἴστρον</span> <span class='ocrx_word' id='word_1_180' title='bbox 976 2367 1402 2436; x_wconf 81' lang='grc' dir='ltr'><strong>παραπλεούσας</strong></span> <span class='ocrx_word' id='word_1_181' title='bbox 1430 2374 1539 2434; x_wconf 86' lang='grc' dir='ltr'>τοῖς</span> <span class='ocrx_word' id='word_1_182' title='bbox 1565 2372 1739 2426; x_wconf 78' lang='grc' dir='ltr'>ἔνδοθι</span> <span class='ocrx_word' id='word_1_183' title='bbox 1764 2390 1910 2446; x_wconf 83' lang='grc' dir='ltr'><strong>παρ-</strong></span> 
     </span>
    </p>
   </div>
   <div class='ocr_carea' id='block_1_28' title="bbox 333 2450 1910 2539">
    <p class='ocr_par' dir='ltr' id='par_1_28' title="bbox 333 2450 1910 2539">
     <span class='ocr_line' id='line_1_28' title="bbox 333 2450 1910 2539; baseline 0.012 -36"><span class='ocrx_word' id='word_1_184' title='bbox 333 2451 481 2520; x_wconf 75' lang='grc' dir='ltr'>έχειν</span> <span class='ocrx_word' id='word_1_185' title='bbox 514 2450 627 2507; x_wconf 80' lang='grc' dir='ltr'><strong>τῶν</strong></span> <span class='ocrx_word' id='word_1_186' title='bbox 657 2453 998 2524; x_wconf 80' lang='grc' dir='ltr'>ἀναγκαίων,</span> <span class='ocrx_word' id='word_1_187' title='bbox 1023 2458 1130 2522; x_wconf 76' lang='grc' dir='ltr'>ἕως</span> <span class='ocrx_word' id='word_1_188' title='bbox 1160 2459 1323 2524; x_wconf 75' lang='grc' dir='ltr'><strong>αὐτὸς</strong></span> <span class='ocrx_word' id='word_1_189' title='bbox 1343 2465 1652 2535; x_wconf 73' lang='grc' dir='ltr'>πανστρατὶ</span> <span class='ocrx_word' id='word_1_190' title='bbox 1685 2467 1777 2520; x_wconf 76' lang='grc' dir='ltr'><strong>ἐπὶ</strong></span> <span class='ocrx_word' id='word_1_191' title='bbox 1806 2466 1910 2539; x_wconf 80' lang='grc' dir='ltr'><strong>τὴν</strong></span> 
     </span>
    </p>
   </div>
   <div class='ocr_carea' id='block_1_29' title="bbox 336 2544 1909 2628">
    <p class='ocr_par' dir='ltr' id='par_1_29' title="bbox 336 2544 1909 2628">
     <span class='ocr_line' id='line_1_29' title="bbox 336 2544 1909 2628; baseline 0.011 -32"><span class='ocrx_word' id='word_1_192' title='bbox 336 2544 601 2617; x_wconf 72' lang='grc' dir='ltr'>Οὐννικὴν</span> <span class='ocrx_word' id='word_1_193' title='bbox 651 2546 935 2619; x_wconf 77' lang='grc' dir='ltr'>ἀφίκηται.</span> <span class='ocrx_word' id='word_1_194' title='bbox 989 2546 1182 2605; x_wconf 83' lang='grc' dir='ltr'>Οὖννοι</span> <span class='ocrx_word' id='word_1_195' title='bbox 1210 2554 1290 2617; x_wconf 74' lang='grc' dir='ltr'>δὲ,</span> <span class='ocrx_word' id='word_1_196' title='bbox 1326 2556 1516 2628; x_wconf 83' lang='grc' dir='ltr'>ἐπειδὴ</span> <span class='ocrx_word' id='word_1_197' title='bbox 1574 2557 1743 2613; x_wconf 73' lang='grc' dir='ltr'>πολύν</span> <span class='ocrx_word' id='word_1_198' title='bbox 1787 2578 1909 2613; x_wconf 90' lang='grc' dir='ltr'>τινα</span> 
     </span>
    </p>
   </div>
   <div class='ocr_carea' id='block_1_30' title="bbox 338 2636 1907 2719">
    <p class='ocr_par' dir='ltr' id='par_1_30' title="bbox 338 2636 1907 2719">
     <span class='ocr_line' id='line_1_30' title="bbox 338 2636 1907 2719; baseline 0.012 -31"><span class='ocrx_word' id='word_1_199' title='bbox 338 2636 522 2705; x_wconf 78' lang='grc' dir='ltr'>χρόνον</span> <span class='ocrx_word' id='word_1_200' title='bbox 556 2637 703 2707; x_wconf 78' lang='grc' dir='ltr'><strong>ἀμφὶ</strong></span> <span class='ocrx_word' id='word_1_201' title='bbox 732 2639 806 2710; x_wconf 84' lang='grc' dir='ltr'>τῷ</span> <span class='ocrx_word' id='word_1_202' title='bbox 835 2642 1109 2715; x_wconf 81' lang='grc' dir='ltr'>περιϐόλῳ</span> <span class='ocrx_word' id='word_1_203' title='bbox 1166 2645 1609 2719; x_wconf 74' lang='grc' dir='ltr'><strong>ἐνδιατρίψαντες</strong></span> <span class='ocrx_word' id='word_1_204' title='bbox 1648 2651 1907 2717; x_wconf 79' lang='grc' dir='ltr'><strong>πολλάκις</strong></span> 
     </span>
    </p>
   </div>
   <div class='ocr_carea' id='block_1_31' title="bbox 333 2724 1909 2806">
    <p class='ocr_par' dir='ltr' id='par_1_31' title="bbox 333 2724 1909 2806">
     <span class='ocr_line' id='line_1_31' title="bbox 333 2724 1909 2806; baseline 0.013 -31"><span class='ocrx_word' id='word_1_205' title='bbox 333 2738 393 2775; x_wconf 73' lang='grc' dir='ltr'>τε</span> <span class='ocrx_word' id='word_1_206' title='bbox 422 2724 595 2780; x_wconf 81' lang='grc' dir='ltr'><strong>αὐτοῦ</strong></span> <span class='ocrx_word' id='word_1_207' title='bbox 614 2728 1129 2802; x_wconf 76' lang='grc' dir='ltr'>ἀποπειρασάμενοι</span> <span class='ocrx_word' id='word_1_208' title='bbox 1164 2735 1413 2805; x_wconf 72' lang='grc' dir='ltr'>ἔγνωσαν</span> <span class='ocrx_word' id='word_1_209' title='bbox 1442 2738 1755 2806; x_wconf 83' lang='grc' dir='ltr'>ἀνεφίκτοις</span> <span class='ocrx_word' id='word_1_210' title='bbox 1790 2745 1909 2797; x_wconf 61' lang='grc' dir='ltr'>ἐπιδ</span> 
     </span>
    </p>
   </div>
   <div class='ocr_carea' id='block_1_32' title="bbox 329 2819 1911 2905">
    <p class='ocr_par' dir='ltr' id='par_1_32' title="bbox 329 2819 1911 2905">
     <span class='ocr_line' id='line_1_32' title="bbox 329 2819 1911 2905; baseline 0.013 -38"><span class='ocrx_word' id='word_1_211' title='bbox 329 2819 536 2888; x_wconf 83' lang='grc' dir='ltr'>χειρείν</span> <span class='ocrx_word' id='word_1_212' title='bbox 567 2819 641 2891; x_wconf 74' lang='grc' dir='ltr'><strong>(αἱ</strong></span> <span class='ocrx_word' id='word_1_213' title='bbox 667 2821 775 2892; x_wconf 84' lang='grc' dir='ltr'>γὰρ</span> <span class='ocrx_word' id='word_1_214' title='bbox 812 2823 1122 2894; x_wconf 72' lang='grc' dir='ltr'><strong>Ῥωμαϊκαὶ</strong></span> <span class='ocrx_word' id='word_1_215' title='bbox 1182 2830 1310 2900; x_wconf 82' lang='grc' dir='ltr'>νῆες</span> <span class='ocrx_word' id='word_1_216' title='bbox 1360 2831 1454 2885; x_wconf 72' lang='grc' dir='ltr'><strong>ἐπὶ</strong></span> <span class='ocrx_word' id='word_1_217' title='bbox 1496 2830 1595 2903; x_wconf 74' lang='grc' dir='ltr'><strong>τὴν</strong></span> <span class='ocrx_word' id='word_1_218' title='bbox 1645 2835 1911 2905; x_wconf 67' lang='grc' dir='ltr'>ἐχομένην</span> 
     </span>
    </p>
   </div>
   <div class='ocr_carea' id='block_1_33' title="bbox 328 2903 1912 2996">
    <p class='ocr_par' dir='ltr' id='par_1_33' title="bbox 328 2903 1912 2996">
     <span class='ocr_line' id='line_1_33' title="bbox 328 2903 1912 2996; baseline 0.011 -32"><span class='ocrx_word' id='word_1_219' title='bbox 328 2913 582 2983; x_wconf 75' lang='grc' dir='ltr'>ποταμοῦ</span> <span class='ocrx_word' id='word_1_220' title='bbox 625 2914 841 2987; x_wconf 83' lang='grc' dir='ltr'><strong>Ἴστρου</strong></span> <span class='ocrx_word' id='word_1_221' title='bbox 873 2917 1117 2989; x_wconf 84' lang='grc' dir='ltr'>πλευρὰν</span> <span class='ocrx_word' id='word_1_222' title='bbox 1146 2921 1517 2995; x_wconf 81' lang='grc' dir='ltr'><strong>ὀρμιζόμεναι</strong></span> <span class='ocrx_word' id='word_1_223' title='bbox 1544 2903 1757 2996; x_wconf 72' lang='grc' dir='ltr'>μεγάλα</span> <span class='ocrx_word' id='word_1_224' title='bbox 1783 2903 1912 2992; x_wconf 49' lang='grc' dir='ltr'>’τοῖς</span> 
     </span>
    </p>
   </div>
   <div class='ocr_carea' id='block_1_34' title="bbox 324 3005 1911 3088">
    <p class='ocr_par' dir='ltr' id='par_1_34' title="bbox 324 3005 1911 3088">
     <span class='ocr_line' id='line_1_34' title="bbox 324 3005 1911 3088; baseline 0.011 -29"><span class='ocrx_word' id='word_1_225' title='bbox 324 3005 483 3060; x_wconf 73' lang='grc' dir='ltr'>ινδον</span> <span class='ocrx_word' id='word_1_226' title='bbox 534 3008 827 3079; x_wconf 85' lang='grc' dir='ltr'>Ῥωμαίοις</span> <span class='ocrx_word' id='word_1_227' title='bbox 858 3013 1267 3080; x_wconf 79' lang='grc' dir='ltr'>συνεϐάλλοντο,</span> <span class='ocrx_word' id='word_1_228' title='bbox 1312 3018 1449 3088; x_wconf 79' lang='grc' dir='ltr'>πρὸς</span> <span class='ocrx_word' id='word_1_229' title='bbox 1482 3019 1539 3072; x_wconf 81' lang='grc' dir='ltr'>δὲ</span> <span class='ocrx_word' id='word_1_230' title='bbox 1572 3021 1670 3073; x_wconf 78' lang='grc' dir='ltr'><strong>καὶ</strong></span> <span class='ocrx_word' id='word_1_231' title='bbox 1704 3022 1829 3085; x_wconf 76' lang='grc' dir='ltr'>τοὺς</span> <span class='ocrx_word' id='word_1_232' title='bbox 1852 3024 1911 3077; x_wconf 77' lang='grc' dir='ltr'><strong>ὲν</strong></span> 
     </span>
    </p>
   </div>
   <div class='ocr_carea' id='block_1_35' title="bbox 324 3100 1910 3182">
    <p class='ocr_par' dir='ltr' id='par_1_35' title="bbox 324 3100 1910 3182">
     <span class='ocr_line' id='line_1_35' title="bbox 324 3100 1910 3182; baseline 0.012 -33"><span class='ocrx_word' id='word_1_233' title='bbox 324 3100 556 3171; x_wconf 81' lang='grc' dir='ltr'>πολέμῳ</span> <span class='ocrx_word' id='word_1_234' title='bbox 589 3103 937 3174; x_wconf 82' lang='grc' dir='ltr'><strong>τραυματίας</strong></span> <span class='ocrx_word' id='word_1_235' title='bbox 989 3109 1395 3179; x_wconf 81' lang='grc' dir='ltr'>γεγενημένους</span> <span class='ocrx_word' id='word_1_236' title='bbox 1432 3111 1910 3182; x_wconf 74' lang='grc' dir='ltr'><strong>ἀπολαμϐάνουσαι</strong></span> 
     </span>
    </p>
   </div>
   <div class='ocr_carea' id='block_1_36' title="bbox 2013 794 3589 867">
    <p class='ocr_par' dir='ltr' id='par_1_36' title="bbox 2013 794 3589 867">
     <span class='ocr_line' id='line_1_36' title="bbox 2013 794 3589 867; baseline -0.003 -14"><span class='ocrx_word' id='word_1_237' title='bbox 2013 798 2175 864; x_wconf 88' lang='lat' dir='ltr'><strong>basti,</strong></span> <span class='ocrx_word' id='word_1_238' title='bbox 2222 800 2415 853; x_wconf 82' lang='lat' dir='ltr'><strong>eadem</strong></span> <span class='ocrx_word' id='word_1_239' title='bbox 2468 812 2589 867; x_wconf 75' lang='lat' dir='ltr'><strong>quae</strong></span> <span class='ocrx_word' id='word_1_240' title='bbox 2644 804 2803 851; x_wconf 83' lang='lat' dir='ltr'><strong>antea</strong></span> <span class='ocrx_word' id='word_1_241' title='bbox 2849 797 2968 863; x_wconf 86' lang='lat' dir='ltr'><strong>ejus</strong></span> <span class='ocrx_word' id='word_1_242' title='bbox 3028 794 3202 852; x_wconf 79' lang='lat' dir='ltr'><strong>frater</strong></span> <span class='ocrx_word' id='word_1_243' title='bbox 3257 794 3589 852; x_wconf 83' lang='lat' dir='ltr'><strong>Balduinns.</strong></span> 
     </span>
    </p>
   </div>
   <div class='ocr_carea' id='block_1_37' title="bbox 2013 887 3591 961">
    <p class='ocr_par' dir='ltr' id='par_1_37' title="bbox 2013 887 3591 961">
     <span class='ocr_line' id='line_1_37' title="bbox 2013 887 3591 961; baseline -0.003 -17"><span class='ocrx_word' id='word_1_244' title='bbox 2013 901 2203 961; x_wconf 89' lang='lat' dir='ltr'><strong>pactus</strong></span> <span class='ocrx_word' id='word_1_245' title='bbox 2224 900 2327 948; x_wconf 88' lang='lat' dir='ltr'><strong>est.</strong></span> <span class='ocrx_word' id='word_1_246' title='bbox 2364 891 2664 961; x_wconf 86' lang='lat' dir='ltr'><strong>imperator</strong></span> <span class='ocrx_word' id='word_1_247' title='bbox 2702 892 2864 945; x_wconf 82' lang='lat' dir='ltr'><strong>rebus</strong></span> <span class='ocrx_word' id='word_1_248' title='bbox 2892 888 3145 943; x_wconf 89' lang='lat' dir='ltr'><strong>omnibus</strong></span> <span class='ocrx_word' id='word_1_249' title='bbox 3182 887 3418 944; x_wconf 90' lang='lat' dir='ltr'><strong>nondum</strong></span> <span class='ocrx_word' id='word_1_250' title='bbox 3456 887 3591 941; x_wconf 88' lang='lat' dir='ltr'><strong>satis</strong></span> 
     </span>
    </p>
   </div>
   <div class='ocr_carea' id='block_1_38' title="bbox 2013 977 3698 1055">
    <p class='ocr_par' dir='ltr' id='par_1_38' title="bbox 2013 977 3698 1055">
     <span class='ocr_line' id='line_1_38' title="bbox 2013 977 3698 1055; baseline -0.002 -20"><span class='ocrx_word' id='word_1_251' title='bbox 2013 983 2079 1035; x_wconf 86' lang='lat' dir='ltr'><strong>ad</strong></span> <span class='ocrx_word' id='word_1_252' title='bbox 2136 997 2377 1051; x_wconf 66' lang='lat' dir='ltr'><strong>praesens</strong></span> <span class='ocrx_word' id='word_1_253' title='bbox 2429 982 2631 1038; x_wconf 89' lang='lat' dir='ltr'><strong>bellum</strong></span> <span class='ocrx_word' id='word_1_254' title='bbox 2688 980 2985 1051; x_wconf 84' lang='lat' dir='ltr'><strong>apparatis,</strong></span> <span class='ocrx_word' id='word_1_255' title='bbox 3035 986 3283 1035; x_wconf 83' lang='lat' dir='ltr'><strong>metuens</strong></span> <span class='ocrx_word' id='word_1_256' title='bbox 3341 977 3593 1049; x_wconf 74' lang='lat' dir='ltr'><strong>Zeugma:</strong></span> <span class='ocrx_word' id='word_1_257' title='bbox 3693 1051 3698 1055; x_wconf 24' lang='lat'>&#39;</span> 
     </span>
    </p>
   </div>
   <div class='ocr_carea' id='block_1_39' title="bbox 2012 1064 3587 1145">
    <p class='ocr_par' dir='ltr' id='par_1_39' title="bbox 2012 1064 3587 1145">
     <span class='ocr_line' id='line_1_39' title="bbox 2012 1064 3587 1145; baseline 0.001 -19"><span class='ocrx_word' id='word_1_258' title='bbox 2012 1072 2156 1139; x_wconf 86' lang='lat' dir='ltr'><strong>urbi,</strong></span> <span class='ocrx_word' id='word_1_259' title='bbox 2184 1089 2344 1142; x_wconf 89' lang='lat' dir='ltr'><strong>quam</strong></span> <span class='ocrx_word' id='word_1_260' title='bbox 2382 1073 2692 1145; x_wconf 70' lang='lat' dir='ltr'><strong>Stephanus</strong></span> <span class='ocrx_word' id='word_1_261' title='bbox 2723 1064 3038 1128; x_wconf 82' lang='lat' dir='ltr'><strong>arctissima</strong></span> <span class='ocrx_word' id='word_1_262' title='bbox 3069 1072 3351 1129; x_wconf 85' lang='lat' dir='ltr'><strong>obsidione</strong></span> <span class='ocrx_word' id='word_1_263' title='bbox 3370 1086 3587 1142; x_wconf 86' lang='lat' dir='ltr'><strong>preme-</strong></span> 
     </span>
    </p>
   </div>
   <div class='ocr_carea' id='block_1_40' title="bbox 2010 1171 3591 1244">
    <p class='ocr_par' dir='ltr' id='par_1_40' title="bbox 2010 1171 3591 1244">
     <span class='ocr_line' id='line_1_40' title="bbox 2010 1171 3591 1244; baseline -0.002 -15"><span class='ocrx_word' id='word_1_264' title='bbox 2010 1174 2125 1240; x_wconf 88' lang='lat' dir='ltr'><strong>bat,</strong></span> <span class='ocrx_word' id='word_1_265' title='bbox 2159 1173 2475 1244; x_wconf 70' lang='lat' dir='ltr'><strong>priusquam</strong></span> <span class='ocrx_word' id='word_1_266' title='bbox 2501 1171 2571 1229; x_wconf 86' lang='lat' dir='ltr'><strong>de</strong></span> <span class='ocrx_word' id='word_1_267' title='bbox 2596 1188 2805 1229; x_wconf 88' lang='lat' dir='ltr'><strong>summa</strong></span> <span class='ocrx_word' id='word_1_268' title='bbox 2838 1187 3022 1227; x_wconf 89' lang='lat' dir='ltr'><strong>rerum</strong></span> <span class='ocrx_word' id='word_1_269' title='bbox 3051 1171 3251 1228; x_wconf 88' lang='lat' dir='ltr'><strong>bellum</strong></span> <span class='ocrx_word' id='word_1_270' title='bbox 3299 1171 3591 1243; x_wconf 79' lang='lat' dir='ltr'><strong>arriperet,</strong></span> 
     </span>
    </p>
   </div>
   <div class='ocr_carea' id='block_1_41' title="bbox 2013 1265 3592 1337">
    <p class='ocr_par' dir='ltr' id='par_1_41' title="bbox 2013 1265 3592 1337">
     <span class='ocr_line' id='line_1_41' title="bbox 2013 1265 3592 1337; baseline -0.002 -14"><span class='ocrx_word' id='word_1_271' title='bbox 2013 1267 2238 1324; x_wconf 83' lang='lat' dir='ltr'><strong>idoneas</strong></span> <span class='ocrx_word' id='word_1_272' title='bbox 2274 1265 2481 1336; x_wconf 89' lang='lat' dir='ltr'><strong>aliquot</strong></span> <span class='ocrx_word' id='word_1_273' title='bbox 2526 1267 2713 1337; x_wconf 87' lang='lat' dir='ltr'><strong>cupias</strong></span> <span class='ocrx_word' id='word_1_274' title='bbox 2740 1266 2794 1321; x_wconf 90' lang='lat' dir='ltr'><strong>in</strong></span> <span class='ocrx_word' id='word_1_275' title='bbox 2832 1266 3095 1321; x_wconf 79' lang='lat' dir='ltr'><strong>auxilium</strong></span> <span class='ocrx_word' id='word_1_276' title='bbox 3124 1280 3189 1323; x_wconf 89' lang='lat' dir='ltr'><strong>eo</strong></span> <span class='ocrx_word' id='word_1_277' title='bbox 3230 1266 3405 1332; x_wconf 84' lang='lat' dir='ltr'><strong>misit,</strong></span> <span class='ocrx_word' id='word_1_278' title='bbox 3441 1266 3592 1321; x_wconf 88' lang='lat' dir='ltr'><strong>duci-</strong></span> 
     </span>
    </p>
   </div>
   <div class='ocr_carea' id='block_1_42' title="bbox 2012 1356 3595 1430">
    <p class='ocr_par' dir='ltr' id='par_1_42' title="bbox 2012 1356 3595 1430">
     <span class='ocr_line' id='line_1_42' title="bbox 2012 1356 3595 1430; baseline 0 -17"><span class='ocrx_word' id='word_1_279' title='bbox 2012 1359 2115 1415; x_wconf 87' lang='lat' dir='ltr'><strong>bus</strong></span> <span class='ocrx_word' id='word_1_280' title='bbox 2147 1356 2414 1414; x_wconf 87' lang='lat' dir='ltr'><strong>Michaele</strong></span> <span class='ocrx_word' id='word_1_281' title='bbox 2445 1356 2621 1413; x_wconf 88' lang='lat' dir='ltr'><strong>Gabra</strong></span> <span class='ocrx_word' id='word_1_282' title='bbox 2657 1368 2713 1412; x_wconf 89' lang='lat' dir='ltr'><strong>et</strong></span> <span class='ocrx_word' id='word_1_283' title='bbox 2736 1357 2973 1429; x_wconf 83' lang='lat' dir='ltr'><strong>Josepbo</strong></span> <span class='ocrx_word' id='word_1_284' title='bbox 3004 1356 3297 1430; x_wconf 85' lang='lat' dir='ltr'><strong>Bryennio,</strong></span> <span class='ocrx_word' id='word_1_285' title='bbox 3336 1358 3443 1413; x_wconf 85' lang='lat' dir='ltr'><strong>sub</strong></span> <span class='ocrx_word' id='word_1_286' title='bbox 3475 1359 3595 1428; x_wconf 83' lang='lat' dir='ltr'><strong>qui-</strong></span> 
     </span>
    </p>
   </div>
   <div class='ocr_carea' id='block_1_43' title="bbox 2011 1450 3592 1514">
    <p class='ocr_par' dir='ltr' id='par_1_43' title="bbox 2011 1450 3592 1514">
     <span class='ocr_line' id='line_1_43' title="bbox 2011 1450 3592 1514; baseline -0.001 -7"><span class='ocrx_word' id='word_1_287' title='bbox 2011 1453 2113 1509; x_wconf 88' lang='lat' dir='ltr'><strong>bus</strong></span> <span class='ocrx_word' id='word_1_288' title='bbox 2144 1451 2453 1508; x_wconf 81' lang='lat' dir='ltr'><strong>militabant</strong></span> <span class='ocrx_word' id='word_1_289' title='bbox 2488 1462 2598 1504; x_wconf 87' lang='lat' dir='ltr'><strong>tum</strong></span> <span class='ocrx_word' id='word_1_290' title='bbox 2638 1450 2728 1506; x_wconf 87' lang='lat' dir='ltr'><strong>alii</strong></span> <span class='ocrx_word' id='word_1_291' title='bbox 2759 1450 2902 1507; x_wconf 90' lang='lat' dir='ltr'><strong>inter</strong></span> <span class='ocrx_word' id='word_1_292' title='bbox 2942 1451 3220 1507; x_wconf 79' lang='lat' dir='ltr'><strong>Romanos</strong></span> <span class='ocrx_word' id='word_1_293' title='bbox 3249 1450 3592 1514; x_wconf 85' lang='lat' dir='ltr'><strong>illustriores,</strong></span> 
     </span>
    </p>
   </div>
   <div class='ocr_carea' id='block_1_44' title="bbox 2013 1541 3594 1614">
    <p class='ocr_par' dir='ltr' id='par_1_44' title="bbox 2013 1541 3594 1614">
     <span class='ocr_line' id='line_1_44' title="bbox 2013 1541 3594 1614; baseline -0.001 -15"><span class='ocrx_word' id='word_1_294' title='bbox 2013 1555 2137 1611; x_wconf 84' lang='lat' dir='ltr'><strong>tum</strong></span> <span class='ocrx_word' id='word_1_295' title='bbox 2180 1542 2422 1599; x_wconf 82' lang='lat' dir='ltr'><strong>Joannes</strong></span> <span class='ocrx_word' id='word_1_296' title='bbox 2484 1552 2849 1614; x_wconf 79' lang='lat' dir='ltr'><strong>cognomento</strong></span> <span class='ocrx_word' id='word_1_297' title='bbox 2900 1542 3179 1611; x_wconf 78' lang='lat' dir='ltr'><strong>Angelus,</strong></span> <span class='ocrx_word' id='word_1_298' title='bbox 3232 1543 3318 1597; x_wconf 90' lang='lat' dir='ltr'><strong>vir</strong></span> <span class='ocrx_word' id='word_1_299' title='bbox 3388 1541 3594 1598; x_wconf 66' lang='lat' dir='ltr'><strong>militiae</strong></span> 
     </span>
    </p>
   </div>
   <div class='ocr_carea' id='block_1_45' title="bbox 2010 1630 3590 1705">
    <p class='ocr_par' dir='ltr' id='par_1_45' title="bbox 2010 1630 3590 1705">
     <span class='ocr_line' id='line_1_45' title="bbox 2010 1630 3590 1705; baseline -0.001 -17"><span class='ocrx_word' id='word_1_300' title='bbox 2010 1634 2394 1705; x_wconf 84' lang='lat' dir='ltr'><strong>peritissimus,</strong></span> <span class='ocrx_word' id='word_1_301' title='bbox 2415 1644 2470 1689; x_wconf 90' lang='lat' dir='ltr'><strong>et</strong></span> <span class='ocrx_word' id='word_1_302' title='bbox 2494 1632 2734 1689; x_wconf 81' lang='lat' dir='ltr'><strong>Joannes</strong></span> <span class='ocrx_word' id='word_1_303' title='bbox 2757 1632 2887 1696; x_wconf 87' lang='lat' dir='ltr'><strong>lses,</strong></span> <span class='ocrx_word' id='word_1_304' title='bbox 2912 1633 3134 1687; x_wconf 88' lang='lat' dir='ltr'><strong>natione</strong></span> <span class='ocrx_word' id='word_1_305' title='bbox 3156 1632 3373 1702; x_wconf 87' lang='lat' dir='ltr'><strong>quidem</strong></span> <span class='ocrx_word' id='word_1_306' title='bbox 3400 1630 3590 1693; x_wconf 85' lang='lat' dir='ltr'><strong>Persa,</strong></span> 
     </span>
    </p>
   </div>
   <div class='ocr_carea' id='block_1_46' title="bbox 2012 1724 3591 1785">
    <p class='ocr_par' dir='ltr' id='par_1_46' title="bbox 2012 1724 3591 1785">
     <span class='ocr_line' id='line_1_46' title="bbox 2012 1724 3591 1785; baseline -0.004 0"><span class='ocrx_word' id='word_1_307' title='bbox 2012 1738 2269 1785; x_wconf 66' lang='lat' dir='ltr'><strong>caeterum</strong></span> <span class='ocrx_word' id='word_1_308' title='bbox 2342 1726 2485 1783; x_wconf 89' lang='lat' dir='ltr'><strong>inter</strong></span> <span class='ocrx_word' id='word_1_309' title='bbox 2557 1724 2833 1783; x_wconf 80' lang='lat' dir='ltr'><strong>Romanos</strong></span> <span class='ocrx_word' id='word_1_310' title='bbox 2897 1724 3138 1781; x_wconf 89' lang='lat' dir='ltr'><strong>nutritus</strong></span> <span class='ocrx_word' id='word_1_311' title='bbox 3196 1733 3252 1780; x_wconf 80' lang='lat' dir='ltr'><strong>et</strong></span> <span class='ocrx_word' id='word_1_312' title='bbox 3305 1725 3591 1781; x_wconf 88' lang='lat' dir='ltr'><strong>educatus.</strong></span> 
     </span>
    </p>
   </div>
   <div class='ocr_carea' id='block_1_47' title="bbox 2012 1817 3593 1891">
    <p class='ocr_par' dir='ltr' id='par_1_47' title="bbox 2012 1817 3593 1891">
     <span class='ocr_line' id='line_1_47' title="bbox 2012 1817 3593 1891; baseline -0.003 -13"><span class='ocrx_word' id='word_1_313' title='bbox 2012 1821 2256 1891; x_wconf 85' lang='lat' dir='ltr'><strong>Cumque</strong></span> <span class='ocrx_word' id='word_1_314' title='bbox 2283 1818 2579 1891; x_wconf 88' lang='lat' dir='ltr'><strong>plurimum</strong></span> <span class='ocrx_word' id='word_1_315' title='bbox 2606 1818 2727 1874; x_wconf 89' lang='lat' dir='ltr'><strong>urbi</strong></span> <span class='ocrx_word' id='word_1_316' title='bbox 2754 1818 3015 1874; x_wconf 80' lang='lat' dir='ltr'><strong>auxilium</strong></span> <span class='ocrx_word' id='word_1_317' title='bbox 3040 1818 3184 1873; x_wconf 75' lang='lat' dir='ltr'><strong>ferre</strong></span> <span class='ocrx_word' id='word_1_318' title='bbox 3211 1817 3407 1884; x_wconf 86' lang='lat' dir='ltr'><strong>vellet,</strong></span> <span class='ocrx_word' id='word_1_319' title='bbox 3432 1833 3593 1873; x_wconf 80' lang='lat' dir='ltr'><strong>naves</strong></span> 
     </span>
    </p>
   </div>
   <div class='ocr_carea' id='block_1_48' title="bbox 2012 1909 3596 1983">
    <p class='ocr_par' dir='ltr' id='par_1_48' title="bbox 2012 1909 3596 1983">
     <span class='ocr_line' id='line_1_48' title="bbox 2012 1909 3596 1983; baseline -0.003 -13"><span class='ocrx_word' id='word_1_320' title='bbox 2012 1912 2318 1983; x_wconf 85' lang='lat' dir='ltr'><strong>complures</strong></span> <span class='ocrx_word' id='word_1_321' title='bbox 2344 1911 2609 1967; x_wconf 86' lang='lat' dir='ltr'><strong>militibus</strong></span> <span class='ocrx_word' id='word_1_322' title='bbox 2656 1911 2925 1980; x_wconf 87' lang='lat' dir='ltr'><strong>rebusque</strong></span> <span class='ocrx_word' id='word_1_323' title='bbox 2952 1909 3074 1964; x_wconf 88' lang='lat' dir='ltr'><strong>aliis</strong></span> <span class='ocrx_word' id='word_1_324' title='bbox 3107 1909 3434 1965; x_wconf 82' lang='lat' dir='ltr'><strong>necessariis</strong></span> <span class='ocrx_word' id='word_1_325' title='bbox 3463 1923 3596 1965; x_wconf 90' lang='lat' dir='ltr'><strong>one-</strong></span> 
     </span>
    </p>
   </div>
   <div class='ocr_carea' id='block_1_49' title="bbox 2013 2002 3681 2078">
    <p class='ocr_par' dir='ltr' id='par_1_49' title="bbox 2013 2002 3681 2078">
     <span class='ocr_line' id='line_1_49' title="bbox 2013 2002 3681 2078; baseline -0.002 -17"><span class='ocrx_word' id='word_1_326' title='bbox 2013 2016 2160 2062; x_wconf 86' lang='lat' dir='ltr'><strong>ratas</strong></span> <span class='ocrx_word' id='word_1_327' title='bbox 2189 2020 2447 2078; x_wconf 86' lang='lat' dir='ltr'><strong>superare</strong></span> <span class='ocrx_word' id='word_1_328' title='bbox 2472 2005 2670 2060; x_wconf 89' lang='lat' dir='ltr'><strong>lstrum</strong></span> <span class='ocrx_word' id='word_1_329' title='bbox 2701 2012 2755 2059; x_wconf 88' lang='lat' dir='ltr'><strong>et</strong></span> <span class='ocrx_word' id='word_1_330' title='bbox 2784 2002 3021 2059; x_wconf 84' lang='lat' dir='ltr'><strong>obsessis</strong></span> <span class='ocrx_word' id='word_1_331' title='bbox 3049 2013 3411 2060; x_wconf 88' lang='lat' dir='ltr'><strong>commeatum</strong></span> <span class='ocrx_word' id='word_1_332' title='bbox 3456 2017 3595 2072; x_wconf 83' lang='lat' dir='ltr'><strong>prae-</strong></span> <span class='ocrx_word' id='word_1_333' title='bbox 3680 2038 3681 2041; x_wconf 60' lang='grc' dir='ltr'><strong>η</strong></span> 
     </span>
    </p>
   </div>
   <div class='ocr_carea' id='block_1_50' title="bbox 2011 2093 3593 2171">
    <p class='ocr_par' dir='ltr' id='par_1_50' title="bbox 2011 2093 3593 2171">
     <span class='ocr_line' id='line_1_50' title="bbox 2011 2093 3593 2171; baseline -0.005 -17"><span class='ocrx_word' id='word_1_334' title='bbox 2011 2099 2141 2155; x_wconf 88' lang='lat' dir='ltr'><strong>bere</strong></span> <span class='ocrx_word' id='word_1_335' title='bbox 2178 2098 2363 2171; x_wconf 84' lang='lat' dir='ltr'><strong>jussit,</strong></span> <span class='ocrx_word' id='word_1_336' title='bbox 2400 2097 2573 2153; x_wconf 90' lang='lat' dir='ltr'><strong>donec</strong></span> <span class='ocrx_word' id='word_1_337' title='bbox 2622 2095 2737 2165; x_wconf 84' lang='lat' dir='ltr'><strong>ipse</strong></span> <span class='ocrx_word' id='word_1_338' title='bbox 2772 2109 2893 2149; x_wconf 88' lang='lat' dir='ltr'><strong>cum</strong></span> <span class='ocrx_word' id='word_1_339' title='bbox 2942 2095 3201 2150; x_wconf 84' lang='lat' dir='ltr'><strong>universo</strong></span> <span class='ocrx_word' id='word_1_340' title='bbox 3252 2093 3494 2150; x_wconf 81' lang='lat' dir='ltr'><strong>exercitu</strong></span> <span class='ocrx_word' id='word_1_341' title='bbox 3541 2094 3593 2147; x_wconf 89' lang='lat' dir='ltr'><strong>in</strong></span> 
     </span>
    </p>
   </div>
   <div class='ocr_carea' id='block_1_51' title="bbox 2011 2186 3592 2261">
    <p class='ocr_par' dir='ltr' id='par_1_51' title="bbox 2011 2186 3592 2261">
     <span class='ocr_line' id='line_1_51' title="bbox 2011 2186 3592 2261; baseline -0.006 -13"><span class='ocrx_word' id='word_1_342' title='bbox 2011 2191 2343 2261; x_wconf 75' lang='lat' dir='ltr'><strong>llungariam</strong></span> <span class='ocrx_word' id='word_1_343' title='bbox 2393 2188 2768 2245; x_wconf 85' lang='lat' dir='ltr'><strong>descenderet.</strong></span> <span class='ocrx_word' id='word_1_344' title='bbox 2823 2186 3067 2259; x_wconf 80' lang='lat' dir='ltr'><strong>llungari</strong></span> <span class='ocrx_word' id='word_1_345' title='bbox 3120 2201 3276 2252; x_wconf 89' lang='lat' dir='ltr'><strong>vero,</strong></span> <span class='ocrx_word' id='word_1_346' title='bbox 3320 2201 3443 2241; x_wconf 90' lang='lat' dir='ltr'><strong>cum</strong></span> <span class='ocrx_word' id='word_1_347' title='bbox 3501 2186 3592 2240; x_wconf 84' lang='lat' dir='ltr'><strong>ditt</strong></span> 
     </span>
    </p>
   </div>
   <div class='ocr_carea' id='block_1_52' title="bbox 2019 2278 3594 2351">
    <p class='ocr_par' dir='ltr' id='par_1_52' title="bbox 2019 2278 3594 2351">
     <span class='ocr_line' id='line_1_52' title="bbox 2019 2278 3594 2351; baseline -0.008 -9"><span class='ocrx_word' id='word_1_348' title='bbox 2019 2286 2166 2342; x_wconf 86' lang='lat' dir='ltr'><strong>circa</strong></span> <span class='ocrx_word' id='word_1_349' title='bbox 2200 2284 2352 2341; x_wconf 88' lang='lat' dir='ltr'><strong>urbis</strong></span> <span class='ocrx_word' id='word_1_350' title='bbox 2390 2281 2590 2338; x_wconf 73' lang='lat' dir='ltr'><strong>mmnia</strong></span> <span class='ocrx_word' id='word_1_351' title='bbox 2628 2282 2827 2337; x_wconf 86' lang='lat' dir='ltr'><strong>morati</strong></span> <span class='ocrx_word' id='word_1_352' title='bbox 2881 2295 2943 2337; x_wconf 88' lang='lat' dir='ltr'><strong>ea</strong></span> <span class='ocrx_word' id='word_1_353' title='bbox 2992 2280 3187 2351; x_wconf 66' lang='lat' dir='ltr'><strong>saepius</strong></span> <span class='ocrx_word' id='word_1_354' title='bbox 3236 2278 3594 2349; x_wconf 88' lang='lat' dir='ltr'><strong>nequidquam</strong></span> 
     </span>
    </p>
   </div>
   <div class='ocr_carea' id='block_1_53' title="bbox 2012 2372 3594 2445">
    <p class='ocr_par' dir='ltr' id='par_1_53' title="bbox 2012 2372 3594 2445">
     <span class='ocr_line' id='line_1_53' title="bbox 2012 2372 3594 2445; baseline -0.006 -10"><span class='ocrx_word' id='word_1_355' title='bbox 2012 2386 2344 2441; x_wconf 87' lang='lat' dir='ltr'><strong>tentassent,</strong></span> <span class='ocrx_word' id='word_1_356' title='bbox 2397 2390 2513 2431; x_wconf 90' lang='lat' dir='ltr'><strong>rem</strong></span> <span class='ocrx_word' id='word_1_357' title='bbox 2562 2388 2726 2445; x_wconf 87' lang='lat' dir='ltr'><strong>supra</strong></span> <span class='ocrx_word' id='word_1_358' title='bbox 2779 2374 2924 2429; x_wconf 82' lang='lat' dir='ltr'><strong>vires</strong></span> <span class='ocrx_word' id='word_1_359' title='bbox 2981 2372 3202 2444; x_wconf 80' lang='lat' dir='ltr'><strong>aggredi</strong></span> <span class='ocrx_word' id='word_1_360' title='bbox 3254 2381 3594 2428; x_wconf 77' lang='lat' dir='ltr'><strong>Statuerunt.</strong></span> 
     </span>
    </p>
   </div>
   <div class='ocr_carea' id='block_1_54' title="bbox 2009 2452 3594 2528">
    <p class='ocr_par' dir='ltr' id='par_1_54' title="bbox 2009 2452 3594 2528">
     <span class='ocr_line' id='line_1_54' title="bbox 2009 2452 3594 2528; baseline -0.008 0"><span class='ocrx_word' id='word_1_361' title='bbox 2009 2470 2215 2528; x_wconf 86' lang='lat' dir='ltr'><strong>Classis</strong></span> <span class='ocrx_word' id='word_1_362' title='bbox 2230 2468 2375 2527; x_wconf 89' lang='lat' dir='ltr'><strong>enim</strong></span> <span class='ocrx_word' id='word_1_363' title='bbox 2398 2469 2641 2524; x_wconf 79' lang='lat' dir='ltr'><strong>Romana</strong></span> <span class='ocrx_word' id='word_1_364' title='bbox 2673 2466 2727 2523; x_wconf 91' lang='lat' dir='ltr'><strong>in</strong></span> <span class='ocrx_word' id='word_1_365' title='bbox 2756 2466 2987 2521; x_wconf 87' lang='lat' dir='ltr'><strong>alterum</strong></span> <span class='ocrx_word' id='word_1_366' title='bbox 3004 2465 3152 2520; x_wconf 82' lang='lat' dir='ltr'><strong>ﬂuvii</strong></span> <span class='ocrx_word' id='word_1_367' title='bbox 3180 2452 3321 2518; x_wconf 86' lang='lat' dir='ltr'><strong>latus</strong></span> <span class='ocrx_word' id='word_1_368' title='bbox 3346 2463 3594 2525; x_wconf 86' lang='lat' dir='ltr'><strong>advecta,</strong></span> 
     </span>
    </p>
   </div>
   <div class='ocr_carea' id='block_1_55' title="bbox 2014 2558 3593 2635">
    <p class='ocr_par' dir='ltr' id='par_1_55' title="bbox 2014 2558 3593 2635">
     <span class='ocr_line' id='line_1_55' title="bbox 2014 2558 3593 2635; baseline -0.008 -13"><span class='ocrx_word' id='word_1_369' title='bbox 2014 2577 2124 2622; x_wconf 89' lang='lat' dir='ltr'><strong>tum</strong></span> <span class='ocrx_word' id='word_1_370' title='bbox 2166 2574 2221 2621; x_wconf 90' lang='lat' dir='ltr'><strong>et</strong></span> <span class='ocrx_word' id='word_1_371' title='bbox 2266 2578 2459 2635; x_wconf 75' lang='lat' dir='ltr'><strong>magna</strong></span> <span class='ocrx_word' id='word_1_372' title='bbox 2492 2560 2777 2627; x_wconf 83' lang='lat' dir='ltr'><strong>Romanis,</strong></span> <span class='ocrx_word' id='word_1_373' title='bbox 2807 2559 2897 2631; x_wconf 90' lang='lat' dir='ltr'><strong>qui</strong></span> <span class='ocrx_word' id='word_1_374' title='bbox 2938 2561 2992 2614; x_wconf 91' lang='lat' dir='ltr'><strong>in</strong></span> <span class='ocrx_word' id='word_1_375' title='bbox 3042 2558 3178 2614; x_wconf 87' lang='lat' dir='ltr'><strong>urbe</strong></span> <span class='ocrx_word' id='word_1_376' title='bbox 3227 2567 3405 2620; x_wconf 91' lang='lat' dir='ltr'><strong>erant,</strong></span> <span class='ocrx_word' id='word_1_377' title='bbox 3438 2571 3593 2612; x_wconf 89' lang='lat' dir='ltr'><strong>com-</strong></span> 
     </span>
    </p>
   </div>
   <div class='ocr_carea' id='block_1_56' title="bbox 2013 2652 3600 2727">
    <p class='ocr_par' dir='ltr' id='par_1_56' title="bbox 2013 2652 3600 2727">
     <span class='ocr_line' id='line_1_56' title="bbox 2013 2652 3600 2727; baseline -0.008 -12"><span class='ocrx_word' id='word_1_378' title='bbox 2013 2660 2167 2715; x_wconf 84' lang='lat' dir='ltr'><strong>moda</strong></span> <span class='ocrx_word' id='word_1_379' title='bbox 2206 2655 2518 2727; x_wconf 61' lang='lat' dir='ltr'><strong>praestabat,</strong></span> <span class='ocrx_word' id='word_1_380' title='bbox 2581 2664 2692 2707; x_wconf 88' lang='lat' dir='ltr'><strong>tum</strong></span> <span class='ocrx_word' id='word_1_381' title='bbox 2735 2653 2903 2709; x_wconf 89' lang='lat' dir='ltr'><strong>etiam</strong></span> <span class='ocrx_word' id='word_1_382' title='bbox 2943 2652 3013 2708; x_wconf 87' lang='lat' dir='ltr'><strong>iis</strong></span> <span class='ocrx_word' id='word_1_383' title='bbox 3045 2652 3137 2723; x_wconf 90' lang='lat' dir='ltr'><strong>qui</strong></span> <span class='ocrx_word' id='word_1_384' title='bbox 3183 2653 3325 2707; x_wconf 89' lang='lat' dir='ltr'><strong>inter</strong></span> <span class='ocrx_word' id='word_1_385' title='bbox 3352 2665 3600 2722; x_wconf 78' lang='lat' dir='ltr'><strong>pugnau-</strong></span> 
     </span>
    </p>
   </div>
   <div class='ocr_carea' id='block_1_57' title="bbox 2011 2743 3599 2816">
    <p class='ocr_par' dir='ltr' id='par_1_57' title="bbox 2011 2743 3599 2816">
     <span class='ocr_line' id='line_1_57' title="bbox 2011 2743 3599 2816; baseline -0.004 -11"><span class='ocrx_word' id='word_1_386' title='bbox 2011 2752 2136 2805; x_wconf 88' lang='lat' dir='ltr'><strong>dum</strong></span> <span class='ocrx_word' id='word_1_387' title='bbox 2170 2748 2392 2804; x_wconf 85' lang='lat' dir='ltr'><strong>vulnera</strong></span> <span class='ocrx_word' id='word_1_388' title='bbox 2437 2756 2769 2816; x_wconf 79' lang='lat' dir='ltr'><strong>exceperant</strong></span> <span class='ocrx_word' id='word_1_389' title='bbox 2803 2744 3068 2815; x_wconf 87' lang='lat' dir='ltr'><strong>receptis,</strong></span> <span class='ocrx_word' id='word_1_390' title='bbox 3117 2743 3251 2799; x_wconf 83' lang='lat' dir='ltr'><strong>alios</strong></span> <span class='ocrx_word' id='word_1_391' title='bbox 3281 2744 3599 2813; x_wconf 81' lang='lat' dir='ltr'><strong>corporibus</strong></span> 
     </span>
    </p>
   </div>
   <div class='ocr_carea' id='block_1_58' title="bbox 2013 2835 3596 2914">
    <p class='ocr_par' dir='ltr' id='par_1_58' title="bbox 2013 2835 3596 2914">
     <span class='ocr_line' id='line_1_58' title="bbox 2013 2835 3596 2914; baseline -0.004 -15"><span class='ocrx_word' id='word_1_392' title='bbox 2013 2846 2249 2914; x_wconf 75' lang='lat' dir='ltr'><strong>integros</strong></span> <span class='ocrx_word' id='word_1_393' title='bbox 2277 2839 2443 2913; x_wconf 81' lang='lat'><strong>239</strong></span> <span class='ocrx_word' id='word_1_394' title='bbox 2477 2839 2530 2893; x_wconf 90' lang='lat' dir='ltr'><strong>iu</strong></span> <span class='ocrx_word' id='word_1_395' title='bbox 2558 2854 2745 2893; x_wconf 88' lang='lat' dir='ltr'><strong>eorum</strong></span> <span class='ocrx_word' id='word_1_396' title='bbox 2778 2838 2956 2892; x_wconf 82' lang='lat' dir='ltr'><strong>locum</strong></span> <span class='ocrx_word' id='word_1_397' title='bbox 2993 2836 3386 2893; x_wconf 83' lang='lat' dir='ltr'><strong>substituehat.</strong></span> <span class='ocrx_word' id='word_1_398' title='bbox 3423 2835 3596 2892; x_wconf 73' lang='lat' dir='ltr'><strong>Navi~</strong></span> 
     </span>
    </p>
   </div>
   <div class='ocr_carea' id='block_1_59' title="bbox 2012 2928 3602 3007">
    <p class='ocr_par' dir='ltr' id='par_1_59' title="bbox 2012 2928 3602 3007">
     <span class='ocr_line' id='line_1_59' title="bbox 2012 2928 3602 3007; baseline -0.004 -18"><span class='ocrx_word' id='word_1_399' title='bbox 2012 2936 2115 3007; x_wconf 82' lang='lat' dir='ltr'><strong>giis</strong></span> <span class='ocrx_word' id='word_1_400' title='bbox 2145 2936 2308 3005; x_wconf 79' lang='lat' dir='ltr'><strong>igitur</strong></span> <span class='ocrx_word' id='word_1_401' title='bbox 2354 2942 2413 2988; x_wconf 87' lang='lat' dir='ltr'><strong>et</strong></span> <span class='ocrx_word' id='word_1_402' title='bbox 2462 2932 2569 3004; x_wconf 88' lang='lat' dir='ltr'><strong>ipsi</strong></span> <span class='ocrx_word' id='word_1_403' title='bbox 2617 2930 2895 2994; x_wconf 82' lang='lat' dir='ltr'><strong>collectis,</strong></span> <span class='ocrx_word' id='word_1_404' title='bbox 2935 2930 3252 3001; x_wconf 89' lang='lat' dir='ltr'><strong>priusquam</strong></span> <span class='ocrx_word' id='word_1_405' title='bbox 3310 2928 3501 2985; x_wconf 75' lang='lat' dir='ltr'><strong>Gabra:</strong></span> <span class='ocrx_word' id='word_1_406' title='bbox 3546 2939 3602 2984; x_wconf 92' lang='lat' dir='ltr'><strong>et</strong></span> 
     </span>
    </p>
   </div>
   <div class='ocr_carea' id='block_1_60' title="bbox 2012 3020 3601 3098">
    <p class='ocr_par' dir='ltr' id='par_1_60' title="bbox 2012 3020 3601 3098">
     <span class='ocr_line' id='line_1_60' title="bbox 2012 3020 3601 3098; baseline -0.005 -16"><span class='ocrx_word' id='word_1_407' title='bbox 2012 3027 2270 3098; x_wconf 86' lang='lat' dir='ltr'><strong>Bryennii</strong></span> <span class='ocrx_word' id='word_1_408' title='bbox 2306 3026 2360 3080; x_wconf 88' lang='lat' dir='ltr'><strong>in</strong></span> <span class='ocrx_word' id='word_1_409' title='bbox 2388 3024 2720 3095; x_wconf 83' lang='lat' dir='ltr'><strong>Hungariam</strong></span> <span class='ocrx_word' id='word_1_410' title='bbox 2768 3023 3117 3078; x_wconf 87' lang='lat' dir='ltr'><strong>advenissent</strong></span> <span class='ocrx_word' id='word_1_411' title='bbox 3160 3020 3331 3089; x_wconf 71' lang='lat' dir='ltr'><strong>cupito</strong></span> <span class='ocrx_word' id='word_1_412' title='bbox 3370 3036 3464 3087; x_wconf 88' lang='lat' dir='ltr'><strong>per</strong></span> <span class='ocrx_word' id='word_1_413' title='bbox 3498 3020 3601 3075; x_wconf 82' lang='lat' dir='ltr'><strong>ilu-</strong></span> 
     </span>
    </p>
   </div>
   <div class='ocr_carea' id='block_1_61' title="bbox 2013 3112 3599 3179">
    <p class='ocr_par' dir='ltr' id='par_1_61' title="bbox 2013 3112 3599 3179">
     <span class='ocr_line' id='line_1_61' title="bbox 2013 3112 3599 3179; baseline -0.004 -6"><span class='ocrx_word' id='word_1_414' title='bbox 2013 3134 2139 3175; x_wconf 85' lang='lat' dir='ltr'><strong>men</strong></span> <span class='ocrx_word' id='word_1_415' title='bbox 2170 3118 2222 3174; x_wconf 89' lang='lat' dir='ltr'><strong>in</strong></span> <span class='ocrx_word' id='word_1_416' title='bbox 2259 3118 2532 3173; x_wconf 76' lang='lat' dir='ltr'><strong>Romanas</strong></span> <span class='ocrx_word' id='word_1_417' title='bbox 2566 3131 2731 3172; x_wconf 85' lang='lat' dir='ltr'><strong>naves</strong></span> <span class='ocrx_word' id='word_1_418' title='bbox 2757 3114 2922 3170; x_wconf 87' lang='lat' dir='ltr'><strong>delati</strong></span> <span class='ocrx_word' id='word_1_419' title='bbox 2954 3123 3105 3179; x_wconf 88' lang='lat' dir='ltr'><strong>sunt,</strong></span> <span class='ocrx_word' id='word_1_420' title='bbox 3133 3121 3195 3168; x_wconf 88' lang='lat' dir='ltr'><strong>ut</strong></span> <span class='ocrx_word' id='word_1_421' title='bbox 3225 3126 3318 3167; x_wconf 88' lang='lat' dir='ltr'><strong>eas</strong></span> <span class='ocrx_word' id='word_1_422' title='bbox 3349 3112 3599 3167; x_wconf 87' lang='lat' dir='ltr'><strong>submer-</strong></span> 
     </span>
    </p>
   </div>
   <div class='ocr_carea' id='block_1_62' title="bbox 332 3191 1913 3285">
    <p class='ocr_par' dir='ltr' id='par_1_62' title="bbox 332 3191 1913 3276">
     <span class='ocr_line' id='line_1_62' title="bbox 332 3191 1913 3276; baseline 0.012 -32"><span class='ocrx_word' id='word_1_423' title='bbox 332 3191 560 3263; x_wconf 74' lang='grc' dir='ltr'>ἐτέρους</span> <span class='ocrx_word' id='word_1_424' title='bbox 591 3194 911 3264; x_wconf 75' lang='grc' dir='ltr'><strong>ἀκραιφνεῖς</strong></span> <span class='ocrx_word' id='word_1_425' title='bbox 934 3201 1048 3263; x_wconf 87' lang='grc' dir='ltr'>τοῖς</span> <span class='ocrx_word' id='word_1_426' title='bbox 1098 3191 1347 3269; x_wconf 81' lang='grc' dir='ltr'>σώμασιν</span> <span class='ocrx_word' id='word_1_427' title='bbox 1384 3204 1775 3276; x_wconf 83' lang='grc' dir='ltr'><strong>ἁντιπαρεῖχον</strong></span> <span class='ocrx_word' id='word_1_428' title='bbox 1813 3208 1913 3262; x_wconf 81' lang='grc' dir='ltr'><strong>αὖ·</strong></span> 
     </span>
    </p>
   </div>
   <div class='ocr_carea' id='block_1_63' title="bbox 2017 3191 3599 3285">
    <p class='ocr_par' dir='ltr' id='par_1_63' title="bbox 2017 3204 3599 3285">
     <span class='ocr_line' id='line_1_63' title="bbox 2017 3204 3599 3285; baseline -0.007 -17"><span class='ocrx_word' id='word_1_429' title='bbox 2017 3220 2207 3285; x_wconf 76' lang='lat' dir='ltr'><strong>gercnt</strong></span> <span class='ocrx_word' id='word_1_430' title='bbox 2246 3225 2350 3266; x_wconf 88' lang='lat' dir='ltr'><strong>nec</strong></span> <span class='ocrx_word' id='word_1_431' title='bbox 2395 3210 2567 3265; x_wconf 86' lang='lat' dir='ltr'><strong>multo</strong></span> <span class='ocrx_word' id='word_1_432' title='bbox 2596 3224 2718 3263; x_wconf 90' lang='lat' dir='ltr'><strong>cum</strong></span> <span class='ocrx_word' id='word_1_433' title='bbox 2766 3207 2952 3264; x_wconf 86' lang='lat' dir='ltr'><strong>labore</strong></span> <span class='ocrx_word' id='word_1_434' title='bbox 2984 3208 3168 3262; x_wconf 86' lang='lat' dir='ltr'><strong>hostes</strong></span> <span class='ocrx_word' id='word_1_435' title='bbox 3201 3204 3387 3274; x_wconf 72' lang='lat' dir='ltr'><strong>prtclio</strong></span> <span class='ocrx_word' id='word_1_436' title='bbox 3414 3204 3599 3259; x_wconf 78' lang='lat' dir='ltr'><strong>devin-</strong></span> 
     </span>
    </p>
   </div>
   <div class='ocr_carea' id='block_1_64' title="bbox 327 3287 1910 3368">
    <p class='ocr_par' dir='ltr' id='par_1_64' title="bbox 327 3287 1910 3368">
     <span class='ocr_line' id='line_1_64' title="bbox 327 3287 1910 3368; baseline 0.011 -29"><span class='ocrx_word' id='word_1_437' title='bbox 327 3288 498 3352; x_wconf 84' lang='grc' dir='ltr'>τοῖς).</span> <span class='ocrx_word' id='word_1_438' title='bbox 551 3287 689 3357; x_wconf 83' lang='grc' dir='ltr'><strong>νῆας</strong></span> <span class='ocrx_word' id='word_1_439' title='bbox 717 3290 812 3343; x_wconf 73' lang='grc' dir='ltr'><strong>καὶ</strong></span> <span class='ocrx_word' id='word_1_440' title='bbox 843 3291 999 3346; x_wconf 77' lang='grc' dir='ltr'>αὐτοὶ</span> <span class='ocrx_word' id='word_1_441' title='bbox 1044 3293 1452 3366; x_wconf 80' lang='grc' dir='ltr'>συλλεξάμενοι,</span> <span class='ocrx_word' id='word_1_442' title='bbox 1492 3298 1659 3368; x_wconf 86' lang='grc' dir='ltr'><strong>μήπω</strong></span> <span class='ocrx_word' id='word_1_443' title='bbox 1691 3299 1786 3353; x_wconf 83' lang='grc' dir='ltr'>τοῦ</span> <span class='ocrx_word' id='word_1_444' title='bbox 1812 3302 1910 3357; x_wconf 77' lang='grc' dir='ltr'>σὺν</span> 
     </span>
    </p>
   </div>
   <div class='ocr_carea' id='block_1_65' title="bbox 325 3376 1899 3463">
    <p class='ocr_par' dir='ltr' id='par_1_65' title="bbox 325 3376 1899 3463">
     <span class='ocr_line' id='line_1_65' title="bbox 325 3376 1899 3463; baseline 0.012 -34"><span class='ocrx_word' id='word_1_445' title='bbox 325 3376 409 3449; x_wconf 80' lang='grc' dir='ltr'><strong>τῷ</strong></span> <span class='ocrx_word' id='word_1_446' title='bbox 460 3379 501 3432; x_wconf 90' lang='grc' dir='ltr'><strong>Γ</strong></span> <span class='ocrx_word' id='word_1_447' title='bbox 504 3377 649 3451; x_wconf 75' lang='grc' dir='ltr'>ασρᾷ</span> <span class='ocrx_word' id='word_1_448' title='bbox 680 3381 774 3437; x_wconf 70' lang='grc' dir='ltr'>καὶ</span> <span class='ocrx_word' id='word_1_449' title='bbox 811 3381 888 3453; x_wconf 81' lang='grc' dir='ltr'>τῷ</span> <span class='ocrx_word' id='word_1_450' title='bbox 928 3385 1201 3457; x_wconf 83' lang='grc' dir='ltr'>Βρυεννίῳ</span> <span class='ocrx_word' id='word_1_451' title='bbox 1253 3390 1665 3463; x_wconf 80' lang='grc' dir='ltr'><strong>στρατεύματος</strong></span> <span class='ocrx_word' id='word_1_452' title='bbox 1700 3395 1899 3463; x_wconf 83' lang='grc' dir='ltr'><strong>ἀφικο-</strong></span> 
     </span>
    </p>
   </div>
   <div class='ocr_carea' id='block_1_66' title="bbox 328 3470 1912 3553">
    <p class='ocr_par' dir='ltr' id='par_1_66' title="bbox 328 3470 1912 3553">
     <span class='ocr_line' id='line_1_66' title="bbox 328 3470 1912 3553; baseline 0.013 -32"><span class='ocrx_word' id='word_1_453' title='bbox 328 3470 506 3539; x_wconf 78' lang='grc' dir='ltr'>μένου</span> <span class='ocrx_word' id='word_1_454' title='bbox 545 3472 638 3526; x_wconf 77' lang='grc' dir='ltr'><strong>ἐπὶ</strong></span> <span class='ocrx_word' id='word_1_455' title='bbox 692 3474 981 3547; x_wconf 81' lang='grc' dir='ltr'>Οὐννικὴν,</span> <span class='ocrx_word' id='word_1_456' title='bbox 1010 3478 1098 3533; x_wconf 80' lang='grc' dir='ltr'><strong>διὰ</strong></span> <span class='ocrx_word' id='word_1_457' title='bbox 1152 3480 1246 3551; x_wconf 74' lang='grc' dir='ltr'><strong>τοῦ</strong></span> <span class='ocrx_word' id='word_1_458' title='bbox 1309 3483 1558 3553; x_wconf 77' lang='grc' dir='ltr'>ποταμοῦ</span> <span class='ocrx_word' id='word_1_459' title='bbox 1609 3488 1749 3542; x_wconf 67' lang='grc' dir='ltr'>κατὰ</span> <span class='ocrx_word' id='word_1_460' title='bbox 1801 3488 1912 3542; x_wconf 84' lang='grc' dir='ltr'>τῶν</span> 
     </span>
    </p>
   </div>
   <div class='ocr_carea' id='block_1_67' title="bbox 336 3562 1909 3642">
    <p class='ocr_par' dir='ltr' id='par_1_67' title="bbox 336 3562 1909 3642">
     <span class='ocr_line' id='line_1_67' title="bbox 336 3562 1909 3642; baseline 0.012 -28"><span class='ocrx_word' id='word_1_461' title='bbox 336 3562 671 3634; x_wconf 79' lang='grc' dir='ltr'>Ῥωμαῖκῶν</span> <span class='ocrx_word' id='word_1_462' title='bbox 705 3568 967 3640; x_wconf 76' lang='grc' dir='ltr'><strong>ἐφέροντο</strong></span> <span class='ocrx_word' id='word_1_463' title='bbox 993 3570 1067 3635; x_wconf 82' lang='grc' dir='ltr'><strong>ὡς</strong></span> <span class='ocrx_word' id='word_1_464' title='bbox 1100 3574 1497 3640; x_wconf 78' lang='grc' dir='ltr'><strong>καταδύσοντές</strong></span> <span class='ocrx_word' id='word_1_465' title='bbox 1525 3594 1584 3630; x_wconf 87' lang='grc' dir='ltr'><strong>τε</strong></span> <span class='ocrx_word' id='word_1_466' title='bbox 1616 3580 1786 3642; x_wconf 76' lang='grc' dir='ltr'>αὐτας</span> <span class='ocrx_word' id='word_1_467' title='bbox 1811 3582 1909 3635; x_wconf 73' lang='grc' dir='ltr'><strong>καὶ</strong></span> 
     </span>
    </p>
   </div>
   <div class='ocr_carea' id='block_1_68' title="bbox 327 3656 1912 3745">
    <p class='ocr_par' dir='ltr' id='par_1_68' title="bbox 327 3656 1912 3745">
     <span class='ocr_line' id='line_1_68' title="bbox 327 3656 1912 3745; baseline 0.011 -36"><span class='ocrx_word' id='word_1_468' title='bbox 327 3656 488 3730; x_wconf 76' lang='grc' dir='ltr'>μάχῃ</span> <span class='ocrx_word' id='word_1_469' title='bbox 516 3657 577 3709; x_wconf 79' lang='grc' dir='ltr'><strong>οὐ</strong></span> <span class='ocrx_word' id='word_1_470' title='bbox 620 3658 717 3713; x_wconf 75' lang='grc' dir='ltr'>σὺν</span> <span class='ocrx_word' id='word_1_471' title='bbox 763 3660 913 3733; x_wconf 83' lang='grc' dir='ltr'>πόνῳ</span> <span class='ocrx_word' id='word_1_472' title='bbox 959 3666 1473 3738; x_wconf 74' lang='grc' dir='ltr'>περιγενησόμενοι,</span> <span class='ocrx_word' id='word_1_473' title='bbox 1498 3672 1546 3722; x_wconf 85' lang='grc' dir='ltr'><strong>εί</strong></span> <span class='ocrx_word' id='word_1_474' title='bbox 1589 3673 1683 3725; x_wconf 76' lang='grc' dir='ltr'><strong>καὶ</strong></span> <span class='ocrx_word' id='word_1_475' title='bbox 1710 3673 1912 3745; x_wconf 84' lang='grc' dir='ltr'>ταύτης</span> 
     </span>
    </p>
   </div>
   <div class='ocr_carea' id='block_1_69' title="bbox 320 3749 1909 3839">
    <p class='ocr_par' dir='ltr' id='par_1_69' title="bbox 320 3749 1909 3839">
     <span class='ocr_line' id='line_1_69' title="bbox 320 3749 1909 3839; baseline 0.012 -37"><span class='ocrx_word' id='word_1_476' title='bbox 320 3752 435 3818; x_wconf 81' lang='grc' dir='ltr'><strong>τῆς</strong></span> <span class='ocrx_word' id='word_1_477' title='bbox 463 3749 665 3821; x_wconf 79' lang='grc' dir='ltr'>πείρας</span> <span class='ocrx_word' id='word_1_478' title='bbox 690 3753 984 3827; x_wconf 69' lang='grc' dir='ltr'>ἠλέγχοντο</span> <span class='ocrx_word' id='word_1_479' title='bbox 1005 3758 1273 3832; x_wconf 84' lang='grc' dir='ltr'>δεύτεροι.</span> <span class='ocrx_word' id='word_1_480' title='bbox 1326 3765 1393 3817; x_wconf 80' lang='lat' dir='ltr'><strong>Ai</strong></span> <span class='ocrx_word' id='word_1_481' title='bbox 1415 3764 1487 3832; x_wconf 78' lang='grc' dir='ltr'>γὰ</span> <span class='ocrx_word' id='word_1_482' title='bbox 1498 3783 1529 3835; x_wconf 93' lang='grc' dir='ltr'>ρ</span> <span class='ocrx_word' id='word_1_483' title='bbox 1560 3766 1741 3819; x_wconf 83' lang='grc' dir='ltr'>αὐτῶν</span> <span class='ocrx_word' id='word_1_484' title='bbox 1762 3770 1909 3839; x_wconf 83' lang='grc' dir='ltr'>νῆες,</span> 
     </span>
    </p>
   </div>
   <div class='ocr_carea' id='block_1_70' title="bbox 323 3839 1914 3930">
    <p class='ocr_par' dir='ltr' id='par_1_70' title="bbox 323 3839 1914 3930">
     <span class='ocr_line' id='line_1_70' title="bbox 323 3839 1914 3930; baseline 0.012 -34"><span class='ocrx_word' id='word_1_485' title='bbox 323 3839 431 3896; x_wconf 74' lang='grc' dir='ltr'>ἆτε</span> <span class='ocrx_word' id='word_1_486' title='bbox 462 3841 666 3913; x_wconf 73' lang='grc' dir='ltr'>ἥκιστα</span> <span class='ocrx_word' id='word_1_487' title='bbox 696 3844 793 3899; x_wconf 79' lang='grc' dir='ltr'>τοῦ</span> <span class='ocrx_word' id='word_1_488' title='bbox 828 3851 1234 3919; x_wconf 84' lang='grc' dir='ltr'><strong>ναυπηγεῖσθαι</strong></span> <span class='ocrx_word' id='word_1_489' title='bbox 1262 3852 1455 3919; x_wconf 83' lang='grc' dir='ltr'>δεξιῶς</span> <span class='ocrx_word' id='word_1_490' title='bbox 1484 3858 1539 3918; x_wconf 75' lang='grc' dir='ltr'>ἐς</span> <span class='ocrx_word' id='word_1_491' title='bbox 1556 3857 1914 3930; x_wconf 81' lang='grc' dir='ltr'>ἀσύμμετρόν</span> 
     </span>
    </p>
   </div>
   <div class='ocr_carea' id='block_1_71' title="bbox 324 3933 1912 4023">
    <p class='ocr_par' dir='ltr' id='par_1_71' title="bbox 324 3933 1912 4023">
     <span class='ocr_line' id='line_1_71' title="bbox 324 3933 1912 4023; baseline 0.013 -37"><span class='ocrx_word' id='word_1_492' title='bbox 324 3949 386 3987; x_wconf 84' lang='grc' dir='ltr'>τι</span> <span class='ocrx_word' id='word_1_493' title='bbox 419 3933 821 4006; x_wconf 83' lang='grc' dir='ltr'>διατεινόμεναι</span> <span class='ocrx_word' id='word_1_494' title='bbox 856 3938 1037 4012; x_wconf 80' lang='grc' dir='ltr'>εὖρος,</span> <span class='ocrx_word' id='word_1_495' title='bbox 1070 3943 1139 3998; x_wconf 81' lang='grc' dir='ltr'>τὰ</span> <span class='ocrx_word' id='word_1_496' title='bbox 1171 3944 1465 4018; x_wconf 84' lang='grc' dir='ltr'>δευτεραῖα</span> <span class='ocrx_word' id='word_1_497' title='bbox 1504 3949 1595 4001; x_wconf 78' lang='grc' dir='ltr'><strong>ἐπὶ</strong></span> <span class='ocrx_word' id='word_1_498' title='bbox 1649 3952 1912 4023; x_wconf 79' lang='grc' dir='ltr'>ταχύτητι</span> 
     </span>
    </p>
   </div>
   <div class='ocr_carea' id='block_1_72' title="bbox 326 4028 1916 4127">
    <p class='ocr_par' dir='ltr' id='par_1_72' title="bbox 326 4028 1916 4127">
     <span class='ocr_line' id='line_1_72' title="bbox 326 4028 1916 4127; baseline 0.013 -47"><span class='ocrx_word' id='word_1_499' title='bbox 326 4028 654 4127; x_wconf 68' lang='grc' dir='ltr'><strong>κομίζονται</strong></span> <span class='ocrx_word' id='word_1_500' title='bbox 708 4034 817 4087; x_wconf 86' lang='grc' dir='ltr'><strong>τῶν</strong></span> <span class='ocrx_word' id='word_1_501' title='bbox 868 4035 1216 4104; x_wconf 80' lang='grc' dir='ltr'>Ῥωμαϊκῶν.</span> <span class='ocrx_word' id='word_1_502' title='bbox 1274 4040 1485 4112; x_wconf 77' lang='grc' dir='ltr'>ᾝεσαν</span> <span class='ocrx_word' id='word_1_503' title='bbox 1538 4043 1635 4111; x_wconf 85' lang='grc' dir='ltr'>μὲν</span> <span class='ocrx_word' id='word_1_504' title='bbox 1680 4045 1790 4115; x_wconf 84' lang='grc' dir='ltr'>γὰρ</span> <span class='ocrx_word' id='word_1_505' title='bbox 1826 4046 1916 4101; x_wconf 74' lang='grc' dir='ltr'>διὰ</span> 
     </span>
    </p>
   </div>
   <div class='ocr_carea' id='block_1_73' title="bbox 326 4122 1915 4207">
    <p class='ocr_par' dir='ltr' id='par_1_73' title="bbox 326 4122 1915 4207">
     <span class='ocr_line' id='line_1_73' title="bbox 326 4122 1915 4207; baseline 0.011 -34"><span class='ocrx_word' id='word_1_506' title='bbox 326 4122 430 4173; x_wconf 70' lang='grc' dir='ltr'><strong>τοῦ</strong></span> <span class='ocrx_word' id='word_1_507' title='bbox 486 4122 735 4193; x_wconf 82' lang='grc' dir='ltr'>ποταμοῦ</span> <span class='ocrx_word' id='word_1_508' title='bbox 768 4161 786 4191; x_wconf 85' lang='grc'><strong>,</strong></span> <span class='ocrx_word' id='word_1_509' title='bbox 874 4124 1143 4197; x_wconf 77' lang='grc' dir='ltr'>Ῥωμαῖοι</span> <span class='ocrx_word' id='word_1_510' title='bbox 1192 4127 1251 4184; x_wconf 72' lang='grc' dir='ltr'>δὲ</span> <span class='ocrx_word' id='word_1_511' title='bbox 1304 4132 1672 4202; x_wconf 80' lang='grc' dir='ltr'>παρατάξεως</span> <span class='ocrx_word' id='word_1_512' title='bbox 1725 4138 1915 4207; x_wconf 83' lang='grc' dir='ltr'>σχῆμα</span> 
     </span>
    </p>
   </div>
   <div class='ocr_carea' id='block_1_74' title="bbox 328 4211 1918 4293">
    <p class='ocr_par' dir='ltr' id='par_1_74' title="bbox 328 4211 1918 4293">
     <span class='ocr_line' id='line_1_74' title="bbox 328 4211 1918 4293; baseline 0.011 -30"><span class='ocrx_word' id='word_1_513' title='bbox 328 4211 700 4292; x_wconf 75' lang='grc' dir='ltr'>ποιησάμενοι</span> <span class='ocrx_word' id='word_1_514' title='bbox 750 4216 895 4270; x_wconf 81' lang='grc' dir='ltr'><strong>κατὰ</strong></span> <span class='ocrx_word' id='word_1_515' title='bbox 956 4221 1122 4290; x_wconf 86' lang='grc' dir='ltr'>μέσον</span> <span class='ocrx_word' id='word_1_516' title='bbox 1170 4221 1655 4293; x_wconf 82' lang='grc' dir='ltr'>ἀπολαμῦἀνουσιν</span> <span class='ocrx_word' id='word_1_517' title='bbox 1715 4226 1918 4293; x_wconf 81' lang='grc' dir='ltr'>αὐτοὺς</span> 
     </span>
    </p>
   </div>
   <div class='ocr_carea' id='block_1_75' title="bbox 332 4302 1915 4392">
    <p class='ocr_par' dir='ltr' id='par_1_75' title="bbox 332 4302 1915 4392">
     <span class='ocr_line' id='line_1_75' title="bbox 332 4302 1915 4392; baseline 0.003 -36"><span class='ocrx_word' id='word_1_518' title='bbox 332 4302 515 4370; x_wconf 78' lang='grc' dir='ltr'>συχνά</span> <span class='ocrx_word' id='word_1_519' title='bbox 535 4321 593 4357; x_wconf 91' lang='grc' dir='ltr'><strong>τε</strong></span> <span class='ocrx_word' id='word_1_520' title='bbox 613 4308 748 4371; x_wconf 77' lang='grc' dir='ltr'>’τοῖς</span> <span class='ocrx_word' id='word_1_521' title='bbox 801 4309 1139 4379; x_wconf 79' lang='grc' dir='ltr'>τοξεύμασιν</span> <span class='ocrx_word' id='word_1_522' title='bbox 1169 4311 1419 4381; x_wconf 75' lang='grc' dir='ltr'>ἔϐαλλον,</span> <span class='ocrx_word' id='word_1_523' title='bbox 1456 4314 1544 4386; x_wconf 78' lang='grc' dir='ltr'><strong>ἐφ’</strong></span> <span class='ocrx_word' id='word_1_524' title='bbox 1570 4310 1651 4383; x_wconf 75' lang='grc' dir='ltr'><strong>οἷς</strong></span> <span class='ocrx_word' id='word_1_525' title='bbox 1677 4318 1915 4392; x_wconf 81' lang='grc' dir='ltr'>ἀπειρη-</span> 
     </span>
    </p>
   </div>
   <div class='ocr_carea' id='block_1_76' title="bbox 328 4395 1918 4490">
    <p class='ocr_par' dir='ltr' id='par_1_76' title="bbox 328 4395 1918 4490">
     <span class='ocr_line' id='line_1_76' title="bbox 328 4395 1918 4490; baseline 0.009 -41"><span class='ocrx_word' id='word_1_526' title='bbox 328 4395 495 4459; x_wconf 86' lang='grc' dir='ltr'>κότες</span> <span class='ocrx_word' id='word_1_527' title='bbox 527 4399 724 4490; x_wconf 69' lang='grc' dir='ltr'>ἐκεῖνοι</span> <span class='ocrx_word' id='word_1_528' title='bbox 751 4401 1009 4472; x_wconf 86' lang='grc' dir='ltr'>πρύμναν</span> <span class='ocrx_word' id='word_1_529' title='bbox 1037 4405 1393 4475; x_wconf 75' lang='grc' dir='ltr'>ἐκρούσαντο.</span> <span class='ocrx_word' id='word_1_530' title='bbox 1424 4409 1490 4460; x_wconf 72' lang='grc' dir='ltr'>Δί</span> <span class='ocrx_word' id='word_1_531' title='bbox 1522 4406 1625 4477; x_wconf 68' lang='grc' dir='ltr'>μὲν</span> <span class='ocrx_word' id='word_1_532' title='bbox 1650 4407 1744 4463; x_wconf 79' lang='grc' dir='ltr'><strong>οὖν</strong></span> <span class='ocrx_word' id='word_1_533' title='bbox 1758 4409 1918 4466; x_wconf 78' lang='grc' dir='ltr'>ἄλλαι</span> 
     </span>
    </p>
   </div>
   <div class='ocr_carea' id='block_1_77' title="bbox 328 4492 1916 4580">
    <p class='ocr_par' dir='ltr' id='par_1_77' title="bbox 328 4492 1916 4580">
     <span class='ocr_line' id='line_1_77' title="bbox 328 4492 1916 4580; baseline 0.009 -34"><span class='ocrx_word' id='word_1_534' title='bbox 328 4492 464 4563; x_wconf 82' lang='grc' dir='ltr'>νῆες</span> <span class='ocrx_word' id='word_1_535' title='bbox 523 4494 707 4579; x_wconf 78' lang='grc' dir='ltr'>αὐτῶν</span> <span class='ocrx_word' id='word_1_536' title='bbox 733 4577 739 4580; x_wconf 63' lang='lat'><strong><em>_</em></strong></span> <span class='ocrx_word' id='word_1_537' title='bbox 763 4494 970 4569; x_wconf 73' lang='grc' dir='ltr'>θατέρᾳ</span> <span class='ocrx_word' id='word_1_538' title='bbox 998 4496 1094 4551; x_wconf 80' lang='grc' dir='ltr'><strong>τοῦ</strong></span> <span class='ocrx_word' id='word_1_539' title='bbox 1131 4501 1378 4571; x_wconf 77' lang='grc' dir='ltr'>ποταμοῦ</span> <span class='ocrx_word' id='word_1_540' title='bbox 1437 4502 1750 4559; x_wconf 82' lang='grc' dir='ltr'>πελάσασαι</span> <span class='ocrx_word' id='word_1_541' title='bbox 1780 4505 1916 4580; x_wconf 76' lang='grc' dir='ltr'><strong>ὄχθῃ</strong></span> 
     </span>
    </p>
   </div>
   <div class='ocr_carea' id='block_1_78' title="bbox 2018 3300 3595 3372">
    <p class='ocr_par' dir='ltr' id='par_1_78' title="bbox 2018 3300 3595 3372">
     <span class='ocr_line' id='line_1_78' title="bbox 2018 3300 3595 3372; baseline -0.005 -9"><span class='ocrx_word' id='word_1_542' title='bbox 2018 3315 2243 3363; x_wconf 85' lang='lat' dir='ltr'><strong>cerent:</strong></span> <span class='ocrx_word' id='word_1_543' title='bbox 2274 3306 2376 3361; x_wconf 88' lang='lat' dir='ltr'><strong>etsi</strong></span> <span class='ocrx_word' id='word_1_544' title='bbox 2411 3305 2500 3360; x_wconf 86' lang='lat' dir='ltr'><strong>hic</strong></span> <span class='ocrx_word' id='word_1_545' title='bbox 2549 3311 2777 3358; x_wconf 87' lang='lat' dir='ltr'><strong>conatus</strong></span> <span class='ocrx_word' id='word_1_546' title='bbox 2806 3302 2990 3359; x_wconf 89' lang='lat' dir='ltr'><strong>minus</strong></span> <span class='ocrx_word' id='word_1_547' title='bbox 3016 3315 3278 3372; x_wconf 88' lang='lat' dir='ltr'><strong>prospere</strong></span> <span class='ocrx_word' id='word_1_548' title='bbox 3312 3301 3379 3357; x_wconf 90' lang='lat' dir='ltr'><strong>iis</strong></span> <span class='ocrx_word' id='word_1_549' title='bbox 3411 3300 3595 3355; x_wconf 84' lang='lat' dir='ltr'><strong>cessit.</strong></span> 
     </span>
    </p>
   </div>
   <div class='ocr_carea' id='block_1_79' title="bbox 2018 3391 3599 3469">
    <p class='ocr_par' dir='ltr' id='par_1_79' title="bbox 2018 3391 3599 3469">
     <span class='ocr_line' id='line_1_79' title="bbox 2018 3391 3599 3469; baseline -0.006 -14"><span class='ocrx_word' id='word_1_550' title='bbox 2018 3399 2219 3455; x_wconf 85' lang='lat' dir='ltr'><strong>Eorum</strong></span> <span class='ocrx_word' id='word_1_551' title='bbox 2262 3397 2460 3469; x_wconf 87' lang='lat' dir='ltr'><strong>quippe</strong></span> <span class='ocrx_word' id='word_1_552' title='bbox 2515 3409 2681 3451; x_wconf 81' lang='lat' dir='ltr'><strong>naves</strong></span> <span class='ocrx_word' id='word_1_553' title='bbox 2730 3395 2913 3450; x_wconf 88' lang='lat' dir='ltr'><strong>minus</strong></span> <span class='ocrx_word' id='word_1_554' title='bbox 2961 3402 3083 3465; x_wconf 86' lang='lat' dir='ltr'><strong>apte</strong></span> <span class='ocrx_word' id='word_1_555' title='bbox 3129 3392 3405 3448; x_wconf 70' lang='lat' dir='ltr'><strong>fabricata:</strong></span> <span class='ocrx_word' id='word_1_556' title='bbox 3448 3402 3502 3447; x_wconf 86' lang='lat' dir='ltr'><strong>et</strong></span> <span class='ocrx_word' id='word_1_557' title='bbox 3548 3391 3599 3446; x_wconf 91' lang='lat' dir='ltr'><strong>in</strong></span> 
     </span>
    </p>
   </div>
   <div class='ocr_carea' id='block_1_80' title="bbox 2019 3484 3598 3553">
    <p class='ocr_par' dir='ltr' id='par_1_80' title="bbox 2019 3484 3598 3553">
     <span class='ocr_line' id='line_1_80' title="bbox 2019 3484 3598 3553; baseline -0.01 0"><span class='ocrx_word' id='word_1_558' title='bbox 2019 3494 2361 3553; x_wconf 87' lang='lat' dir='ltr'><strong>immodicam</strong></span> <span class='ocrx_word' id='word_1_559' title='bbox 2405 3501 2644 3547; x_wconf 63' lang='lat' dir='ltr'><strong>extensa</strong></span> <span class='ocrx_word' id='word_1_560' title='bbox 2687 3489 3027 3544; x_wconf 88' lang='lat' dir='ltr'><strong>latitudinem</strong></span> <span class='ocrx_word' id='word_1_561' title='bbox 3064 3488 3352 3543; x_wconf 87' lang='lat' dir='ltr'><strong>velocitate</strong></span> <span class='ocrx_word' id='word_1_562' title='bbox 3397 3484 3598 3540; x_wconf 83' lang='lat' dir='ltr'><strong>Roma-</strong></span> 
     </span>
    </p>
   </div>
   <div class='ocr_carea' id='block_1_81' title="bbox 2020 3579 3603 3656">
    <p class='ocr_par' dir='ltr' id='par_1_81' title="bbox 2020 3579 3603 3656">
     <span class='ocr_line' id='line_1_81' title="bbox 2020 3579 3603 3656; baseline -0.009 -10"><span class='ocrx_word' id='word_1_563' title='bbox 2020 3603 2213 3646; x_wconf 90' lang='lat' dir='ltr'><strong>norum</strong></span> <span class='ocrx_word' id='word_1_564' title='bbox 2262 3584 2677 3656; x_wconf 83' lang='lat' dir='ltr'><strong>superabantur.</strong></span> <span class='ocrx_word' id='word_1_565' title='bbox 2730 3583 2795 3635; x_wconf 83' lang='lat' dir='ltr'><strong>Et</strong></span> <span class='ocrx_word' id='word_1_566' title='bbox 2836 3580 2950 3653; x_wconf 80' lang='lat' dir='ltr'><strong>jam</strong></span> <span class='ocrx_word' id='word_1_567' title='bbox 3000 3580 3054 3635; x_wconf 92' lang='lat' dir='ltr'><strong>in</strong></span> <span class='ocrx_word' id='word_1_568' title='bbox 3116 3579 3312 3635; x_wconf 81' lang='lat' dir='ltr'><strong>ﬂumen</strong></span> <span class='ocrx_word' id='word_1_569' title='bbox 3360 3579 3603 3633; x_wconf 65' lang='lat' dir='ltr'><strong>deductae</strong></span> 
     </span>
    </p>
   </div>
   <div class='ocr_carea' id='block_1_82' title="bbox 2020 3667 3603 3747">
    <p class='ocr_par' dir='ltr' id='par_1_82' title="bbox 2020 3667 3603 3747">
     <span class='ocr_line' id='line_1_82' title="bbox 2020 3667 3603 3747; baseline -0.01 -10"><span class='ocrx_word' id='word_1_570' title='bbox 2020 3688 2197 3747; x_wconf 90' lang='lat' dir='ltr'><strong>erant,</strong></span> <span class='ocrx_word' id='word_1_571' title='bbox 2227 3693 2348 3734; x_wconf 87' lang='lat' dir='ltr'><strong>cum</strong></span> <span class='ocrx_word' id='word_1_572' title='bbox 2367 3675 2599 3731; x_wconf 82' lang='lat' dir='ltr'><strong>Romani</strong></span> <span class='ocrx_word' id='word_1_573' title='bbox 2632 3672 3012 3729; x_wconf 79' lang='lat' dir='ltr'><strong>navibus°suis</strong></span> <span class='ocrx_word' id='word_1_574' title='bbox 3053 3671 3107 3725; x_wconf 92' lang='lat' dir='ltr'><strong>in</strong></span> <span class='ocrx_word' id='word_1_575' title='bbox 3140 3670 3309 3725; x_wconf 85' lang='lat' dir='ltr'><strong>aciem</strong></span> <span class='ocrx_word' id='word_1_576' title='bbox 3338 3667 3603 3725; x_wconf 85' lang='lat' dir='ltr'><strong>ordinatis</strong></span> 
     </span>
    </p>
   </div>
   <div class='ocr_carea' id='block_1_83' title="bbox 2021 3760 3601 3841">
    <p class='ocr_par' dir='ltr' id='par_1_83' title="bbox 2021 3760 3601 3841">
     <span class='ocr_line' id='line_1_83' title="bbox 2021 3760 3601 3841; baseline -0.007 -14"><span class='ocrx_word' id='word_1_577' title='bbox 2021 3773 2144 3828; x_wconf 87' lang='lat' dir='ltr'><strong>illas</strong></span> <span class='ocrx_word' id='word_1_578' title='bbox 2215 3770 2497 3841; x_wconf 82' lang='lat' dir='ltr'><strong>excipiunt</strong></span> <span class='ocrx_word' id='word_1_579' title='bbox 2582 3767 2904 3835; x_wconf 87' lang='lat' dir='ltr'><strong>crebrisque</strong></span> <span class='ocrx_word' id='word_1_580' title='bbox 2965 3762 3388 3831; x_wconf 77' lang='lat' dir='ltr'><strong>iaculationibus</strong></span> <span class='ocrx_word' id='word_1_581' title='bbox 3458 3760 3601 3816; x_wconf 85' lang='lat' dir='ltr'><strong>inl‘e-</strong></span> 
     </span>
    </p>
   </div>
   <div class='ocr_carea' id='block_1_84' title="bbox 2020 3851 3601 3931">
    <p class='ocr_par' dir='ltr' id='par_1_84' title="bbox 2020 3851 3601 3931">
     <span class='ocr_line' id='line_1_84' title="bbox 2020 3851 3601 3931; baseline -0.01 -12"><span class='ocrx_word' id='word_1_582' title='bbox 2020 3873 2166 3919; x_wconf 86' lang='lat' dir='ltr'><strong>stant</strong></span> <span class='ocrx_word' id='word_1_583' title='bbox 2202 3879 2217 3915; x_wconf 88' lang='lat'><strong>:</strong></span> <span class='ocrx_word' id='word_1_584' title='bbox 2273 3859 2471 3931; x_wconf 87' lang='lat' dir='ltr'><strong>quibus</strong></span> <span class='ocrx_word' id='word_1_585' title='bbox 2499 3858 2572 3913; x_wconf 83' lang='lat' dir='ltr'><strong>illi</strong></span> <span class='ocrx_word' id='word_1_586' title='bbox 2604 3854 2811 3927; x_wconf 75' lang='lat' dir='ltr'><strong>fatigati</strong></span> <span class='ocrx_word' id='word_1_587' title='bbox 2856 3868 3020 3909; x_wconf 86' lang='lat' dir='ltr'><strong>naves</strong></span> <span class='ocrx_word' id='word_1_588' title='bbox 3065 3853 3372 3908; x_wconf 82' lang='lat' dir='ltr'><strong>inhibuere.</strong></span> <span class='ocrx_word' id='word_1_589' title='bbox 3407 3851 3601 3906; x_wconf 86' lang='lat' dir='ltr'><strong>Earum</strong></span> 
     </span>
    </p>
   </div>
   <div class='ocr_carea' id='block_1_85' title="bbox 2022 3945 3603 4026">
    <p class='ocr_par' dir='ltr' id='par_1_85' title="bbox 2022 3945 3603 4026">
     <span class='ocr_line' id='line_1_85' title="bbox 2022 3945 3603 4026; baseline -0.006 -20"><span class='ocrx_word' id='word_1_590' title='bbox 2022 3968 2151 4026; x_wconf 81' lang='lat' dir='ltr'><strong>pars</strong></span> <span class='ocrx_word' id='word_1_591' title='bbox 2204 3952 2363 4008; x_wconf 89' lang='lat' dir='ltr'><strong>alteri</strong></span> <span class='ocrx_word' id='word_1_592' title='bbox 2411 3949 2636 4022; x_wconf 86' lang='lat' dir='ltr'><strong>appulsa</strong></span> <span class='ocrx_word' id='word_1_593' title='bbox 2684 3948 2851 4004; x_wconf 89' lang='lat' dir='ltr'><strong>littori</strong></span> <span class='ocrx_word' id='word_1_594' title='bbox 2907 3945 3200 4003; x_wconf 89' lang='lat' dir='ltr'><strong>discrimen</strong></span> <span class='ocrx_word' id='word_1_595' title='bbox 3251 3945 3449 4012; x_wconf 76' lang='lat' dir='ltr'><strong>evasit,</strong></span> <span class='ocrx_word' id='word_1_596' title='bbox 3498 3959 3603 3998; x_wconf 87' lang='lat' dir='ltr'><strong>una</strong></span> 
     </span>
    </p>
   </div>
   <div class='ocr_carea' id='block_1_86' title="bbox 2021 4037 3603 4111">
    <p class='ocr_par' dir='ltr' id='par_1_86' title="bbox 2021 4037 3603 4111">
     <span class='ocr_line' id='line_1_86' title="bbox 2021 4037 3603 4111; baseline -0.008 -9"><span class='ocrx_word' id='word_1_597' title='bbox 2021 4060 2150 4102; x_wconf 89' lang='lat' dir='ltr'><strong>vero</strong></span> <span class='ocrx_word' id='word_1_598' title='bbox 2178 4045 2376 4101; x_wconf 87' lang='lat' dir='ltr'><strong>ducum</strong></span> <span class='ocrx_word' id='word_1_599' title='bbox 2409 4040 2729 4097; x_wconf 88' lang='lat' dir='ltr'><strong>militarium</strong></span> <span class='ocrx_word' id='word_1_600' title='bbox 2764 4039 2925 4111; x_wconf 88' lang='lat' dir='ltr'><strong>plena</strong></span> <span class='ocrx_word' id='word_1_601' title='bbox 2954 4040 3008 4094; x_wconf 92' lang='lat' dir='ltr'><strong>in</strong></span> <span class='ocrx_word' id='word_1_602' title='bbox 3036 4037 3406 4093; x_wconf 80' lang='lat' dir='ltr'><strong>Romanorum</strong></span> <span class='ocrx_word' id='word_1_603' title='bbox 3446 4045 3603 4106; x_wconf 83' lang='lat' dir='ltr'><strong>pote—</strong></span> 
     </span>
    </p>
   </div>
   <div class='ocr_carea' id='block_1_87' title="bbox 2021 4130 3603 4205">
    <p class='ocr_par' dir='ltr' id='par_1_87' title="bbox 2021 4130 3603 4205">
     <span class='ocr_line' id='line_1_87' title="bbox 2021 4130 3603 4205; baseline -0.007 -10"><span class='ocrx_word' id='word_1_604' title='bbox 2021 4148 2219 4195; x_wconf 84' lang='lat' dir='ltr'><strong>statem</strong></span> <span class='ocrx_word' id='word_1_605' title='bbox 2252 4137 2423 4202; x_wconf 89' lang='lat' dir='ltr'><strong>venit,</strong></span> <span class='ocrx_word' id='word_1_606' title='bbox 2457 4148 2688 4205; x_wconf 88' lang='lat' dir='ltr'><strong>arteque</strong></span> <span class='ocrx_word' id='word_1_607' title='bbox 2721 4132 2969 4190; x_wconf 83' lang='lat' dir='ltr'><strong>confecto</strong></span> <span class='ocrx_word' id='word_1_608' title='bbox 3006 4132 3136 4203; x_wconf 76' lang='lat' dir='ltr'><strong>igne</strong></span> <span class='ocrx_word' id='word_1_609' title='bbox 3180 4130 3468 4200; x_wconf 87' lang='lat' dir='ltr'><strong>absumpta</strong></span> <span class='ocrx_word' id='word_1_610' title='bbox 3499 4138 3603 4184; x_wconf 84' lang='lat' dir='ltr'><strong>est.</strong></span> 
     </span>
    </p>
   </div>
   <div class='ocr_carea' id='block_1_88' title="bbox 2023 4213 3603 4302">
    <p class='ocr_par' dir='ltr' id='par_1_88' title="bbox 2023 4213 3603 4302">
     <span class='ocr_line' id='line_1_88' title="bbox 2023 4213 3603 4302; baseline -0.009 -16"><span class='ocrx_word' id='word_1_611' title='bbox 2023 4230 2260 4302; x_wconf 73' lang='lat' dir='ltr'><strong>llungari</strong></span> <span class='ocrx_word' id='word_1_612' title='bbox 2312 4229 2532 4299; x_wconf 88' lang='lat' dir='ltr'><strong>itaque,</strong></span> <span class='ocrx_word' id='word_1_613' title='bbox 2573 4234 2857 4298; x_wconf 87' lang='lat' dir='ltr'><strong>postquam</strong></span> <span class='ocrx_word' id='word_1_614' title='bbox 2907 4232 2964 4280; x_wconf 91' lang='lat' dir='ltr'><strong>et</strong></span> <span class='ocrx_word' id='word_1_615' title='bbox 3015 4224 3104 4279; x_wconf 83' lang='lat' dir='ltr'><strong>hic</strong></span> <span class='ocrx_word' id='word_1_616' title='bbox 3155 4213 3603 4279; x_wconf 78' lang='lat' dir='ltr'><strong>irritus&#39;conatus</strong></span> 
     </span>
    </p>
   </div>
   <div class='ocr_carea' id='block_1_89' title="bbox 2023 4317 3603 4387">
    <p class='ocr_par' dir='ltr' id='par_1_89' title="bbox 2023 4317 3603 4387">
     <span class='ocr_line' id='line_1_89' title="bbox 2023 4317 3603 4387; baseline -0.007 -9"><span class='ocrx_word' id='word_1_617' title='bbox 2023 4322 2146 4387; x_wconf 83' lang='lat' dir='ltr'><strong>fuit,</strong></span> <span class='ocrx_word' id='word_1_618' title='bbox 2168 4320 2318 4377; x_wconf 89' lang='lat' dir='ltr'><strong>aliud</strong></span> <span class='ocrx_word' id='word_1_619' title='bbox 2348 4328 2474 4376; x_wconf 83' lang='lat' dir='ltr'><strong>sunt</strong></span> <span class='ocrx_word' id='word_1_620' title='bbox 2497 4319 2690 4376; x_wconf 88' lang='lat' dir='ltr'><strong>moliti.</strong></span> <span class='ocrx_word' id='word_1_621' title='bbox 2714 4318 3014 4373; x_wconf 76' lang='lat' dir='ltr'><strong>Nonnullos</strong></span> <span class='ocrx_word' id='word_1_622' title='bbox 3034 4317 3178 4373; x_wconf 89' lang='lat' dir='ltr'><strong>enim</strong></span> <span class='ocrx_word' id='word_1_623' title='bbox 3204 4331 3269 4371; x_wconf 74' lang='lat' dir='ltr'><strong>ex</strong></span> <span class='ocrx_word' id='word_1_624' title='bbox 3300 4331 3395 4372; x_wconf 89' lang='lat' dir='ltr'><strong>sua</strong></span> <span class='ocrx_word' id='word_1_625' title='bbox 3423 4324 3603 4386; x_wconf 75' lang='lat' dir='ltr'><strong>gente,</strong></span> 
     </span>
    </p>
   </div>
   <div class='ocr_carea' id='block_1_90' title="bbox 2028 4410 3610 4486">
    <p class='ocr_par' dir='ltr' id='par_1_90' title="bbox 2028 4410 3610 4486">
     <span class='ocr_line' id='line_1_90' title="bbox 2028 4410 3610 4486; baseline -0.006 -15"><span class='ocrx_word' id='word_1_626' title='bbox 2028 4416 2124 4486; x_wconf 88' lang='lat' dir='ltr'><strong>qui</strong></span> <span class='ocrx_word' id='word_1_627' title='bbox 2157 4414 2437 4486; x_wconf 84' lang='lat' dir='ltr'><strong>Stephano</strong></span> <span class='ocrx_word' id='word_1_628' title='bbox 2482 4410 2909 4469; x_wconf 86' lang='lat' dir='ltr'><strong>famulabantur.</strong></span> <span class='ocrx_word' id='word_1_629' title='bbox 2945 4410 3189 4479; x_wconf 83' lang='lat' dir='ltr'><strong>pecuniis</strong></span> <span class='ocrx_word' id='word_1_630' title='bbox 3232 4416 3610 4476; x_wconf 78' lang='lat' dir='ltr'><strong>corrumpunt,</strong></span> 
     </span>
    </p>
   </div>
   <div class='ocr_carea' id='block_1_91' title="bbox 2027 4499 3604 4578">
    <p class='ocr_par' dir='ltr' id='par_1_91' title="bbox 2027 4499 3604 4578">
     <span class='ocr_line' id='line_1_91' title="bbox 2027 4499 3604 4578; baseline -0.007 -16"><span class='ocrx_word' id='word_1_631' title='bbox 2027 4508 2199 4578; x_wconf 87' lang='lat' dir='ltr'><strong>iisque</strong></span> <span class='ocrx_word' id='word_1_632' title='bbox 2251 4505 2579 4576; x_wconf 87' lang='lat' dir='ltr'><strong>persuadent</strong></span> <span class='ocrx_word' id='word_1_633' title='bbox 2624 4515 2684 4557; x_wconf 91' lang='lat' dir='ltr'><strong>ut</strong></span> <span class='ocrx_word' id='word_1_634' title='bbox 2736 4502 3025 4574; x_wconf 79' lang='lat' dir='ltr'><strong>propinalo</strong></span> <span class='ocrx_word' id='word_1_635' title='bbox 3074 4515 3284 4555; x_wconf 86' lang='lat' dir='ltr'><strong>veneno</strong></span> <span class='ocrx_word' id='word_1_636' title='bbox 3332 4499 3604 4554; x_wconf 84' lang='lat' dir='ltr'><strong>hominem</strong></span> 
     </span>
    </p>
   </div>
   <div class='ocr_carea' id='block_1_92' title="bbox 330 4569 1913 4667">
    <p class='ocr_par' dir='ltr' id='par_1_92' title="bbox 330 4569 1913 4667">
     <span class='ocr_line' id='line_1_92' title="bbox 330 4569 1913 4667; baseline 0.009 -28"><span class='ocrx_word' id='word_1_637' title='bbox 330 4586 429 4639; x_wconf 63' lang='grc' dir='ltr'><strong>τδν</strong></span> <span class='ocrx_word' id='word_1_638' title='bbox 458 4569 698 4643; x_wconf 74' lang='grc' dir='ltr'>κίνδυνον</span> <span class='ocrx_word' id='word_1_639' title='bbox 733 4577 972 4657; x_wconf 66' lang='grc' dir='ltr'>ἔφυγον,</span> <span class='ocrx_word' id='word_1_640' title='bbox 1029 4591 1129 4661; x_wconf 87' lang='grc' dir='ltr'><strong>μία</strong></span> <span class='ocrx_word' id='word_1_641' title='bbox 1160 4590 1217 4646; x_wconf 75' lang='grc' dir='ltr'>δὲ</span> <span class='ocrx_word' id='word_1_642' title='bbox 1267 4569 1449 4649; x_wconf 82' lang='grc' dir='ltr'>αὐτῶν</span> <span class='ocrx_word' id='word_1_643' title='bbox 1501 4596 1717 4667; x_wconf 81' lang='grc' dir='ltr'>ἀνδρῶν</span> <span class='ocrx_word' id='word_1_644' title='bbox 1771 4569 1913 4654; x_wconf 70' lang='grc' dir='ltr'>πλέᾶ</span> 
     </span>
    </p>
   </div>
   <div class='ocr_carea' id='block_1_93' title="bbox 2017 4569 3603 4667">
    <p class='ocr_par' dir='ltr' id='par_1_93' title="bbox 2021 4569 3603 4665">
     <span class='ocr_line' id='line_1_93' title="bbox 2021 4569 3603 4665; baseline -0.005 -10"><span class='ocrx_word' id='word_1_645' title='bbox 2021 4569 2304 4655; x_wconf 73' lang='lat' dir='ltr'><strong>necarent.</strong></span> <span class='ocrx_word' id='word_1_646' title='bbox 2339 4595 2419 4652; x_wconf 86' lang='lat' dir='ltr'><strong>ita</strong></span> <span class='ocrx_word' id='word_1_647' title='bbox 2448 4595 2662 4651; x_wconf 90' lang='lat' dir='ltr'><strong>eturbs</strong></span> <span class='ocrx_word' id='word_1_648' title='bbox 2708 4569 2868 4665; x_wconf 71' lang='lat' dir='ltr'><strong>capta</strong></span> <span class='ocrx_word' id='word_1_649' title='bbox 2912 4602 3079 4649; x_wconf 88' lang='lat' dir='ltr'><strong>estet</strong></span> <span class='ocrx_word' id='word_1_650' title='bbox 3130 4604 3300 4649; x_wconf 91' lang='lat' dir='ltr'><strong>totum</strong></span> <span class='ocrx_word' id='word_1_651' title='bbox 3350 4592 3603 4647; x_wconf 85' lang='lat' dir='ltr'><strong>Sirmium</strong></span> 
     </span>
    </p>
   </div>
   <div class='ocr_carea' id='block_1_94' title="bbox 332 4679 1917 4762">
    <p class='ocr_par' dir='ltr' id='par_1_94' title="bbox 332 4679 1917 4762">
     <span class='ocr_line' id='line_1_94' title="bbox 332 4679 1917 4762; baseline 0.008 -30"><span class='ocrx_word' id='word_1_652' title='bbox 332 4679 448 4734; x_wconf 82' lang='grc' dir='ltr'><strong>τῶν</strong></span> <span class='ocrx_word' id='word_1_653' title='bbox 509 4680 642 4750; x_wconf 83' lang='grc' dir='ltr'><strong>παρ’</strong></span> <span class='ocrx_word' id='word_1_654' title='bbox 694 4682 878 4747; x_wconf 78' lang='grc' dir='ltr'><strong>αὐτοῖς</strong></span> <span class='ocrx_word' id='word_1_655' title='bbox 932 4686 1390 4756; x_wconf 85' lang='grc' dir='ltr'>στρατηγούντων</span> <span class='ocrx_word' id='word_1_656' title='bbox 1418 4688 1735 4762; x_wconf 82' lang='grc' dir='ltr'>ὑποχείριος</span> <span class='ocrx_word' id='word_1_657' title='bbox 1779 4690 1917 4745; x_wconf 82' lang='grc' dir='ltr'><strong>Ῥω-</strong></span> 
     </span>
    </p>
   </div>
   <div class='ocr_carea' id='block_1_95' title="bbox 341 4772 1917 4856">
    <p class='ocr_par' dir='ltr' id='par_1_95' title="bbox 341 4772 1917 4856">
     <span class='ocr_line' id='line_1_95' title="bbox 341 4772 1917 4856; baseline 0.01 -33"><span class='ocrx_word' id='word_1_658' title='bbox 341 4772 527 4841; x_wconf 80' lang='grc' dir='ltr'>μαίοις</span> <span class='ocrx_word' id='word_1_659' title='bbox 579 4774 798 4841; x_wconf 73' lang='grc' dir='ltr'>ἐγένετο</span> <span class='ocrx_word' id='word_1_660' title='bbox 853 4778 1141 4850; x_wconf 83' lang='grc' dir='ltr'>σκευαστῷ</span> <span class='ocrx_word' id='word_1_661' title='bbox 1204 4780 1340 4851; x_wconf 73' lang='grc' dir='ltr'>πυρὶ</span> <span class='ocrx_word' id='word_1_662' title='bbox 1531 4783 1917 4856; x_wconf 80' lang='grc' dir='ltr'>καταπλήξασι</span> 
     </span>
    </p>
   </div>
   <div class='ocr_carea' id='block_1_96' title="bbox 336 4864 1919 4945">
    <p class='ocr_par' dir='ltr' id='par_1_96' title="bbox 336 4864 1919 4945">
     <span class='ocr_line' id='line_1_96' title="bbox 336 4864 1919 4945; baseline 0.008 -29"><span class='ocrx_word' id='word_1_663' title='bbox 336 4864 565 4937; x_wconf 87' lang='grc' dir='ltr'>ταύτην.</span> <span class='ocrx_word' id='word_1_664' title='bbox 591 4865 781 4921; x_wconf 79' lang='grc' dir='ltr'>Οὒννοι</span> <span class='ocrx_word' id='word_1_665' title='bbox 814 4869 1015 4936; x_wconf 80' lang='grc' dir='ltr'>τοίνυν,</span> <span class='ocrx_word' id='word_1_666' title='bbox 1073 4870 1264 4944; x_wconf 69' lang='grc' dir='ltr'>ἐπειδὴ</span> <span class='ocrx_word' id='word_1_667' title='bbox 1311 4873 1407 4927; x_wconf 69' lang='grc' dir='ltr'><strong>καὶ</strong></span> <span class='ocrx_word' id='word_1_668' title='bbox 1438 4874 1644 4944; x_wconf 86' lang='grc' dir='ltr'>ταύτης</span> <span class='ocrx_word' id='word_1_669' title='bbox 1673 4876 1919 4945; x_wconf 79' lang='grc' dir='ltr'>ἀπετύγ-</span> 
     </span>
    </p>
   </div>
   <div class='ocr_carea' id='block_1_97' title="bbox 336 4958 1919 5037">
    <p class='ocr_par' dir='ltr' id='par_1_97' title="bbox 336 4958 1919 5037">
     <span class='ocr_line' id='line_1_97' title="bbox 336 4958 1919 5037; baseline 0.008 -28"><span class='ocrx_word' id='word_1_670' title='bbox 336 4972 506 5027; x_wconf 85' lang='grc' dir='ltr'>χανον</span> <span class='ocrx_word' id='word_1_671' title='bbox 539 4958 639 5027; x_wconf 78' lang='grc' dir='ltr'><strong>τῆς</strong></span> <span class='ocrx_word' id='word_1_672' title='bbox 693 4959 915 5031; x_wconf 82' lang='grc' dir='ltr'>πείρας,</span> <span class='ocrx_word' id='word_1_673' title='bbox 944 4962 1031 5032; x_wconf 73' lang='grc' dir='ltr'><strong>ἐφ’</strong></span> <span class='ocrx_word' id='word_1_674' title='bbox 1060 4962 1258 5035; x_wconf 81' lang='grc' dir='ltr'><strong>ἐτέρας</strong></span> <span class='ocrx_word' id='word_1_675' title='bbox 1299 4965 1625 5037; x_wconf 79' lang='grc' dir='ltr'>ἐτράποντο.</span> <span class='ocrx_word' id='word_1_676' title='bbox 1656 4968 1776 5020; x_wconf 83' lang='grc' dir='ltr'><strong>Τῶν</strong></span> <span class='ocrx_word' id='word_1_677' title='bbox 1808 4968 1919 5037; x_wconf 83' lang='grc' dir='ltr'>γὰρ</span> 
     </span>
    </p>
   </div>
   <div class='ocr_carea' id='block_1_98' title="bbox 336 5048 1915 5131">
    <p class='ocr_par' dir='ltr' id='par_1_98' title="bbox 336 5048 1915 5131">
     <span class='ocr_line' id='line_1_98' title="bbox 336 5048 1915 5131; baseline 0.009 -31"><span class='ocrx_word' id='word_1_678' title='bbox 336 5048 421 5116; x_wconf 86' lang='grc' dir='ltr'>τῷ</span> <span class='ocrx_word' id='word_1_679' title='bbox 446 5049 705 5121; x_wconf 67' lang='grc' dir='ltr'>Στεφάνῳ</span> <span class='ocrx_word' id='word_1_680' title='bbox 722 5050 1246 5125; x_wconf 83' lang='grc' dir='ltr'>διυπηρετουμένων</span> <span class='ocrx_word' id='word_1_681' title='bbox 1305 5056 1525 5113; x_wconf 80' lang='grc' dir='ltr'>υῠννων</span> <span class='ocrx_word' id='word_1_682' title='bbox 1554 5060 1806 5131; x_wconf 78' lang='grc' dir='ltr'>χρήμασί</span> <span class='ocrx_word' id='word_1_683' title='bbox 1836 5078 1915 5113; x_wconf 84' lang='grc' dir='ltr'><strong>τι-</strong></span> 
     </span>
    </p>
   </div>
   <div class='ocr_carea' id='block_1_99' title="bbox 342 5143 1926 5226">
    <p class='ocr_par' dir='ltr' id='par_1_99' title="bbox 342 5143 1926 5226">
     <span class='ocr_line' id='line_1_99' title="bbox 342 5143 1926 5226; baseline 0.008 -31"><span class='ocrx_word' id='word_1_684' title='bbox 342 5159 443 5205; x_wconf 89' lang='grc' dir='ltr'>νας</span> <span class='ocrx_word' id='word_1_685' title='bbox 472 5143 900 5214; x_wconf 72' lang='grc' dir='ltr'>ὑποκλέψαντες,</span> <span class='ocrx_word' id='word_1_686' title='bbox 929 5147 1256 5221; x_wconf 79' lang='grc' dir='ltr'>δηλητήριον</span> <span class='ocrx_word' id='word_1_687' title='bbox 1287 5150 1363 5222; x_wconf 82' lang='grc'><strong>(5)</strong></span> <span class='ocrx_word' id='word_1_688' title='bbox 1410 5150 1488 5221; x_wconf 85' lang='grc' dir='ltr'>τῷ</span> <span class='ocrx_word' id='word_1_689' title='bbox 1526 5152 1799 5226; x_wconf 76' lang='grc' dir='ltr'>ἀνθρώπῳ</span> <span class='ocrx_word' id='word_1_690' title='bbox 1834 5171 1926 5209; x_wconf 86' lang='grc' dir='ltr'><strong>κε-</strong></span> 
     </span>
    </p>
   </div>
   <div class='ocr_carea' id='block_1_100' title="bbox 346 5230 1923 5312">
    <p class='ocr_par' dir='ltr' id='par_1_100' title="bbox 346 5230 1923 5312">
     <span class='ocr_line' id='line_1_100' title="bbox 346 5230 1923 5312; baseline 0.009 -29"><span class='ocrx_word' id='word_1_691' title='bbox 346 5230 513 5303; x_wconf 77' lang='grc' dir='ltr'>ράσαι</span> <span class='ocrx_word' id='word_1_692' title='bbox 558 5233 880 5291; x_wconf 81' lang='grc' dir='ltr'>ἀνέπεισαν.</span> <span class='ocrx_word' id='word_1_693' title='bbox 933 5237 1250 5293; x_wconf 81' lang='grc' dir='ltr'>Κάντεῦοεν</span> <span class='ocrx_word' id='word_1_694' title='bbox 1280 5240 1313 5312; x_wconf 75' lang='grc' dir='ltr'><strong>ἧ</strong></span> <span class='ocrx_word' id='word_1_695' title='bbox 1339 5258 1398 5294; x_wconf 86' lang='grc' dir='ltr'>τε</span> <span class='ocrx_word' id='word_1_696' title='bbox 1427 5241 1583 5305; x_wconf 82' lang='grc' dir='ltr'>πόλις</span> <span class='ocrx_word' id='word_1_697' title='bbox 1643 5242 1787 5296; x_wconf 74' lang='grc' dir='ltr'><strong>ἑάλω</strong></span> <span class='ocrx_word' id='word_1_698' title='bbox 1826 5245 1923 5297; x_wconf 77' lang='grc' dir='ltr'><strong>καὶ</strong></span> 
     </span>
    </p>
   </div>
   <div class='ocr_carea' id='block_1_101' title="bbox 346 5322 1922 5407">
    <p class='ocr_par' dir='ltr' id='par_1_101' title="bbox 346 5322 1922 5407">
     <span class='ocr_line' id='line_1_101' title="bbox 346 5322 1922 5407; baseline 0.008 -30"><span class='ocrx_word' id='word_1_699' title='bbox 346 5322 573 5396; x_wconf 85' lang='grc' dir='ltr'>Σίρμιον</span> <span class='ocrx_word' id='word_1_700' title='bbox 593 5325 742 5381; x_wconf 83' lang='grc' dir='ltr'>ἆπαν</span> <span class='ocrx_word' id='word_1_701' title='bbox 780 5328 885 5382; x_wconf 76' lang='grc' dir='ltr'><strong>ὑπὸ</strong></span> <span class='ocrx_word' id='word_1_702' title='bbox 917 5328 1150 5396; x_wconf 74' lang='grc' dir='ltr'>Οὖννους</span> <span class='ocrx_word' id='word_1_703' title='bbox 1179 5333 1335 5397; x_wconf 74' lang='grc' dir='ltr'>αὖθις</span> <span class='ocrx_word' id='word_1_704' title='bbox 1381 5335 1620 5403; x_wconf 76' lang='grc' dir='ltr'><strong>ἐγένετο.</strong></span> <span class='ocrx_word' id='word_1_705' title='bbox 1648 5335 1711 5388; x_wconf 82' lang='lat' dir='ltr'><strong>Ol</strong></span> <span class='ocrx_word' id='word_1_706' title='bbox 1736 5336 1922 5407; x_wconf 83' lang='grc' dir='ltr'>μέντοι</span> 
     </span>
    </p>
   </div>
   <div class='ocr_carea' id='block_1_102' title="bbox 348 5414 1922 5511">
    <p class='ocr_par' dir='ltr' id='par_1_102' title="bbox 348 5414 1922 5511">
     <span class='ocr_line' id='line_1_102' title="bbox 348 5414 1922 5511; baseline 0.006 -39"><span class='ocrx_word' id='word_1_707' title='bbox 348 5414 498 5473; x_wconf 67' lang='grc' dir='ltr'>ἔνδον</span> <span class='ocrx_word' id='word_1_708' title='bbox 532 5419 793 5494; x_wconf 83' lang='grc' dir='ltr'><strong>Ῥωμαῖοί</strong></span> <span class='ocrx_word' id='word_1_709' title='bbox 824 5440 884 5478; x_wconf 83' lang='grc' dir='ltr'><strong>τε</strong></span> <span class='ocrx_word' id='word_1_710' title='bbox 913 5426 1008 5480; x_wconf 68' lang='lat' dir='ltr'><strong>aut</strong></span> <span class='ocrx_word' id='word_1_711' title='bbox 1032 5425 1246 5491; x_wconf 78' lang='grc' dir='ltr'>Οὗννοι,</span> <span class='ocrx_word' id='word_1_712' title='bbox 1280 5429 1398 5482; x_wconf 86' lang='grc' dir='ltr'>ὅσοι</span> <span class='ocrx_word' id='word_1_713' title='bbox 1430 5429 1530 5511; x_wconf 83' lang='grc' dir='ltr'>σὺν</span> <span class='ocrx_word' id='word_1_714' title='bbox 1558 5429 1635 5501; x_wconf 85' lang='grc' dir='ltr'><strong>τῷ</strong></span> <span class='ocrx_word' id='word_1_715' title='bbox 1663 5429 1922 5501; x_wconf 82' lang='grc' dir='ltr'>Στεφάνῳ</span> 
     </span>
    </p>
   </div>
   <div class='ocr_carea' id='block_1_103' title="bbox 2015 4686 3604 4760">
    <p class='ocr_par' dir='ltr' id='par_1_103' title="bbox 2015 4686 3604 4760">
     <span class='ocr_line' id='line_1_103' title="bbox 2015 4686 3604 4760; baseline -0.005 -12"><span class='ocrx_word' id='word_1_716' title='bbox 2015 4692 2071 4748; x_wconf 89' lang='lat' dir='ltr'><strong>in</strong></span> <span class='ocrx_word' id='word_1_717' title='bbox 2108 4691 2201 4760; x_wconf 83' lang='lat' dir='ltr'><strong>jus</strong></span> <span class='ocrx_word' id='word_1_718' title='bbox 2243 4690 2391 4746; x_wconf 89' lang='lat' dir='ltr'><strong>venit</strong></span> <span class='ocrx_word' id='word_1_719' title='bbox 2426 4687 2829 4759; x_wconf 75' lang='lat' dir='ltr'><strong>liungarorum.</strong></span> <span class='ocrx_word' id='word_1_720' title='bbox 2880 4688 2950 4741; x_wconf 78' lang='lat' dir='ltr'><strong>At</strong></span> <span class='ocrx_word' id='word_1_721' title='bbox 2992 4686 3081 4756; x_wconf 90' lang='lat' dir='ltr'><strong>qui</strong></span> <span class='ocrx_word' id='word_1_722' title='bbox 3132 4687 3182 4740; x_wconf 87' lang='lat' dir='ltr'><strong>in</strong></span> <span class='ocrx_word' id='word_1_723' title='bbox 3235 4686 3457 4741; x_wconf 84' lang='lat' dir='ltr'><strong>civitate</strong></span> <span class='ocrx_word' id='word_1_724' title='bbox 3506 4700 3604 4755; x_wconf 83' lang='lat' dir='ltr'><strong>pro</strong></span> 
     </span>
    </p>
   </div>
   <div class='ocr_carea' id='block_1_104' title="bbox 2017 4778 3602 4851">
    <p class='ocr_par' dir='ltr' id='par_1_104' title="bbox 2017 4778 3602 4851">
     <span class='ocr_line' id='line_1_104' title="bbox 2017 4778 3602 4851; baseline -0.004 -11"><span class='ocrx_word' id='word_1_725' title='bbox 2017 4783 2292 4851; x_wconf 80' lang='lat' dir='ltr'><strong>Stephano</strong></span> <span class='ocrx_word' id='word_1_726' title='bbox 2356 4784 2609 4844; x_wconf 89' lang='lat' dir='ltr'><strong>stabant,</strong></span> <span class='ocrx_word' id='word_1_727' title='bbox 2661 4778 2893 4835; x_wconf 83' lang='lat' dir='ltr'><strong>Romani</strong></span> <span class='ocrx_word' id='word_1_728' title='bbox 2952 4781 3173 4849; x_wconf 85' lang='lat' dir='ltr'><strong>perinde</strong></span> <span class='ocrx_word' id='word_1_729' title='bbox 3222 4794 3287 4836; x_wconf 88' lang='lat' dir='ltr'><strong>ac</strong></span> <span class='ocrx_word' id='word_1_730' title='bbox 3336 4780 3602 4849; x_wconf 78' lang='lat' dir='ltr'><strong>Hungari,</strong></span> 
     </span>
    </p>
   </div>
   <div class='ocr_carea' id='block_1_105' title="bbox 2017 4872 3600 4941">
    <p class='ocr_par' dir='ltr' id='par_1_105' title="bbox 2017 4872 3600 4941">
     <span class='ocr_line' id='line_1_105' title="bbox 2017 4872 3600 4941; baseline -0.005 -8"><span class='ocrx_word' id='word_1_731' title='bbox 2017 4875 2318 4933; x_wconf 89' lang='lat' dir='ltr'><strong>incolumes</strong></span> <span class='ocrx_word' id='word_1_732' title='bbox 2350 4883 2406 4929; x_wconf 87' lang='lat' dir='ltr'><strong>et</strong></span> <span class='ocrx_word' id='word_1_733' title='bbox 2444 4874 2597 4929; x_wconf 69' lang='lat' dir='ltr'><strong>iiltesi</strong></span> <span class='ocrx_word' id='word_1_734' title='bbox 2629 4887 2900 4939; x_wconf 85' lang='lat' dir='ltr'><strong>mansere,</strong></span> <span class='ocrx_word' id='word_1_735' title='bbox 2928 4882 3117 4941; x_wconf 65' lang='lat' dir='ltr'><strong>utpote</strong></span> <span class='ocrx_word' id='word_1_736' title='bbox 3151 4875 3242 4941; x_wconf 88' lang='lat' dir='ltr'><strong>qui</strong></span> <span class='ocrx_word' id='word_1_737' title='bbox 3279 4874 3365 4928; x_wconf 91' lang='lat' dir='ltr'><strong>his</strong></span> <span class='ocrx_word' id='word_1_738' title='bbox 3406 4872 3600 4926; x_wconf 81' lang='lat' dir='ltr'><strong>condi-</strong></span> 
     </span>
    </p>
   </div>
   <div class='ocr_carea' id='block_1_106' title="bbox 2030 4964 3605 5034">
    <p class='ocr_par' dir='ltr' id='par_1_106' title="bbox 2030 4964 3605 5034">
     <span class='ocr_line' id='line_1_106' title="bbox 2030 4964 3605 5034; baseline -0.003 -9"><span class='ocrx_word' id='word_1_739' title='bbox 2030 4970 2270 5026; x_wconf 87' lang='lat' dir='ltr'><strong>tionibus</strong></span> <span class='ocrx_word' id='word_1_740' title='bbox 2304 4970 2495 5024; x_wconf 89' lang='lat' dir='ltr'><strong>urbem</strong></span> <span class='ocrx_word' id='word_1_741' title='bbox 2528 4968 2884 5023; x_wconf 84' lang='lat' dir='ltr'><strong>tradiderant.</strong></span> <span class='ocrx_word' id='word_1_742' title='bbox 2914 4964 3329 5034; x_wconf 62' lang='lat' dir='ltr'><strong>Stephani‘vero</strong></span> <span class='ocrx_word' id='word_1_743' title='bbox 3352 4966 3605 5021; x_wconf 84' lang='lat' dir='ltr'><strong>cadaveri</strong></span> 
     </span>
    </p>
   </div>
   <div class='ocr_carea' id='block_1_107' title="bbox 2030 5056 3605 5131">
    <p class='ocr_par' dir='ltr' id='par_1_107' title="bbox 2030 5056 3605 5131">
     <span class='ocr_line' id='line_1_107' title="bbox 2030 5056 3605 5131; baseline -0.004 -12"><span class='ocrx_word' id='word_1_744' title='bbox 2030 5062 2319 5119; x_wconf 84' lang='lat' dir='ltr'><strong>illudentes</strong></span> <span class='ocrx_word' id='word_1_745' title='bbox 2373 5059 2613 5131; x_wconf 75' lang='lat' dir='ltr'><strong>Hungari</strong></span> <span class='ocrx_word' id='word_1_746' title='bbox 2687 5060 2923 5127; x_wconf 90' lang='lat' dir='ltr'><strong>primum</strong></span> <span class='ocrx_word' id='word_1_747' title='bbox 2982 5057 3201 5126; x_wconf 87' lang='lat' dir='ltr'><strong>quidem</strong></span> <span class='ocrx_word' id='word_1_748' title='bbox 3261 5057 3387 5109; x_wconf 87' lang='lat' dir='ltr'><strong>illud</strong></span> <span class='ocrx_word' id='word_1_749' title='bbox 3444 5056 3605 5112; x_wconf 85' lang='lat' dir='ltr'><strong>nullis</strong></span> 
     </span>
    </p>
   </div>
   <div class='ocr_carea' id='block_1_108' title="bbox 2028 5148 3604 5224">
    <p class='ocr_par' dir='ltr' id='par_1_108' title="bbox 2028 5148 3604 5224">
     <span class='ocr_line' id='line_1_108' title="bbox 2028 5148 3604 5224; baseline -0.006 -11"><span class='ocrx_word' id='word_1_750' title='bbox 2028 5156 2202 5214; x_wconf 82' lang='lat' dir='ltr'><strong>sacris</strong></span> <span class='ocrx_word' id='word_1_751' title='bbox 2247 5151 2521 5224; x_wconf 89' lang='lat' dir='ltr'><strong>prosecuti</strong></span> <span class='ocrx_word' id='word_1_752' title='bbox 2575 5160 2701 5205; x_wconf 84' lang='lat' dir='ltr'><strong>sunt</strong></span> <span class='ocrx_word' id='word_1_753' title='bbox 2736 5148 3053 5215; x_wconf 86' lang='lat' dir='ltr'><strong>honoribus,</strong></span> <span class='ocrx_word' id='word_1_754' title='bbox 3099 5164 3274 5219; x_wconf 89' lang='lat' dir='ltr'><strong>neque</strong></span> <span class='ocrx_word' id='word_1_755' title='bbox 3318 5148 3444 5204; x_wconf 87' lang='lat' dir='ltr'><strong>aliis</strong></span> <span class='ocrx_word' id='word_1_756' title='bbox 3485 5164 3604 5218; x_wconf 71' lang='lat' dir='ltr'><strong>qua:</strong></span> 
     </span>
    </p>
   </div>
   <div class='ocr_carea' id='block_1_109' title="bbox 2028 5240 3605 5318">
    <p class='ocr_par' dir='ltr' id='par_1_109' title="bbox 2028 5240 3605 5318">
     <span class='ocr_line' id='line_1_109' title="bbox 2028 5240 3605 5318; baseline -0.007 -14"><span class='ocrx_word' id='word_1_757' title='bbox 2028 5248 2258 5305; x_wconf 89' lang='lat' dir='ltr'><strong>mortuis</strong></span> <span class='ocrx_word' id='word_1_758' title='bbox 2313 5244 2476 5318; x_wconf 64' lang='grc'><strong>240</strong></span> <span class='ocrx_word' id='word_1_759' title='bbox 2523 5244 2829 5310; x_wconf 88' lang='lat' dir='ltr'><strong>debentur,</strong></span> <span class='ocrx_word' id='word_1_760' title='bbox 2875 5240 3101 5297; x_wconf 84' lang='lat' dir='ltr'><strong>oiliciis:</strong></span> <span class='ocrx_word' id='word_1_761' title='bbox 3144 5242 3237 5297; x_wconf 87' lang='lat' dir='ltr'><strong>sed</strong></span> <span class='ocrx_word' id='word_1_762' title='bbox 3300 5242 3605 5311; x_wconf 78' lang='lat' dir='ltr'><strong>expositum</strong></span> 
     </span>
    </p>
   </div>
   <div class='ocr_carea' id='block_1_110' title="bbox 2028 5328 3605 5411">
    <p class='ocr_par' dir='ltr' id='par_1_110' title="bbox 2028 5328 3605 5411">
     <span class='ocr_line' id='line_1_110' title="bbox 2028 5328 3605 5411; baseline -0.009 -16"><span class='ocrx_word' id='word_1_763' title='bbox 2028 5340 2439 5411; x_wconf 83' lang='lat' dir='ltr'><strong>projectutnque</strong></span> <span class='ocrx_word' id='word_1_764' title='bbox 2490 5346 2617 5391; x_wconf 90' lang='lat' dir='ltr'><strong>ante</strong></span> <span class='ocrx_word' id='word_1_765' title='bbox 2660 5328 2807 5390; x_wconf 82' lang='lat' dir='ltr'><strong>urbis</strong></span> <span class='ocrx_word' id='word_1_766' title='bbox 2846 5342 3033 5404; x_wconf 86' lang='lat' dir='ltr'><strong>portas</strong></span> <span class='ocrx_word' id='word_1_767' title='bbox 3086 5334 3427 5387; x_wconf 85' lang='lat' dir='ltr'><strong>inltumatunt</strong></span> <span class='ocrx_word' id='word_1_768' title='bbox 3475 5330 3605 5384; x_wconf 54' lang='lat' dir='ltr'><strong>reii.</strong></span> 
     </span>
    </p>
   </div>
   <div class='ocr_carea' id='block_1_111' title="bbox 2033 5420 3604 5501">
    <p class='ocr_par' dir='ltr' id='par_1_111' title="bbox 2033 5420 3604 5501">
     <span class='ocr_line' id='line_1_111' title="bbox 2033 5420 3604 5501; baseline -0.006 -17"><span class='ocrx_word' id='word_1_769' title='bbox 2033 5441 2290 5501; x_wconf 89' lang='lat' dir='ltr'><strong>querunt,</strong></span> <span class='ocrx_word' id='word_1_770' title='bbox 2318 5427 2494 5485; x_wconf 89' lang='lat' dir='ltr'><strong>donec</strong></span> <span class='ocrx_word' id='word_1_771' title='bbox 2517 5428 2653 5499; x_wconf 82' lang='lat' dir='ltr'><strong>ipsis</strong></span> <span class='ocrx_word' id='word_1_772' title='bbox 2681 5436 2890 5482; x_wconf 68' lang='lat' dir='ltr'><strong>natura:</strong></span> <span class='ocrx_word' id='word_1_773' title='bbox 2911 5423 3191 5480; x_wconf 77' lang='lat' dir='ltr'><strong>aﬂ&#39;ectibus</strong></span> <span class='ocrx_word' id='word_1_774' title='bbox 3214 5422 3442 5495; x_wconf 88' lang='lat' dir='ltr'><strong>permoti</strong></span> <span class='ocrx_word' id='word_1_775' title='bbox 3476 5420 3604 5475; x_wconf 89' lang='lat' dir='ltr'><strong>illud</strong></span> 
     </span>
    </p>
   </div>
   <div class='ocr_carea' id='block_1_112' title="bbox 1703 5547 2281 5628">
    <p class='ocr_par' dir='ltr' id='par_1_112' title="bbox 1703 5547 2281 5628">
     <span class='ocr_line' id='line_1_112' title="bbox 1703 5547 2281 5628; baseline 0.005 -21"><span class='ocrx_word' id='word_1_776' title='bbox 1703 5550 1798 5607; x_wconf 89' lang='lat' dir='ltr'><strong>Du</strong></span> <span class='ocrx_word' id='word_1_777' title='bbox 1835 5547 2059 5628; x_wconf 77' lang='lat' dir='ltr'><strong>Cangii</strong></span> <span class='ocrx_word' id='word_1_778' title='bbox 2090 5554 2281 5611; x_wconf 69' lang='lat' dir='ltr'><strong>notua.</strong></span> 
     </span>
    </p>
   </div>
   <div class='ocr_carea' id='block_1_113' title="bbox 425 5662 1428 5737">
    <p class='ocr_par' dir='ltr' id='par_1_113' title="bbox 425 5662 1428 5737">
     <span class='ocr_line' id='line_1_113' title="bbox 425 5662 1428 5737; baseline 0.004 -14"><span class='ocrx_word' id='word_1_779' title='bbox 425 5662 505 5737; x_wconf 56' lang='grc' dir='ltr'><strong>(ὃ)</strong></span> <span class='ocrx_word' id='word_1_780' title='bbox 540 5666 796 5736; x_wconf 76' lang='grc' dir='ltr'><strong>Ζεύγμῃ.</strong></span> <span class='ocrx_word' id='word_1_781' title='bbox 830 5667 911 5737; x_wconf 28' lang='lat' dir='ltr'><strong>AV.</strong></span> <span class='ocrx_word' id='word_1_782' title='bbox 935 5666 1109 5724; x_wconf 81' lang='lat' dir='ltr'><strong>Nicet.</strong></span> <span class='ocrx_word' id='word_1_783' title='bbox 1128 5670 1167 5726; x_wconf 90' lang='grc'><strong>1.</strong></span> <span class='ocrx_word' id='word_1_784' title='bbox 1191 5686 1266 5737; x_wconf 83' lang='lat' dir='ltr'><strong>IV,</strong></span> <span class='ocrx_word' id='word_1_785' title='bbox 1296 5690 1350 5726; x_wconf 82' lang='grc' dir='ltr'>η.</span> <span class='ocrx_word' id='word_1_786' title='bbox 1376 5672 1428 5727; x_wconf 76' lang='grc'><strong>5.</strong></span> 
     </span>
    </p>
   </div>
   <div class='ocr_carea' id='block_1_114' title="bbox 428 5735 1924 5814">
    <p class='ocr_par' dir='ltr' id='par_1_114' title="bbox 428 5735 1924 5814">
     <span class='ocr_line' id='line_1_114' title="bbox 428 5735 1924 5814; baseline 0.009 -27"><span class='ocrx_word' id='word_1_787' title='bbox 428 5735 516 5814; x_wconf 36' lang='grc' dir='ltr'><strong>(ι),</strong></span> <span class='ocrx_word' id='word_1_788' title='bbox 533 5735 860 5814; x_wconf 55' lang='grc' dir='ltr'>βκεραστῷ</span> <span class='ocrx_word' id='word_1_789' title='bbox 889 5738 1055 5814; x_wconf 53' lang='grc' dir='ltr'><strong>ἶτιίυρί.</strong></span> <span class='ocrx_word' id='word_1_790' title='bbox 1108 5738 1218 5809; x_wconf 70' lang='lat' dir='ltr'><strong>igni</strong></span> <span class='ocrx_word' id='word_1_791' title='bbox 1252 5735 1474 5809; x_wconf 64' lang='grc' dir='ltr'><strong>(ἔτερα,</strong></span> <span class='ocrx_word' id='word_1_792' title='bbox 1498 5744 1588 5813; x_wconf 86' lang='lat' dir='ltr'><strong>qui</strong></span> <span class='ocrx_word' id='word_1_793' title='bbox 1621 5744 1822 5799; x_wconf 88' lang='lat' dir='ltr'><strong>nostris</strong></span> <span class='ocrx_word' id='word_1_794' title='bbox 1841 5744 1924 5814; x_wconf 78' lang='lat' dir='ltr'><strong>{ett</strong></span> 
     </span>
    </p>
   </div>
   <div class='ocr_carea' id='block_1_115' title="bbox 357 5807 1921 5935">
    <p class='ocr_par' dir='ltr' id='par_1_115' title="bbox 357 5807 1921 5935">
     <span class='ocr_line' id='line_1_115' title="bbox 357 5807 1921 5935; baseline 0.008 -75"><span class='ocrx_word' id='word_1_795' title='bbox 357 5807 613 5934; x_wconf 54' lang='lat' dir='ltr'><strong>g’a;gﬁlt;e</strong></span> <span class='ocrx_word' id='word_1_796' title='bbox 633 5808 855 5935; x_wconf 40' lang='lat' dir='ltr'><strong>gicitur‘</strong></span> <span class='ocrx_word' id='word_1_797' title='bbox 890 5807 1325 5883; x_wconf 79' lang='grc' dir='ltr'>Ἐσκευασμένον</span> <span class='ocrx_word' id='word_1_798' title='bbox 1351 5807 1467 5886; x_wconf 81' lang='grc' dir='ltr'><strong>πῦρ</strong></span> <span class='ocrx_word' id='word_1_799' title='bbox 1492 5807 1656 5871; x_wconf 75' lang='lat' dir='ltr'><strong>Leoni</strong></span> <span class='ocrx_word' id='word_1_800' title='bbox 1689 5816 1743 5871; x_wconf 91' lang='lat' dir='ltr'><strong>in</strong></span> <span class='ocrx_word' id='word_1_801' title='bbox 1766 5807 1921 5873; x_wconf 62' lang='grc' dir='ltr'><strong>Τίθει.</strong></span> 
     </span>
    </p>
   </div>
   <div class='ocr_carea' id='block_1_116' title="bbox 2109 5663 3599 5745">
    <p class='ocr_par' dir='ltr' id='par_1_116' title="bbox 2109 5663 3599 5745">
     <span class='ocr_line' id='line_1_116' title="bbox 2109 5663 3599 5745; baseline -0.007 -16"><span class='ocrx_word' id='word_1_802' title='bbox 2109 5674 2188 5745; x_wconf 83' lang='grc'><strong>(5)</strong></span> <span class='ocrx_word' id='word_1_803' title='bbox 2222 5674 2636 5745; x_wconf 34' lang='grc' dir='ltr'>Δηιιητηριον.-</span> <span class='ocrx_word' id='word_1_804' title='bbox 2681 5669 2904 5745; x_wconf 66' lang='lat' dir='ltr'><strong>Veneno</strong></span> <span class='ocrx_word' id='word_1_805' title='bbox 2967 5666 3234 5745; x_wconf 51' lang='lat' dir='ltr'><strong>interiisse</strong></span> <span class='ocrx_word' id='word_1_806' title='bbox 3267 5663 3599 5745; x_wconf 73' lang='lat' dir='ltr'><strong>Stephanum</strong></span> 
     </span>
    </p>
   </div>
   <div class='ocr_carea' id='block_1_117' title="bbox 2034 5736 3601 5801">
    <p class='ocr_par' dir='ltr' id='par_1_117' title="bbox 2034 5736 3601 5801">
     <span class='ocr_line' id='line_1_117' title="bbox 2034 5736 3601 5801; baseline -0.007 -1"><span class='ocrx_word' id='word_1_807' title='bbox 2034 5736 2304 5800; x_wconf 78' lang='lat' dir='ltr'><strong>seniorem</strong></span> <span class='ocrx_word' id='word_1_808' title='bbox 2346 5736 2537 5798; x_wconf 81' lang='lat' dir='ltr'><strong>scribit</strong></span> <span class='ocrx_word' id='word_1_809' title='bbox 2565 5741 2730 5797; x_wconf 89' lang='lat' dir='ltr'><strong>etiam</strong></span> <span class='ocrx_word' id='word_1_810' title='bbox 2772 5738 3012 5799; x_wconf 76' lang='lat' dir='ltr'><strong>Nicetes,</strong></span> <span class='ocrx_word' id='word_1_811' title='bbox 3039 5738 3081 5792; x_wconf 87' lang='grc' dir='ltr'>Τ</span> <span class='ocrx_word' id='word_1_812' title='bbox 3090 5736 3394 5794; x_wconf 68' lang='lat' dir='ltr'><strong>bwrocsins</strong></span> <span class='ocrx_word' id='word_1_813' title='bbox 3420 5736 3473 5789; x_wconf 89' lang='lat' dir='ltr'><strong>in</strong></span> <span class='ocrx_word' id='word_1_814' title='bbox 3503 5750 3601 5801; x_wconf 87' lang='lat' dir='ltr'><strong>op-</strong></span> 
     </span>
    </p>
   </div>
   <div class='ocr_carea' id='block_1_118' title="bbox 2036 5804 3596 5881">
    <p class='ocr_par' dir='ltr' id='par_1_118' title="bbox 2036 5804 3596 5881">
     <span class='ocr_line' id='line_1_118' title="bbox 2036 5804 3596 5881; baseline -0.006 -14"><span class='ocrx_word' id='word_1_815' title='bbox 2036 5814 2164 5881; x_wconf 87' lang='lat' dir='ltr'><strong>pido</strong></span> <span class='ocrx_word' id='word_1_816' title='bbox 2188 5814 2405 5868; x_wconf 79' lang='lat' dir='ltr'><strong>Zetnlen</strong></span> <span class='ocrx_word' id='word_1_817' title='bbox 2436 5814 2637 5868; x_wconf 84' lang='lat' dir='ltr'><strong>obiisse</strong></span> <span class='ocrx_word' id='word_1_818' title='bbox 2662 5811 2823 5865; x_wconf 87' lang='lat' dir='ltr'><strong>tradit</strong></span> <span class='ocrx_word' id='word_1_819' title='bbox 2855 5811 2920 5865; x_wconf 88' lang='lat' dir='ltr'><strong>A.</strong></span> <span class='ocrx_word' id='word_1_820' title='bbox 2952 5809 3103 5865; x_wconf 89' lang='lat' dir='ltr'><strong>Dom.</strong></span> <span class='ocrx_word' id='word_1_821' title='bbox 3139 5807 3279 5863; x_wconf 79' lang='lat' dir='ltr'><strong>H75</strong></span> <span class='ocrx_word' id='word_1_822' title='bbox 3312 5807 3388 5863; x_wconf 89' lang='lat' dir='ltr'><strong>id.</strong></span> <span class='ocrx_word' id='word_1_823' title='bbox 3426 5804 3596 5872; x_wconf 81' lang='lat' dir='ltr'><strong>April.</strong></span> 
     </span>
    </p>
   </div>
   <div class='ocr_carea' id='block_1_119' title="bbox 2039 5883 2777 5953">
    <p class='ocr_par' dir='ltr' id='par_1_119' title="bbox 2039 5883 2777 5953">
     <span class='ocr_line' id='line_1_119' title="bbox 2039 5883 2777 5953; baseline -0.005 -13"><span class='ocrx_word' id='word_1_824' title='bbox 2039 5885 2140 5941; x_wconf 80' lang='lat' dir='ltr'><strong>fer.</strong></span> <span class='ocrx_word' id='word_1_825' title='bbox 2171 5885 2205 5940; x_wconf 80' lang='lat'><strong>5</strong></span> <span class='ocrx_word' id='word_1_826' title='bbox 2233 5894 2286 5940; x_wconf 87' lang='lat' dir='ltr'><strong>et</strong></span> <span class='ocrx_word' id='word_1_827' title='bbox 2315 5883 2463 5939; x_wconf 64' lang='lat' dir='ltr'><strong>Albae</strong></span> <span class='ocrx_word' id='word_1_828' title='bbox 2491 5883 2777 5953; x_wconf 77' lang='lat' dir='ltr'><strong>sepultum.</strong></span> 
     </span>
    </p>
   </div>
  </div>
