4074 6286
252 434 439 502 ’605

1563 410 2114 477 HlSTORIARUM
2153 416 2303 478 LIB'.
2339 416 2409 479 V.

3495 408 3601 477 606

335 546 573 615 εὔνοιαν,
626 544 785 611 εί-γε
835 534 1204 613 ἀναϐαίνοντα
1261 528 1505 587 κωλύετε
1561 527 1795 601 μηδέν.»
1833 524 1909 579 Οὐ

2042 532 2238 600 Inicus,
2272 530 2375 586 viri
2406 528 2658 594 Romani,
2687 527 2793 584 erit
2823 527 2956 584 mihi
2989 510 3375 584 benevolentia:
3406 532 3600 579 vestrae

338 640 524 715 μέντοι
551 636 644 693 καὶ
660 632 927 706 ἐξέπραξε
949 630 1011 685 τὸ
1036 627 1390 699 ἐπιθύμημα.
1417 624 1483 681 Oi
1507 618 1915 711 χάῆπρούχονο

614 692 938 799 στρατηγιξιν
979 692 1344 793 περιστάντες
1388 694 1553 785 αὐτῷ’
1587 692 1913 785 ισχυρότατα

332 821 697 881 διεκώλυσαν.
738 817 800 875 '0
823 816 893 888 ‘61:
920 812 1109 885 κύκλῳ
1132 809 1196 866 τὸ
1230 812 1407 881 τεῖχος
1436 802 1666 879 περιιὼν
1690 802 1827 857 αὐτό
1851 818 1914 855 τε

333 916 465 972 ὅθεν
486 914 764 985 ἐπίμαχον
795 910 1033 981 μάλιστα
1055 902 1483 977 ἧνδιεσκοπείτο
1538 899 1635 954 καὶ
1672 897 1770 960 τὰς
1817 895 1928 961 τάς

337 1004 536 1079 φρους,
585 1007 644 1062 αἶ
678 1005 780 1075 τὴν
809 1002 967 1058 πόλιν
1018 998 1314 1065 ιζώννυον,
1368 993 1569 1057 βάθους
1598 1009 1660 1045 τε
1696 990 1795 1045 καὶ
1822 985 1917 1042 εὖ-

336 1122 473 1177 ρους
496 1102 696 1165 ἱκανῶς
726 1101 973 1171 ἔχουσαι,
998 1094 1286 1166 φακέλλων
1312 1090 1479 1147 τινῶν
1500 1088 1598 1144 καὶ
1618 1085 1916 1158 φρυγάνων

335 1198 550 1268 ἀπορίᾳ
571 1196 737 1250 λίθων
762 1194 982 1247 ἐκέλευε
1005 1188 1249 1262 πληροῦν
1304 1186 1453 1268 οὕτω
1488 1200 1550 1238 τε
1575 1181 1920 1248 διαϐιϐάζειν

337 1290 413 1346 τὰ
442 1264 837 1362 μηχανήματα·
855 1269 1067 1359 ἠνυστο
1087 1283 1146 1338 δὲ
1175 1284 1328 1353 ὅμως
1354 1264 1449 1333 ἐπὶ
1472 1281 1543 1349 τῇ
1570 1276 1672 1348 τῆς
1705 1275 1918 1341 πόλεως

342 1382 551 1438 ἁλώσει
599 1380 754 1435 ούπω
799 1379 975 1434 οὐδέν.
1033 1372 1225 1431 Οὗννοι
1282 1375 1417 1445 γάρ,
1473 1373 1655 1429 καίτοι
1706 1372 1920 1444 μεγάλα

346 1477 489 1547 πρὸς
521 1472 815 1545 Ῥωμαίων
850 1471 1162 1543 βιαζόμενοι
1190 1468 1561 1540 στρατιωτῶν,
1606 1463 1922 1529 ἐπαιάνιζόν

344 1582 410 1621 τε
440 1564 641 1635 μᾶλλον
677 1564 711 1635 ἢ
752 1563 1021 1633 πρότερον
1063 1562 1157 1616 καὶ
1205 1560 1419 1615 ἑλπίσιν
1473 1558 1714 1631 ὠχοῢντο
1769 1555 1922 1628 παρὰ

354 1660 526 1724 πόδας
551 1659 734 1723 αὐτοῖς
760 1658 852 1713 τὸν
875 1658 1036 1714 ἄλλον
1063 1657 1200 1714 ίέναι
1220 1655 1329 1712 τῶν
1352 1652 1570 1712 θύννων
1595 1653 1850 1726 στρατόν.

2023 633 2425 698 argumentum,
2459 624 2504 704 si
2533 636 2618 678 me
2656 621 2953 677 ascendere
2988 635 3096 675 non
3132 614 3537 690 prohibueritis.
3571 631 3591 664 ι

2019 718 2206 789 Neque
2253 727 2432 774 tamen
2482 715 2625 788 quod
2682 714 2862 769 animo
2891 713 3139 768 volverat
3173 708 3425 783 perfecit,
3472 704 3599 775 quia

2021 810 2217 867 ducum
2263 808 2427 881 242
2487 807 2743 879 praecipui
2808 804 2900 876 qui
2949 818 3072 859 eum
3134 799 3599 858 circumstabant,

2000 903 2353 974 pertinacius
2400 900 2584 956 obnixi
2635 907 2783 954 sunt.
2819 896 2910 953 Ille
2956 896 3140 973 itaque
3194 891 3346 947 urbis
3400 884 3603 944 muenia

2019 993 2341 1064 obequitans
2366 992 2562 1063 ethua
2592 999 2747 1060 parte
2789 998 3098 1060 expugnatu
3140 983 3402 1049 facillima
3450 978 3603 1033 vide-

2021 1096 2214 1142 rentur
2237 1085 2551 1156 explorans,
2583 1082 2757 1139 fossas
2793 1087 2983 1139 urbem
3016 1078 3344 1141 ambientes,
3377 1068 3599 1145 profun-

2019 1177 2117 1234 das
2146 1178 2280 1235 satis
2308 1188 2364 1236 et
2404 1180 2545 1236 latas
2567 1218 2582 1241 ,
2616 1176 2842 1233 fascium
2876 1184 2928 1231 et
2961 1170 3315 1243 virgultorum
3350 1162 3596 1237 penuria,

2025 1274 2298 1347 lapidibus
2350 1238 2608 1341 compleri
2660 1268 2848 1336 sicque
2904 1238 3267 1332 transportari
3319 1238 3610 1337 machinas

2026 1334 2336 1439 imperavit.
2366 1334 2675 1432 Sed'neque
2703 1334 2775 1415 ea
2801 1372 2887 1413 res
2919 1355 3213 1426 quidquam
3244 1334 3502 1404 momenti
3533 1343 3599 1398 ad

2027 1434 2345 1538 capiendam
2378 1457 2564 1513 urbem
2595 1450 2796 1507 attulit.
2831 1446 3072 1517 Huugari
3102 1442 3319 1514 quippe,
3356 1434 3607 1509 quamvis

2025 1573 2056 1613 a
2089 1526 2351 1612 humanis
2385 1544 2643 1601 militibus
2683 1539 2867 1613 gravia
2916 1543 3106 1593 essent
3154 1531 3320 1604 passi,
3368 1526 3605 1596 maiores

2026 1663 2193 1722 quam
2242 1652 2401 1700 antea
2448 1637 2715 1693 clamores
2762 1630 3019 1694 edebant,
3064 1636 3269 1697 speque
3321 1620 3608 1676 alebantur

2028 1710 2274 1815 proxime
2301 1732 2513 1791 venturi
2544 1731 2598 1786 in
2631 1740 2818 1785 eorum
2854 1720 3126 1780 auxilium
3175 1714 3401 1773 alterius
3452 1710 3606 1768 Hunv

2030 1846 2283 1907 garorum
2318 1826 2614 1885 exercitus.

426 1913 511 1966 ιε’.
578 1908 707 1964 Ἐπὶ
736 1907 1009 1973 τοιούτοις
1043 1909 1154 1965 τῶν
1188 1911 1537 1983 πραγμάτων
1569 1900 1923 1997 ἠρτημένων,

2042 1894 2061 1907 ν
2104 1926 2195 1981 15.
2224 1923 2360 1978 Dum
2404 1921 2458 1975 in
2504 1932 2567 1973 eo
2596 1921 2781 1972 essent
2821 1923 3002 1967 rerum
3033 1914 3201 1971 statu,
3233 1904 3605 1960 Romanorum

355 2001 681 2072 προσιόντες
739 2004 790 2057 οί
851 2004 1141 2075 Ῥωμαίων
1191 2006 1385 2059 σκοποὶ
1441 2004 1690 2076 μεγάλου,
1735 2004 1929 2074 ἔφοδον

352 2093 598 2177 ἐμήνυον
632 2096 1045 2167 στρατεύματος
1077 2084 1297 2163 αὺτοῖς-ν
1321 2098 1472 2153 κόνιν
1513 2100 1625 2168 γάρ
1653 2098 1747 2152 ἐπὶ
1774 2098 1929 2151 πλεῖ-

352 2203 485 2241 στον
508 2188 603 2240 τοῦ
637 2186 794 2259 ἀέρος
835 2189 1195 2261 όρθιάζουσαν
1229 2192 1460 2247 ἰδέσθαι.
1497 2190 1661 2245 Ἀλλὰ
1690 2192 1783 2244 καὶ
1822 2190 1930 2244 τῶν

352 2294 443 2343 τις
474 2279 693 2333 Ούννων
719 2280 892 2353 τύχης
933 2284 1237 2355 ἐπιφανοῦς
1283 2284 1540 2355 Βασάκης
1570 2284 1743 2355 ὄνομα
1794 2283 1931 2338 Ῥω-

355 2371 543 2442 μαίοις
591 2375 1007 2444 προσχωρήσας
1052 2375 1112 2428 ού
1170 2375 1390 2446 μακρὰν
1424 2375 1627 2430 ἄποθεν
1657 2372 1797 2429 εἶναι
1840 2376 1932 2431 τὸν

355 2464 607 2519 Παιόνων
679 2466 1019 2537 ἰσχυρίζεται
1087 2470 1249 2541 ρἦα,
1309 2469 1509 2532 άλλους
1567 2486 1629 2522 τε
1693 2468 1929 2541 ἀριθμοῦ

363 2556 649 2626 κρείσσους
674 2561 765 2613 καὶ
791 2559 856 2632 δὴ
882 2556 981 2615 καὶ
1013 2558 1225 2632 Σκύθην
1255 2560 1392 2631 ὁμοῦ
1421 2562 1517 2616 καὶ¹
1539 2562 1934 2633 Ταυροσκύθην

366 2651 571 2718 ἄγοντα
615 2652 873 2722 στρατὸν,
917 2653 1053 2724 πρὸς
1107 2646 1189 2717 οἷς
1231 2654 1325 2709 καὶ
1365 2654 1460 2708 τὸν
1512 2653 1732 2725 Τζέχων
1780 2654 1933 2720 ἔλεγε

362 2741 636 2814 δυνάστην
684 2746 990 2816 πανστρατὶ
1038 2745 1133 2800 καὶ
1184 2744 1351 2800 πάλιν
1402 2745 1501 2800 σὺν
1550 2746 1702 2820 αὐτῷ
1753 2747 1932 2819 ήκειν.

364 2833 587 2889 Τούτων
631 2837 934 2908 ἐπειδήπερ
973 2839 1001 2891 ὁ
1033 2838 1289 2909 βασιλεὺς
1329 2838 1531 2909 ἤκουσε
1558 2879 1573 2903 ,
1609 2838 1807 2910 βουλὴν
1837 2842 1935 2896 σὺν

356 2926 478 2989 τοῖς
511 2928 806 2997 μεγιστᾶσι
824 2928 1061 2993 καθίζει,
1077 2930 1225 2993 ὅπως
1239 2929 1439 2997 δήποτε
1463 2930 1572 3002 χρὴ
1602 2932 1668 2986 τά
1692 2932 1936 3001 παρόντα

355 3014 689 3072 διοικεῖσθαι
722 3017 924 3089 ζητῶν.
955 3037 977 3072 ι
1014 3020 1244 3091 ’Ἄνδρες
1279 3020 1498 3090 ἀμέλει,
1523 3020 1938 3093 ἕφη,⁹Ρωμαίοι

357 3110 425 3162 οὐ
472 3108 633 3163 τοῦτο
666 3110 828 3181 μόνον
873 3114 906 3185 ή
954 3114 1062 3168 τῶν
1099 3116 1445 3185 πραγμάτων
1483 3113 1592 3171 οἶδε
1634 3117 1820 3187 φύσις,
1855 3118 1939 3173 ἵνα

357 3219 452 3267 τις
483 3202 645 3273 μόνον
676 3206 874 3276 τολμᾷ,
902 3206 1019 3261 ἀλλ’
1040 3207 1116 3271 ὡς
1144 3207 1211 3261 ἂν
1244 3211 1309 3280 τῇ
1340 3209 1511 3281 τόλμῃ
1544 3209 1618 3280 μὴ
1649 3210 1940 3281 ἀξύμϐατα

362 3297 463 3351 καὶ
489 3296 558 3350 τά
582 3296 720 3369 ἔργα
748 3299 997 3371 ἐπιτιθῇ,
1037 3298 1274 3369 μάλιστα
1303 3299 1480 3369 ἔγωγε
1519 3300 1597 3370 τῷ
1648 3302 1744 3354 καὶ
1795 3302 1936 3354 κατὰ

365 3391 550 3464 βραχὺ
580 3393 953 3464 σωφρονοῦντι
1001 3394 1131 3463 περὶ
1180 3392 1453 3447 πλείστων
1482 3390 1625 3447 εἶναι
1667 3394 1937 3465 οἰόμενος.

362 3486 461 3555 Μὴ
493 3484 694 3550 τοίνυν,
716 3486 917 3556 ,ἐπειδὴ
949 3486 1010 3540 τὸ
1037 3485 1191 3549 ἔθνος
1218 3485 1380 3540 τοῦτο
1410 3488 1474 3538 ὲκ
1503 3484 1830 3556 ’παραλόγου
1862 3503 1943 3553 τι·

365 3578 461 3642 νὸς
489 3580 698 3635 ἄνωθεν
741 3580 913 3649 τύχης
957 3580 1313 3651 εύημερῆσαν
1347 3578 1815 3634 δυσαντίϐλεπτον
1868 3581 1935 3650 τῇ

377 3670 677 3742 Ῥωμαίων
715 3671 957 3743 κατέστη
996 3672 1166 3743 ἀρχῇ,
1198 3671 1290 3724 διὰ
1323 3671 1497 3725 ταῦτα
1536 3671 1789 3742 ἀποχρῆν
1813 3672 1945 3741 ἡμῖν

365 3764 665 3837 οἰηθῶμεν,
686 3766 735 3818 εί
766 3765 929 3836 μόνον
955 3764 1048 3820 ἐπὶ
1066 3754 1170 3837 ﬁt;
1196 3766 1592 3837 στρατεύοιμεν
1611 3766 1711 3836 τῆς
1736 3763 1939 3818 αὐτῶν.

386 3858 533 3914 Ἀλλ’
566 3858 946 3930 ἀπονεμητέον
973 3859 1197 3929 ἑκάστῳ
1229 3859 1410 3930 καιρῷ
1434 3859 1495 3912 τὸ
1537 3858 1815 3931 προσῆκον
1854 3860 1947 3912 καὶ

372 3952 672 4007 ἀποδοτέον
702 3953 1039 4007 καταστάσει
1076 3954 1141 4025 τῇ
1179 3950 1431 4024 παρούσῃ
1462 3954 1663 4024 πρᾶξιν
1704 3949 1792 4023 [Ρ.
1822 3949 1946 4023 Ml]

369 4045 476 4115 τὴν
502 4044 751 4099 δέουσαν.
784 4045 859 4099 Ού
904 4043 1217 4115 γὰρταῦτα
1253 4043 1624 4113 εὐημεροῦσιν
1651 4038 1809 4114 οἶμαι
1855 4043 1949 4096 καὶ

371 4134 789 4215 δυσπραγούσιν
840 4136 1145 4207 ἁρμόσαιεν
1198 4137 1266 4190 ἂν
1321 4135 1629 4208 πράγματα
1670 4148 1686 4166 ⁶
1739 4134 1834 4189 καὶ
1880 4136 1949 4205 τῇ

384 4228 686 4300 Ῥωμαίων
710 4226 892 4283 τοίνυν
920 4228 1085 4299 ἀρχῇ,
1133 4230 1182 4280 εί
1217 4228 1315 4283 καὶ
1359 4230 1458 4299 τῆς
1516 4228 1756 4293 παλαιᾶς
1797 4227 1953 4281 οὔπω

372 4318 684 4392 τετύχηκεν
720 4318 1040 4390 εύκληρίας,
1080 4318 1217 4372 ἀλλὰ
1244 4319 1366 4390 (σὺν
1398 4317 1519 4391 Θεῷ
1545 4321 1733 4390 φάναι)
1771 4317 1952 4390 πολλῷ

378 4414 615 4487 βελτίονι
676 4413 769 4484 ὑφ’
820 4417 955 4484 ἡμῖν
1014 4415 1355 4488 ἀναφανείσῃ
1418 4420 1841 4487 προασπισταῖς,
1873 4421 1954 4484 είς

375 4506 626 4573 εὐδοξίαν
672 4509 1067 4580 περιστήσεται
1120 4509 1339 4574 πάντως
1372 4512 1437 4562 ὲκ
1490 4508 1669 4563 ποδὼν
1713 4512 1790 4583 τῷ
1819 4511 1954 4568 Οὕν-

2028 2018 2398 2090 speculatores
2449 2023 2703 2082 magnum
2761 2004 3011 2062 hostibus
3064 1999 3267 2056 auxilio
3310 1995 3607 2053 exercitum

2027 2112 2287 2169 advenire
2346 2106 2635 2163 nuntiant:
2689 2084 2969 2172 pulverem
3026 2094 3169 2150 enim
3218 2105 3278 2147 se
3318 2090 3375 2147 in
3426 2084 3608 2143 aerem

2032 2207 2195 2264 altius
2231 2204 2434 2259 elatum
2481 2197 2786 2254 advertisse
2817 2192 3059 2249 aiebant.
3097 2190 3203 2245 Sed
3228 2196 3283 2243 et
3310 2182 3612 2253 ‘Hungarus

2032 2299 2249 2370 quidam
2280 2311 2343 2350 ex
2381 2289 2795 2351 illustrioribus,
2835 2285 3055 2342 nomine
3084 2279 3324 2336 Basakes
3362 2276 3455 2350 qui
3496 2273 3611 2329 Ro-

2032 2402 2315 2446 manorum
2345 2391 2529 2455 partes
2567 2380 2849 2450 amplexus
2878 2384 3018 2442 erat,
3063 2388 3169 2428 non
3216 2371 3371 2439 longe
3421 2366 3613 2422 abesse

2033 2483 2416 2553 llungarorum
2452 2488 2633 2543 regem
2669 2469 2993 2534 aﬂirmahat,
3019 2476 3074 2522 et
3102 2472 3299 2537 praeter
3337 2458 3611 2517 inﬁnitum

2034 2541 2356 2632 bellatorum
2386 2541 2665 2623 numerum
2696 2572 2750 2619 et
2788 2562 3110 2633 Scytharum
3136 2555 3298 2613 simul
3321 2562 3375 2608 et
3404 2541 3639 2607 Tauro;

2037 2666 2351 2737 scytharum
2388 2659 2584 2724 aciem,
2627 2657 2851 2723 insuper
2883 2652 3047 2707 etiam
3092 2647 3433 2704 Tzeclmrum
3463 2640 3618 2713 prin-

2036 2760 2216 2828 cipem
2276 2769 2397 2810 cum
2471 2747 2742 2805 universis
2790 2743 3001 2799 viribus
3047 2753 3262 2795 rursum
3318 2749 3439 2791 cum
3492 2734 3615 2802 ipso

2038 2850 2246 2907 venire.
2303 2846 2596 2912 Postquam
2658 2841 2777 2896 haec
2831 2835 3069 2910 principi
3139 2839 3416 2901 comperta
3466 2834 3614 2894 sunt,

2039 2953 2353 3011 magnatum
2411 2936 2706 2994 concilium
2767 2932 2914 3004 cogit
2986 2931 3160 3000 deque
3217 2924 3378 2982 modo
3433 2935 3612 2977 rerum

2040 3036 2369 3109 agendarum
2417 3026 2716 3085 sententias
2761 3038 2952 3081 eorum
3011 3029 3163 3092 rogat
3204 3037 3219 3074 ι
3265 3035 3283 3069 ι
3327 3014 3443 3071 Non
3483 3010 3613 3069 illud

2040 3131 2239 3196 solum,
2268 3124 2371 3182 viri
2405 3119 2663 3185 Romani,
2688 3117 2960 3189 inquiens,
2983 3129 3164 3170 rerum
3195 3110 3365 3181 exigit
3397 3117 3615 3171 natura,

1970 3257 2011 3315 ο
2044 3232 2101 3277 ιιι
2127 3220 2249 3291 quis
2281 3216 2441 3272 modo
2472 3211 2750 3268 audaciam
2798 3224 2909 3280 prae
2937 3222 2996 3264 se
3037 3206 3202 3272 ferat,
3234 3203 3326 3258 sed
3370 3210 3427 3255 ut
3449 3198 3617 3254 auda-

2223 3310 2234 3315 -
2591 3313 2597 3315 Α
2944 3314 2947 3315 ν
3205 3292 3616 3315 ,ηηίηηηκη

2044 3316 2143 3371 ciae
2167 3310 2345 3368 minus
2376 3313 2743 3362 consentanea
2791 3316 2899 3356 non
2932 3297 3159 3368 arripiat
3202 3292 3618 3363 aggrediaturve

2043 3423 2230 3481 opera,
2262 3407 2500 3461 maxime
2545 3399 2795 3472 equidem
2826 3396 2909 3453 vel
2936 3396 3127 3451 leviter
3156 3391 3316 3464 243
3347 3385 3619 3461 prudenti,

2045 3476 2431 3559 attendendum
2482 3492 2741 3548 arbitror.
2785 3489 2865 3545 Ne
2932 3486 3119 3558 igitur,
3166 3483 3293 3553 quia
3339 3493 3472 3552 gens
3516 3476 3621 3531 ista
3662 3546 3665 3549 Ι

2043 3593 2126 3650 sic
2180 3603 2376 3659 nempe
2434 3586 2618 3642 divina
2676 3581 2966 3638 ordinante
3024 3574 3398 3639 Providentia,
3459 3569 3620 3625 rebus

2047 3687 2185 3742 elata
2232 3679 2509 3755 prosperis
2538 3679 2593 3735 in
2625 3675 2930 3731 Romanum
2971 3668 3256 3740 imperium
3309 3660 3625 3722 terribiliter

2048 3754 2272 3847 ingruit,
2302 3763 2590 3844 propterea
2632 3768 2765 3824 satis
2814 3763 2969 3820 nobis
3012 3765 3155 3818 esse}
3182 3758 3540 3820 arbitremur,
3575 3754 3624 3810 si

2050 3874 2101 3928 in
2130 3884 2319 3927 eorum
2352 3863 2727 3922 tantummodo
2749 3860 2868 3916 solo
2898 3857 3094 3915 bellum
3118 3866 3392 3925 geramus.
3419 3847 3624 3905 Verum

2050 3965 2177 4037 quid
2213 3958 2543 4030 temporibus
2570 3956 2875 4026 quibusque
2908 3948 3196 4005 conveniat
3223 3941 3623 4014 inspiciendum

2051 4066 2155 4125 est,
2194 4063 2249 4109 et
2281 4052 2530 4108 facienda
2564 4061 2687 4119 qua:
2723 4058 2964 4116 praesens
2992 4043 3081 4097 hic
3119 4048 3293 4124 status
3318 4037 3628 4108 postulave-

2056 4149 2148 4205 rit.
2199 4146 2383 4216 Neque
2426 4142 2569 4199 euim
2617 4138 2830 4203 eadem,
2881 4144 2945 4197 nt
2984 4115 3243 4196 arbitror,
3274 4138 3328 4184 et
3375 4138 3631 4207 prospere

2055 4238 2381 4298 habentibus
2410 4244 2466 4292 et
2496 4232 2725 4289 adversa
2752 4228 3032 4285 utentibus
3065 4223 3287 4280 fortuna
3323 4228 3447 4287 apta
3479 4226 3626 4273 sunt.

2056 4336 2425 4391 Romanorum
2450 4328 2635 4396 itaque
2663 4321 2920 4394 imperio,
2943 4318 3047 4376 etsi
3074 4315 3359 4387 pristinam
3384 4309 3626 4367 nondum

2056 4425 2369 4482 felicitatem
2392 4425 2705 4483 consecuto,
2732 4414 2826 4470 sed
2859 4411 3022 4486 (quod
3051 4407 3354 4479 praeﬁscine
3378 4398 3626 4472 dixerim)

2058 4522 2110 4575 in
2140 4516 2416 4573 meliorem
2471 4523 2649 4567 tamen
2692 4516 2890 4565 statum
2944 4504 3099 4559 nobis
3140 4498 3514 4556 defensoribus
3539 4494 3633 4549 ad-

378 4618 491 4655 νων
522 4598 778 4670 γενέσθαι
811 4601 962 4673 ρηγὶ,
995 4600 1093 4654 σὺν
1129 4600 1311 4671 πολλῷ
1340 4602 1436 4672 μὲν
1468 4601 1545 4667 ὥς
1573 4619 1707 4673 φασι
1740 4605 1834 4659 καὶ
1874 4604 1941 4674 τᾷ

2060 4613 2222 4667 ducto
2243 4649 2258 4677 ,
2290 4618 2634 4677 nequaquam
2671 4596 3083 4661 dedecoriferit,
3130 4595 3173 4649 si
3205 4588 3442 4647 universi
3485 4586 3635 4642 Hun-

382 4690 672 4763 αὐτόχθονι
699 4691 912 4744 ἐπιόντι
942 4691 1185 4783 στρατῷ,
1234 4691 1445 4745 πλείονι
1482 4693 1540 4747 δὲ
1592 4694 1690 4748 καὶ
1733 4694 1811 4765 τῷ
1849 4695 1958 4748 ἀπὸ

384 4784 732 4856 συμμαχίδος
768 4784 1230 4855 συγκροτουμένῳ
1253 4786 1456 4856 χειρός.
1490 4787 1681 4851 ’Ὅπως
1720 4785 1812 4841 οὖν
1844 4787 1959 4859 ἀμ.-

386 4882 598 4953 φότερα
642 4878 818 4949 ταύτῃ
857 4878 1216 4950 περισωθείη,
1258 4878 1387 4945 δόξα
1417 4896 1479 4933 τε
1513 4882 1578 4951 ἣν
1613 4883 1693 4943 είς
1728 4880 1790 4934 τὸ
1838 4880 1962 4952 βέλ-

383 4989 504 5027 τιον
538 4971 641 5043 ἤδη
680 4968 1098 5039 μεταϐαλοῦσαν
1128 4967 1280 5039 ἔσχε,
1327 4969 1419 5023 καὶ
1449 4968 1679 5038 δύναμις
1712 4968 1746 5043 ἢ
1788 4970 1961 5042 αὐτῆς

259 5039 287 5080 θ’
386 5039 705 5137 ἀκραιφνὴς
740 5060 996 5117 ἐντεῦθεν
1020 5049 1386 5132 ἀπαλλαγείη,
1422 5039 1849 5129 βουλευτέονώς
1878 5039 1962 5118 ἔνι

391 5156 652 5230 μάλιστα.
684 5175 702 5209 ι
741 5154 1005 5217 Βασιλεὺς
1047 5155 1144 5225 μὲν
1191 5154 1430 5208 τοσαῦτα
1474 5152 1621 5210 εἷπε.
1673 5154 1963 5227 Ῥωμαίων

392 5251 452 5305 δὲ
483 5252 594 5304 τῶν
625 5252 689 5303 ὲκ
726 5248 923 5320 βουλῆς
964 5249 1079 5311 τοῖς
1110 5248 1208 5318 μὲν
1247 5250 1964 5318 μεταστρατοπεδεύσασθαι

392 5344 647 5399 ἐντεῦθεν
672 5343 765 5398 ἐπὶ
803 5343 942 5397 Σᾶόν
965 5358 1022 5394 τε
1051 5341 1142 5395 τὸν
1167 5340 1386 5412 χάρακα
1420 5342 1735 5412 πήγνυσθαι
1762 5342 1963 5411 ἐδόκει,

390 5443 545 5505 ὅπως
571 5436 821 5492 ἐντεῦθεν
847 5438 944 5489 σὺν
969 5434 1048 5505 τῷ
1077 5435 1313 5503 ἀσφαλεῖ
1342 5436 1455 5498 τοῖς
1484 5435 1769 5506 πολεμίοις
1812 5436 1966 5491 ἅντι-

393 5533 662 5609 φέρεσθαι
677 5532 957 5595 δύναιντο,
979 5531 1104 5593 τοὺς
1122 5529 1179 5583 δὲ
1202 5529 1364 5582 τοῦτο
1381 5528 1480 5601 μὲν
1508 5529 1722 5599 οὐδαμῆ
1739 5530 1939 5600 ἤρεσκε
1953 5569 1967 5594 ,

393 5629 497 5698 τῆς
544 5625 867 5696 πολιορκίας
918 5623 963 5677 δ’
1022 5623 1330 5693 ἀφεμένους
1391 5622 1567 5676 ἐδόκει
1621 5622 1850 5693 δυνάμει
1904 5625 1968 5695 τῇ

397 5724 552 5795 πάσῃ
576 5721 730 5775 ἐπιὸν
763 5717 1170 5790 ὑποστήσεσθαι
1200 5714 1263 5770 τὸ
1290 5715 1575 5787 πολέμιον.
1611 5715 1777 5770 Ἀλλὰ
1815 5716 1974 5787 βασι..

397 5816 523 5879 λεὺς
556 5814 844 5885 ἀμφότερα
873 5812 972 5865 ούκ
996 5811 1185 5882 ἐπῄνει
1210 5826 1224 5842 ⁸
1276 5810 1336 5863 τὸ
1371 5808 1469 5880 μὲν
1502 5808 1609 5879 γάρ
1640 5809 1861 5877 δειλίαν,
1910 5811 1971 5865 τὸ

398 5904 455 5960 δὲ
487 5906 582 5960 καὶ
615 5904 877 5960 ἀϐουλίαν
922 5903 1279 5972 άπεψήφιστο
1309 5901 1594 5973 ἄντικρυς.
1640 5920 1659 5955 ι
1719 5902 1966 5971 Ἐξὲσται

2061 4713 2318 4775 garorum
2372 4696 2484 4768 regi
2525 4692 2745 4757 cedant,
2776 4688 2870 4759 qui
2924 4701 3046 4741 cum
3096 4682 3323 4754 ingenti,
3352 4689 3414 4736 ut
3458 4681 3631 4744 aiunt,

2061 4771 2433 4865 indigenarum
2476 4784 2717 4843 exercitu
2761 4779 2990 4847 accedit,
3031 4786 3087 4833 et
3131 4774 3427 4847 majoribus
3456 4771 3634 4827 adhuc

2062 4886 2335 4942 sociorum
2369 4879 2538 4952 copiis
2566 4884 2760 4933 auctus
2797 4882 2881 4929 est
2927 4886 2993 4927 ac
3038 4871 3355 4926 instructus.
3388 4865 3635 4936 Quapro-

2062 4991 2183 5050 pter
2210 4974 2449 5032 maxime
2477 4970 2789 5043 prospicere
2824 4967 3052 5037 quisque
3086 4963 3244 5019 debet
3285 4976 3389 5033 qua
3428 4958 3635 5014 ratione

2064 5083 2294 5140 utraque
2345 5066 2423 5123 illi
2476 5070 2900 5125 conserventur,
2929 5069 2985 5116 et
3038 5057 3227 5129 gloria,
3255 5069 3375 5126 quae
3417 5055 3527 5124 jam
3579 5052 3633 5107 in

2066 5164 2262 5221 melius
2291 5162 2371 5217 ire
2408 5158 2592 5229 coepit,
2621 5166 2675 5211 et
2694 5154 2953 5225 potentia,
2976 5166 3097 5223 quae
3125 5149 3250 5204 inde
3279 5158 3390 5203 tota
3420 5147 3489 5201 ab
3524 5145 3635 5216 ipso

2066 5256 2372 5312 recederet.
2410 5270 2430 5304 ι
2466 5251 2526 5306 1η
2571 5251 2719 5305 hunc
2767 5248 2987 5301 modum
3031 5241 3288 5298 disseruit
3321 5242 3634 5309 imperator.

2068 5349 2298 5418 Quidam
2346 5355 2525 5397 autem
2574 5355 2639 5396 ex
2670 5336 2953 5400 Romanis,
2979 5335 3068 5405 qui
3098 5332 3328 5388 concilio
3352 5331 3427 5386 illi
3471 5330 3633 5384 inter-

2069 5448 2246 5505 erant,
2281 5435 2653 5493 lransferenda
2695 5433 2818 5487 inde
2874 5430 2938 5484 ad
2995 5429 3195 5500 savum
3236 5435 3415 5482 castra
3449 5438 3639 5480 cense-

2071 5537 2219 5598 bant,
2261 5543 2318 5585 ut
2348 5529 2515 5584 tutius
2557 5543 2621 5582 ex
2653 5541 2716 5581 eo
2762 5526 2879 5579 loco
2926 5521 3170 5577 hostibus
3212 5528 3395 5589 posset
3425 5516 3636 5573 obsisti.

2069 5628 2202 5680 Aliis
2241 5624 2293 5678 id
2327 5622 2546 5676 minime
2577 5619 2822 5688 placuit:
2856 5616 2951 5672 sed
2990 5615 3172 5670 relicta
3200 5612 3477 5668 obsidione
3520 5624 3638 5664 cum

2070 5716 2322 5771 omnibus
2350 5713 2561 5767 viribus
2608 5708 2977 5764 imminentem
3013 5707 3218 5762 hostem
3260 5700 3512 5758 sustineri
3546 5701 3640 5757 de-.

2073 5810 2199 5864 bere
2222 5806 2630 5868 existimabant,
2660 5806 2730 5857 At
2763 5802 3014 5873 princeps
3048 5810 3336 5869 utrumque
3378 5810 3638 5866 respuens

2074 5902 2378 5969 consilium,
2410 5900 2536 5954 illud
2564 5892 2759 5965 metus,
2788 5897 2890 5952 hoc
2919 5904 3106 5952 eontra
3139 5891 3459 5950 temeritatis
3481 5888 3638 5964 244
