4074 6286
577 309 684 370 62'}

1856 305 2179 370 JOANNlS
2215 306 2538 368 ClNN.\'lll

3691 304 3785 381 ὅθί

563 435 808 493 perator,
842 422 1151 478 Gratiarum
1190 424 1507 494 imaginem,
1547 421 1734 478 ﬂorem
1767 435 1996 478 naturai.
2031 423 2110 479 Set

2243 439 2340 491 του
2380 422 2531 489 ἄξιον
2563 421 2694 493 πρδς
2734 422 2837 475 τῶν
2875 422 3328 495 κατηγορούντων
3354 421 3502 492 αύτῷ
3530 425 3787 492 προσετρί-

560 517 704 585 quali
742 515 902 571 fuerit
939 517 982 570 is
1012 516 1187 570 forma
1241 516 1557 584 congruenti
1615 514 1732 569 loco
1761 517 2003 582 pluribus
2041 530 2134 571 ex-

557 623 866 676 sequemur.
905 607 966 660 Et
992 608 1042 662 in
1071 606 1154 660 his
1196 607 1356 660 linem
1384 606 1614 660 habuere
1636 605 1961 674 ejuscemodi
1992 619 2137 673 qua!-

556 701 784 752 stiunes.
819 696 997 752 Lucas
1033 708 1376 758 autem,cum
1406 697 1542 750 nihil
1578 698 1846 766 gravioris
1875 696 2130 750 utomcnti

553 791 602 842 ei
635 790 701 844 ab
737 790 1063 844 alversariis
1114 787 1460 855 objiceretur,
1491 789 1545 841 in
1582 789 1708 843 sede
1757 803 1968 842 rursum
2007 802 2128 855 pcr-

555 883 772 935 iuansit.
818 879 886 932 At
936 878 1193 945 Joannes,
1250 879 1656 949 Corcyraeorum
1730 880 2037 950 episcopus,
2094 889 2148 933 et

2244 513 2389 577 6ετο,
2428 513 2520 567 ἐπὶ
2575 513 2668 566 τοῦ
2704 514 2894 583 θρόνου
2939 515 3154 586 ἔμεινεν
3185 513 3364 576 αὖθις.
3408 515 3648 583 Ἰωάννης
3677 514 3726 566 δὲ
3763 516 3790 566 ὸ

2241 604 2341 675 τὴν
2383 606 2746 674 Κερκυραίων
2790 604 2972 676 λαχὼν
2999 607 3092 659 καὶ
3124 605 3376 676 μοναχῶν
3407 622 3485 668 τις
3515 604 3571 658 δν
3611 604 3792 658 ἐπεκάο

2239 693 2366 749 λουν
2417 697 2705 766 Εἱρηνικὸν
2737 737 2751 758 ,
2809 700 2874 766 τῇ
2943 696 3188 767 προτέρᾳ
3244 697 3620 765 ἐπιμείναντες
3674 695 3789 764 δόξῃ

2239 789 2545 857 ἀναθέματι
2580 789 2972 858 ύποϐἐίληντο,
3016 790 3167 842 ἄλλοι
3207 807 3265 841 τε
3299 789 3425 858 ἑξῆς
3459 787 3563 842 τῶν
3609 788 3793 858 ἐκκληο

2258 881 2553 933 σιαστικῶν
2590 881 3104 950 ἐξωστρακίσθησαν
3131 882 3469 948 καταλόγων.

551 973 847 1028 monachus
906 974 1070 1036 alius,
1119 982 1477 1040 cognomento
1561 968 1831 1036 Ireuieus,
1886 971 1938 1022 in
2007 971 2171 1038 priori
2227 974 2494 1026 sententia
2589 975 2974 1040 persistentes,
3024 972 3563 1026 esconuuuniratloni
3609 973 3790 1026 subditi

554 1076 714 1129 sunt,
771 1067 970 1133 aliique
1035 1065 1253 1130 insuper
1335 1078 1397 1117 ex
1470 1064 1854 1118 ecclesiasticis
1903 1064 2164 1133 catalogis
2201 1063 2388 1118 dileti.

621 1159 674 1211 3.
710 1156 914 1210 Interea
954 1156 1335 1224 Hnugaroruiu
1386 1169 1503 1220 rex,
1533 1153 1707 1222 ruptis
1756 1169 1972 1208 rursum
2022 1154 2122 1209 fa:-

547 1253 788 1314 deribus,
816 1248 1130 1319 Dionysium
1165 1256 1448 1317 quemdam
1497 1264 1560 1302 ex
1599 1245 1742 1301 auia:
1785 1249 2125 1316 primatibus,

545 1344 722 1395 virum
759 1342 846 1409 qui
905 1340 1086 1394 multis
1133 1340 1243 1408 jam
1276 1340 1327 1392 in
1383 1339 1538 1395 bellis
1576 1339 1904 1392 iuclaruerat
1931 1377 1947 1403 ,
2001 1355 2122 1393 cum

547 1431 751 1498 ingenti
787 1431 1026 1483 exercitu
1083 1431 1147 1482 ad
1199 1429 1456 1483 Sirmium
1499 1430 1694 1482 iterum
1745 1430 2121 1496 occupandqu

546 1523 734 1577 mittit.
768 1521 919 1588 Quod
951 1521 1111 1574 simul
1155 1528 1320 1586 atque
1355 1533 1642 1588 percepero
1671 1518 1900 1572 Romani
1934 1519 2121 1584 duces,

544 1616 675 1682 quid
726 1615 780 1669 in
813 1629 880 1670 eo
914 1629 1092 1668 rerum
1126 1624 1268 1666 statu
1315 1622 1457 1666 esset
1497 1613 1765 1681 agendum
1795 1612 2120 1666 deliberant.

544 1709 652 1763 Sed
722 1722 828 1762 non
903 1706 957 1760 in
1028 1703 1400 1759 Romanorum
1474 1705 1818 1759 commodum
1859 1703 2121 1774 processit

542 1798 812 1865 ejusmodi
844 1795 1132 1850 consilium
1161 1837 1176 1861 ,
1227 1801 1412 1862 utpote
1441 1794 1493 1846 in
1525 1792 1575 1846 id
1619 1793 1841 1846 intentis
1870 1792 2119 1846 consilia-

2309 1155 2375 1223 γ’.
2423 1157 2482 1209 '0
2513 1157 2567 1210 δὲ
2617 1157 2725 1210 τῶν
2758 1156 2976 1211 Οὖννιυν
3013 1157 3116 1228 ρὴξ
3168 1155 3238 1211 τὰ
3287 1156 3606 1210 καθεστῶτα
3645 1156 3792 1208 πάλιν

2233 1253 2466 1320 κινήσας
2502 1251 2780 1303 Διονύσιόν
2804 1268 2926 1304 τινα
2961 1252 3072 1320 (9.5)
3097 1252 3205 1303 τῶν
3266 1250 3399 1319 παρ’
3429 1250 3574 1319 αύτῴ
3606 1252 3787 1316 ἐπιφα·

2233 1342 2362 1404 νῶν,
2395 1342 2566 1412 ἄνδρα
2595 1343 2850 1414 πολέμων
2875 1344 3087 1396 πολλῶν
3114 1344 3399 1412 ἔμπειρον,
3436 1343 3790 1412 στρατεύματι

2231 1433 2452 1503 μεγαλῳ
2483 1434 2711 1503 Σιρμίου
2751 1434 2842 1486 καὶ
2875 1435 3038 1488 πάλιν
3073 1434 3492 1504 ἀντιποιηθῆναι
3533 1434 3787 1502 ἐπεμψεν.

2237 1526 2308 1578 ⁸0
2340 1525 2636 1597 πυθόμενοι
2659 1528 2708 1580 οἱ
2739 1527 3151 1598 τῶνῬωμαίων
3189 1530 3482 1597 στρατηγο“;
3516 1526 3790 1596 βουλευτέα

2231 1618 2385 1684 σφίσι
2429 1621 2556 1689 περὶ
2601 1620 2794 1672 τούτου
2841 1619 3061 1672 ἐποίουν
3115 1619 3178 1692 μ’.
3221 1617 3454 1690 ἐνόουν].
3501 1617 3789 1689 Προῦϐαινε

2231 1711 2331 1780 μὲν
2362 1709 2428 1763 τὰ
2461 1711 2559 1781 τῆς
2594 1709 2817 1782 βουλῆς,
2851 1712 2954 1765 οὐκ
2987 1713 3079 1765 ἐπὶ
3109 1712 3168 1764 τὸ
3201 1710 3498 1782 Ῥωμαίοις
3534 1710 3788 1775 ξυνοίσον,

2226 1802 2477 1874 ὁρώντων
2505 1802 2613 1856 τῶν
2643 1802 2967 1872 βουλευτῶν,
3004 1803 3119 1857 ἀλλ’
3143 1802 3219 1868 ὡς
3259 1805 3323 1858 ἂν
3365 1820 3448 1866 τις
3502 1802 3785 1872 παραλογί-

544 1891 676 1955 riis,
709 1901 762 1943 ut
813 1889 950 1942 al.us
999 1886 1164 1940 alium
1219 1885 1532 1952 deciperet:
1571 1893 1798 1950 utroque
1835 1882 1887 1935 in
1932 1882 2110 1951 primis

2229 1866 2382 1944 σαιτο
2420 1892 2514 1944 τὸν
2547 1866 2753 1964 ἕτερον,
2788 1866 3022 1964 μάλιστα
3047 1866 3228 1963 μέντοι
3264 1893 3430 1963 ἄμφω
3451 1891 3528 1944 τὼ
3562 1866 3787 1962 hirpi),

542 1979 845 2044 Michaele,
897 1977 1068 2049 258
1113 1974 1292 2030 Galira
1348 1975 1648 2040 nimirum,
1700 1974 1792 2044 qui
1843 1974 1948 2028 dux
2003 1981 2122 2026 erat

545 2074 818 2144 rigiouis,
856 2083 909 2125 et
943 2072 1115 2124 Braua
1141 2112 1155 2136 ,
1196 2071 1287 2139 qui
1319 2082 1373 2123 et
1411 2068 1527 2138 ipse
1558 2067 1820 2122 exercitui
1868 2075 2118 2138 praeerat,

543 2177 774 2236 utroque
810 2163 933 2219 belli
959 2161 1344 2231 cupidissimo:
1372 2175 1556 2214 verum
1587 2159 1863 2228 pra'valuit
1890 2158 2114 2214 Brauas.

540 2263 678 2314 Cum
713 2257 880 2328 igitur
927 2252 1242 2325 Dionysium
1278 2262 1440 2307 noctu
1473 2251 1678 2305 adoriri
1710 2250 1927 2314 vellent,
1954 2264 2120 2319 quan-

538 2352 828 2421 doquidem
896 2347 967 2401 ita
1033 2345 1178 2400 inter
1242 2359 1305 2399 se
1338 2346 1727 2406 decreverant,
1782 2345 1944 2397 motis
1995 2343 2119 2398 inde

537 2443 733 2499 castris
753 2457 871 2496 cum
894 2440 1148 2495 omnibus
1179 2437 1382 2497 viribus
1409 2437 1638 2491 ulterius
1667 2447 1787 2490 sunt
1819 2435 2112 2505 progressi.

540 2533 642 2592 Ubi
684 2536 750 2588 ad
785 2545 908 2587 eum
939 2542 1238 2599 pervenere
1264 2528 1468 2592 locum,
1495 2525 1547 2581 iu
1571 2541 1676 2596 quo
1705 2541 1800 2582 sua
1827 2525 2116 2596 Dionysius

537 2639 716 2684 castra
755 2632 1036 2693 posuerat,
1073 2621 1390 2692 nullumque
1417 2621 1640 2675 omnino
1668 2620 1722 2674 in
1751 2619 1818 2675 iis
1857 2620 2114 2674 invenere

536 2721 861 2782 exercitum,
897 2727 1008 2768 lunt
1045 2730 1141 2769 eos
1174 2713 1462 2784 occupavit
1493 2727 1680 2783 pavor.
1719 2709 1776 2765 Si
1812 2711 1937 2780 quid
1965 2712 2110 2766 enim

538 2816 682 2870 aliud
709 2855 722 2876 ,
756 2815 905 2867 locus
935 2813 1181 2865 desertus
1212 2816 1266 2862 et
1295 2807 1604 2875 incognitus
1630 2806 1682 2858 in
1722 2804 1964 2859 hostium
1997 2804 2112 2859 solo

533 2910 601 2965 ad
637 2905 1056 2962 commovendos
1090 2903 1322 2956 militum
1354 2899 1568 2954 animos
1619 2897 1910 2968 plurimum
1945 2896 2106 2952 valet.

538 2999 722 3056 Nihilo
757 2997 940 3052 minus
985 2994 1089 3050 iter
1118 2996 1391 3063 agebant,
1426 3007 1612 3047 eorum
1654 2992 1880 3045 subinde
1916 2992 2110 3046 observ

536 3101 731 3146 vanles
758 3086 984 3159 vestigia
1013 3104 1027 3141 :
1061 3095 1114 3140 et
1153 3087 1292 3139 forte
1323 3083 1684 3139 confecissent
1709 3083 1984 3153 quidpiam
2006 3122 2021 3146 ,
2061 3080 2107 3136 si

533 3184 802 3239 maturius
825 3180 997 3236 adorti
1026 3178 1261 3234 fuissent
1287 3175 1594 3247 HungarOs.
1618 3173 1756 3229 Tum
1786 3174 1929 3229 enim
1963 3175 2107 3230 clara

528 3279 645 3350 jam
677 3277 820 3343 luce,
854 3286 911 3330 ut
942 3275 993 3329 id
1025 3272 1098 3328 illi
1135 3273 1418 3327 advertere
1442 3312 1458 3338 ,
1491 3269 1646 3340 equis
1672 3270 1761 3340 qui
1797 3269 1850 3323 in
1896 3268 2108 3338 pascuis

532 3380 691 3430 erant
723 3371 777 3424 in
805 3378 985 3425 castra
1016 3369 1244 3431 abactis,
1276 3377 1328 3419 et
1356 3365 1574 3420 caeteris
1600 3365 1689 3434 qui
1717 3371 1844 3417 ante
1877 3359 2107 3415 tentoria

534 3473 687 3520 stare
734 3463 800 3516 de
830 3473 981 3516 more
1011 3457 1189 3513 solent
1235 3457 1551 3512 conscensis
1579 3495 1593 3518 ,
1646 3456 1700 3510 in
1728 3461 1934 3509 turmas
1961 3453 2110 3506 ordi-

533 3564 779 3611 nantur:
817 3567 940 3607 mox
994 3561 1055 3605 ut
1106 3549 1380 3604 Romanos
1430 3546 1763 3616 negligenter
1791 3556 1844 3599 ct
1898 3545 2104 3598 incom-

529 3647 703 3716 posite
756 3641 890 3698 ferri
946 3641 1130 3696 vident
1192 3637 1437 3712 (plurimi
1488 3636 1634 3694 enim
1692 3652 1758 3691 ex
1822 3635 1922 3699 iis,
1979 3635 2104 3688 dum

529 3739 840 3808 llungaros,
868 3735 960 3805 qui
994 3747 1164 3806 equos
1194 3733 1246 3787 in
1272 3740 1450 3786 castra
1479 3732 1729 3801 agebant,
1762 3728 2100 3791 adoriuntur,

527 3853 648 3890 sese
689 3835 792 3889 huc
840 3831 967 3885 illoc
1002 3829 1349 3898 eﬂuderaut),
1381 3827 1502 3881 illos
1534 3828 1793 3880 invadunt
1817 3863 1832 3889 ,
1867 3825 2105 3894 fusisque

530 3930 599 3982 iis
632 3935 863 3980 (atteros
886 3963 902 3989 ,
935 3922 1024 3992 qui
1059 3921 1358 3975 Romanam
1395 3918 1718 3989 phalangem
1758 3931 1787 3970 a
1837 3928 1984 3986 tergo
2013 3930 2104 3970 δας

531 4021 882 4086 quebautur,
957 4014 1245 4086 propulere
1332 4012 1517 4067 etiam.
1586 4009 1792 4077 Quibus
1872 4007 2102 4077 perculsi

533 4109 767 4166 Romani
834 4118 1114 4176 receptum
1169 4104 1344 4174 primo
1391 4103 1737 4171 cogitarunt,
1795 4115 1859 4155 ac
1913 4098 2104 4153 deinde

529 4208 688 4274 longe
722 4199 982 4270 majorem
1007 4199 1119 4252 viso
1149 4198 1351 4251 instare
1378 4194 1674 4249 exercitum
1710 4193 1808 4246 rati
1841 4193 1890 4244 in
1922 4192 2100 4261 fugam

532 4313 654 4350 sese
703 4296 1007 4358 ronjecere.
1065 4289 1362 4344 Veritatem
1404 4288 1544 4341 enim
1599 4296 1690 4338 aut
1748 4300 2098 4354 cognoscere,

533 4396 625 4442 aut
680 4386 979 4456 dijudicare
1032 4383 1097 4437 iis
1157 4382 1208 4436 in
1263 4381 1548 4433 momentis
1600 4377 1752 4447 pauci
1812 4377 2098 4430 admodum

529 4479 786 4534 mortales
837 4478 1036 4533 sciunt.
1091 4474 1344 4528 Protinus
1395 4472 1559 4544 259
1607 4473 1787 4542 itaque
1849 4471 2100 4526 omnibus

2225 1983 2283 2047 ὃς
2313 2003 2371 2038 τε
2411 1985 2626 2057 Γαόρᾶς
2675 1984 3010 2057 ἐπεκέκλητο
3041 1985 3165 2053 δοὺξ
3211 1986 3308 2056 τῆς
3342 1985 3468 2056 τῇδε
3499 1983 3678 2055 χώρας
3703 1999 3784 2035 τε-

2223 2074 2353 2139 λῶν,
2389 2077 2484 2129 καὶ
2514 2077 2541 2130 δ
2566 2078 2779 2148 Βρανᾶς
2809 2076 3213 2148 στρατεύματος
3241 2077 3347 2149 ἰδίᾳ
3380 2077 3671 2148 κατάρχων
3701 2076 3788 2129 καὶ

2223 2168 2406 2233 αὐτὸς,
2439 2168 2736 2240 ἀμφοτέρω
2775 2170 2874 2238 μὲν
2909 2168 3363 2240 πολεμικωτάτω,
3393 2169 3509 2224 ἀλλ’
3543 2169 3788 2238 δΒ,ίαιιᾶς

2223 2262 2442 2330 ἐκράτει
2497 2261 2713 2332 μᾶλλον.
2773 2261 3193 2332 Βουλευομένοις
3258 2262 3440 2315 τοίνυν
3500 2263 3786 2332 ἐπειδήπερ

2220 2354 2396 2408 ἐδόκει
2447 2354 2664 2429 νύκτωρ
2695 2355 2979 2408 ἐπιθέσθαι
3025 2354 3284 2426 Διονυσίῳ
3314 2355 3398 2426 [Ρ.
3438 2353 3586 2427 lSl],
3622 2357 3786 2424 ἄραν·

2219 2463 2310 2510 τες
2373 2448 2708 2517 πανστρατεὶ
2743 2449 2933 2520 πρόσω
2971 2447 3234 2519 ἐχώρουν.
3269 2447 3305 2498 Γ
3309 2446 3562 2516 εγονότες
3598 2447 3641 2500 δ’
3667 2444 3785 2498 ἔνθα

2219 2538 2494 2594 Διονύσιον
2534 2540 3058 2611 στρατοπεδεύεσθαι
3077 2539 3412 2602 συνέϐαινεν,
3437 2538 3630 2610 ἐπειδὴ
3657 2555 3786 2590 παν-

2218 2634 2456 2688 τάπασιν
2532 2634 2741 2703 ἀνδρῶν
2805 2634 3013 2705 ἔρημον
3070 2634 3130 2688 τὸ
3187 2632 3554 2704 στρατόπεδον
3613 2627 3784 2704 εὗρον,

2218 2722 2525 2794 ὐποδειλιᾷν
2581 2722 2836 2794 ῆρξαντο.
2878 2723 3086 2776 Ἱκανὸν
3139 2723 3248 2792 γὰρ
3304 2722 3461 2790 εἰπερ
3531 2738 3585 2773 τι
3619 2721 3784 2791 χῶρος

2217 2817 2422 2886 ἔρημος
2456 2816 2549 2870 καὶ
2578 2817 2752 2886 ἀήθης
2781 2816 3031 2886 διατριϐὴ
3061 2815 3241 2887 ψυχὴν
3272 2816 3364 2867 ἐπὶ
3396 2813 3668 2885 πολεμίας
3691 2831 3785 2866 κι-

2214 2913 2464 2964 τασεῖσαι
2525 2911 2942 2982 στρατιωτικήν.
3002 2907 3470 2980 Ἰχνοσκοποῦντες
3538 2909 3584 2960 δ’
3646 2909 3784 2979 ὅμως

2214 3001 2560 3072 ἐπορεύοντο,
2623 3001 2718 3055 καὶ
2764 3001 2903 3071 τάχα
2947 3000 3012 3053 ἄν
3068 3018 3120 3053 τι
3167 2998 3263 3053 καὶ
3309 2997 3585 3067 ἔπραξαν,
3645 3000 3696 3050 εἰ
3725 3011 3782 3064 γε

2214 3093 2579 3166 πρωιαίτερον
2623 3095 2737 3157 τοῖς
2768 3090 2989 3156 Οὗννοις
3038 3091 3316 3146 ἐπέθεντο.
3366 3092 3503 3145 Τότε
3557 3093 3616 3146 δέ
3669 3093 3784 3144 ἐπεὶ

2211 3182 2397 3254 ἡμέρα
2429 3183 2529 3254 ἥδη
2559 3181 2837 3251 διαφανῶς
2868 3175 2959 3251 ἦν,
2997 3180 3312 3251 αἰσθόμενοι
3342 3177 3542 3233 Οὗννοι
3571 3179 3692 3241 τούς
3728 3193 3781 3233 τε

2212 3276 2411 3339 ἵππους
2469 3273 2800 3329 εἰσελαύνειν
2858 3275 2950 3327 ἐπὶ
3009 3274 3068 3327 τὸ
3133 3271 3502 3341 στρατόπεδον
3558 3272 3818 3344 ἦρξαντο

2211 3365 2529 3436 (ἐτύγχανον
2556 3365 2664 3437 γάρ
2700 3366 2794 3419 ἐπί
2836 3367 3007 3438 νομὴν
3041 3364 3355 3434 ἀναθέντες)
3388 3365 3480 3419 καὶ
3528 3369 3642 3428 τοῖς
3683 3367 3781 3434 πρὸ

2208 3459 2316 3512 τῶν
2349 3459 2564 3530 σκηνῶν
2606 3459 2667 3523 ἐξ
2697 3458 2850 3522 ἐθους
2881 3460 2967 3512 ἀεὶ
2999 3458 3232 3514 ἑστῶσιν
3263 3457 3645 3526 ἐπιϐαίνοντες
3684 3476 3782 3526 cp:-

2207 3551 2477 3623 λαγγηδδν
2535 3552 2841 3617 ἐτάττοντο,
2901 3552 3208 3624 Ῥωμαίους
3265 3569 3326 3605 τε
3385 3552 3486 3605 σὺν
3544 3551 3782 3622 ἀκοσμίᾳ

2211 3644 2378 3716 πολλῇ
2408 3645 2744 3716 ᾳερομένους
2773 3645 2969 3709 ἰδόντες
2999 3646 3131 3715 (τοῖς
3165 3645 3275 3715 γὰρ
3313 3643 3413 3714 τὴν
3441 3646 3611 3699 ἵππον
3638 3644 3792 3697 me.

2208 3754 2394 3792 νουσιν
2425 3739 2740 3812 ἐπιθέμενοι
2772 3737 2998 3802 Οὔννοις
3027 3739 3078 3791 οἰ
3105 3737 3324 3801 πλείους
3351 3739 3779 3807 ἐσκεδάσθησαν)

2208 3825 2490 3896 ἐπήλασαν
2521 3843 2578 3880 τε
2620 3829 2806 3889 αὐτοῖς
2845 3826 2940 3878 καὶ
2971 3825 3303 3898 τρεψάμενοι
3347 3829 3423 3890 εἰς
3455 3830 3588 3891 τοὺς
3628 3825 3782 3881 κατό-

2207 3935 2300 3971 πιν
2332 3921 2508 3980 ἰόντας
2537 3918 2637 3989 τῆς
2677 3918 2994 3989 Ῥωμαῖκῆς
3032 3919 3311 3988 φάλαγγος
3356 3917 3654 3974 συνελάσαι
3690 3919 3779 3971 τσ-

2205 4028 2398 4081 χυσαν.
2436 4011 2552 4080 Ἐφ’
2593 4003 2675 4074 οἷς
2710 4011 3174 4081 συνταραχθέντες
3219 4012 3418 4065 ἐκεῖνοι
3452 4013 3513 4075 ἐς
3557 4013 3780 4077 ύειταγω⁹

2203 4105 2308 4174 γὴν
2349 4103 2587 4159 ἔκλιναν,
2635 4103 2743 4158 Καὶ
2783 4104 2842 4156 τὸ
2889 4101 3077 4158 λοιπὸν
3116 4105 3220 4158 ἀνὰ
3272 4107 3474 4176 κράτος
3518 4107 3778 4175 Ῥωμαῖοι

2203 4195 2453 4263 ἐςευγον,
2474 4194 2753 4266 οἰηθέντες
2779 4195 2958 4266 πολλῷ
2980 4195 3198 4249 πλείονα
3225 4197 3322 4266 τῆς
3342 4198 3634 4267 ὁρωμένης
3663 4198 3779 4250 ἐπιο

2206 4286 2396 4340 θέσθαι
2426 4286 2578 4356 σφίσι
2608 4289 2890 4358 στρατιᾶς.
2920 4289 3031 4357 Τὴν
3057 4287 3167 4358 γὰρ
3197 4284 3287 4340 τοῦ
3317 4286 3557 4357 ἀληθοῦς
3581 4285 3778 4356 γνῶςίν

2203 4397 2260 4431 τε
2288 4382 2380 4431 καὶ
2408 4380 2684 4447 διάκρισιν
2717 4380 2914 4450 κομιδῆ
2953 4380 3157 4447 ὀλίγοις
3201 4379 3507 4455 ἀνθρώπων
3556 4383 3618 4435 ἐν
3669 4380 3777 4445 τοῖς

2203 4471 2466 4535 τοιούτοις
2534 4473 2682 4524 ἐστιν
2748 4473 2954 4542 εὑρεῖν.
2992 4474 3155 4526 Ὅθεν
3206 4475 3298 4527 καὶ
3358 4475 3496 4545 ταχὺ
3558 4475 3776 4528 πάντων

531 4573 956 4638 discedentibus,
989 4570 1300 4626 aliquandiu
1333 4585 1454 4624 eum
1486 4569 1678 4638 signis,
1709 4576 1762 4621 et
1812 4565 1998 4636 paucis
2027 4581 2091 4619 ex

2216 4565 2694 4635 ἰπαγορευσάντων
2730 4564 2891 4634 μέχρι
2949 4565 3050 4635 μέν
3104 4582 3245 4629 τινος
3301 4565 3530 4620 ἕστατον
3601 4567 3779 4637 ἀμφο-

531 4668 670 4732 suis,
713 4666 963 4720 restitere
992 4662 1099 4717 dux
1151 4671 1404 4732 uterque,
1441 4662 1646 4730 aliquot
1680 4660 1854 4714 adhuc
1905 4672 2091 4713 secum

531 4773 920 4831 permansuros
952 4754 1227 4808 llomanos
1253 4755 1373 4808 rati.
1412 4754 1516 4807 Sed
1550 4755 1637 4807 tibi
1681 4767 1840 4806 nemo
1870 4767 2097 4820 usquam

534 4870 657 4906 cum
695 4850 760 4904 iis
786 4849 970 4913 stetit,
1001 4856 1157 4916 terga
1200 4854 1255 4900 et
1287 4845 1386 4915 ipsi
1416 4846 1626 4899 tandem
1655 4845 1939 4898 dederunt.
1973 4843 2102 4897 Bra-

532 4959 632 5000 nas
689 4943 903 5011 quidem
973 4953 1268 4993 conversus
1319 4952 1481 4992 unum
1536 4937 1603 4990 de
1661 4937 1902 4990 hostibus
1945 4937 2099 4989 hasta

530 5033 836 5102 percussit;
869 5031 1005 5082 alter
1033 5039 1215 5082 autem
1250 5029 1369 5096 fuga
1405 5027 1598 5082 evasit.
1631 5025 1767 5080 Tum
1796 5042 1923 5080 sane
1958 5027 2100 5096 quod

532 5145 584 5182 ιη
614 5126 836 5181 consilio
875 5123 1023 5192 prius
1073 5122 1213 5176 inter
1257 5137 1352 5176 eos
1409 5120 1688 5174 dissidium
1723 5121 2103 5174 intercesserat

533 5216 805 5280 innotuit;
837 5221 1122 5283 postquam
1150 5210 1294 5263 enim
1327 5209 1617 5278 fugientem
1638 5209 1870 5265 Gabram
1904 5211 2099 5265 iterum

535 5318 819 5364 assecutus
854 5313 938 5359 est
965 5304 1189 5366 Brauas,
1225 5303 1458 5356 irridens
1484 5315 1546 5356 ac
1577 5302 1847 5357 illudens:
1886 5322 1904 5353 ι
1941 5301 2097 5366 Num,

533 5401 747 5469 inquit,
793 5398 1015 5464 vidisti,
1068 5396 1392 5462 oSebaste,
1446 5404 1504 5450 ut
1543 5396 1740 5450 iterum
1809 5397 2102 5450 reStiterim

2197 4935 2428 4999 τιύτοις,

2201 4659 2341 4731 τέρω
2395 4656 2471 4710 τῶ
2530 4656 2822 4727 στρατηγὼ
2892 4659 2988 4709 σὺν
3044 4661 3154 4721 τοῖς
3209 4658 3456 4729 σημείοις
3511 4657 3610 4713 καὶ
3669 4656 3776 4711 ut.

2195 4768 2312 4819 γοις
2345 4751 2451 4802 τῶν
2506 4753 2643 4818 ἀμφ’
2679 4750 2876 4811 αὐτοὺς
2905 4751 3136 4818 οἰομένω
3181 4751 3652 4822 ἐπισυστήσασθαι
3710 4745 3774 4807 αὖ

2211 4845 2496 4912 Ῥωμαίων
2522 4846 2671 4903 τινάς
2697 4859 2710 4872 ⁸
2736 4843 2808 4903 ῶς
2857 4843 2911 4895 δὲ
2952 4842 3125 4906 οὐδεὶς
3156 4843 3454 4910 οὐδαμόθεν
3485 4846 3775 4901 συνίστατο

2496 4935 2640 4988 νῶτα
2690 4935 2876 4987 λοιπον
2928 4936 3120 4987 ἔδοσαν
3167 4937 3264 4990 καὶ
3319 4937 3494 4990 αύτοί.
3567 4938 3710 4992 Ἀλλ’
3745 4938 3776 4992 ὁ

2205 5029 2303 5099 μὲν
2330 5028 2541 5100 Βρανᾶς
2570 5028 2774 5096 μεταξὺ
2803 5030 3162 5096 ἐπιστραφεὶς
3209 5027 3314 5080 τῶν
3340 5045 3462 5081 τινα
3493 5029 3776 5099 πολεμίων

2201 5125 2388 5193 δόρατι
2445 5121 2694 5186 ἔπαισεν,
2752 5121 2947 5190 ἅτερος
2979 5121 3037 5172 δὲ
3069 5120 3257 5194 ἀπῄει.
3310 5121 3442 5174 Ὅτε
3479 5121 3546 5191 δὴ
3598 5139 3766 5192 κατι-

2204 5213 2389 5284 φανῶς
2430 5212 2666 5279 ἔγνωστο
2700 5212 2766 5264 τὰ
2822 5212 2920 5281 τῆς
2954 5213 3011 5264 ἐν
3047 5211 3207 5282 βουλῇ
3269 5215 3530 5282 πρότερον
3589 5215 3774 5269 αὐτοῖς

2201 5305 2486 5374 διαφορᾶς.
2518 5303 2578 5356 Ὀ
2625 5303 2732 5374 γάρ
2763 5319 2845 5358 τοι
2882 5303 3091 5373 Βρανᾶς
3128 5303 3239 5370 (ει)
3282 5305 3466 5375 ἐπειδὴ
3515 5303 3772 5372 esti-ron.

2204 5397 2358 5459 αὖθις
2400 5393 2653 5464 συνέμιξε
2705 5394 2782 5464 τῷ
2819 5392 3027 5466 Γαὸρᾷ,
3078 5395 3433 5460 ἐπιτωθάζων
3489 5395 3642 5465 μάλα
3685 5394 3772 5447 καὶ

1878 5530 1971 5590 Du
2007 5529 2223 5607 Cangii
2260 5538 2442 5590 notia.

597 5641 707 5709 (25)
735 5640 1052 5693 Διονύσιόν
1086 5654 1235 5692 τινα.
1260 5637 1528 5709 “Dionysii
1567 5636 1812 5709 meminit
1875 5636 2088 5709 Nicetas

527 5707 632 5765 non
678 5712 867 5769 semel,
929 5713 1056 5761 dum
1090 5709 1223 5761 bella
1258 5708 1559 5772 Huugariea
1595 5708 1929 5776 exsequitur.
1982 5707 2086 5760 Sed

525 5785 588 5838 de
623 5781 709 5838 illo
746 5782 900 5836 silvut
934 5779 1223 5849 lluugaricl
1266 5778 1580 5849 seriptorcs.

2266 5634 2379 5759 (ἐξ)
2443 5632 2507 5688 Ὀ
2545 5632 2766 5706 γάρτοι
2802 5631 3059 5704 Βρανᾶς.
3131 5648 3249 5689 ride
3302 5633 3563 5696 N‘Cetam,
3626 5643 3660 5688 Ι.
3697 5651 3764 5687 μ’.

2198 5722 2249 5757 Il.
2310 5722 2363 5761 ι).
