4026 6286
568 381 678 451 635

1851 385 2174 447 JOANNIS
2212 383 2549 446 CINNAMI

3711 383 3810 442 636

566 500 827 569 pra'ciare
856 513 1059 571 gestas,
1097 516 1342 571 quasque
1381 501 1515 553 adeo
1553 502 1887 568 Oportnisset
1918 500 2135 555 silentio

2248 504 2346 571 γὰρ
2379 503 2502 555 ὅθεν
2534 504 2633 573 τὴν
2673 501 2903 571 ἐκϐολὴν
2937 499 3028 554 τοῦ
3078 500 3239 568 λόγου
3275 499 3645 568 ἐποιησάμην)
3692 499 3812 551 τού-

563 595 756 662 prcmi,
795 594 989 662 stolide
1036 595 1101 649 iis
1154 596 1205 648 in
1262 596 1469 649 aedibus
1524 602 1748 648 exarata
1800 611 1863 648 ac
1916 595 2131 664 depicta

562 689 801 742 omnium
852 688 1022 749 oculis
1073 690 1398 758 exponebat.
1448 687 1503 741 IJ
1552 688 1640 742 ubi
1690 688 1913 742 rescivit
1957 687 2130 755 impe-

565 791 731 845 r-tor,
769 783 820 834 in
853 791 1059 834 secreta
1091 794 1211 833 eum
1245 781 1509 857 colloquia
1556 790 1893 849 assumptum
1935 781 2134 849 smpius

562 873 861 938 ahunnuit,
905 874 979 927 uti
1022 874 1089 927 ab
1146 874 1361 942 incepto
1404 874 1711 929 desisteret.
1768 876 1833 926 At
1890 872 1981 929 ille
2027 890 2131 928 non

568 970 728 1021 tnodn
758 966 1083 1022 obstinatius
1110 967 1384 1037 prioribus
1414 968 1609 1022 institit
1639 968 1901 1031 consiliis,
1957 971 2049 1022 sed
2080 977 2137 1022 et

566 1062 738 1115 virum
771 1069 930 1129 gente
957 1059 1233 1126 Latinum,
1268 1061 1742 1129 praestigiatorem,
1780 1060 1941 1129 inque
1966 1061 2138 1131 magi-

555 1156 645 1207 .cis
683 1153 889 1203 artibus
920 1151 1055 1205 mire
1105 1161 1401 1216 versatum,
1448 1152 1642 1206 crebro
1689 1155 1751 1205 ad
1805 1168 1865 1207 sc
1916 1169 2137 1219 vocans,

563 1258 686 1298 cum
720 1259 781 1297 eo
823 1243 1166 1297 familiariter
1202 1258 1555 1298 coxit-ersatns
1581 1254 1683 1307 est,
1720 1255 1772 1298 et
1803 1245 1869 1298 de
1913 1248 2139 1300 secretis

566 1336 683 1388 suis
732 1334 975 1390 consiliis
1029 1336 1456 1389 communicavit
1502 1352 1782 1405 :quorum
1837 1336 1969 1391 illud
2021 1348 2141 1392 erat

562 1427 913 1495 praecipuum,
973 1437 1030 1480 nt
1098 1428 1394 1496 imperator
1457 1429 1509 1483 in
1562 1441 1878 1500 perpetuum
1950 1429 2139 1485 liberis

568 1535 803 1588 careret,
840 1532 1003 1591 atque
1054 1524 1105 1577 in
1144 1537 1265 1575 eum
1330 1523 1489 1577 tinem
1540 1523 1705 1577 multa
1754 1523 1823 1578 ab
1875 1524 2139 1579 scelerato

567 1614 787 1667 homine
817 1614 1028 1682 accepit
1052 1615 1218 1685 268
1242 1614 1562 1683 pharmaca,
1585 1631 1757 1685 neque
1793 1618 1945 1671 hisce
1980 1619 2139 1673 rebus

561 1720 783 1775 operam
818 1708 948 1762 dare
980 1707 1190 1762 destitit
1243 1710 1411 1762 miser
1449 1726 1465 1763 :
1513 1720 1736 1779 propter
1782 1726 1905 1778 qure
1960 1711 2139 1764 inere-

565 1799 712 1866 pavit
743 1798 891 1852 illum
920 1800 1096 1855 denuo
1127 1800 1446 1871 imperator,
1482 1812 1533 1856 et
1578 1804 1867 1857 amentiam
1901 1802 2017 1871 ejus
2050 1818 2138 1857 rc-

2243 610 2349 645 των
2380 595 2653 663 ἀφέμενος
2678 594 2776 656 τὰς
2826 592 2920 645 τοῦ
2970 593 3202 646 σουλτίιν
3254 591 3553 661 ἁνεστήλου
3581 607 3817 659 στρατη-

2242 689 2386 756 γίας,
2421 690 2612 760 νήπιος
2643 687 2786 761 ἆπερ
2807 691 2864 743 ὲν
2888 672 3066 759 σκάτῳ
3097 685 3391 757 φυλάσσειν
3442 687 3611 756 ἐχρῆν
3640 684 3814 740 ταῦτα

2242 782 2336 831 ἐπὶ
2369 772 2635 849 δωμάτων
2680 781 2836 839 αὐτὸς
2868 778 3213 849 δημοσιεύων
3246 779 3387 831 κατὰ
3445 778 3544 848 τὴν
3574 778 3814 848 γραφήν.

2244 862 2345 925 Ὧν
2380 872 2703 940 αἰσθόμενος
2760 874 3014 944 βασιλεὺς
3054 874 3111 925 ἑν
3169 871 3501 936 ἰδιαζούσαις
3562 871 3817 933 πολλάκις

2244 965 2693 1036 παραλαμϐάνων
2723 966 2884 1018 αὑτὸν
2932 965 3237 1037 διατριῦαῖς
3265 960 3619 1034 παραινέσεις
3656 981 3821 1032 προσ-

2243 1054 2401 1125 ἦγεν,
2464 1056 2613 1120 ὅπως
2674 1058 2741 1111 ἂν
2793 1058 2984 1128 ἀπάγῃ
3029 1056 3140 1109 τῶν
3201 1054 3600 1126 μελετωμένων
3658 1055 3817 1108 αὐτὸν

2244 1146 2718 1217 προθυμούμενος.
2766 1150 2824 1209 '0
2852 1150 2908 1202 δὲ
2938 1148 3033 1201 τοῦ
3084 1148 3291 1202 σκοποῦ
3325 1151 3420 1201 καὶ
3453 1149 3619 1201 πάλιν
3651 1137 3818 1218 ἀπρ’ξ

2242 1241 2438 1310 εἴχετο,
2478 1245 2571 1294 καὶ
2606 1242 2668 1313 δὴ
2709 1243 2878 1315 ἄνδρα
2926 1242 3161 1297 Λατῖνον
3204 1243 3303 1311 μὲν
3347 1244 3505 1309 γένος
3550 1243 3723 1311 γόητα
3762 1241 3814 1292 δὲ

2245 1333 2339 1384 καὶ
2368 1330 2535 1383 πολὺν
2582 1332 2652 1384 τὰ
2712 1333 2968 1402 δαιμόνια
3002 1334 3311 1405 πράγματα
3342 1332 3491 1403 θαμὰ
3528 1331 3819 1398 συγκαλῶν

2244 1419 2322 1482 ὡς
2388 1420 2581 1475 ἑαυτὸν
2638 1421 2950 1491 διωμιλείτό
3018 1439 3077 1474 τε
3120 1421 3271 1491 αὐτῷ
3325 1420 3682 1491 γνησιώτατα
3731 1418 3818 1470 καὶ

2243 1510 2577 1581 ἀπορρήτων
2618 1511 2898 1565 ἐκοινώνει
2931 1510 3290 1581 σκεμμάτων.
3342 1512 3423 1564 Τὰ
3448 1511 3503 1563 δὲ
3550 1506 3620 1580 ἦν
3673 1512 3818 1571 ὅπως

2246 1600 2312 1654 ἂν
2345 1600 2603 1671 βασιλεὺς
2656 1604 2921 1657 ἀπαιδίαν
2966 1607 3023 1667 ἐς
3065 1605 3153 1656 ἀεὶ
3192 1602 3517 1674 δυστυχοίη’
3553 1601 3818 1672 φάρμακά

2241 1712 2299 1749 τε
2364 1696 2502 1766 πρὸς
2565 1696 2663 1749 τοῦ
2700 1697 3127 1765 κακοδαίμονος
3184 1698 3277 1749 ἐπὶ
3331 1699 3448 1760 τοῖς
3504 1694 3818 1767 εἰρημένοις

2245 1790 2523 1861 ἐλάμϐανε
2554 1790 2727 1845 πολλά
2758 1792 2853 1844 καὶ
2904 1792 3006 1845 οὐκ
3038 1791 3205 1862 ἔληγε
3238 1792 3305 1845 τὰ
3334 1790 3563 1843 τοιαῦτα
3597 1792 3817 1858 ἐνεργοδ

564 1892 798 1960 darguit.
848 1890 1040 1945 Verum
1074 1908 1194 1947 cum
1238 1895 1411 1962 primo
1454 1896 1722 1963 paenitere
1780 1895 1927 1949 visus
1972 1905 2135 1960 esset,

2248 1882 2423 1937 λαὸῶν
2471 1884 2500 1936 ὁ
2541 1884 2909 1954 ταλαίπωρος.
2951 1884 3031 1939 Δι’
3067 1884 3103 1939 ἃ
3150 1885 3244 1938 καὶ
3288 1885 3451 1939 πάλιν
3478 1882 3727 1947 ὠνείδιζε
3764 1898 3819 1935 τε

568 2000 786 2047 rursum
843 1996 1023 2038 tamen
1067 1987 1132 2038 ad
1182 1986 1418 2054 priorem
1472 1998 1706 2041 mentem
1758 1988 1934 2041 rediit.
1965 1986 2141 2041 Parvo

564 2078 709 2131 enim
755 2077 1049 2145 interlapso
1081 2088 1357 2147 tempore,
1406 2095 1620 2150 magum
1674 2080 1835 2133 istum
1887 2081 2142 2134 convenit

554 2173 784 2235 iterum,
818 2182 872 2227 et
917 2172 985 2226 de
1029 2173 1222 2228 iisdem
1279 2173 1440 2229 rebus
1482 2174 1779 2228 consuluit.
1834 2173 2141 2241 Aliquando

568 2279 700 2319 vero
729 2280 852 2319 cum
887 2266 1250 2321 Constantino
1276 2265 1419 2321 Duca
1452 2280 1797 2336 congressus,
1828 2267 1920 2336 qui
1949 2276 2003 2322 et
2028 2269 2142 2336 ipse

548 2354 912 2423 imperatoris
966 2372 1033 2411 ex
1084 2373 1272 2413 sorore
1327 2358 1528 2426 neptim
1585 2374 1808 2413 uxorem
1862 2359 2140 2418 duxerat:

570 2465 590 2498 ι
635 2447 725 2502 Vir
769 2449 1008 2517 optime.
1061 2450 1276 2521 inquit,
1329 2451 1373 2505 si
1422 2451 1516 2506 tibi
1558 2463 1642 2506 est
1695 2454 1910 2508 animus
1950 2455 2139 2510 eadem

567 2541 845 2597 nobiseum
871 2545 1098 2609 sentire,
1125 2545 1395 2599 neminem
1419 2560 1516 2600 nos
1534 2556 1913 2615 superaturum
1933 2550 2086 2603 scito.
2118 2568 2136 2600 ι

570 2633 678 2687 Sed
712 2636 857 2689 istud
893 2638 1108 2703 quidem
1153 2639 1381 2693 necdum
1419 2639 1721 2709 propalant,
1755 2639 1983 2694 alterum
2011 2655 2141 2696 vero

565 2725 724 2798 longe
759 2729 1100 2786 manifestius
1130 2732 1331 2786 dictum
1367 2732 1440 2785 illi
1471 2741 1571 2786 est.
1602 2733 1848 2787 Alexium
1876 2733 2140 2789 Casianus

566 2834 689 2873 eum
718 2832 912 2887 ιιι-θινιετ
936 2824 1191 2877 decorum
1222 2826 1460 2893 segniter
1484 2827 1822 2894 remissoque
1852 2827 2137 2881 admodum

570 2911 714 2967 bello
743 2914 1147 2971 incumbentem
1179 2919 1491 2988 Hungarico
1515 2920 1842 2982 adverteret,
1868 2936 1973 2989 quo
2010 2930 2143 2974 tem-

569 3018 704 3072 pore
738 3022 859 3061 cum
890 3005 1013 3061 Befa
1052 3007 1103 3061 in
1137 3007 1410 3078 llungaria
1440 3009 1730 3074 militabat,
1763 3010 1913 3064 illum
1945 3026 2140 3066 conve-

570 3097 724 3151 niens
754 3100 1230 3157 adhortationibus
1262 3102 1494 3157 incitare
1541 3103 1606 3157 ad
1650 3102 1699 3158 id
1734 3105 1976 3157 animum
2025 3104 2142 3173 ejus

568 3190 757 3245 Voluit.
806 3194 875 3247 At
927 3192 974 3248 is
1027 3194 1079 3247 in
1135 3206 1407 3250 secretum
1464 3196 1741 3252 hominem
1800 3196 2075 3251 abducens
2123 3216 2211 3274 τε

574 3305 592 3334 ι
636 3284 984 3348 Qn:eris.ait,
1029 3288 1379 3355 quamobrem
1420 3303 1448 3341 a
1502 3288 1699 3357 prseliis
1746 3297 1805 3341 ut
1847 3289 2139 3359 plurimum

550 3375 914 3432 abstineam?
941 3379 1066 3447 quia
1094 3394 1176 3431 me
1202 3380 1415 3448 generis
1443 3380 1699 3435 nimirum
1730 3381 1953 3435 humani
1990 3396 2144 3436 eum-

571 3468 805 3521 tnaxime
861 3470 1102 3524 miseret.
1156 3490 1173 3522 ι
1217 3472 1401 3524 Altero
1432 3473 1627 3527 deinde
1678 3474 1863 3528 nesrio
1908 3474 2034 3541 quid
2074 3475 2141 3529 ad

577 3558 719 3613 hunc
778 3576 1083 3616 sermonem
1142 3574 1474 3631 reponente,
1534 3567 1647 3620 haec
1703 3565 1936 3633 subjecit
1987 3567 2073 3622 ille
2124 3585 2139 3623 :

574 3670 594 3701 ι
623 3649 885 3717 Quoniam
916 3654 1095 3729 delere
1124 3655 1399 3711 Rmuanos
1424 3658 1608 3713 volens
1634 3674 1910 3729 princeps,
1938 3661 2141 3726 impru-

570 3740 782 3807 denter,
815 3728 1080 3814 quidquid
1110 3747 1231 3801 inde
1275 3748 1506 3814 accidat,
1552 3763 1645 3802 eos
1697 3764 1780 3804 Ille
1826 3728 1875 3803 in
1910 3753 2143 3806 atrocis-

567 3836 704 3889 sima
756 3836 991 3892 educere
1038 3839 1217 3908 prtelia
1270 3840 1519 3908 imperat.
1576 3840 1653 3895 Tu
1708 3857 1871 3909 vero,
1933 3843 1979 3898 si
2028 3844 2144 3900 hmc

570 3930 830 3992 tacueris,
852 3932 1061 3988 anticus
1086 3934 1244 3987 nobis
1270 3932 1400 3986 eris.
1436 3952 1454 3984 ›
1488 3934 1560 3988 lta
1589 3935 1805 4003 quidem
1835 3935 1881 3989 is
1907 3937 2142 3993 locutus.

570 4021 675 4075 Sed
710 4022 971 4078 Casianus
1005 4024 1203 4089 ,omnia
1238 4026 1351 4079 haec
1392 4026 1712 4094 imperatori
1750 4027 1955 4083 retulit.
1989 4029 2055 4083 Et
2092 4030 2143 4085 id

568 4114 784 4182 quidem
817 4116 1083 4185 primum;
1120 4119 1262 4173 istud
1292 4134 1419 4172 vero
1446 4121 1584 4188 quod
1615 4121 1909 4176 novissime
1940 4120 2142 4177 factum

567 4216 673 4273 cst,
704 4209 969 4278 ejusmodi
1009 4210 1127 4265 fuit.
1162 4210 1388 4266 Plurimi
1437 4228 1467 4267 e
1504 4212 1745 4284 Scythis,
1796 4215 1885 4281 qui
1940 4215 2144 4270 auxilio

552 4298 829 4370 Romanis
880 4313 1180 4368 venerunt,
1225 4320 1349 4359 cum
1387 4306 1562 4373 primo
1613 4307 1680 4359 de
1734 4306 2019 4376 Stipendiis
2081 4323 2145 4364 ac

566 4396 916 4463 praestatione
972 4398 1193 4453 multum
1258 4400 1409 4469 prius
1462 4400 1627 4471 269
1683 4403 2140 4471 contendissent,

571 4485 789 4540 laudent
857 4489 1201 4557 acquievere.
1245 4492 1313 4545 At
1362 4501 1725 4559 protostrator
1777 4493 1876 4547 bos
1931 4493 2143 4548 occulte

2244 1976 2408 2029 αὑτὸν
2442 1975 2699 2045 βασιλεὺς
2741 1978 2835 2031 καὶ
2866 1978 2965 2049 τὴν
3015 1977 3323 2048 παράνοιαν
3357 1978 3613 2048 ήλεγχεν.
3668 1977 3730 2029 Ὀ
3766 1974 3819 2029 δὲ

2246 2069 2558 2141 μετάμελος
2611 2069 2901 2138 γεγονέναι
2944 2070 3104 2136 δόξας
3149 2071 3177 2123 ὁ
3228 2070 3390 2134 αὐτὸς
3417 2070 3511 2125 καὶ
3542 2067 3707 2122 πάλιν
3734 2064 3815 2138 ἦν.

2255 2164 2469 2232 Ὀλίγον
2500 2164 2610 2233 γὰρ
2648 2161 2917 2217 διαλιπὼν
2944 2163 3139 2233 χρόνον
3174 2162 3636 2232 προσελάμϐανεν
3667 2162 3817 2224 αὖθις

2242 2255 2334 2310 τὸν
2377 2255 2713 2327 δαιμονιὼδη
2764 2258 2973 2310 ἐκεῖνον
3003 2257 3098 2311 καὶ
3128 2255 3258 2325 περὶ
3303 2254 3411 2308 τῶν
3460 2255 3644 2308 αὐτῶν
3678 2258 3819 2306 ἐκοι-

2242 2349 2424 2405 νώνει.
2462 2349 2862 2419 Κωνσταντίνῳ
2890 2349 3095 2419 δήποτε
3130 2349 3209 2420 τῷ
3241 2347 3422 2419 Δούκᾳ
3449 2345 3817 2415 συγγεγονὼς,

2242 2443 2301 2507 ὃς
2332 2444 2424 2496 καὶ
2457 2442 2619 2506 αὐτὸς
2656 2441 2922 2512 βασιλέως
2959 2441 3170 2512 ἔγημεν
3203 2440 3528 2510 ἀδελφιδῆν,
3560 2460 3579 2491 ι
3600 2436 3674 2491 Ὢ
3704 2438 3821 2509 βέλ-

2243 2551 2417 2603 τιστε,
2470 2534 2599 2605 ἔφη,
2649 2535 2704 2587 εί
2750 2550 2836 2588 σοι
2888 2534 3149 2604 βουλητὸν
3200 2532 3354 2587 ἔσται
3391 2533 3618 2601 γνώμης
3679 2531 3820 2600 ἡμᾶς

2242 2629 2596 2697 κοινωνήσειν
2628 2630 2775 2698 μιᾶς,
2801 2618 2997 2682 οὐκᾶν
3019 2644 3103 2694 τις
3144 2624 3321 2698 (ἔφη),
3347 2626 3455 2679 ἴσθι
3479 2668 3495 2690 ,
3532 2643 3598 2677 πε
3610 2626 3817 2695 ριγενέ·

2245 2721 2369 2773 σθαι
2421 2718 2579 2791 ἡμῶν
2609 2720 2788 2789 σχοίη.
2824 2739 2844 2773 ι
2880 2717 3042 2774 Ἀλλὰ
3088 2718 3249 2773 τοῦτο
3309 2718 3406 2787 μὲν
3436 2718 3591 2771 οὔπω
3620 2719 3819 2787 σφόδρα

2246 2813 2559 2879 καταφανὲς
2588 2813 2832 2882 εἴρηται,
2888 2812 3078 2884 ἕτερον
3112 2811 3168 2866 δὲ
3200 2812 3383 2883 πολλῷ
3434 2811 3626 2887 τούτου
3660 2813 3818 2879 ἐναρ-

2243 2906 2530 2976 γέστερον.
2571 2906 2813 2974 Ἀλέξιὸν
2862 2924 2996 2960 ποτε
3042 2908 3071 2961 ὁ
3122 2906 3422 2972 Κασιανὸς,
3463 2904 3657 2975 ἐπειδὴ
3683 2905 3820 2973 πέρι

2244 2999 2339 3053 τοῦ
2367 3001 2742 3071 προσήκοντος
2782 2999 3163 3054 ἀναπίπτοντα
3203 2998 3395 3053 τοῦτον
3443 3001 3502 3059 ἐς
3547 2998 3641 3051 τὸν
3683 2996 3821 3049 κατα

2244 3092 2463 3146 Ούννων
2494 3092 2730 3161 πόλεμον
2764 3091 2914 3165 ἑώρα
2964 3091 3203 3162 ὁπηνίκα
3258 3091 3352 3157 ξὺν
3409 3092 3487 3162 τῷ
3538 3090 3681 3161 Βελᾷ
3732 3086 3817 3141 ent

2245 3186 2514 3255 Ούννικῆς
2542 3188 2859 3259 ἐστράτευε,
2892 3186 3210 3257 προσελθὼν
3240 3203 3467 3256 παρορμ
3482 3188 3541 3251 ᾷν
3576 3185 3741 3246 αὐτὴν
3767 3185 3818 3245 ἐς

2244 3278 2402 3333 τοῦτο
2434 3280 2729 3349 ἐπεχείρει.
2768 3279 2827 3331 '0
2863 3278 2917 3332 δὲ
2953 3268 3299 3349 παραλαῦὼν
3329 3278 3437 3350 ἰδίᾳ.
3486 3278 3577 3329 τὶν
3617 3276 3819 3347 ἄνθρω-

2247 3391 2370 3440 πον,
2416 3393 2434 3425 ι
2479 3373 2755 3444 Πυνθάνῃ,
2778 3372 2905 3443 ἔφη,
2956 3369 3015 3427 οὗ
3050 3372 3212 3425 ἕνεκα
3245 3371 3500 3440 πολέμων
3534 3370 3693 3432 αὐτὸς
3722 3371 3819 3427 ἀπ·-

2248 3468 2449 3538 ἐχομαι
2477 3468 2547 3521 τὰ
2580 3467 2781 3533 πολλά;
2816 3470 2899 3520 ὅτι
2929 3466 3097 3535 φειδὼ
3126 3466 3219 3520 τοῦ
3249 3465 3596 3534 ἀνθρωπείου
3625 3464 3814 3532 πολλὴν

2249 3567 2384 3627 ἴσχω
2424 3558 2615 3627 γένους
2641 3558 2771 3626 παρ’
2800 3558 3048 3627 ἐμαυτῷ.
3089 3578 3107 3609 ι
3139 3555 3245 3609 Τοῦ
3276 3556 3330 3609 δὲ
3356 3556 3449 3610 καί
3476 3574 3529 3608 τι
3572 3557 3705 3625 πρὸς
3728 3556 3810 3606 τὶν

2248 3641 2468 3720 [Ρίὸἳ]
2503 3648 2662 3717 λόγον
2716 3648 2906 3701 τοῦτον
2972 3647 3388 3714 ἐπενεγκόντος,
3446 3646 3547 3717 ἔφη
3612 3648 3809 3708 ἐκεῖνος

2255 3764 2271 3797 t
2308 3741 2433 3797 Ὅτι
2491 3741 2748 3813 βασιλεὺς
2817 3741 3078 3812 ἐπιτρίψαι
3147 3740 3318 3794 θέλων
3385 3740 3447 3793 τὸ
3515 3740 3809 3810 Ῥωμαϊκὸν

2247 3837 2606 3906 ἀπροοράτως
2637 3836 2775 3906 ὅπερ
2799 3834 2863 3888 ἂν
2901 3834 3036 3907 τύχῃ
3074 3834 3165 3887 ἐπὶ
3197 3835 3378 3903 μάχας
3415 3833 3547 3887 αὐτὸ
3580 3832 3809 3886 εἰσωθεῖν

2250 3928 2474 3983 ἐκέλευέ
2512 3946 2602 3999 μοι
2640 3926 2902 3999 ἰσχυρῶς.
2942 3928 3013 3982 Σὺ
3049 3928 3128 3992 δὲ,
3160 3929 3213 3982 εί
3246 3945 3338 3997 μοι
3381 3927 3471 3980 τὸν
3504 3926 3664 3995 λόγον
3692 3924 3805 3977 τοῦ·

2246 4036 2339 4071 τον
2370 4019 2652 4091 τηρήσῃς,
2680 4017 2833 4085 φίλος
2861 4019 2992 4087 ἡμῖν
3025 4017 3143 4089 ἔσῃ.
3177 4037 3196 4070 ι
3250 4017 3308 4073 Ὀ
3356 4019 3454 4087 μὲν
3480 4018 3713 4072 τοσαῦτα
3738 4010 3806 4069 εἴ·

2249 4125 2372 4173 πεν,
2404 4110 2432 4160 ὁ
2466 4108 2523 4160 δὲ
2560 4109 2840 4171 Κασιανὸς
2880 4107 3095 4178 βασιλεῖ
3125 4108 3299 4167 ταῦτα
3326 4109 3619 4178 ἐμήνυσεν.
3660 4104 3807 4161 Ἀλλὰ

2246 4202 2423 4255 ταῦτα
2483 4202 2581 4272 μὲν
2634 4202 2937 4273 πρότερονο
2994 4200 3021 4253 ὂ
3073 4201 3132 4255 δὲ
3183 4200 3496 4255 τελευταῖον
3544 4203 3807 4272 εἴργαστο,

2247 4296 2450 4349 τοιόνδε
2494 4312 2547 4349 τι
2605 4294 2849 4362 ἐγένετο.
2883 4293 3109 4347 Σκυθῶν
3140 4284 3351 4365 ὅμιλος
3380 4295 3476 4347 ἐπὶ
3535 4292 3808 4364 συμμαχίᾳ

2259 4389 2560 4460 Ῥωμαίοις
2605 4389 2932 4456 ἀφικόμενοι
2984 4386 3116 4456 περὶ
3165 4387 3275 4439 τῶν
3305 4384 3614 4453 συντάξεων
3652 4382 3808 4438 πολλὰ

2251 4483 2885 4554 πολυπραγμονήσαντες
2919 4480 3207 4550 πρότερον,
3240 4476 3361 4533 εἶτα
3391 4479 3457 4551 δὴ
3507 4480 3805 4533 κατέθεντο.

566 4577 819 4647 pecuniis
852 4580 1169 4646 iuducit,‘ut
1198 4597 1258 4639 se
1288 4583 1339 4637 in
1370 4585 1602 4653 patriam
1634 4585 1812 4654 redire
1838 4584 2138 4652 ﬁngerent:

2262 4574 2401 4628 Ἀλλ’
2458 4574 2487 4625 ὁ
2543 4570 2986 4644 πρωτοστρὰτωρ
3037 4571 3144 4641 ἰδίᾳ
3197 4570 3408 4633 τούτοις
3452 4568 3807 4640 ἐντετυχηκὼς

572 4678 732 4724 nocte
773 4680 953 4725 autem
991 4673 1281 4740 concubia,
1335 4676 1744 4730 tabernaculum
1799 4677 2147 4747 imperatoris

571 4760 885 4830 frequentes
928 4764 1298 4831 adorirentur,
1344 4767 1854 4838 impngnarentqne.
1902 4767 2027 4823 Haec
2066 4771 2148 4825 sic

570 4854 848 4924 proposita
881 4864 1007 4909 sunt
1034 4864 1086 4909 et
1118 4856 1438 4911 deliberata.
1465 4858 1735 4914 Cancrum
1772 4859 2005 4915 lautulus
2028 4862 2148 4929 qui-

571 4949 697 5000 dam
727 4962 792 5001 ex
826 4947 888 5001 iis
916 4948 1006 5017 qui
1039 4948 1091 5001 in
1124 4950 1357 5005 tentorio
1392 4952 1465 5004 illi
1518 4952 1929 5015 ministrabant,
1966 4952 2148 5007 statim

574 5050 737 5107 atque
770 5038 1057 5109 ,ejusmodi
1111 5042 1334 5097 consilia
1394 5043 1682 5107 intellexit,
1740 5045 2029 5099 confestim
2082 5046 2149 5099 ad

574 5126 838 5185 Thomam
873 5132 1184 5186 eunuchum
1213 5172 1226 5193 .
1265 5133 1495 5203 principi
1533 5134 1700 5188 baree
1732 5145 1895 5187 aetate
1950 5134 2148 5189 ﬁdissi-

575 5238 747 5288 mum,
770 5234 1048 5295 properat,
1079 5225 1391 5295 indicatque
1415 5228 1559 5297 quod
1588 5226 1918 5295 agitabatur.
1947 5226 1994 5281 Is
2023 5242 2152 5281 vero

578 5330 794 5369 omnem
841 5331 967 5387 eum
1015 5333 1323 5374 sermonem
1365 5319 1600 5389 principi
1656 5320 1866 5382 refert.
1920 5328 1975 5373 et
2029 5334 2151 5372 mox

575 5407 755 5474 ipsum
802 5424 1018 5479 quoque
1067 5411 1115 5464 ei
1167 5409 1428 5463 fatnulum
1480 5411 1643 5465 sistit.
1696 5408 1936 5464 Necdum
1985 5409 2152 5463 etiam

582 5501 742 5554 tidem
768 5503 929 5557 dictis
956 5514 1217 5570 praestare
1247 5502 1411 5556 voluit
1443 5504 1766 5571 imperator,
1798 5502 1969 5555 donec
1998 5516 2155 5556 mane

583 5592 800 5663 Scytha:
849 5595 995 5648 nulla
1042 5595 1109 5650 de
1142 5608 1303 5649 causa
1350 5593 1598 5649 diﬂluere
1648 5609 1711 5648 ac
1753 5594 2009 5647 recedere
2041 5608 2156 5648 coe-

585 5697 818 5756 perunt;
870 5702 1009 5757 quos
1065 5699 1244 5742 tamen
1297 5688 1785 5757 pollicitationibus
1834 5702 2157 5756 aggressus,

591 5780 645 5832 in
688 5778 792 5834 [ide
838 5782 1052 5833 tandem
1089 5780 1336 5834 retinuit.
1388 5780 1470 5833 Ad
1519 5781 1769 5833 Alexium
1808 5794 1936 5832 veto
1991 5780 2157 5843 misit,

586 5870 833 5939 quicum
884 5871 1448 5941 comprehenderent,
1500 5870 1796 5939 statimque
1839 5870 1891 5924 in
1948 5870 2162 5926 vincula

2247 4670 2528 4741 χρήμασιν
2552 4664 2844 4720 ἀναπείθει
2876 4663 3359 4736 προσποιήσασθαι
3393 4664 3494 4732 μὲν
3522 4665 3603 4727 είς
3633 4662 3729 4734 ἤθη
3748 4657 3808 4713 τὰ

2250 4762 2456 4830 πάτρια
2516 4757 2884 4822 παλινοστείν,
2937 4754 3159 4809 ἐπειδὰν
3188 4755 3245 4808 δὲ
3277 4753 3421 4825 ἀωρὶ
3459 4755 3571 4808 τῶν
3614 4750 3805 4833 νυκτῶν

2250 4853 2355 4925 ἠδη
2388 4850 2635 4920 γένηται,
2663 4847 2897 4917 ἀθρόους
2940 4849 3008 4917 τῇ
3040 4846 3303 4917 βασιλέως
3338 4845 3623 4899 ἐπιθέσθαι
3652 4842 3803 4912 σκηνῇ

2251 4944 2413 5013 ἔργου
2438 4960 2499 4995 τε
2538 4941 2783 5011 ἔχεσθαι.
2811 4940 3034 4994 Τέθειτο
3062 4938 3126 5010 δὴ
3150 4938 3325 4992 ταῦτα
3365 4941 3463 4993 καί¹
3486 4938 3803 5011 βεϐούλευτο.

2263 5036 2428 5091 Ἀλλὰ
2464 5034 2751 5105 παιδάριόν
2785 5051 2837 5087 τι
2882 5033 2993 5087 τῶν
3033 5034 3128 5085 ἐπὶ
3176 5032 3385 5103 σκηνῆς
3419 5034 3567 5102 αύτῷ
3615 5033 3801 5099 ὑπηρε·

2252 5130 2555 5199 τουμένων,
2608 5128 2913 5199 ἐπειδήπερ
2945 5127 3085 5195 ἔγνω
3114 5128 3210 5200 τὴν
3240 5127 3562 5197 ἐπιϐουλὴν,
3619 5122 3803 5191 σπουδῇ

2257 5228 2313 5287 ἔς
2339 5224 2433 5277 τὸν
2485 5221 2750 5293 ἐκτομίαν
2779 5222 2982 5292 Θωμᾶν
3017 5218 3326 5291 παρελθδν,-
3366 5221 3424 5286 ὃς
3479 5221 3805 5278 εὐνούστατος

2260 5318 2474 5389 βασιλεί
2495 5316 2756 5387 τηνικάδε
2794 5314 3099 5385 ἐτύγχανεν
3145 5311 3242 5381 ὢν,
3272 5298 3545 5387 ἐμήνυσεν
3586 5310 3722 5381 αὑτῷ
3754 5306 3805 5362 τὺ

2260 5408 2511 5479 σκέμμα.
2552 5408 2610 5460 Ὀ
2638 5406 2696 5459 δὲ
2742 5407 2822 5468 είς
2857 5405 3084 5476 βασιλέα
3134 5406 3225 5458 τὸν
3282 5404 3466 5460 πάντα
3498 5408 3650 5474 λόγον
3690 5405 3804 5458 ἅνα-

2261 5500 2447 5569 γαγὼν
2487 5494 2608 5554 εἶτα
2659 5499 3049 5569 παρεστήσατο
3099 5496 3249 5570 αὒτῷ
3293 5499 3485 5553 καὶτὸ
3517 5497 3799 5565 παιδάριον.

2261 5593 2333 5645 Οὐ
2368 5590 2474 5660 μὴν
2499 5590 2579 5642 ἔτι
2605 5590 2714 5651 τοῖς
2750 5588 3068 5656 λεγομένοις
3114 5586 3371 5657 βασιλεὺς
3396 5588 3669 5643 πιστεύειν
3692 5582 3803 5656 ἢθε-

2260 5684 2371 5747 λεν,
2400 5684 2504 5745 ἕως
2532 5680 2700 5734 ἕωθεν
2728 5681 2778 5733 οἱ
2810 5680 3017 5733 Σκύθαι
3074 5680 3171 5733 ἀπ’
3200 5680 3383 5744 αἰτίας
3410 5682 3658 5751 οὐδεμιᾶς
3682 5680 3805 5731 ἀπο·

2264 5778 2466 5849 χωρεῖν
2501 5772 2757 5846 ἤρξαντο.
2801 5773 3009 5836 Αὐτοὺς
3060 5773 3159 5843 μὲν
3215 5769 3310 5828 οὖν
3343 5774 3687 5845 ὑποσχέσεσιν
3716 5769 3804 5821 ὑπ·

2266 5868 2435 5924 ελθὼν
2469 5866 2716 5936 ἐπισχεῖν
2764 5864 3030 5936 ἠδυνήθη*
3073 5867 3165 5921 ἐπὶ
3196 5867 3254 5921 δὲ
3304 5860 3543 5933 Ἀλέξιον
3570 5868 3689 5931 τοὺς
3714 5857 3803 5913 αὖ·
