4082 6294
434 371 542 439 709
1537 371 1904 434 NOVELL/E
1943 372 2027 432 (ΣΟ

2123 372 2623 433 i'l‘l'l'UTlUNES.
3583 373 3696 434 710

2019 487 2102 544 Il.

1322 610 1491 652 sones
1519 612 1688 650 sum
1729 611 1795 650 ne
1833 608 2217 649 tssrncusxrts
2254 609 2695 650 uoussrcmonuu
2729 596 2828 664 ('5).

515 715 798 772 Balsamon
826 712 892 766 ad
923 712 1113 783 synod.
1145 710 1415 792 Niczenam
1450 728 1514 776 ιι,
1544 727 1592 764 c.
1627 711 1728 765 l2:
1765 708 2027 782 [Χρυσὸὁς

2123 684 2217 780 ιρν]
2263 707 2440 763 τὸ.....
2489 713 2630 762 κατὰ
2661 711 2750 764 τὸν
2791 708 3014 764 Ἰούλιον
3051 714 3196 781 μῆνα
3240 712 3336 783 τῆς
3381 711 3428 765 θ’
3465 713 3561 796 ινδ.
3594 716 3692 772 ἀὖ

441 805 591 876 me
620 804 775 867 hau;
819 801 1074 873 γεγονὸς,Δ
1110 803 1202 856 καὶ
1256 787 1644 883 διρριζὸμενον,
1679 801 1757 874 μὴ
1805 801 2142 872 βλάπτεσθαι
2175 801 2245 852 τὰ
2280 802 2625 874 μοναστήρια
2647 806 2713 857 ὲκ
2747 802 2839 858 τοῦ
2863 801 2997 886 ἴσως
3034 801 3297 874 χωλεῦειν
3343 806 3487 861 κατὰ
3515 794 3580 860 ’τι
3624 809 3695 862 τὰ

447 897 728 967 προσόντα
763 896 977 961 τούτοις
1003 895 1370 966 δικαιώματα.

1999 1012 2116 1072 ΙΙΙ.

1540 1139 1710 1178 tones
1743 1139 1912 1179 BULLA
1946 1137 2175 1178 VENETIS
2205 1138 2470 1179 concessa
2505 1123 2602 1196 (4).

512 1234 574 1290 Ει
609 1237 804 1305 aliquis
853 1236 1180 1290 lirmioribus
1224 1234 1436 1303 quidem
1477 1238 1687 1290 urbium
1739 1236 2424 1297 muniutenAmorabilem
2490 1235 2868 1304 Imperatorem
2927 1247 2977 1294 et
3036 1239 3437 1300 dilectisimum
3497 1256 3700 1310 patrem

435 1331 628 1384 vulens
677 1342 967 1396 apponere,
1004 1329 1271 1382 secutnlas
1333 1339 1510 1382 turres
1559 1328 1918 1398 excogitavit,
1965 1335 2018 1381 et

437 1421 754 1477 custodibus
795 1421 1053 1475 custodes
1098 1429 1151 1474 et
1176 1420 1352 1474 muris
1403 1436 1582 1473 murus
1629 1420 1914 1491 apposuit,
1963 1425 2019 1473 et

440 1496 1228 1568 adversariorumassultibus
1294 1513 1546 1582 opposuit
1606 1511 2014 1578 fortitudinem;

437 1621 624 1660 verum
677 1605 841 1659 etiam
891 1603 1008 1657 auri
1056 1604 1326 1658 cumulum
1384 1619 1599 1675 gravem
1654 1614 1873 1675 propter
1918 1605 2018 1658 hoc

436 1697 712 1764 deponere
784 1711 891 1750 non
968 1695 1212 1759 renuit,'
1253 1705 1307 1750 et
1385 1697 1695 1752 ﬁrmitatem
1731 1697 1748 1727 ‘
1836 1694 2016 1766 perfe-

435 1791 610 1845 ctioni
667 1799 879 1859 tempus
931 1798 1108 1845 terere
1169 1786 1415 1856 longius,
1467 1789 1678 1857 aliaque
1735 1788 1885 1858 plura
1951 1789 2016 1842 ad

439 1885 589 1937 urbis
623 1893 969 1954 augmentum
1022 1881 1442 1953 ﬁrmitatemque
1489 1892 1649 1950 atque
1696 1882 2017 1936 circumlui-

440 1979 641 2031 tionem
671 1977 762 2030 Μ.
789 1973 897 2030 Nos
933 1990 1060 2031 vero
1081 2015 1098 2039 ,
1145 1983 1198 2031 et
1235 1973 1568 2042 lmperialeni
1593 2003 1595 2006 ‹
1617 1989 1738 2028 cum
1771 1973 1877 2028 Deo
1908 1976 2018 2028 cir-

438 2069 729 2124 cnmcineti
768 2068 1154 2136 principatum,
1190 2076 1244 2122 et
1294 2077 1612 2136 potestatem
1658 2074 1711 2120 et
1761 2067 2012 2120 virtutem

440 2163 704 2216 habentes
748 2161 1213 2231 pecuniaruutque
1254 2161 1556 2221 thesauros,
1595 2159 1682 2212 ubi
1718 2159 1935 2214 videtur
1962 2165 2018 2213 et

437 2270 573 2324 Opus
622 2265 836 2316 evocat,
885 2251 1091 2322 largius
1136 2267 1318 2307 nonne
1365 2251 1682 2305 donabimus
1728 2251 1916 2304 amicis
1963 2257 2021 2304 et

436 2347 610 2410 servis
638 2355 692 2401 et
721 2343 971 2403 ﬁdelibus
1005 2355 1056 2399 et
1088 2346 1278 2415 gratis,
1311 2359 1668 2412 sermoneque
1707 2357 2015 2397 sermonem

437 2439 847 2502 atﬁrmabimns,
885 2423 938 2494 (ἐι
988 2453 1204 2492 manum
1240 2437 1490 2492 dabimus
1523 2437 1834 2491 ministrare
1881 2435 2018 2508 slylo

437 2534 506 2587 ad
538 2533 696 2601 hujus
723 2531 1055 2594 ﬁrmitatem,
1083 2540 1137 2584 et
1165 2529 1360 2582 vallum
1391 2529 1528 2583 vallo
1560 2542 2013 2597 superponenius,

2125 1326 2236 1396 ejus
2265 1327 2309 1358 ¹⁰
2341 1331 2699 1393 ostenderunt,
2738 1329 3012 1384 obicientes
3043 1348 3097 1385 se
3125 1332 3368 1402 periculis
3396 1345 3502 1388 toto
3529 1339 3705 1391 animo

2123 1433 2216 1485 pro
2255 1416 2532 1484 Romania,
2583 1431 2631 1473 et
2677 1436 2794 1474 cum
2844 1424 3155 1478 strenuitate
3200 1424 3556 1479 indubitanter
3588 1443 3708 1481 cer-

2127 1518 2295 1564 tantes
2323 1521 2507 1564 contra
2551 1513 2793 1566 inimicos
2821 1515 2912 1584 qui
2943 1526 3067 1568 tunc
3098 1517 3381 1569 exercitum
3413 1518 3705 1572 eduxerunt

2125 1613 2310 1657 contra
2340 1621 2476 1666 eam,
2513 1622 2609 1673 qtte
2638 1607 2794 1672 paulo
2827 1618 2949 1661 ante
2992 1607 3056 1661 ab
3091 1610 3165 1663 eis
3211 1609 3347 1663 male
3375 1621 3522 1680 gesta
3558 1594 3703 1675 sunt,

2126 1711 2227 1748 non
2258 1699 2537 1762 reputavit,
2569 1708 2614 1749 et
2642 1701 3022 1752 conversionem
3055 1717 3233 1754 eorum
3265 1705 3484 1768 accepit,
3517 1715 3562 1757 et
3599 1705 3698 1758 nu-

2126 1797 2233 1840 tum
2265 1788 2341 1840 eis
2368 1790 2594 1842 ostendit
2629 1790 2834 1856 itarem,
2866 1803 2912 1844 et
2939 1791 3247 1846 accedentes
3289 1793 3341 1846 in
3384 1782 3534 1848 ulnas
3578 1807 3703 1850 suas

2123 1881 2373 1946 suscepit,
2405 1889 2454 1933 et
2504 1892 2877 1952 consequenter
2919 1883 3129 1952 quidem
3173 1886 3504 1956 indulgentia
3539 1888 3576 1919 ¹¹
3610 1889 3704 1944 hos

2125 1969 2310 2037 dignos
2345 1971 2553 2037 habuit,
2608 1982 2664 2024 ut
2705 1990 3031 2043 nequaquam
3074 1974 3188 2043 jam
3240 1967 3427 2031 lesioni
3477 1980 3703 2048 cujusvis

2124 2061 2483 2114 subicerentur
2533 2064 2911 2132 quantumlibet
2963 2083 3120 2135 super
3169 2067 3357 2138 quibus
3415 2069 3707 2140 Imperium

2124 2169 2296 2207 meum
2327 2165 2372 2207 et
2402 2153 2720 2209 Romaniam
2753 2157 3080 2226 oﬂeuderunt
3114 2162 3200 2217 (ea:
3231 2162 3538 2217 demoniaca
3568 2167 3702 2220 sicut

2127 2244 2336 2298 videtur
2364 2245 2661 2318 uiolentia),
2701 2250 2790 2301 sed
2834 2261 3080 2318 perpetuo
3115 2252 3363 2324 indulgeri
3390 2255 3492 2307 iam
3544 2255 3704 2310 habe-

2125 2348 2238 2390 rent
2275 2336 2497 2407 Imperii
2523 2340 2641 2404 mei,
2689 2355 2787 2409 que
2815 2357 2905 2406 per
2936 2358 3146 2408 presens
3180 2344 3569 2414 chrysobullion
3605 2349 3704 2401 do-

2080 2441 2083 2444 '
2126 2439 2250 2484 nata
2291 2442 2364 2484 est
2407 2433 2541 2484 sicut
2572 2431 2992 2499 promittentibus
3039 2450 3321 2505 rursusque
3372 2445 3477 2490 toto
3527 2439 3703 2491 animo

2128 2537 2222 2591 pro
2251 2521 2509 2577 ﬂamonia
2538 2540 2769 2593 pugnare
2796 2535 2844 2578 et
2867 2526 3010 2578 omni
3031 2529 3123 2579 sub
3154 2524 3382 2610 Imperio
3410 2545 3519 2600 meo
3543 2529 3701 2585 Chri-

439 2634 500 2678 ut
549 2624 678 2678 olim
733 2635 1044 2691 pnssessum
1090 2621 1167 2675 eis
1231 2621 1501 2675 munimen
1551 2621 2022 2689 supermuuiamus
2055 2616 2094 2669 Β
2123 2616 2343 2697 stianico
2369 2617 2574 2682 ordine,
2602 2616 2758 2670 simul
2793 2626 2968 2672 autem
3005 2627 3054 2673 et
3089 2623 3300 2688 propria
3335 2623 3551 2691 quedam
3584 2641 3694 2677 ser-

438 2728 602 2786 atque
649 2717 930 2770 ﬁrmemus
947 2713 1068 2768 lEt
1105 2713 1192 2768 ubi
1241 2715 1342 2769 hoc
1393 2712 1695 2782 lmperialis
1737 2712 1934 2766 mentis
1963 2720 2019 2765 et

447 2807 771 2874 voluntatis,
822 2823 925 2862 non
959 2806 1121 2876 igitur
1169 2806 1248 2861 eis
1300 2806 1435 2861 ostia
1489 2805 1880 2870 obserahitnus,
1924 2818 2023 2859 nec

425 2901 666 2955 'auditus
699 2899 1063 2964 occludemus,
1109 2897 1202 2953 sed
1255 2898 1566 2968 illariusque
1616 2899 1713 2953 hos
1763 2894 2023 2968 respicie-

444 2978 563 3046 mus
600 2999 656 3046 et
687 2990 1010 3061 peticionem
1049 2991 1403 3058 explebimus.
1440 2989 1580 3057 Quid
1615 2989 1777 3046 michi
1812 3006 2023 3046 sermo-

447 3086 530 3139 nis
567 3084 680 3137 vult
732 3083 1049 3152 prolixius?
1082 3079 1353 3138 Venetieis
1394 3083 1414 3113 ⁸
1447 3081 1623 3137 lactus
1670 3093 1751 3137 est
1799 3084 2020 3153 quidem

451 3187 500 3231 et
529 3176 591 3231 alt
615 3176 1036 3246 Imperatorihus
1067 3177 1112 3239 ',
1142 3173 1479 3228 memorabili
1511 3189 1610 3228 avo
1644 3172 1858 3244 Imperii
1897 3175 2020 3241 mei,

425 3297 427 3299 ι
451 3263 788 3336 chrisohylus
812 3279 1019 3329 serum,
1049 3265 1253 3321 donans
1277 3265 1357 3319 eis
1384 3266 1594 3332 diversa
1625 3266 1763 3320 dona
1788 3282 1804 3332 ;
1832 3266 2022 3321 subsc-

443 3369 598 3412 cutus
628 3372 757 3413 vero
793 3360 967 3413 luerat
1001 3374 1189 3414 rursus
1213 3359 1359 3413 hunc
1405 3368 1458 3412 et
1507 3357 1646 3414 alter
1678 3358 1746 3413 ab
1775 3359 2018 3428 Impera-

417 3452 672 3518 toribus,
708 3459 792 3504 ter
818 3452 972 3506 beato
1005 3451 1357 3505 dilectissimo
1390 3452 1610 3506 domino
1643 3459 1696 3506 et
1733 3455 1883 3522 patre
1916 3453 2022 3507 Im-

441 3545 580 3614 perii
618 3543 803 3606 michi,
837 3546 1025 3599 eadem
1071 3545 1281 3600 donans
1307 3553 1362 3600 et
1392 3559 1690 3616 apponens,
1723 3546 1865 3616 quod
1899 3556 2024 3600 tunc

444 3638 756 3708 petiverunt
807 3638 860 3690 in
915 3635 1348 3691 redimi-stionem
1394 3641 1662 3709 amboque
1697 3642 1718 3671 '
1766 3651 1913 3693 certe
1958 3640 2022 3693 ad

443 3731 734 3801 Imperium
783 3746 970 3786 eorum
1019 3733 1299 3786 servitutis
1353 3742 1516 3797 atque
1565 3731 1840 3786 lldelitatis
1871 3743 1924 3786 et
1958 3733 2023 3786 ad

450 3824 772 3880 Romaniam
805 3833 1067 3880 convento.
1096 3823 1161 3876 ah
1189 3825 1267 3878 eis
1298 3839 1516 3878 servare
1549 3838 1679 3893 pure
1719 3823 2026 3879 dilectionis

444 3928 504 3973 et
559 3915 805 3972 allectus.
859 3915 1233 3972 Ne-Cessarium
1281 3930 1440 3986 ergo,
1497 3918 1792 3985 ambosque
1839 3916 1918 3970 eis
1967 3927 2026 3970 ut

443 4011 722 4068 habebant
755 4011 886 4080 ipsis
926 4009 1247 4064 dictionibus
1295 4017 1545 4078 presente
1592 4008 1806 4079 Imperii
1851 4012 2020 4064 nostri

440 4117 696 4157 sermone
740 4117 884 4156 nunc
928 4115 1209 4161 renovare.
1244 4115 1350 4169 que
1389 4100 1534 4154 velut
1577 4100 1761 4154 urbem
1800 4101 2018 4155 intersi-

442 4202 555 4248 tam
611 4193 1017 4246 summitatibus
1060 4192 1360 4260 presentis
1419 4189 1675 4244 videlicet
1722 4191 2018 4246 chrisobuli

443 4299 699 4340 sermone
745 4284 968 4338 omnino
1019 4286 1332 4355 colligemus
1376 4292 1429 4336 et
1481 4283 2018 4340 circummuniamus.

447 4375 622 4428 Habet
648 4389 778 4428 vero
802 4373 1156 4446 ehrysobylus
1185 4389 1365 4428 sermo
1393 4374 1756 4428 memorabilis
1789 4373 2023 4443 Impera-

445 4468 583 4522 toris
608 4467 835 4529 domini,
870 4466 1068 4519 domini
1110 4475 1164 4521 et
1194 4466 1362 4534 patris
1394 4464 1584 4535 Imperi
1632 4467 1790 4520 michi
1826 4469 1866 4530 ’,
1901 4469 1974 4520 sic
2009 4485 2022 4522 :

520 4558 660 4613 Solet
696 4559 1001 4621 multociens
1030 4559 1301 4628 antiquior
1329 4559 1459 4626 ﬁdes
1496 4569 1647 4628 atque
1683 4559 2023 4614 beniro'entia
2055 4559 2060 4565 ’

442 4652 786 4722 posteriorem
821 4651 1230 4706 malivolentiam
1266 4662 1531 4717 contegere
1561 4669 1622 4705 ac
1650 4651 1839 4715 delere,
1877 4653 2025 4706 victis

442 4742 674 4795 dominis
722 4750 770 4794 et
818 4741 1004 4794 amicis
1055 4744 1307 4794 memoria
1341 4742 1536 4807 prioris
1582 4741 1935 4810 subjectorum
1979 4756 2024 4796 et

442 4833 738 4884 anticorum
775 4831 1057 4895 bonitatis;
1108 4831 1240 4884 velut
1282 4848 1418 4882 nunc
1463 4847 1662 4901 quoque
1691 4833 1746 4884 in
1787 4830 2031 4887 Venetias

442 4926 686 4994 contigit.
738 4923 1088 4978 Reminiscens
1120 4926 1257 4976 enim
1295 4923 1577 4991 Imperium
1622 4941 1790 4978 nicum
1821 4930 2032 4994 antique

440 5032 632 5070 eorum
675 5014 1017 5069 benivolentie
1046 5029 1090 5068 et
1121 5015 1268 5084 ﬁdei,
1316 5031 1471 5081 quam
1507 5029 1632 5082 erga
1678 5030 1878 5081 semper
1926 5031 2032 5066 me-

2123 2707 2249 2760 vitia
2291 2724 2385 2776 per
2438 2711 2690 2778 scriptum
2740 2720 2786 2762 et
2827 2710 3211 2780 jusjurandum
3265 2715 3619 2772 conuenientes
3655 2716 3696 2748 “

2122 2801 2315 2853 servire
2343 2797 2576 2869 Imperio
2615 2818 2724 2854 meo
2757 2810 2803 2854 et
2833 2798 3106 2868 Romanie,
3141 2805 3276 2858 velut
3304 2805 3447 2874 facta
3474 2786 3536 2860 ab
3572 2824 3701 2873 προ-

2123 2893 2376 2948 crisiariis
2425 2910 2606 2948 eorum
2660 2895 2969 2964 symphonia
3022 2897 3183 2950 latius
3246 2901 3308 2952 de
3354 2899 3434 2953 his
3486 2909 3702 2955 tractat.

2126 2980 2390 3048 Quoniam
2417 3000 2534 3038 vero
2566 2985 2894 3056 quesioerunt
2941 2997 3061 3040 ante
3106 2988 3303 3049 factum
3335 2990 3434 3043 sibi
3468 2991 3704 3062 chryso-

2129 3075 2328 3129 bullion
2373 3076 2510 3130 beati
2541 3076 2741 3130 domini
2771 3086 2819 3130 et
2858 3079 3024 3146 patris
3060 3077 3278 3146 Imperii
3311 3083 3412 3135 mei
3451 3089 3703 3159 recorrigi

2124 3183 2312 3222 rursus
2341 3178 2390 3222 et
2423 3171 2545 3222 dari
2577 3171 2696 3233 sibi,
2727 3171 2864 3223 velut
2903 3171 2995 3240 qui
3028 3171 3147 3240 jam
3183 3173 3466 3228 exciderint
3495 3193 3559 3231 ea:
3589 3176 3702 3249 ipso

2124 3271 2338 3328 propter
2389 3263 2570 3330 culpas
2625 3279 2722 3333 que
2770 3265 3156 3332 contingerant,
3205 3269 3472 3323 exaudivit
3527 3289 3702 3335 amnes

2125 3347 2414 3417 Imperium
2459 3369 2648 3416 meum,
2681 3365 2727 3407 et
2759 3356 3017 3410 inmutate
3039 3356 3200 3425 jussit
3229 3359 3324 3412 hac
3353 3364 3524 3416 tamen
3550 3369 3708 3422 scribi

2124 3446 2349 3513 ponique
2374 3447 2478 3508 hic,
2507 3447 2699 3500 habens
2734 3449 2808 3501 sic
2837 3465 2856 3504 .'
3334 3508 3339 3513 .
3459 3469 3464 3472 ’
3631 3445 3640 3453 ”

2201 3554 2221 3589 ι
2269 3535 2334 3590 Et
2379 3540 2506 3608 quid
2541 3556 2774 3611 unquam
2821 3543 2890 3595 sit
2925 3559 3128 3609 eorum,
3161 3561 3258 3616 que
3295 3558 3415 3600 sunt
3466 3538 3702 3602 contmn-

2128 3629 2265 3682 tatio
2312 3631 2355 3662 ”
2393 3648 2521 3698 pure
2551 3634 2780 3686 amicitie
2811 3651 2871 3687 ac
2901 3634 3070 3700 ﬁdei!
3107 3636 3247 3701 Quid
3278 3656 3397 3692 vero
3428 3644 3608 3695 amicis
3656 3654 3705 3697 ct

2127 3724 2406 3786 ministris,
2434 3724 2680 3792 periculis
2713 3743 2766 3779 se
2792 3726 2992 3781 obicere
3020 3734 3112 3795 pro
3162 3731 3343 3784 amicis
3386 3746 3431 3787 et
3475 3738 3702 3790 dominis

2126 3819 2475 3890 elligeutibus,
2511 3821 2690 3874 reddet
2719 3822 2834 3890 quis
2868 3823 2984 3890 equi
3023 3823 3068 3855 “
3094 3826 3359 3892 ponderis,
3393 3837 3441 3880 et
3475 3829 3704 3885 maxime

2083 3913 2338 3981 Lquando
2386 3922 2666 3979 spontanee
2713 3932 2806 3980 pro
2855 3918 2934 3969 his
2978 3917 3031 3968 in
3083 3921 3383 3972 contamina
3437 3921 3477 3952 "
3510 3923 3561 3974 iu
3598 3911 3700 3975 his

2134 4021 2232 4074 que
2268 4013 2450 4058 contra
2499 4004 2671 4059 hostes
2727 4019 2844 4059 sunt
2893 4011 3069 4074 pretiis
3115 4011 3170 4063 hi
3219 4013 3705 4069 t-enei'iiitﬁNostve

2127 4097 2333 4164 quidem
2361 4098 2590 4151 studium
2619 4099 2896 4153 voluntatis
2924 4100 3165 4170 magnam
3194 4104 3327 4155 hanc
3357 4120 3462 4157 rem
3485 4124 3701 4173 ponens,

2129 4189 2292 4242 nichil
2340 4194 2407 4241 ad
2462 4190 2674 4260 dignam
2726 4193 2917 4245 invenit
2970 4197 3482 4256 remrmerationenn,
3516 4195 3703 4252 Redit

2128 4295 2269 4345 vero,
2295 4290 2492 4349 quanta
2522 4286 2613 4335 dat
2645 4285 2886 4348 temporis
2919 4283 2982 4351 ",
3015 4295 3065 4338 et
3097 4303 3194 4354 que
3239 4289 3420 4340 amicis
3453 4301 3498 4342 et
3543 4290 3700 4343 mini-

2132 4372 2256 4424 stris
2303 4383 2423 4424 sunt
2467 4372 2751 4441 placentia.
2803 4375 2936 4430 Sunt
2978 4388 3184 4442 autem,
3214 4395 3310 4447 que
3345 4365 3705 4433 retribuuntur

2126 4463 2247 4530 [ἱόεὶ
2296 4476 2341 4517 et
2393 4483 2522 4532 pure
2567 4467 2828 4520 servitutis
2866 4469 3087 4533 premia,
3125 4473 3304 4522 uestra
3348 4473 3553 4538 quidem
3590 4466 3703 4526 stu-

2126 4558 2274 4607 diosa
2306 4558 2573 4611 voluntate
2613 4569 2660 4610 et
2693 4570 2974 4628 spontaneo
3004 4562 3179 4614 animo
3232 4563 3435 4616 minora
3476 4581 3539 4616 ac
3567 4581 3702 4632 pau-

2129 4651 2296 4710 ciora.
2323 4666 2421 4702 non
2452 4650 2698 4715 ignobilia
2725 4669 2838 4704 vero
2865 4654 3104 4720 quedam,
3137 4671 3228 4707 nec
3252 4656 3433 4707 amicis
3463 4667 3509 4709 et
3537 4637 3698 4710 servis

2130 4741 2370 4809 indigna.
2425 4742 2528 4795 Sed
2573 4743 2700 4811 quid
2747 4745 2901 4796 michi
2941 4748 3210 4813 prtemium
3257 4749 3409 4804 vult?
3455 4741 3701 4817 En..que

2127 4832 2362 4901 ﬁdelium
2399 4831 2754 4885 Veneticorum
2781 4847 2919 4900 sunt,
2951 4837 3126 4888 nullus
3156 4839 3384 4889 omnium
3410 4838 3698 4907 ignoravit;

2129 4933 2178 4977 et
2208 4940 2308 4992 quo
2350 4925 2390 4955 ³⁷
2423 4925 2577 4976 modo
2610 4937 2852 4979 venerunt
2895 4931 3209 4982 constructis
3243 4930 3518 5000 niultiferis
3556 4932 3703 4985 naui-

2132 5017 2223 5068 bus
2253 5018 2320 5068 ad
2355 5015 2726 5084 Epidamnum,
2755 5023 2894 5088 quod
2926 5019 3273 5090 Dyrrachium
3305 5039 3542 5077 uocamus
3574 5039 3698 5087 nos;

1796 5129 1994 5190 Varia:
2026 5132 2354 5193 lectiones.

524 5237 540 5266 ¹
573 5236 713 5304 Lege
745 5251 758 5286 :
803 5232 1092 5299 ﬁrmitatis.
1137 5300 1141 5304 _
1185 5231 1259 5262 ²ο⁸
1291 5230 1439 5304 Adde.
1469 5250 1492 5304 _:
1526 5228 1729 5299 largiri.

447 5300 695 5370 legerim.
772 5305 793 5335 ⁸
830 5306 968 5370 Lege
996 5319 1010 5355 :
1039 5300 1332 5354 amborum.

434 5377 600 5431 .strtii.

445 5459 576 5500 erat
606 5464 619 5500 :
652 5442 1088 5501 convenientibus.

443 5533 663 5579 eorum,
712 5531 850 5583 quas,
901 5527 1007 5568 etc.

443 5587 611 5644 anuis
633 5602 652 5636 ε.
679 5602 775 5642 aue

520 5663 604 5769 1(3)
636 5679 787 5761 dnuo
823 5692 972 5769 {146.

645 5770 792 5824 Hauc
840 5768 1128 5840 Lalineex
1181 5763 1488 5840 [ηεαδ-ὼς)
1524 5773 1587 5840 et
1614 5761 2019 5840 Librisnpacto-

455 5827 884 5911 runi'intcgram
934 5838 1213 5893 ediderunt
1254 5829 1400 5890 Tulel
1435 5827 1488 5889 et
1530 5828 1760 5887 Thomas.
1797 5827 1922 5889 Uik.
1973 5849 2020 5886 ι.

1805 5228 1825 5260 ⁸
1865 5227 1980 5284 Lih.
2029 5231 2179 5285 albus
2216 5250 2226 5283 :
2271 5231 2503 5285 Venetia.

1409 5302 1424 5331 ⁷
1458 5300 1627 5371 Jnnge
1675 5314 1796 5371 cum
1832 5305 1994 5371 verno
2043 5301 2355 5355 dilectionis.

679 5377 720 5408 ⁸⁸
752 5375 884 5428 Scil.
910 5368 1133 5438 imperii
1184 5374 1305 5426 mei;
1344 5368 1907 5439 lntelligiiur‘Alexius
1933 5368 2261 5426 Cumnenns.

1169 5443 1212 5522 '_'
1245 5442 1351 5495 Hoc
1382 5444 1598 5494 verbum
1635 5445 2027 5522 transponendu

2130 5454 2231 5504 est,
2263 5444 2343 5522 sic
2381 5462 2394 5496 :
2435 5444 2494 5522 Et
2524 5446 2650 5509 quid
2683 5459 2912 5522 unquam
2939 5445 3031 5522 sit
3055 5454 3416 5522 commutatio
3438 5450 3692 5522 (dyotéﬁ)

1090 5511 1133 5543 “
1177 5510 1295 5565 Lib.
1341 5513 1496 5565 alnus
1540 5530 1552 5564 :
1582 5510 1744 5579 equis.
1823 5510 1864 5542 ¹⁸
1900 5513 1978 5565 An
2009 5529 2023 5566 :
2055 5515 2345 5566 certamina
2402 5514 2483 5567 vel
2534 5517 2860 5568 conamina?
2937 5517 2978 5547 ³⁸
3007 5519 3087 5571 An
3124 5535 3136 5570 :
3172 5510 3452 5588 tempus?‘
3493 5510 3533 5552 (⁷
3567 5510 3688 5591 Lib:

2581 5231 2600 5258 "
2641 5231 2735 5305 llic.
2784 5243 2836 5286 et
2883 5236 3039 5305 patilo
3093 5236 3317 5291 inferius
3370 5236 3698 5305 Imperator:

2433 5305 2454 5332 ⁸
2502 5303 2614 5354 Lib.
2663 5304 2856 5356 albus:
2909 5303 2994 5362 Ut.
3075 5307 3142 5360 ’ἱ
3199 5324 3248 5362 e.
3285 5303 3504 5362 Joannis
3537 5310 3698 5365 Cum-

2342 5373 2378 5402 “
2413 5371 2524 5424 Lib.
2564 5373 2751 5425 albus:
2790 5374 3182 5442 indulgentiam.
3259 5380 3300 5409 ¹²
3337 5378 3612 5434 δονὶὺθίιό·
3639 5397 3690 5435 m

2095 5655 2225 5773 ἐμ.
2269 5691 3170 5773 ξιξι-ιεεξεΙε-μηέΑιὸιηαξε-,ιξ-ρει-Ιιᾏιξ.
3234 5696 3363 5769 Rep.
3425 5695 3685 5773 Venedig.

2131 5762 2228 5820 To.
2268 5764 2286 5817 ι
2319 5763 2496 5835 μνίου
2527 5766 2708 5835 1856),
2743 5782 2792 5836 ρ.
2827 5765 3178 5823 ηερ-124.
