4082 6294
510 341 612 410 7H

1750 339 2146 401 MANUELIS
2187 338 2526 400 COMNENI

3652 339 3754 407 ἨΞ

514 475 561 513 et
594 454 855 524 quomodo
890 454 1027 509 uiros
1067 453 1185 506 navi
1209 461 1498 523 pugnantes
1528 452 1826 505 innumeros
1856 452 1907 504 in
1938 452 2163 510 auxi-ﬁ
2201 451 2391 511 brium,
2430 460 2478 503 et
2510 464 2601 514 per
2645 451 2806 518 ipsam
2862 448 3232 521 Megalopolim
3267 461 3314 505 et
3360 452 3654 523 simpliciter
3700 459 3751 512 in

511 549 646 601 lium
694 547 841 601 nobis
884 553 1343 617 presentaeerant;
1390 544 1749 615 quomodoque
1792 544 1837 575 "
1878 544 2088 612 prOprio

509 640 665 693 stollo
711 638 916 694 scelesti
964 637 1157 693 stolttm
1192 638 1234 669 ι’
1270 637 1321 690 vi
1366 646 1678 706 superarunt
1713 637 1782 703 ὀ,
1821 634 2090 704 perdentes

512 746 632 786 cum
664 732 793 799 ipsis
842 731 1003 796 viris;
1053 732 1274 799 etquod
1325 744 1461 781 nunc
1493 743 1696 797 quoque
1747 729 1895 781 nobis
1933 728 2090 780 auxi-

514 822 710 877 liantes
737 831 1104 891 perseverant;
1135 832 1179 873 et
1216 819 1345 884 alia,
1381 836 1480 890 que
1510 839 1538 872 a
1568 820 1937 888 thalattocopis
1964 819 2001 872 i.
2040 836 2087 875 e.

508 918 567 968 in
593 896 730 969 mari
760 913 1122 968 laborantibus
1155 914 1279 967 viris
1310 924 1427 965 acta
1470 925 1611 976 sunt,
1646 924 1691 966 et
1725 928 1821 981 que
1854 927 2091 965 correcta

513 1020 769 1063 nouerunt
802 1025 999 1075 omnes,
1034 1008 1132 1061 etsi
1167 1025 1260 1062 nas
1303 1024 1405 1060 non
1434 1007 1712 1061 dicamus?
1748 1005 1895 1058 Unde
1942 1016 1991 1058 et
2035 1007 2091 1056 in

514 1102 936 1155 remuneratione
981 1100 1287 1171 hujusmodi
1326 1101 1557 1167 ipsorum
1607 1100 1939 1152 servitiorum
1970 1101 2093 1149 bene

515 1194 677 1247 voluit
734 1193 1021 1262 Imperium
1082 1208 1251 1244 meum
1318 1208 1410 1261 per
1459 1208 1669 1259 presens
1723 1188 2091 1242 chrisobullion

512 1301 804 1339 sermonem
835 1288 1066 1354 accipere
1091 1302 1175 1337 eos
1197 1301 1368 1338 annue
1394 1286 1445 1336 in
1477 1264 1702 1349 tempore
1730 1299 1853 1354 rage
1876 1282 2084 1335 sollem-

514 1378 695 1443 pnittm
758 1377 945 1430 librar.
997 1378 1039 1408 ἰ
1077 1374 1219 1438 ΧΧ,
1269 1386 1314 1430 et
1365 1386 1420 1428 ut
1470 1376 1860 1428 distribuantur
1902 1373 1993 1425 hec
2039 1374 2092 1426 in

510 1469 750 1536 praprias
781 1468 1026 1522 ecclesias
1049 1469 1331 1523 secundum
1361 1469 1593 1534 ipsorum
1619 1467 1769 1521 velle.
1802 1466 2089 1519 IIonoravit

512 1568 692 1614 autem
722 1571 770 1614 et
812 1563 1034 1615 nobilem
1064 1562 1259 1615 Ducem
1284 1578 1464 1614 eorum
1501 1560 1940 1614 reneralvilissima
1967 1576 2092 1629 pro-

513 1649 765 1707 tosebasti
795 1656 1051 1724 dignitate
1098 1670 1216 1707 cum
1265 1670 1389 1721 roga
1424 1654 1581 1708 etiam
1625 1670 1719 1706 sua
1764 1654 2089 1721 plenissima.

514 1738 637 1797 Non
674 1746 731 1797 in
779 1761 1004 1813 persona
1053 1762 1171 1800 vero
1218 1746 1381 1815 ipsius
1420 1745 1777 1798 determinavit
1809 1745 2091 1809 honorem;

511 1835 602 1888 sed
628 1835 999 1891 indesinentem
1031 1853 1143 1891 esse
1176 1850 1332 1905 atque
1361 1846 1666 1903 perpetuum
1697 1848 1742 1889 et
1770 1852 1862 1901 per
1888 1852 2091 1890 succeso

511 1927 681 1979 siones
725 1943 886 1998 usque
926 1928 969 1959 “
1022 1930 1308 1982 secundum
1352 1928 1488 1979 diem
1538 1927 1583 1957 ³³
1633 1926 1826 1995 fuerint
1862 1925 2089 1981 Ducibus

514 2020 801 2071 transmitti
832 2020 1114 2086 tleﬁnitivis
1158 2021 1211 2073 in
1256 2020 1402 2072 urbe.
1438 2016 1726 2071 IIonoravit
1766 2030 1810 2071 et
1839 2017 2089 2071 Patrior-

512 2110 662 2164 chain
688 2124 866 2163 eorum
895 2110 1243 2182 hypertimon,
1271 2111 1309 2163 i.
1342 2127 1388 2164 e.
1417 2108 1945 2175 superhanorabilem,
1973 2125 2089 2162 cum

510 2216 637 2268 roga
684 2198 944 2256 librarum
996 2203 1200 2271 viginti.
1238 2201 1303 2255 Et
1352 2204 1489 2253 hunc
1537 2217 1657 2254 vero
1708 2200 1951 2254 honorem
2000 2218 2089 2270 per

509 2295 886 2347 successionem
922 2296 975 2348 in
1025 2310 1133 2357 eos,
1169 2296 1259 2365 qui
1306 2295 1546 2363 deinceps
1578 2294 1797 2364 fuerint,
1843 2292 2088 2349 Patriar-

510 2384 635 2437 chas
670 2384 978 2448 transmisit,
1016 2399 1069 2437 ut
1114 2386 1195 2439 hic
1245 2401 1444 2453 quoque
1495 2387 1561 2437 sit
1610 2383 1903 2436 indesinens
1934 2394 2089 2453 atque

509 2488 812 2545 perpetuus,
845 2487 890 2529 et
924 2493 1027 2530 non
1058 2486 1264 2529 tantum
1294 2492 1517 2545 persona
1559 2476 1604 2507 "
1633 2476 1745 2544 ejus
1801 2475 2086 2529 Constituit

513 2583 629 2621 vero
686 2566 969 2637 Imperium
1041 2583 1214 2621 meum
1271 2577 1318 2621 et
1380 2568 1769 2620 sanctissimam
1817 2566 2086 2619 ecclesiam

512 2659 940 2729 sanctiaposloli
987 2668 1036 2713 et
1084 2661 1393 2731 evangelisle
1445 2660 1635 2722 Marci,
1666 2661 1755 2728 qui
1786 2671 1860 2712 est
1892 2660 1948 2711 in
1989 2656 2089 2711 Ve-

511 2750 674 2815 netia,
710 2755 773 2802 ab
806 2766 909 2803 uno
938 2766 1138 2821 quoque
1170 2752 1225 2804 in
1259 2768 1445 2821 otagna
1479 2752 1681 2805 cit-itote
1712 2762 1760 2805 et
1793 2752 1933 2804 omni
1980 2749 2084 2805 Ro-

510 2858 689 2894 mama
742 2843 1023 2896 tenentium
1055 2844 1349 2913 ergasteria
1388 2844 1835 2915 Amalphynorum
1882 2842 1929 2874 ’⁸
1974 2860 2087 2897 om~

508 2936 674 3002 nium,
695 2939 786 3007 qui
808 2948 928 2991 sunt
950 2940 1045 2991 sub
1062 2950 1318 3007 potestate
1339 2938 1453 3007 ejus
1473 2938 1686 3008 quidem
1703 2939 1996 3005 patrieatus
2016 2937 2082 3002 ",

509 3031 744 3098 accipere
774 3046 864 3097 per
891 3048 1052 3086 unum
1090 3048 1341 3103 quemque
1377 3048 1571 3085 annum
1609 3033 1927 3085 numismata
1958 3032 2083 3085 tria.

512 3121 591 3172 Ad
627 3120 723 3173 hoc
770 3124 933 3174 donat
975 3122 1049 3175 eis
1092 3135 1137 3174 et
1184 3122 1473 3191 ergasteria
1506 3137 1605 3190 que
1650 3130 1767 3173 sunt
1800 3122 1853 3173 in
1886 3119 2085 3173 embolo

510 3208 808 3266 Peramatis
837 3228 954 3265 cum
984 3212 1195 3267 solariis
1224 3214 1355 3278 suis,
1382 3229 1482 3283 que
1511 3212 1701 3265 habent
1731 3212 2000 3265 introitum
2035 3221 2084 3265 et

480 3296 708 3355 ‘exitum
746 3305 796 3355 in
830 3314 999 3357 totum
1030 3306 1096 3370 ³⁷,
1126 3307 1263 3376 quod
1284 3306 1516 3374 procedit
1553 3303 1618 3356 ab
1667 3302 1894 3357 Ebraica
1932 3318 2089 3370 usque

471 3385 474 3388 ’
508 3398 576 3445 ad
612 3393 820 3465 Yip'an,
844 3412 1041 3467 queque
1060 3398 1367 3451 habitantur
1398 3409 1445 3451 et
1484 3414 1580 3464 que
1617 3414 1720 3451 non
1748 3397 2085 3461 habitantur,

505 3494 555 3536 et
590 3485 643 3537 in
672 3488 860 3554 qubus
908 3484 1131 3542 Venetici
1161 3497 1464 3555 permanent
1493 3499 1539 3540 et
1570 3485 1721 3540 Gt'eci
1769 3490 1905 3540 sicut
1939 3503 2091 3556 erga-

511 3577 729 3641 steriis;
759 3588 804 3631 et
866 3575 1160 3633 maritimas
1214 3576 1307 3633 IlI
1364 3577 1561 3640 scalas,
1610 3594 1709 3646 que
1757 3578 1809 3629 in
1859 3582 2089 3641 predicto

507 3674 689 3734 spacio
727 3672 1099 3727 terminantur.
1130 3669 1303 3723 Donat
1338 3684 1512 3723 autem
1540 3678 1588 3722 et
1621 3681 1801 3722 saneto
1834 3668 2090 3722 Altindino

512 3763 830 3833 monkipium
883 3764 925 3817 i.
960 3779 1005 3819 e.
1057 3764 1334 3831 pistrinum
1390 3762 1456 3826 ⁸⁸,
1508 3766 1647 3833 quod
1696 3772 1772 3816 est
1824 3764 1877 3814 in
1925 3762 2089 3830 ipsius

511 3856 724 3911 ecclesie
774 3855 956 3922 latere,
1009 3856 1148 3927 quod
1190 3856 1404 3924 pertinet
1443 3854 1512 3908 ad
1561 3854 1772 3907 domum
1810 3853 1997 3919 Petrii,
2043 3864 2090 3906 et

510 3948 665 4001 habet
711 3949 1005 4017 pensionem
1038 3944 1489 4016 Byzzantinorum
1540 3943 1667 4001 XX.
1716 3943 1970 4001 Similiter
1998 3951 2090 3999 dat

506 4052 556 4098 et
584 4020 857 4096 ecclesiam
891 4043 1062 4094 sancti
1109 4040 1334 4104 apostoli
1366 4040 1594 4103 Anttree,
1624 4055 1721 4108 que
1762 4046 1839 4092 est
1874 4039 1926 4091 in
1953 4038 2093 4109 Dyr-

509 4130 691 4187 rachio
741 4148 857 4185 cum
898 4133 1083 4186 ibidem
1117 4132 1454 4186 existentibus
1488 4131 1859 4202 lmperialibus
1890 4131 2097 4199 pensio-

510 4224 719 4276 nalibus
768 4236 941 4290 preter
992 4222 1048 4276 in
1101 4224 1144 4276 is
1199 4224 1482 4290 repositam
1534 4222 1781 4300 aphesin,
1803 4237 1899 4290 que
1946 4221 2091 4274 debet

510 4315 631 4367 dari
656 4316 724 4367 ad
746 4314 1023 4367 chelandia
1051 4314 1119 4371 “.
1150 4313 1413 4367 Concessit
1438 4324 1613 4367 autem
1645 4316 1718 4367 eis
1748 4322 1798 4367 et
1827 4315 2091 4381 negociari

511 4407 569 4459 in
597 4420 771 4458 omnes
796 4416 969 4472 partes
1000 4404 1252 4459 Romanie
1284 4407 1477 4475 species
1525 4406 1817 4469 universas,
1855 4406 2090 4457 uidelicet

2120 1792 2167 1855 B

2194 560 2369 596 omnes
2399 553 2571 609 partes
2602 542 2695 598 sub
2728 552 2982 612 potestate
3011 557 3184 599 nostra
3212 547 3294 613 pie
3324 550 3751 613 mansuetudinis.

2148 686 2149 691 η
2194 652 2295 687 non
2324 635 2652 703 prebentibus
2680 638 2889 689 omnino
2916 653 3010 703 pro
3035 636 3262 705 qualibet
3287 642 3499 708 propria
3525 642 3751 711 negotia-

2194 728 2338 779 rione
2382 722 2633 794 quidlibet
2684 726 2981 782 commercii
3024 728 3199 796 gratia
3248 728 3328 783 vel
3358 731 3589 799 cujusvis
3627 733 3757 788 alius

2193 815 2528 878 conditionis,
2556 832 2656 884 que
2678 810 2910 870 demosio
2938 818 3185 887 infertur,
3212 822 3355 888 pacti
3379 823 3529 889 quasi
3556 820 3758 877 xilom-

2195 907 2341 971 lami,
2390 908 2697 968 limenatici,
2750 909 3049 977 porteatici,
3104 910 3351 973 canishii,
3399 912 3660 981 exifeileos
3692 914 3757 981 ",

2194 1001 2545 1053 archontichii
2580 1012 2629 1053 et
2657 1001 2882 1054 aliorum
2908 1002 3219 1055 tributorum
3248 1020 3410 1057 causa
3441 1020 3640 1071 eorum,
3667 1024 3760 1076 que

2193 1094 2373 1144 debent
2406 1092 2692 1161 negociari.
2724 1091 2791 1147 In
2816 1093 3055 1147 omnibus
3079 1094 3214 1147 enim
3247 1095 3614 1164 negocialionis
3641 1096 3760 1151 locis

2193 1186 2315 1236 data
2349 1197 2421 1237 est
2455 1186 2670 1238 licentia
2701 1186 2776 1239 eis
2812 1187 2876 1239 ab
2908 1186 3137 1254 Imperio
3174 1204 3308 1253 meo,
3339 1190 3631 1255 superiores
3657 1206 3760 1244 esse

2194 1276 2379 1330 debere
2410 1288 2453 1330 et
2485 1277 2600 1345 ipsa
2646 1280 2998 1349 requisitione.
3045 1277 3307 1334 Excident-
3334 1297 3450 1334 tero
3480 1292 3525 1336 et
3561 1282 3624 1336 ab
3652 1282 3759 1351 ipso

2204 1370 2426 1433 eparcho
2477 1371 2891 1439 parathalassite
2917 1373 2983 1433 ",
3020 1370 3362 1440 eleoywrocho
3403 1376 3663 1428 dominico
3694 1376 3758 1439 ³³,

2194 1463 2640 1525 connuerkimiis,
2689 1462 3063 1531 chartalariis,
3109 1464 3365 1535 hipologis
3407 1475 3455 1519 et
3493 1466 3759 1529 omnibus.

2192 1556 2281 1624 qui
2315 1555 2616 1624 hujumodi
2653 1566 2797 1620 sunt,
2842 1556 2989 1613 nullo
3016 1574 3218 1623 eorum,
3247 1560 3336 1628 qui
3373 1574 3466 1627 per
3497 1560 3760 1614 lacessunt

2193 1649 2509 1718 principium
2539 1649 2617 1701 uel
2647 1649 2877 1701 aliorum
2903 1651 3171 1703 seruiium
3212 1654 3505 1706 communis
3535 1664 3762 1706 tractan-

2196 1742 2345 1802 tium,
2374 1751 2735 1809 contempnere
2763 1742 2888 1809 quid
2920 1758 3097 1795 eorum
3124 1756 3222 1812 que
3264 1744 3350 1798 hic
3393 1744 3614 1815 difﬁnita
3644 1756 3761 1799 sunt

2194 1843 2542 1897 presumente.
2580 1829 2824 1885 Omnium
2855 1832 3013 1891 enim,
3049 1850 3179 1903 quas
3220 1836 3335 1905 quis
3380 1836 3547 1900 dicat,
3582 1837 3761 1903 specie-

2197 1937 2310 1972 rum
2341 1937 2405 1973 ac
2433 1938 2604 1975 rerum
2635 1939 2877 1977 concessa
2904 1935 2976 1977 est
2998 1926 3097 1978 hiis
3124 1928 3436 1994 negociatio,
3467 1918 3761 2006 "(omnium

2195 2014 2503 2081 emptionem
2550 2015 2604 2075 in
2650 2025 2902 2083 potestate
2949 2019 3207 2071 habebunt
3239 2020 3431 2087 facere,
3478 2024 3759 2099 superiores

2195 2107 2474 2159 existentes
2512 2108 2751 2163 aninmo
2796 2110 3028 2166 datione.
3067 2108 3174 2163 IIec
3223 2113 3295 2163 ita
3329 2128 3446 2165 cum
3486 2112 3762 2174 dimensa-

2195 2197 2317 2248 verit
2351 2194 2565 2259 Imperii
2594 2198 2749 2252 michi
2784 2201 2949 2266 pietas
2990 2212 3194 2267 sancta,
3218 2214 3379 2270 atque
3406 2205 3618 2273 dimnit,
3652 2205 3762 2260 nul-

2194 2284 2300 2336 lum
2338 2287 2571 2341 resistere
2616 2291 2689 2341 eis
2734 2291 2866 2342 sicut
2910 2290 3063 2343 rectis
3089 2302 3138 2344 et
3190 2294 3320 2347 reris
3370 2294 3515 2347 dulis
3564 2295 3674 2363 ejus
3716 2306 3760 2348 et

2197 2390 2377 2431 Contra
2422 2381 2661 2435 inimicos
2687 2383 3016 2451 adjutoribus
3046 2396 3091 2439 et
3123 2402 3287 2454 usque
3317 2387 3385 2439 ad
3424 2386 3582 2456 finem
3613 2389 3761 2443 seculi

2194 2471 2327 2525 tales
2371 2490 2425 2526 se
2462 2490 2571 2527 esse
2600 2478 3045 2540 promittentibus,
3095 2495 3183 2533 nec
3212 2489 3528 2550 quemquam
3561 2484 3759 2537 omnino

2194 2567 2462 2637 contraria
2508 2569 2701 2621 sentire
2731 2570 2833 2622 hiis
2872 2569 3065 2624 talibus
3107 2610 3121 2633 ,
3158 2589 3248 2625 nec
3295 2574 3532 2629 actiones
3580 2575 3759 2645 aliquis

2195 2660 2442 2713 adversus
2494 2677 2672 2715 omnes
2717 2678 2954 2718 exercere
2996 2674 3209 2735 propter
3255 2670 3485 2722 tradicta
3517 2673 3597 2724 eis
3620 2684 3761 2741 erga-

2193 2751 2350 2802 steriu
2380 2762 2424 2803 et
2462 2755 2635 2805 scalas
2678 2752 2814 2805 istic.
2846 2752 3251 2825 Qualiscumque
3275 2758 3409 2809 enim
3441 2756 3487 2789 "‘
3512 2758 3654 2827 iuris
3679 2761 3763 2813 hec

2193 2841 2444 2904 existunt,
2493 2846 2600 2897 sive
2628 2846 2964 2899 ecclesiastici
3010 2848 3118 2901 sive
3164 2849 3354 2914 privati
3402 2850 3513 2904 sive
3552 2850 3756 2918 publici,

2195 2934 2299 2986 sive
2324 2947 2500 2987 sancte
2528 2934 2716 2988 domus
2746 2937 2874 3000 sint,
2908 2943 2998 2992 hec
3028 2939 3328 2993 nullatenus
3363 2942 3651 3012 continget,
3672 2956 3755 3010 que

2196 3041 2332 3078 nunc
2381 3039 2500 3078 sunt
2542 3027 2774 3094 ﬁdelium
2808 3031 2921 3083 duli
2957 3030 3001 3063 ³⁸
3038 3031 3252 3100 Imperii
3299 3034 3459 3086 michi
3502 3033 3758 3089 Veneticu-

2194 3130 2309 3167 ram
2343 3126 2390 3169 et
2435 3119 2488 3170 in
2517 3129 2782 3186 posterum
2817 3121 3148 3187 (aurorum;
3176 3140 3335 3193 quum
3366 3127 3591 3178 multam
3627 3125 3761 3180 beni-

2194 3208 2467 3262 rolentinm
2498 3223 2544 3263 et
2578 3221 2777 3265 rectum
2808 3215 3034 3267 animum
3063 3232 3187 3283 erga
3224 3215 3539 3271 Romaniam
3570 3230 3617 3271 et
3646 3232 3760 3290 erga

2191 3298 2474 3367 Imperium
2509 3319 2675 3355 meum
2709 3304 3065 3371 ostenderunt,
3094 3318 3140 3359 et
3179 3318 3287 3360 toto
3317 3308 3502 3361 animo
3533 3311 3623 3362 hec
3659 3326 3762 3363 ser-

2190 3404 2309 3440 vare
2343 3391 2651 3456 promittunt
2685 3395 2738 3446 in
2785 3408 3108 3461 perpetuum,
3155 3407 3202 3449 et
3246 3411 3484 3466 pugnare
3515 3415 3610 3468 pro
3660 3400 3758 3453 llo-

2191 3496 2420 3535 meorum
2468 3495 2612 3536 statu
2647 3494 2696 3537 et
2745 3486 3061 3542 Christianis
3103 3506 3194 3556 pro
3238 3504 3386 3557 parte
3419 3492 3472 3523 "
3506 3495 3676 3547 volunt
3716 3503 3758 3547 et

2189 3588 2564 3640 protes‘antur.
2604 3576 2668 3630 Et
2699 3590 2877 3631 contra
2926 3581 3057 3633 tales
3089 3582 3225 3634 tiros
3267 3584 3378 3651 quis
3422 3586 3756 3648 contraction,

2192 3669 2268 3719 vel
2297 3681 2479 3721 contra
2504 3686 2587 3722 eos
2610 3670 2866 3738 juditinm
2902 3673 3117 3728 movebit
3145 3674 3476 3743 aliquando?
3510 3674 3655 3731 Unde
3678 3690 3759 3731 nec

2144 3834 2147 3835 ν
2193 3772 2445 3814 secretum
2484 3759 2654 3816 Petrii
2690 3764 2762 3817 vel
2799 3764 3040 3830 Mireteu,
3073 3783 3164 3821 nec
3194 3770 3350 3822 etiam
3392 3773 3626 3837 prii-atus
3653 3772 3760 3841 qui-

2194 3869 2347 3919 sque,
2398 3856 2485 3905 sed
2533 3872 2624 3908 nec
2670 3860 3039 3911 monasterium
3089 3860 3165 3913 vel
3208 3861 3455 3930 templum
3492 3877 3756 3929 sanctum,

2194 3949 2382 4014 quibus
2434 3948 2665 4001 i-itlelt'cet
2730 3951 2927 4005 donata
2976 3955 3259 4021 ergasteria
3309 3956 3567 4022 pertinent
3615 3967 3759 4020 atque

2193 4044 2352 4099 Sta-'8,
2390 4053 2573 4092 contra
2600 4042 2692 4093 hos
2725 4043 3012 4098 moi-ebant.
3056 4044 3232 4100 Erunt
3264 4058 3440 4100 autem
3485 4049 3615 4103 silen
3639 4067 3687 4102 es
3716 4058 3756 4101 et

2193 4130 2246 4182 in
2268 4132 2655 4198 dispensatione
2684 4150 2745 4186 ac
2764 4135 3043 4190 donatione
3070 4136 3287 4205 Imperii
3318 4140 3471 4194 michi
3505 4156 3757 4195 manentes

2194 4240 2329 4277 vere.
2358 4221 2499 4276 Nam
2520 4226 2566 4278 si
2590 4227 2883 4279 voluntaria
2914 4244 3015 4281 non
3038 4232 3295 4283 donamus
3317 4234 3488 4301 dignis
3512 4250 3755 4303 accipere,

2194 4333 2285 4369 ceu
2338 4318 2427 4385 qui
2480 4317 2702 4370 viriliter
2747 4329 2958 4387 egerunt
3008 4330 3057 4373 et
3102 4323 3324 4375 viriliter
3356 4341 3510 4394 agere
3557 4327 3756 4379 student

2195 4416 2346 4473 atque
2376 4408 2677 4471 studebunt,
2712 4409 2899 4477 quibus
2941 4410 3060 4462 aliis
3090 4413 3399 4468 donabimus
3437 4416 3760 4485 aliquando?

509 4497 655 4549 circa
709 4510 953 4563 magnam
1005 4495 1311 4548 Laodiciam
1348 4496 1415 4560 ³ο,
1464 4494 1805 4547 Antiochiam
1849 4503 1900 4545 et
1936 4491 2090 4545 Man-
2124 4514 2167 4567 ι)
2198 4494 2339 4564 Ergo
2369 4509 2414 4550 et
2434 4498 2777 4575 donabantur
2803 4504 3119 4554 tlanatorum
3151 4502 3247 4555 sibi
3282 4504 3630 4558 immobiiiani
3655 4507 3759 4558 sine

509 4586 742 4652 mistam,
765 4583 1266 4653 Adatiarn,Tarson,
1288 4586 1547 4649 Attalian,
1570 4585 1877 4650 Stravilont,
1897 4583 2085 4648 Chion,

515 4672 830 4747 Theologon,
883 4678 1141 4743 Phocian,
1178 4677 1530 4749 Dyrrachion,
1581 4678 1860 4739 Aulonem,
1915 4676 2085 4745 Cory-

510 4773 667 4838 phus,
722 4769 1034 4831 Bondicam,
1091 4770 1412 4837 Mathonem,
1464 4772 1737 4833 Carenem,
1793 4768 2087 4839 Nauplion,

512 4861 842 4927 Corinthian,
898 4861 1085 4925 Tebas,
1128 4863 1381 4928 Athenas,
1432 4862 1728 4932 Eurippon,
1761 4861 2087 4927 Demetrida,

514 4953 958 5021 Thessalonicam,
996 4956 1381 5025 Chyrisopolin,
1427 4956 1808 5018 Peritheorian,
1846 4955 2085 5024 Abydon,

513 5042 795 5113 Iledesion,
850 5048 1255 5117 Adrianopolin,
1312 5050 1509 5119 Apron,
1566 5046 1887 5113 Ert'acliam,
1942 5046 2080 5101 Seli-

2195 4577 2457 4642 ublalioniz
2503 4601 2552 4642 et
2603 4593 2713 4643 sine
2758 4595 3053 4648 turbatione
3099 4597 3149 4647 in
3201 4596 3442 4663 deinceps
3492 4602 3665 4654 omnia
3713 4610 3757 4653 el

2194 4692 2442 4749 perpetua
2478 4694 2711 4751 tempora
2754 4688 3041 4738 secundum
3088 4688 3459 4742 continentiam
3487 4691 3643 4744 debiti
3674 4707 3757 4743 ea:-

2194 4776 2318 4843 poni
2350 4776 2445 4829 sibi
2472 4778 2693 4843 practici
2727 4778 3027 4831 traditionis
3060 4796 3235 4833 eorum
3266 4797 3297 4832 a
3327 4787 3755 4853 protoanthgpato

2196 4867 2419 4937 Georgio
2454 4879 2499 4921 et
2538 4870 2745 4923 notario
2776 4870 2991 4938 Imperii
3025 4876 3125 4925 mei
3157 4882 3212 4926 tu
3249 4873 3587 4938 Machitariu,
3622 4876 3754 4945 quod

2192 4970 2237 5013 et
2263 4961 2475 5023 ﬁrmum
2519 4962 2615 5014 erit
2649 4972 2697 5014 et
2738 4965 2924 5017 stabile
2971 4982 3033 5017 ac
3080 4966 3375 5021 inviolabile
3403 4969 3455 5019 in
3500 4971 3749 5031 omnibus,

2191 5068 2288 5120 que
2321 5054 2720 5107 continebuntur
2748 5056 2800 5106 ia
2829 5071 2925 5118 eo;
2954 5060 3139 5110 debens
3180 5071 3223 5111 et
3254 5059 3348 5110 ltoc
3378 5062 3429 5112 in
3461 5060 3573 5113 illis
3602 5062 3754 5113 subet-

1852 5186 2055 5248 Variae
2088 5185 2417 5249 lectiones.

578 5315 621 5345 ³⁸
653 5314 811 5368 Liber
847 5315 1045 5369 albus:
1077 5313 1336 5383 quodque.
1413 5313 1626 5367 "Idem
1671 5330 1684 5366 :
1721 5314 1884 5367 stolii.

508 5380 621 5449 Lib.
680 5397 883 5453 put-lor.
933 5398 990 5438 ut
1040 5380 1129 5454 qui
1175 5380 1276 5437 sec.
1330 5383 1576 5437 Etlitm'es
1624 5386 1687 5437 iis
1744 5386 1853 5452 qui.
1909 5382 2097 5438 Recte.

507 5456 651 5507 κατὰ
694 5458 791 5523 τὴν
828 5457 1065 5525 ἡμέραν.
1144 5456 1189 5525 ξδ
1226 5456 1362 5523 Lege
1395 5472 1408 5507 :
1455 5472 1725 5522 personae.

508 5525 625 5599 ise.
656 5524 991 5597 patriciatus.
1054 5525 1113 5599 7"
1142 5524 1387 5599 Legermi
1417 5544 1429 5578 :
1458 5527 1738 5599 embolum.

503 5668 798 5733 αφόλλεως.
879 5670 923 5700 ³³
981 5671 1052 5722 De.
1105 5664 1553 5737 πλραθαλᾳσᾳίτῃ

502 5719 914 5793 censetur—Vide
950 5719 1087 5792 infra
1127 5719 1258 5789 Νάν.
1296 5719 1604 5789 LXXXV“.
1670 5719 1725 5765 vi“
1759 5719 1872 5787 Iuli.
1915 5719 2069 5787 siluis

1960 5314 2005 5345 ¹⁰
2041 5313 2180 5367 Idem
2213 5331 2225 5367 :
2263 5331 2528 5383 superare.

1802 5455 1850 5486 ³⁸
1885 5455 2132 5507 Etlitores
2178 5465 2367 5507 notum
2416 5472 2429 5508 :

1814 5526 1857 5556 ’⁸
1894 5524 2009 5577 Lilr.
2049 5527 2204 5577 :tlbus
2237 5546 2247 5577 :
2276 5526 2580 5589 pristinum.

505 5594 669 5650 nibus
700 5600 901 5653 curiosi
935 5594 1587 5666 conferam'tloctissimas
1620 5594 1808 5647 'l‘al‘ulii
1858 5597 2228 5666 adoptationes
2262 5596 2298 5666 1ἶ
2339 5598 2401 5653 Ι..
2449 5612 2499 5662 p.
2553 5597 2652 5652 118
2698 5613 2779 5666 sq.

1608 5667 1679 5721 cf.
1732 5667 1901 5732 llaipa.
1953 5662 2039 5723 LI,
2089 5666 2179 5716 29.

2115 5752 2126 5787 :
2170 5735 2537 5805 qualicumque
2586 5735 2749 5793 erum.

2606 5316 2647 5347 ’ί
2680 5317 2863 5370 Malim
2901 5336 2913 5370 :
2956 5319 3137 5373 libras.
3215 5323 3258 5353 ¹²
3305 5320 3392 5376 Sic
3432 5321 3551 5375 Lib.
3584 5320 3749 5375 albus.

2213 5384 2260 5415 ⁸³
2286 5384 2529 5461 Etlilares
2574 5386 2810 5461 deinceps
2839 5390 3150 5461 enitendum.
3183 5391 3297 5445 Non
3343 5409 3492 5461 opus.
3533 5391 3747 5446 Graec:

2482 5457 2515 5511 i.
2555 5472 2603 5508 e.
2638 5459 3161 5526 An'mlpltitanurmn.
3242 5463 3285 5495 ³⁸
3316 5457 3478 5516 Iidem
3529 5469 3748 5515 notant:

2658 5528 2700 5558 ’³
2733 5528 2953 5581 Navium
2991 5534 3220 5599 species.
3296 5534 3339 5564 ³⁸
3369 5536 3439 5587 De
3473 5532 3556 5585 his
3583 5528 3750 5585 nomi-

2859 5599 2899 5630 ³³
2936 5599 3075 5666 Lege
3116 5618 3131 5655 :
3190 5604 3479 5668 exaloleos,
3524 5600 3618 5655 τοῦ
3664 5599 3746 5664 ἐξ·

2743 5670 2939 5745 genitae
2977 5671 3091 5734 (τοῦ
3122 5674 3375 5745 γγενικοῦ)
3420 5670 3747 5745 scribentium

2830 5741 2873 5772 "
2922 5742 3060 5811 Lege
3099 5739 3366 5798 ditiorum;
3438 5743 3481 5774 ³⁸
3516 5744 3590 5798 Ex
3623 5739 3748 5795 Νον.

2259 5664 2304 5695 ³³
2340 5666 2586 5719 Etlitores
2640 5678 2693 5720 tu

500 5800 565 5863 ΙΙΙ
592 5812 759 5868 lsaaci
796 5810 983 5882 Angeli
1017 5820 1167 5881 (toni.
1195 5804 1388 5861 CXXX
1408 5806 1466 5877 ν)
1496 5807 1780 5875 iegeudum
1807 5826 1853 5858 ω
1874 5810 1909 5858 it
1936 5824 1947 5857 :
1977 5800 2230 5872 prompte.
