4026 6286
302 448 401 510 713

1406 447 1774 513 NOVELLIE
1813 445 2489 507 CONSTITUTIONES.

3446 443 3551 509 7M

299 559 546 625 stipulari
569 561 808 628 secretis,
831 562 885 614 in
920 561 1104 631 quibus
1126 570 1172 613 et
1201 575 1406 625 presens
1436 557 1876 625 subasti,ulutum
1911 564 1948 617 Α
1981 555 2182 608 donata
2227 562 2345 608 sunt
2392 554 2518 622 ipsis
2560 552 2709 622 jura,
2741 555 2992 606 donantes
3039 554 3152 608 sine
3194 555 3458 610 ablatione
3499 564 3549 613 in

297 664 374 705 est
413 649 794 723 Chrysobylion
842 653 1057 720 Im;erii
1087 655 1273 716 nostri,
1303 655 1358 705 in
1391 653 1638 705 noticiam
1667 666 1871 713 eorum,

297 760 396 812 que
427 745 622 797 donata
671 757 794 799 sunt
840 751 990 802 rectis
1034 747 1174 801 dulis
1206 746 1425 813 Imperii
1453 745 1554 798 mei
1592 744 1870 806 Veneticis,

297 845 346 888 et
394 834 463 888 ad
493 838 881 892 daortacionem
929 849 1335 906 temperator-um
1383 839 1424 870 "
1470 841 1564 892 hos
1599 841 1874 892 molestare

294 944 476 981 eorum
531 946 714 986 causa.
773 930 936 986 Eruut
985 932 1169 1002 igitur.
1202 949 1300 1002 que
1348 931 1430 986 hic
1467 933 1684 1003 diﬁinita
1727 943 1871 995 sunt,

293 1032 492 1072 semota
521 1020 783 1091 [irataque
823 1023 1124 1092 incorrupta
1153 1039 1200 1078 et
1231 1041 1264 1077 a
1294 1023 1436 1078 nullo
1465 1033 1777 1091 contempta.
1815 1022 1877 1077 Si

294 1125 415 1162 vero
453 1111 570 1178 quis
610 1118 980 1180 contempserit
1030 1114 1260 1183 forsitan
1293 1115 1414 1182 quid
1461 1131 1663 1178 eorum,
1697 1131 1794 1184 que
1820 1114 1874 1166 in

293 1200 394 1253 hoc
437 1201 791 1272 chrysobollio
829 1206 1082 1272 disposita
1115 1215 1260 1271 sunt,
1292 1207 1734 1261 inretnissibiliter
1761 1205 1876 1260 ecci-

293 1300 450 1360 9etur
491 1307 523 1344 a
573 1307 769 1347 secreto
810 1304 899 1348 ton
947 1295 1218 1350 oichiacon
1266 1313 1452 1350 aurum
1506 1297 1668 1350 libras
1699 1296 1794 1358 Χ..
1825 1307 1871 1351 et

296 1386 647 1450 quantitatem
678 1387 814 1455 ejus,
863 1393 1001 1460 quod
1035 1389 1269 1443 ablatura
1316 1391 1472 1460 fuerit
1521 1405 1586 1443 ea:
1630 1392 1724 1455 eis,
1757 1407 1875 1457 per-

297 1476 459 1530 solvet
487 1477 541 1530 in
568 1482 944 1550 quadruplum,
976 1484 1096 1553 quia
1121 1481 1273 1551 ﬁrmo
1312 1500 1372 1536 ac
1413 1499 1592 1537 securo
1627 1485 1876 1538 existente

295 1578 537 1636 presente
557 1572 644 1640 pio
669 1573 1042 1641 chrysobollio,
1064 1575 1205 1643 {acto
1239 1577 1378 1628 circa
1401 1573 1604 1628 Maium
1626 1591 1872 1642 mensem,

298 1665 474 1730 quinte
510 1662 849 1731 Indictiouis,
899 1668 950 1719 ia
995 1684 1135 1721 anno
1177 1685 1269 1721 se:
1318 1670 1592 1722 millesimo
1631 1670 1877 1723 ducente-

295 1755 433 1810 simo
463 1755 531 1819 ³⁸,
567 1757 622 1810 in
658 1773 761 1826 quo
789 1768 835 1810 et
867 1770 1105 1812 nostrum
1137 1761 1280 1827 piutn
1307 1770 1354 1814 et
1376 1777 1408 1813 a
1441 1761 1545 1814 Deo
1581 1772 1872 1829 promotum

293 1847 624 1918 subsignarit
662 1847 970 1918 Imperium.
1017 1872 1034 1903 ι

1982 664 2126 700 erum
2178 663 2349 712 omne,
2396 656 2453 700 ut
2498 646 2709 715 ﬁrmum
2748 655 2798 700 et
2845 661 3086 700 securum
3131 649 3302 704 inesse
3343 668 3552 719 presens

1981 737 2382 806 chrysobollion,
2425 735 2620 802 factum
2656 753 2748 804 per
2778 736 3068 806 Augustum
3105 755 3326 792 mensem
3371 753 3554 809 quarte

1981 829 2298 884 Indictionis
2329 829 2686 882 sexmillesimi
2723 828 3100 885 DCXXXIIII
3131 831 3176 864 "
3209 836 3357 900 anni,
3377 838 3429 888 in
3453 853 3552 905 quo

1981 932 2030 976 et
2065 933 2295 976 nostrum
2323 923 2466 990 pium
2499 933 2544 976 et
2576 938 2608 974 a
2636 913 2742 976 Deo
2773 933 3066 992 promotum
3096 924 3413 995 sabsignavit
3444 926 3556 980 Im-

1981 1015 2202 1084 perium.

2053 1109 2116 1162 Et
2147 1109 2243 1163 hec
2275 1109 2512 1178 quidem,
2545 1123 2647 1178 quo
2679 1123 2707 1162 a
2743 1109 2996 1164 laudabili
3025 1109 3350 1182 Imperatore
3373 1122 3428 1168 et
3455 1130 3556 1170 avo

1983 1197 2194 1269 Imperii
2247 1201 2351 1256 mei
2387 1213 2443 1256 et
2485 1217 2512 1255 a
2552 1211 2634 1256 ter
2682 1202 2841 1257 beato
2876 1202 3207 1272 Imperatore
3248 1207 3468 1262 domino
3500 1217 3557 1263 et

1985 1305 2136 1361 patre
2160 1293 2375 1364 Imperii
2404 1295 2505 1347 mei
2531 1293 2725 1348 donata
2759 1293 3086 1350 ﬁdelissimis
3111 1294 3340 1367 Imperio
3367 1309 3556 1356 nostra

1984 1384 2257 1440 Veneticis
2305 1400 2399 1454 per
2449 1386 2848 1458 chrysobollion
2895 1387 3143 1455 illorpm;
3195 1393 3335 1460 quod
3373 1392 3556 1463 utique

1984 1478 2385 1550 cbrysobollion
2461 1491 2701 1535 noetrum
2769 1495 2987 1548 quoque
3055 1483 3199 1551 pium
3268 1483 3554 1554 Imperium

1985 1571 2164 1625 ilrmat
2190 1586 2284 1641 per
2311 1582 2613 1642 prescutem
2641 1573 3035 1642 chrysobolliou
3065 1589 3394 1642 sermonem,
3423 1578 3558 1633 ditiis

1984 1664 2169 1734 nitqne
2217 1663 2500 1718 etlicatiam
2553 1663 2792 1728 azil‘ert'e,
2839 1665 2977 1718 sicut
3033 1667 3304 1722 habebant
3358 1671 3456 1724 hoc
3503 1684 3559 1727 tt

1985 1768 2153 1821 usque
2180 1755 2243 1808 ad
2287 1754 2664 1824 migrationem
2697 1755 2760 1807 ad
2791 1756 3066 1808 dominum
3101 1757 3152 1810 in
3185 1757 3230 1790 "
3262 1759 3557 1830 Imperato-

1984 1846 2134 1901 ribus
2167 1845 2449 1900 laudabilis
2498 1857 2552 1902 et
2599 1855 2679 1900 ter
2729 1848 2868 1901 beati
2907 1850 3106 1903 domini
3151 1863 3203 1905 et
3254 1855 3422 1921 patris
3450 1855 3560 1910 lm-

369 1939 697 2009 IIujusmodi
741 1960 862 2014 ergo
913 1945 1299 2015 chrysobollion
1344 1947 1658 2016 confirmans
1705 1947 1875 2018 Impe-
1912 1933 2116 2010 Βρθτίἱ
2179 1941 2312 2005 Πιθῖ,
2379 1941 2520 1995 velut
2584 1942 2744 1996 ε’ῐῖιιιη
2800 1941 3070 1999 ννηειίοὶϐ
3143 1956 3398 2003 consueta
3457 1950 3560 2004 sibi

294 2033 433 2087 rium
465 2051 660 2099 meum,
689 2038 813 2092 bene
852 2039 959 2092 uult
993 2052 1040 2093 et
1074 2041 1198 2092 item
1237 2040 1424 2095 habere
1449 2041 1709 2110 e/fectum,
1745 2046 1878 2097 sicut

291 2130 590 2194 expositum
639 2140 718 2182 est
763 2147 796 2183 a
825 2131 1082 2200 principio
1112 2132 1323 2201 quando
1367 2136 1440 2186 eis
1475 2137 1730 2188 donatum
1779 2144 1880 2200 est,

293 2219 371 2271 ita
411 2231 467 2272 ut
521 2219 575 2274 et
617 2225 1008 2288 solempnorum
1057 2225 1370 2292 phalatimia
1425 2226 1468 2257 ³⁸
1515 2229 1783 2292 proveniat
1833 2240 1878 2282 et

291 2315 543 2385 deinceps
581 2315 881 2380 imminute,
924 2327 974 2372 et
1019 2319 1244 2374 honores
1288 2320 1605 2388 dignitatum
1653 2321 1880 2375 habeant

291 2403 662 2461 nobilissimus
703 2407 823 2461 Dux
861 2418 910 2462 et
958 2412 1277 2465 sacerrimus
1319 2411 1635 2467 Patriarcha
1677 2430 1878 2480 eorum,

285 2500 558 2566 accipiant
594 2509 797 2554 tantum
827 2502 872 2534 ⁸⁸
901 2518 946 2557 et
983 2520 1166 2573 rogas,
1193 2521 1370 2558 verum
1398 2507 1557 2559 etiam
1593 2509 1877 2572 possessio-

290 2608 412 2645 nem
465 2602 514 2646 et
577 2593 886 2662 [ruitionem
954 2598 1267 2650 donatorutn
1321 2606 1369 2650 et
1419 2598 1735 2651 traditarum
1781 2598 1880 2652 sibi

286 2686 710 2754 ergasteriorum
759 2695 807 2740 et
853 2687 1120 2740 scalarum
1165 2687 1390 2742 habeant
1435 2693 1544 2743 sine
1593 2689 1877 2744 ablatione.

287 2775 554 2830 Similiter
573 2790 620 2830 et
653 2778 876 2832 habeant
905 2769 1005 2842 ipsi
1026 2779 1139 2834 sine
1164 2781 1512 2842 prohibitione
1541 2793 1589 2836 et
1618 2783 1879 2853 negociari

284 2870 404 2924 sine
457 2873 774 2924 commercio
823 2883 872 2925 et
921 2871 1138 2926 datioue
1191 2873 1556 2942 qualicumque
1606 2875 1771 2928 altera
1826 2877 1880 2928 in

285 2960 537 3016 omnibus
565 2963 918 3018 dinumeratis
962 2965 1016 3018 in
1050 2965 1283 3034 prefacto
1312 2966 1659 3036 chrysobollio
1690 2968 1878 3021 civita-

291 3057 435 3108 tibus
463 3065 510 3110 et
541 3057 865 3126 regionibus,
897 3074 995 3128 que
1041 3057 1136 3112 sub
1168 3067 1424 3127 potestate
1461 3058 1680 3128 Imperii
1713 3062 1882 3115 nostri

297 3156 440 3200 sunt.
485 3145 680 3202 Verum
723 3150 878 3203 etiam
913 3161 969 3204 ut
1007 3151 1072 3204 ab
1104 3151 1405 3220 ergasteriis
1436 3152 1877 3222 Amalphitorum,

299 3253 396 3306 que
441 3255 536 3307 per
593 3240 980 3312 chrysobollion
1028 3246 1321 3298 constituta
1367 3257 1486 3299 sunt
1546 3245 1880 3300 sanctissime

290 3333 510 3384 ecclesie
545 3333 770 3400 apostoli
797 3346 843 3389 et
879 3337 1192 3405 evangeliste
1223 3335 1416 3398 Marci,
1448 3339 1538 3406 qui
1566 3345 1644 3392 est
1684 3338 1738 3390 in
1779 3335 1877 3397 γε.

287 3424 460 3487 netia,
512 3425 699 3478 dentur
733 3427 803 3478 ad
851 3443 967 3480 eam
1020 3428 1130 3480 sine
1178 3429 1487 3482 minutione.
1543 3429 1716 3494 Quum
1761 3445 1880 3482 vero

283 3527 418 3568 ante
465 3532 632 3569 annos
675 3533 781 3572 non
827 3506 1021 3584 paucos
1064 3521 1282 3589 contigit
1314 3537 1422 3581 eos,
1455 3521 1540 3589 qui
1591 3520 1876 3575 vendebant

304 3605 566 3664 Venetici's
607 3609 662 3662 in
705 3607 970 3664 Romaicts
1017 3612 1314 3681 regionibus
1362 3613 1741 3682 negociationes
1775 3611 1880 3666 ali-

283 3715 454 3768 quas,
490 3702 855 3756 commercium
884 3706 948 3758 de
978 3705 1105 3770 ipsis
1139 3705 1297 3774 exigi,
1323 3713 1371 3759 et
1404 3705 1629 3772 optinuit
1657 3705 1741 3758 hic
1766 3719 1877 3758 mos

288 3793 452 3847 annis
497 3794 676 3847 multis
701 3798 757 3848 ut
787 3794 828 3826 “
876 3797 1078 3849 dictum
1136 3807 1234 3858 est,
1265 3807 1576 3865 rogaverunt
1610 3809 1785 3850 autent
1829 3807 1876 3850 et

289 3884 363 3938 de
409 3885 509 3937 hoc
556 3883 847 3948 Imperium
881 3902 1050 3940 meum
1079 3888 1195 3954 ﬁeri
1229 3887 1274 3919 δ’
1306 3887 1638 3941 dilectissimi
1670 3888 1783 3940 duli
1829 3897 1876 3941 et

290 3981 458 4036 amici
489 3982 602 4050 ejus
642 3979 891 4048 Venetici,
919 3996 1175 4054 quatenus
1205 3984 1552 4052 corrigeretur
1577 3981 1879 4052 hujusmodi

290 4089 504 4144 quoque
528 4075 838 4142 capitulum,
863 4087 910 4131 et
940 4077 1230 4131 donaretur
1255 4077 1354 4129 sibi
1379 4085 1428 4130 et
1458 4077 1519 4128 ab
1548 4075 1624 4129 his
1646 4084 1877 4144 potestas

289 4177 343 4220 et
379 4165 618 4228 libertas,
653 4165 920 4235 complerit
962 4178 1009 4220 et
1059 4168 1192 4220 hanc
1238 4169 1546 4236 peticionem
1594 4166 1877 4234 Imperium

293 4273 497 4318 meum,
530 4271 573 4310 et
616 4257 797 4324 deﬁnit
844 4273 936 4326 per
970 4273 1180 4323 presens
1225 4256 1628 4326 chi-ysobollion,
1677 4257 1878 4309 nullum

286 4364 479 4402 eoru-n
510 4349 598 4416 qui
625 4351 716 4401 sub
749 4360 1002 4416 potestate
1041 4349 1258 4414 Imperii
1290 4349 1474 4409 nostri,
1513 4348 1693 4402 Grecis
1724 4366 1879 4419 nego.

288 4443 572 4498 cientibus
597 4459 710 4496 cum
770 4442 1022 4496 Veneticis
1063 4445 1114 4495 in
1166 4444 1403 4496 omnibus
1447 4443 1742 4513 regionibus
1779 4442 1880 4496 lto-

294 4535 496 4600 manie,
529 4536 607 4588 est
642 4539 849 4604 quando
879 4537 1046 4591 vendit
1077 4541 1145 4590 ad
1176 4555 1264 4590 eos
1299 4539 1375 4591 vel
1407 4544 1616 4608 quando
1657 4540 1776 4593 emit
1815 4540 1876 4591 ab

1983 2043 2320 2088 sacramenta
2377 2050 2528 2090 Sacra
2594 2036 2950 2102 habentibus,
2999 2052 3216 2093 servare
3265 2040 3330 2097 ad
3378 2038 3558 2110 Impe-

1986 2126 2124 2180 rium
2164 2139 2340 2178 meum
2391 2137 2443 2180 et
2484 2124 2798 2180 Romaniatn
2839 2129 2996 2182 [idem
3034 2140 3083 2185 et
3115 2130 3394 2186 servilium
3429 2131 3559 2203 ipsis

1983 2216 2176 2286 Opibus
2209 2231 2418 2286 puram,
2454 2231 2656 2278 veram.
2693 2226 2920 2273 rectam.

2053 2309 2186 2376 Quia
2219 2327 2372 2372 vero.
2406 2313 2550 2368 sicut
2577 2313 2805 2369 relatum
2837 2325 2920 2371 est
2947 2315 3178 2388 Imperio
3209 2333 3329 2375 meo
3360 2336 3389 2376 a
3427 2337 3558 2394 pre-

1986 2402 2232 2458 sentibus
2265 2403 2316 2458 in
2357 2396 2676 2475 M'egaIOpoli
2713 2407 2894 2462 missis
2925 2407 3326 2479 Venetieorum,
3363 2429 3558 2470 conseo

1983 2494 2090 2549 cuti
2127 2496 2344 2564 quidem
2399 2507 2526 2552 sunt
2561 2497 2800 2554 Venetici
2857 2509 3167 2570 preceptum
3215 2504 3558 2574 Imperatoris

1985 2589 2272 2646 laudabilis
2296 2592 2495 2646 domini
2518 2602 2569 2645 et
2595 2595 2764 2660 patris
2791 2592 3003 2664 Imperii
3031 2597 3160 2662 mei,
3185 2627 3253 2638 --
3277 2599 3555 2656 licent-iam

1984 2682 2068 2736 his
2089 2682 2302 2738 donans
2335 2684 2678 2750 improhibite
2706 2687 2865 2740 etiam
2909 2702 3005 2757 per
3033 2689 3236 2745 insulas
3261 2691 3475 2761 Cypron
3505 2703 3560 2750 et

1984 2774 2178 2830 Creten
2231 2777 2495 2846 negociari
2534 2788 2586 2832 et
2630 2779 2746 2832 sine
2792 2781 3066 2836 c0nsortio
3109 2797 3202 2837 eos
3248 2785 3334 2837 ubi
3388 2795 3560 2840 terra-

1983 2885 2102 2924 rum
2137 2867 2183 2902 δ’
2217 2870 2436 2940 Imperii
2489 2871 2589 2925 mei
2644 2888 2740 2942 pro
2792 2875 2926 2937 hiis,
2979 2890 3083 2940 que
3130 2877 3194 2930 ad
3245 2877 3555 2946 hujusmodi

1981 2960 2184 3019 insulas
2214 2964 2541 3034 negociande
2585 2975 2710 3020 sunt
2749 2966 2815 3020 ab
2858 2967 2958 3032 eis,
2992 2967 3315 3024 omnimodis
3349 2971 3558 3036 Specie-

1981 3056 2103 3123 bus,
2128 3087 2194 3097 -—
2215 3072 2320 3113 non
2364 3059 2589 3128 contigit.
2618 3068 2821 3124 autem,
2857 3075 2965 3132 que
3007 3061 3057 3114 in
3088 3061 3393 3131 huiusmodi
3440 3078 3560 3133 pre-

1982 3157 2139 3215 cepto
2170 3148 2705 3217 conprehenduntur,
2741 3148 2990 3205 eil'ectum
3025 3150 3286 3221 recipere,
3330 3169 3394 3207 ac
3431 3169 3561 3220 pro-

1985 3244 2106 3306 pter
2157 3238 2258 3292 hoc
2311 3252 2481 3307 usque
2534 3254 2676 3294 nunc
2733 3254 2828 3309 per
2883 3241 3186 3312 hujusmodi
3243 3257 3561 3313 preceptum

1989 3327 2184 3383 donata
2233 3329 2336 3385 sibi
2378 3331 2643 3396 Iilotimia,
2673 3331 2709 3386 i.
2746 3347 2798 3388 ο.
2849 3333 3134 3390 donatione
3166 3337 3444 3406 privamur
3479 3334 3562 3392 vel

1987 3432 2178 3477 carent
2208 3420 2450 3479 Venetici
2479 3442 2494 3480 :
2529 3425 2832 3495 petiverunt
2870 3442 2998 3483 vero
3041 3429 3328 3499 Imperium
3377 3446 3560 3486 meum

1987 3513 2290 3569 lllotimiam
2329 3516 2543 3584 quidem
2580 3515 2742 3584 banc,
2773 3532 2877 3588 que
2926 3520 2979 3574 in
3031 3521 3270 3590 predicto
3310 3532 3563 3594 precepto

1986 3603 2159 3657 fertur
2189 3603 2476 3660 laudabilis
2523 3603 2873 3676 Imperatoris
2920 3608 3122 3664 domini
3147 3618 3210 3675 et
3249 3612 3420 3681 patris
3451 3611 3558 3668 Im-
3587 3656 3592 3660 .

1984 3697 2119 3767 perii
2152 3698 2277 3761 mei,
2322 3696 2378 3752 in
2408 3712 2543 3767 opus
2570 3713 2698 3755 vero
2735 3698 3005 3757 Veneticis
3037 3717 3142 3758 nou
3187 3707 3454 3774 provenit,
3490 3708 3558 3762 ab

1987 3789 2215 3858 Imperio
2238 3804 2357 3844 meo
2379 3790 2579 3860 precipi
2606 3790 2891 3848 eﬂicatiam
2920 3796 2988 3849 ab
3013 3795 3115 3850 hoc
3139 3812 3279 3852 nunc
3307 3797 3559 3866 auferre;

1987 3882 2274 3950 Imperium
2313 3882 2415 3936 mei
2459 3895 2674 3954 propter
2698 3900 2846 3951 eam,-
2880 3903 3040 3956 qumn
3066 3888 3133 3953 ad
3170 3890 3343 3958 ipsum
3369 3900 3425 3945 et
3454 3891 3564 3945 Ro-

1990 3973 2224 4029 maniam
2258 3981 2580 4044 monstrant,
2612 3992 2800 4032 verum
2832 3979 2993 4034 etiam
3035 3980 3229 4036 dehinc
3260 3991 3564 4041 monstrare

1992 4066 2329 4136 promittunt,
2367 4065 2523 4122 ﬁdem
2557 4075 2718 4138 atque
2752 4069 3053 4136 servitium,
3083 4071 3387 4142 huiusmodi
3421 4075 3564 4146 ipso-

1988 4174 2108 4212 rum
2157 4160 2425 4229 petieione
2473 4171 2719 4229 suscepta
2753 4163 2864 4218 vult
2895 4177 2959 4218 ac
3004 4163 3211 4232 deﬂuit,
3248 4182 3342 4223 eos
3373 4178 3425 4222 et
3464 4184 3561 4240 per

1990 4250 2232 4318 insulas,
2282 4251 2519 4324 Cyprum
2575 4254 2824 4310 videlicet
2869 4256 3210 4328 Cretenque,
3255 4261 3559 4331 negociari,

1988 4359 2088 4398 nec
2120 4344 2189 4398 ab
2220 4346 2400 4412 aliquo
2445 4345 2710 4415 quidlibet
2744 4347 2883 4415 exigi
2935 4348 3124 4403 horum
3158 4365 3342 4415 causa,
3386 4353 3478 4406 sed
3529 4369 3560 4408 a

1986 4436 2398 4494 Itoutetkieutiis
2430 4454 2526 4494 eos
2562 4442 2872 4495 conservari
2921 4442 3118 4512 ubique
3150 4454 3416 4498 terrarum
3458 4447 3561 4500 lm-

1991 4533 2124 4602 petii
2152 4531 2253 4586 mei
2279 4533 2577 4588 secundum
2603 4533 2850 4602 superius
2876 4544 3136 4590 tractatas
3165 4535 3558 4594 distinctiones.

289 4629 478 4697 aliquo
515 4627 560 4658 “
595 4644 796 4690 eorum,
846 4631 975 4681 dare
1016 4630 1061 4661 “
1105 4647 1198 4699 pro
1247 4635 1556 4684 commercio
1600 4632 1874 4702 quidlibet,
1913 4661 1955 4715 ὓ
1991 4625 2055 4680 Et
2088 4636 2146 4678 ut
2191 4626 2425 4680 habeant
2459 4625 2530 4681 hii
2567 4626 2912 4682 securitatem
2947 4627 2997 4681 iu
3033 4628 3134 4693 his,
3165 4644 3270 4699 que
3315 4645 3409 4700 per
3440 4649 3563 4699 pru-

290 4720 379 4774 vel
424 4733 520 4789 pro
552 4719 720 4774 altera
755 4724 992 4790 quamvis
1023 4723 1330 4788 exactione;
1362 4723 1450 4777 sed
1482 4735 1535 4777 ut
1568 4734 1881 4778 excusantur

287 4827 339 4866 et
373 4813 501 4880 ipsi,
530 4813 668 4866 sicut
695 4825 740 4867 et
767 4815 862 4875 hii,
887 4815 977 4884 qui
1016 4831 1133 4867 cum
1159 4817 1483 4869 commerciis
1517 4819 1876 4886 negarinntur.

297 4903 495 4955 Verum
541 4914 715 4958 tamen
751 4906 932 4958 debent
965 4920 1010 4959 et
1057 4896 1284 4960 Venetici
1311 4924 1392 4972 ea,
1431 4925 1527 4977 que
1557 4925 1646 4974 per
1675 4911 1874 4978 [actam

289 4999 498 5067 scripto
523 4999 919 5068 conventionem
955 5018 984 5051 a
1031 5000 1215 5068 legatis
1244 5018 1420 5054 eorum
1466 5003 1725 5067 promissa
1760 5011 1881 5054 sunt

279 5093 650 5160 jurejurando
683 5089 910 5160 Imperio
959 5109 1089 5157 meo,
1125 5094 1282 5161 ﬁrma
1314 5109 1518 5146 servare
1550 5095 1880 5159 incorrupta.

295 5184 370 5240 In
408 5199 510 5251 qua
552 5195 704 5238 erant
743 5201 947 5250 eorum,
989 5201 1088 5255 que
1123 5202 1211 5253 per
1242 5202 1450 5254 presens
1493 5185 1881 5257 chrysobollion

1979 4727 2198 4783 sentem
2226 4717 2623 4789 cbrysobollion
2660 4734 2964 4775 sermonem
2996 4721 3203 4777 diﬂuita
3253 4735 3398 4790 sunt,
3442 4741 3564 4792 pre-

1987 4825 2116 4866 sens
2144 4811 2419 4878 expositus
2459 4822 2542 4866 est
2575 4806 2979 4880 chrysoliullius
3013 4829 3213 4879 sermo,
3263 4815 3437 4870 Iactus
3468 4833 3561 4888 per

1987 4919 2231 4959 mensem
2285 4903 2608 4969 Octubrem,
2678 4907 2995 4963 Iudictionis
3051 4909 3370 4975 undecime,
3434 4914 3561 4966 anni

1985 4999 2161 5052 sexies
2211 4997 2478 5051 millesimi
2515 5001 2891 5053 sexcentesimi
2927 5001 3354 5070 quinquagesimi
3397 5005 3558 5069 sisti,

1987 5091 2042 5143 in
2074 5105 2180 5158 quo
2209 5101 2264 5143 et
2296 5101 2538 5143 nostrum
2575 5091 2720 5161 piqu
2752 5101 2804 5145 et
2835 5111 2860 5144 ει
2890 5092 2999 5146 Deo
3045 5106 3342 5163 promotum
3379 5097 3561 5150 subsi-

1985 5183 2167 5252 guavit
2202 5181 2508 5251 Imperium.

1670 5316 1870 5379 Variae
1903 5313 2238 5376 lectiones.

381 5440 430 5475 ⁸⁷
450 5439 697 5495 Editore‘s
728 5449 1100 5509 temptatorum
1132 5441 1211 5495 vel
1239 5443 1602 5510 temptantium
1631 5441 1729 5510 legi
1754 5440 1958 5494 volunt.

2037 5437 2081 5470 ⁸⁸
2129 5435 2372 5490 Editorcs
2408 5447 2588 5489 notant
2621 5450 2635 5488 :
2668 5455 2685 5487 t
2724 5438 2909 5490 Annus
2951 5453 3015 5491 ex
3067 5453 3228 5503 prave
3273 5436 3562 5495 intellectis

293 5517 548 5570 numeris
565 5510 769 5566 Graecis
787 5508 1075 5578 corruptus
1096 5523 1208 5566 est:
1233 5516 1304 5566 uti
1327 5508 1636 5566 indictiouis
1671 5508 1876 5586 quintae
1897 5511 2079 5586 _doce.t
2114 5508 2560 5586 additamentum,
2593 5518 2892 5586 estﬂannus
2918 5579 2927 5586 _
2953 5510 3134 5586 mundi
3166 5508 3304 5586 659‘.)
3329 5535 3397 5544 —-
3426 5511 3561 5586 1982

299 5583 664 5653 p.Chr.is_que
684 5598 904 5650 prorsus
929 5577 1238 5636 convenit.»
1276 5584 1392 5638 Meo
1415 5583 1613 5651 judicio
1644 5577 1707 5636 ei
1744 5583 1873 5636 Nov.
1897 5578 2066 5653 Isaaci
2101 5578 2289 5653 Angeli
2319 5594 2414 5653 pro
2448 5578 2634 5653 iisdem
2673 5577 2886 5653 Venetis
2916 5579 3195 5653 legendum
3225 5585 3348 5653 est”:
3379 5580 3559 5653 quinte

292 5645 497 5710 decime
545 5645 948 5707 Indictionis—
971 5655 1366 5716 sexcentesimo,
1395 5645 1454 5706 ut
1497 5655 1563 5705 ad
1618 5667 1816 5707 annum
1851 5667 1904 5719 p.
1930 5649 2059 5704 Chr.
2111 5648 2251 5702 1092
2285 5645 2564 5726 referatur.
2602 5645 2662 5700 Ζ.
2705 5662 2736 5699 Α
2774 5645 2834 5699 L.

296 5728 346 5759 ⁸ο
400 5724 580 5770 Malim
615 5740 630 5770 ε
665 5732 861 5770 autem-
938 5723 978 5754 ⁸¹
1020 5722 1090 5770 lla
1121 5739 1216 5770 nm
1245 5736 1292 5770 tu
1325 5724 1559 5770 rnnnsui.
1635 5725 1680 5754 ’⁵⁸
1727 5721 1865 5770 Lege.
1897 5718 2189 5770 ﬁdelissimi
2223 5733 2320 5770 ι)το
2357 5717 2467 5770 ﬁeri
2499 5716 2594 5770 ἀει.
2673 5716 2717 5747 ⁸³
2761 5714 2834 5770 C0

1492 5724 1559 5776 ui.
1635 5725 1680 5754 "
1727 5717 1865 5786 Lege
1894 5718 2189 5787 ﬁdelissimi
2223 5733 2320 5786 pro
2354 5717 2467 5786 ﬁeri
2499 5717 2594 5771 dil.
2673 5717 2717 5747 "
2761 5717 2930 5771 Codd.
2974 5717 3171 5785 aliqua.
3248 5717 3291 5745 δ”
3332 5717 3442 5764 Lllt.
3475 5718 3555 5766 ul-

1492 5796 1536 5827 “
1577 5795 1744 5848 Codd.
1791 5792 1918 5852 234,
1968 5791 2058 5842 sed
2101 5789 2553 5862 sescentesimum
2602 5800 2882 5862 numerum
2920 5789 3088 5862 habet
3118 5785 3250 5862 Nov.
3283 5782 3555 5862 Iinlﬂlsaati

1192 5864 1237 5897 ⁸⁸
1266 5863 1384 5919 Lib.
1424 5865 1575 5917 albus
1607 5867 1660 5916 in
1691 5879 1794 5916 non
1828 5851 2009 5914 habet.
2048 5857 2291 5910 E-litores
2345 5856 2688 5924 Imperatoris
2743 5857 3029 5911 emendant
3058 5872 3072 5908 ;
3106 5856 3266 5908 male.
3302 5851 3384 5904 Cf.
3409 5857 3554 5915 enim

1114 5935 1157 5965 ⁴⁷
1188 5934 1329 6002 Lege
1364 5952 1377 5987 :
1415 5937 1527 5989 sine
1551 5933 1854 5988 commercio
1891 5930 2078 5999 ubique
2108 5937 2389 5981 terrarum.

296 5728 346 5759 ⁸⁸
398 5724 580 5779 Malim
615 5740 630 5778 :
665 5732 861 5777 autem.
938 5723 978 5754 δ’
1018 5722 1090 5776 lla
1121 5739 1216 5792 pro
1245 5736 1292 5777 et
1325 5724 1559 5793 reposui.

292 5799 397 5853 bus
431 5815 444 5851 :
481 5796 627 5858 dein,
671 5793 789 5847 Lib.
827 5803 1104 5862 pactorum
1157 5811 1171 5848 :
1204 5797 1413 5846 dentur.

293 5867 488 5938 Angeli
519 5866 662 5927 (uide
691 5858 1124 5938 t_orn.'_CXX.\V)_

293 5934 501 5995 didam
543 5934 812 5992 novellam
845 5934 1035 5990 Isaaci.

668 6029 919 6090 Ps'rnor.
977 6030 1097 6091 Gn.
1133 6027 1482 6090 CXXXIII.

2915 5645 2985 5678 εγ
3013 5648 3149 5713 [lege
3184 5664 3196 5698 :
3234 5645 3554 5700 t'ItllOlitttia.

2673 5716 2717 5747 ”
2761 5714 2930 5771 Codd.
2974 5716 3171 5785 aliqua.
3248 5715 3296 5785 δέ
3332 5716 3442 5785 Litt.
3475 5718 3555 5766 nl-

3141 6015 3215 6077 23
