4026 6286
569 437 683 505 ’115

1820 441 1980 504 MAN
1990 440 2218 503 UELIS
2259 436 2603 504 COMNENI

3732 450 3827 516 116

2145 582 2248 643 ιν.

1839 732 1906 771 DE
1932 732 2246 771 ιυιιΑΙΕΝτο
2275 731 2590 773 JUDEORUI.

561 852 849 931 Suggestio
909 855 1219 931 cujusdam,
1277 858 1406 931 [acti
1460 874 1524 912 ex
1581 856 1772 931 διιείωο
1822 859 2160 918 Christiani;

671 927 964 996 continens,
1002 928 1157 999 quale
1175 930 1243 983 sit
1274 927 1586 985 Juda'orum
1636 930 2041 1001 jusjurandum.

641 1104 894 1175 Indignus
957 1119 1060 1177 ego
1113 1117 1166 1162 et
1241 1106 1573 1163 humillimus
1637 1111 2025 1181 potentissimae
2090 1126 2157 1168 ac

571 1214 748 1255 sacrae
797 1209 903 1254 tua
962 1198 1261 1268 maiestatis
1305 1216 1516 1265 servus,
1567 1202 1905 1258 conﬁdenter
1968 1220 2156 1277 preces

568 1291 689 1356 tibi,
712 1292 1079 1349 sacratissime
1102 1292 1374 1365 princeps,
1404 1292 1589 1350 oﬂ‘ero.
1625 1294 1700 1350 Ex
1749 1295 1951 1356 Iudaeis
1996 1308 2156 1356 natus

565 1400 686 1440 sum
747 1400 937 1441 servus
992 1394 1135 1454 tuus,
1193 1387 1259 1442 de
1296 1396 1477 1443 castro
1530 1388 1624 1443 tibi
1654 1388 1899 1461 subjecto
1927 1392 2150 1451 Attalia.

571 1476 666 1535 Dei
702 1492 829 1533 vero
863 1478 1215 1548 benignitate,
1243 1479 1335 1550 qui
1366 1495 1471 1536 non
1510 1482 1660 1536 venit
1685 1492 1931 1539 vocatum
1953 1483 2151 1555 justos,

564 1574 660 1624 sed
708 1580 1025 1641 peccatores
1074 1571 1142 1626 ad
1212 1573 1587 1643 paenitentiam
1617 1614 1634 1641 ,
1691 1576 1756 1631 ad
1833 1576 2153 1635 delictorum

555 1674 805 1716 meorum
832 1661 1165 1734 agnitionem
1206 1664 1451 1735 perveni,
1487 1676 1846 1740 sanctumque
1884 1670 2152 1742 baptisma

558 1768 664 1824 per
710 1754 879 1811 animi
937 1758 1346 1837 conversionem
1412 1762 1654 1833 suscepi.
1702 1764 1906 1821 Deinde
1934 1777 2155 1837 propter

564 1846 880 1903 felicitatem
914 1849 1083 1904 divini
1106 1836 1317 1920 imperii
1343 1849 1561 1919 tui,tres
1589 1857 2154 1927 quoque-fraterculos

572 1952 726 1993 uncos
783 1938 1075 2010 baptizavi.
1129 1941 1193 1997 Et
1244 1944 1441 2002 oblatis
1487 1948 1740 2018 precibus
1783 1961 2096 2019 suggestum
2124 1968 2151 2006 a

561 2030 722 2088 nobis
768 2040 852 2089 est
895 2034 1221 2092 beatissima
1275 2048 1587 2112 sanctaque
1631 2044 1906 2099 memoriae
1930 2044 2153 2101 domino

552 2132 615 2181 et
660 2123 975 2205 imperatori
1008 2137 1217 2196 nostro,
1269 2132 1415 2201 patri
1451 2132 1711 2190 divinitus
1753 2148 2027 2192 coronatae
2067 2154 2153 2192 sa-

2276 854 2659 927 ’Υπόμνηονίς
2718 874 2886 923 τινος
2950 857 3071 912 ἀπὸ
3120 856 3428 913 Ἰουδαίων
3480 859 3832 927 Χριστιανοῦ

2332 927 2661 998 γενομένου
2683 972 2696 989 ,
2740 927 3107 999 περιέχουσα
3138 930 3346 996 ὁποῖός
3383 930 3555 985 ἐστιν
3586 934 3621 985 ό
3664 929 3831 997 ὅρκος

2240 1056 2243 1059 λ
2328 999 2449 1053 τῶν
2492 1000 2820 1075 Ἰουδαίων.

2333 1093 2565 1162 Τολμῶν
2621 1092 2650 1144 6
2702 1094 2928 1159 ἀνάξιος
2985 1096 3077 1149 καὶ
3124 1097 3463 1168 πανευτελὴς
3502 1096 3694 1160 δοῦλος
3743 1101 3832 1167 τῆς

2259 1185 2566 1258 κρατίστης
2597 1189 2691 1240 καὶ
2722 1189 2888 1257 ἁγίας
2916 1206 3013 1243 σου
3044 1189 3327 1260 βασιλείας
3359 1192 3571 1261 δέομαι,
3607 1192 3840 1245 δέσποτα

2260 1296 2365 1349 μου
2398 1278 2544 1347 am.
2582 1280 2673 1347 Ἐξ
2708 1280 2986 1335 Ἰουδαίων
3018 1284 3292 1354 ἐγενόμην
3317 1286 3345 1337 6
3371 1284 3556 1347 δοῦλός
3598 1302 3696 1338 σου
3733 1286 3839 1337 ἀπὸ

2254 1372 2352 1426 τοῦ
2380 1372 2633 1428 δουλικοῦ
2668 1390 2762 1427 σου
2787 1374 3025 1446 κάστρου
3074 1375 3414 1440 Ἀτταλείας.
3445 1378 3839 1449 Φιλανθρωπία

2255 1464 2316 1518 δὲ
2349 1464 2517 1526 Θεοῦ.
2563 1465 2661 1519 τοῦ
2710 1466 2785 1537 μὴ
2832 1465 3084 1531 ἐλθόντος
3131 1467 3360 1521 καλέσαι
3405 1468 3651 1532 δικαίους
3699 1469 3835 1522 ἀλλὰ

2258 1558 2627 1629 ἁμαρτωλοὺς
2682 1559 2766 1622 είς
2829 1560 3150 1630 μετάνοιαν,
3203 1561 3287 1624 είς
3331 1560 3628 1628 ἐπίγνωσιν
3673 1556 3838 1633 ἦλθον

2258 1652 2370 1705 τῶν
2408 1652 2560 1719 ἐμῶν
2591 1653 2908 1724 ἁμαρτιῶν,
2941 1655 3038 1708 καὶ
3081 1654 3379 1727 βάπτισμα
3419 1655 3575 1724 ἅγιον
3604 1655 3695 1709 διὰ
3749 1673 3846 1725 με-

2257 1749 2829 1821 τανοίαςὲδεξάμην.
2888 1745 3024 1806 Εῐτα
3069 1751 3139 1805 δι’
3192 1750 3452 1823 εὐτυχίαν
3502 1750 3599 1804 τοῦ
3652 1750 3842 1803 ἐνθέου

2259 1842 2499 1912 κράτους
2532 1859 2626 1896 σου
2657 1843 2927 1911 asumma
2967 1843 3065 1898 atat
3092 1842 3258 1914 ἔτερα
3294 1844 3422 1915 τρία
3455 1844 3684 1913 ἀδέλφιά
3713 1858 3843 1913 μουι

2257 1935 2352 1988 καὶ
2430 1924 2756 2007 ὑπεμνήσθη
2839 1937 2972 2005 παρ’
3045 1937 3204 2007 ἡμῶν
3270 1938 3300 1991 ὁ
3373 1936 3843 2007 τρισμακάριστος

2256 2028 2351 2079 καὶ
2380 2025 2544 2096 ἇγιος
2588 2027 2747 2097 ἡμῶν
2799 2027 3069 2099 αὐθέντης
3121 2030 3219 2082 καὶ
3256 2028 3533 2100 βασιλεὺς,
3578 2032 3605 2082 6
3656 2033 3843 2100 πατὴρ

2253 2120 2359 2191 τῆς
2413 2120 2747 2193 θεοστεφοῦς
2786 2124 2885 2175 καὶ
2936 2122 3103 2191 ἁγίας
3147 2122 3428 2193 βασιλείας
3476 2141 3593 2187 σου,
3647 2123 3724 2188 ὡς
3780 2124 3842 2178 ἂν

574 2180 577 2181 ν
679 2180 707 2205 ἣν
738 2180 755 2195 ,
1270 2180 1415 2201 Γ-.-
1454 2180 1711 2190 -..-...---
1755 2180 2027 2192 “mm...
2067 2180 2149 2192 u..-

558 2229 771 2289 crreque
814 2217 1113 2287 maiestatis
1166 2230 1291 2289 tute,
1322 2230 1380 2278 ut
1408 2225 1562 2281 nobis
1619 2226 1846 2284 donaret
1892 2228 2150 2287 .Indaicas

2257 2180 2578 2285 δωρήσηται
2600 2180 2742 2287 ’ἡμῖν
2762 2214 2826 2268 τὸ
2870 2180 3168 2269 Ἰουδαϊκὸν
3205 2217 3386 2269 ἐκεῖνο
3409 2180 3522 2269 τῶν
3553 2180 3840 2287 ἡμετέρων

556 2321 844 2380 parentum
870 2322 1177 2368 nostrorum
1205 2315 1371 2383 mdes,
1403 2333 1468 2375 ac
1501 2321 1812 2378 reconditas
1837 2322 1890 2376 in
1955 2324 2019 2379 iis
2043 2341 2147 2380 non

560 2401 745 2473 magni
779 2401 935 2472 pretii
992 2418 1098 2471 res,
1137 2420 1257 2477 qua:
1288 2424 1317 2463 a
1383 2407 1585 2467 Judaais
1644 2412 2041 2473 detinerentur.
2072 2420 2151 2474 Ac

554 2507 658 2564 per
690 2494 933 2551 favorem
953 2512 1121 2554 sacra:
1140 2502 1438 2569 maiestatis
1459 2502 1645 2573 ipsius,
1662 2509 1933 2578 suggestio
1965 2521 2148 2565 nostra

558 2597 643 2644 est
682 2590 961 2647 exaudita.
987 2591 1197 2664 Quippe
1248 2600 1527 2653 consecuti
1562 2614 1750 2655 sumus
1774 2600 2147 2659 honorandum

552 2693 620 2738 nt
651 2683 986 2738 adorandum
1022 2687 1348 2756 rescriptum
1399 2688 1466 2745 ad
1516 2700 1867 2762 quaestorem,
1918 2698 2149 2754 ntacdes

558 2775 829 2849 ejusmodi
887 2777 1049 2834 nobis
1071 2781 1433 2838 traderentur.
1460 2784 1650 2853 Itaque
1674 2788 1967 2842 secundum
1998 2804 2151 2844 man-

561 2869 749 2925 datum
785 2872 909 2937 hoc,
969 2888 1060 2929 res
1079 2875 1363 2933 successit.
1408 2877 1488 2932 Ac
1521 2892 1623 2945 ope
1650 2894 1821 2936 sacrae
1853 2881 2150 2949 majestatis

557 2969 663 3016 una:
707 2976 969 3019 conversa
1023 2964 1217 3023 domus
1256 2966 1408 3023 istaec
1437 2978 1520 3025 est
1561 2984 1590 3026 a
1623 2973 1779 3029 ndbis
1835 2976 2011 3031 servis
2039 2980 2150 3034 tuis

558 3056 617 3111 in
666 3066 1078 3114 sacrosanctum
1137 3062 1417 3133 templum,
1469 3065 1613 3135 quod
1634 3064 1848 3124 Sanctae
1886 3068 2151 3129 Resurro-

562 3150 760 3206 ctionis
807 3151 1129 3224 appellatur.
1158 3152 1543 3215 Ordinavimus
1567 3167 1618 3214 et
1663 3160 1959 3218 monachos
1982 3179 2147 3234 quos-

562 3243 683 3298 dam
738 3243 791 3299 in
840 3260 927 3313 eo,
1023 3248 1115 3317 qui
1141 3263 1241 3319 pro
1298 3263 1461 3307 sacro
1518 3252 1746 3323 imperio
1792 3265 1907 3323 tuo,
1943 3272 2151 3329 proque

561 3337 890 3402 Christianis
928 3339 1227 3408 universis,
1281 3338 1471 3413 preces
1495 3343 1742 3404 fundant.
1776 3347 1976 3405 Rerum
2005 3366 2146 3422 quo-

561 3443 669 3498 que
720 3440 1027 3487 nostrarum
1074 3435 1294 3490 nomine
1344 3444 1669 3505 quaestorem
1735 3441 2144 3513 appellavimus,

2260 2307 2468 2375 γονέων
2514 2306 2728 2377 οἴκημα
2770 2306 2867 2362 καὶ
2919 2308 2989 2361 τὰ
3033 2308 3095 2360 ὲν
3150 2306 3302 2379 αὐτῷ
3334 2308 3682 2376 ἀποκείμενα
3731 2308 3838 2362 ὁλε-

2264 2398 2441 2466 γοστὰ
2465 2397 2793 2469 πράγματα,
2813 2397 3226 2468 κατασχεθέντα
3246 2400 3398 2471 παρὰ
3416 2399 3525 2453 τῶν
3541 2399 3833 2453 Ἰουδαίων

2257 2482 2355 2545 καὶ
2376 2491 2466 2547 διὰ
2492 2491 2595 2562 τῆς
2632 2492 2980 2563 ἀντιλήψεως
3011 2493 3114 2563 τῆς
3149 2494 3319 2563 ἁγίας
3352 2492 3640 2565 βασιλείας
3673 2491 3831 2547 αὐτοῦ

2256 2581 2598 2653 εἰσηκούσθη
2613 2585 2646 2654 ἡ
2665 2583 2974 2654 ὑπόμνησις
2988 2584 3169 2655 ἡμῶν,
3189 2586 3286 2639 καὶ
3302 2584 3670 2656 ὲγὲνετοήμῖν
3685 2584 3828 2653 τιμία

2259 2680 2355 2733 καὶ
2380 2679 2740 2752 προσκυνητὴ
2770 2678 2925 2744 λύσις
2954 2680 3094 2751 πρὸς
3119 2680 3212 2735 τὸν
3250 2680 3565 2752 πράκτορα,
3594 2681 3824 2751 παραδο-

2261 2768 2423 2840 θῆναι
2477 2772 2611 2841 ήμίν
2658 2770 2720 2824 τὸ
2752 2770 2996 2825 τοιοῦτον
3028 2770 3264 2842 οἴκημα.
3304 2772 3460 2825 Κατά
3488 2771 3709 2843 ταύτην
3747 2769 3816 2824 οὖν

2256 2863 2358 2935 τὴν
2407 2862 2710 2935 πρόσταξιν
2765 2864 2991 2934 γέγονεν
3038 2863 3215 2928 οὕτως
3247 2879 3264 2895 ·
3315 2865 3412 2919 καὶ
3446 2867 3516 2935 τῇ
3553 2866 3805 2937 ἀντιλήᾴιι

2255 2959 2357 3031 τῆς
2396 2957 2561 3027 ἁγίας
2598 2956 2882 3029 βασιλείας
2911 2974 3006 3012 σου
3036 2957 3233 3028 γέγονε
3265 2956 3326 3012 τὸ
3350 2955 3601 3013 τοιοῦτον
3631 2958 3815 3033 οἴκημα

2258 3050 2393 3121 παρ’
2429 3050 2591 3122 ἡμῶν
2620 3050 2731 3105 τῶν
2771 3051 2977 3106 δούλων
3011 3052 3141 3117 ναὸς
3179 3052 3336 3122 ἅγιος
3369 3051 3516 3105 οὕτω
3539 3050 3823 3122 ,καλούμε-

2258 3162 2345 3209 νος
2370 3147 2402 3216 ἡ
2434 3145 2593 3215 ’Δγία
2612 3143 2964 3211 Ἀνάστασις,
2983 3144 3078 3200 καὶ
3112 3144 3387 3216 μοναχούς
3411 3162 3571 3209 τινας
3599 3145 3663 3199 ἂν
3695 3142 3830 3214 αὐτῷ

2256 3239 2650 3310 κατετάξαμεν
2706 3240 2804 3293 ἐπὶ
2835 3238 2917 3310 τῷ
2943 3239 3354 3311 ὁπερεύχεσθαι
3390 3238 3491 3309 τῆς
3522 3239 3697 3308 ἁγίας
3748 3255 3829 3291 σου

2257 3333 2545 3405 βασιλείας
2580 3334 2679 3389 καὶ
2709 3336 2935 3391 πάντων
2980 3335 3092 3389 τῶν
3132 3335 3512 3406 Χριστιανῶν.
3550 3334 3833 3401 Ἐξεκαλέ-

2257 3443 2433 3499 σαμεν
2474 3428 2533 3483 δὲ
2582 3430 2675 3481 τὸν
2724 3429 3013 3500 πράκτορσι
3073 3428 3169 3484 καὶ
3217 3428 3349 3501 περὶ⁵
3393 3430 3504 3483 τῶν
3549 3431 3833 3502 ἡμετέρων

559 3531 617 3574 ut
637 3536 730 3577 ca
757 3522 913 3579 nobis
946 3525 1399 3585 restituerentur.
1424 3528 1622 3586 Verum
1646 3547 1738 3588 eas
1770 3533 1993 3591 inliciati
2021 3545 2146 3592 sunt

2256 3522 2630 3593 πραγμάτων,
2676 3520 2753 3585 ὠς
2787 3522 2854 3577 ἂν
2890 3522 3232 3577 ἀποδοθῶσιν
3266 3522 3398 3595 ἡμῖν
3425 3538 3440 3555 ο
3476 3525 3572 3577 καὶ
3616 3524 3831 3595 ἔξαρνοι

559 3614 757 3671 Judaei.
820 3614 1190 3684 Quamobrem
1243 3620 1402 3676 nobis
1459 3622 1691 3695 iniunxit
1772 3639 2042 3698 quaestor,
2090 3640 2151 3687 ut

561 3722 728 3762 causa
779 3719 967 3765 nostra
1003 3725 1099 3780 per
1126 3709 1496 3782 juramentum
1528 3716 1595 3773 de
1619 3717 1908 3785 calumnia,
1947 3737 2149 3792 pI-rque

560 3798 778 3867 plenum
803 3799 1145 3859 deﬁniretur.
1179 3802 1244 3858 Et
1269 3818 1369 3877 ego
1385 3808 1625 3877 quidem,
1652 3825 1751 3865 ceu
1805 3811 2150 3870 Christianus

558 3886 924 3958 juramentum
950 3891 1018 3948 de
1042 3892 1309 3950 calumnia
1334 3909 1688 3965 praestarem;
1724 3900 1800 3955 illi
1842 3917 1992 3968 vero,
2028 3906 2147 3975 ple-

562 3999 737 4038 num..
793 3981 915 4040 Non
964 3994 1145 4042 tamen
1198 3997 1259 4043 ut
1310 3988 1411 4059 ipsi
1450 3992 1671 4061 vellent,
1695 3994 1787 4049 scd
1816 3997 2151 4066 qualejura-

562 4085 805 4131 mentum
852 4076 933 4132 eis
989 4092 1089 4149 ego
1125 4079 1177 4134 in
1233 4082 1453 4151 scriptis
1498 4083 1708 4139 darem.
1744 4085 1897 4153 Quod
1930 4088 2145 4157 quidem

566 4170 674 4225 tale
702 4180 801 4227 est.
868 4170 925 4226 lu
980 4173 1190 4243 primis,
1246 4183 1303 4229 ut
1333 4179 1468 4231 rubo
1521 4177 1790 4251 cingatur,
1836 4189 1889 4235 et
1922 4182 2151 4238 insideat

565 4265 761 4332 culleo,
825 4280 889 4321 ac
946 4282 1095 4321 mare
1151 4268 1479 4339 ingrediens,
1539 4278 1623 4327 ter
1677 4273 2147 4331 circumcisionem

566 4369 720 4410 suam
776 4367 1063 4427 conspuat,
1120 4358 1207 4415 his
1264 4363 1445 4417 verbis
1495 4363 1806 4421 utens:lta
1866 4382 1955 4423 me
2000 4368 2153 4437 juvet

569 4449 794 4516 Damse,
814 4450 1022 4519 liarzea,
1041 4452 1269 4519 Adonai,
1292 4453 1428 4520 Eloi,
1456 4457 1546 4527 qui
1566 4458 1873 4513 transduxit
1898 4459 2148 4515 lsraelcm

560 4558 669 4615 per
714 4559 864 4601 mare
906 4543 1148 4601 Rubrum
1190 4548 1353 4604 siccis
1397 4550 1623 4619 pedibus
1681 4562 1734 4607 et
1785 4566 1978 4623 aquam
2017 4556 2093 4611 eis
2120 4570 2152 4611 e

573 4649 709 4690 saxo
767 4635 1058 4705 potabilcm
1104 4637 1355 4707 praebuit,
1414 4654 1723 4711 mannaque
1764 4644 2148 4699 comedendum

575 4729 723 4784 dedit
750 4728 854 4797 eis,
878 4745 1001 4786 cum
1026 4731 1396 4787 coturnicibus
1420 4772 1435 4798 ,
1472 4731 1599 4789 licet
1646 4735 1745 4804 ipsi
1778 4734 1907 4792 iacti
1951 4737 2151 4795 fuerint

576 4821 795 4894 ingrati,
855 4823 1151 4892 repudiatis
1180 4824 1328 4894 porci
1381 4825 1655 4882 carnibus.
1680 4826 1784 4883 Per
1804 4844 1921 4884 eam
1956 4829 2147 4900 legem,

2251 3615 2509 3684 ἐγένοντο
2547 3617 2597 3669 oi
2636 3615 2906 3671 Ἰουδαῖοι.
2956 3615 3301 3688 Προσέταξεν
3345 3612 3440 3672 οὖν
3483 3618 3511 3671 6
3562 3618 3831 3689 πράκτωρ

2250 3709 2387 3779 ἡμῖν
2439 3708 2672 3780 λυθῆναι
2705 3713 2806 3781 τὴν
2830 3709 3089 3777 ὑπόθεσιν
3116 3710 3275 3781 ἡμῶν
3306 3710 3393 3765 διὰ
3429 3708 3829 3780 συκοφαντικοῦ

2251 3799 2350 3853 καὶ
2381 3800 2590 3854 τελείου
2633 3817 2646 3831 ·
2689 3801 2785 3855 καὶ
2814 3800 2927 3871 ἐγὼ
2963 3801 3063 3873 μὲν
3103 3801 3179 3866 ὡς
3207 3800 3538 3873 Χριστιανὸς
3573 3802 3667 3857 ἵνα
3698 3802 3832 3869 πλη-

2257 3891 2419 3963 ρώσω
2448 3895 2541 3947 τὸν
2573 3895 3005 3965 συκοφαντικδν.
3038 3895 3196 3950 αὐτοὶΙ
3218 3896 3276 3951 δὲ
3302 3896 3397 3950 τὸν
3428 3895 3662 3960 τέλειον,
3696 3898 3829 3965 πλὴν

2251 3984 2349 4055 οὐχ
2386 3985 2463 4051 ὡς
2492 3986 2650 4041 αὐτοὶ
2683 3988 2957 4056 θέλουσιν,
2981 3988 3097 4043 ἀλλ’
3127 3989 3204 4053 ὡς
3231 3990 3297 4045 ἂν
3327 3989 3440 4058 ἐγὼ
3470 3988 3629 4044 δώσω
3650 3991 3830 4055 αὐτοῖς

2253 4082 2575 4152 ἐγγράφως.
2616 4085 2779 4138 Ἔστι
2810 4084 2867 4139 δὲ
2890 4086 3062 4149 οὕτως
3089 4101 3103 4116 ’
3141 4087 3199 4140 ἐν
3238 4088 3496 4158 πρώτοις,
3535 4088 3623 4140 ἵνα
3648 4086 3827 4157 ζώση-

2249 4188 2343 4225 ται
2390 4174 2490 4245 τὴν
2539 4174 2739 4243 βάτον,
2789 4177 2885 4230 καὶ
2932 4177 3342 4249 κασαλλικεύσῃ
3376 4178 3470 4231 τὸν
3502 4179 3692 4243 ἀσκὸν,
3732 4179 3830 4231 καὶ

2253 4266 2401 4338 ἐμϐῇ
2433 4267 2514 4331 είς
2550 4267 2648 4338 τὴν
2684 4268 2982 4337 Θάλασσαν,
3020 4271 3118 4323 καὶ
3159 4269 3338 4342 πτύσῃ
3382 4271 3483 4344 τὴν
3528 4272 3828 4343 περιτομὴν

2251 4359 2418 4412 αὐτοῦ
2470 4359 2675 4431 τρίτον,
2718 4362 2890 4431 λέγων
2942 4362 3167 4428 οὕτως⁸
3212 4383 3233 4418 ι
3290 4364 3382 4418 Μὰ
3429 4365 3524 4419 τὸν
3584 4364 3830 4436 Βαρασῆ.

2254 4449 2463 4521 Βαραᾶ,
2508 4450 2957 4522 ’Δδωναῒ,Ἐλωῒ,
2976 4453 3068 4507 τὸν
3099 4453 3506 4525 διαπεράσαντα
3541 4452 3639 4526 τὴν
3661 4454 3825 4524 Ἐρυ-

2254 4541 2393 4613 θρὰν
2418 4543 2699 4599 θάλασσαν
2721 4545 2815 4599 τὸν
2853 4544 3071 4618 Ἰσραὴλ
3096 4546 3365 4618 ἀϐρόχως,
3395 4547 3491 4601 καὶ
3530 4547 3829 4601 ποτίσαντα

2254 4636 2453 4700 αὐτοὺς
2494 4635 2641 4711 ὕδωρ
2687 4638 2752 4691 ὲκ
2802 4639 3034 4710 πέτρας,
3076 4641 3172 4693 καὶ
3212 4639 3374 4693 δόντα
3417 4640 3602 4704 αὐτοῖς
3653 4640 3830 4709 μάννα

2255 4730 2452 4795 φαγεῖν
2497 4730 2591 4783 καὶ
2639 4730 3094 4803 ὀρτυγομετρίαν,
3144 4732 3195 4785 εί
3224 4733 3319 4785 καὶ
3348 4733 3507 4786 αὐτοὶ
3541 4732 3826 4802 ἀχάριστοι

2255 4821 2502 4889 ἐγένοντο
2524 4822 2586 4874 ού
2614 4823 3181 4896 παραιτησάμενοιτὰ
3205 4823 3300 4877 τοῦ
3331 4824 3520 4895 χοίρου
3547 4826 3697 4896 κρέα.
3723 4825 3824 4877 Μὰ

576 4928 736 4985 quant
768 4913 973 4969 Adonai
993 4915 1350 4987 promulgavit
1374 4934 1389 4984 ;
1428 4932 1630 4989 perque
1642 4922 1783 4990 sputi
1803 4922 2149 4991 rejectionem

2256 4915 2346 4967 τὸν
2372 4914 2556 4986 νόμον,
2592 4915 2651 4969 ὃν
2695 4916 2929 4970 δέδωκεν
2967 4915 3213 4985 Ἀδωναῒ,
3258 4919 3470 4971 καὶτὸν
3501 4918 3829 4989 ἑμπτυσμὺν

577 5008 714 5062 hanc
769 5005 823 5060 in
840 5019 1038 5076 corpus
1076 5006 1526 5074 circumcisionis,
1572 5020 1625 5064 et
1657 5026 1750 5080 per
1792 5014 2008 5079 rubum,
2041 5028 2147 5082 quo

576 5097 737 5153 cincti
762 5106 887 5152 sunt
912 5096 1075 5152 lumbi
1111 5100 1239 5161 mei,
1294 5113 1401 5152 non
1431 5100 1720 5155 mentiendi
1757 5117 1915 5157 causa
1952 5118 2148 5159 nomen

578 5188 790 5243 Domini
823 5187 1060 5243 Sabaoth
1095 5190 1146 5242 in
1184 5192 1285 5245 hoc
1329 5190 1683 5259 jurejurando
1706 5208 1942 5249 assumo.
1975 5196 2067 5248 Sin
2099 5195 2150 5249 id

578 5278 845 5333 mendacii
922 5293 1085 5333 causa
1149 5276 1290 5333 facio
1340 5279 1563 5349 subjecti
1631 5282 1741 5336 sint
1792 5285 2150 5338 cxsecratinni

578 5374 907 5441 prodeuntes
931 5385 996 5425 ex
1027 5383 1213 5426 ventre
1236 5386 1355 5425 meo
1377 5371 1705 5428 liberi.More
1737 5375 1861 5431 etcci
1893 5377 2150 5446 parietem

578 5464 843 5536 palpando
887 5480 1148 5534 quaeram,
1180 5474 1235 5520 et
1281 5467 1453 5521 instar
1472 5465 1608 5541 ejus,
1635 5468 1723 5537 qui
1775 5472 1948 5526 oculis
1982 5484 2155 5540 caret,

578 5559 749 5613 labar.
804 5555 1005 5611 Praeter
1035 5558 1147 5613 haec
1177 5557 1383 5619 omnia,
1425 5558 1580 5613 tellus
1628 5561 1833 5626 aperiat
1858 5576 1919 5615 os
1971 5578 2153 5629 suum,

577 5666 771 5722 meque
801 5650 1108 5713 absorbeat,
1134 5660 1191 5704 ut
1222 5649 1518 5704 Dathanem
1542 5650 1953 5719 etAbiromum.
1982 5654 2156 5725 Atque

574 5745 683 5801 hoc
750 5742 1129 5813 jusjurandum
1181 5742 1281 5811 ipsi
1332 5757 1439 5797 non
1507 5750 1725 5815 gravate
1784 5758 2156 5815 susceperunt.

582 5838 790 5896 Deinde
873 5852 996 5892 cum
1091 5852 1191 5904 ego
1277 5838 1641 5909 juramentum
1733 5836 1803 5892 de
1889 5840 2158 5895 calumnia

585 5931 979 6002 prestitisscnt,
1014 5929 1085 5982 illi
1113 5931 1327 5997 plenum
1385 5931 1485 5986 hoc
1518 5936 1770 5998 praestare
1824 5943 2162 5997 recusarunt,

2253 5006 2347 5059 τοῦ
2384 5008 2639 5077 σώματος
2672 5009 2773 5078 τῆς
2804 5011 3130 5081 περιτομῆς.
3170 5010 3263 5064 καὶ
3292 5010 3393 5081 τὴν
3426 5010 3619 5082 βάτον,
3656 5010 3720 5081 ἢν
3756 5013 3825 5078 τῇ

2253 5099 2495 5168 ἐμαυτοῦ
2542 5100 2709 5169 ὀσφύϊ
2764 5099 3175 5171 περιζώννυμαι
3227 5118 3241 5131 ·
3303 5104 3401 5155 οὐκ
3459 5104 3550 5156 ἐπὶ
3599 5099 3832 5172 ψεύδους

2253 5188 2439 5258 ὀμνύω
2464 5191 2524 5242 τὸ
2557 5190 2730 5259 ὄνομα
2761 5191 2967 5261 Κυρίου
3013 5190 3240 5247 Σαϐαὼθ
3263 5207 3278 5226 ο
3311 5194 3360 5247 εί
3394 5194 3451 5247 δὲ
3484 5194 3574 5246 ἐπὶ
3598 5193 3832 5262 ψεύδους

2254 5281 2462 5351 ὀμνύω,
2508 5282 2892 5353 ὲπικατάρατα
2939 5284 3009 5336 τὰ
3052 5282 3251 5353 ἔκγονα
3296 5286 3393 5356 τῆς
3440 5288 3644 5348 κοιλίας
3689 5302 3833 5351 μου,

2256 5376 2568 5446 ψηλαφήσω
2597 5374 2673 5438 ὡς
2697 5377 2725 5428 6
2745 5375 2939 5444 τυφλὸς
2970 5380 3169 5449 τοῖχον,
3205 5379 3299 5433 καὶ
3330 5379 3406 5443 ὡς
3457 5380 3530 5450 μὴ
3564 5379 3832 5448 ὑπάρχων

2258 5469 2397 5539 ἔχων
2428 5469 2743 5539 ὀφθαλμοὺς
2772 5469 3046 5539 πεσοῦμαι
3077 5472 3174 5525 σὺν
3202 5471 3418 5538 τούτοις
3447 5476 3627 5533 πᾶσιν,
3669 5474 3833 5523 ἀνοι-

2259 5564 2407 5629 ξάτω
2438 5564 2470 5632 ἡ
2504 5562 2576 5631 γῆ
2609 5562 2670 5613 τὸ
2706 5562 2880 5632 στόμα
2912 5564 3118 5633 αὐτῆς,
3156 5565 3250 5617 καὶ
3285 5567 3593 5620 καταπιέτω
3620 5581 3704 5634 με.
3744 5564 3829 5625 ὡς

2259 5658 2437 5710 Δαθὰν
2468 5657 2563 5708 καὶ
2600 5653 2883 5725 Ἀὗειρών.
2922 5674 2941 5707 ι
2989 5657 3101 5711 Καὶ
3138 5652 3286 5712 οὗτοι
3320 5658 3414 5711 τδν
3446 5661 3602 5729 ὅρκον
3628 5653 3828 5708 τοῦτον

2274 5748 2528 5818 ἀσμένως
2578 5745 2848 5811 ἐδέξαντο.
2901 5741 3033 5799 Εἶτα
3080 5749 3217 5817 με.τὰ
3268 5749 3328 5802 τὸ
3356 5749 3550 5819 ὀμόσαι
3587 5745 3672 5816 ἐμὲ
3724 5745 3828 5796 τὸν

2264 5839 2689 5909 συκοφαντικὸν,
2723 5839 2823 5890 οὐκ
2845 5838 3116 5907 ἠθέλησαν
3136 5841 3429 5914 πληρῶσαι
3454 5843 3543 5896 τὸν
3566 5840 3773 5893 τέλειον
3805 5852 3821 5864 ·

2266 5931 2403 5987 ἀλλὰ
2436 5930 2628 6001 δώροις
2671 5928 2762 5983 τὸν
2813 5928 3103 6000 πράκτορα
3155 5934 3504 6003 μετελθόντες
3554 5930 3825 5999 ἐξέφυγον
