4082 6294
536 408 648 476 ’119

1780 408 2171 477 MANUELIS
2206 416 2549 479 COMNENI

3688 419 3786 485 720

538 532 660 593 pote
682 538 802 593 qua
822 523 1050 593 fortasse
1078 524 1544 586 medeaturlitulis
1571 538 1620 582 et
1650 528 1854 597 iuribus
1884 535 2102 592 omnium

2221 532 2321 587 καί
2356 533 2530 602 ἰατὴρ
2566 534 2897 606 λεγόμενος
2936 537 3018 605 ὡς
3067 535 3314 608 ἰώμενος
3342 536 3416 591 τὰ
3445 538 3787 609 χωλεύοντα

538 614 904 680 ecclesiarum,
942 630 1061 683 quae
1090 615 1416 684 claudicant,
1456 621 1850 690 episcopatuum
1888 623 2105 687 scilicet,

539 714 589 758 et
637 704 1024 774 metropolium,
1082 719 1132 762 et
1186 708 1352 777 ipsius
1407 711 1615 782 Magum
1647 712 1918 771 Ecclesiaz.
1977 714 2107 784 Quae

536 797 692 852 etiam
739 799 808 861 ad
850 799 1056 857 verbum
1089 802 1165 855 sic
1199 800 1350 859 habet
1378 818 1400 857 :

602 973 706 1041 Qui
734 983 859 1044 post
884 974 1089 1033 Mosem
1118 976 1220 1032 fuit
1251 979 1407 1043 electi
1433 980 1578 1037 illius
1606 986 1785 1059 populi
1810 987 2107 1057 imperator

531 1068 724 1137 Jesus,
783 1065 1118 1127 Jericltnntis
1167 1070 1431 1127 festinans
1480 1077 1817 1133 munimenta
1864 1096 1929 1136 ac
1976 1097 2105 1153 pro.

534 1160 839 1231 pugnacnla
874 1161 1118 1228 diruere,
1166 1166 1544 1229 sacerdotibus
1578 1167 1745 1235 jussit
1784 1172 1839 1227 in
1872 1173 2101 1230 circuitu

535 1254 661 1309 tuba
714 1254 935 1319 canere,
970 1264 1026 1309 et
1063 1255 1143 1310 sic
1175 1271 1456 1311 murorum
1490 1264 1891 1332 propugnacula
1930 1268 2103 1323 mira-

534 1347 716 1402 biliter
747 1347 962 1417 dejecil.
1007 1350 1241 1420 imperio
1273 1362 1453 1408 autem
1482 1368 1623 1421 meo,
1650 1356 1795 1425 quod
1829 1373 1970 1414 novo
2004 1375 2103 1430 po-

534 1441 659 1511 pulo
687 1456 715 1494 a
752 1440 861 1495 Deo
888 1440 1061 1496 electo
1092 1452 1289 1511 pra-est
1319 1452 1441 1514 post
1487 1443 1637 1500 illum
1675 1449 1975 1519 principem
2010 1467 2106 1522 po-

535 1533 644 1601 puli
677 1540 1018 1588 servatorem
1054 1541 1110 1586 et
1139 1533 1351 1598 ducem,
1392 1534 1553 1589 alium
1586 1525 1812 1605 Moscm,
1836 1538 2102 1612 inclytum

533 1625 655 1680 dico
702 1624 916 1697 imperii
971 1625 1076 1680 mei
1129 1625 1407 1681 dominum
1459 1637 1516 1682 et
1559 1630 1885 1700 genitorem,
1938 1632 2104 1690 veluti

533 1717 781 1787 quasdam
833 1717 1212 1775 Jerichuntina
1244 1720 1488 1787 moenia,
1533 1721 1749 1778 diruere
1791 1728 2102 1795 properanti

532 1811 839 1867 communis
907 1810 1342 1867 Christianorum
1395 1812 1600 1869 inimici
1655 1818 2101 1888 propugnacula,

2222 626 2372 693 ῑσως
2424 626 2791 698 δικαιώματα
2839 628 2958 683 τῶν
3009 627 3365 700 ἁπανταχοῦ
3418 629 3784 697 ἐκκλησιῶν,

2216 716 2572 773 ἐπισκοπῶν
2601 718 2889 788 δηλονότι
2919 720 3020 773 καί
3046 719 3479 789 μητροπόλεων
3532 722 3632 774 καὶ
3681 722 3784 774 αὑ-

2216 808 2320 876 τῆς
2377 807 2485 881 τῆς
2542 810 2827 880 Μεγάλης
2894 813 3286 881 Ἐκκλησίας.
3344 810 3449 880 "Oc
3487 812 3589 868 καὶ
3636 815 3786 873 κατὰ

2212 901 2383 972 ῥῆμα
2417 904 2639 959 οὑτωσί
2668 902 3084 975 διαλαμϐάνον

2297 996 2357 1048 '0
2398 995 2497 1065 μὲν
2525 996 2667 1067 μετὰ
2714 997 2921 1052 Mutata
2954 998 3049 1052 τοῦ
3093 997 3354 1053 ἐκλεκτοῦ
3395 997 3528 1052 λαοῦ
3578 1000 3785 1063 ἐκεῖνος

2218 1090 2525 1160 στρατηγὸς
2572 1090 2785 1161 Ἰησοῦς
2824 1091 2894 1147 τὰ
2928 1092 3314 1162 Ἰεριχούντεια
3344 1094 3601 1148 καθελεῖν
3635 1096 3784 1147 ἐπει·

2216 1182 2454 1251 γόμενος
2501 1182 2837 1257 ὀχυρώματα
2877 1186 2991 1249 τοῖς
3023 1185 3230 1257 ίερεῦσι
3278 1186 3468 1258 κύκλῳ
3500 1186 3783 1251 σαλπίζειν

2212 1272 2456 1339 ἐκέλευε,
2508 1275 2605 1329 καὶ
2670 1274 2820 1329 οὕτω
2874 1275 3202 1347 παραδόξως
3270 1278 3371 1344 τάς
3426 1279 3538 1341 τῶν
3586 1278 3783 1350 τειχῶν

2212 1364 2468 1430 ἐπάλξεις
2525 1367 2908 1439 κατέρῤιπτεο
2970 1371 3036 1439 τῇ
3102 1369 3159 1423 δὲ
3209 1368 3304 1424 τοῦ
3365 1370 3487 1429 νέου
3540 1370 3621 1438 τῷ
3666 1369 3785 1441 Θεῷ

2211 1457 2475 1513 ὲκλεκτοῦ
2507 1459 2902 1534 καθηγουμένῃ
2941 1461 3136 1516 τούτου
3213 1461 3343 1517 λαοῦ
3381 1461 3631 1534 βασιλείᾳ
3686 1480 3789 1533 μου

2176 1571 2181 1575 ί
2213 1550 2355 1621 μετά
2381 1549 2473 1604 τὸν
2516 1553 2574 1605 ὲν
2611 1550 2934 1622 βασιλεῦσιν
2974 1552 3190 1607 ἐκεῖνον
3236 1552 3397 1608 ἄλλον
3428 1552 3656 1618 Μωσέα,
3693 1549 3788 1606 τοῦ

2211 1642 2344 1698 λαοῦ
2397 1644 2623 1716 σωτῆρα
2674 1646 2773 1700 καὶ
2820 1644 3041 1718 ὁδηγὸν,
3095 1644 3187 1699 τὸν
3236 1646 3482 1715 ἁοξδιμον
3515 1646 3664 1714 λέγω
3693 1646 3794 1698 αύ-

2211 1736 2404 1809 θέντην
2447 1737 2551 1808 τῆς
2595 1738 2877 1811 βασιλείας
2935 1756 3039 1811 μου
3094 1739 3191 1794 καὶ
3240 1738 3794 1811 γεννήτορα,ὥσπερ

2210 1829 2336 1882 τινὰ
2380 1829 2534 1902 τείχη
2566 1830 2823 1887 καθελεῖν
2864 1832 3205 1904 ἐπειγομένη
3247 1831 3638 1906 Ίεριχούντεια
3692 1834 3794 1895 τὰς

531 1902 890 1959 occidentalis
919 1903 1039 1959 dico
1081 1904 1335 1959 draconis
1367 1903 1466 1974 (6),
1498 1906 1587 1976 qui
1622 1906 1675 1960 in
1705 1906 1893 1962 Sicilia
1920 1918 2078 1981 tyran

2212 1922 2305 1977 τοῦ
2338 1924 2523 1977 κοινοῦ
2553 1922 2663 1978 τῶν
2703 1902 3078 1995 Χριστιανῶν
3105 1922 3307 1996 ὲχθροῦ
3332 1902 3662 1994 νὸχυρὼσεις,
3692 1923 3794 1977 τοῦ

531 1996 712 2051 nidem
752 2006 992 2065 exercet,
1026 2006 1082 2052 et
1113 1997 1263 2053 illinc
1292 1998 1556 2054 adversus
1591 1998 1898 2060 Romanum
1936 2005 2108 2073 impe-

531 2091 673 2143 rium
698 2088 927 2144 latenter
947 2090 1209 2159 prorepit,
1238 2089 1399 2145 veluti
1419 2082 1754 2159 spiritalibus
1774 2094 2104 2165 quibusdam

538 2180 704 2247 tubis,
739 2180 933 2236 vestris
961 2182 1269 2238 antistitum
1305 2180 1475 2237 Deum
1514 2184 1670 2241 nobis
1718 2188 1963 2257 quotidie
1993 2192 2107 2259 pla-

533 2274 779 2330 cantium
805 2273 1094 2343 precibus,
1119 2275 1188 2329 ad
1208 2274 1356 2332 illum
1383 2275 1704 2333 diruendam
1726 2280 2105 2350 adjuvantibus

529 2382 667 2436 opus
694 2375 798 2422 est.
830 2367 935 2422 Sed
969 2376 1023 2423 et
1058 2368 1175 2445 ipse
1219 2367 1434 2423 divinus
1479 2370 1679 2441 Moses,
1728 2375 1945 2443 quando
1979 2392 2103 2432 cum

534 2458 758 2513 Amalec
789 2457 1033 2528 prmlium
1066 2459 1361 2527 commisit,
1409 2462 1788 2521 sacerdotibus
1830 2467 2105 2539 utrimque

535 2551 776 2615 innixus,
811 2549 892 2603 sic
939 2564 1061 2603 eum
1115 2548 1329 2620 fugavit
1377 2558 1431 2604 et
1464 2550 1609 2607 vicit.
1649 2551 1804 2610 Sicut
1833 2555 1924 2612 ille
1953 2572 2104 2630 ergo,

532 2656 713 2696 meum
771 2656 985 2712 quoque
1033 2642 1318 2712 imperium
1378 2642 1680 2700 antistitum
1732 2651 2105 2707 sustentaculo

531 2736 804 2807 indigens,
838 2736 905 2790 ad
954 2735 1127 2791 aciem
1166 2738 1428 2792 adversus
1477 2753 1673 2793 novum
1708 2742 1852 2798 hunc
1881 2742 2107 2803 Amalec

531 2825 890 2897 propositam,
946 2834 1003 2882 et
1047 2826 1213 2881 veluti
1269 2830 1559 2899 quamdam
1610 2831 1747 2888 lucis
1795 2834 2104 2891 columnam

535 2927 733 2968 novum
773 2912 915 2967 hunc
966 2914 1131 2974 Israel
1178 2921 1596 2988 praecedentem,
1634 2930 1691 2977 et
1737 2922 1856 2992 cjns
1887 2942 2107 2997 gressus

527 3004 894 3075 dirigentem,
945 3020 1136 3075 preces
1193 3023 1381 3065 eorum
1443 3011 1647 3070 habere
1693 3017 1912 3086 volens;
1969 3021 2108 3078 hanc

529 3110 857 3169 pissentetn
908 3100 1141 3159 Auream
1193 3101 1402 3158 Bullam
1441 3107 1686 3162 omnium
1747 3111 2104 3171 ecclesiarum

2208 2016 2430 2070 δυτικοῦ
2467 2016 2616 2087 λέγω
2648 2016 2985 2087 δράκοντος,
3014 2015 3109 2071 τοῦ
3147 2017 3248 2089 τῆς
3296 2017 3584 2088 Σικελικῆς
3619 2033 3798 2071 κατα-

2208 2108 2603 2181 τυραννοῦντος
2634 2109 2759 2179 γῆς,
2797 2109 3056 2165 κάκεῖθεν
3082 2110 3224 2164 κατά
3242 2107 3345 2178 τῆς
3360 2107 3469 2163 τῶν
3503 2108 3799 2180 Ῥωμαίων

2210 2204 2576 2273 ἐπικρατείας
2604 2204 2782 2276 λάθρα
2807 2203 3176 2275 ὲρπύσαντος,
3203 2206 3486 2276 ἀναλόγως
3513 2202 3605 2262 οἶα
3629 2223 3800 2263 τιτνευ⁴

2211 2286 2450 2367 ματικάς
2481 2314 2642 2361 τινας
2677 2297 2993 2371 σάλπιγγας
3019 2300 3117 2360 τάς
3141 2300 3251 2353 τῶν
3274 2298 3369 2355 τὸν
3399 2298 3530 2354 Θεὸν
3552 2298 3800 2366 ὲξιλεου-

2211 2388 2390 2458 μένων
2423 2388 2553 2443 καθ’
2588 2388 2831 2461 ἑκάστην
2872 2390 3017 2461 ὑπὲρ
3064 2390 3223 2462 ἡμῶν
3267 2390 3579 2463 ἀρχιερέων
3626 2390 3801 2461 εὐχάς

2210 2478 2350 2549 πρὸς
2387 2479 2601 2534 ἐκείνου
2635 2479 2960 2550 καθαίρεσιν
2991 2479 3370 2553 συνεργούσας
3405 2480 3554 2553 ἔχειν
3582 2480 3798 2552 δεήσει.

2219 2572 2383 2628 Ἀλλά
2428 2571 2527 2627 καὶ
2574 2573 2741 2637 αὐτὸς
2785 2576 2814 2629 ὁ
2867 2573 3101 2645 θεόπτης
3129 2574 3361 2644 Μωσῆς,
3414 2575 3657 2645 ὁπηνίκα
3709 2574 3793 2644 τῷ

2222 2664 2474 2736 Ἀμαλὴκ
2508 2666 2833 2737 συνεκρότει
2860 2666 2958 2737 τὴν
2988 2668 3193 2737 μάχην,
3229 2665 3474 2738 ἱερεῦσιν
3506 2666 3795 2738 ἑκατέρω-

2210 2757 2306 2811 θεν
2363 2758 2761 2831 στηριζόμενος
2796 2759 2938 2814 οὕτω
2982 2758 3178 2823 τοῦτον
3229 2758 3645 2833 κατετροττοῦτο
3696 2762 3794 2815 καὶ

2205 2850 2510 2924 ὑπερίσχυε
2542 2867 2556 2882 ⁸
2589 2852 2713 2907 κατ’
2746 2855 2957 2907 ἐκεῖνον
3002 2849 3096 2908 οὖν
3140 2853 3239 2907 καὶ
3290 2854 3321 2923 ἠ
3378 2851 3635 2923 βασιλεία
3688 2869 3785 2923 μου

2205 2942 2302 2997 τοῦ
2335 2943 2728 3017 ἀρχιερατικοῦ
2762 2945 2996 3017 δεομένη
3029 2945 3524 3017 ὐποστηρίγματος
3573 2945 3660 3008 εις
3692 2943 3777 3015 τὴν

2206 3038 2350 3091 κατά
2379 3036 2474 3089 τοῦ
2521 3038 2645 3092 νέου
2679 3037 2874 3092 τούτου
2907 3037 3157 3111 ’Λμαλὴκ
3207 3037 3585 3110 προκειμένην
3637 3038 3781 3093 ἀντι-

2207 3130 2540 3199 παράταξιν,
2566 3129 2663 3184 καὶ
2698 3128 2889 3201 ὥσπερ
2922 3130 3049 3185 τινα
3079 3130 3277 3186 στύλον
3308 3130 3487 3202 φωτὸς
3518 3128 3616 3184 τοῦ
3668 3128 3788 3183 νίου

534 3195 716 3263 matri,
751 3210 909 3251 novat
937 3196 1092 3262 Sion,
1134 3197 1233 3257 Dei
1264 3199 1550 3271 sapientiae
1585 3203 1913 3277 habitacula,
1949 3223 2003 3265 et
2037 3212 2102 3268 iis

2218 3221 2439 3295 Ἰσραὴλ
2470 3223 2890 3298 προηγούμενον
2920 3226 3016 3277 καὶ
3042 3222 3111 3277 τά
3136 3224 3332 3278 τούτου
3380 3220 3792 3277 κατευθύνοντα

524 3292 620 3359 qui
653 3297 781 3345 sunt
810 3289 864 3343 in
896 3291 1153 3346 omnibus
1184 3292 1396 3360 insulis,
1431 3305 1483 3349 et
1516 3296 1567 3350 in
1584 3294 1829 3365 Oriente,
1867 3312 1920 3355 et
1947 3299 2102 3359 Occl-

2208 3283 2545 3384 διαὲήεῖατοὶ,
2725 3283 2953 3370 ’τούτων
2997 3300 3146 3385 ἔχειν
3188 3314 3359 3385 εὐχὰς
3387 3312 3654 3371 ἐθέλουσα
3697 3314 3792 3367 τὸν

526 3381 687 3436 dente
715 3381 1055 3439 antistitibus
1088 3383 1329 3452 donavit,
1366 3399 1554 3442 eorum
1585 3404 1685 3458 pro
1722 3391 1950 3463 imperio
1982 3411 2100 3453 meo

527 3485 721 3542 preces
752 3471 926 3542 magis
955 3473 1316 3530 conﬁrmans.
1370 3475 1536 3533 Recte
1586 3480 1729 3535 enim
1778 3484 1881 3539 scit
1922 3502 2097 3542 meum

528 3564 843 3635 imperium,
875 3579 1058 3637 regem
1093 3581 1198 3621 non
1234 3570 1440 3624 servari
1488 3584 1587 3641 per
1629 3574 1853 3631 multam
1904 3588 2100 3648 poten-

528 3665 680 3733 tiam,
712 3674 771 3722 et
800 3666 1073 3738 gigantem
1106 3684 1210 3725 non
1249 3680 1527 3729 servatum
1560 3675 1627 3731 iri
1660 3676 1713 3731 in
1754 3679 2098 3739 multitudine

529 3757 743 3814 roboris
794 3760 878 3815 sui
913 3768 929 3814 ξ
961 3762 1193 3817 mendax
1244 3773 1423 3819 autem
1478 3780 1653 3836 equus
1709 3772 1789 3847 ad,
1831 3764 2098 3841 salutem,

524 3861 586 3907 ut
616 3850 795 3909 dicam
836 3864 959 3909 cum
995 3853 1288 3925 Propheta,
1320 3869 1375 3910 et
1402 3858 1850 3935 Psalmographo,
1901 3878 1954 3921 et
2004 3867 2098 3924 Dei

528 3955 698 4013 patre.

2211 3405 2461 3475 παρόντα
2497 3407 2914 3477 Χρυσόὸουλλον
2936 3407 3111 3477 Λόγον
3146 3410 3213 3479 τῇ
3250 3406 3421 3479 μητρὶ
3455 3405 3650 3465 πασῶν
3678 3408 3794 3461 τῶν

2221 3497 2585 3570 Ἐκκλησιῶν,
2617 3502 2684 3570 τῇ
2711 3500 2810 3571 νέᾳ.
2840 3498 3002 3567 Σιὼν,
3045 3498 3123 3572 τῷ
3152 3500 3249 3571 τῆς
3279 3499 3374 3554 τοῦ
3406 3499 3540 3555 Θεοῦ
3591 3500 3791 3570 eosic:

2210 3592 2620 3664 ἐνδιαιτήματι,
2657 3595 2756 3648 καὶ
2783 3595 2896 3663 τοῖς
2933 3594 3075 3649 κατὰ
3100 3594 3200 3658 τὰς
3229 3595 3431 3664 νήσους
3462 3591 3646 3657 πάσας
3684 3592 3789 3649 καὶ

2203 3685 2302 3757 τὴν
2330 3685 2617 3758 ’Δνατολὴν
2635 3689 2729 3741 καὶ
2751 3687 2850 3758 τὴν
2880 3686 3046 3743 Δύσιν
3082 3686 3433 3761 ἀρχιερεῦσιν
3452 3686 3784 3761 ἐϐράϐευτε,

2205 3778 2306 3842 τάς
2330 3778 2470 3852 ὑπὲρ
2492 3779 2591 3849 τῆς
2624 3780 2909 3852 βασιλείας
2937 3798 3039 3851 μου
3068 3780 3275 3835 τούτων
3304 3781 3472 3853 εὐχάς
3496 3781 3597 3836 ἐπὶ
3618 3779 3786 3841 πλέον

2206 3870 2688 3944 ἀναῤῥωννύουσα.
2746 3873 3018 3944 ’Δκριὸὦς
3068 3873 3176 3944 γάρ
3249 3869 3393 3929 οἶδεν
3443 3875 3478 3945 ἡ
3532 3874 3786 3945 βασιλεία

2207 3980 2335 4036 μου,
2367 3965 2442 4028 ὡς
2475 3965 2535 4019 οὐ
2575 3963 2811 4031 σώζεται
2851 3964 3111 4038 βασιλεὺς
3153 3965 3243 4021 διὰ
3269 3965 3473 4037 πολλὴν
3514 3965 3783 4037 δύναμιν,

527 4035 625 4091 καὶ
650 4037 724 4100 ιῖ-’ς
752 4035 914 4106 γίγας
925 4036 1006 4130 Δοῦ
1036 4036 1343 4130 φθήσεται
1370 4041 1428 4103 ἐν
1459 4041 1663 4115 πλήθει
1690 4046 1875 4119 ἰσχύος
1922 4050 2114 4107 αὐτοῦ’
2153 4035 2359 4128 ψευδὴς
2387 4055 2445 4111 δὲ
2468 4055 2638 4120 ῖππος
2681 4056 2763 4121 είς
2802 4035 3101 4130 σωτηρίαν,
3122 4057 3268 4113 κατά
3321 4035 3585 4113 τδνῖθεῖον
3612 4035 3787 4129 φάναι

528 4130 821 4199 Προφήτην
850 4127 947 4183 καὶ
975 4127 1371 4209 ⁴ιὲαλμογράφον
1399 4135 1494 4189 καὶ
1523 4135 1863 4212 Θεοπάτορα.

601 4220 801 4280 Volens
832 4224 1000 4289 enim,
1038 4234 1097 4280 ut
1132 4225 1365 4284 firmitas
1410 4238 1465 4285 et
1494 4232 1767 4292 stabilitas
1805 4239 2095 4309 Ecclesite,

528 4331 650 4387 qua:
674 4316 932 4371 omnibus
961 4327 1182 4387 praeest,
1212 4333 1499 4391 servetur;
1544 4332 1601 4381 et
1642 4329 1897 4389 omnibus
1940 4334 2099 4391 dictis

527 4408 866 4463 antistitibus
888 4418 1228 4476 sanctarum.
1262 4427 1383 4484 quae
1408 4417 1713 4490 ubicunque
1732 4433 1882 4489 sunt,
1923 4426 2102 4482 eccle-

526 4500 769 4569 siarum;
803 4510 855 4555 et
901 4504 1249 4560 securitatem
1288 4506 1567 4565 titulorum
1600 4527 1666 4568 ac
1704 4512 1935 4585 jurium,
1978 4533 2099 4588 qum

536 4593 642 4649 illis
671 4594 895 4660 adsunt,
948 4595 1000 4649 in
1046 4597 1286 4668 ipsorum
1337 4602 1705 4660 immobiliuin.
1731 4613 2096 4677 possessione,

531 4685 741 4740 ﬁrmius
767 4687 1147 4755 constituens,
1182 4699 1234 4743 et
1268 4701 1531 4761 praeterea
1567 4700 1872 4769 corrigens,
1901 4703 1945 4756 si
1972 4704 2099 4772 quid
2133 4682 2175 4740 ί)

530 4777 584 4830 in
620 4790 805 4831 eorum
838 4777 1054 4846 juribus
1093 4779 1381 4845 claudicet,
1418 4793 1473 4839 et
1507 4801 1655 4842 mero
1680 4788 1804 4858 jure
1828 4791 1899 4846 sit
1926 4793 2094 4848 desti—

530 4874 701 4921 tutum
740 4883 756 4922 :
788 4878 845 4923 et
870 4883 973 4921 non
1005 4869 1178 4924 solum
1214 4871 1339 4937 hoc,
1382 4876 1476 4929 sed
1510 4887 1560 4931 et
1597 4878 1644 4933 si
1676 4885 1817 4949 quod
1847 4883 1937 4952 jus
1966 4900 2097 4939 con-

529 4966 681 5035 sequi
715 4965 912 5034 debeat
958 4967 1026 5021 ad
1076 4966 1340 5038 ejusmodi
1392 4971 1744 5029 immobilium
1772 4978 2093 5055 dominium,

527 5060 921 5127 iletcntionem,
977 5073 1032 5117 et
1084 5062 1507 5133 proprietatem,
1555 5068 1611 5123 id
1664 5069 1894 5129 fortasse
1943 5076 2095 5145 prius

531 5155 732 5207 factum
767 5169 872 5209 non
910 5164 1031 5223 est;
1071 5157 1206 5213 hanc
1236 5160 1446 5230 imperii
1482 5163 1586 5216 mei
1623 5161 1827 5219 Bullam
1862 5168 2090 5223 Auream

527 5246 666 5312 ejus,
697 5246 837 5313 quod
870 5247 1049 5312 deest,
1107 5250 1513 5316 medicatricem
1557 5253 1665 5310 illis
1699 5259 1945 5325 tradidit,
1973 5277 2094 5330 qua:

528 5338 683 5390 veluti
716 5339 1038 5409 perfectum,
1072 5351 1125 5397 el
1177 5344 1483 5414 integrum,
1535 5356 1591 5401 et
1636 5349 1856 5423 otnnino
1902 5351 2090 5407 incon-

526 5444 744 5484 cussum
793 5430 883 5503 jus
934 5432 988 5487 in
1034 5432 1114 5488 eis
1174 5436 1389 5503 probat.
1434 5437 1540 5493 Per
1589 5455 1753 5511 quam
1807 5443 2091 5499 conﬁrmat

2277 4238 2591 4319 Τοιγάρτοι
2619 4247 2712 4301 καὶ
2762 4246 2825 4302 τδ
2864 4246 3294 4320 ἀπερικλόνητον
3337 4246 3526 4323 πάντη
3572 4248 3785 4317 φυλάτο

2201 4340 2393 4394 τεσθαι
2444 4339 2699 4406 θέλουσα,
2747 4343 2815 4412 τῇ
2861 4357 2922 4393 τε
2968 4341 3162 4396 πασῶν
3197 4340 3596 4414 προκαθημένῃ
3656 4343 3780 4398 Ἐκ·

2210 4434 2454 4507 κλησιῶν
2484 4434 2584 4489 καὶ
2608 4436 2725 4500 τοῖς
2760 4434 3187 4506 μνημονευθεῖσι
3237 4436 3408 4491 πᾶσιν
3456 4435 3786 4508 ἀρχιερεῦσι

2206 4528 2318 4581 τῶν
2355 4529 2699 4601 ὁπουδήποτε
2732 4527 2904 4597 ἁγίων
2942 4528 3310 4599 Ἐκκλησιῶν,
3337 4528 3435 4583 καὶ
3456 4529 3517 4583 τὸ
3536 4528 3786 4599 ἀσφαλὲς

2204 4622 2317 4675 τῶν
2350 4622 2667 4694 προσόντων
2687 4621 2917 4686 ταύταις
2934 4623 3320 4692 δικαιωμάτων
3342 4622 3437 4676 ἐπὶ
3468 4624 3537 4694 τῇ
3569 4625 3784 4695 κατοχῇ

2205 4713 2313 4767 τῶν
2336 4715 2610 4783 ἀκινήτων
2636 4715 2814 4768 αὐτῶν
2842 4714 3192 4786 βεϐαιότερον
3235 4713 3574 4781 καθιστῶσσ,
3605 4731 3788 4786 προσ-

2204 4803 2586 4876 επανορθοῦσα
2639 4804 2696 4859 δὲ
2728 4807 2822 4859 καὶ
2868 4807 2924 4859 εί
2968 4806 3022 4860 τί
3054 4823 3158 4859 που
3191 4803 3431 4875 χωλεῦον
3459 4804 3593 4868 ῖσως
3626 4805 3790 4858 ἐστὶν

2205 4897 2264 4948 ὲν
2294 4897 2411 4958 τοῖς
2442 4897 2622 4951 αὐτῶν
2649 4896 2991 4967 δικαιώμασι
3020 4897 3121 4954 καὶι
3141 4897 3239 4968 τῆς
3267 4896 3558 4968 ἀκριϐείας
3588 4894 3789 4949 λειπὸο

2210 5004 2371 5058 μενον
2402 5004 2417 5018 ·
2443 4990 2540 5042 καὶ
2593 4990 2655 5043 οὑ
2710 4990 2871 5060 μόνον
2923 4988 3104 5053 τοῦτο,
3152 4989 3288 5044 ἀλλά
3340 4990 3439 5045 καὶ
3478 4990 3533 5044 εἰ
3573 4991 3625 5045 τί
3672 5008 3788 5044 που

2211 5082 2431 5151 ὀφεῖλον
2460 5083 2904 5157 ἐπακολουθῆσαι
2934 5083 3211 5155 δικαίωμα
3248 5084 3387 5155 πρὸς
3433 5085 3533 5155 τὴν
3560 5086 3787 5156 ἀσφαλῆ

2203 5173 2315 5226 τῶν
2342 5174 2605 5229 τοιούτων
2631 5176 2907 5241 ἀκινήτων
2934 5175 3275 5238 δεσποτείαν,
3312 5177 3553 5245 κατοχὴν
3593 5192 3653 5227 τε
3685 5178 3789 5228 καὶ

2202 5265 2504 5336 κυριότητα
2548 5265 2807 5333 γενέσθαι
2865 5267 2996 5330 ἴσως
3041 5267 3144 5319 οὐκ
3188 5266 3425 5335 ἔφθασεν
3458 5283 3473 5297 ·
3500 5267 3661 5318 αὑτὸν
3709 5267 3785 5335 δὴ

2198 5357 2288 5413 τὸν
2314 5359 2557 5429 παρόντα
2603 5359 2993 5431 χρυσόϐουλλον
3028 5359 3184 5428 λόγον
3232 5358 3431 5431 ίατῆρα
3458 5360 3493 5427 ἡ
3527 5357 3787 5429 βασιλεία.

2202 5466 2305 5518 μου
2335 5450 2528 5503 τούτου
2562 5450 2627 5523 δὴ
2672 5450 2769 5504 τοῦ
2801 5452 3145 5517 ἐλλείποντος
3184 5454 3369 5517 αὐτοῖς
3415 5451 3783 5505 ἐπιδέδωκεν.

520 5521 761 5588 quidem,
814 5533 870 5578 et
928 5526 1092 5580 tutius
1139 5524 1304 5592 facit,
1365 5532 1726 5604 quodcunque
1791 5536 1883 5605 jus
1939 5540 2095 5597 adest

2208 5535 2311 5595 οἷον
2342 5541 2531 5613 άρτιον
2567 5521 2661 5597 καὶ
2693 5544 2947 5615 ὁλομελὲς
2976 5543 3268 5599 δεικνύντα
3315 5544 3375 5598 τὸ
3416 5545 3507 5598 ἐπὶ
3556 5543 3784 5608 τούτοις

522 5612 725 5665 sanctis
754 5615 1021 5679 ecclesiis,
1055 5616 1237 5689 eique,
1268 5632 1390 5688 quae
1419 5620 1525 5676 illis
1557 5625 1829 5694 praesidet,
1863 5627 1916 5682 in
1945 5628 2087 5698 ipsa~

520 5714 642 5757 rum
692 5702 1103 5772 immobilibus,
1157 5708 1677 5781 cujusmodicunque
1744 5715 1970 5781 inierint,
2044 5732 2091 5773 et

596 5860 674 5935 (6)
713 5862 999 5934 ltogcrium
1035 5862 1234 5921 Sicilia:
1270 5883 1449 5938 regem
1486 5868 1750 5949 intelligit.

2200 5630 2411 5686 δίκαιον
2434 5636 2529 5688 καὶ
2557 5636 2638 5698 είς
2669 5637 2729 5688 τὸ
2755 5635 3018 5700 παντελὲς
3055 5637 3422 5693 ἀδιάσειστον.
3468 5636 3546 5690 Δι’
3576 5632 3638 5691 οὗ
3675 5637 3785 5691 καὶ

2204 5723 2415 5795 βεϐαιοῖ
2452 5726 2554 5797 μὲν
2594 5728 2688 5782 καὶ
2741 5729 3154 5803 ἀσφαλέστερον
3200 5730 3387 5803 τίθησι
3415 5732 3524 5786 πᾶν
3566 5729 3784 5802 προσὸν
