4082 6294
409 337 510 407 721

1508 346 1872 406 NOVELL/E
1894 334 2590 437 ‘CONS'PITUTIONES.

3548 346 3656 410 722

404 456 529 520 ταῖς
564 456 687 511 κατ’
717 456 916 523 αὐτοὺς
960 459 1299 529 ἁγιωτάταις
1331 460 1426 515 τοῦ
1456 462 1591 517 Θεοῦ
1638 462 1973 531 Ἑκκλησίαις

2097 462 2408 533 ubicunque
2440 475 2502 519 ca
2530 465 2633 517 sila
2668 465 2809 530 sint;
2837 471 2891 518 et
2924 462 3066 534 quod
3100 463 3430 531 bonumest,
3461 467 3654 521 melius

407 550 505 603 καὶ
550 549 691 621 αὐτῇ
740 553 807 623 τῇ
862 551 1070 608 τούτων
1123 554 1522 628 προκαθημένῃ
1569 557 1847 627 δικαίωμα
1887 557 1981 610 ἐπὶ

402 642 522 705 τοῖς
572 643 758 697 αὐτῶν
808 644 1113 715 ἀκινήτοις,
1165 650 1353 703 ὁποῖον
1395 649 1463 704 ἂν
1516 651 1826 722 καθέστηκε
1876 651 1983 707 κᾶν

404 735 750 805 ὁπουδήποτε
784 736 959 791 ταῦτα
991 739 1341 805 διάκεινται,
1384 744 1479 795 καὶ
1532 745 1593 795 τὸ
1640 744 1805 796 καλὸν
1846 744 1980 797 κάλ-

398 822 524 880 λιον
555 823 740 898 τίθησι
767 830 835 900 τῇ
867 829 1144 903 δπικρίσει
1174 847 1233 885 τε
1263 834 1357 886 κα)⁵
1378 832 1544 904 ψήφῳ
1571 833 1669 901 τῆς
1700 832 1981 904 βασιλείας

406 938 543 993 μου.
575 919 693 978 Πᾶν
722 924 779 979 δὲ
804 926 863 980 ἐν
895 926 1081 990 αὐτοῖς
1110 928 1168 981 ἐν
1203 930 1414 995 ὁποίοις
1444 930 1590 983 εἴποι
1615 948 1700 987 τις
1745 929 1986 1001 θεωρού-

404 1031 595 1085 μενον,
633 1007 743 1071 εἴτε
774 1019 834 1072 ἑν
862 1019 1284 1090 χρυσοόοὑλλοις
1306 1021 1485 1090 λόγοις
1513 1021 1789 1092 διαφόρων
1820 1021 1979 1092 βασι-

400 1105 546 1163 λέων
568 1109 678 1164 εῐτε
707 1111 766 1164 ἐν
797 1098 1083 1191 σιγιλλίοις
1112 1113 1228 1168 εἴτε
1264 1117 1321 1167 ὲν
1366 1115 1566 1179 ἁπλαῖς
1613 1115 1982 1187 προστάξεσιν

402 1198 522 1254 εἴτε
553 1202 613 1254 ἐν
637 1201 857 1258 λῦσεσιν
880 1206 990 1261 εἴτε
1036 1206 1095 1261 ιν
1145 1210 1476 1276 πρακτικοῖς
1508 1208 1845 1273 ὕποσκάζον,
1884 1210 1978 1264 καὶ

404 1292 555 1346 κατά
589 1310 641 1346 τι
671 1297 768 1348 τοῦ
803 1297 1066 1369 ἁκριὸοὖς
1102 1300 1197 1353 καὶ
1230 1301 1328 1369 τῆς
1360 1300 1723 1371 ὀφειλομένης
1753 1301 1981 1356 ἀκολου-

401 1382 529 1446 Θίας
554 1384 898 1457 λειπόμενον,
942 1389 1052 1442 ἀπό
1093 1407 1153 1443 τε
1199 1390 1500 1461 βασιλικῶν
1533 1392 1980 1464 προσταγμάτων

402 1478 506 1530 καὶ
538 1478 721 1550 νόμων
743 1483 1041 1552 ἐπανορθοῖ
1074 1498 1089 1515 ⁸
1122 1486 1219 1538 καὶ
1274 1484 1573 1557 διορίζεται
1613 1485 1691 1557 μὴ
1732 1487 1875 1539 κατᾶ
1929 1503 1984 1539 τι

401 1569 697 1641 πρόκριμα
729 1573 794 1626 ὲκ
818 1573 1025 1628 τούτων
1054 1569 1195 1631 εῖναι
1227 1579 1352 1637 ταῖς
1381 1575 1738 1649 δηλωθείσαις
1778 1576 1983 1640 πάσαις

398 1662 744 1731 ἁγιωτάταις
791 1666 1148 1739 Ἐκκλησίαις
1180 1672 1259 1734 εἰς
1283 1671 1375 1723 τὸν
1408 1670 1585 1725 αἰῶνα
1609 1671 1701 1724 τὸν
1737 1672 1978 1737 ἅπαντα,

400 1752 544 1810 ἀλλὰ
569 1757 629 1810 τὺ
663 1758 978 1832 ὑπόσαθρον
1007 1761 1237 1815 ἐκείνων
1278 1764 1375 1817 καὶ
1418 1762 1643 1827 ἀσθενὲς
1679 1764 1982 1817 εὐτονώτα-

398 1863 501 1901 τον
533 1845 671 1903 εἶναι
696 1851 795 1905 καὶ
836 1831 1114 1908 ἀνάλωτον
1160 1855 1312 1925 πάσῃ
1339 1855 1682 1927 δικαιολογία
1710 1854 1807 1911 τοῦ
1849 1856 1974 1926 βου-
2011 1831 2054 1887 Β

362 1983 368 1987 .
400 1940 638 2011 λομενου
666 1942 850 2014 λέγειν
888 1962 943 2000 τι
997 1948 1137 2017 ὑπὲρ
1173 1947 1268 2001 τοῦ
1306 1948 1591 2019 δημοσίου,
1624 1948 1702 2019 τῷ
1748 1950 1978 2020 παρόντι

395 2037 787 2111 χρυσοσούλλῳ
828 2040 973 2113 λόγῳ
1012 2042 1112 2110 τῆς
1160 2041 1443 2112 βασιλείας
1484 2060 1588 2114 μου
1628 2042 1978 2113 ῥωννύμενον

397 2132 502 2187 καὶ
549 2132 756 2205 σφόδρα
782 2133 1281 2206 ἐνδυναμούμενον.
1323 2138 1439 2191 Καὶ
1464 2137 1555 2191 ίνα
1580 2135 1689 2190 ἀπὸ
1707 2136 1817 2195 τῶν
1851 2135 1979 2190 πολι

393 2220 535 2285 λῶν,
576 2217 655 2279 ὧν
687 2223 754 2279 ἂν
784 2242 871 2290 τις
902 2228 1235 2298 ἐννοήσειεν,
1289 2226 1489 2294 ὀλίγων
1528 2226 1693 2280 τινῶν
1739 2229 1773 2298 ή
1819 2227 1975 2297 βασι-

391 2318 523 2375 λεία
553 2336 657 2392 μου
691 2323 1080 2396 ἑπιμνησθείη,
1125 2324 1220 2379 ἐὰν
1248 2324 1412 2395 τυχὸν
1436 2325 1617 2395 δωρεά
1648 2325 1833 2388 αὐτοῖς
1867 2340 1977 2377 πα·-

395 2411 608 2479 ροίκων
640 2411 847 2478 ἅποσος
882 2412 972 2486 εἴη
1006 2416 1040 2487 ἢ
1079 2416 1298 2488 μέτρων
1325 2416 1430 2486 γῆς
1454 2456 1469 2480 ,
1500 2414 1808 2486 αὑτούργιά
1853 2433 1977 2469 τινα

390 2500 687 2561 ἑκαίνισαν
726 2507 785 2561 ὲν
812 2508 929 2571 τοῖς
973 2507 1244 2571 τοιούτοις
1277 2508 1526 2579 κτήμασι
1565 2508 1727 2580 τυχὸν
1771 2508 1849 2579 μή
1894 2507 1981 2561 δε-

390 2595 699 2669 δωρημένα
728 2600 918 2662 αὐτοῖς
941 2618 955 2633 ο
983 2602 1016 2672 ή
1049 2601 1406 2674 ἐδωρήθησαν
1443 2603 1573 2673 μὲν,
1606 2603 1710 2658 οὐκ
1747 2602 1981 2675 ἀνετράο

392 2699 590 2758 πησαν
628 2686 685 2742 δὲ
712 2689 768 2743 ai
806 2691 937 2760 περὶ
965 2690 1175 2745 τούτων
1198 2692 1531 2763 προστάξεις
1553 2705 1568 2722 ⁸
1615 2693 1648 2763 ἢ
1708 2692 1805 2747 ἐπὶ
1836 2709 1975 2764 προ-

394 2781 818 2852 αφωρισμένοις
874 2782 1279 2856 δεδωρημένοις
1331 2784 1517 2848 αὐτοῖς
1564 2786 1619 2839 αἱ
1671 2787 1798 2857 περὶ
1841 2802 1977 2856 προ-

391 2873 805 2944 αφωρισμένων
823 2872 1148 2946 προστάξεις
1179 2877 1279 2932 οὒκ
1316 2877 1710 2953 ἀνετράπησαν
1739 2895 1753 2911 ·
1786 2878 1821 2951 ﬁ
1854 2895 1978 2934 τινα

392 2965 512 3020 τῶν
541 2968 915 3040 πορισθέντων
959 2969 1144 3035 αὐτοῖς
1192 2971 1493 3042 βασιλικῶν
1528 2972 1977 3045 προσταγμάτων

397 3058 632 3123 οὺδὸλως
682 3060 1148 3135 κατεστρώθησαν
1194 3079 1209 3096 ⁸
1264 3065 1298 3136 ἢ
1352 3064 1820 3140 κατεστρώθησαν
1876 3066 1977 3134 μὲν

2090 555 2256 622 facit,
2311 558 2520 627 imperii
2570 558 2675 613 mei
2721 556 2992 613 sententia
3027 564 3082 612 et
3114 558 3342 613 calculo.
3380 556 3652 629 Quidquid

2085 662 2264 706 autem
2290 662 2375 706 est
2410 652 2471 719 in
2522 652 2600 705 eis
2621 696 2635 716 ,
2665 653 2719 707 in
2760 653 3174 722 quibuscumque
3204 653 3325 722 quis
3351 662 3669 722 spectatum

2087 742 2137 796 id
2176 742 2399 809 dixerit,
2437 741 2551 797 sive
2582 743 2637 797 in
2676 743 2858 799 aureis
2904 742 3067 798 bullis
3099 743 3436 798 diversorum
3480 743 3655 813 impe-

2088 846 2354 899 ratorum,
2386 835 2502 890 sive
2533 835 2585 890 in
2613 835 2835 907 sigillis.
2867 836 2982 891 sive
3021 834 3073 889 in
3122 834 3460 903 simplicibus
3495 850 3655 889 man-

2086 929 2246 996 datis,
2280 929 2395 983 sive
2426 928 2478 984 in
2516 928 2834 1000 rescriptis,
2872 929 2987 984 sive
3032 930 3086 982 in
3110 992 3113 997 ι
3140 928 3276 983 actis
3318 926 3651 991 claudicans,

2083 1032 2139 1075 et
2167 1020 2513 1090 aliquatenus
2542 1021 2609 1075 ab
2642 1035 2726 1085 eo.
2763 1020 2905 1091 quod
2932 1030 3015 1076 est
3040 1032 3314 1083 exactum,
3343 1027 3397 1074 et
3423 1035 3452 1074 a
3475 1012 3654 1074 debita

2085 1111 2478 1180 consequentia
2532 1111 2795 1167 deﬁciens
2843 1112 3105 1183 regalium
3147 1112 3453 1183 iussionum
3496 1122 3550 1168 et
3581 1110 3654 1175 le-

2085 1217 2231 1270 gum,
2264 1202 2528 1273 corrigit;
2567 1211 2619 1257 et
2648 1202 2916 1266 decernit,
2948 1201 3116 1257 dictis
3158 1200 3522 1257 sanctissimis
3565 1214 3658 1256 ec-

2084 1292 2270 1350 clesiis
2299 1294 2505 1348 “nullum
2539 1310 2607 1349 ex
2640 1300 2715 1348 ‘ea
2761 1310 2822 1349 re
2874 1292 3249 1363 praeiudicium
3288 1293 3342 1347 in
3390 1300 3653 1348 aeternum

2085 1384 2267 1441 aﬁ‘erri
2303 1402 2317 1441 :
2349 1386 2444 1442 sed
2489 1388 2632 1456 quod
2668 1388 2719 1441 in
2756 1387 2835 1442 eis
2877 1396 2960 1442 est
2988 1386 3259 1441 inﬁrmum
3305 1392 3360 1439 et
3408 1382 3653 1439 imbecil-

2086 1478 2217 1542 lmn,
2254 1493 2379 1534 esse
2408 1478 2809 1546 ﬁrmissimum,
2844 1490 2900 1534 ει
2951 1478 3094 1533 nulla
3146 1477 3292 1546 juris
3336 1478 3655 1548 allegatione

2085 1569 2504 1641 oppugnandum
2549 1572 2618 1626 ab
2669 1584 2756 1637 eo,
2803 1570 2895 1639 qui
2945 1569 3074 1624 velit
3125 1570 3334 1640 aliquid
3378 1584 3475 1640 pro
3525 1569 3653 1623 ﬁsco

2087 1664 2204 1736 (seu
2236 1664 2472 1734 publico)
2509 1664 2713 1731 dicere,
2742 1672 2797 1718 ut
2836 1660 2981 1735 quod
3013 1663 3270 1735 prascuti
3306 1663 3513 1733 imperii
3548 1665 3650 1717 mei

2085 1757 2233 1811 Bulla
2265 1759 2443 1812 Aurea
2472 1756 2829 1812 conlirmetur
2856 1767 2909 1812 ει
2953 1756 3110 1811 valde
3141 1756 3544 1811 eorrohorelnr.
3587 1754 3654 1809 Et

2084 1858 2141 1903 ut
2165 1866 2230 1904 cx
2264 1850 2448 1904 multis
2473 1864 2680 1909 eorum.
2709 1864 2828 1918 qua:
2856 1850 3089 1920 cuipiam
3125 1848 3178 1903 in
3212 1857 3445 1903 mentem
3470 1847 3654 1902 venire

2083 1947 2328 2014 possint,
2406 1959 2573 2015 pauca
2642 1946 2888 2014 quaedam
2946 1944 3228 2013 imperium
3291 1958 3472 1998 meum
3540 1958 3650 1997 tne-

2083 2037 2253 2092 moria
2298 2047 2549 2107 repetat:
2579 2037 2623 2093 si
2659 2037 2801 2094 forte
2839 2038 3061 2095 donatio
3107 2038 3277 2108 ipsius
3334 2037 3649 2092 colonorum

2080 2131 2152 2185 sit
2216 2131 2333 2186 sine
2385 2140 2532 2186 certa
2586 2130 2927 2200 quantitate,
2985 2144 3086 2203 .aut
3145 2146 3395 2186 mensura
3459 2139 3650 2193 terra).

2082 2225 2168 2281 vel
2205 2225 2321 2281 loca
2359 2227 2606 2296 quaedam
2646 2223 2846 2280 fertilia
2892 2224 3202 2279 innovarint
3248 2224 3301 2278 in
3348 2221 3648 2291 huiusmodi

2083 2319 2548 2390 possessionibus,
2578 2318 2715 2373 forte
2740 2317 3017 2389 quaeipsis
3042 2318 3236 2372 donata
3264 2332 3368 2371 non
3398 2316 3649 2381 ruerunt;

2081 2422 2175 2469 aut
2204 2413 2404 2469 donata
2436 2414 2652 2483 quidem
2687 2412 2925 2477 fuerunt,
2966 2411 3240 2482 jnssiones
3270 2420 3448 2465 autem
3477 2409 3542 2464 de
3570 2409 3653 2463 his

2081 2503 2239 2559 facta:
2275 2520 2384 2560 non
2415 2514 2545 2560 sunt
2581 2514 2847 2559 revocata:
2876 2520 2890 2559 :
2924 2504 3009 2556 vel
3035 2502 3088 2556 in
3124 2502 3232 2562 alio
3261 2501 3531 2572 deputatis
3559 2500 3655 2557 do-

2080 2596 2227 2654 natis
2282 2596 2416 2668 ipsis
2458 2596 2737 2667 jussiones
2775 2597 2842 2653 de
2887 2595 3037 2668 prius
3083 2595 3319 2651 deﬁnitis
3372 2608 3477 2649 non
3527 2602 3655 2649 sunt

2082 2700 2352 2749 revocata
2383 2709 2398 2746 :
2428 2700 2519 2746 aut
2547 2692 2864 2763 jussionum
2910 2689 3315 2763 principalium,
3370 2704 3491 2760 qua:
3519 2687 3652 2759 ipsis

2078 2784 2299 2842 tributae
2328 2793 2474 2851 sunt,
2498 2784 2693 2855 aliqua
2714 2784 2863 2841 nullo
2888 2782 3050 2839 modo
3075 2784 3363 2838 insinuata:
3392 2780 3649 2847 fuerunt;

2080 2884 2175 2934 aut
2224 2875 2445 2934 fuerunt
2486 2878 2705 2947 quidem
2753 2877 3043 2932 insinuata:
3087 2875 3141 2930 in
3193 2875 3377 2945 aliquo
3405 2882 3649 2940 secreto,

2082 2984 2192 3025 non
2224 2978 2405 3024 tamen
2457 2976 2844 3037 competente:
2882 2977 2974 3022 aut
3020 2966 3309 3022 insinuata:
3353 2964 3650 3035 perierunt,

2084 3060 2330 3132 exempla
2364 3070 2551 3118 autem
2580 3077 2770 3117 earum
2805 3061 2909 3116 ﬁde
2941 3061 3101 3131 digna
3135 3060 3484 3132 reperiuntur
3514 3078 3527 3115 :
3561 3070 3652 3112 aut

404 3149 485 3213 εις
533 3164 652 3205 τινα
700 3151 811 3205 τῶν
866 3152 1167 3225 σεκρέτων,
1215 3153 1276 3208 οὐ
1321 3158 1430 3227 μήν
1480 3174 1546 3225 γε
1592 3158 1687 3211 καὶ
1723 3160 1815 3212 ἐπὶ
1860 3160 1973 3224 τοῖς

2083 3166 2227 3222 acta,
2258 3171 2378 3227 quae
2408 3156 2704 3228 procedere
2737 3154 3029 3223 debebant,
3086 3170 3190 3212 nou
3227 3160 3647 3225 processerunt:

401 3242 739 3317 προσφόροις
766 3245 1080 3318 σεκρέτοις·
1110 3246 1147 3317 ἢ
1177 3248 1635 3318 κατατρωθέντα
1667 3249 1968 3319 ἀπώλοντο,

394 3333 491 3389 (ea
522 3333 579 3388 δὲ
610 3334 820 3389 τούτων
846 3338 1242 3407 πεπιστωμένα
1270 3338 1622 3411 εὑρίσκονται
1647 3360 1660 3374 ·
1688 3341 1722 3413 ἢ
1748 3361 1975 3417 πρακτι-

388 3426 470 3506 κὰ,
500 3426 793 3495 ὀφείλοντα
836 3428 1109 3501 προόῆναι
1138 3430 1199 3484 οὐ
1234 3431 1558 3503 προέϐησαν
1578 3476 1593 3497 ,
1626 3434 1659 3505 ἢ
1689 3436 1973 3507 προϐάντα

383 3519 453 3574 οὐ
485 3520 971 3593 κατεστρώθησαν,
1001 3523 1033 3595 ἢ
1068 3523 1357 3595 ὁρισθέντα
1400 3527 1658 3597 γενέσθαι
1705 3529 1969 3603 λογίσιμα

382 3614 496 3667 οὐκ
524 3612 777 3682 ἐγένοντο
802 3632 815 3646 ·
849 3616 882 3689 ἢ
917 3615 1060 3671 κατά
1107 3634 1232 3672 τινα
1277 3618 1410 3683 ῐσως
1442 3615 1615 3693 ἄλλην
1662 3622 1855 3678 ὁποίαν
1905 3626 1971 3680 ἄν

379 3718 476 3769 τις
510 3704 642 3780 εἴπῃ
663 3707 846 3761 αἰτίαν
874 3708 987 3763 εἴτε
1027 3711 1173 3765 κατὰ
1212 3714 1381 3784 μέρος
1425 3712 1538 3768 εἴτε
1566 3716 1662 3770 καὶ
1696 3717 1820 3773 καθ’
1852 3720 1970 3774 ὁλό-

380 3797 594 3867 κληρον
642 3798 711 3852 τὰ
753 3801 1030 3868 προσόντα
1079 3805 1201 3866 ταῖς
1246 3805 1509 3871 πολλάκις
1556 3806 1971 3879 διαληφθείσαις

379 3890 579 3958 ἁγίαις
606 3891 701 3945 τοῦ
740 3892 875 3947 Θεοῦ
914 3896 1268 3969 Ἐκκλησίαις
1302 3900 1397 3953 καὶ
1445 3904 1511 3973 τῇ
1571 3905 1740 3974 μητρὶ
1773 3905 1968 3960 πασῶν

377 3978 691 4049 χωλεύουσι
737 3981 1090 4054 δικαιώματα
1147 3986 1448 4042 κάντεῦθεν
1509 3990 1612 4044 οὐκ
1672 3992 1858 4062 ἔχουσι
1905 3995 1965 4049 τὸ

378 4074 841 4147 ἁπερικλόνητον,
870 4078 977 4132 κᾶν
1003 4080 1078 4150 μὴ
1106 4081 1289 4153 ῥητῶς
1320 4081 1557 4137 ἐνταῦθα
1592 4085 1740 4139 πᾶσα
1774 4089 1966 4143 ὁποια-

395 4166 467 4237 δή
494 4184 575 4229 τις
606 4168 757 4223 αίτία
787 4168 1120 4237 ὑποσκάζειν
1147 4172 1378 4247 ποιοῦσα
1407 4175 1478 4229 τὰ
1507 4176 1852 4249 δικαιώματα
1870 4182 1965 4234 ἐκ·

379 4259 714 4331 πεφώνηται
748 4278 764 4294 ·
807 4262 840 4335 ἢ
874 4261 1109 4335 ὤφειλον
1140 4267 1305 4339 τυχὸν
1340 4268 1432 4321 καὶ
1460 4267 1627 4342 ἔτερα
1659 4270 1964 4344 δικαιώμα-

374 4373 454 4409 τα
480 4357 991 4430 προσεπορεχθῆναι
1026 4360 1219 4425 αὐταῖς
1250 4362 1343 4417 ἐπὶ
1374 4363 1490 4428 τοῖς
1526 4364 1797 4429 τοιούτοις
1837 4368 1961 4422 ἀκι-

376 4445 594 4516 νήτοις,
627 4445 702 4511 ὥς
725 4464 891 4503 τινων
921 4449 1147 4512 πάντως
1194 4451 1523 4525 προσάντων
1562 4454 1621 4507 ὲν
1664 4455 1858 4522 αὑταῖς
1890 4456 1962 4530 (εί

2079 3245 2165 3304 vei
2206 3255 2383 3313 actus,
2435 3247 2530 3318 qui
2580 3248 3020 3318 requirebantur,
3064 3263 3171 3304 non
3202 3248 3648 3303 intervenerunt:

2080 3351 2174 3395 aut
2214 3356 2332 3410 quae
2380 3340 2501 3396 ﬁeri
2553 3340 2859 3396 debuerunt
2894 3342 3167 3397 rationum
3195 3337 3651 3409 computationes,

2080 3433 2235 3489 factae
2266 3449 2373 3489 non
2407 3444 2534 3491 sunt
2565 3452 2580 3489 :
2614 3442 2708 3490 aut
2739 3433 2880 3489 forte
2904 3434 3203 3505 quamlibet
3234 3434 3395 3490 aliam
3426 3432 3494 3490 ob
3523 3447 3652 3488 cau-

2079 3543 2223 3596 sam,
2260 3531 2377 3588 sive
2410 3544 2477 3585 ex
2509 3538 2687 3601 parte,
2724 3529 2838 3587 sive
2872 3530 2926 3585 in
2971 3536 3139 3587 totum
3168 3529 3286 3600 jura
3315 3542 3457 3599 saepe
3486 3525 3650 3583 dictis

2079 3622 2289 3678 sanctis
2323 3622 2416 3701 Dei
2451 3622 2725 3690 ecclesiis,
2761 3631 2817 3678 et
2847 3622 3009 3680 matri
3042 3622 3283 3678 omnium
3321 3620 3647 3684 claudicant,

2077 3726 2133 3773 et-
2180 3715 2306 3770 inde
2348 3716 2659 3772 ﬁrmitatem
2709 3724 2864 3773 suam
2910 3729 3015 3771 non
3074 3715 3313 3771 habent:
3347 3714 3449 3770 etsi
3501 3729 3647 3777 non,

2076 3816 2198 3879 quae
2224 3809 2275 3864 id
2327 3808 2490 3863 faciat
2522 3822 2709 3873 causa,
2744 3809 3059 3865 nominatim
3101 3820 3359 3878 expressa
3410 3809 3480 3862 sit
3511 3824 3526 3861 :
3553 3816 3649 3861 aut

2078 3900 2218 3955 forte
2244 3900 2349 3953 alia
2386 3900 2517 3970 ipsis
2566 3900 2791 3957 concedi
2834 3900 3139 3955 debuerunt
3188 3901 3550 3955 instrumenta
3583 3901 3649 3953 dc

2076 3993 2388 4063 huiusmodi
2436 3992 2831 4057 immobilibus,
2882 4008 3005 4047 cum
3041 3991 3216 4063 aliqua
3252 3991 3447 4047 Saltem
3473 3991 3649 4060 impe.

2075 4095 2399 4142 traverunt:
2436 4087 2583 4159 (nam
2637 4086 2683 4141 si
2733 4087 3115 4142 documentum
3161 4085 3227 4140 de
3276 4085 3529 4155 quoidam
3578 4099 3644 4138 ex

2073 4177 2339 4249 possessis
2387 4194 2419 4233 a
2466 4190 2526 4233 se
2576 4177 2944 4232 immobilibus
2995 4192 3334 4245 nequaquam
3377 4174 3644 4244 acquisie-
3744 4203 3753 4211 -

2074 4269 2206 4335 rint,
2244 4269 2377 4324 nihil
2408 4285 2437 4323 a
2466 4270 2719 4339 przesenti
2768 4264 2964 4323 Aurea:
3013 4267 3177 4321 Bulla:
3208 4268 3455 4323 oratione
3492 4266 3620 4335 juva

2071 4360 2297 4429 buntur)
2335 4360 2478 4415 nulla
2513 4362 2567 4416 in
2603 4376 2663 4417 re
2700 4361 2812 4416 haec
2840 4359 3044 4425 omnia,
3096 4368 3151 4415 et
3185 4373 3519 4429 quaecunque
3544 4359 3645 4414 alia

2070 4452 2305 4525 cuipiam
2343 4468 2443 4525 pro
2475 4454 2611 4510 ﬁsco
2656 4452 2890 4509 certauti
2943 4453 2995 4509 in
3050 4462 3285 4507 mentem
3322 4452 3648 4522 quandoque

376 4535 497 4607 γὰρ
523 4536 769 4609 μηδόλως
790 4556 844 4593 τι
882 4540 1163 4611 δικαίωμα
1197 4543 1290 4596 ἐπί
1335 4557 1443 4598 τινι
1491 4544 1603 4600 τῶν
1650 4547 1963 4617 προσόντων

2078 4549 2341 4615 venerint,
2391 4548 2584 4603 laedere
2638 4562 2874 4617 unquam
2933 4547 3307 4603 sanctissimas
3364 4544 3643 4611 ecclesias,

370 4632 571 4695 αὐταῖς
597 4632 873 4701 άκι-νήτων
896 4636 1219 4707 κέκτηνται,
1243 4636 1397 4693 οὐδόν
1422 4654 1475 4693 τι
1498 4638 1605 4693 ἀπὸ
1630 4638 1726 4694 τοῦ
1754 4640 1959 4713 παρόν-

370 4738 471 4789 τος
529 4727 928 4798 χρυσοόούλλου
997 4729 1161 4799 λόγου
1226 4731 1703 4805 ὠφεληθήσονται)
1750 4750 1765 4765 ·
1815 4735 1960 4791 κατά

373 4818 553 4890 μηδὲν
583 4837 637 4876 τι
674 4820 852 4877 ταῦτα
901 4825 1107 4891 πάντα,
1151 4824 1247 4881 καὶ
1286 4825 1388 4880 ὅσα
1442 4826 1511 4881 ἄν
1550 4844 1637 4893 τις
1691 4829 1826 4884 ἄλλα
1877 4829 1957 4894 εις

366 4912 508 4967 νοῦν
537 4905 683 4989 λάϐῃ
714 4918 846 4972 ποτέ
879 4918 1020 4990 ὑπὲρ
1074 4918 1170 4973 τοῦ
1212 4921 1478 4992 δημοσίου
1526 4921 1955 4996 ἀγωνιζόμενος,

367 5006 729 5080 καταϐλάψαι
773 5011 905 5068 ποτὶ
952 5012 1055 5077 τὰς
1102 5013 1198 5067 τοῦ
1254 5013 1390 5068 Θεοῦ
1440 5016 1753 5083 ἁγιωτάτας
1830 5018 1956 5071 Ἐκ-

374 5100 636 5172 κλησίας,
700 5106 791 5159 τόν
825 5123 886 5160 τε
940 5107 1041 5177 τῆς
1099 5107 1196 5163 τοῦ
1249 5108 1384 5163 Θεοῦ
1425 5110 1621 5181 σοφίας
1661 5108 1812 5165 οἷκον
1861 5111 1955 5165 καὶ

364 5191 478 5256 τὰς
507 5195 699 5258 λοιπὰς
730 5198 1126 5270 μητροπόλεις,
1179 5200 1627 5273 ἀρχιεπισκοπὰς
1677 5205 1775 5257 καὶ
1826 5200 1955 5258 ἑπι-

366 5286 614 5354 σκοπὰς,
659 5288 955 5361 δυνήσεται
1008 5292 1103 5346 ἐπὶ
1145 5295 1282 5357 τοῖς,
1362 5292 1436 5357 ὡς
1477 5292 1717 5364 εἴρηται,
1766 5294 1957 5365 διαφέ-

367 5388 566 5450 ρουσιν
593 5381 786 5448 αὐταῖς
827 5386 1114 5457 ἀκινήτοις
1147 5386 1245 5455 ἀφ’
1285 5385 1619 5457 οίωνδήποτε
1647 5387 1957 5459 δικαιωμά-

361 5486 501 5529 των.
559 5474 622 5530 Ei
679 5477 790 5548 γὰρ
827 5479 999 5550 μηδὲν
1051 5495 1113 5532 τι⁴
1148 5478 1417 5552 μηδαμῶς
1460 5481 1747 5553 ¹δικαίωμα
1791 5482 1957 5555 ἐκτή-

2069 4652 2125 4699 ει
2161 4642 2445 4715 επρίειιιίω
2474 4642 2568 4697 Dei
2598 4642 2882 4711 templum,
2910 4640 3255 4712 reliquasque
3288 4643 3641 4710 metropoies.

2070 4737 2536 4808 archicpiscopas,
2570 4735 2855 4806 episcOpas
2892 4744 3150 4805 poterunt
3188 4733 3242 4789 in
3290 4733 3359 4790 iis
3388 4733 3641 4790 immobi-

2066 4828 2230 4894 libus,
2266 4842 2409 4897 quae,
2449 4834 2509 4882 ut
2540 4826 2748 4881 dictum
2782 4837 2886 4893 est,
2938 4825 3004 4880 ad
3054 4826 3199 4896 ipsas
3252 4824 3544 4895 pertinent,
3575 4838 3641 4881 cx

2063 4921 2536 4993 qualibuscunque
2566 4920 2927 4975 documentis.
2963 4918 3094 4974 Nam
3129 4919 3172 4975 si
3211 4920 3415 4975 nullum
3449 4920 3637 4989 acqui‘

2062 5017 2305 5070 siverunt
2353 5029 2587 5085 unquam
2630 5013 2719 5083 jus
2760 5015 2812 5068 iu
2868 5013 3135 5085 aliquibus
3186 5013 3327 5069 forte
3382 5012 3641 5069 immobi-

2061 5111 2224 5172 libus,
2250 5124 2370 5179 quae
2397 5108 2619 5173 habent,
2643 5107 2839 5161 nullam
2872 5124 2933 5161 ex
2968 5110 3220 5178 praesenti
3248 5106 3443 5163 Aureae
3470 5107 3639 5162 Bullm

2061 5204 2307 5259 Oratione
2357 5203 2590 5257 sentient
2639 5201 2929 5255 utilitatem
2970 5218 2984 5255 :
3023 5203 3164 5257 sicut
3202 5218 3299 5257 nec
3346 5202 3401 5256 in
3438 5201 3634 5270 quibus

2063 5299 2224 5353 ﬁscus
2253 5299 2326 5352 ad
2356 5296 2680 5351 hodiernum
2708 5309 2881 5365 usque
2914 5295 3054 5351 diem
3104 5297 3501 5364 possessionem
3540 5298 3635 5349 ha-

2062 5386 2177 5444 hnit
2211 5400 2274 5443 ex
2301 5388 2452 5457 juSta‘
2486 5387 2737 5457 quapiam
2767 5400 2951 5441 causa.
2996 5386 3052 5441 lu
3094 5388 3177 5443 his
3210 5389 3352 5443 cnim
3383 5387 3633 5443 omnibus

2056 5481 2197 5549 juris
2225 5479 2604 5536 observabitur
2637 5487 2827 5535 exacta
2859 5480 3169 5549 disciplina.

361 5578 541 5622 σαντο
565 5568 661 5622 ἐπί
716 5586 862 5624 τισιν
908 5569 1041 5636 ἴσως
1104 5570 1213 5626 τῶν
1285 5573 1600 5645 προσόντων
1661 5574 1850 5639 αὑταῖς
1902 5578 2197 5646 ἀκινήτων,
2250 5573 2507 5642 οὐδεμίαν
2571 5573 2685 5627 άπὸ
2735 5572 2831 5627 τοῦ
2890 5572 3161 5645 παρόντος
3228 5573 3628 5645 χρυσοϐούλλου

358 5660 528 5731 λόγου
559 5662 836 5735 ὠφέλειαν
880 5662 1121 5731 ἕξουσιν,
1182 5664 1374 5739 ῶσπερ
1423 5668 1543 5722 οὐδὲ
1622 5669 1709 5738 ἐφ’
1744 5665 1828 5746 οἷς
1896 5670 2021 5741 ἔσχε
2059 5669 2159 5739 τὴν
2200 5668 2440 5741 κατοχὴν
2486 5670 2514 5722 ό
2572 5668 2830 5739 δημόσιος
2884 5668 2977 5741 ἀφ’
3020 5670 3355 5745 οἱασδήτινος
3403 5672 3626 5744 εὐλόγου

360 5757 547 5822 αἰτίας
604 5758 767 5829 μέχρι
815 5758 915 5828 τῆς
951 5760 1352 5831 σήμερονοέπὶ
1389 5762 1601 5828 τούτοις
1650 5764 1757 5833 γὰρ
1813 5764 1946 5817 πᾶσι
1989 5763 2048 5817 τὸ
2078 5764 2305 5835 ἀκριϐὲς
2337 5762 2922 5833 παραφυλαχθήσεται.

447 5852 514 5908 El
536 5869 621 5920 τις
649 5852 745 5910 οὖν
781 5852 999 5927 θελήσει
1027 5853 1117 5911 διά
1156 5855 1592 5929 φιλογρηματίαν
1646 5859 1677 5929 ἢ
1722 5860 1790 5912 δι’
1831 5858 1951 5911 ἐτέ-

2137 5859 2191 5913 Si
2225 5858 2344 5929 quis
2384 5858 2545 5929 igitur
2573 5858 2803 5915 voluerit
2844 5874 2938 5929 per
2970 5862 3274 5927 avaritiam.
3316 5873 3406 5920 aut
3436 5881 3627 5927 quaut-
