4082 6294
289 327 397 391 729

1350 324 1718 386 NOVELLE
1757 324 2436 387 CUNSTITUTIONES.

3432 329 3543 393 730

287 444 457 513 κίαῳ.
500 443 566 514 τῇ
595 440 688 494 τοῦ
718 440 1042 509 Ἀντιγόνου,
1072 437 1149 510 τῷ
1200 439 1581 512 Τραγονησίῳ,
1607 443 1672 511 τῇ
1700 440 1769 492 Τε
1781 457 1863 510 ρε-

1977 440 2172 505 phoue,
2230 438 2288 492 S.
2347 436 2681 505 Eleutherio,
2732 437 2974 506 Codone,
3026 436 3244 511 Pelago,
3297 437 3551 513 Deipara,

287 536 492 606 ϐίνθῳ,
533 533 611 606 τῷ
647 533 812 604 Ἀγίῳ
845 533 1102 604 Ἀνδρέα,
1144 532 1223 602 τῷ
1252 531 1422 602 Ἀγὶῳ
1461 533 1753 602 Τρύφωνι,
1796 532 1873 601 τῷ

296 631 470 699 ’Λγέῳ
498 627 822 697 Ἐλευθερίῳ
846 625 926 696 τῷ
959 625 1206 690 Κώδωνι,
1233 624 1312 696 τῷ
1345 625 1616 694 Πελαγέῳ,
1646 631 1710 693 τῖ
1746 626 1876 676 Θεο-

285 723 436 790 τόκῳ
457 761 472 785 ,
504 720 582 790 τῷ
616 718 974 790 Μεσονησῑῳ,
1007 720 1075 790 τῇ
1111 718 1302 790 ἰάτρῳ
1335 719 1429 771 καὶ
1459 717 1537 788 τῷ
1573 718 1737 788 ’Λγίῳ
1773 721 1877 790 Δη-

289 815 532 886 μητρῖῳ,
568 818 662 867 καὶ
697 814 810 875 τοῖς
847 814 904 864 ὲν
937 812 1060 874 ταῖς
1094 811 1321 882 κτήσεσι
1356 811 1466 863 τῶν
1501 811 1739 882 πορτῶν,
1780 815 1873 866 καὶ

283 908 419 976 ἄχρι
447 907 548 976 τῆς
576 905 836 977 περιοχῆς
861 903 957 958 τοῦ
976 904 1202 975 Ἀθύρα.
1230 905 1326 958 καὶ
1357 905 1544 968 ἁπλῶς
1570 908 1681 967 τοῖς
1713 905 1875 976 πέριξ

279 999 390 1067 τῆς
418 996 689 1068 βασιλίδος
713 997 823 1052 τῶν
849 995 1058 1050 πόλεων
1084 996 1445 1068 άσκουμένοις
1478 1000 1750 1066 μοναχοίς.
1779 999 1874 1050 άν-

281 1090 453 1160 δράσι
476 1107 535 1143 τε
563 1090 656 1143 καὶ
684 1089 900 1160 γυναιξί
917 1103 934 1121 ο
968 1089 1136 1144 πολλὰ
1160 1088 1372 1152 τούτοις
1398 1089 1874 1161 φιλοτιμησαμένη

283 1182 515 1250 δίκαια,
550 1182 645 1236 καὶ
677 1181 737 1251 τὸ
775 1182 1118 1237 ἁδιάσειστον
1151 1183 1335 1248 αὐτοῖς
1373 1165 1741 1252 δωρησαμένη
1777 1183 1875 1237 ἐπὶ

286 1276 358 1344 τῇ
394 1275 597 1346 κατοχῇ
630 1275 727 1328 καὶ
755 1273 1044 1346 δεσποτεία
1073 1273 1182 1328 τῶν
1212 1274 1486 1349 ἀκινήτων
1515 1276 1623 1328 τῶν
1656 1275 1761 1329 ἀπό
1791 1292 1871 1326 τι-

289 1381 400 1416 νων
429 1363 814 1433 δικαιωμάτων
841 1363 1205 1434 διαφερόντων
1233 1363 1464 1429 τούτοις,
1495 1363 1675 1426 καθὼς
1703 1369 1729 1416 ὸ
1757 1380 1872 1417 τοι·

287 1455 450 1517 οὗτος
483 1454 876 1526 χρυσόὸουλλος
908 1454 1062 1524 λόγος
1081 1456 1420 1526 πλατύτερον
1455 1457 1627 1509 ταῦτα
1675 1456 1873 1522 διέξει-

293 1565 400 1603 σιν.
435 1547 587 1600 Ἐπεὶ
616 1548 672 1602 δὲ
702 1548 827 1612 τοὺς
857 1548 1193 1620 θηρολέκτας
1222 1547 1322 1603 οὐκ
1347 1544 1416 1620 ἦν
1447 1551 1700 1620 ἠρεμεῖν,
1735 1549 1872 1603 ἀλλὰ

292 1641 374 1712 τῷ
405 1639 499 1696 τοῦ
533 1639 796 1712 δημοσίου
834 1643 1188 1713 προσχήματι
1225 1643 1451 1711 βαρεῖαν
1508 1643 1720 1708 τούτοις
1772 1645 1872 1697 ἐττ-

1984 531 2284 585 Μιοςοιιεείο
2319 530 2481 595 latro,
2515 530 2760 596 Medicas,
2807 540 2861 587 et
2900 533 3100 588 Sancto
3145 535 3449 601 Demetrio;
3497 544 3554 589 et

1978 624 2044 676 iis
2081 639 2200 692 qme
2237 635 2360 678 sunt
2396 623 2446 678 in
2482 625 2810 680 suburbanis
2859 635 3159 694 portarum,
3205 637 3257 681 et
3288 643 3455 694 usque
3485 626 3554 682 ad

1975 715 2314 783 complexum
2349 716 2609 786 Athyrze;
2665 724 2720 771 et
2769 719 2851 782 (ut
2900 717 3064 772 semel
3121 719 3315 788 dicam)
3349 718 3415 772 iis
3460 719 3551 786 qui

1975 808 2336 862 circumcirca
2378 811 2618 880 reginam
2663 811 2947 865 civitatum
2984 821 3329 876 exercentur,
3371 828 3555 865 mona-

1975 898 2113 962 rhis,
2150 898 2307 963 viris,
2363 909 2419 953 et
2471 900 2837 956 mulieribus:
2873 904 3041 954 multa
3092 901 3157 955 iis
3202 901 3322 970 jura
3367 902 3552 971 largita

1974 1002 2079 1053 est,
2103 1003 2154 1045 et
2189 993 2239 1045 in
2273 991 2632 1047 immobilium
2667 994 3012 1063 possessione
3043 1010 3105 1048 ac
3142 995 3405 1061 dominio,
3436 1010 3553 1065 quze

1976 1084 2297 1153 quibusdam
2324 1083 2543 1155 juribus
2575 1084 2641 1139 ad
2675 1100 2769 1140 eos
2802 1086 3096 1155 pertinent,
3136 1085 3346 1139 (inuam
3377 1093 3432 1138 et
3468 1086 3550 1138 iu-

1975 1191 2296 1231 commssam
2324 1176 2727 1246 possessionem
2755 1178 3066 1246 concessit;
3099 1182 3550 1250 quemadmodum
3596 1201 3602 1206 -

1974 1272 2156 1325 Aurea
2188 1271 2339 1325 Bulla
2377 1273 2491 1326 iure
2527 1271 2700 1327 fusius
2740 1273 3107 1342 persequitur.
3159 1273 3264 1328 Sed
3298 1274 3550 1343 quoniam

1975 1365 2319 1418 cavillatores
2348 1365 2634 1434 quiescere
2669 1380 2776 1418 non
2808 1373 3121 1432 potuerunt,
3162 1366 3252 1421 sed
3287 1365 3399 1419 fisci
3431 1364 3553 1438 [seu

1975 1453 2213 1529 publici]
2253 1466 2516 1526 praetextu
2569 1457 2652 1528 eis
2698 1473 2914 1527 gravem
2966 1455 3310 1512 alﬂictionem
3353 1457 3550 1510 intule-

1979 1557 2104 1602 runt
2146 1564 2162 1602 :
2197 1548 2495 1616 imperialis
2547 1562 2662 1601 mea
2713 1548 2971 1616 maiestas
3027 1547 3194 1602 Deum
3242 1549 3456 1616 placare
3501 1556 3554 1600 ct

1979 1643 2270 1711 propitium
2303 1640 2512 1696 ellicerc
2545 1640 2731 1695 volens
2756 1680 2770 1706 ,
2819 1641 2886 1695 ob
2922 1657 2984 1695 ca
3011 1658 3130 1710 quae
3171 1643 3224 1696 in
3273 1642 3445 1708 ipsum
3498 1649 3556 1695 ut

293 1733 430 1804 ῆγον
446 1725 709 1804 οὗτοιτὴν
742 1733 1005 1800 κάκωσιν,
1040 1735 1073 1806 ἡ
1113 1734 1357 1805 βασιλεία
1395 1752 1495 1804 μου
1530 1735 1648 1804 ἅμα
1685 1735 1784 1805 μὲν
1815 1735 1870 1789 τό

1979 1736 2141 1791 homo
2176 1734 2434 1798 offendit;
2470 1735 2627 1788 simul
2673 1737 2836 1789 etiam
2870 1736 3056 1790 volens
3094 1736 3273 1805 magni
3323 1737 3555 1804 impera-

293 1826 438 1880 θεῖον
467 1824 810 1897 ὲξευμενίσαι
840 1826 1115 1898 θελήσασα
1143 1826 1236 1882 καὶ
1263 1827 1650 1894 ἑξιλεὼσασθαι
1683 1829 1767 1897 ἐφ’
1792 1827 1874 1892 οἷς

290 1915 370 1978 ὡς
405 1914 692 1987 ἄνθρωπος
721 1915 900 1988 τούτῳ
934 1915 1399 1987 προσκέκρουκεν,
1436 1917 1554 1986 ἅμα
1587 1917 1644 1971 δὲ
1683 1916 1871 1988 βουλο-

293 2006 434 2078 μένη
480 2005 575 2062 καὶ
613 2007 743 2071 τοὺς
782 2006 1118 2080 στρατιώτας
1158 2007 1252 2062 τοῦ
1299 2009 1537 2080 μεγάλου
1583 2011 1870 2081 βασιλέως,

289 2096 535 2169 Χριστοῦ
576 2097 857 2168 δηλονότι,
899 2099 1028 2164 τοὺς
1070 2098 1137 2153 δι’
1159 2101 1321 2154 αὑτὸν
1359 2102 1454 2156 τὸν
1503 2105 1713 2175 μονήρη
1759 2103 1872 2174 βίον

289 2190 694 2263 προελομένους
730 2194 828 2248 καὶ
864 2192 964 2267 τὴν
1003 2194 1304 2250 πανοπλίαν
1345 2196 1738 2268 ὲνδυσαμένους
1775 2197 1870 2253 τοῦ

289 2283 636 2357 πνεύματος,
666 2286 990 2359 συμμάχους
1020 2289 1163 2361 ἔχειν
1194 2290 1288 2344 καὶ
1319 2292 1686 2356 συνασπιστὰς
1718 2295 1873 2364 ισχυ-

292 2380 422 2448 ρους
454 2378 596 2433 κατὰ
627 2379 735 2434 τῶν
767 2380 1064 2452 όρωμόνων
1099 2379 1192 2436 καὶ
1226 2383 1476 2455 ἀοράτων
1510 2384 1719 2457 ἐχθρῶν
1744 2403 1758 2417 ο
1793 2387 1872 2460 τῷ

286 2471 486 2542 ἀγαθῷ
518 2472 713 2544 ἐκείνῳ
749 2473 984 2545 θεμελίῳ
1016 2475 1111 2529 καὶ
1143 2474 1340 2545 ὄροφον
1372 2477 1639 2531 ἐπιθεῖναι
1675 2478 1872 2532 ἀνάλο-

287 2583 388 2636 γον
422 2565 734 2639 ᾑρετίσατο,
767 2569 864 2622 καὶ
897 2567 988 2621 τὸν
1021 2568 1262 2640 παρόντα
1297 2569 1688 2640 χρυσὸϐουλλον
1733 2573 1872 2624 ἀπο-

284 2659 516 2714 λέλυκεν
562 2658 831 2728 εὐλόγως,
885 2655 1044 2714 διὀὗ
1094 2662 1340 2726 θεσπίζει
1390 2664 1482 2714 καὶ
1534 2662 1867 2735 διορίζεται,

287 2752 472 2806 πάντα
494 2751 566 2807 τά
592 2752 832 2829 σήμερον
860 2753 1134 2824 νεμόμενα
1159 2755 1390 2827 ἀκίνητα
1423 2757 1573 2826 παρὰ
1598 2755 1704 2810 τῶν
1732 2757 1872 2813 άνω-

285 2844 384 2898 θεν
413 2843 827 2917 άριθμηθὲντων
859 2845 1239 2916 μοναστηρίων
1269 2845 1300 2918 ἦ
1335 2847 1428 2899 καὶ
1458 2847 1872 2918 ἡσυχαστηρίων

286 2938 324 3008 ἢ
368 2937 464 2992 καὶ
503 2937 935 3009 ἀναχωρητικῶν
966 2937 1195 2991 κελλίων
1230 2938 1262 3010 ἢ
1303 2937 1518 3008 λαυρῶν
1552 2939 1647 2992 καὶ
1685 2939 1873 3004 ἁπλῶς

290 3029 730 3100 κατοικητηρίων
764 3027 1095 3100 μοναχικῶν,
1126 3027 1226 3082 κᾶν
1257 3029 1355 3101 οἵῳ
1381 3029 1447 3084 ἂν
1477 3029 1726 3086 καλοῖντο
1757 3032 1874 3084 ὀνό-

1978 1829 2132 1892 toris,
2158 1827 2361 1882 Christi
2391 1829 2619 1891 scilicet,
2648 1828 2870 1893 milites,
2895 1829 2984 1899 qui
3013 1829 3174 1882 vitam
3205 1828 3553 1882 monasticam

1976 1932 2194 1990 propter
2245 1921 2417 1992 ipsum
2473 1921 2772 1990 elegerunt,
2827 1929 2881 1976 et
2930 1921 3168 1992 Spiritus
3219 1930 3552 1973 armaturam

1978 2014 2289 2078 induerunt,
2319 2016 2496 2067 socios
2527 2014 2756 2078 habere,
2789 2022 2844 2068 et
2875 2021 3125 2067 strenuos
3157 2011 3554 2065 commilitOnes

1975 2107 2240 2160 adversus
2277 2107 2460 2160 hostes
2511 2116 2618 2158 tam
2670 2105 2759 2175 qui
2814 2105 3083 2168 videntur,
3116 2120 3276 2174 quam
3313 2104 3404 2171 qui
3447 2118 3552 2156 non

1973 2199 2261 2264 videntur',
2322 2200 2464 2252 bono
2521 2196 2593 2252 illi
2637 2197 2993 2254 fundamento
3050 2207 3248 2253 tectum
3298 2212 3554 2267 quoque,

1974 2292 2328 2359 proportione
2357 2291 2710 2354 conveniens,
2744 2290 3026 2360 imponere
3059 2289 3266 2356 voluit,
3312 2302 3366 2344 et
3411 2307 3554 2359 prze—

1976 2395 2186 2439 seutem
2227 2385 2459 2439 Auream
2511 2382 2719 2439 Bellum
2762 2398 2824 2437 ea
2873 2399 2939 2439 ex
2995 2398 3155 2439 causa
3209 2384 3408 2448 edidit;
3460 2400 3556 2454 [ιυιο

1973 2492 2137 2547 quam
2162 2479 2356 2530 statuit
2381 2485 2433 2530 et
2456 2475 2668 2540 deﬂuit,
2693 2476 2875 2530 omnia
2900 2473 3218 2538 immobilia,
3248 2492 3366 2544 qua:
3395 2476 3554 2530 hodie

1975 2573 2043 2626 ab
2075 2570 2412 2626 enumeratis
2460 2569 2808 2624 monasteriis
2866 2570 3232 2637 possidentur,
3273 2572 3354 2622 vel
3385 2571 3552 2623 etiam

1976 2680 2005 2716 a
2058 2664 2300 2730 scholis,
2353 2673 2407 2717 et
2452 2663 2860 2719 anachoreticis
2917 2661 3172 2725 cellulis,
3229 2661 3311 2716 vel
3366 2663 3552 2721 lauris,

1977 2767 2027 2810 et
2057 2757 2280 2812 omnino
2315 2770 2346 2810 a
2380 2755 2696 2810 monasticis
2731 2755 3080 2820 habitaculis,
3110 2769 3433 2825 quocunque
3462 2770 3558 2807 no-

1979 2852 2124 2905 mine
2146 2858 2425 2916 vocentur,
2450 2850 2743 2920 parmcias,
2765 2852 3008 2913 colones,
3033 2850 3553 2918 praedia,nmreatus,

1980 2943 2203 3006 tributa,
2239 2942 2542 3012 vectigalia,
2577 2941 2747 3006 lacus,
2789 2941 3036 3005 ﬂumina,
3067 2942 3193 3009 jura
3254 2943 3545 3002 maritima,

1976 3048 2030 3090 et
2071 3036 2151 3107 (ut
2181 3033 2349 3088 semel
2381 3031 2579 3104 dicam)
2630 3034 2990 3104 quodcunque
3017 3032 3102 3100 Ius
3131 3034 3182 3086 iu
3208 3035 3553 3102 possessione

304 3140 454 3193 ματι,
479 3122 604 3187 τούς
627 3128 686 3176 τε
713 3123 1029 3192 παροίκους,
1057 3123 1126 3176 τά
1153 3124 1476 3197 αὑτούργια,
1505 3125 1602 3190 τὰς
1628 3124 1870 3196 πανηγύ-

1976 3126 2239 3181 immobili
2289 3127 2686 3190 consideratur,
2724 3137 2778 3180 et
2811 3126 2863 3180 in
2896 3141 3220 3196 quocunque
3248 3126 3365 3181 loco
3387 3128 3548 3181 situm
3637 3182 3639 3184 .

302 3232 437 3286 ρεις,
478 3216 601 3280 τοὺς
641 3213 863 3288 φόρους,
905 3216 1031 3278 τοὺς
1072 3217 1299 3289 πόρους,
1340 3217 1438 3282 τὰς
1480 3217 1695 3290 λίμνας,
1742 3221 1869 3282 τοὺς

297 3310 601 3380 ποταμοὺς,
636 3308 707 3362 τά
740 3307 1008 3362 θαλάσσια
1039 3307 1255 3374 δίκαια,
1291 3309 1386 3363 καὶ
1419 3309 1692 3381 καθολικῷ
1726 3311 1870 3382 λόγῳ

288 3398 672 3471 οῑονδηποτοῦν
702 3399 912 3455 δίκαιον
942 3399 1000 3454 ὲν
1035 3401 1314 3473 ἀκινήτοις
1346 3403 1591 3473 κτήμασι
1628 3403 1870 3473 θεωρούο

289 3511 458 3564 μενον
485 3496 578 3548 καὶ
601 3495 660 3548 ἐν
682 3493 952 3566 οίῳδήτινι
999 3493 1150 3565 τόπῳ
1171 3494 1513 3565 διακείμενον
1545 3496 1671 3566 παρ’
1688 3497 1871 3551 αὐτῶν

286 3585 661 3658 κατεχόμενον
693 3583 818 3652 νῦν,
853 3586 937 3656 ἐφ’
961 3579 1005 3653 ᾧ
1037 3585 1280 3656 δηλονότι
1317 3587 1479 3657 μέχρι
1512 3588 1606 3640 τοῦ
1642 3587 1737 3641 νῦν
1769 3589 1871 3642 οὐκ

286 3677 448 3746 ἐδόθη
478 3675 687 3738 τούτοις
718 3675 1005 3743 διάγνωσις
1036 3675 1188 3744 παρὰ
1214 3675 1324 3728 τῶν
1351 3677 1491 3730 κατὰ
1524 3676 1707 3750 χώραν
1740 3679 1872 3734 ἀνα-

284 3764 553 3834 γραφέων
581 3761 642 3817 τὺ
674 3761 766 3816 τοῦ
803 3762 1064 3836 δημοσίου
1107 3763 1272 3835 μέρος
1310 3765 1401 3818 ἐπὶ
1434 3765 1610 3836 τούτῳ
1649 3766 1870 3840 προσδιο

287 3858 547 3924 καιοῦσα,
575 3856 720 3928 ἔχειν
745 3857 843 3918 τὰς
871 3855 1130 3928 ῥηθείσας
1165 3857 1332 3929 μονάς
1361 3859 1504 3912 κατὰ
1532 3859 1756 3930 διηνεκῆ
1781 3859 1871 3913 δε-

289 3950 552 4004 σποτείαν
594 3950 668 4014 ὡς
712 3949 884 4022 δῶρον
926 3951 1020 4005 καὶ
1068 3951 1410 4023 φιλοτίμημα
1450 3953 1548 4024 τῆς
1595 3952 1870 4025 βασιλείας

290 4061 420 4110 μου,
449 4042 543 4095 καὶ
571 4041 854 4108 δεσπόζειν
877 4041 1058 4097 αὐτῶν
1083 4046 1163 4107 είς
1188 4045 1315 4106 τοὺς
1346 4045 1470 4114 ἑξῆς
1502 4045 1747 4108 ἅπαντας
1776 4048 1871 4099 καὶ

284 4135 562 4205 διηνεκεῖς
590 4135 836 4206 χρόνους,
867 4136 971 4189 κᾶν
996 4135 1234 4205 εὐλόγως
1263 4137 1364 4190 κᾶν
1392 4139 1718 4208 παραλόγως
1748 4137 1873 4191 ratio

281 4243 400 4280 των
431 4225 552 4279 τινὰ
588 4227 622 4300 ἢ
658 4227 725 4280 τὰ
757 4226 850 4280 ὅλα
888 4228 1018 4292 ἴσως
1050 4228 1153 4292 ἕως
1188 4230 1280 4282 τοῦ
1316 4230 1410 4283 νῦν
1446 4234 1728 4302 κατεῖχον,
1767 4232 1870 4284 κᾶν

278 4318 412 4389 δίχα
457 4320 603 4384 τινὸς
643 4317 1042 4390 δικαιώματος,
1083 4321 1116 4392 ἢ
1162 4322 1270 4375 ἀπὸ
1312 4323 1699 4394 δικαιωμάτων
1746 4324 1869 4393 μὲν,

279 4411 481 4474 κακῶς
521 4411 580 4465 δὲ
629 4413 862 4484 ἑχόντων
905 4413 938 4486 ἢ
988 4415 1199 4485 ψευδῶς
1249 4415 1636 4471 συντεθέντων.
1685 4416 1870 4471 Πάντα

1974 3219 2066 3281 sit,
2093 3218 2148 3272 in
2179 3233 2286 3286 quo
2319 3216 2531 3271 scilicet
2557 3215 2664 3272 huc
2698 3231 2870 3284 usque
2912 3231 3019 3270 non
3052 3217 3175 3270 data
3210 3227 3295 3271 est
3331 3218 3411 3273 eis
3455 3219 3548 3272 de-

1975 3313 2182 3366 natatio
2209 3325 2300 3364 seu
2328 3309 2630 3380 designatio
2660 3309 2723 3362 ab
2753 3309 2842 3375 iis,
2867 3310 2958 3378 qui
2989 3319 3118 3364 sunt
3144 3310 3195 3364 in
3219 3325 3280 3364 ea
3307 3311 3548 3379 regione,

1973 3420 2170 3460 census
2208 3404 2657 3472 descriptoribus,
2683 3418 2804 3474 quae
2837 3404 3025 3459 iiscum
3061 3404 3112 3458 in
3148 3404 3212 3458 iis
3237 3403 3326 3472 jus
3352 3404 3554 3460 habere

1971 3498 2309 3568 comprobet,
2341 3498 2541 3553 habere
2584 3497 2762 3552 dictas
2801 3497 3116 3553 mansiones
3157 3509 3416 3568 perpetuo
3454 3499 3552 3553 do-

1975 3591 2163 3654 minio,
2190 3600 2252 3646 ut
2280 3590 2491 3660 imperii
2522 3589 2626 3644 mei
2655 3591 2854 3645 donum
2894 3598 2950 3644 et
2991 3588 3211 3649 liberale
3253 3604 3470 3654 munus,
3499 3603 3555 3643 et

1972 3683 2052 3739 eis
2073 3682 2326 3750 deinceps
2344 3696 2561 3752 semper
2592 3681 2646 3736 in
2673 3688 2898 3750 perpetu
2913 3696 3000 3735 um
3025 3680 3317 3746 dominari,
3339 3680 3553 3736 etiamsi

1974 3774 2236 3846 probabili
2267 3773 2346 3829 vel
2377 3789 2479 3828 non
2505 3774 2770 3844 probabili
2801 3775 2867 3829 de
2896 3789 3061 3829 causa
3107 3788 3295 3829 eorum
3348 3771 3548 3842 aliqua,

1973 3867 2058 3923 vel
2094 3869 2256 3923 etiam
2287 3867 2520 3923 fortasse
2555 3867 2737 3923 omnia
2788 3866 2896 3922 buc
2944 3881 3116 3936 usque
3165 3866 3548 3932 detinuerunt;

1975 3958 2060 4017 vel
2090 3960 2252 4013 etiam
2277 3960 2396 4012 sine
2427 3958 2535 4013 ullo
2567 3958 2740 4024 titulo,
2773 3959 2856 4013 vel
2887 3974 2952 4014 ex
2995 3957 3152 4013 titulo
3184 3960 3426 4027 quidem,
3455 3959 3550 4010 sed

1973 4052 2066 4121 qui
2103 4049 2240 4104 male
2271 4065 2330 4105 se
2361 4050 2542 4114 habet,
2575 4049 2658 4103 vel
2683 4059 2766 4104 est
2807 4048 3041 4105 fortasse
3086 4048 3222 4103 falso
3265 4049 3546 4103 conlictus.

1973 4142 2165 4197 Omnia
2205 4143 2374 4206 enim,
2402 4157 2520 4210 qua:
2563 4142 2631 4198 ab
2678 4141 2813 4213 ipsis
2861 4142 2915 4196 in
2958 4157 3288 4212 quacunque
3333 4142 3552 4213 regione

1973 4236 2338 4306 possidentur,
2389 4236 2442 4290 in
2481 4235 2708 4291 Oriente
2756 4244 2811 4290 et
2847 4234 3162 4298 Occidente,
3209 4235 3324 4290 sive
3368 4249 3434 4287 ex
3485 4233 3551 4289 iis

1972 4327 2064 4398 qui
2089 4343 2155 4383 eo
2189 4341 2431 4398 tempore
2459 4326 2939 4393 administrabant,
2960 4326 3408 4396 imperatoribus,
3435 4329 3552 4385 sive

1974 4424 2082 4477 sint
2109 4437 2175 4478 ex
2210 4421 2550 4490 fragmentis,
2580 4423 2694 4476 sive
2721 4436 2784 4477 ex
2812 4424 3406 4490 commiserationibus,
3433 4424 3550 4480 sire

280 4500 402 4570 γᾶρ
429 4498 496 4552 τὰ
529 4497 659 4568 παρ’
702 4499 882 4554 αὐτῶν
914 4503 1254 4572 κατεχόμενα
1284 4504 1340 4555 ἐν
1374 4503 1644 4574 οιῳδήτινι
1676 4503 1870 4575 θέματι

1974 4531 2003 4571 e
2032 4515 2150 4571 loco
2199 4515 2380 4577 metis,
2413 4515 2496 4569 vel
2529 4513 2770 4579 caducis,
2809 4515 2890 4568 vel
2920 4531 2983 4570 ex
3018 4515 3212 4570 vilibus
3253 4531 3373 4584 quae
3414 4531 3548 4586 pen-

282 4592 435 4648 κατά
465 4609 523 4645 τε
547 4593 707 4646 Δύσιν
742 4593 834 4647 καὶ
869 4593 1180 4666 Ἀνατολὴν,
1213 4596 1318 4650 κᾶν
1350 4597 1411 4662 ἐξ
1451 4597 1632 4652 αὐτῶν
1666 4598 1745 4662 είς
1783 4598 1872 4652 ὲν-

277 4686 549 4757 διαὶτημα
586 4686 694 4741 τῶν
734 4685 878 4741 κατὰ
911 4687 1015 4758 τὴν
1044 4690 1258 4762 ἡμέραν
1294 4691 1581 4760 βασιλέων,
1618 4692 1724 4746 κᾶν
1763 4691 1873 4746 ἀπὸ

281 4779 623 4851 κλασμάτων
655 4773 779 4849 ὦσι,
805 4779 905 4834 κᾶν
937 4780 1046 4834 ἀπὸ
1077 4782 1451 4852 συμπαθειῶν,
1479 4783 1513 4856 ἢ
1545 4786 1871 4854 άκοκεκινη-

285 4873 506 4944 μένων,
541 4871 577 4944 ἦ
615 4871 964 4939 όλοπτώτων,
1005 4872 1039 4945 ἢ
1080 4875 1186 4928 άπδ
1222 4876 1494 4931 ταπεινῶν
1532 4876 1871 4947 τελουμένων

280 4964 537 5035 διαρίων,
573 4964 606 5035 ἢ
652 4965 760 5018 ἀπὸ
797 4967 1074 5020 ταπεινῶν
1118 4967 1658 5037 κλασματισθέντων,
1700 4968 1733 5040 ἢ
1777 4967 1872 5023 καὶ

280 5059 537 5122 δυνατοῖς
565 5058 974 5131 διαπραθέντων
1002 5058 1034 5130 ἢ
1063 5061 1396 5127 τούναντίον,
1429 5062 1461 5131 ἢ
1495 5062 1554 5128 ὲξ
1581 5062 1868 5133 ὀρθώσεων

282 5150 480 5215 κακῶς
508 5151 806 5222 γεγονυιῶν
837 5151 1205 5222 διαπράσεων,
1243 5153 1344 5208 κᾶν
1379 5157 1437 5207 ὲν
1468 5155 1650 5219 ἄλλοις
1682 5156 1869 5220 τόποις

281 5243 577 5313 ὁρισθέντα
605 5242 924 5314 δωρηθῆναι
949 5245 1008 5296 ἐν
1038 5242 1222 5309 ἄλλοις
1251 5245 1630 5316 παρεδόθησαν
1650 5287 1664 5311 ,
1697 5246 1732 5318 ἢ
1764 5247 1868 5300 δω-

288 5332 528 5404 ρηθέντα
552 5332 615 5385 οὗ
641 5332 1045 5404 παρεδόθησαν,
1072 5333 1106 5405 ἢ
1135 5335 1513 5405 παραδοθέντα
1539 5339 1639 5390 οὐκ
1665 5337 1870 5410 ἐδωρή-

283 5429 496 5497 θησαν,
530 5426 563 5497 ἢ
600 5424 722 5479 καθ’
745 5426 932 5498 ἔτερόν
965 5444 1085 5481 τινα
1119 5426 1276 5496 λόγον
1312 5429 1497 5492 κακῶς
1529 5429 1661 5501 παρ’
1687 5432 1866 5484 αὐτῶν

283 5512 631 5588 κατέχονται,
652 5518 1000 5583 ἀδιασείστως
1028 5521 1120 5573 καὶ
1137 5519 1719 5593 άπολυπ-ραγμονήτως
1736 5541 1869 5577 κατ-

284 5609 514 5680 έχεσθαι
579 5611 731 5681 παρὰ
759 5611 867 5664 τῶν
900 5611 1169 5683 ρηθεισῶν
1204 5614 1392 5666 πασῶν
1428 5615 1606 5685 μονῶν
1639 5617 1671 5687 ἡ
1708 5616 1864 5687 βασι.

284 5703 409 5758 λεία
451 5719 555 5772 μου
599 5701 847 5773 βούλεται
893 5706 970 5769 είς
1015 5704 1106 5757 τὸν
1150 5705 1325 5759 αἰῶνα
1365 5707 1455 5762 τὸν
1503 5709 1748 5774 ἅπαντα,
1788 5709 1863 5772 ὠς

283 5795 457 5870 δῶρον
488 5793 594 5866 τῆς
625 5794 905 5868 βασιλείας
947 5814 1047 5869 μου
1095 5798 1187 5849 καὶ
1226 5797 1463 5872 καθαρὸν
1501 5799 1858 5874 φιλοτίμημα.

1975 4611 2176 4664 duntur
2222 4607 2429 4674 diariis,
2459 4607 2541 4662 vel
2590 4621 2653 4661 ex
2703 4607 2908 4661 viribus
2959 4606 3266 4662 calamitate
3311 4609 3546 4671 vexatis,

1975 4701 2060 4756 vel
2091 4702 2158 4755 iis
2187 4713 2308 4770 quae
2337 4713 2365 4752 a
2409 4700 2719 4769 potentibus
2752 4700 2961 4754 vendita
3002 4713 3148 4765 sunt,
3197 4699 3280 4753 vel
3324 4708 3546 4766 contra,

1973 4792 2054 4847 vel
2083 4807 2147 4847 ex
2179 4791 2514 4847 correctione
2551 4792 2689 4845 male
2730 4791 2996 4849 factarum
3023 4792 3430 4858 venditionum;
3472 4803 3544 4856 et,

1971 4883 2016 4938 si
2046 4882 2166 4937 aliis
2197 4881 2249 4936 in
2284 4881 2416 4936 locis
2448 4881 2595 4951 iussa
2627 4882 2765 4946 dari,
2804 4883 2858 4935 in
2891 4880 3013 4936 aliis
3045 4879 3241 4935 tradita
3276 4889 3424 4946 sunt,
3462 4879 3546 4934 vel

1971 4977 2190 5040 donata,
2237 4991 2340 5029 non
2393 4975 2587 5028 tradita
2625 4984 2789 5040 sunt;
2833 4974 2916 5029 vel
2947 4975 3168 5039 tradita,
3198 4975 3395 5026 donata
3441 4988 3546 5026 non

1970 5079 2136 5134 sunt;
2168 5072 2249 5121 vel
2282 5069 2472 5136 quovis
2505 5066 2610 5121 alio
2657 5069 2816 5122 modo
2847 5066 2986 5122 male
3018 5067 3085 5121 ab
3127 5067 3256 5135 ipsis
3296 5063 3546 5118 detinen-

1970 5174 2086 5227 tur;
2126 5163 2450 5217 inconcusse
2496 5170 2551 5216 et
2594 5161 2743 5216 nullo
2795 5162 3016 5230 negotio
3073 5161 3153 5214 eis
3201 5157 3466 5222 exhibito,
3509 5172 3541 5212 a

1969 5257 2128 5311 dictis
2160 5254 2498 5310 monasteriis
2527 5254 2637 5308 vult
2676 5269 2854 5309 meum
2883 5252 3166 5324 imperium
3206 5267 3270 5308 ea
3297 5252 3350 5307 in
3381 5258 3547 5307 teter-

1969 5364 2096 5403 num
2134 5347 2420 5416 possideri,
2467 5358 2523 5404 ut
2565 5345 2791 5421 [meum]
2837 5349 2940 5403 mei
2991 5348 3203 5418 imperii
3249 5348 3476 5413 donum,
3509 5363 3541 5403 τι

1972 5458 2118 5496 mera
2158 5440 2482 5496 liberalitate
2527 5453 2580 5495 et
2619 5441 2987 5496 munificentia
3039 5439 3363 5511 profectum.
3403 5438 3554 5494 Cum

1973 5536 2116 5589 enim
2143 5534 2255 5589 sola
2294 5549 2434 5589 nutic
2477 5535 2613 5603 apud
2647 5534 2796 5604 ipsos
2826 5535 3182 5590 immobilium
3231 5533 3545 5588 inveniatur

1972 5623 2228 5686 detentio,
2272 5636 2395 5691 quae
2427 5634 2524 5690 pro
2569 5621 2716 5674 omni
2764 5619 2919 5674 titulo
2949 5622 3109 5676 debet
3144 5621 3222 5676 eis
3253 5619 3539 5688 suﬂicere,

1967 5726 2048 5769 est
2075 5729 2532 5784 supervacaneum
2558 5715 2622 5768 de
2648 5714 2772 5768 ullis
2798 5714 2920 5770 aliis
2949 5714 3163 5770 curiose
3188 5713 3540 5782 investigare.

1971 5807 2022 5862 lu
2047 5807 2300 5862 omnibus
2325 5807 2491 5881 enim,
2515 5821 2632 5875 qua
2665 5807 2825 5864 hodie
2852 5808 3148 5873 possident,
3177 5816 3541 5876 prreterquam
