4082 6294
540 287 641 354 131

1784 298 2179 361 MANUELlS
2218 297 2562 363 COMNENI

3693 294 3797 365 732

536 404 593 457 in
623 408 713 473 iis,
740 405 793 460 in
823 407 1021 476 quibus
1053 425 1080 462 ιι
1112 409 1315 480 publici
1342 426 1545 467 census
1583 412 1637 468 iu
1667 428 1734 469 ea
1764 418 1986 485 regione
2016 414 2117 469 deo

2239 416 2399 486 ιίόνης
2437 417 2546 488 γάρ
2579 416 2676 486 τῆς
2713 417 2841 489 παρ’
2867 417 3051 483 αὐτοῖς
3086 418 3483 492 εὐρισκομένής
3518 417 3613 472 νῦν
3645 433 3805 475 κατο-

538 499 896 569 scriptoribus
930 500 1259 557 documenta
1291 505 1413 558 data
1440 516 1711 576 sunt,th
1740 507 1831 577 jus
1856 506 1968 576 ﬁsci
2002 504 2120 578 [seu

535 590 789 662 publici],
844 602 902 647 ut
953 594 1156 648 dictum
1207 606 1314 661 est,
1361 598 1617 665 probant,
1675 599 1837 653 debet
1885 612 2125 668 praesens

537 684 712 738 Aurea
739 686 951 755 imperii
981 689 1084 742 mei
1116 687 1263 743 Bulla
1298 688 1565 755 sullicere,
1590 699 1644 745 et
1677 706 1773 758 pro
1804 693 2123 758 donatiOtte,

539 788 594 828 et
618 787 827 835 acuet
850 779 1041 847 quovis
1074 779 1179 833 alio
1208 780 1365 837 titulo
1390 784 1524 836 satis
1545 798 1685 839 esse:
1707 784 1922 840 etiamsi
1952 784 2125 855 quod-

537 884 752 939 cunque
802 870 945 926 aliud
987 886 1260 927 secretum
1297 874 1349 929 in
1380 878 1460 931 eis
1496 876 1586 945 jus
1628 876 1846 933 habeat.
1883 877 1993 935 Nec
2034 896 2128 936 co-

539 972 736 1033 gentur
800 966 1157 1031 monasteria,
1214 967 1390 1022 ob.ea
1447 985 1567 1039 qua:
1623 987 1764 1025 nunc
1817 975 2123 1042 possident,

539 1055 862 1121 immobilia,
896 1061 1117 1129 antiqua
1149 1061 1276 1125 alia,
1339 1076 1457 1131 qua:
1491 1062 1571 1118 eis
1599 1065 1817 1129 adsunt,
1846 1064 1970 1135 jura
1998 1082 2127 1135 pro-

540 1150 704 1207 ferre.
739 1151 846 1208 Sed
878 1155 976 1208 hac
1005 1157 1252 1224 praesenti
1288 1155 1481 1210 Aureae
1526 1156 1691 1213 Bulla:
1718 1159 1993 1228 scriptura
2026 1177 2125 1231 pro

540 1246 689 1299 Omni
721 1244 845 1313 jure
888 1250 1113 1313 utentis,
1151 1262 1211 1303 ea
1260 1250 1499 1305 contenti
1542 1265 1664 1306 esse
1692 1251 1923 1318 debent;
1964 1265 2129 1323 utque

538 1338 641 1402 cis,
678 1352 731 1393 ut
764 1341 917 1408 prius
963 1342 1227 1410 scriptum
1258 1352 1362 1408 est,
1408 1342 1658 1401 suilicere
1690 1345 1904 1411 debeat,
1936 1354 1991 1402 et
2029 1362 2129 1418 pro

540 1431 859 1498 donatione,
906 1445 959 1489 et
1002 1451 1100 1505 pro
1141 1437 1459 1504 traditione,
1494 1449 1549 1495 et
1589 1443 1782 1508 quovis
1826 1442 1935 1496 alio
1979 1443 2128 1513 jure.

542 1525 637 1580 Sin
658 1538 837 1581 autem
866 1530 1184 1585 invitantem
1206 1532 1435 1587 fortasse
1451 1544 1691 1604 tempore
1710 1534 1938 1591 voluerit
1964 1537 2129 1592 ullum

542 1622 931 1676 monasterium
963 1621 1029 1678 iis
1059 1623 1226 1679 etiam
1260 1640 1381 1695 qua:
1412 1624 1575 1680 habet
1603 1626 1820 1695 juribus
1856 1637 1906 1681 et
1955 1629 2130 1685 titulis

543 1714 641 1776 uti,
670 1729 730 1767 ea
766 1730 863 1783 pro
895 1732 953 1769 se
1004 1715 1281 1783 adferens,
1316 1733 1345 1772 a
1380 1718 1527 1773 nullo
1566 1720 1784 1788 penitus
1812 1721 2129 1790 prohibebi-

545 1808 649 1859 tur.
706 1806 815 1862 lloc
838 1808 981 1862 enim
1018 1826 1122 1864 non
1159 1809 1319 1866 faciet
1346 1812 1585 1866 adhibita
1614 1813 1914 1869 coaetione.
1935 1814 1991 1869 Si
2028 1830 2131 1869 au-

459 1969 461 1973 η
547 1910 655 1953 tem
685 1898 789 1955 hoc
818 1903 1031 1970 propria
1070 1904 1347 1961 voluntate
1392 1906 1639 1973 elegerit,
1689 1923 1853 1963 nemo
1897 1909 2131 1979 impedi-

545 2000 696 2045 turus
726 1992 1063 2048 admittetur.
1095 1992 1208 2051 Non
1240 1996 1416 2051 solum
1450 2009 1631 2053 autem
1673 2001 1739 2054 ad
1780 2000 2126 2070 probandum

538 2080 630 2151 jus
659 2085 880 2151 terreni,
912 2089 1057 2156 quod
1091 2087 1309 2156 habent,
1338 2093 1683 2148 monasteriis
1712 2093 1937 2150 sulllciet
1983 2110 2127 2163 pra:-

546 2191 670 2231 seus
710 2177 857 2234 Bulla
887 2181 1066 2237 Aurea
1097 2200 1111 2237 :
1150 2184 1244 2239 sed
1278 2186 1439 2241 etiam
1472 2187 1523 2241 in
1561 2188 1792 2254 colonis,
1838 2190 1931 2260 qui
1984 2205 2128 2245 nunc

546 2271 615 2325 ab
646 2271 725 2325 eis
750 2273 1079 2338 detinentur,
1108 2283 1162 2331 et
1183 2276 1421 2346 praediis,
1451 2280 1821 2351 vectigalibus,
1842 2280 2130 2337 conventi-

547 2363 673 2427 bus,
709 2364 1045 2434 trajectionis
1076 2368 1463 2440 solutionibus,
1496 2374 1725 2442 stagnis,
1759 2372 1963 2442 ﬂuviis,
1997 2376 2132 2443 juri-

548 2458 648 2512 bus
701 2460 1011 2528 maritimis,
1044 2470 1099 2517 et
1126 2478 1447 2536 quocunque
1477 2465 1583 2519 alio
1603 2466 1749 2537 jure,
1784 2468 1928 2538 quod
1958 2471 2026 2523 ab
2052 2470 2132 2525 eis

548 2552 875 2621 possidetur,
901 2566 1261 2626 prmterquam
1290 2559 1345 2613 in
1378 2559 1468 2627 iis,
1498 2560 1551 2614 in
1579 2562 1776 2631 quibus
1808 2564 2130 2621 documenta

551 2661 648 2716 pro
691 2647 819 2701 ﬁsco
877 2648 957 2719 (ut
984 2665 1127 2721 saepe
1159 2652 1409 2723 superius
1444 2654 1648 2710 dictum
1689 2656 1794 2727 est)
1854 2661 2133 2729 assumpta

550 2746 698 2795 sunt.
729 2740 821 2795 Sin
848 2751 1031 2797 autem
1062 2744 1335 2800 recenseri
1361 2745 1518 2816 jussa
1565 2759 1716 2816 sunt,
1754 2750 1833 2807 vel
1863 2753 2134 2819 amputari

551 2833 800 2901 quanlam
827 2835 1050 2899 tributa,
1075 2837 1157 2891 vel
1187 2847 1367 2908 pacta,
1400 2840 1481 2895 vel
1522 2840 1746 2909 militiae,
1782 2843 1864 2899 vel
1900 2845 2135 2914 publica,

547 2926 635 2981 vel
676 2927 929 2991 libellica,
961 2930 1043 2985 vel
1080 2931 1287 3002 aliquid
1331 2933 1500 3001 aliud,
1542 2936 1687 3007 quod
1735 2939 1803 2992 ad
1852 2939 2133 3011 publicum

549 3021 818 3091 pertinet;
871 3033 922 3077 et
975 3038 1080 3078 non
1131 3023 1333 3081 factum
1378 3038 1481 3096 est,
1540 3030 1681 3101 quod
1737 3034 2134 3090 recensendum

2226 509 2327 579 χῆς
2372 510 2480 563 τῶν
2524 511 2798 582 ἀκινήτων
2845 511 3171 586 ὀφειλούσης
3215 514 3409 585 άρκεῖν
3457 512 3644 575 αὐτοῖς
3694 510 3805 564 αντὶ

2226 602 2426 667 παντὸς
2458 604 2854 677 δικαιώματος,
2887 595 3142 679 περιττόν
3172 609 3289 661 ἐστι
3321 606 3382 662 τὸ
3416 606 3805 676 πολυπραγμο-

2226 695 2339 748 νεῖν
2367 697 2497 768 περὶ
2522 697 2734 768 ἐτέρου.
2765 697 2890 753 Ἐπὶ
2918 701 3052 754 πᾶσι
3078 700 3190 771 γάρ
3212 695 3296 764 οἷς
3320 699 3615 769 κατέχουσι
3644 697 3807 769 σήμε-

2230 804 2322 856 ρον
2348 787 2497 860 (ἇνευ
2528 790 2712 860 μέντοι
2737 792 2845 846 τῶν
2870 791 2957 862 ἐφ’
2976 787 3055 857 οἷς
3080 792 3347 864 ἐδόθησαν
3374 793 3557 854 αὐτοῖς
3582 790 3810 859 διαγνὼ-

2226 897 2339 945 σεις
2367 883 2516 954 παρὰ
2540 884 2649 938 τῶν
2674 887 2815 940 κατά
2842 884 3025 957 χώραν
3049 886 3410 957 ἁναγραφὲων
3433 884 3524 938 τὸν
3550 882 3806 953 δημόσιον

2226 969 2573 1038 δικαιοῦσαι,
2604 974 2679 1039 ὡς
2714 970 2955 1047 εἴρηται)
2979 1020 2992 1045 ,
3024 977 3231 1047 ὀφείλει
3264 979 3457 1050 ἀρκεῖν
3491 977 3524 1048 ἡ
3561 975 3810 1048 παροῦσα

2227 1061 2626 1133 χρυσόσουλλος
2652 1066 2839 1139 γραφὴ
2868 1068 2963 1135 τῆς
2999 1067 3281 1137 βασιλείας
3310 1085 3413 1139 μου
3440 1068 3537 1123 καὶ
3566 1068 3687 1122 ἀντὶ
3713 1066 3811 1120 δω-

2230 1153 2361 1223 ρεᾶς
2390 1154 2486 1207 καὶ
2514 1156 2636 1210 ἀντὶ
2666 1160 2971 1229 πρακτικοῦ
3004 1160 3099 1215 καὶ
3126 1162 3247 1215 ἀντὶ⁵
3276 1162 3476 1225 παντὸς
3507 1160 3700 1232 ἑτέρου
3728 1160 3804 1213 δι-

2229 1245 2567 1316 καιώματος,
2596 1249 2701 1302 κάν
2733 1251 3116 1323 οίονδηποτοῧν
3147 1253 3408 1326 σεκρέτον
3437 1253 3531 1308 ἐπ’
3550 1254 3703 1325 αὐτῷ
3734 1253 3811 1305 δι-

2229 1340 2479 1392 καιοῖτοο
2536 1340 2656 1394 οὐδὲ
2716 1344 3227 1415 ἀναγκασθήσονται
3280 1346 3338 1400 αἱ
3398 1345 3562 1416 μοναὶ
3616 1344 3705 1415 ἐφ’
3735 1340 3812 1407 οἷς

2230 1431 2520 1503 κατέχουσι
2551 1434 2646 1486 νῦν
2679 1436 2955 1506 ἀκινήτοις
2995 1439 3355 1510 προκομίζειν
3386 1439 3553 1510 ἔτερα
3586 1439 3811 1495 παλαιο-

2230 1526 2363 1593 γενῆ
2392 1528 2666 1597 προσόντα
2692 1529 2886 1594 αὑταῖς
2914 1530 3280 1602 δικαιώματα,
3308 1531 3444 1587 ἀλλά
3469 1536 3538 1604 τῇ
3567 1532 3815 1605 παρούσῃ

2231 1618 2612 1690 χρυσοϐοὑλλῳ
2647 1625 2833 1693 γραφῇ
2865 1622 2967 1693 τῆς
3004 1624 3283 1693 βασιλείας
3316 1642 3421 1696 μου
3458 1624 3581 1681 ἀντὶ
3614 1627 3817 1689 παντὸς

2234 1712 2607 1782 δικαιώματος
2663 1714 2945 1787 χρώμεναι
3002 1719 3438 1790 ἁρκεσϐήσονται
3495 1719 3669 1794 ταύτῃ
3727 1719 3819 1774 καὶ

2240 1808 2403 1880 μόνῃ,
2437 1808 2723 1881 ὀφειλούσῃ
2755 1811 2945 1882 ἀρκεῖν
2974 1815 3196 1879 αὑταῖς,
3226 1814 3303 1877 ὡς
3335 1814 3696 1886 προεγράφη,
3725 1814 3822 1868 καὶ

2232 1900 2352 1955 ἀντὶ
2394 1900 2601 1973 δωρεᾶς
2642 1903 2739 1957 καὶ
2777 1906 2897 1959 ἀντὶ
2933 1906 3286 1975 παραδόσεως
3321 1906 3419 1962 καὶ
3453 1907 3576 1962 ἀντὶ
3617 1906 3821 1971 παντὸς

2233 1996 2421 2065 ἑτέρου
2472 1995 2863 2068 δικαιώματος.
2913 2000 2974 2053 Εί
3021 1999 3067 2052 δ’
3096 1999 3228 2064 ἴσως
3277 1999 3472 2071 καιροῦ
3521 1999 3823 2065 καλοῦντος

2233 2085 2451 2158 Θελήσει
2503 2089 2885 2160 οίονδηποτοῦν
2940 2093 3305 2162 μοναστήριον
3356 2091 3670 2163 χρήσασθαι
3728 2092 3824 2145 καὶ

2232 2180 2343 2241 τοίς
2402 2179 2701 2250 προσοὖσιν
2755 2180 2907 2251 αὐτῷ
2961 2181 3369 2253 δικαιώμασιν,
3424 2182 3568 2252 ὑπὲρ
3624 2181 3823 2245 ἑαυτοῦ

2233 2270 2407 2325 ταῦτα
2451 2272 2823 2344 προκομίζον,
2860 2274 2991 2345 παρ’
3019 2274 3350 2344 οίουδήτινος
3386 2275 3522 2346 πρὸς
3558 2276 3721 2330 τοῦτο
3762 2276 3824 2331 οὗ

2234 2363 2614 2436 κωλυθήσεται
2634 2380 2650 2395 ·
2683 2366 3109 2436 άναγκαστικῶς
3138 2367 3248 2440 γάρ
3278 2368 3437 2423 τοῦτο
3466 2369 3532 2423 οὗ
3564 2371 3787 2442 ποιήσει
3806 2386 3827 2401 θ

2234 2458 2283 2511 εἰ
2328 2456 2385 2511 δὲ
2431 2458 2619 2530 οίκείῳ
2663 2459 2932 2531 θελήματι
2981 2460 3115 2515 αὐτὸ
3164 2462 3522 2533 αίρετίσεται.
3573 2465 3754 2529 οὐδεὶς
3797 2465 3827 2517 ὁ

2234 2551 2545 2622 ἐμποδίζων
2591 2556 2816 2610 ὲσεῖται.
2862 2556 2937 2611 Οὐ
2984 2556 3148 2628 μόνον
3192 2558 3252 2613 δὲ
3296 2559 3387 2613 ἐπὶ
3429 2562 3495 2631 τῇ
3538 2560 3828 2613 δικαιώσει

2233 2643 2333 2713 τῆς
2366 2646 2471 2713 γῆς
2510 2644 2873 2717 συμϐαλεῖται
2906 2650 3019 2713 τοῖς
3064 2649 3451 2721 μοναστηρίοις
3493 2653 3526 2724 ἡ
3569 2652 3826 2723 παροῦσα

2235 2738 2629 2809 χρυσόϐουλλος
2672 2742 2881 2813 γραφὴ,
2928 2743 3065 2797 ἀλλά
3107 2744 3202 2798 καὶ
3243 2745 3337 2798 ἐπὶ
3382 2747 3494 2805 τοῖς
3541 2747 3826 2817 παροίκοις

2234 2834 2344 2894 τοῖς
2377 2832 2469 2885 νῦν
2502 2834 2631 2905 παρ’
2654 2835 2835 2889 αὐτῶν
2866 2838 3289 2908 κατεχομένοις,
3320 2841 3414 2894 καὶ
3444 2842 3556 2903 τοῖς
3589 2840 3823 2911 αὐτουρ-

2234 2925 2395 2992 γίοις,
2424 2925 2633 2998 φόροις,
2664 2929 3031 3001 πανηγύρεσι,
3055 2931 3351 3000 διαϐατοῖς,
3379 2930 3624 3004 λίμναις,
3660 2923 3809 2987 ποτα-

2240 3022 2381 3093 μοῖς,
2407 3020 2712 3088 θαλασσίοις
2738 3022 2968 3089 δικαίοις
2994 3024 3092 3078 καὶ
3116 3026 3290 3097 ἑτέρῳ
3313 3026 3590 3099 οίῳδήτινι
3635 3026 3816 3095 δικαίῳ

550 3123 697 3182 erat;
730 3115 809 3171 vel
847 3116 1011 3172 habet
1036 3116 1257 3189 aliquod
1299 3121 1445 3176 aliud
1484 3125 1597 3194 jus,
1633 3126 1772 3195 quod
1808 3129 2135 3198 reprehendi

2241 3114 2371 3187 παρ’
2400 3115 2581 3171 αὐτῶν
2630 3119 3006 3190 κατεχομένῳ,
3060 3120 3190 3173 ἄνευ
3243 3119 3428 3193 μέντοι
3476 3119 3588 3175 τῶν
3634 3120 3724 3192 ιφ’
3751 3116 3827 3186 οἷς

467 3237 471 3241 ν
552 3209 727 3278 possit
755 3212 1086 3267 monasteria
1116 3228 1184 3268 ex
1214 3228 1281 3271 eo
1312 3215 1446 3270 nihil
1474 3216 1759 3275 laedentur.
1788 3220 1928 3288 Quid
1953 3232 2137 3278 autem

550 3314 688 3369 opus
719 3312 804 3356 est
832 3300 994 3356 multa
1037 3304 1244 3373 dicere,
1296 3315 1351 3360 et
1396 3321 1743 3377 enumerare,
1797 3322 1853 3369 et
1903 3315 2138 3386 exempli

552 3384 728 3464 gratia
758 3393 989 3451 alferre?
1021 3396 1321 3453 Verborum
1353 3400 1751 3459 multitudinem
1787 3405 2000 3475 imperii
2033 3384 2137 3463 mei

553 3488 809 3559 majestas
838 3502 1284 3561 μιαιιετοιιιτοιιε,
1304 3509 1373 3550 ne
1402 3496 1525 3564 quis
1568 3495 1624 3552 in
1672 3497 1938 3569 ejusmodi
1975 3501 2139 3558 rebus

552 3581 786 3637 callidus
826 3591 882 3638 et
929 3582 1103 3651 ναίει,
1152 3587 1429 3642 nonnullis
1472 3588 1691 3657 quidem
1741 3589 1925 3659 dictis,
1969 3609 2035 3649 ex
2072 3593 2139 3652 iis

553 3674 737 3732 causis
767 3690 886 3747 qua:
920 3678 1217 3734 immobilia
1271 3683 1618 3748 concutiunt,
1650 3684 1772 3739 aliis
1806 3700 1936 3742 vero
1969 3686 2141 3743 silen-

556 3766 633 3823 tio
674 3771 979 3837 pratteritis,
1016 3773 1178 3828 verba
1210 3774 1469 3843 arripiat;
1500 3784 1556 3831 et
1594 3792 1745 3832 more
1785 3776 2018 3835 Judaico
2052 3778 2141 3835 lit-

557 3873 690 3921 tera:
723 3865 959 3934 insistat,
998 3876 1053 3923 et
1076 3870 1379 3926 coneturin
1405 3872 1472 3928 iis
1508 3887 1631 3942 quae
1663 3874 1809 3931 dicta
1850 3890 1958 3931 non
1988 3886 2137 3945 sunt,

556 3959 889 4015 monasteria
926 3960 1135 4031 agitare
1174 3972 1230 4020 et
1274 3979 1473 4020 vexare
1505 3983 1519 4020 :
1560 3966 1853 4024 universali
1888 3980 1943 4025 et
1972 3986 2139 4042 gene-

557 4048 659 4104 rali
688 4052 937 4107 oratione
966 4055 1255 4124 imperium
1290 4072 1471 4113 meum
1517 4059 1634 4115 vult
1676 4071 1734 4117 et
1780 4061 2049 4127 decet-uit,
2083 4072 2141 4119 ut

557 4147 701 4215 quod
741 4148 791 4200 in
836 4146 902 4202 iis
936 4162 1058 4219 quae
1099 4148 1261 4206 hodie
1298 4166 1330 4205 ιι
1376 4154 1726 4210 monasteriis
1766 4156 2139 4226 possidentur,

560 4238 645 4294 vel
676 4239 729 4294 in
756 4242 886 4311 ipsis
914 4250 1041 4297 sunt
1074 4247 1536 4302 monasteriorum
1569 4250 1864 4317 cathedris,
1900 4266 2000 4321 pro
2039 4266 2141 4322 pu-

558 4332 700 4405 blico
747 4336 1045 4406 cogitatum
1095 4336 1259 4394 fuerit
1311 4339 1378 4396 ab
1434 4341 1639 4411 aliquo,
1692 4342 1775 4397 vel
1834 4360 1997 4409 nunc,
2056 4345 2140 4400 vel

560 4435 992 4500 quandocunque
1016 4472 1031 4497 ,
1079 4433 1413 4489 monasterio
1453 4433 1636 4490 datum
1671 4451 1791 4492 esse
1832 4444 2135 4508 reputetur.

2238 3208 2434 3263 ἔλαϐον
2466 3211 2785 3279 διαγνώσεις
2824 3212 2967 3283 ὑπὲρ
2996 3213 3093 3267 τοῦ
3129 3214 3421 3286 δημοσίου,
3456 3213 3533 3278 ὡς
3567 3215 3829 3280 πολλάκις

2238 3306 2498 3377 ἀνωτέρω
2527 3305 2855 3375 διείληπται.
2888 3306 2952 3360 Et
2979 3306 3035 3360 δὲ
3065 3308 3160 3360 καὶ
3192 3306 3658 3380 προσετάχθησαν
3686 3308 3836 3375 λογι-

2242 3397 2438 3469 σθῆναι
2476 3400 2509 3470 ἢ
2550 3400 2853 3471 ὲκκοπῆναί
2890 3417 3013 3454 τινα
3050 3400 3359 3472 τελέσματα
3399 3400 3433 3474 ἢ
3473 3402 3766 3471 πρακτικὰ
3801 3403 3835 3474 ή

2241 3495 2523 3564 στρατεῖαι
2563 3494 2595 3566 ἢ
2635 3494 2877 3565 δημόσια
2910 3496 2941 3565 ἢ
2977 3486 3214 3548 λίϐελλοι
3250 3497 3285 3570 ᾖ
3316 3495 3505 3567 ἕτερον
3537 3514 3590 3551 τι
3623 3496 3702 3568 τῷ
3745 3497 3839 3568 δη-

2243 3586 2417 3659 μοσίῳ
2443 3586 2665 3660 ἀνῆκον,
2693 3588 2786 3642 καὶ
2814 3587 2877 3641 οὐ
2906 3589 3100 3658 γέγονε
3126 3589 3187 3642 τὸ
3216 3588 3625 3662 λελογισμένον,
3654 3590 3688 3663 ἢ
3718 3591 3839 3645 ἓτε-

2244 3682 2337 3754 ρόν
2378 3698 2432 3735 τι
2476 3682 2589 3753 ἔχει
2636 3680 2970 3754 ἐπιλήψιμον
3011 3683 3074 3735 τὸ
3118 3682 3432 3753 δικαίωμα,
3480 3682 3637 3737 οὐδέν
3676 3700 3731 3737 τι
3775 3685 3839 3737 ὲκ

2239 3773 2431 3828 τούτου
2480 3772 2812 3846 βλαϐήσεται
2860 3773 2931 3827 τά
2982 3776 3348 3846 μοναστήρια.
3393 3773 3461 3829 Τί
3505 3773 3563 3829 δὲ
3607 3774 3719 3847 χρὴ
3772 3774 3840 3830 τά

2240 3869 2413 3924 πολλὰ
2442 3869 2768 3937 καταλέγειν
2793 3869 2891 3924 καὶ
2917 3869 3376 3941 ἁπαριθμείσθαι,
3410 3869 3505 3923 καὶ
3537 3869 3703 3943 χάριν
3734 3887 3840 3923 πα-

2245 3962 2606 4035 ραδείγματος
2638 3960 3091 4035 ά’πογράφεσθαι;
3118 3961 3233 4033 Τὴν
3262 3960 3593 4030 πολυλογίαν
3617 3963 3651 4033 ή
3686 3961 3841 4033 βασι-

2241 4056 2361 4113 λεία
2396 4075 2499 4129 μου
2531 4060 2989 4131 ιιαρατρέχουσα,
3023 4057 3109 4111 ἴνα
3143 4057 3217 4129 μή
3248 4073 3333 4120 τις
3360 4055 3470 4111 τῶν
3500 4058 3630 4125 περὶ
3661 4055 3841 4110 ταῦτα

2240 4151 2449 4219 δεινῶν,
2482 4150 2645 4206 τινῶν
2676 4151 2778 4224 μὲν
2806 4151 3239 4224 ὲκφωνηθέντων
3268 4151 3336 4206 ἐκ
3365 4150 3475 4205 τῶν
3503 4150 3573 4204 τὰ
3603 4150 3842 4223 ἀκίνητα

2242 4244 2639 4299 κατασειόντων
2681 4244 2906 4311 αἰτίων,
2950 4246 3114 4300 τινῶν
3156 4245 3217 4299 δὲ
3258 4244 3840 4316 παρασιωπηθέντων,

2242 4338 2618 4411 ἐπιδράττοιτο
2653 4338 2763 4392 τῶν
2805 4339 3068 4411 ῥημάτων
3108 4339 3204 4393 καὶ
3242 4340 3387 4394 κατὰ
3428 4338 3723 4404 Ἰουδαίους
3761 4339 3843 4411 τῷ

2241 4431 2535 4500 γράμματι
2566 4429 2921 4501 ὲπικάθηται,
2951 4430 3047 4485 καὶ
3075 4432 3331 4502 ἐπιχειρῇ
3362 4429 3459 4484 ἐπὶ
3484 4431 3601 4495 τοῖς
3636 4429 3714 4502 μὴ
3748 4431 3846 4483 Ex-

562 4522 628 4577 Et
660 4523 822 4577 simul
851 4539 915 4579 ac
948 4525 1050 4581 hoc
1084 4525 1342 4594 cogitarit
1371 4527 1663 4597 quispiam,
1690 4528 1772 4584 vel
1807 4529 2007 4583 dixerit
2038 4546 2053 4584 :
2086 4530 2135 4585 id

2244 4521 2539 4593 φωνηθεῖσι
2582 4522 2844 4576 διασείειν
2890 4523 2987 4577 καὶ
3032 4522 3392 4595 παρενοχλεῖν
3432 4523 3557 4587 ταῖς
3606 4524 3841 4593 μοναῖς,

561 4634 778 4689 quoque
815 4621 996 4673 statim
1034 4622 1405 4692 apprehendet
1457 4624 1870 4689 monasterium,
1898 4634 1953 4676 ut
1984 4623 2143 4680 hodie

561 4727 590 4767 a
623 4727 739 4766 mea
765 4713 1116 4781 imperatoria
1145 4715 1476 4772 sublimitate
1501 4717 1786 4774 donatum.
1815 4717 1966 4785 Quod
1994 4718 2140 4772 enim

561 4805 628 4859 ad
669 4822 736 4861 ea
782 4805 999 4867 attinet,
1042 4822 1165 4878 quae
1205 4824 1348 4863 nunc
1387 4808 1669 4877 poSsident
1721 4810 2039 4876 immobilia,
2077 4811 2145 4867 de

562 4897 760 4967 quibus
832 4914 928 4967 pro
987 4899 1205 4967 publico
1261 4902 1586 4955 documenta
1645 4916 1753 4956 non
1816 4914 2147 4974 acceperunt

565 4992 926 5057 monaSIeria;
980 4992 1269 5059 imperium
1327 5008 1504 5046 meum
1550 4993 1666 5049 Vult
1717 4997 2147 5066 unumquodque

564 5098 751 5138 eorum
788 5100 884 5156 pro
934 5100 991 5139 rc
1040 5084 1208 5142 fiscali
1264 5085 1474 5152 haberi,
1526 5088 1579 5141 in
1629 5088 1731 5143 hoc
1782 5089 2142 5157 solummodo,

564 5179 711 5252 quod
749 5186 1002 5236 attentari
1054 5192 1307 5252 nequeat,
1342 5196 1441 5237 nec
1463 5198 1491 5237 ιι
1522 5199 1797 5254 quoquam
1835 5184 1886 5239 in
1914 5197 2143 5241 contro—

566 5271 801 5327 versiam
839 5258 1045 5326 vocari.
1081 5272 1145 5326 Et
1180 5274 1640 5344 quemadmodum
1669 5276 1892 5346 publico
1930 5279 2072 5332 nulla
2118 5294 2146 5333 a

567 5380 629 5420 se
677 5366 922 5443 molestia
950 5369 1293 5439 negotiumve
1334 5368 1648 5435 exhibetur,
1698 5371 1777 5425 sic
1809 5386 1910 5427 nec
1945 5370 2145 5446 [saera]

571 5456 897 5528 silentiaria,
955 5476 1059 5515 nec
1103 5463 1457 5529 monasteria,
1516 5478 1617 5519 nec
1670 5466 1873 5536 reliqua
1930 5469 1998 5521 ab
2044 5468 2151 5521 ullo

572 5553 770 5624 ριιιηιὶιοί
799 5564 1050 5609 curatore
1070 5550 1261 5611 litibus
1292 5555 1666 5627 agitabuntur,
1717 5558 1830 5614 sive
1876 5545 1996 5629 quis
2024 5574 2151 5630 pro-

575 5644 836 5714 babilcm,
861 5646 977 5703 sive
1015 5664 1117 5703 non
1157 5648 1490 5718 probabilem
1534 5663 1754 5705 causam
1800 5650 2012 5721 aﬂ‘erat,
2039 5654 2155 5708 sive

574 5736 1092 5814 cujusmodicunque
1138 5740 1233 5810 sit,
1265 5742 1406 5811 quod
1432 5741 1701 5813 loquetur.
1730 5743 1987 5813 Quisquis
2010 5748 2151 5801 enim

576 5819 683 5888 hoc.
710 5825 897 5891 facere
916 5824 1205 5907 aggressus
1236 5834 1422 5903 fuerit,
1462 5837 1695 5892 invalida
1742 5848 1794 5893 et
1839 5853 2031 5895 revera
2067 5840 2153 5895 in-

2249 4613 2526 4686 καθολικῷ
2550 4615 2695 4686 λόγῳ
2721 4615 2817 4669 καὶ
2844 4615 3185 4687 περιεκτικῷ
3209 4616 3371 4670 τοῦτο
3394 4615 3427 4686 ή
3459 4614 3709 4687 βασιλεία
3738 4632 3845 4689 μου

2252 4708 2500 4779 βούλεταί
2527 4726 2584 4765 τε
2616 4708 2713 4763 καὶ
2740 4708 3055 4781 διορίζεται,
3082 4708 3158 4773 ὡς
3188 4710 3253 4763 ἂν
3281 4710 3411 4777 πᾶν,
3438 4711 3577 4780 ὅπερ
3602 4709 3699 4764 ἐπὶ
3726 4712 3849 4775 τοῖς

2252 4806 2491 4875 σήμερον
2523 4805 2674 4877 παρὰ
2706 4803 2812 4856 τῶν
2846 4804 3229 4876 μοναστηρίων
3260 4798 3652 4877 κατεχομένοις
3685 4804 3717 4876 ἢ
3757 4804 3849 4858 ἐπ’

2252 4901 2440 4963 αὐταῖς
2466 4900 2583 4962 ταῖς
2616 4898 2911 4969 καθέδραις
2941 4898 3052 4951 τῶν
3084 4898 3466 4969 μοναστηρίων
3496 4897 3663 4969 νοηθῇ
3700 4899 3850 4971 ὑπὲρ

2252 4995 2343 5048 το]
2380 4994 2645 5065 δημοσίου
2680 4994 2837 5066 παρά
2867 5012 3046 5059 τινος,
3081 4992 3114 5065 ἢ
3150 4992 3245 5047 νῦν
3279 4995 3311 5064 ἦ
3346 4993 3637 5065 οτεδήποτε
3660 5036 3672 5058 ,
3711 4993 3854 5047 αὐτὸ

2252 5088 2411 5143 τοῦτο
2437 5089 2813 5161 δεδωρημένον
2841 5089 3153 5159 λογίζεσθαι
3181 5092 3247 5162 τῇ
3282 5091 3419 5160 μονῇ
3442 5105 3455 5119 ·
3486 5087 3583 5142 καὶ
3612 5086 3731 5160 ἅμα
3763 5106 3855 5153 τις

2254 5182 2410 5235 τοῦτο
2440 5182 2785 5253 διανοήσεταί
2811 5200 2872 5237 τε
2901 5183 2996 5236 καὶ
3027 5180 3346 5252 φθέγξεται,
3378 5182 3473 5234 καὶ
3501 5180 3665 5245 εὐθὺς
3695 5184 3857 5236 ἀντι-

2255 5275 2485 5347 λήψεται
2526 5273 2692 5329 αὐτοῦ
2739 5276 2773 5346 ή
2826 5273 2991 5346 μονὴ,
3035 5274 3111 5338 ώς
3164 5274 3407 5344 σήμερον
3450 5273 3847 5345 δεδωρημένου

2256 5368 2430 5441 ταύτῃ
2471 5368 2621 5439 παρὰ
2661 5367 2759 5437 τῆς
2804 5366 3087 5436 βασιλείας
3134 5382 3259 5437 μου.
3286 5362 3453 5421 Ὅσον
3496 5366 3605 5433 γὰρ
3652 5362 3733 5435 ἐφ’
3767 5360 3857 5427 οἷς

2258 5463 2548 5535 κατέχουσι
2584 5461 2677 5515 νῦν
2715 5463 3031 5534 ἀκινήτοις,
3067 5460 3198 5531 περὶ
3232 5453 3306 5513 ὧν
3343 5459 3667 5528 διαγνώσεις
3702 5460 3854 5533 ὑπὲρ

2258 5560 2352 5611 τοῦ
2385 5557 2647 5629 δημοσίου
2681 5556 2781 5611 οὐκ
2808 5554 3002 5610 ἔλαϐον
3033 5555 3100 5609 τὰ
3135 5554 3530 5626 προγραφέντα
3567 5556 3857 5625 μοναστή-

2264 5666 2374 5721 ρια,
2403 5649 2660 5720 δημόσιον
2688 5648 2938 5720 βούλεται
2968 5649 3001 5719 ή
3031 5647 3281 5719 βασιλεία
3312 5665 3413 5719 μου
3440 5646 3759 5715 λογίζεσθαι
3791 5646 3856 5700 ἓν

2261 5742 2491 5795 ἕκαστον
2519 5742 2723 5797 τούτων
2756 5742 2901 5796 κατὰ
2938 5742 3101 5813 μόνον
3132 5740 3193 5795 τὸ
3227 5741 3371 5811 ἔχειν
3408 5741 3466 5793 τὸ
3501 5741 3857 5794 ἁδιάσειστον

2266 5839 2357 5893 καὶ
2400 5836 2475 5909 μὴ
2514 5836 2841 5903 ὑπόὐδενος
2881 5834 3292 5907 άνακρίνεσθαι.
3336 5833 3447 5888 Καὶ
3484 5832 3541 5887 ὃν
3578 5833 3786 5900 τρόπον
3826 5832 3856 5885 ὁ
