4082 6294
470 352 575 420 739
618 346 621 349 ’

1728 358 2126 422 MANUELIS
2151 357 2499 423 COMNENI

3636 346 3745 409 ’ΜΟ

472 484 697 546 cuperet
725 491 789 531 ae
820 483 1061 550 optaret,
1093 475 1365 533 neminem
1388 489 1509 532 esse
1536 475 1638 532 sub
1663 475 1781 546 eius
1809 474 2063 546 imperio,

2187 474 2379 547 ιηδένα
2444 476 2546 544 μὲν
2576 444 2720 527 εἶναι
2760 469 2854 524 τὸν
2906 468 3266 539 ἀδικούμενον
3298 468 3406 524 ὑπὸ
3453 469 3551 540 τὴν
3576 468 3746 536 αὐτῆς

472 569 564 623 cui
598 568 693 624 tlat
725 568 960 639 iniuria;
994 569 1082 625 vel
1111 570 1156 625 si
1195 569 1299 626 hoc
1332 568 1555 625 conﬁeri
1586 576 1843 640 nequeat,
1869 569 2062 625 saltem

476 675 547 716 ne
602 661 638 716 li
694 662 975 731 segniores
1036 660 1564 732 negligentioresqne
1622 661 1798 719 forent
1856 661 2063 715 nefaria

476 755 963 822 committentibus,
1003 756 1053 809 in
1101 754 1453 825 exsequenda
1502 754 1755 810 laesorum
1797 752 2061 815 vindicta,

474 847 563 914 qui
608 848 674 902 ad
709 863 829 902 eam
875 849 1219 913 sumendam,
1266 847 1335 903 ab
1388 846 1734 913 imperatoria
1785 846 2066 912 maiestate

473 949 599 993 sunt
637 940 941 995 constituti.
985 940 1090 996 Sed
1122 955 1244 994 cum
1274 940 1385 1010 ium
1431 940 1618 994 videat
1649 938 1956 1008 complures
1998 938 2067 993 ab

474 1047 639 1089 avara
675 1031 987 1104 iniuSIaque
1014 1049 1176 1088 manu
1202 1034 1499 1098 vulnerari,
1536 1035 1660 1087 dum
1693 1029 2067 1101 ademptiones

475 1142 733 1197 agrorum
778 1137 834 1183 ct
873 1128 1122 1185 villarum
1174 1128 1587 1199 perpetiuntur,
1631 1124 1860 1195 aliisque
1906 1122 2067 1177 rebus

474 1216 814 1288 spoliantur;
870 1232 935 1273 ac
984 1217 1180 1274 deinde
1232 1224 1497 1287 perpetuo
1545 1215 1878 1287 indiciorum
1923 1213 2065 1268 ostia

478 1308 721 1383 pulsant,
753 1312 1002 1382 citraque
1030 1309 1268 1366 fructum
1317 1310 1485 1364 ullum
1522 1317 1735 1378 tempus
1781 1314 1982 1372 terunt,
2012 1313 2069 1361 et

477 1410 842 1472 praeterquam
875 1402 1016 1472 quod
1047 1402 1115 1457 ab
1140 1402 1221 1459 eis
1251 1402 1388 1456 nihil
1419 1402 1537 1472 opis
1565 1411 1616 1455 et
1649 1398 1834 1453 auxilii
1870 1397 2067 1462 ferant,

478 1493 644 1550 etiam
698 1494 854 1565 pejus
897 1504 1061 1564 atque
1122 1495 1374 1549 acerbius
1426 1494 1595 1565 plagis
1645 1500 1700 1548 et
1753 1491 2069 1546 verberibus

477 1584 801 1651 multantur,
831 1595 887 1641 et
919 1585 1205 1657 iniustitiae
1253 1584 1412 1642 faeces
1452 1585 1579 1641 inde
1610 1582 1889 1644 baut-inut,
1930 1582 2069 1636 unde

479 1677 782 1735 vindictam
806 1678 1068 1748 consequi
1096 1677 1411 1748 sperabant.
1441 1676 1702 1749 (Etenim,
1738 1686 1796 1729 ut
1830 1672 2071 1728 Solomo-

481 1772 569 1827 nis
600 1771 783 1827 verbis
811 1780 954 1839 utar,
985 1770 1097 1825 vidi
1135 1770 1475 1841 iniquitatem
1503 1768 1603 1824 sub
1628 1767 1762 1833 sole,
1792 1765 2068 1821 hominem

2170 567 2551 639 ἐπικράτειαν·
2589 568 2636 620 εξ
2659 567 2704 621 δ’
2737 562 2852 630 οὖν,
2874 564 3012 621 ἀλλά
3041 565 3115 637 μὴ
3150 563 3564 636 ῥᾳθυμοτέρως
3606 561 3753 618 εἶναι

2167 660 2280 716 τῶν
2316 661 2385 716 τά
2401 661 2697 731 παράνομα
2725 659 2981 731 δρώντων
3012 658 3142 730 περὶ
3184 658 3285 729 τὴν
3314 657 3421 712 τῶν
3452 658 3755 727 ἀδικουμέ-

2166 768 2274 806 νων
2301 750 2581 821 ἐκδίκησιν
2608 750 2733 812 τοὺς
2752 751 2830 813 είς
2848 750 3019 820 αὐτὴν
3044 748 3415 821 τεταγμένους
3454 749 3609 820 παρά
3647 748 3752 818 τῆς

2169 839 2448 909 βασιλείας
2482 857 2606 908 μου.
2636 839 2778 896 Νυνὶ
2806 840 2863 893 δὲ
2891 839 3121 903 πολλοὺς
3143 840 3330 911 ὁρῶσα
3358 834 3754 908 πλεονεκτικῆς

2167 931 2351 1003 χειρὸς
2419 931 2515 985 καὶ
2565 931 2753 985 ἀδίκου
2811 932 3156 1003 τραυματίας
3214 932 3538 1002 γινομένους
3568 971 3585 998 ,
3652 932 3754 985 καὶ

2167 1025 2356 1094 ἀγρῶν
2406 1026 2728 1095 ἀφαιρέσεις
2755 1026 2850 1078 καὶ
2877 1025 3201 1095 οἰκημάτων
3252 1026 3632 1096 ὑπομένοντας
3659 1024 3761 1079 καὶ

2171 1119 2519 1190 πραγμάτων
2562 1118 2742 1173 ἄλλων
2779 1116 3313 1191 ἀποστερουμένους,
3345 1119 3543 1175 ἔπειτα
3586 1118 3756 1191 θυροο

2169 1210 2478 1273 κοποῦντας
2531 1209 2798 1281 διηνεκῶς
2834 1210 2905 1266 τὰ
2958 1211 3288 1283 δικαστήρια
3352 1212 3446 1268 καὶ
3470 1213 3765 1284 χρονοτρι-

2168 1303 2401 1368 σοῦντας
2464 1303 2732 1375 ἀνήνυτα,
2778 1304 2874 1359 καὶ
2932 1303 3069 1374 πρὸς
3092 1303 3155 1358 τὸ
3214 1306 3491 1377 μηδεμιᾶς
3539 1305 3763 1359 ἐκεῖθεν

2171 1393 2472 1466 θεραπείας
2501 1395 2893 1465 ἐπιτυγχάνειν
2924 1395 3007 1462 είς
3035 1394 3097 1449 τδ
3125 1397 3310 1467 χεῖρόν
3338 1415 3398 1451 τε
3422 1397 3517 1451 καὶ
3566 1396 3765 1467 ὀδυνη-

2173 1488 2395 1559 ρότερον
2452 1492 2575 1554 ταῖς
2646 1492 2885 1560 πληγαῖς
2962 1489 3416 1562 ἐπιξαινομένους
3450 1534 3466 1559 ,
3528 1492 3625 1546 καὶ
3664 1491 3767 1545 τὸν

2168 1582 2401 1652 τρυγίαν
2455 1581 2709 1637 ἐντεῦθεν
2756 1581 2858 1653 τῆς
2892 1582 3107 1647 ἀδικίας
3134 1582 3600 1656 ἀπορῤοφῶντας,
3628 1583 3767 1636 ἔνθα

2167 1677 2353 1747 τυχεῖν
2380 1675 2479 1745 τῆς
2515 1676 2852 1749 ἐκδικήσεως
2879 1677 3111 1749 ἤλπιζον
3136 1696 3148 1708 ·
3183 1676 3280 1731 καὶ
3305 1677 3417 1748 γὰρ
3448 1676 3517 1730 ἶν’
3556 1675 3670 1747 ἐρῶ
3698 1675 3771 1728 τὸ

2170 1768 2265 1820 τοῦ
2313 1766 2684 1838 Σολομῶντος,
2764 1763 2919 1821 Εἶδον
2984 1769 3218 1841 ἀνομίαν
3272 1768 3380 1823 ὑπὸ
3436 1768 3531 1823 τὸν
3580 1768 3770 1841 ἥλιον,

480 1863 691 1920 scilicet
743 1861 1055 1927 mortalem,
1112 1862 1168 1917 in
1213 1861 1361 1917 litem
1417 1858 1780 1914 immortalem
1834 1856 2067 1926 lapsum,

2187 1860 2464 1931 ἱνθρωπον
2504 1860 2702 1931 θνητὸν
2750 1861 3018 1933 ἀθανάτῳ
3071 1862 3204 1936 δίκῃ
3230 1860 3632 1933 περιπεσόντα,
3663 1868 3773 1917 καὶ

479 1972 711 2027 eamque
740 1956 888 2011 velut
936 1957 1311 2011 lmreditatem
1361 1953 1654 2025 quamdam
1692 1950 1974 2018 patritam,
2002 1946 2071 2000 ad
2134 1970 2135 1973 η

483 2052 697 2106 tertiam
752 2063 1154 2121 saepenumero,
1216 2059 1576 2118 quartumque
1637 2042 2070 2113 generationem,

485 2142 775 2214 nepotibus
801 2142 915 2197 suis
936 2140 1286 2196 successione
1310 2137 1542 2208 quadam
1565 2133 2069 2202 transmittentem.)

484 2234 588 2293 Hic
618 2250 773 2307 ergo,
812 2250 911 2291 ceu
956 2234 1159 2290 dictum
1195 2242 1303 2295 est.
1344 2246 1471 2286 cum
1512 2244 1628 2284 mea
1666 2226 1925 2298 maiestas
1951 2224 2073 2279 ani-

484 2331 871 2396 madverteret,
903 2326 1074 2385 doluit
1108 2324 1199 2382 illa
1227 2325 1470 2398 quidem,
1499 2337 1596 2378 ceu
1622 2337 1718 2393 par
1746 2332 1886 2385 erat,
1917 2320 1988 2375 ob
2006 2332 2071 2372 ea

484 2436 609 2494 qua:
638 2423 853 2487 tierent,
884 2430 942 2477 et
974 2435 1227 2493 magnam
1255 2420 1439 2474 animo
1465 2416 1770 2473 molestiam
1813 2411 2071 2484 percepit,

489 2517 565 2572 nti
596 2511 1063 2586 quaajudiciorum
1097 2512 1479 2585 negligentiam
1510 2509 1778 2581 culparet,
1811 2523 1876 2563 ac
1910 2507 2075 2562 mise-

489 2609 726 2666 ricordia
775 2618 1096 2679 tangeretur
1147 2606 1219 2663 ob
1268 2606 1700 2677 desperationem
1736 2616 1927 2659 eorum
1981 2598 2074 2671 qui

487 2703 777 2759 laeduntur.
837 2700 1078 2772 Ideoque
1131 2704 1231 2770 pro
1276 2700 1487 2757 viribus
1532 2696 1980 2768 circumspiciens
2010 2693 2078 2748 de

490 2796 617 2852 mali
653 2795 818 2866 huius
858 2793 1221 2859 correctione,
1267 2792 1613 2864 pessimaque
1656 2788 2075 2856 sustinentibus,

489 2898 749 2957 quantum
777 2901 907 2945 sane
928 2894 1124 2956 potest,
1155 2884 1506 2948 subveniens,
1537 2882 1753 2937 tandem
1798 2880 1864 2936 ad
1896 2878 2081 2949 dispo-

478 2962 741 3037 'sitionem
774 2980 1033 3051 deinceps
1071 2977 1418 3049 operiendam
1463 2975 1721 3044 respexit.

563 3076 615 3132 1.
646 3074 871 3131 Ιιιάὶεεε·
906 3084 985 3127 ter
1036 3071 1272 3143 qualibet
1310 3068 1601 3138 septimana
1636 3066 1820 3120 debere
1857 3064 1949 3135 jus
1993 3063 2081 3116 di-

491 3183 625 3225 rere.
670 3166 805 3221 Nam
841 3167 910 3219 ab
947 3163 1212 3217 hodierno
1260 3159 1349 3216 die
1398 3159 1511 3213 vult
1563 3171 1660 3212 eos
1707 3155 1801 3225 qui
1853 3153 2083 3225 singulis

495 3263 549 3314 in
588 3258 808 3328 indiciis
845 3270 1182 3313 asscssorum
1204 3254 1380 3311 olIicio
1427 3251 1579 3321 fungi
1619 3252 1837 3315 debent,
1870 3260 1927 3304 et
1957 3264 2079 3304 cum

490 3350 686 3422 indicii
720 3351 951 3423 praeside
991 3364 1186 3405 causas
1214 3360 1549 3418 cognoscere
1575 3345 1857 3399 ordinatos
1896 3359 1959 3399 ac
1989 3343 2088 3399 de-

497 3447 728 3502 stinatos
783 3458 929 3511 esse,
983 3443 1119 3499 alios
1172 3441 1384 3511 quidem
1425 3440 1490 3492 ad
1532 3437 1658 3505 boc,
1694 3438 1829 3492 alios
1868 3451 1996 3491 vero
2018 3436 2086 3490 ad

498 3537 627 3593 illud
663 3535 941 3592 tribunal:
981 3548 1050 3590 ne
1083 3533 1339 3588 omnibus
1400 3530 1607 3602 pariter
1647 3532 1713 3583 ad
1750 3545 1913 3583 unum
1956 3543 2086 3583 con-

498 3629 886 3697 venientibus,
942 3629 1152 3699 reliqua
1209 3640 1427 3682 cessare
1488 3626 1810 3693 contingat,
1870 3632 2090 3692 propter

497 3725 802 3781 absentiam
835 3737 1057 3789 eorum,
1090 3722 1179 3793 qui
1205 3720 1316 3792 iuri
1348 3720 1585 3775 dicundo
1614 3726 1870 3789 pnesunt.
1913 3717 2091 3786 Atque

501 3820 605 3875 hoc
628 3817 793 3874 modo
822 3831 939 3871 mos
965 3816 1131 3870 etiam
1161 3815 1249 3870 ille
1276 3813 1517 3879 tolletur,
1553 3811 1645 3882 qui
1679 3827 1821 3866 nunc
1856 3809 2087 3873 obtinet,

501 3920 559 3962 ut
592 3922 688 3978 per
729 3906 1012 3964 intervalla
1040 3905 1129 3975 ius
1152 3906 1351 3961 dicant.
1385 3902 1596 3973 Quippe
1620 3905 1776 3959 nobis
1805 3901 1997 3970 placet,
2032 3910 2094 3954 ut

500 4001 640 4057 citra
678 4000 842 4055 ullam
872 3999 1282 4054 excusationem
1323 4010 1406 4051 ter
1456 3998 1508 4051 in
1552 3997 1794 4065 qualibet
1827 3996 2093 4062 septima-

504 4111 569 4148 na
594 4093 681 4163 ius
713 4094 898 4148 dicant
943 4092 1142 4161 singuli
1188 4092 1516 4161 indiciorum
1574 4091 1851 4158 praesides,
1896 4102 2096 4143 conve-

508 4186 790 4243 nientibus
823 4186 889 4239 ad
921 4200 1016 4241 eos
1055 4185 1161 4240 illis
1186 4183 1480 4255 iudicibus,
1517 4183 1607 4252 qui
1656 4182 1757 4236 sub
1798 4182 1877 4236 eis
1916 4190 2042 4235 sunt
2078 4194 2093 4235 :

507 4290 558 4333 ct
589 4278 698 4331 reis
733 4278 1031 4339 incumbat,
1063 4286 1121 4329 ut
1150 4276 1203 4329 in
1226 4273 1447 4344 iudiciis
1481 4275 1582 4328 sub
1612 4272 1918 4328 necessaria
1961 4288 2097 4342 pra:-

506 4372 740 4428 statione
766 4370 872 4425 doli
906 4369 1029 4424 mali
1055 4376 1429 4438 compareant,
1460 4382 1560 4422 nec
1603 4367 1870 4434 tantisper
1894 4366 2097 4428 absint,

505 4469 677 4521 donec
728 4478 895 4519 causa
952 4462 1100 4517 (inita
1150 4462 1333 4528 fuerit,
1395 4462 1437 4514 si
1494 4462 1713 4530 quidem
1774 4460 1989 4512 interim
2043 4468 2098 4513 et

2174 1955 2383 2028 ταύτην
2447 1955 2638 2028 ὥσπερ
2702 1956 2825 2011 τινὰ
2877 1956 3083 2028 κλῆρον
3116 1956 3375 2028 πατρῷον
3429 1960 3511 2022 είς
3569 1957 3775 2031 τρίτην

2173 2052 2436 2114 πολλάκις
2474 2049 2572 2104 καὶ
2640 2052 2915 2122 τετάρτην
2942 2050 3140 2119 γενεὰν
3183 2054 3297 2114 τοῖς
3324 2050 3573 2120 ἐγγόνοις
3594 2051 3773 2105 αὐτοῦ

2176 2144 2318 2201 κατά
2371 2144 2626 2217 διαδοχὴν
2684 2143 3140 2215 παραπέμψαντα
3168 2160 3182 2175 ·
3244 2143 3416 2198 ταῦτα
3448 2144 3656 2207 τοίνυν,
3690 2145 3777 2210 ὡς

2175 2239 2415 2311 εἴρηται,
2456 2237 2800 2293 κατανοοῦσα
2830 2224 3150 2309 η’βασιλεία
3196 2256 3327 2310 μου.
3396 2238 3606 2312 ᾕλγησε
3644 2239 3773 2311 μὶν,

2173 2333 2250 2398 ὡς
2278 2333 2544 2398 subgit-nl
2575 2334 2688 2396 τοῖς
2720 2333 3043 2405 γενομένοις
3066 2333 3164 2387 καὶ
3194 2332 3296 2405 τὴν
3324 2332 3505 2405 ψυχὴν
3538 2334 3775 2406 ἠνιάθη,

2176 2427 2550 2497 αἰτιασαμένη
2603 2426 2707 2496 μέν
2757 2423 2861 2496 τὴν
2925 2427 3040 2482 τῶν
3110 2426 3389 2481 δικαστῶν
3436 2428 3723 2502 ρᾳθυμίαν
3754 2468 3774 2494 ,

2176 2522 2572 2592 οἰκτειρήσασα
2590 2519 2649 2574 δι
2673 2520 2771 2573 καὶ
2800 2520 2927 2585 τοὺς
2945 2520 3341 2592 ἀδικουμένους
3379 2522 3481 2592 τῆς
3509 2520 3777 2592 ἀπογνώ-

2180 2630 2342 2678 σεως.
2388 2613 2481 2668 Διὸ
2539 2613 2638 2668 καὶ
2684 2615 2830 2670 κατά
2894 2613 2959 2669 τὸ
3018 2614 3249 2670 δυνατὸν
3302 2616 3405 2687 τὴν
3451 2614 3546 2670 τοῦ
3598 2614 3777 2670 κακοῦ

2178 2706 2374 2764 τούτου
2416 2710 2838 2778 περισκοποῦσα
2877 2706 3195 2782 διόρθωσιν,
3261 2710 3359 2764 καὶ
3399 2712 3514 2774 τοῖς
3546 2710 3619 2765 τὰ
3657 2712 3777 2783 χεί-

2183 2817 2349 2873 ριστα
2413 2799 2687 2871 πάσχουσι
2740 2800 2884 2856 κατά
2924 2802 2987 2855 τὸ
3036 2799 3323 2874 ἐγχωροῦν
3383 2800 3764 2875 ἐπαμύνουσα,

2181 2894 2322 2966 πρὸς
2394 2892 2495 2965 τὴν
2560 2892 2761 2965 ἐφεξῆς
2852 2892 3237 2967 ῥηθησομένην
3294 2894 3619 2967 οἰκονομίαν
3671 2898 3763 2951 ἀπ-

2190 2985 2412 3058 ιδλεψε.

2265 3079 2337 3136 α’.
2374 3081 2506 3137 Ὀτι
2556 3083 2882 3152 τρισσάκις
2924 3082 3191 3153 ἑκάστης
3234 3085 3567 3155 ἐόδσμάδος
3621 3086 3780 3157 ὀρεία

2182 3177 2368 3231 ,ζουσι
2414 3175 2695 3237 δικάζειν.
2740 3176 3005 3230 Βούλεται
3050 3178 3161 3250 γὰρ
3211 3180 3320 3233 ἀπὸ
3384 3181 3483 3250 τῆς
3534 3181 3784 3251 σήμερον

2186 3272 2313 3335 τοὺς
2329 3270 2417 3342 ἐφ’
2437 3272 2659 3341 ἑκάστῳ
2677 3271 3021 3350 δικαστηρίῳ
3050 3274 3425 3345 συνεδριάζειν
3455 3274 3783 3342 ὀφείλοντας

2189 3366 2286 3418 καὶ
2332 3365 2831 3435 συνδιαγνωμονείν
2879 3364 2960 3435 τῷ
3010 3365 3206 3420 τούτου
3250 3367 3642 3439 προϊσταμένῳ
3696 3386 3792 3421 τε-

2187 3458 2498 3527 ταγμένους
2546 3451 2688 3510 εἶναι
2732 3455 2827 3510 καὶ
2878 3456 3327 3528 ἀφωρισμένως,
3379 3462 3509 3522 τοὺς
3560 3459 3661 3530 μὲν
3702 3462 3789 3523 εἰς

2189 3550 2376 3617 τοῦτο,
2412 3553 2541 3615 τοὺς
2595 3550 2653 3604 δὲ
2685 3550 2765 3615 είς
2814 3551 2995 3605 ἐκεῖνο
3032 3551 3093 3604 τὸ
3140 3551 3497 3623 δικαστήριον
3522 3595 3537 3617 ,
3579 3552 3671 3606 ἵνα
3707 3555 3788 3625 μὴ

2191 3644 2410 3698 πάντων
2438 3644 2517 3708 είς
2561 3643 2621 3698 ἓν
2683 3642 2828 3698 κατά
2873 3644 3074 3699 ταύτὸν
3116 3647 3530 3718 συνερχομένων
3589 3647 3789 3719 ἀργεῖν

2192 3733 2584 3805 ἐπισυμδαίνει
2614 3734 2685 3788 τὰ
2714 3733 2884 3789 λοιπὰ
2914 3734 2987 3790 δι’
3018 3734 3260 3806 ἐρημίαν
3280 3736 3388 3792 τῶν
3412 3735 3781 3801 δικαζόντων·

2195 3825 2341 3881 οὕτω
2371 3827 2429 3881 δὲ
2455 3828 2552 3882 καὶ
2578 3827 2641 3881 τδ
2666 3826 2766 3882 νῦν
2799 3827 3139 3900 ἐπικρατοῦν
3171 3827 3294 3893 ἔθος
3333 3830 3786 3901 περιαιρήσεται,

2196 3920 2258 3976 τδ
2314 3924 2379 3976 ὲκ
2433 3920 2856 3994 διαλειμμάτων
2900 3920 3149 3986 δικάζειν
3179 3920 3402 3987 αὐτούς.
3434 3923 3790 3995 Εὺδοκοῦμεν

2198 4014 2308 4083 γὰρ
2346 4013 2642 4083 τρισσάκις
2698 4010 3131 4083 ἀπροφασίστως
3182 4013 3314 4084 μιᾶς
3363 4012 3606 4086 ἑκάστης
3635 4015 3791 4069 £660-

2200 4105 2369 4176 μάδος
2397 4103 2643 4169 δικάζειν
2679 4104 2915 4159 ἕκαστον
2955 4103 3066 4158 τῶν
3098 4104 3545 4177 προκαθημένων
3569 4100 3681 4161 τῶν
3706 4108 3791 4163 δι-

2198 4198 2543 4269 καστηρίων,
2575 4197 2992 4269 συνερχομένων
3026 4198 3163 4270 παρ’
3188 4200 3372 4264 αὐτοῖς
3403 4200 3515 4253 τῶν
3553 4199 3649 4254 ὑπ’
3689 4201 3790 4256 αὖ·

2200 4293 2314 4355 τοῖς
2353 4290 2646 4346 δικαστῶν.
2687 4290 3113 4343 Ἐπικείσθαιδὲ
3137 4290 3233 4344 καὶ
3264 4291 3381 4354 τοῖς
3429 4291 3790 4363 ἐναγομένοις

2202 4380 2452 4449 ἀνάγκην
2504 4378 2684 4431 διόλου
2750 4378 3134 4449 παραϐάλλειν
3169 4384 3226 4435 ἐν
3256 4382 3369 4445 τοῖς
3413 4381 3790 4456 δικαστηρίοις

2202 4477 2296 4525 καὶ
2333 4472 2410 4543 μὴ
2442 4472 2954 4544 ἀπολιμπάνεσθαι,
2985 4472 3185 4545 μέχρις
3220 4472 3287 4527 ἂν
3317 4476 3689 4547 ἐκπερατωθῇ
3718 4476 3791 4529 τὰ

506 4567 718 4610 actores
759 4566 1023 4625 perpetuo
1073 4559 1321 4621 urgeant,
1366 4560 1423 4605 ut
1451 4560 1763 4618 competens
1794 4547 1924 4614 ipsis
1952 4546 2084 4600 actic

2202 4566 2302 4636 τῆς
2328 4565 2799 4635 ὑποθέσεως,είγε
2834 4566 2975 4629 τέως
3007 4567 3101 4620 καὶ
3129 4568 3178 4621 οἱ
3205 4566 3493 4637 ἐνάγοντες
3519 4546 3791 4641 διηνεκῶς

510 4648 814 4704 decidatur.
832 4645 951 4701 Non
980 4656 1164 4702 tamen
1191 4645 1298 4698 reis
1326 4657 1463 4711 opus
1477 4640 1605 4705 erit,
1634 4638 1819 4711 plures
1840 4637 2097 4692 adhibere

510 4742 823 4805 citationes.
857 4750 911 4796 et
940 4755 1063 4810 qua:
1093 4740 1216 4793 data
1260 4751 1425 4807 opera
1463 4735 1691 4805 fatigent
1724 4742 1972 4799 actores;
2007 4730 2099 4786 sed

512 4846 634 4905 post
667 4834 1004 4890 oblationem
1038 4832 1232 4894 libelli,
1274 4846 1397 4887 cum
1426 4830 1700 4900 cognitum
1746 4825 1927 4893 inerit,
1955 4840 2099 4895 quae-

513 4943 638 4984 nam
676 4929 728 4982 in
782 4942 845 4983 eo
895 4929 1238 4983 contineatur
1287 4924 1453 4991 actio,
1493 4922 1538 4976 si
1574 4921 1668 4991 qui
1716 4920 1944 4975 fortasse
1994 4932 2101 4973 non

511 5023 909 5089 obtemperant,
971 5018 1010 5071 ii
1058 5032 1153 5086 per
1187 5015 1361 5071 edicta
1408 5015 1534 5078 tria,
1566 5029 1685 5082 qnte
1734 5018 2103 5080 proponantur

515 5117 583 5171 ad
633 5115 854 5185 triginta
906 5115 1040 5179 dies,
1093 5112 1365 5176 citentur;
1400 5120 1456 5164 et
1489 5109 1757 5179 siquidem
1812 5109 1951 5160 intra
1993 5108 2105 5159 tunc

515 5208 688 5280 spatia
720 5222 780 5263 se
810 5221 914 5261 non
946 5206 1207 5272 stiterint,
1238 5204 1672 5259 condemnentur
1702 5201 2002 5256 sccuudmn
2037 5213 2100 5253 ea

459 5348 466 5355 .
517 5317 639 5374 quae
680 5299 976 5355 constituta
1015 5308 1143 5353 sunt
1187 5313 1216 5351 ιι
1270 5296 1574 5351 clarissimo
1624 5291 1922 5362 maiestatis
1971 5306 2104 5344 meae

519 5410 641 5459 avo,
676 5405 731 5451 et
786 5392 960 5449 felicis
1018 5391 1293 5448 memoria:
1345 5389 1609 5460 principe,
1660 5387 1878 5441 domino
1927 5382 2107 5437 Leone

521 5486 799 5559 Sapiente.
843 5488 1019 5555 Atque
1050 5485 1154 5541 hoc
1189 5485 1345 5539 modo
1378 5497 1501 5538 cum
1537 5482 1729 5551 quavis
1776 5479 1860 5549 agi
1912 5477 2108 5531 debere

518 5580 834 5639 statuimus.

597 5774 655 5836 2.
692 5774 768 5831 De
797 5775 1087 5831 advocatis.
1124 5775 1392 5831 Praeterea
1435 5776 1690 5847 maiestas
1734 5789 1852 5830 mea
1900 5774 2108 5832 inﬁnita

528 5864 849 5943 garrulitate
900 5871 1311 5938 advocatorum,
1359 5886 1423 5927 ac
1476 5871 1632 5941 longa
1678 5868 1989 5926 corumdcm
2030 5870 2112 5924 in-

2206 4653 2607 4708 ὲπισπεύδουσι
2637 4654 2939 4724 τιμηθῆναι
2970 4656 3069 4725 τὴν
3103 4658 3577 4729 προσαρμόσασαν
3602 4659 3791 4725 αὐτοῖς

2206 4747 2460 4817 ἀγωγήν.
2498 4748 2718 4801 Δεῖσθαι
2753 4748 2937 4818 μέντοι
2970 4750 3098 4813 τοὺς
3142 4750 3507 4823 ἐναγομένους
3543 4753 3640 4807 καὶ
3679 4756 3791 4807 διχ-

2209 4838 2551 4908 μηνυμάτων
2572 4838 2694 4908 οὐχὶ
2714 4839 2923 4909 συχνῶν
2954 4842 3048 4893 καὶ
3075 4840 3519 4913 κατατριὸὁντων
3538 4844 3792 4915 ἐπίτηδες

2205 4929 2334 4992 τοὺς
2366 4926 2692 4997 ἐνάγοντας.
2728 4929 2865 4983 ἀλλὰ
2918 4930 3057 4999 μετὰ
3088 4931 3189 5001 τὴν
3233 4930 3326 4985 τοῦ
3357 4931 3605 4987 λιὸέλλου
3645 4935 3791 4989 δόσιν

2206 5024 2304 5077 καὶ
2339 5021 2439 5093 τὴν
2471 5022 2678 5093 εἴδησιν
2714 5027 2813 5091 τῆς
2846 5022 2967 5077 κατ’
3002 5022 3167 5078 αὑτὸν
3200 5026 3510 5099 φερομένης
3542 5029 3790 5097 ἀγωγῆς,

2208 5115 2263 5166 εί
2294 5132 2437 5177 τινες
2483 5113 2615 5177 ἴσως
2647 5114 2935 5167 ἀπειθοῦσι
2967 5156 2982 5180 ,
3022 5120 3202 5188 τρισὶν
3236 5119 3437 5182 αὐτοὺς
3502 5122 3791 5191 τριακονθο

2206 5208 2439 5280 ημὲροις
2464 5208 2750 5261 καλεῖσθαι
2812 5212 3254 5281 προγράμμασι·
3288 5212 3385 5267 καὶ
3430 5215 3477 5265 εί
3530 5214 3605 5285 μὴ
3640 5217 3791 5278 ἐντὸς

2208 5302 2391 5356 αὐτῶν
2426 5301 2827 5371 ἀπαντήσουσι.
2856 5302 3318 5367 καταδικάζεσθκι
3344 5305 3657 5371 ἀκολοῦοως
3683 5313 3792 5373 τοῖς

2211 5393 2635 5464 νομοθετηθεῖσι
2683 5392 2837 5465 παρὰ
2880 5393 2976 5448 τοῦ
3008 5395 3259 5466 ἀοιδίμου
3304 5397 3533 5451 πάππου
3568 5403 3669 5471 τῆς
3702 5402 3791 5471 βα-

2213 5487 2419 5552 σιλείας
2453 5504 2577 5559 μου,
2627 5487 2723 5541 καὶ
2786 5487 2881 5541 τοῦ
2934 5490 3243 5561 μακαρίτου
3282 5491 3551 5564 βασιλέως
3600 5495 3793 5574 κυρίου

2221 5579 2451 5643 Λέοντος
2482 5578 2578 5631 τοῦ
2614 5579 2803 5648 σοφοῦ.
2860 5582 2971 5635 Καὶ
3017 5583 3190 5637 ταῦτα
3233 5587 3331 5658 μὲν
3370 5586 3516 5641 οὕτω
3544 5588 3792 5657 γίνεσθαι

2211 5672 2641 5743 διαταττόμεθα.

2287 5778 2353 5852 β’.
2397 5779 2536 5851 Περὶ
2574 5781 2961 5851 συνηγόρων.
2997 5780 3153 5835 Ἐπεὶ
3185 5781 3244 5835 δὲ
3294 5783 3391 5837 καὶ
3432 5787 3503 5866 τῇ
3524 5802 3634 5837 των
3668 5802 3793 5839 ουν-

2224 5870 2447 5941 ηγόρων
2494 5869 2937 5942 ἀπεραντολογία
2993 5872 3087 5924 καὶ
3124 5873 3193 5941 τῇ
3251 5872 3422 5943 πολλῇ
3468 5874 3676 5930 τούτων
3705 5878 3792 5929 ἐν·
