4082 6294
336 444 441 514 ἰιι

1452 443 1815 507 NOVELLAZ
1857 443 2542 507 CONSTITUTIONES.

3490 449 3604 513 ’ΜΕ

334 570 525 621 στάσει
585 564 973 637 προσοιχθήκει
1026 565 1058 636 ἠ
1107 561 1362 635 βασιλεία
1406 580 1510 633 μου
1554 561 1910 633 (σπούδασμα

2033 567 2219 617 stantia
2283 565 2508 618 undtum
2566 560 2770 617 oﬂ‘cnsa
2844 571 2947 620 est.
2994 564 3201 637 Quippe
3251 565 3606 636 deprehendit

332 666 448 726 γαρ
493 653 680 717 αὐτοῖς
731 652 1096 724 κατεφώρασε
1129 650 1392 713 πολλάκις
1436 649 1588 722 ὥρας
1635 650 1914 721 ὑποσυλᾷν

332 750 436 802 καὶ
464 747 879 816 σεσοφισμένως
905 746 1242 815 φυγοδικεῖν,
1269 737 1351 808 οἷς
1381 747 1479 807 τὰς
1511 744 1684 805 αὐτάς
1709 741 1913 796 πολλά-

337 838 839 909 κιςδικαιολογίας
872 835 1280 899 ἁνακυκλοῦσι,
1336 833 1436 888 και
1465 836 1575 888 τῶν
1630 836 1915 907 προτέρων

329 932 827 995 ’δυσαποσπάστως
857 930 1212 1003 ἐξερχόμενοι
1256 930 1593 1001 προκόπτειν
1636 930 1737 982 οὐκ
1785 928 1916 980 ὲῶσι

337 1028 404 1081 τδ
435 1027 847 1100 δικαστήριον),
882 1025 1183 1099 διορίζεται
1228 1026 1368 1097 μετὰ
1398 1025 1663 1095 συστολῆς
1690 1025 1918 1094 ἱσταμέ-

331 1139 469 1187 νους
497 1123 627 1187 τοὺς
655 1122 991 1193 συνηγόρους
1023 1121 1099 1186 ὡς
1120 1121 1181 1175 τὸ
1202 1122 1336 1193 πρὶν
1360 1118 1815 1186 δικάζεσθαι,καὶ
1840 1118 1916 1190 μὴ

332 1214 723 1288 ωγκαθῆσθαι
757 1217 872 1280 τοῖς
898 1215 1187 1278 δικασταῖς
1223 1215 1282 1268 ὲν
1326 1212 1404 1284 τῷ
1434 1213 1787 1277 δικάζεσθαι,
1822 1211 1918 1266 καὶ

335 1310 419 1382 μὴ
442 1309 585 1365 κατά
610 1310 808 1366 ταύτὸν
833 1310 945 1374 τοῖς
980 1310 1165 1380 λόγοις
1190 1313 1389 1382 χωρεῖν
1422 1310 1540 1381 (ἀφ’
1580 1304 1655 1364 ὧν
1691 1313 1911 1381 συγχεῖς

332 1418 432 1463 ται
481 1402 585 1475 μὲν
637 1404 669 1476 ἠ
731 1402 1018 1475 ἀκρόασις,
1055 1402 1382 1475 ἐκκρούεται
1410 1404 1465 1457 δὲ
1506 1403 1739 1457 καὶτῶν
1767 1403 1912 1457 δικα-

336 1492 488 1548 στῶν
540 1495 575 1567 ἡ
620 1494 858 1568 ἀκριϐὴς
910 1497 1004 1550 καὶ
1054 1494 1507 1567 συντετηρημένη
1561 1493 1912 1564 διάγνωσις)·

336 1586 480 1641 ἀλλά
512 1585 742 1658 θατέρου
789 1587 994 1661 μέρους
1024 1588 1464 1660 ἑφησυχάζοντος
1514 1588 1636 1658 μετ’
1666 1588 1918 1654 εὐταξίας

336 1678 456 1738 καὶ,
481 1679 878 1744 καταπόσεως
928 1682 998 1735 τά
1026 1682 1208 1736 οἰκεῖα
1240 1681 1429 1735 δίκαια
1478 1681 1788 1752 προτείνειν
1825 1682 1918 1733 τὸν

339 1764 764 1843 προλογίζοντα,
805 1769 929 1828 εἶτα
950 1773 1044 1828 τὸν
1073 1773 1176 1846 μὲν
1228 1775 1484 1846 ἠρεμεῖν,
1532 1774 1920 1828 ἀντιδικαιολο-

333 1864 559 1932 γεῖσθαι
624 1864 682 1919 δὲ
735 1866 875 1937 μετὰ
906 1866 1007 1931 τῆς
1034 1867 1160 1939 ῖσης
1187 1867 1372 1931 ἁδείας
1421 1866 1514 1921 τδν
1558 1865 1781 1938 ἕτερον’
1822 1867 1920 1921 καὶ

336 1948 485 2006 οὕτω
523 1952 705 2023 λέγειν
740 1936 885 2019 τοὺς
932 1936 1200 2020 δικαστάς
1244 1955 1281 2011 ἃ
1323 1936 1772 2027 διαγινώσκουσι.
1799 1957 1917 2013 Κᾶν
1949 1936 1993 1993 Β

333 2044 387 2098 εί
437 2046 570 2117 μιᾶς
631 2045 862 2121 γνώμης
896 2049 1144 2115 ἅπαντες
1172 2050 1440 2118 γένοιντο,
1493 2052 1585 2105 ἐπὶ
1614 2052 1683 2106 τὰ
1726 2054 1919 2124 πρόσω

333 2138 539 2207 χωρεῖν
563 2139 691 2204 τοὺς
717 2139 1111 2212 δικαζομένους
1130 2159 1145 2174 ·
1180 2144 1229 2197 εί
1258 2143 1315 2197 δὲ
1346 2144 1756 2213 διαφωνήσουσι
1782 2146 1918 2216 πρὸς

335 2228 626 2301 ἀλλήλους,
678 2233 813 2298 τοὺς
872 2234 973 2304 μὲν
1008 2234 1451 2306 συνηγοροῦντας
1504 2239 1599 2290 καὶ
1656 2238 1823 2292 πάλιν
1860 2241 1921 2291 ἐν

335 2322 556 2398 ἠρεμία
596 2314 834 2397 μένειν,
903 2330 1031 2393 τοὺς
1083 2329 1140 2383 δὲ
1190 2328 1456 2395 δικαστὰς
1517 2330 1641 2385 καθ’
1699 2332 1923 2396 ἑαυτοὺς

340 2419 572 2473 σκοπεῖν
604 2419 665 2472 τὸ
702 2421 1051 2493 ἀμφήριστον
1086 2422 1179 2475 καὶ
1208 2422 1330 2493 δίχα
1356 2426 1455 2496 τῆς
1484 2422 1706 2479 οίασοῦν
1754 2443 1925 2497 προσ-

334 2508 576 2575 παθείας
602 2510 683 2575 είς
717 2510 778 2565 ἓν
805 2513 1171 2584 συνέρχεσθαι
1219 2515 1434 2580 πάντας
1483 2519 1581 2571 καὶ
1623 2518 1926 2588 ἀποφαίνε-

335 2601 469 2656 σθαι
497 2602 561 2656 τὸ
593 2605 726 2675 παρ’
762 2603 949 2658 αὐτῶν
979 2606 1507 2678 διαγινωσκόμενον.
1556 2610 1618 2663 Et
1650 2610 1708 2664 δέ
1739 2627 1804 2676 γε
1847 2610 1924 2682 μὴ

333 2694 870 2766 δμογνωμονήσουσι
920 2695 1149 2760 πάντες,
1198 2695 1336 2750 ἀλλά
1381 2716 1530 2764 τινες
1586 2700 1925 2771 διαφωνοῦσι

338 2786 460 2851 τοῖς
488 2786 738 2842 πλείοσιν
768 2788 798 2854 ἢ
823 2788 1136 2854 ὲξισοῦνται
1166 2790 1217 2842 οί
1246 2789 1675 2861 διαφωνοῦντες,
1698 2793 1925 2848 ἐκείνων

334 2876 450 2933 τῶν
466 2878 669 2953 ψήφων
692 2883 1116 2953 προκρίνεσθαι,
1136 2880 1218 2950 οἷς
1246 2886 1345 2940 καὶ
1373 2889 1400 2940 ό
1430 2883 1528 2941 τοῦ
1560 2886 1923 2958 δικαστηρίου

336 2973 628 3045 προεστὼς
676 2979 986 3047 συμφωνεῖ.
1034 2979 1095 3032 Ol
1136 2978 1195 3033 δὲ
1256 2980 1333 3053 μὴ
1405 2980 1748 3051 στοιχοῦντες
1810 2983 1925 3045 τοῖς

342 3066 480 3138 παρ’
507 3068 673 3139 ἡμῶν
727 3059 1184 3145 διατεταγμένοις
1222 3076 1355 3147 ’περὶ⁷
1410 3075 1617 3142 αὐτῶν,
1670 3077 1809 3131 ἀλλὰ
1855 3076 1928 3131 τά

350 3157 486 3212 αὐτὸ.
525 3159 1061 3233 δικαιολογούμενοι,
1117 3166 1213 3219 καὶ
1275 3168 1350 3237 μὴ
1398 3169 1769 3239 παραδεκτὲοι
1826 3169 1927 3240 μὲν

2024 655 2222 726 saepius
2248 654 2354 711 illis
2387 655 2490 711 hoc
2528 668 2650 711 esse
2693 656 2890 723 Studia,
2926 666 2984 709 ιιι
3019 656 3181 713 horas
3211 658 3365 727 quasi
3395 659 3604 728 deprae-

2024 749 2247 817 dentur,
2279 757 2331 804 et
2372 748 2553 806 focale
2585 750 3025 819 tergiversantur,
3062 750 3187 804 dum
3224 751 3438 806 easdem
3472 751 3605 805 alle-

2027 842 2275 909 gationes
2329 842 2605 898 multoties
2664 850 2931 911 repetunt.
2990 841 3057 895 Et
3110 843 3366 912 quoniam
3424 855 3605 903 certus

2026 948 2213 987 eorum
2245 949 2502 989 numerus
2536 950 2655 989 csse
2686 935 2843 988 debet
2876 935 2929 987 in
2955 933 3160 1002 judicio
3196 934 3439 1006 quolibet
3465 937 3602 1006 ejus,

2028 1025 2124 1094 qui
2172 1026 2261 1093 jus
2295 1025 2424 1095 ipsis
2454 1026 2622 1091 dicit,
2665 1026 2728 1080 ad
2762 1042 2883 1079 eum
2919 1029 3229 1082 necessario
3261 1028 3601 1084 convenient.

2025 1117 2096 1169 At
2151 1116 2198 1173 si
2257 1116 2509 1173 fortassis
2568 1120 2635 1173 ob
2692 1119 2927 1190 aliquam
2977 1135 3193 1174 causam
3246 1120 3297 1175 id
3341 1119 3605 1188 judicium

2025 1217 2201 1276 vacet,
2244 1210 2382 1280 apud
2431 1210 2534 1265 alia
2564 1210 2768 1280 judicia
2819 1212 2995 1268 civilia
3038 1229 3234 1267 munus
3269 1229 3426 1267 suum
3472 1213 3606 1267 citra

2026 1302 2346 1373 annsquam
2410 1303 2854 1375 impedimentum
2906 1305 3221 1373 implebunt.
3265 1304 3402 1359 Hinc
3460 1306 3604 1360 enim

2025 1394 2291 1449 auditioui
2338 1394 2492 1451 favor
2540 1396 2790 1465 additur;
2838 1411 3015 1453 causa:
3061 1413 3195 1453 vero
3231 1398 3471 1468 cognitio
3526 1414 3611 1453 ac.

2026 1494 2215 1543 curate
2269 1488 2610 1545 observatur.
2681 1486 2781 1544 Ubi
2832 1498 3011 1545 autem
3074 1489 3242 1545 altera
3303 1507 3430 1560 pars
3488 1506 3607 1545 cum

2026 1580 2223 1637 decoro
2310 1580 2619 1649 consentit,
2687 1585 3073 1653 pracopinantis
3147 1587 3426 1658 privilegia
3511 1603 3609 1644 ex-

2028 1675 2366 1742 tenduntur;
2430 1675 2553 1731 dein
2598 1666 2721 1733 uno
2777 1687 3013 1745 tacente,
3056 1678 3193 1735 alter
3224 1678 3372 1736 litem
3423 1695 3610 1751 persc-

2026 1765 2215 1831 quitur
2270 1780 2377 1821 non
2442 1767 2623 1823 minus
2675 1768 2978 1839 intrepide;
3039 1780 3319 1840 postremo
3365 1770 3608 1841 judicum

2027 1860 2294 1915 sententia
2347 1862 2811 1933 pronuntiabitur.
2866 1864 2968 1920 Ubi
3018 1880 3208 1943 omnes
3265 1865 3425 1921 unius
3482 1849 3613 1943 sunt

2021 1956 2324 2022 sentcntiae,
2376 1968 2563 2028 partes
2610 1958 2889 2029 litigantes
2929 1959 3145 2030 longius
3192 1940 3531 2031 procedunt;
3563 1940 3608 2012 si

2020 2058 2200 2103 autem
2250 2048 2302 2104 in
2351 2048 2599 2107 diversas
2656 2052 2858 2107 abeunt
2908 2054 3226 2121 sententias,
3276 2054 3522 2109 advocati
3557 2061 3616 2109 ct

2022 2144 2124 2213 ipsi
2152 2144 2411 2214 silebant,
2452 2146 2578 2202 dum
2607 2145 2825 2217 judices
2861 2161 2948 2203 res
2985 2157 3369 2204 controversas
3401 2147 3611 2204 exami-

2024 2248 2157 2293 nant
2180 2279 2196 2303 ,
2238 2242 2413 2296 donec
2439 2241 2577 2297 idem
2603 2240 2907 2297 sentientes
2933 2244 2983 2297 in
3009 2243 3255 2297 eamdem
3283 2239 3609 2299 sententiam

2025 2333 2286 2391 abierint.
2326 2333 2478 2401 Quod
2521 2335 2565 2392 si
2592 2350 2696 2391 non
2729 2350 2921 2392 omnes
2958 2336 3328 2401 consentiunt,
3357 2337 3450 2393 sed
3484 2351 3611 2408 pars

2024 2426 2202 2481 minor
2234 2427 2425 2493 majori
2471 2429 2785 2497 opponitur,
2826 2438 2918 2484 aut
2961 2445 3222 2486 numerus
3254 2428 3467 2484 diversa
3491 2430 3611 2499 opi-

2026 2521 2274 2575 nantium
2311 2521 2539 2587 :equalis
2567 2522 2807 2586 exsistit,
2858 2538 2921 2578 ea
2950 2523 3219 2579 sententia
3261 2524 3453 2578 victrix
3483 2524 3610 2589 erit,

2026 2612 2113 2667 cui
2148 2626 2351 2680 praises
2399 2612 2681 2670 concionis
2730 2615 3069 2689 astipulatur.
3122 2616 3222 2684 Qui
3269 2627 3448 2670 autem
3500 2634 3609 2672 non

2028 2708 2407 2762 assentiuntur
2440 2708 2505 2763 iis
2525 2724 2647 2779 quae
2676 2709 2742 2765 de
2773 2709 2906 2781 ipsis
2926 2690 3286 2778 decrevimus,
3319 2714 3413 2766 sed
3440 2712 3611 2781 priori

2030 2798 2640 2868 defensione‘utuntur,
2684 2818 2804 2874 quae
2841 2804 3120 2874 judicibus
3174 2806 3533 2873 displicuerit,
3560 2813 3615 2861 et

2029 2892 2222 2950 eadem
2286 2908 2521 2964 semper,
2586 2895 2747 2965 idque
2798 2896 2945 2950 nullo
2990 2898 3213 2966 pudore,
3277 2901 3328 2952 in
3380 2901 3615 2954 medium

2029 2983 2315 3054 proferunt
2341 2994 2507 3056 atque
2530 2999 2592 3041 ea
2624 2995 2873 3055 repetunt
2913 2989 3162 3059 qumjam
3195 2999 3350 3045 antea
3377 2994 3614 3061 probare

2033 3079 2392 3149 nequiverant
2439 3082 2718 3150 (namque
2772 3094 2934 3137 voces
2984 3094 3179 3138 exacte
3239 3086 3619 3154 pronuntiatus

2030 3170 2336 3239 negligant,
2370 3179 2429 3225 ut
2458 3169 2571 3241 ipse
2598 3178 2864 3240 expertus
2902 3172 3072 3243 sum),
3117 3174 3241 3241 quia
3268 3184 3452 3230 autem
3478 3174 3615 3231 deti-

349 3247 498 3315 ὄντες
547 3253 663 3317 τοῖς
691 3252 1004 3320 δικασταῖς,
1056 3257 1207 3327 ὅμως
1241 3257 1298 3312 δὲ
1341 3261 1456 3323 τοῖς
1504 3259 1690 3326 αὐτοῖς
1731 3263 1929 3335 ἀνερυις

2034 3264 2270 3319 nitioues
2315 3272 2529 3319 nostras
2576 3264 2729 3333 parvi
2764 3265 3026 3330 pendunt,
3078 3280 3300 3321 causam
3349 3267 3498 3338 juste
3525 3269 3620 3325 de-

344 3342 623 3415 θριάστως
676 3340 1060 3420 ἐπιμένοντες,
1120 3351 1353 3406 κάκεῖνα
1404 3354 1679 3423 λέγοντες,
1737 3354 1774 3410 ἀ
1827 3358 1927 3410 καὶ

338 3438 1013 3512 προδικαιολογησάμενοι
1053 3445 1502 3519 ἀπεπέμφθησαν
1536 3448 1677 3519 (ἔστι
1710 3451 1809 3521 μὲν
1836 3452 1924 3506 ὅτε

336 3531 445 3588 καὶ
491 3532 795 3603 αὕτολεξεὶ,
826 3537 917 3590 δτε
942 3538 999 3592 δὲ
1022 3538 1119 3593 καὶ
1142 3539 1240 3604 τὰς
1265 3538 1442 3606 λέξεις
1480 3540 1621 3614 πρὸς
1650 3543 1711 3596 τὸ
1740 3543 1927 3601 λαθεῖν

337 3624 824 3695 ὑπαλλάσσοντες,
850 3632 1012 3685 ὁποῖα
1043 3634 1139 3687 καὶ
1165 3633 1266 3705 τῆς
1300 3634 1581 3706 βασιλείας
1628 3654 1733 3708 μου
1774 3639 1930 3695 δικα-

339 3718 557 3791 ζούσης
616 3722 928 3796 γεγόνασι),
998 3726 1095 3781 καὶ
1145 3727 1242 3781 τὸν
1308 3728 1583 3800 ἡμέτερον
1647 3731 1929 3802 διορισμὸν

339 3815 790 3888 παραϐαίνοντες
868 3817 964 3875 τοῦ
1042 3825 1371 3894 συνηγορεῖν
1454 3822 1871 3894 κωλυθήσονται
1910 3842 1925 3860 ·

340 3906 572 3975 πάντως
608 3910 718 3986 γάρ
744 3914 1055 3970 ἀδικεῖσθαι
1087 3916 1330 3987 οἰόμενοι
1366 3917 1460 3971 ἐπὶ
1491 3917 1590 3989 τὴν
1636 3919 1702 3971 ὲκ
1742 3919 1932 3991 νόμων,

342 4002 907 4079 ἀποτεταμιευμένην
946 4008 1160 4074 τούτοις
1194 4010 1298 4079 τῆς
1343 4010 1616 4082 ὲκκλήτου
1672 4011 1931 4083 βοήθειαν

346 4099 700 4168 καταφυγεῖν
750 4099 984 4170 ὤφελον.
1034 4102 1283 4175 Μελήσει
1318 4104 1377 4159 δὲ
1424 4106 1647 4170 πάντως
1686 4109 1780 4162 καὶ
1817 4109 1932 4173 τοῖς

345 4185 680 4252 δικάζουσιν
719 4192 1085 4266 ὲμμερίμνως
1134 4195 1235 4259 τὰς
1289 4195 1612 4265 διαγνώσεις
1658 4200 1933 4257 ποιεῖσθαι

346 4279 454 4335 καὶ
504 4282 607 4348 τὰς
656 4286 988 4362 ἀποφάσεις,
1036 4289 1243 4345 είδόσιν
1284 4290 1369 4346 ὅτι
1420 4292 1660 4362 μεγάλαι
1711 4292 1932 4364 ζημίαι,

345 4373 622 4443 πολλάκις
647 4378 706 4433 δὲ
734 4382 830 4435 καὶ
863 4382 1136 4454 σωμάτων
1178 4384 1642 4459 ἀκρωτηριασμοὶ
1673 4389 1795 4451 ταῖς
1833 4390 1937 4443 αὑ-

344 4469 466 4525 τῶν
498 4470 846 4541 ἀποφάσεσιν
896 4476 1391 4535 ἐπακολουθοῦσιν.
1428 4478 1549 4534 Ίνα
1581 4479 1677 4533 οῦν
1715 4480 1791 4553 μὴ
1837 4480 1933 4535 τοῦ

344 4563 549 4620 λοιποῦ
600 4566 893 4639 ἀπέραντα
922 4567 1007 4638 εἴη
1039 4569 1112 4623 τὰ
1149 4569 1524 4642 δικαστήρια,
1576 4573 1671 4626 τλν
1721 4574 1780 4627 ὲν
1822 4574 1939 4628 δια-

2035 3353 2290 3410 t'endendi
2333 3355 2594 3411 facultate
2628 3356 2938 3425 privamur.
2977 3356 3092 3437 llup
3140 3362 3349 3416 accedit
3388 3361 3531 3430 quod
3559 3378 3621 3419 se

2029 3448 2188 3517 plane
2208 3446 2445 3503 offensos
2464 3449 2798 3506 arbitrantes
2822 3452 2889 3505 ad
2918 3452 3175 3506 auxiliqu
3205 3454 3348 3523 quod
3381 3457 3621 3513 tribunal

2026 3542 2189 3600 oti'ert
2220 3544 2523 3613 confugere
2572 3544 2750 3599 satius
2774 3547 3075 3600 duxerunt.
3116 3546 3278 3602 Cordi
3311 3549 3413 3602 erit
3445 3550 3623 3604 omni-

2029 3637 2134 3694 bus
2160 3638 2254 3704 qui
2304 3638 2393 3707 jus
2434 3639 2645 3705 dicunt,
2682 3648 2741 3691 ut
2768 3638 2983 3693 decreta
3015 3651 3071 3693 et
3107 3642 3391 3696 sententia:
3422 3643 3487 3699 ad
3520 3660 3621 3699 un-

2028 3748 2186 3804 guem
2217 3734 2539 3798 reddantur,
2566 3733 2732 3804 probe
2760 3732 2995 3789 scientes
3017 3736 3157 3805 quod
3190 3752 3363 3805 paruae
3389 3740 3621 3802 acerbas,

2032 3826 2142 3881 imo
2194 3826 2441 3896 corporis
2475 3825 2850 3881 mutilationes
2894 3826 3039 3895 ipsas
3086 3830 3386 3885 sententias
3426 3831 3623 3886 subse-

2031 3928 2297 3987 quuntur.
2322 3916 2400 3973 Ne
2422 3917 2587 3988 igitur
2616 3917 2666 3972 in
2690 3927 2968 3990 posterum
2990 3927 3141 3975 actus
3166 3919 3386 3990 jnridici
3420 3922 3622 3980 intluiti

2032 4011 2165 4074 sint,
2196 4010 2365 4083 legem
2401 4010 2454 4065 in
2479 4010 2835 4067 Basilicarum
2867 4012 3150 4068 codicibus
3181 4015 3441 4085 scriptam
3466 3999 3613 4071 refoé

2033 4105 2300 4169 cillamus,
2335 4114 2391 4161 et
2429 4104 2583 4174 quasi
2638 4120 2668 4160 e
2720 4106 2949 4161 mortuis
3011 4107 3418 4175 resuscitamns,
3450 4120 3503 4164 et
3541 4125 3627 4166 se-

2033 4200 2270 4258 cundum
2330 4198 2500 4268 ipsam
2554 4198 2782 4253 crimina
2842 4208 3003 4268 atque
3048 4202 3443 4269 accusationes,
3504 4218 3627 4273 qua:

2034 4295 2177 4352 intra
2211 4294 2494 4351 biennium
2538 4294 2744 4350 absolvi
2777 4301 3028 4365 possunt,
3073 4294 3400 4363 definimus;
3432 4311 3627 4352 causas

2035 4404 2191 4454 vero,
2219 4402 2338 4459 quae
2368 4387 2510 4442 circa
2543 4387 2827 4456 pecuniam
2856 4396 3002 4452 sunt,
3038 4386 3177 4442 intra
3221 4388 3509 4443 triennium
3537 4403 3629 4444 re-

2036 4482 2322 4549 legamus;
2391 4482 2492 4537 hoc
2570 4480 2712 4536 enim
2782 4479 3039 4549 temporis
3107 4480 3342 4550 spatium
3405 4478 3626 4547 suﬂicit,

2043 4575 2257 4630 etiamsi
2286 4574 2532 4643 quaedam
2588 4572 2917 4643 hypotbeses
2941 4585 3005 4626 ac
3036 4571 3369 4642 problemata
3407 4561 3630 4643 propter

350 4659 549 4732 φόροις
608 4638 839 4733 βιϐλίοις
888 4662 1001 4716 τῶν
1050 4638 1929 4739 Βασιλικῶνηὲγκατεστρωμένον

2040 4669 2429 4725 obscuritatem
2461 4667 2788 4736 peculiarem
2828 4666 3007 4719 minus
3046 4665 3222 4720 facilia
3273 4665 3449 4721 solutu
3494 4667 3624 4721 sint.

351 4752 832 4826 ἀναζωπυροῦμεν
867 4754 1058 4823 νόμον,
1100 4757 1199 4813 καὶ
1244 4758 1657 4829 νενεκρωμένον
1700 4751 1814 4812 οἷον
1861 4761 1938 4814 είο

355 4848 483 4901 πεῖν
534 4849 627 4900 καὶ
654 4848 858 4921 ἀγρίαν
905 4849 1148 4919 παντελῆ
1193 4850 1677 4921 κατεψηφισμένον
1707 4853 1939 4909 ἀνιστῶ-

362 4958 490 5013 μεν,
517 4941 887 5015 διοριζόμενοι
916 4943 1041 4997 κατ’
1066 4944 1279 5000 ἐκεῖνον
1319 4946 1391 4998 τὰ.
1421 4942 1523 5017 μὲν
1552 4947 1940 5017 ἐγκληματικὰ

357 5036 475 5091 τῶν
516 5036 892 5109 δικαστηρίων
930 5038 1085 5103 ἐντὸς
1119 5040 1327 5103 διετίας
1379 5040 1779 5111 περατοῦσθαι,
1828 5043 1943 5107 τοῖς

354 5128 417 5183 δὲ
442 5132 813 5201 χρηματικοῖς
846 5131 939 5185 τὸν
965 5132 1061 5203 τῆς
1083 5132 1328 5203 τριετίας
1355 5133 1549 5205 χρόνον
1571 5132 1938 5202 ὲξαπλοῦμεν·

360 5225 643 5297 αὔταρκες
694 5225 806 5294 γὰρ
859 5226 1043 5289 αὐτοῖς
1087 5226 1149 5279 τὸ
1197 5224 1459 5281 τοσοῦτον
1504 5227 1785 5299 διάστημα
1845 5226 1941 5281 τοῦ

361 5316 589 5389 καιροῦ,
630 5317 736 5372 κᾶν
784 5318 838 5372 εί
893 5319 989 5371 καὶ
1016 5317 1146 5382 ἴσως
1174 5319 1319 5384 τινες
1363 5318 1651 5383 ὑποθέσεις
1705 5320 1842 5375 πολὺ
1880 5320 1942 5374 τὸ

361 5410 585 5483 γρυφδν
606 5410 832 5484 ἔχουσαι
860 5413 951 5463 καὶ
974 5412 1033 5463 τὸ
1057 5411 1319 5483 δυσχερὲς
1354 5413 1697 5485 εὑρίσκοιντο
1726 5414 1820 5467 καὶ
1847 5414 1943 5484 τὴν

362 5504 527 5560 λύσιν
551 5504 651 5558 οὑκ
684 5504 947 5575 εὐμαρῶς
997 5504 1467 5576 παραδεχόμεναι.
1500 5506 1562 5560 Et
1592 5504 1648 5559 δὲ
1682 5504 1814 5575 παρ’
1862 5509 1943 5560 αί-

360 5598 489 5653 τίαν
510 5596 609 5651 τοῦ
641 5599 932 5667 ἐνάγοντος
956 5599 988 5667 ἠ
1026 5598 1340 5670 προθεσμία
1368 5599 1843 5670 ἐκμετρηθήσεται
1870 5598 1944 5671 μὴ

362 5689 674 5762 λελυμένης
703 5691 801 5761 τῆς
829 5690 1172 5756 ὑποθέσεως,
1210 5691 1546 5746 ἁπεντεῦθεν
1578 5690 1732 5745 ἔσται
1778 5708 1949 5747 κατα-

362 5784 785 5856 δεδικασμένος,
820 5784 1325 5855 προσκαταϐάλλων
1365 5785 1443 5857 τῷ
1496 5786 1812 5856 ὲναγομὲνῳ
1852 5788 1947 5838 καὶ

370 5873 443 5930 ea
470 5873 865 5947 δαπανήματα.
895 5875 957 5928 Et
987 5875 1042 5929 δὲ
1073 5874 1167 5929 τοῦ
1193 5877 1477 5945 ἐνάγοντος
1525 5876 1948 5946 ἐπαγρυπνοῦνο

363 5980 464 6029 τος
497 5965 592 6021 καὶ
628 5965 1052 6030 ἐπισπεύδοντος
1082 5967 1117 6039 η
1140 5966 1449 6040 δυστροπία
1484 5967 1579 6023 τοῦ
1610 5966 1943 6039 ἐναγομένου

2046 4763 2102 4818 Si
2151 4771 2331 4817 autem
2365 4770 2556 4816 contra
2612 4774 2761 4829 spem
2802 4758 3111 4814 accusantis
3141 4758 3254 4814 dies
3299 4759 3633 4829 prtestitntns

2049 4853 2310 4924 plaeterit,
2345 4850 2476 4923 quin
2514 4852 2578 4906 lis
2604 4849 2916 4917 dirimatur,
2952 4859 3063 4903 tum
3094 4861 3381 4905 accusatus
3409 4852 3634 4905 damna-

2045 4948 2191 5005 bitur
2218 4947 2284 5002 ad
2330 4956 2585 5018 sumptus
2632 4943 2942 5000 solvendus.
2974 4941 3031 4998 Si
3062 4953 3241 4998 autem
3295 4942 3632 4998 accusatoris

2043 5040 2338 5112 pertinacia
2394 5041 2589 5093 nimias
2638 5054 2731 5092 reo
2781 5038 3092 5093 vexationes
3126 5053 3229 5092 non
3272 5036 3391 5091 sine
3436 5052 3627 5105 magna

2048 5133 2305 5198 temporis
2352 5132 2564 5203 jactura
2616 5131 2833 5202 inﬂigit,
2888 5131 3013 5186 inde
3049 5129 3430 5185 condemnatio
3467 5138 3517 5181 et
3545 5143 3635 5182 res

2047 5225 2359 5298 repetundte
2385 5226 2567 5281 locum
2601 5225 2902 5290 habebunt,
2934 5241 2997 5280 ac
3025 5240 3169 5289 rcus,
3211 5224 3413 5278 nullius
3451 5221 3635 5277 auvilii

2046 5318 2340 5390 particeps,
2382 5316 2525 5372 nulla
2578 5317 2751 5388 gratia
2807 5316 3002 5385 dignus
3054 5314 3481 5370 existimabitur.
3518 5310 3637 5367 Sic

2045 5418 2236 5466 contra
2262 5410 2473 5482 judices
2514 5410 2822 5465 cmictaudo
2880 5425 3128 5479 magnam
3165 5407 3425 5477 temporis
3454 5407 3635 5474 jactu-

2048 5521 2164 5561 ram
2215 5516 2601 5581 provocarunt,
2662 5504 2977 5559 "itineribus
3009 5505 3123 5557 suis
3174 5503 3276 5556 ritc
3325 5498 3613 5567 fungentes

2050 5601 2194 5655 illam
2218 5599 2505 5656 sanabunt.
2538 5598 2820 5665 Quomodo
2859 5599 3026 5664 enim,
3064 5598 3154 5667 qui
3188 5598 3251 5649 ad
3287 5594 3379 5665 jus
3401 5593 3600 5649 insonti

2049 5690 2151 5746 bus
2204 5689 2497 5745 dicemlum
2558 5687 2821 5744 destinati
2882 5698 3031 5753 sunt,
3091 5701 3317 5742 munere
3372 5685 3638 5740 attributo

2051 5798 2335 5854 perperam
2385 5779 2693 5852 fungentes,
2733 5792 2825 5845 aut
2854 5782 2989 5835 alios
3021 5780 3237 5856 judices
3284 5779 3639 5847 connivcutes

2051 5875 2383 5941 adhibendo,
2414 5875 2481 5929 ad
2514 5873 2726 5928 illorum
2783 5873 3071 5943 perniciem
3106 5888 3220 5927 rem
3255 5885 3443 5943 gerere
3492 5880 3641 5925 sata~

2053 5967 2219 6041 gent?
2251 5967 2357 6025 Sed
2399 5982 2522 6023 cum
2565 5966 2792 6038 quodvis
2837 5966 3076 6023 tribunal
3105 5966 3407 6037 peculiares
3438 5964 3669 6045 habeat
