4006 6284
251 381 365 445 777
1337 375 1707 439 NOVELLIE
1746 374 2305 439 CONSTITUTION
2316 376 2420 435 ES.
3404 377 3514 444 778

254 514 359 551 πον
391 453 537 572 [καὶ]
565 498 601 570 ὴ
640 495 857 553 δουλεία
886 496 1036 567 καὶὴ
1068 494 1261 566 ἄγνοια
1309 494 1482 567 ταύτῃ
1521 495 1831 567 προσάπτει-

1938 494 2237 552 secundum
2307 507 2552 563 persona
2632 497 2894 549 unitatem
2986 494 3519 567 luseparabilemqte

247 605 370 656 ται,
402 589 566 660 ἡνίκα
603 589 786 660 ψιλαῖς
833 587 930 645 τοῦ
985 588 1078 644 νοῦ
1105 589 1429 661 φαντασίαις
1464 588 1524 642 τὸ
1553 587 1831 660 δρώμενον

1938 587 2403 659 coniunctionem,
2470 602 2649 657 neque
2696 586 3017 643 servitutem
3061 602 3363 643 memorare
3392 588 3521 643 licet

249 683 321 735 ὲκ
361 681 456 736 τοῦ
502 684 797 754 νοουμένου
833 683 1099 753 διέλωμεν
1143 682 1288 737 κατὰ
1330 682 1424 736 τὸν
1479 679 1831 754 Δαμσκὸθεν

1941 696 2115 749 neque
2170 679 2468 736 inscitiam.
2535 680 2710 750 Atque
2750 680 2821 734 ita
2882 679 2936 736 hi
2989 681 3129 737 inter
3183 694 3243 737 se
3288 680 3519 736 disside-

248 774 425 844 σοφόν
459 790 475 806 ⁸
528 775 672 830 κατᾶ
724 776 832 848 γάρ
876 778 975 847 τὴν
1006 778 1108 847 τῆς
1145 775 1497 839 ὑποστάσεως
1528 773 1835 844 ταυτότητά
1940 773 2092 826 bant.

252 824 2002 939 καί-τὴν
2024 860 2387 934 λεχθήσεται*
2425 862 2520 915 καὶ
2559 860 2698 915 οὕτω
2760 863 2853 917 καὶ
2915 824 3055 936 πρὸς
3132 863 3331 929 αὑτοὺς
3410 862 3518 923 δια,

253 958 566 1030 φωνοῦντες
602 954 747 1017 οὗτοι
774 960 1103 1015 ἐδείκνυντο.

326 1062 402 1123 γ’.
431 1056 497 1110 Ol
520 1056 577 1110 δὲ
598 1056 866 1128 ἑτέρωθεν
894 1056 1082 1122 αὐτοῖς
1137 1055 1660 1124 ἀντικαθιστάμενοι
1712 1052 1839 1126 ᾖδες

252 1166 359 1203 σαν
407 1148 507 1220 μὲν
555 1149 650 1202 καί
696 1167 849 1213 τινας
891 1150 1002 1204 τῶν
1054 1151 1521 1222 πνευματοφόρων
1578 1148 1679 1219 τῆς
1736 1145 1833 1201 τοῦ

249 1241 395 1296 Θεοῦ
440 1241 764 1314 Ἐκκλησίας
792 1243 1051 1315 Πατὲρων
1091 1243 1188 1297 x11
1216 1242 1560 1297 διδασκάλων
1597 1242 1699 1309 τὴν
1736 1239 1831 1295 τοῦ

254 1332 465 1403 Κυρίου
492 1332 698 1400 ταύτην
736 1335 921 1404 φωνὴν
960 1332 1407 1419 ἑρμᾘεύσαντας
1450 1332 1543 1386 καὶ
1585 1332 1726 1387 κατὰ
1774 1329 1838 1385 τὸ

254 1424 436 1479 αἴτιον
467 1425 567 1494 τῆς
610 1425 1005 1497 άκαταλήπτου
1061 1424 1287 1497 πρώτης
1334 1426 1670 1496 γεννήσεωςθ
1725 1422 1841 1480 ἀλλ’

254 1514 353 1572 οὖν
388 1517 551 1571 ὁπότε
579 1518 723 1571 κατὰ
751 1518 858 1571 τῶν
886 1517 1319 1590 ἐρεσχελούντων
1346 1518 1470 1573 κατ’
1492 1519 1681 1572 οὐσίαν
1718 1518 1837 1572 δια-

255 1610 448 1680 φέρειν
478 1608 573 1663 τοῦ
625 1608 755 1663 Υίοῦ
789 1610 878 1663 τὸν
918 1611 1137 1681 Πατέρα
1176 1610 1272 1674 τὰς
1323 1613 1672 1683 άντιρρήσεις
1734 1628 1833 1663 πε-

258 1704 484 1774 ποίηντο
513 1705 580 1774 τῇ
608 1702 704 1758 τοῦ
737 1704 987 1775 μείζονος
1032 1706 1186 1775 φωνῇ
1228 1705 1369 1758 κατὰ
1416 1705 1595 1760 πάντα
1619 1705 1838 1776 χρωμέ-

258 1813 365 1851 νων
403 1799 499 1851 καὶ
540 1797 812 1853 ὑπόϐασιν
863 1799 922 1851 ἐν
965 1799 1301 1870 ἀμφοτέροις
1344 1797 1489 1852 κατὰ
1523 1797 1622 1869 τὴν
1678 1798 1837 1869 φύσιν

255 1889 590 1958 εἰσαγόντων
630 1891 726 1944 καὶ
769 1890 1094 1961 ἑτερότητα,
1150 1890 1211 1943 ob
1255 1887 1367 1959 μὴν
1417 1888 1475 1942 δὲ
1511 1888 1654 1943 κατὰ
1682 1888 1841 1942 τοῦτο

257 1984 355 2035 καὶ
386 1982 547 2054 μόνον
573 1981 1018 2053 ὲκλαμϐάνεσθαι
1050 1984 1150 2054 τὴν
1177 1981 1436 2053 τοιαύτην
1466 1980 1649 2054 φωνὴν
1676 1999 1840 2053 προσ-

255 2076 583 2145 επάγοντας.
635 2075 826 2132 Ὴνίκα
848 2077 957 2148 γὰρ
1000 2076 1063 2129 οὐ
1106 2075 1245 2147 πρὸς
1288 2074 1561 2140 τοιούτους
1601 2072 1742 2147 ἦσαν
1784 2077 1838 2129 al

255 2167 564 2232 ἀντιθέσεις
604 2169 703 2223 καὶ
753 2168 821 2223 τά
864 2168 1250 2252 παλαίσματα,
1303 2166 1439 2237 περὶ
1474 2166 1530 2221 δὲ
1572 2166 1670 2236 τῆς
1700 2166 1838 2232 μετὰ

258 2259 474 2330 σαρκὸς
503 2259 820 2329 οἰκονομίας
844 2262 942 2315 καὶ
971 2259 1082 2313 τῶν
1113 2257 1364 2328 φυσικῶν
1409 2258 1689 2331 ἰδιοτήτων
1739 2258 1839 2312 καὶ

254 2351 535 2424 διαφορῶν
594 2352 980 2426 ὲδογμάτιζον,
1030 2352 1238 2425 ἑκάστῃ
1303 2351 1415 2406 τῶν
1462 2351 1680 2421 φύσεων
1736 2352 1837 2413 τὰς

256 2447 609 2520 προσφόρους
638 2449 830 2519 ῥήσεις
854 2446 1161 2516 ἀπένεμον,
1206 2445 1304 2509 τὰς
1354 2444 1455 2517 μὲν
1495 2443 1837 2517 ὑψηλοτάτας

255 2540 357 2592 καὶ
380 2540 798 2612 ὑπερκειμένας
844 2542 911 2613 τῇ
943 2540 1037 2595 τοῦ
1070 2537 1312 2611 Χριστοῦ
1353 2537 1572 2609 θεότητι
1619 2536 1695 2601 ὡς
1738 2537 1834 2591 καί

254 2631 398 2686 Θεοῦ
424 2632 631 2687 τελείου
664 2632 821 2696 ὄντος
850 2630 1380 2705 προσαφορίζοντες,
1404 2630 1502 2694 τὰς
1548 2629 1602 2683 δὲ
1648 2645 1838 2683 ταπει-

254 2722 487 2794 νοτέρας
523 2727 619 2778 καὶ
653 2723 1067 2795 ὑποόεσηκυίας
1094 2726 1159 2795 τῇ
1190 2726 1248 2778 ὲν
1277 2722 1356 2793 τῷ
1410 2720 1559 2794 αύτῷ
1610 2720 1836 2792 Χριστῷ

254 2814 642 2889 άνθρωπύτητι
663 2815 739 2880 ὡς
766 2817 863 2871 καὶ
885 2816 1158 2889 ἀνθρώπῳ
1187 2814 1432 2887 γεγονότι
1454 2814 1643 2885 τελείῳ
1668 2831 1841 2885 προσ-

256 2908 670 2979 εφαρμόζοντες
711 2924 733 2941 ο
772 2903 855 2974 οἷς
912 2910 1009 2963 καὶ
1058 2909 1121 2963 τὸ
1191 2909 1462 2981 ἡμέτερον
1527 2907 1836 2979 ὡμοφρόνει

255 3000 486 3071 κράτος,
513 3002 634 3065 ταῖς
682 3000 791 3054 τῶν
838 3000 1011 3071 ἁγίων
1036 3002 1147 3073 τῆς,
1180 3000 1507 3074 Ἐκκλησίας
1531 3002 1837 3073 φωστήρων

261 3092 636 3157 διδασκαλίαις
661 3095 949 3165 ἑπόμενον.

2013 1047 2067 1102 3.
2091 1043 2363 1102 Contrarii
2413 1052 2590 1098 autem
2623 1043 2731 1110 his,
2788 1055 3053 1098 noverant
3076 1044 3293 1115 quidem
3321 1060 3348 1098 a
3384 1061 3520 1100 nun-

1941 1142 2107 1195 nullis
2140 1136 2414 1209 inspiratis
2474 1136 2728 1192 Ecclesia:
2788 1137 2877 1191 Dei
2933 1134 3182 1191 Patribus
3227 1138 3425 1193 dictum
3466 1140 3520 1195 id

1939 1232 2152 1288 Domini
2174 1231 2503 1303 explicatum
2547 1229 2713 1286 fuisse
2743 1239 3008 1300 quatenus
3036 1229 3193 1284 Pater
3221 1239 3410 1285 auctor
3438 1241 3523 1288 cst

1938 1324 2495 1396 incomprehensibilis
2530 1324 2719 1395 prima
2777 1324 3106 1379 nativitatis:
3148 1334 3519 1382 verumtamen

1942 1420 2013 1475 ita
2049 1420 2264 1474 aiebant
2295 1434 2412 1472 cum
2436 1417 2867 1485 respondendum
2896 1426 3037 1471 esset
3077 1416 3142 1471 iis
3206 1418 3297 1487 qui
3347 1434 3522 1489 nuga-

1943 1514 2140 1569 bantur
2231 1511 2451 1566 differre
2494 1527 2521 1562 a
2557 1510 2692 1565 Filio
2715 1511 2930 1564 Putrem
2976 1510 3423 1579 substantialiter,
3456 1526 3523 1568 ac

1942 1605 2207 1661 vocabulo
2231 1604 2405 1674 major
2455 1617 2863 1673 quaquaversus
2904 1601 3291 1672 abutebantur,
3321 1611 3376 1659 et
3421 1606 3521 1658 mi-

1943 1713 2129 1754 norem
2154 1699 2481 1771 inoutroque
2520 1706 2664 1751 statu
2720 1696 2943 1767 gradum
3003 1705 3208 1751 natura
3253 1696 3524 1767 continge-

1952 1790 2081 1846 bant
2136 1805 2201 1847 ac
2247 1790 2633 1845 diversitatem.
2666 1787 2777 1845 Nec
2852 1788 3012 1856 hujus
3064 1788 3353 1845 locutionis
3399 1804 3525 1846 son-

1941 1900 2064 1941 sum
2136 1882 2508 1940 tantummodo
2588 1880 2654 1936 ad
2721 1882 2918 1936 dictam
3003 1882 3265 1937 rationem
3337 1885 3521 1940 trahe-

1942 1979 2094 2033 bant.
2129 1979 2186 2033 Si
2220 1977 2433 2048 quando
2464 1975 2607 2033 enim
2633 1984 2818 2031 contra
2864 1975 3130 2048 ejusmodi
3167 1977 3521 2045 fadversarios

1943 2088 2049 2127 non
2106 2073 2441 2128 dissererent
2465 2086 2527 2127 ac
2560 2071 2948 2141 depugnarent,
2998 2071 3091 2125 sed
3142 2072 3206 2126 de
3250 2071 3517 2126 incarnati

1906 2218 1912 2229 ,
1942 2164 2101 2222 Verbi
2127 2174 2291 2232 statu,
2327 2174 2379 2220 et
2410 2163 2753 2220 naturalibus
2816 2164 3235 2235 prOprietatihus
3267 2163 3521 2220 differen-

1942 2260 2140 2331 tiisque
2169 2258 2472 2316 doctrinam
2504 2260 2806 2318 traderent:
2862 2269 2991 2316 tunc
3038 2276 3165 2317 suas
3199 2261 3392 2331 cuique
3424 2277 3523 2317 na-

1941 2364 2076 2410 tura
2125 2352 2425 2410 locutiones
2456 2352 2863 2425 attribuehant;
2928 2353 3283 2411 sublimiores
3303 2354 3521 2424 quidem

1941 2455 1996 2501 et
2060 2443 2379 2500 eminentes
2455 2444 2521 2499 ad
2552 2442 2753 2500 Christi
2804 2444 3162 2516 divinitatem,
3229 2448 3523 2518 utpoteDei

1938 2536 2191 2609 perfecti,
2246 2538 2675 2605 convertebant;
2724 2537 3045 2595 humiliores
3065 2549 3242 2596 autem
3294 2549 3349 2597 et
3393 2542 3525 2598 sub-

1939 2630 2133 2688 missas
2211 2628 2415 2687 Christi
2478 2630 2822 2705 humanitati,
2880 2640 3064 2702 utpote
3114 2633 3349 2689 hominis
3393 2634 3522 2691 item

1939 2722 2187 2793 perfecti,
2246 2722 2748 2780 accommodabant.
2812 2724 2991 2795 Atque
3031 2725 3098 2779 ad
3152 2724 3345 2781 horum
3404 2742 3525 2782 sen-

1943 2817 2165 2873 tentiam
2228 2824 2411 2876 nostra
2456 2832 2674 2889 quoque
2729 2815 2983 2886 maiestas
3031 2818 3345 2887 accedebat,
3391 2836 3525 2877 san-

1939 2919 2151 2965 ctorum
2217 2909 2473 2968 Ecclesia
2554 2910 2902 2965 luminarium
2981 2910 3280 2967 doctrinam
3330 2926 3527 2970 censes

1938 3011 2117 3060 etans.

330 3184 386 3246 δ’.
424 3186 586 3243 Οὕτω
616 3188 680 3260 δὴ
721 3161 861 3261 μετὰ
882 3161 1144 3246 τοιούτων
1187 3194 1528 3247 άντιθεσεσιν
1558 3193 1831 3264 ἀμφιγνω-

2010 3188 2063 3242 4.
2098 3184 2195 3242 llic
2227 3195 2345 3241 erat
2374 3199 2504 3257 ergo
2538 3184 3029 3242 contradicentium
3080 3184 3311 3242 invicem
3358 3187 3523 3245 dissic

260 3280 562 3352 μονοῦντες
588 3281 840 3355 ἀλληλοις
877 3284 974 3339 καὶ
1026 3284 1403 3354 ἀντιλέγοντες
1458 3285 1833 3355 ἀνεφαίνοντο.

266 3370 411 3425 Ἀλλ’
440 3373 474 3441 ἡ
513 3371 664 3444 παρὰ
696 3372 798 3446 τῆς
831 3373 1043 3432 ἄνωθεν
1070 3374 1253 3441 δεξιᾶς
1286 3376 1381 3445 ita}.
1427 3374 1691 3446 δεδομένη
1742 3380 1836 3428 rat

247 3461 611 3544 διεξαγομένη
664 3461 916 3534 βασιλεία
964 3466 1121 3536 ἡμῶν
1180 3466 1284 3537 οὑχ
1344 3466 1631 3536 ὑπερεῖδεν
1691 3463 1836 3519 οὑτω

246 3556 343 3612 τὸν
372 3555 495 3611 νέον
517 3556 614 3611 τοῦ
663 3556 798 3612 Θεοῦ
845 3561 940 3613 καὶ
986 3559 1301 3631 περιούσιον
1345 3559 1565 3632 Ἰσραὴλ
1605 3558 1683 3632 τῷ
1734 3560 1835 3631 τῆς

245 3650 644 3722 Αἰγυπτιακῆς
705 3650 908 3716 κακίας
956 3651 1182 3723 ἄρχοντι
1231 3652 1663 3723 πολεμούμενον,
1712 3653 1836 3707 οὐδὲ

247 3743 353 3814 τὴν
383 3743 443 3811 ἐξ
474 3744 645 3798 ἐθνῶν
674 3744 1035 3817 μετῃρμένην
1086 3744 1543 3816 εὐκληματοῦσαν
1586 3744 1833 3815 ἀμπελον

247 3840 376 3902 ταῖς
408 3837 520 3891 τῶν
564 3837 880 3910 ἁπᾳδόντων
931 3838 1109 3909 λόγων
1166 3837 1609 3910 παρεισφθοραίς
1659 3839 1831 3908 χαλα-

248 3929 530 4006 ζουμένην
559 3924 674 3984 οἷον
704 3931 799 3986 καὶ
837 3929 1305 4002 συντριϐήσεσθαι
1356 3930 1689 3999 μέλλουσαν,
1756 3928 1831 3993 ὡς

246 4026 348 4080 καὶ
407 4023 488 4095 τῷ
535 4023 830 4098 φυτουργῷ
881 4024 1222 4098 θρηνηθῆναι
1274 4025 1361 4079 διὰ
1392 4026 1454 4080 τδ
1481 4025 1717 4090 ἀκαλλὲς
1771 4042 1830 4077 τε

244 4118 350 4173 καὶ
382 4116 659 4188 ἄκαρπον.
685 4114 803 4175 Κᾶν
830 4120 925 4171 καὶ
952 4117 1183 4189 μυρίαις
1215 4117 1369 4180 ὅσαις
1396 4120 1516 4181 ταῖς
1538 4115 1831 4179 άνθολκαῖς

243 4207 362 4266 τῶν
408 4206 697 4279 κοσμικῶν
749 4207 1062 4279 φροντίδων
1116 4208 1526 4279 διεμεμέριστο,
1580 4208 1828 4271 καὶτοῖς

244 4303 318 4356 ἐκ
339 4297 436 4355 τοῦ
465 4301 715 4373 καλάμου
749 4300 989 4371 θηρίοις,
1014 4300 1153 4355 ἀλλὰ
1181 4300 1245 4369 δὴ
1272 4303 1365 4353 καὶ
1394 4302 1506 4363 τοῖς
1546 4298 1830 4368 πελαγίοις

244 4395 478 4465 κήτεσιν
500 4393 827 4464 άντιμαχείν
873 4392 1219 4463 ἠναγκάζετο
1271 4394 1335 4446 ὲκ
1377 4392 1660 4462 θαλάσσης
1712 4391 1831 4463 άμα

243 4489 342 4542 καὶ
373 4488 476 4559 γῆς
504 4487 943 4559 προσεγχανοῦσι
980 4487 1121 4541 κατὰ
1153 4488 1377 4555 ταύτὸν,
1430 4486 1515 4557 ἐφ’
1548 4480 1591 4555 ᾧ
1624 4485 1684 4540 τὸ
1728 4485 1827 4556 τῆς

253 4580 548 4652 Ῥωμαίων
577 4580 752 4651 ἀρχῆς
797 4579 1295 4650 περικαλλέστατον
1346 4581 1505 4653 σῶμα
1530 4580 1830 4652 διασπαρά-

245 4673 470 4739 ξασθαιο
503 4674 653 4744 ὅμως
690 4671 760 4727 τά
786 4674 887 4744 μὲν
941 4674 999 4728 ὲν
1050 4673 1292 4745 δευτέρῳ
1347 4674 1577 4739 τίθεται,
1627 4674 1728 4745 τῆς
1769 4674 1825 4728 δὲ

241 4768 359 4821 τῶν
406 4767 711 4822 διεστώτων
750 4766 851 4838 τῆς
916 4767 1241 4838 Ἐκκλησίας
1294 4768 1479 4839 μερῶν
1522 4768 1623 4823 οὐκ
1668 4769 1822 4837 ὀλίγη

242 4861 461 4930 γίνεται
490 4862 712 4933 φροντὶς
736 4859 1151 4932 προσενὼσεως,
1197 4864 1290 4915 καὶ
1338 4864 1431 4916 τοῦ
1459 4863 1557 4933 τὴν
1600 4863 1817 4933 ὀρθόδο.

242 4956 336 5023 εον
381 4954 510 5026 περὶ
562 4953 655 5007 τοῦ
718 4954 1051 5024 ζητουμένου
1109 4954 1320 5009 ἔννοιαν
1372 4955 1821 5026 ἁνακαλυφθῆναι

1942 3279 2295 3351 dentiumque
2343 3288 2539 3335 status.
2606 3278 2712 3334 Sed
2762 3294 2791 3332 a
2843 3278 2953 3334 Deo
3004 3279 3127 3335 data
3209 3281 3523 3351 directaque

1942 3371 2199 3443 majrstas
2222 3382 2408 3427 nostra
2434 3385 2627 3428 novum
2656 3370 2747 3427 Dei
2772 3371 3069 3443 pretiosum
3096 3371 3347 3430 lsraelem
3376 3375 3521 3431 haud

1940 3465 2175 3534 neglexit
2203 3464 2271 3519 ab
2300 3462 2633 3537 Algyptiacae
2682 3464 2901 3521 malitia
2962 3465 3207 3537 principe
3257 3467 3338 3525 sic
3370 3470 3523 3526 dive-

1939 3564 2164 3620 xatum;
2230 3570 2403 3625 neque
2451 3556 2613 3612 vitem
2658 3571 2725 3611 ex
2784 3555 3017 3612 ethnicis
3073 3558 3389 3613 translatam
3466 3570 3523 3616 et

1932 3657 2045 3730 jam
2094 3647 2462 3715 frondentem,
2497 3648 2564 3704 ab
2596 3649 2953 3705 absurdarum
3009 3652 3378 3709 doctrinarum
3406 3668 3523 3711 coro

1939 3742 2192 3814 ruptelis,
2257 3740 2420 3797 veluti
2469 3741 2753 3815 grandine,
2814 3744 3091 3801 verberari
3152 3745 3522 3818 perfringique

1934 3835 2084 3902 sivit,
2116 3837 2187 3889 ita
2221 3844 2277 3891 ut
2300 3834 2520 3892 vinitori
2551 3834 2871 3894 deformitas
2916 3838 3032 3907 ejus
3066 3848 3229 3910 atque
3260 3842 3521 3899 sterilitas

1935 3928 2178 3985 deﬂenda
2221 3928 2380 3984 foret.
2447 3928 2510 3983 Et
2543 3944 2859 3999 quanquam
2911 3945 3010 3987 nos
3043 3931 3343 3987 innumeris
3371 3950 3524 3989 mun-

1935 4022 2203 4077 danarum
2257 4036 2511 4076 curarum
2576 4020 2832 4078 fluctibus
2891 4021 3131 4094 ferisque
3188 4022 3520 4094 palustribus

1936 4115 2255 4185 premimur,
2319 4114 2559 4183 itemque
2629 4114 2856 4170 marinis
2932 4116 3220 4172 monstris'
3263 4103 3522 4175 resistere

1932 4209 2202 4279 cogimur,
2256 4223 2377 4276 quae
2415 4209 2549 4263 mari
2600 4208 2765 4263 simul
2800 4217 3049 4277 terraque
3094 4208 3520 4283 inhiantutpul-

1938 4300 2269 4355 cherrimum
2324 4299 2550 4354 Romani
2584 4298 2794 4371 imperii
2824 4313 3020 4368 corpus
3068 4298 3396 4368 dilacercnt;
3428 4308 3515 4356 at-

1934 4402 2137 4460 tamen,
2186 4392 2270 4448 his
2299 4392 2640 4464 posthabitis.
2694 4393 2761 4446 ad
2806 4391 3182 4448 dissidentium
3248 4391 3507 4450 Ecclesia

1934 4483 2304 4541 membrorum
2344 4482 2706 4539 revocandam
2755 4484 3101 4538 concordiam
3121 4484 3215 4539 toti
3250 4468 3512 4541 incumbi-

1862 4559 1907 4617 θ
1940 4592 2098 4633 mus:
2127 4588 2181 4632 et
2212 4577 2276 4631 de
2292 4574 2596 4631 orthodoxo
2614 4574 2950 4632 controversi
2970 4574 3098 4632 dicti
3141 4577 3517 4647 patefacienda

1934 4687 2095 4728 sensu
2152 4672 2446 4727 maximam
2496 4669 2734 4741 gerimus
2800 4668 3243 4725 sollicitudinem.
3308 4671 3515 4743 Quippe
3618 4735 3621 4739 λ

1934 4769 2125 4824 harum
2150 4781 2330 4823 rerum
2355 4764 2701 4822 concordiam
2750 4764 2905 4819 valde
2973 4765 3292 4819 conﬁdimus
3313 4771 3513 4836 priuet-

1930 4863 2076 4932 pium
2116 4860 2229 4915 fore
2266 4862 2429 4916 etiam
2483 4858 2688 4931 pacifici
2739 4857 3126 4914 dominationis
3175 4870 3369 4915 nostra
3397 4871 3514 4916 sta-

1932 4967 2035 5012 tus.

244 5050 518 5121 μεγίστην
541 5050 624 5101 ὅτι
654 5046 895 5100 δείκνυσι
958 5046 1055 5116 τὴν
1106 5049 1451 5120 προμήθειαν
1494 5063 1509 5077 ⁵
1544 5043 1817 5118 εἶναιγὰρ
1857 5048 1954 5119 τὴν
1982 5053 2074 5105 ἐπὶ
2108 5048 2316 5111 τούτοις
2350 5048 2572 5119 εἰρήνην
2598 5043 2853 5115 ἀπαρχὴν
2916 5044 3010 5096 καὶ
3072 5043 3171 5113 τῆς
3219 5043 3309 5097 τοῦ
3368 5046 3507 5116 ἡμε-

238 5142 406 5213 τέρου
440 5140 679 5211 κράτους
727 5140 1011 5211 είρηναίας
1046 5137 1151 5212 [ὲν]
1206 5141 1379 5195 ἅπασι
1426 5142 1817 5205 καταστάσεως
1859 5142 1978 5214 μετ’
2009 5142 2333 5197 εὐελπίστου
2369 5141 2598 5213 γνώμης
2631 5140 2983 5193 πεπίστευκε.

312 5240 378 5287 ε’.
410 5230 707 5303 Τοιγάρτοι
737 5232 832 5286 καὶ
855 5231 947 5285 τὸν
978 5228 1284 5301 ἁγιώτατον
1309 5235 1402 5288 καὶ
1434 5234 1818 5305 οίκουμενικὸν

239 5325 616 5399 πατριάρχην,
654 5322 791 5393 μετά
822 5323 929 5378 τῶν
952 5324 1158 5396 ἑτέρων
1188 5327 1511 5396 ἁγιωτάτων
1542 5343 1818 5399 πατριαρ·

237 5421 375 5495 χῶν,
411 5417 509 5472 τοῦ
541 5433 601 5471 τε
631 5415 732 5487 τῆς
783 5417 1135 5482 Θεουπὸλεως
1180 5420 1428 5491 μεγάλης
1480 5419 1823 5489 Ἀντιοχείας·

240 5510 468 5571 καὶτοῦ
496 5509 598 5581 τῆς
630 5509 793 5577 ἁγίας
842 5510 984 5565 Σιὼν
1039 5513 1139 5581 τῆς
1183 5514 1391 5580 πόλεως
1438 5512 1819 5586 Ἰερουσαλὴμ,

241 5601 735 5675 συγκαλεσαμένη,
766 5600 863 5655 καὶ
891 5602 990 5673 τὴν
1030 5604 1373 5676 ἐνδημοῦσαν
1406 5606 1715 5677 τηνικαῦτα
1750 5607 1818 5677 τῇ

239 5696 481 5772 βασιλίδι
504 5692 615 5749 τῶν
654 5693 863 5749 πόλεων
888 5695 1041 5751 θείαν
1074 5700 1169 5752 καὶ
1198 5700 1353 5769 ίερὰν
1384 5699 1496 5752 τῶν
1544 5698 1638 5751 τοῦ
1684 5699 1819 5768 Χρι-

236 5789 369 5845 στοῦ
398 5783 708 5864 ἀρχιερέων
752 5785 993 5853 σύνοδον,
1029 5790 1435 5862 συναθροίσασά
1458 5808 1515 5844 τε
1554 5790 1657 5852 τάς
1682 5792 1818 5863 χρή-

236 5899 353 5947 σεις
375 5878 491 5935 τῶν
519 5877 619 5947 τὴν
650 5878 910 5952 τοιαύτην
942 5882 1369 5953 ἐξηγησαμένων
1400 5884 1599 5957 φωνὴν·
1619 5884 1815 5957 ,θεοφόο

576 5970 845 6036 ΡΔτιιοι..
894 5962 990 6035 uit
1044 5975 1375 6039 cxxxut.

1998 5237 2051 5292 5.
2074 5236 2396 5294 Convocatis
2418 5238 2584 5309 igitur
2610 5237 2954 5293 sanctissimo
2980 5244 3139 5301 atque
3168 5234 3505 5290 acumenico

1927 5330 2258 5401 patriarcha,
2291 5330 2520 5400 aliisque
2554 5330 2909 5386 sanctissimis
2940 5324 3283 5397 patriarchis,
3308 5339 3503 5393 nempe

1931 5424 2081 5479 urbis
2104 5424 2194 5479 Dei
2251 5438 2455 5495 magna
2483 5424 2801 5488 Antiochia,
2831 5432 2883 5476 et
2904 5428 3102 5475 sancta
3134 5416 3310 5471 Sionis
3352 5418 3502 5475 urbis

1928 5512 2262 5583 Jerusalem;
2318 5532 2417 5571 nec
2472 5532 2574 5571 non
2601 5532 2665 5570 ex
2698 5512 3051 5571 incolentibus
3082 5525 3177 5579 per
3215 5509 3266 5561 id
3291 5518 3501 5578 tempus

1926 5608 2130 5677 regiam
2167 5607 2505 5679 metropolim
2533 5605 2816 5677 episcOpis,
2844 5602 3021 5657 divina
3057 5609 3113 5656 et
3150 5614 3301 5653 sacra
3341 5598 3501 5653 Chri-

1925 5700 1993 5755 sti
2049 5699 2427 5770 episcoporum
2478 5700 2683 5770 synodo
2745 5703 3111 5766 congregata;
3150 5692 3501 5749 auctoritates

1925 5791 2247 5846 deiferorum
2292 5791 2531 5854 Patrum,
2590 5790 2678 5860 qui
2718 5789 2922 5843 dictum
2982 5786 3110 5842 illud
3158 5786 3492 5853 interpretati

1924 5883 2159 5949 fuerant,
2192 5882 2243 5937 in
2276 5880 2508 5936 medium
2540 5877 2763 5951 proferri
2792 5878 3115 5942 Curavimtw,
3143 5874 3490 5943 diligentique

3020 5970 3093 6027 ‘25

3021 6007 3051 6029 ι,
3064 6014 3070 6023 .
