4006 6284
548 381 658 451 ⁹Π9
1746 378 2149 449 MANUELIS
2185 383 2443 447 COMNE
2452 385 2530 447 Ἣ
3600 442 3607 449 .
3686 388 3781 453 780

546 493 812 554 scrutinio
838 492 1119 569 perpendi.
1172 494 1349 566 Atque
1388 490 1472 550 Ine
1502 490 1718 565 quidem
1749 495 1978 552 rationis
2008 495 2105 564 ign;

2238 514 2349 569 ρων
2378 496 2665 570 Πατέρων,
2697 497 2777 563 εἰς
2829 515 2998 573 μεσον
3032 496 3368 571 προτεθῆναι
3412 495 3782 572 ᾠκονομήσατο

545 591 868 666 exploratae,
914 589 1089 648 instar
1130 591 1249 646 auri
1280 588 1455 647 obrizi
1488 587 1839 662 deprehensae
1861 598 2009 654 sunt,
2029 589 2105 643 .ui

2237 590 2338 647 καὶ
2361 592 2481 662 μετ’
2504 592 2770 663 ἀκριϐοῦς
2803 592 3204 666 βασανισθῆναι
3234 590 3655 658 κατεξετάσεως.
3684 594 3783 648 Καὶ

549 685 733 759 hilque
768 684 1095 742 subaeratum
1140 682 1423 751 habentes,
1498 696 1658 739 secus
1738 696 1806 739 ac
1864 679 2105 737 nonnulli

2236 681 2369 753 γοῦν
2399 686 2459 738 αί
2504 685 2607 757 μὲν
2650 686 3067 758 δοκιμασθεῖσαι
3107 684 3187 757 τῷ
3215 683 3312 740 τοῦ
3353 683 3527 755 λόγου,
3566 667 3693 755 tropi.
3719 682 3786 746 ὡς

546 787 709 834 antea
735 776 1034 833 videbatur.
1061 774 1561 832 Contradiceutium
1595 784 1772 831 autem
1814 783 2105 845 argument:

2233 776 2468 851 ῦϐρυζον
2532 781 2760 852 χρυσίον
2836 778 3183 852 εὑρέθησαν,
3242 778 3409 849 μηδὲν
3503 776 3789 849 ὑπόχαλκον

546 870 970 941 dissidentiaque
1020 869 1165 925 dicta
1216 867 1446 924 refutata
1493 877 1655 943 sunt;
1715 866 1990 937 tunicaque
2013 881 2102 922 om

2232 870 2598 943 ἐφελκόμεναι
2646 870 2721 947 [ὑ]
2764 874 3036 944 πρότερόν
3084 888 3230 925 τισιν
3270 870 3551 941 ἐνομίζετο
3595 885 3610 901 ·
3662 871 3712 923 ai
3740 869 3791 925 δὶ

547 960 700 1018 Itium
745 959 914 1031 capiti
950 959 1177 1017 Christo
1222 973 1421 1029 corpus
1442 959 1693 1015 Ecclesia:
1716 957 1997 1014 schismati
2017 956 2105 1027 jan

2230 961 2343 1018 τῶν
2374 965 2538 1036 μέχρι
2562 968 2683 1021 τότε
2735 966 3131 1034 ἀντιλεγόντων
3178 963 3466 1027 ἐνστάσεις
3515 952 3609 1019 καί
3634 961 3793 1032 ἀσύμη

536 1054 839 1112 obnoxium
862 1062 984 1123 apte
1009 1067 1314 1108 connexum
1343 1060 1428 1107 est
1469 1059 1524 1107 et
1546 1051 2047 1118 accommodatum;
2074 1064 2105 1106 e

2230 1073 2402 1127 φωνοι
2447 1059 2626 1128 φωναὶ
2677 1058 3012 1123 διαλύονται,
3064 1062 3132 1131 τῇ
3182 1058 3240 1112 δὲ
3302 1063 3404 1131 μιᾷ
3449 1054 3653 1127 κεφαλῇ
3694 1054 3792 1108 τῶν

538 1144 634 1218 qui
699 1159 765 1200 ex
808 1144 1001 1201 eodem
1059 1142 1486 1216 regenerationis
1550 1142 1921 1214 adoptionisve
1968 1140 2105 1196 funtl

2229 1145 2451 1201 πάντων
2484 1148 2708 1220 Χριστῷ
2753 1148 2818 1204 es
2856 1150 3268 1221 διασπασθῆναι
3294 1150 3603 1205 κινδυνεῦον
3650 1147 3794 1218 σῶμα

540 1237 876 1307 prodierant,
909 1234 1145 1292 fraterna
1178 1236 1467 1292 concordia
1499 1234 1876 1307 sententiaque
1906 1236 2105 1292 coalue

2225 1239 2327 1309 τῆς
2368 1239 2693 1314 Ἑκκλησίας
2731 1240 3225 1311 συναρμολογετται
3250 1243 3347 1297 καὶ
3384 1242 3786 1313 συμϐισάζεται,

542 1341 690 1387 runt.
742 1329 877 1385 llinc
912 1330 1193 1385 deﬁnitum
1218 1329 1340 1399 fuit,
1389 1329 1849 1399 quemadmodum
1878 1328 1981 1385 hoc
2022 1330 2097 1383 Do

2226 1333 2324 1387 καὶ
2367 1333 2417 1387 oi
2457 1335 2523 1389 ὲκ
2563 1335 2664 1408 τῆς
2705 1337 2877 1408 αὑτῆς
2940 1332 3335 1407 κολυμϐήθρας
3392 1336 3792 1413 υίοθετηθὲντες

542 1427 672 1483 mini
699 1426 923 1490 dictum,
950 1425 1251 1482 secundum
1286 1433 1528 1479 veterum
1566 1438 1844 1480 sacrarum
1890 1426 2098 1497 synodo

2225 1427 2453 1500 ἀδελφοὶ
2498 1432 2913 1504 όμοφωνοῦντες
2961 1431 3064 1488 καὶ
3110 1434 3505 1507 ὁμογνώμονες
3547 1438 3791 1507 γίνονται.

540 1538 661 1579 rum
735 1519 1143 1592 religiosissima
1220 1517 1444 1589 placita,
1527 1516 1933 1583 intelligendum
2027 1517 2105 1577 sit.

2236 1521 2526 1580 Ἐντεῦθεν
2557 1525 2657 1581 καὶ
2682 1528 3074 1599 ὀρογραφετται
3112 1525 3179 1579 τὰ
3230 1531 3359 1601 περὶ
3399 1531 3501 1602 τῆς
3555 1532 3791 1601 τοιαύτης

543 1617 829 1673 Decretum
879 1613 1079 1685 quippe
1101 1611 1222 1680 fuit,
1280 1610 1564 1667 utdictum
1614 1610 1717 1668 hoc
1740 1619 1795 1667 et
1818 1611 2105 1668 secundum

2222 1611 2317 1667 τοῦ
2348 1616 2556 1687 Κυρίου
2590 1618 2799 1691 φωνῆς,
2821 1620 2972 1681 ὅπως
3001 1608 3320 1685 ἀκολούθως
3352 1621 3515 1696 [τοῖς]
3546 1624 3792 1679 ἀνέκαθεν

539 1711 783 1766 diversas
811 1705 951 1762 alias
978 1704 1371 1776 intelligeretur
1417 1718 1481 1758 ac
1502 1703 1893 1775 pradicaretur
1918 1717 1949 1758 a
1981 1717 2105 1758 san-

2222 1706 2337 1763 τῶν
2377 1708 2542 1782 ίερῶν
2600 1712 2839 1766 συνόδων
2883 1712 3241 1779 ιὺσεδάστοις
3284 1715 3556 1787 δόγμασιν
3603 1717 3791 1787 ὀφείλει

536 1804 642 1861 etis
704 1799 964 1857 Patribus
1028 1798 1201 1855 editas
1255 1797 1773 1867 interpretationes;
1835 1805 1890 1853 et
1956 1796 2099 1852 simu

2223 1802 2779 1874 παραλαμϐάνεσθαι.
2818 1806 3151 1879 Κεκύρωται
3192 1808 3302 1881 γὰρ
3336 1810 3486 1863 κατὰ
3504 1810 3601 1874 τὰς
3625 1811 3792 1883 διαφόο

531 1892 828 1951 secundum
853 1892 1016 1947 etiam
1046 1891 1334 1945 humanam
1359 1886 1585 1954 Christi,
1606 1898 1868 1954 creatam,
1886 1886 2105 1943 circumi

2231 1911 2361 1968 ρους
2384 1895 2484 1969 μὲν
2515 1897 2730 1969 ἐτέρας,
2760 1899 2915 1972 παρά
2940 1900 3051 1955 τῶν
3086 1902 3259 1971 ἁγίων
3288 1903 3558 1976 Πατέρων
3611 1905 3665 1959 δὲ
3708 1882 3791 1960 καὶ

534 1989 793 2060 scriptam
885 1983 1309 2058 passibilemque
1394 1990 1664 2048 naturam,
1734 1981 1788 2038 in
1815 1996 1919 2054 qua
1972 1981 2105 2036 idem

2223 1986 2472 2052 δοθείσας
2501 1989 2811 2062 ἐξηγήσεις,
2844 1993 3082 2049 νοεῖσθαι
3113 1995 3343 2066 ταύτην
3375 1996 3479 2050 καὶ
3505 1996 3785 2068 λέγεσθαιυ

531 2081 787 2138 Christus
849 2091 1041 2151 passus
1083 2085 1188 2143 est,
1239 2084 1293 2131 et
1348 2077 1641 2131 secundum
1684 2075 1922 2146 reliquas
1955 2075 2113 2146 hujus

532 2183 740 2230 natura;
774 2171 1169 2244 praprietates;
1226 2170 1308 2226 ita.
1352 2177 1410 2224 ut
1457 2167 1583 2223 hinc
1637 2175 1695 2223 et
1747 2181 1868 2223 vera
1899 2165 2112 2223 Domini

533 2267 866 2333 humanitas,
890 2264 943 2320 id
975 2272 1056 2320 est
1085 2261 1411 2330 inearnatio,
1442 2260 1587 2318 salva
1609 2261 1702 2328 sit,
1719 2269 1775 2316 et
1790 2256 2114 2315 naturarum

522 2362 585 2416 in
648 2359 804 2416 unica
828 2371 1064 2431 persona
1125 2353 1406 2411 distinctio
1438 2366 1562 2409 cum
1592 2349 1950 2422 itnpermistis
1977 2364 2110 2421 pro-

532 2454 854 2526 prietatibus
903 2454 1226 2509 retineatur.
1258 2448 1317 2505 la
1352 2448 1457 2512 isto
1482 2454 1662 2505 autem
1702 2444 2115 2514 religiosissimo

528 2563 678 2609 temo
700 2559 885 2608 nostra
915 2561 1133 2621 quoque
1173 2543 1427 2615 maiestas
1452 2558 1619 2600 manu
1659 2540 1876 2614 propria
1908 2554 2115 2613 purpu-

527 2649 637 2708 reis
663 2648 860 2717 litteris
887 2643 1198 2719 scripsitad
1224 2641 1450 2701 verbum
1475 2640 1555 2696 sic
1600 2657 1616 2696 :

2219 2080 2281 2134 οὑ
2321 2081 2429 2152 μὴν
2456 2080 2514 2135 δὲ
2570 2081 2708 2136 άλλά
2737 2084 2829 2138 καὶ
2861 2084 2985 2139 κατ’
3023 2085 3199 2157 αὑτὴν»
3239 2088 3297 2141 ἐν
3341 2087 3422 2161 τῷ
3467 2089 3687 2162 Χριστῷ
3709 2090 3789 2145 ἀν-

2220 2172 2504 2247 θρωπίνην
2526 2176 2755 2249 κτιστὴν
2788 2176 2885 2232 καὶ
2934 2183 3323 2252 περιγραπτὴν
3352 2180 3543 2253 φύσιν,
3576 2183 3693 2239 καθ’
3730 2183 3789 2255 ἦν

2219 2264 2249 2316 ό
2275 2263 2441 2329 αὑτὸς
2479 2265 2714 2339 Χριστὸς
2746 2267 2986 2340 πάσχειν
3038 2272 3164 2325 τότε
3204 2275 3522 2342 πεφυκυῖαν
3570 2278 3665 2329 καὶ
3703 2276 3788 2329 πέ-

2222 2355 2409 2422 πονθε,
2438 2357 2536 2410 καὶ
2579 2359 2679 2423 τὰς
2704 2358 2898 2424 λοιπὰς
2925 2361 3025 2433 τῆς
3056 2365 3317 2438 τοιαύτης
3346 2365 3570 2435 φύσεως
3606 2367 3788 2442 ἰδιότη-

2220 2465 2322 2514 τας
2354 2466 2370 2482 ο
2402 2449 2478 2513 ὡς
2501 2450 2759 2506 ἐντεῦθεν
2791 2454 2890 2508 καὶ
2916 2454 3017 2525 τὴν
3052 2456 3233 2534 άληθῆ
3275 2457 3372 2513 τοῦ
3409 2458 3618 2533 Κυρίου
3649 2463 3790 2517 ἔναν-

2220 2538 2507 2614 θρὼπησιν
2535 2541 2711 2596 είτουν
2770 2544 3049 2617 σάρκωσιν
3108 2546 3402 2615 σώζεσθαι,
3451 2550 3552 2603 καὶ
3598 2547 3661 2604 τὺ
3694 2548 3791 2604 τῶν

2219 2635 2440 2706 φύσεων
2465 2634 2710 2706 ἄφυρτον
2738 2637 2799 2693 ὲν
2819 2640 2888 2711 τῇ
2914 2638 3011 2693 τοῦ
3062 2639 3305 2711 Χριστοῦ
3352 2643 3456 2715 μιᾷ
3503 2642 3789 2697 ὑποστάσει

526 2740 909 2816 campanam
938 2736 1278 2810 ἀσυγχύτους
1314 2733 1419 2801 τὰς
1461 2731 1753 2805 ίδιότητας.
1796 2729 1889 2785 Ἐν
1914 2726 1973 2782 δὲ
2011 2727 2091 2801 τῷ
2126 2729 2356 2799 τοιούτῳ
2388 2726 2784 2802 εὑσεὸογράφῳ
2849 2731 3005 2803 τόμῳ
3050 2733 3151 2787 καὶ
3222 2733 3262 2805 ἠ
3312 2731 3572 2805 βασιλεία
3648 2734 3793 2807 ἡμῶν

523 2839 933 2913 οίκιιογράφοις
980 2833 1233 2907 ὲρυθροῖς
1309 2828 1706 2902 ὑπεσημήνατο
1739 2827 2089 2900 γράμμασιν,
2127 2821 2271 2878 οὕτω
2296 2821 2435 2896 πρὸς
2467 2821 2600 2889 ἔπος
2627 2822 3079 2897 διαλαμϐάνουσα
3109 2841 3128 2861 ⁶

596 2938 684 2995 ϐ.ι
725 2936 936 3006 Sequor
953 2926 1250 2988 sententias
1278 2922 1743 2983 sanctissimon
1771 2920 2105 2994 patriarcha-

2272 2913 2361 3006 ς’.
2393 2935 2415 2971 ι
2450 2918 2663 2991 Στοιχῶ
2697 2922 2819 2986 ταῖς
2847 2915 3099 2992 γνώμαις
3149 2921 3261 2977 τῶν
3307 2921 3487 2991 ἁγίων
3537 2931 3795 2997 πατριαρ⁴

526 3050 645 3093 rum
680 3005 960 3099 sacraeque
987 3034 1042 3083 et
1080 3021 1275 3079 divinas
1302 3019 1517 3092 synodi,
1566 3018 1763 3089 aioque
1798 3018 1973 3089 ipsam
2002 3016 2105 3073 Do-

2211 3005 2323 3077 χῶν
2347 3006 2449 3099 καὶ,
2464 3008 2565 3080 τῆς
2617 3008 2775 3075 θείας
2822 3011 2917 3064 καὶ
2973 3011 3129 3083 ἱερᾶς
3177 3013 3434 3077 συνόδου,
3490 3016 3589 3070 καὶ
3665 3016 3794 3087 λέγω

529 3126 660 3183 mini
711 3098 960 3186 carnem,
994 3116 1045 3175 vi
1087 3110 1482 3183 coniunctionis
1516 3108 1810 3166 exaltatam
1836 3119 2105 3178 supraque

2209 3099 2295 3154 ὅτι
2326 3098 2466 3172 σὰρξ
2500 3101 2595 3156 τοῦ
2645 3103 2856 3176 Κυρίου
2906 3100 2969 3170 ἐξ
3000 3103 3170 3181 αὐτῆς
3216 3104 3467 3172 ὲνώσεως
3498 3107 3785 3183 ὑπερυψω-

520 3231 742 3277 omnem
792 3215 1055 3279 honorem
1116 3206 1432 3264 collocatam
1488 3202 1587 3270 (ita
1640 3210 1699 3260 ut
1750 3199 1858 3257 hoc
1902 3197 2105 3255 eximio

2211 3190 2370 3247 θεῖσα
2397 3194 2493 3249 καὶ
2523 3194 2786 3251 ἀνωτάτω
2827 3197 3012 3270 πάσης
3056 3198 3227 3270 τιμῆς
3279 3198 3689 3274 ὑπερκειμένη,
3725 3201 3791 3265 ὡς

526 3325 669 3369 neau
719 3305 969 3365 deiﬁvata
1032 3301 1125 3372 sit)
1192 3294 1625 3363 immutabiliter,
1690 3291 2105 3357 invariabititer,

2210 3282 2271 3350 ἐξ
2297 3284 2476 3357 ἄκρας
2498 3284 2747 3351 ινὼσεως
2775 3285 3051 3361 [όμόθεος]
3079 3287 3371 3362 γενομένη.
3392 3280 3798 3360 ἀναλλοιὼτως,

525 3394 1359 3467 ineoal‘use,inconvertibiliter,
1390 3390 1740 3462 hypostaticze
1766 3386 2109 3459 conjunctio-

528 3501 615 3559 nis
642 3497 846 3572 gratia,
877 3488 1298 3563 inseparabilem
1357 3484 1851 3554 indivisibilemque
1879 3495 2109 3537 manen-

528 3607 661 3661 tem,
717 3590 879 3649 simul
901 3602 1028 3645 cum
1074 3591 1387 3652 assumente
1407 3580 1582 3652 ipsam
1618 3577 1726 3635 Deo
1757 3574 1955 3642 Verbo,
1990 3573 2108 3645 pari

516 3690 736 3745 honore
765 3683 873 3740 coll
899 3690 953 3739 et
980 3676 1222 3744 adorari,
1274 3674 1433 3729 unica
1467 3670 1809 3734 adoratione,
1847 3669 2106 3739 regioque

514 3791 585 3838 et
636 3778 821 3835 divino
873 3775 927 3831 in
975 3772 1114 3830 solio
1161 3770 1228 3827 ad
1286 3764 1464 3823 Patris
1514 3762 1795 3819 dexteram
1834 3760 2104 3827 residere;

519 3882 717 3947 utpote
750 3848 871 3941 quas
931 3864 1194 3938 gloriosas
1246 3856 1545 3916 divinitatis
1589 3853 1756 3947 dotes
1778 3852 2107 3947 adeptaest,

524 3943 694 4022 salvis
722 3972 1030 4015 naturarum
1065 3950 1533 4027 proprietatibus.»
1551 3948 1727 4017 Atque
1745 3945 1819 4002 ita
1848 3943 2107 4000 Dominus

518 4057 684 4114 Iesus
736 4050 1192 4117 Christus,~etiam
1216 4054 1340 4119 post
1361 4041 1809 4106 incarnationem,
1865 4038 1931 4109 de
1966 4036 2108 4093 indi-

507 4140 727 4205 ivisibili
782 4143 1047 4199 Trinitate
1075 4154 1235 4205 unus,
1292 4151 1413 4193 cum
1445 4149 1543 4191 sua
1579 4144 1760 4189 autem
1788 4127 2105 4187 indivisibili

528 4256 635 4296 una
684 4248 913 4309 persona
942 4232 1159 4303 duplex,
1215 4240 1271 4286 et
1298 4247 1362 4286 ex
1398 4225 1694 4285 inconfusis
1728 4224 1935 4282 naturis
1957 4238 2106 4279 com-

526 4331 757 4401 positus,
793 4324 1087 4382 Ecclesiam
1111 4322 1382 4378 discordia
1408 4318 1571 4375 dividi
1599 4326 1654 4373 et
1673 4315 2104 4373 contradictione

528 4424 695 4496 mergi
728 4419 1147 4493 periclitantem,
1174 4416 1240 4470 ad
1271 4415 1530 4469 unitatem
1557 4411 1710 4468 duxit
1731 4425 1827 4467 seu
1852 4411 2101 4478 reduxit;

521 4529 579 4578 et
634 4530 889 4588 tanquam
922 4512 1014 4569 Dei
1061 4512 1450 4581 hominumque
1473 4506 1761 4576 mediator,
1791 4514 2017 4564 cunctos
2046 4505 2099 4559 in

504 4628 585 4669 se
613 4612 727 4683 ipso
752 4604 1140 4665 reconciliavit.

576 4882 651 4939 “l.
696 4879 961 4949 Quoniam
1014 4891 1143 4932 vero
1190 4873 1407 4929 malitiae
1444 4882 1596 4943 pater
1657 4869 1712 4925 in
1754 4866 2104 4924 clandestinis

527 4974 735 5031 insidiis
779 4969 1045 5033 residens,
1066 4976 1229 5035 atque
1259 4980 1286 5018 a
1314 4966 1569 5020 tentando
1602 4961 1880 5017 hominum
1904 4973 2103 5031 genere

526 5081 803 5137 nunquam
846 5063 1140 5124 desistens,
1180 5068 1436 5115 consueta
1469 5056 1803 5128 impudentia
1827 5070 1922 5111 sua
1962 5068 2103 5109 nunc

526 5164 689 5217 etiam
726 5160 984 5228 impetum
1015 5154 1162 5219 fecit,
1195 5163 1249 5209 ct
1268 5154 1418 5223 juxta
1452 5150 1566 5207 vias
1598 5149 1852 5207 scandala
1884 5147 2098 5220 posuit;

522 5257 702 5311 denuo
744 5254 789 5309 is
831 5250 925 5322 qui
983 5248 1237 5305 Ecclesiae
1260 5256 1459 5302 terram
1513 5244 1693 5301 stabili
1745 5242 2103 5298 fundamento

523 5348 897 5410 constituerat,
929 5344 992 5397 ad
1028 5343 1166 5397 hanc
1192 5357 1225 5396 e
1255 5340 1396 5397 ccelo
1437 5339 1671 5409 respexit
1702 5356 1717 5393 ι
1756 5343 1812 5393 et
1841 5334 2100 5410 synodica

524 5440 751 5513 qumstio
797 5439 862 5493 de
921 5437 1244 5508 supradictis
1281 5435 1618 5505 dogmatibus
1652 5433 1952 5487 instaurata
1978 5439 2097 5486 est:

526 5544 832 5598 novumque
890 5529 1148 5601 scriptum
1196 5528 1265 5583 ab
1303 5528 1380 5583 iis
1411 5526 1502 5598 qui
1532 5525 1766 5595 suspecti
1792 5533 1967 5592 erant,
1990 5525 2103 5580 edit—

528 5637 639 5681 tum
697 5623 823 5691 iuit;
860 5633 1141 5691 propterea
1196 5619 1337 5692 quod
1363 5618 1686 5690 iuberentur
1730 5616 1800 5673 de
1834 5632 1931 5674 sua
1967 5631 2100 5673 con-

528 5718 753 5774 scientia
800 5716 1097 5772 Ecclcsiam
1163 5715 1449 5772 certiorem
1506 5711 1687 5769 facere
1718 5713 1843 5770 :cui
1897 5710 2101 5780 scripto

526 5812 719 5881 singuli
792 5825 952 5864 manu
998 5811 1209 5881 propria
1266 5808 1724 5879 subscripserunt,
1768 5806 2099 5862 anathemati

523 5903 871 5971 subiit-iantes
926 5917 1021 5954 eos
1044 5902 1133 5969 qui
1193 5900 1463 5955 contraria
1503 5900 1768 5955 sentirent
1809 5898 2101 5970 propositis

523 5999 627 6059 iam
675 6012 702 6049 a
736 5994 1017 6063 mujcSlztte
1066 6005 1246 6049 nostra
1301 5996 1604 6063 sententiis,
1644 6010 1743 6053 nec
1769 5989 1878 6050 non
1904 6012 1933 6050 a
1966 6010 2099 6053 sau-

2210 3377 2631 3452 ἀμεταϐλήτως,
2673 3383 3002 3456 ἀσυγχύτως
3047 3386 3144 3441 καὶ
3182 3384 3498 3458 ἀτρέπτως,
3562 3390 3651 3445 διὰ
3703 3388 3786 3459 τὴν

2209 3469 2334 3527 καθ’
2360 3472 2659 3529 ὑπόστασιν
2684 3474 2908 3539 ἕνωσιν,
2928 3478 3026 3531 καὶ
3050 3478 3356 3551 ἁχώριστος
3402 3482 3504 3537 καὶ⁵
3534 3483 3786 3538 ἀδιάσπα-

2210 3581 2335 3629 στος
2384 3566 2627 3639 μινουσα
2658 3569 2738 3643 τῷ
2786 3573 3220 3648 προσλαϐομένῳ
3262 3575 3441 3649 αὐτὴν
3470 3578 3603 3651 θείῳ
3634 3579 3777 3649 λόγῳ,

2208 3657 2469 3725 ίσοκλεῶς
2494 3661 2645 3734 αὑτῷ
2678 3665 2909 3736 τιμᾶται
2935 3666 3030 3719 καὶ
3059 3671 3455 3739 προσκυνεῖται
3486 3673 3590 3747 μιᾷ
3630 3688 3783 3742 προο-

2206 3752 2457 3824 κυνήσει,
2493 3755 2590 3809 καὶ
2628 3757 2741 3821 τοῖς
2790 3757 3095 3830 βασιλικοῖς
3125 3762 3220 3816 καὶ
3250 3762 3419 3829 θείοις
3465 3765 3778 3838 ἐγκαθίδρυ-

2205 3864 2298 3903 ται
2332 3846 2533 3915 θώκοις
2560 3849 2624 3905 ἐκ
2648 3850 2843 3920 δεξιῶν
2872 3854 2969 3908 τοῦ
3012 3857 3226 3930 ιΙατρδς
3254 3857 3329 3922 ὡς
3365 3858 3437 3915 τὰ
3470 3861 3570 3935 τῆς
3603 3861 3779 3930 6561.1.-

2204 3955 2298 4005 τος
2364 3938 2661 4012 αὐχήματα
2723 3944 3255 4021 καταπλουτήσασα,
3311 3946 3642 4020 σωζομένων
3683 3947 3778 4002 nisi

2209 4033 2489 4104 ίδιοτήτων
2510 4034 2621 4090 τῶν
2647 4035 2888 4107 φύσεων.
2920 4059 2941 4092 ι
2982 4039 3094 4095 Καὶ
3122 4038 3346 4116 [οὕτως]
3374 4040 3405 4094 ό
3430 4043 3534 4115 τῆς
3558 4041 3776 4113 ἀδιαιρέ-

2204 4148 2298 4185 του
2325 4132 2555 4203 Τριάδος
2584 4135 2681 4187 καὶ
2704 4133 2847 4206 μετά
2871 4135 2972 4208 τὴν
2998 4137 3279 4209 σάρκωσιν
3307 4131 3389 4202 είς
3418 4138 3629 4211 Κύριος
3685 4139 3773 4207 ’1η-

2205 4221 2334 4287 σοῦς
2360 4223 2617 4297 Χριστὸς,
2649 4225 2708 4279 ὲν
2735 4229 2801 4300 τῇ
2833 4226 3129 4301 ἀδιαιρέτῳ
3156 4228 3322 4285 αὐτοῦ
3353 4233 3456 4305 μιᾷ
3489 4233 3772 4286 ὑποστάσει

2202 4315 2426 4382 διπλοῦς
2455 4335 2515 4372 τε
2547 4317 2642 4373 καὶ
2670 4319 2931 4387 σύνθετος
2961 4321 3022 4376 ἐν
3052 4321 3383 4394 άσυγχύτοις
3413 4326 3540 4390 ταῖς
3568 4324 3768 4395 φύσεσι,

2202 4410 2303 4484 τὴν
2340 4410 2401 4480 ἐξ
2428 4413 2802 4485 ἀσυμφωνίας
2846 4416 3193 4490 διαιρεθῆναι
3233 4418 3330 4472 καὶ
3370 4418 3450 4491 τῷ
3490 4420 3595 4490 τῆς
3635 4420 3771 4473 ἀντι-

2202 4503 2392 4575 λογίας
2427 4508 2579 4561 ὑδατι
2608 4509 3081 4579 καταῆυθισθῆναι
3107 4511 3531 4569 κινδυνεύουσαν
3559 4513 3772 4583 Ἐκκλη-

2206 4597 2329 4650 σίαν
2363 4598 2446 4662 είς
2494 4599 2552 4652 ἒν
2586 4601 2867 4672 συνήγαγε
2913 4601 3007 4657 καὶ
3055 4604 3301 4675 ἀνήγαγε
3334 4620 3349 4635 ·
3386 4604 3483 4659 καὶ
3528 4604 3603 4669 ὡς
3646 4602 3769 4658 Θεοῦ

2134 4679 2179 4735 D
2210 4691 2301 4741 xui.
2325 4689 2630 4761 ἀνθρώπων
2664 4692 2894 4764 μεσίτης
2922 4695 3020 4748 καὶ
3053 4693 3148 4749 νῦν
3182 4697 3240 4748 ἐν
3276 4697 3455 4769 ἑαυτῴ
3487 4697 3614 4761 τοὺς
3644 4696 3769 4751 πάν·

2204 4799 2303 4847 τας
2334 4783 2692 4854 κατήλλαξεν.

2275 4873 2339 4941 ξ’.
2381 4876 2535 4930 Ἐπεὶ
2580 4878 2637 4931 δὲ
2692 4880 2721 4930 ό
2761 4879 2857 4950 τῆς
2894 4880 3094 4945 κακίας
3149 4882 3331 4954 πατὴρ
3374 4884 3433 4939 ἐν
3478 4882 3767 4956 ἀποκρύφῳ

2201 4969 2302 5039 τῆς
2338 4968 2561 5040 ἐνέδρας
2596 4971 2928 5043 καθήμενος,
2958 4976 3049 5027 καὶ
3072 4974 3167 5029 τοῦ
3198 4975 3307 5031 τῶν
3341 4976 3646 5048 ἀνθρώπιον
3695 4973 3765 5042 τῷ

2203 5061 2350 5130 γένει
2380 5060 2757 5116 ἐπιϐουλεύειν
2784 5064 2887 5117 οὐκ
2911 5066 3275 5137 ἀπεχόμενος,
3311 5070 3450 5135 μετὰ
3480 5069 3577 5137 τῆς
3610 5066 3762 5136 συνή-

2204 5153 2329 5216 θους
2361 5155 2457 5207 καὶ
2504 5152 2664 5218 αὖθις
2704 5155 2986 5220 ἀναιδείας
3044 5158 3354 5228 προσέϐαλε
3396 5160 3492 5215 καὶ
3542 5158 3761 5230 ἐχόμενα

2200 5246 2406 5318 τρίόων
2448 5246 2603 5301 ἔθετο
2640 5249 2939 5317 σκάνδαλα,
2988 5253 3151 5306 πάλιν
3179 5254 3207 5306 ό
3239 5254 3512 5326 θεμελιῶν
3547 5253 3646 5325 τὴν
3666 5251 3758 5321 τῆς

2214 5338 2541 5411 Ἐκκλησίας
2564 5342 2668 5413 γῆν
2695 5343 2786 5396 ἐπὶ
2816 5342 2918 5415 τὴν
2949 5344 3255 5416 ἀσφάλειαν
3284 5347 3455 5419 αὑτῆς
3508 5348 3568 5413 ἐξ
3605 5346 3757 5416 οὑραο

2202 5430 2293 5486 νοῦ
2347 5434 2484 5505 πρὸς
2530 5433 2739 5506 ταύτην
2788 5436 3061 5510 ὲπέϐλεψε
3102 5455 3117 5471 ·
3153 5438 3250 5493 καὶ
3303 5439 3559 5512 συνοδικὴ
3608 5437 3753 5491 πάλιν

2202 5530 2293 5585 ἐπὶ
2326 5534 2438 5596 τοῖς
2467 5530 2781 5604 λεγομένοις
2808 5534 3019 5605 γίνεται
3053 5536 3435 5604 κατεξέτασις,
3461 5540 3554 5593 καὶ
3585 5535 3751 5607 γράμ-

2203 5639 2353 5694 ματα
2395 5624 2562 5679 πάλιν
2606 5626 2886 5682 ἐκτίθεται
2935 5629 3092 5700 παρὰ
3139 5630 3249 5686 τῶν
3273 5633 3333 5686 ὲν
3374 5630 3581 5703 ὑποψίᾳ
3614 5622 3749 5702 [μὲν]

2201 5720 2525 5791 ῙεΥονότων,
2550 5721 2971 5801 πληροφορῆσαι
3001 5726 3058 5781 δὲ
3090 5727 3189 5796 τὴν
3233 5726 3561 5799 Ἐκκλησίαν
3597 5727 3749 5778 ἀπαι-

2201 5815 2476 5884 τηθέντων
2504 5816 2631 5893 περὶ
2660 5816 2759 5887 τῆς
2798 5818 3007 5873 ἑαυτῶν
3040 5821 3404 5893 συνειδήσεως
3437 5836 3453 5854 ο
3493 5821 3551 5875 ιν
3662 5814 3748 5871 καὶ

2202 5906 2430 5972 ἕκαστος
2482 5906 2732 5984 [τούτων]
2767 5914 3142 5987 οἰκειοχείρως
3188 5916 3530 5990 ὑπέγραψεν,
3570 5910 3745 5969 mo:-

2206 6008 2339 6073 ματι
2363 6002 2795 6061 καθυποϐάλλων
2826 6009 2951 6073 τοὺς
2987 6010 3207 6064 ἐναντία
3236 6013 3605 6084 φρονήσαντας
3632 6004 3735 6062 ταῖς
