4006 6284
525 403 631 470 783

1680 402 2085 469 MANUELIS
2122 401 2467 465 COMNEN‘i

3643 402 3741 476 γει

2062 521 2250 584 XVII.

1224 678 1397 721 AUBM
1418 678 1593 721 BULLA
1624 674 1955 718 CONPIBMS
1982 675 2081 716 (ἒοΠ

2185 672 2396 715 manu
2433 670 2535 713 cuu
2555 670 2907 713 assumemus
2935 653 3073 728 (50).

591 775 1035 850 Quandoquidem
1098 774 1600 831 uenerabilissimus
1638 771 2099 846 Arcbiepiscopus
2128 782 2174 836 Α
2203 769 2394 825 debent
2424 770 2546 824 illas
2575 770 2877 842 defendere
2904 783 2952 827 et
2987 770 3259 829 custodire
3297 771 3368 827 ad
3391 771 3629 829 honorem
3659 780 3745 831 tto-

529 873 765 929 civitatis
787 870 959 928 Janue
987 876 1041 924 et
1067 869 1456 940 sapientissimi
1483 868 1753 925 Consules
1781 878 1835 925 et
1866 868 2095 925 univer-

520 980 643 1022 sum
697 964 1000 1021 Commune
1070 963 1314 1033 ejusdem
1389 962 1627 1019 civitatis
1687 963 1967 1018 mittentes
2024 959 2095 1016 ad

518 1059 809 1130 imperium
843 1069 1020 1110 meum
1056 1053 1357 1123 sapientem
1402 1052 1662 1108 nuncium
1706 1062 1895 1107 eorum
1944 1050 2095 1105 Ami-

513 1168 640 1209 cum
667 1151 737 1207 de
778 1147 953 1203 Morta
984 1146 1253 1202 dederunt
1293 1147 1342 1200 ei
1384 1152 1704 1217 potestatem
1755 1153 1995 1201 tractare
2039 1153 2096 1199 et

514 1250 845 1301 conventam
869 1244 995 1294 cum
1022 1238 1254 1308 Imperio
1290 1248 1411 1293 meo
1442 1237 1511 1293 de
1542 1239 1740 1309 quibus
1774 1238 2042 1294 voluerint
2069 1256 2087 1293 :

506 1333 611 1395 :ille
636 1340 816 1388 autem
845 1333 910 1386 ad
944 1331 1240 1401 Imperium
1277 1346 1451 1387 meum
1482 1332 1801 1401 perveniens
1828 1341 1883 1386 et
1910 1330 1976 1385 de
2005 1329 2092 1386 his

506 1428 757 1500 aegociis
794 1422 1127 1482 sumcieuter
1166 1432 1407 1481 tractans
1468 1424 1607 1480 lianc
1659 1425 2087 1480 convencionem

517 1520 606 1574 hic
634 1529 912 1574 ostensam
944 1517 1092 1581 fecit,
1118 1527 1169 1570 et
1194 1526 1537 1572 sacramento
1564 1532 1683 1571 eam
1716 1517 2085 1582 conﬁrmavit,

515 1626 620 1683 que
644 1621 694 1665 et
722 1611 860 1665 sicut
897 1612 1162 1664 habentur
1189 1610 1255 1664 de
1285 1610 1452 1663 verbo
1484 1610 1535 1665 in
1573 1611 1791 1664 verbum
1818 1621 1837 1663 ξ

585 1704 651 1763 In
678 1704 884 1759 nomine
913 1702 1092 1757 Patris
1113 1712 1161 1757 et
1186 1701 1315 1758 Filii
1344 1713 1394 1757 et
1422 1702 1657 1773 Spiritus
1686 1701 1872 1757 Sancti
1899 1718 2075 1758 amen.

506 1799 619 1868 Ego
673 1798 891 1851 Amicus
940 1796 1006 1850 de
1064 1794 1270 1863 Μανία,
1321 1795 1449 1851 civis
1490 1794 1689 1862 Junue,
1748 1795 1957 1867 legatus
2018 1796 2084 1850 ab

511 1890 917 1962 Archiepiscopo
951 1889 1177 1944 civitatis
1206 1886 1382 1943 Janue
1414 1899 1461 1942 et
1506 1906 1540 1942 a
1579 1886 1894 1944 Consulibus
1924 1896 1976 1943 et
2016 1888 2084 1943 ab

511 1985 655 2038 anniti
691 1982 971 2039 Communi
997 1984 1227 2037 civitatis
1256 1980 1457 2047 Janue,
1486 1981 1747 2052 accipiens
1770 1989 2084 2050 potestatem

496 2087 556 2129 tet
590 2074 890 2146 injunctum
932 2078 997 2127 ab
1031 2076 1108 2129 eis
1141 2084 1219 2142 ut,
1250 2074 1501 2145 quicquid
1532 2074 1785 2145 juraoero
1814 2084 1862 2129 et
1893 2090 2083 2134 conue-

2200 864 2329 917 mini
2364 862 2707 933 Imperatoris
2734 872 2786 917 et
2824 864 3073 917 heredum
3116 864 3305 932 ipsius.
3334 860 3413 944 Si.
3435 878 3551 919 vero
3574 863 3751 938 aliquis

2194 949 2423 1021 alicujus
2455 952 2661 1005 inimici
2683 965 2747 1005 ea:
2777 962 2928 1020 parte
2961 944 3146 1022 aliqua
3167 951 3458 1021 aliquando
3484 958 3751 1023 peruenerit

2195 1043 2486 1100 Christiani
2531 1046 2611 1100 uel
2670 1044 2931 1102 Saraceni
2956 1046 3064 1101 sive
3109 1046 3303 1115 pagani
3347 1062 3521 1101 uersus
3564 1045 3752 1117 aliquas

2192 1146 2371 1209 partes
2403 1138 2749 1209 Imperatoris
2792 1156 2955 1210 usque
3002 1143 3069 1193 ad
3118 1155 3388 1194 numerum
3434 1151 3636 1194 centum
3666 1157 3755 1212 ga-

2193 1230 2398 1285 learum
2463 1231 2542 1285 uel
2609 1232 2768 1301 plus,
2842 1232 3075 1285 universi
3145 1231 3439 1287 Januenses
3498 1232 3583 1301 qui
3641 1242 3751 1287 tunc

2190 1325 2387 1379 inventi
2449 1325 2647 1394 fuerint
2709 1326 2765 1379 in
2811 1325 2964 1378 terris
3027 1322 3299 1390 Romanie,
3354 1325 3532 1380 debent
3573 1327 3753 1378 intrare

2189 1419 2243 1474 in
2271 1419 2467 1489 galeris
2508 1420 2708 1473 domini
2750 1419 3094 1487 Imperatoris
3138 1437 3258 1475 cum
3303 1420 3565 1475 consuetis
3597 1419 3752 1473 soldis

2190 1513 2338 1565 curie
2359 1511 2559 1566 domini
2583 1510 2927 1578 Imperatoris
2948 1529 3079 1583 quos
3102 1514 3369 1567 consuevit
3396 1515 3524 1567 dare
3546 1511 3750 1579 latinis,

2187 1613 2240 1658 et
2268 1602 2345 1657 ire
2377 1615 2568 1658 contra
2596 1604 2959 1670 supradictum
2988 1606 3181 1658 stolum
3211 1606 3329 1658 c'um
3378 1604 3569 1673 galeris
3640 1602 3754 1658 Gre-

2187 1712 2375 1751 corum
2411 1737 2427 1761 ,
2462 1705 2512 1752 et
2552 1714 2655 1751 non
2687 1707 3011 1751 reuertentur
3042 1737 3059 1761 ,
3089 1699 3254 1752 donec
3308 1698 3444 1752 illud
3488 1699 3750 1752 servitium

2186 1790 2511 1860 compleatur
2560 1801 2609 1844 et
2654 1789 2937 1847 Grecorum
2974 1790 3153 1860 galero
3212 1800 3544 1846 revertantur
3589 1792 3660 1845 rel
3706 1792 3753 1845 in

2188 1880 2706 1953 Constantinowlim
2734 1883 2810 1939 vel
2837 1885 2889 1937 in
2920 1884 3086 1937 aliam
3119 1895 3313 1937 terram
3346 1885 3549 1939 domini
3601 1883 3754 1951 Impe-

2187 1978 2409 2031 ratoris.
2452 1973 2806 2030 Veruntamen
2831 1976 3042 2046 quando
3088 1978 3307 2046 predicti
3357 1976 3756 2031 Jaunensesde-

2189 2073 2305 2122 bent
2342 2070 2557 2131 moveri,
2588 2068 2848 2123 habebunt
2876 2068 3145 2123 licentiam
3173 2069 3505 2139 relinquendi
3521 2071 3573 2123 in
3602 2080 3757 2126 casto.

498 2169 663 2221 stiero
691 2167 803 2221 vice
844 2166 1019 2221 Janue
1049 2182 1167 2221 cum
1194 2167 1530 2222 sanctissimo
1566 2181 1614 2222 et
1646 2168 2084 2223 eucelt'entissimo
2114 2135 2159 2191 Β
2189 2162 2282 2216 dia
2334 2164 2546 2216 navium
2601 2172 2647 2217 cl
2703 2178 2885 2215 rerum
2928 2175 3151 2217 tuarum
3201 2162 3439 2217 homines
3484 2159 3591 2215 ΧΧ
3639 2176 3755 2232 quos

510 2257 837 2326 Imperatore
860 2257 1088 2313 lienteon
1106 2255 1494 2329 Por/irogcnito
1513 2258 1738 2314 Domino
1766 2258 2088 2315 Hemanuele

512 2352 754 2417 Comino,
777 2351 990 2423 ﬁrmum
1017 2362 1063 2407 et
1102 2362 1281 2406 ratum
1307 2353 1408 2407 erit
1434 2356 1531 2407 hoc
1561 2354 1628 2407 ab
1654 2353 1730 2407 eis
1755 2368 1774 2406 :
1806 2354 1943 2408 hanc
1964 2370 2085 2423 pre-

512 2454 707 2499 sentem
764 2446 1164 2500 conuencionem
1221 2446 1361 2511 facio
1416 2454 1466 2500 et
1512 2446 1642 2516 juro
1694 2461 1759 2500 ea:
1816 2445 2087 2499 voluntate

508 2537 895 2607 Archiepiscopi
922 2547 969 2593 et
1011 2536 1298 2593 Consulum
1338 2547 1388 2594 et
1416 2538 1584 2593 tocius
1613 2535 1922 2592 Communis
1953 2536 2085 2591 cici-

502 2629 634 2684 tati‘s
656 2627 846 2685 Janue
874 2629 944 2685 ad
970 2631 1368 2687 sanctissimum
1397 2630 1681 2686 Dominum
1703 2628 2085 2699 Imperatorem

509 2722 955 2795 Porﬁrogenitum
1020 2724 1301 2780 Dominum
1346 2714 1739 2779 Ilemanuelem
1808 2722 2083 2778 Cominom

506 2825 559 2871 et
592 2815 661 2869 ad
696 2829 875 2869 omnes
918 2814 1130 2870 heredes
1164 2824 1216 2869 et
1270 2830 1600 2871 successores
1633 2813 1851 2885 Imperii
1891 2813 2006 2884 ejus
2035 2823 2084 2870 et

505 2904 821 2962 Romaniam
857 2906 989 2961 sicut
1021 2906 1431 2978 signiﬁcabitur.

583 2998 757 3066 Quum
788 2998 899 3070 (3i)
931 2999 997 3054 ab
1024 3000 1183 3055 hodie
1211 3008 1261 3053 et
1311 3000 1366 3053 in
1396 3007 1554 3053 antea
1598 3014 1760 3069 usque
1788 3000 1850 3055 in
1891 2998 2085 3069 sempio

513 3100 718 3147 ternum
759 3094 924 3147 donec
970 3094 1196 3147 mundus
1224 3094 1423 3147 steterit
1462 3108 1565 3147 non
1596 3105 1749 3149 erunt
1788 3090 2083 3149 Januenses

510 3197 693 3240 contra
721 3182 1013 3252 Imperium
1041 3184 1156 3255 ejus
1184 3183 1261 3240 uel
1290 3196 1475 3240 contra
1499 3187 1612 3254 ejus
1640 3188 1854 3241 heredes
1883 3195 1933 3241 et
1960 3201 2083 3240 suc-

508 3294 734 3334 cessores
784 3277 862 3332 rel
902 3288 1086 3332 contra
1135 3277 1455 3332 Romaniam
1487 3279 1565 3332 uel
1609 3288 1799 3333 contra
1845 3279 2080 3349 aliquam

509 3384 704 3426 terram
750 3370 914 3441 ipsius
961 3368 1201 3437 Imperii,
1237 3386 1396 3440 quam
1449 3385 1586 3423 nunc
1632 3369 1784 3425 habet
1818 3372 2079 3442 relquam

508 3468 566 3518 in
596 3473 752 3519 antea
783 3462 1005 3521 Domino
1050 3461 1339 3531 adjuvante
1390 3462 1730 3532 acquisierit,
1779 3478 1939 3533 neque
1988 3477 2081 3531 per

509 3557 789 3612 consilium
842 3571 1003 3625 neque
1052 3571 1144 3624 per
1189 3555 1468 3625 pecuniam
1517 3571 1678 3626 neque
1736 3570 1829 3624 per
1876 3554 2073 3610 stolam

506 3645 643 3696 idem
674 3642 787 3714 (52)
824 3658 917 3711 per
947 3642 1185 3697 naualem
1232 3645 1520 3697 exercitum
1558 3659 1721 3713 neque
1760 3643 1866 3698 ullo
1898 3644 2078 3714 aliquo

509 3737 707 3800 modo,
760 3750 923 3805 neque
973 3735 1268 3789 Januenses
1316 3734 1412 3788 hoc
1450 3733 1645 3804 facient
1687 3750 1849 3807 neque
1898 3736 2078 3805 aliqua

503 3828 890 3899 conjungentur
925 3827 1081 3899 justo
1113 3827 1187 3881 uel
1218 3825 1418 3894 iniusta
1450 3826 1724 3880 occasione
1771 3827 1930 3880 alicui
1978 3827 2078 3880 ho-

506 3921 636 3974 mini
683 3930 932 3975 coronato
981 3918 1057 3973 uel
1102 3934 1205 3973 non
1251 3927 1501 3973 coronato
1536 3956 1554 3984 ,
1604 3918 1693 3989 qui
1755 3920 1825 3975 sit
1867 3919 1945 3975 vel
1986 3921 2080 3992 qui

506 4014 626 4079 erit,
657 4014 946 4067 christiano
979 4013 1058 4067 vel
1101 4029 1331 4084 pagano,
1384 4013 1497 4067 viro
1536 4011 1618 4068 vel
1659 4011 1896 4067 mulieris
1939 4013 2077 4086 (35),

504 4107 595 4175 qui
633 4106 769 4159 mori
805 4104 885 4159 uel
913 4105 1079 4159 viuere
1126 4104 1288 4174 possit
1324 4118 1345 4159 :
1382 4104 1522 4159 sicut
1550 4106 1614 4158 de
1644 4103 1878 4175 capitulo
1921 4119 2080 4159 coro.

505 4198 620 4253 uati
653 4205 939 4251 tractatum
970 4206 1049 4251 est
1080 4198 1136 4249 in
1180 4198 1329 4251 curia
1367 4195 1584 4251 Domini
1617 4194 1987 4267 Imperatoris,
2026 4207 2076 4252 et

505 4286 823 4343 intellectum
854 4297 903 4342 et
933 4289 1345 4363 interpretatum
1361 4298 1438 4343 est
1486 4287 1617 4343 mihi
1652 4298 1701 4344 et
1745 4306 1779 4344 a
1818 4307 1897 4346 me
1942 4308 2072 4347 con-

504 4383 781 4451 firmatum
816 4380 1165 4435 ad‘honorem
1216 4389 1265 4434 et
1288 4381 1586 4449 proﬁcuum
1615 4380 1727 4452 ejus
1769 4373 1998 4452 Imperii.
2022 4391 2073 4438 et

509 4472 836 4539 Romaniae,
875 4473 1008 4526 sicut
1055 4483 1102 4526 et
1149 4488 1241 4543 ego
1271 4472 1430 4528 debeo
1474 4474 1570 4528 hoc
1600 4473 1936 4545 interpretari
1972 4475 2073 4530 Ja-

508 4565 787 4618 nuensibus
820 4568 874 4617 ut
903 4575 950 4617 et
992 4565 1045 4617 in
1074 4576 1231 4618 antea
1263 4564 1339 4618 sic
1375 4564 1519 4618 istud
1550 4565 1839 4635 capitulum
1871 4568 2069 4622 intelli-

506 4667 663 4726 gatur
692 4665 742 4710 et
770 4655 1088 4711 observetur.

578 4746 646 4802 Et
673 4765 936 4820 nunquam
968 4749 1160 4817 facient
1188 4746 1485 4805 Januenses
1516 4749 1801 4820 dampnata
1842 4750 2072 4823 alicujus

2186 2253 2469 2309 maluerint
2496 2253 2574 2309 vel
2599 2253 2867 2324 elegerint.
2902 2252 2967 2309 Ia
2992 2241 3222 2325 propriis
3245 2272 3361 2311 vero
3392 2256 3592 2326 galeris
3621 2256 3755 2310 ibunt

2182 2347 2482 2403 Januenses
2510 2358 2635 2417 quot
2662 2363 2875 2400 armare
2920 2348 3177 2416 poterint.
3208 2346 3273 2403 Si
3304 2364 3423 2403 vero
3468 2346 3756 2402 Januenses

2184 2442 2238 2495 in
2297 2439 2481 2510 aliqua
2530 2447 2678 2493 terra
2724 2438 2927 2493 domini
2983 2436 3336 2508 Imperatoris
3376 2456 3548 2510 neque
3608 2454 3757 2494 uuam

2183 2534 2419 2604 galerum
2453 2548 2663 2586 armare
2688 2532 2940 2600 poterint,
2972 2549 3145 2586 omnes
3182 2533 3238 2586 in
3268 2548 3382 2587 eam
3411 2532 3688 2587 intrabunt
3714 2540 3757 2585 et

2185 2624 2539 2695 complcbitur
2586 2640 2837 2697 numerus
2895 2625 3073 2696 galere
3122 2641 3189 2681 ex
3234 2624 3346 2679 alia
3405 2634 3559 2696 gente
3610 2623 3758 2694 sufﬁo

2184 2718 2404 2774 cienter.

2259 2809 2695 2880 Quandocunque
2744 2827 2868 2865 uero
2908 2808 3155 2864 dominus
3204 2808 3514 2879 Imperator
3544 2809 3763 2865 uoluerit

2181 2902 2418 2959 Januam
2441 2904 2648 2959 mittere
2681 2906 2958 2973 pecuniam
2982 2904 3061 2959 vel
3101 2920 3183 2960 res
3224 2903 3303 2960 vel
3345 2904 3586 2958 homines
3628 2906 3760 2972 ejus,

2181 2995 2391 3068 galerus
2438 2998 2547 3052 sive
2591 3012 2772 3063 naues,
2802 3010 2989 3053 contra
3034 3013 3409 3069 quemcumque
3461 2997 3670 3053 miserit
3704 3010 3762 3051 ea

2183 3090 2549 3147 Christianum
2578 3092 2687 3149 sive
2707 3104 2975 3162 paganum
3011 3102 3323 3147 coronatum
3355 3091 3436 3146 uel
3476 3108 3586 3147 nou
3619 3106 3760 3146 coro-

2184 3190 2391 3246 natum,
2435 3192 2495 3241 ut
2539 3192 2607 3237 ac
2650 3180 2826 3237 debito
2864 3183 3089 3237 debeant
3137 3178 3435 3237 Jaauenses
3479 3182 3758 3251 honoriﬁce

2182 3289 2301 3327 eam
2340 3272 2454 3345 (35)
2508 3274 2759 3344 recipere,
2814 3283 2866 3330 et
2917 3274 3217 3343 defendere
3264 3276 3319 3330 in
3373 3282 3523 3329 terra
3562 3291 3660 3329 sua
3712 3284 3757 3329 et

2183 3369 2449 3421 custodire
2494 3368 2782 3436 secundum
2842 3370 3174 3423 uoluntatem
3235 3368 3515 3423 hominum
3567 3369 3757 3425 domini

2108 3489 2154 3549 α
2193 3454 2564 3529 Imperatoris,
2588 3459 2683 3530 qui
2705 3476 2825 3514 cum
2856 3461 2934 3518 eis
2962 3470 3141 3525 erum,
3170 3476 3377 3515 omnem
3402 3462 3684 3531 pecuniam
3711 3468 3755 3514 et

2191 3566 2277 3607 res
2324 3551 2535 3620 missas,
2585 3551 2854 3615 homines,
2884 3552 3110 3621 galeros
3157 3559 3208 3606 et
3245 3566 3425 3620 naves,
3461 3567 3663 3624 quanta
3712 3561 3754 3607 et

2184 3642 2369 3712 qualia
2397 3653 2552 3698 eruat
2579 3682 2597 3709 ,
2641 3642 2706 3697 ab
2734 3644 2879 3697 omni
2917 3644 3126 3699 homine
3152 3655 3403 3698 coronato
3436 3654 3486 3699 et
3531 3662 3634 3699 non
3673 3659 3757 3697 co-

2184 3746 2373 3789 ronato
2413 3748 2437 3793 :
2485 3735 2729 3789 debentes
2784 3743 2834 3789 et
2888 3734 2977 3793 hic
3027 3734 3313 3805 intelligere
3360 3737 3656 3804 capitulum
3697 3735 3755 3790 de

2184 3836 2436 3881 coronato
2467 3826 2603 3883 sicut
2644 3826 2887 3897 superius
2917 3827 3325 3896 interpretatum
3358 3834 3459 3894 est,
3500 3826 3571 3881 ad
3605 3828 3756 3882 servi-

2183 3919 2323 3993 cium
2350 3928 2398 3972 et
2424 3918 2675 3974 honorem
2702 3917 2909 3973 domini
2938 3915 3286 3989 Imperatoris
3316 3928 3366 3973 et
3393 3917 3671 3976 Romanis.

2257 4004 2323 4061 Et
2369 4022 2473 4061 non
2520 4005 2804 4077 impedient
2847 4022 3096 4078 umquam
3140 4004 3442 4060 Jaauenses
3486 4006 3750 4062 dominum

2184 4094 2569 4167 Imperatorem
2594 4106 2643 4151 et
2669 4096 2884 4151 heredes
2910 4097 2989 4153 uel
3015 4109 3337 4153 successores
3376 4098 3492 4168 ejus
3526 4098 3597 4152 ad
3631 4113 3726 4152 con

2182 4187 2463 4261 quirendas
2499 4197 2669 4243 terras
2696 4189 2931 4260 aliquas,
2981 4197 3156 4256 preter
3171 4188 3265 4258 jus
3296 4189 3438 4259 quod
3475 4189 3669 4244 habent
3701 4192 3751 4243 in

2184 4291 2328 4338 terra
2363 4280 2521 4338 Surie
2546 4282 2654 4337 sive
2679 4297 2744 4336 ex
2774 4281 2910 4337 bello
2943 4282 3052 4338 sire
3082 4297 3150 4336 ea:
3169 4282 3430 4353 emptione
3457 4299 3549 4337 seu
3582 4283 3751 4353 aliqua

2183 4372 2294 4429 alio
2336 4375 2512 4428 modo.
2555 4372 2617 4427 Si
2640 4388 2761 4427 vero
2790 4379 2841 4427 et
2895 4373 2953 4427 in
2985 4373 3066 4427 his
3099 4387 3164 4427 ex
3228 4383 3379 4441 parte
3414 4373 3621 4428 domini
3654 4370 3754 4426 Ius-

2183 4466 2443 4537 peratoris
2476 4465 2803 4520 custodietur
2851 4463 3217 4519 Januensibus
3277 4463 3498 4534 justitia
3535 4480 3748 4528 eorum,

2182 4572 2343 4626 neque
2374 4558 2430 4610 in
2451 4557 2531 4610 his
2558 4554 2747 4609 debent
2767 4556 3024 4625 impedire
3066 4550 3341 4609 dominum
3373 4553 3747 4628 Imperatorem

2181 4646 2356 4716 facere
2378 4647 2431 4700 in
2445 4645 2523 4699 his
2556 4644 2841 4715 quincquid
2869 4644 3115 4700 uoluerit.
3384 4703 3393 4707 _

2254 4736 2331 4793 De
2386 4734 2763 4806 oﬂ'ensionibtts
2827 4752 2945 4791 vero
2994 4752 3128 4806 quas
3175 4736 3402 4807 fortasse
3456 4737 3747 4794 Januenses

506 4853 638 4893 terre
667 4838 1009 4911 Imperatoris
1039 4850 1086 4892 et
1120 4855 1337 4908 persone
1363 4840 1479 4907 ejus
1508 4840 1585 4892 uel
1611 4840 1858 4894 heredum
1884 4853 1931 4895 et
1956 4858 2074 4895 suc-

2185 4827 2401 4899 feccrint
2437 4830 2492 4882 in
2526 4828 2681 4884 terris
2708 4828 2910 4883 domini
2930 4826 3279 4899 Imperatoris
3304 4826 3483 4886 Grecis
3513 4833 3593 4886 vel
3632 4832 3744 4885 aliis

505 4943 767 4983 cessurum
796 4929 932 4999 ejus.
977 4930 1153 4997 Neque
1185 4928 1377 4999 facient
1412 4928 1817 4983 diminucionem
1866 4930 2073 4999 imperii

504 5021 589 5074 sui
624 5024 699 5074 ret
737 5022 924 5075 honori
955 5020 1066 5092 (54)
1092 5022 1205 5090 ejus
1242 5036 1401 5089 neque
1426 5021 1686 5089 inquirent
1714 5022 1850 5075 hanc
1889 5037 1979 5091 per
2017 5038 2075 5076 se

504 5114 581 5167 uel
611 5115 788 5180 aliter,
813 5114 901 5167 sed
935 5114 1160 5167 maxime
1190 5114 1235 5166 si
1269 5113 1474 5181 aliquid
1502 5113 1607 5165 tale
1638 5113 1990 5167 intellexerint
2016 5112 2072 5166 in

505 5215 647 5259 terra
682 5205 877 5271 Janue,
920 5206 1136 5260 debeant
1176 5208 1274 5258 hoc
1314 5205 1638 5259 disturbare.
1676 5204 1743 5258 Et
1788 5205 1834 5257 si
1863 5203 1927 5258 ab
1968 5205 2074 5259 ali-

502 5292 693 5363 quibus
722 5292 881 5362 fuerit
917 5294 1151 5347 assultus
1193 5291 1365 5361 factus
1396 5292 1469 5345 uel
1500 5292 1725 5347 obsessio
1760 5303 1941 5348 contra
1971 5293 2076 5347 ali-

505 5398 663 5454 quant
705 5397 899 5439 terram
948 5382 1318 5456 Imperatoris,
1356 5380 1650 5438 Januenses
1693 5385 1783 5454 qui
1838 5385 1893 5440 in
1918 5388 2073 5439 terris

507 5474 616 5529 illis
662 5476 860 5546 fuerint
906 5473 1455 5542 irtuentirbonalﬁde
1488 5475 1599 5528 sine
1638 5475 1759 5528 dolo
1797 5484 1845 5530 et
1891 5476 2079 5545 fraude

582 5704 693 5775 (30)
722 5702 887 5775 Anno
920 5698 1082 5775 U70.
1117 5726 1190 5775 -;—_
1228 5696 1406 5775 Edidit
1456 5710 1520 5775 es
1558 5695 2073 5775 multivagi-caueant!

516 5767 663 5834 Sauli
704 5773 843 5829 delia
874 5772 1081 5827 coloaia
1106 5768 1193 5825 dei
1225 5770 1432 5825 Geuov.
1466 5768 1520 5827 in
1551 5767 1741 5827 Galate
1774 5767 1817 5825 ll
1848 5785 1903 5841 ρ.
1946 5768 2071 5825 188.

585 5846 699 5918 (³1)
740 5843 958 5918 thum:
996 5841 1172 5918 Quod.

586 5909 701 5991 (52)
742 5916 851 5970 Imo
878 5912 1169 5983 legendum
1201 5909 1303 5965 :id
1328 5918 1427 5965 est.

2180 4920 2417 4989 gentibus
2448 4936 2545 4991 que
2583 4936 2684 4974 non
2721 4919 2826 4974 sint
2850 4918 3178 4984 Ianuenses,
3228 4922 3409 4975 debent
3433 4921 3669 4991 judicuri
3694 4921 3743 4974 in

2181 5015 2331 5065 curia
2378 5010 2576 5068 domini
2624 5010 2993 5080 Imperatoris,
3043 5012 3179 5066 sicut
3236 5010 3465 5068 Venetici
3515 5023 3565 5068 et
3591 5026 3744 5067 cetere

2183 5103 2372 5159 Latine
2400 5116 2597 5174 gentes.
2639 5103 2701 5159 Si
2731 5120 2855 5158 vero
2886 5105 3166 5174 contigerit
3207 5103 3503 5159 Januenses
3544 5107 3739 5176 aliquos

2180 5196 2461 5266 depretiari
2483 5197 2774 5267 aliquando
2802 5195 2884 5251 uel
2904 5196 3065 5249 aliter
3089 5196 3262 5251 ledere
3282 5194 3523 5267 aliquam
3554 5208 3737 5250 terram

2182 5288 2378 5344 domini
2409 5286 2763 5356 Imperatoris
2797 5288 2877 5343 uel
2906 5287 3143 5345 homines
3186 5289 3322 5361 ejus,
3358 5288 3570 5343 dabitur
3597 5300 3742 5357 super

2182 5382 2281 5437 hoc
2323 5382 2577 5437 noticiam
2607 5382 2717 5453 (36)
2756 5381 2933 5438 Janue
2966 5384 3169 5437 ciuitati
3192 5384 3257 5437 ab
3285 5380 3610 5453 Imperatore
3636 5379 3736 5435 sive

2184 5491 2279 5548 per
2302 5474 2513 5532 litteras
2540 5477 2647 5531 sive
2681 5492 2776 5546 per
2804 5476 3075 5546 nuncium,
3102 5485 3149 5532 et
3172 5477 3376 5536 dabunt
3404 5488 3612 5547 operam
3630 5474 3735 5528 sine

2256 5696 2368 5768 (31’s)
2408 5694 2653 5768 Legerim
2688 5714 2702 5754 :
2738 5696 2973 5756 mulieri.

2255 5765 2370 5837 (54)
2410 5765 2550 5837 Lege
2585 5770 2863 5822 :honoris.

2255 5837 2371 5904 (35)
2413 5837 2587 5891 Malim
2620 5855 2635 5891 :
2661 5854 2744 5891 ea.

2259 5909 2373 5980 (56)
2406 5906 2553 5978 Lege
2582 5925 2595 5961 :
2628 5911 2847 5963 nottcia.
