  <div class='ocr_page' id='page_1' title='image "/cluster/home/n/w/nwhite01/storage/ocr_20150623/133/mdp.39015078384230/400.png"; bbox 0 0 4082 6294; ppageno 0'>
   <div class='ocr_carea' id='block_1_1' title="bbox 381 340 496 400">
    <p class='ocr_par' dir='ltr' id='par_1_1' title="bbox 381 340 496 400">
     <span class='ocr_line' id='line_1_1' title="bbox 381 340 496 400; baseline 0.017 -2"><span class='ocrx_word' id='word_1_1' title='bbox 381 340 496 400; x_wconf 77' lang='grc'><strong><em>’185</em></strong></span> 
     </span>
    </p>
   </div>
   <div class='ocr_carea' id='block_1_2' title="bbox 1454 317 2538 391">
    <p class='ocr_par' dir='ltr' id='par_1_2' title="bbox 1454 317 2538 391">
     <span class='ocr_line' id='line_1_2' title="bbox 1454 317 2538 391; baseline -0.014 1"><span class='ocrx_word' id='word_1_2' title='bbox 1454 322 1823 391; x_wconf 78' lang='lat' dir='ltr'><strong><em>NOVELL/E</em></strong></span> <span class='ocrx_word' id='word_1_3' title='bbox 1856 318 1998 382; x_wconf 68' lang='grc' dir='ltr'><strong><em>(Γ.οΝ</em></strong></span> <span class='ocrx_word' id='word_1_4' title='bbox 2010 317 2538 383; x_wconf 76' lang='lat' dir='ltr'><strong><em>STITUTI‘ONES.</em></strong></span> 
     </span>
    </p>
   </div>
   <div class='ocr_carea' id='block_1_3' title="bbox 3526 318 3643 382">
    <p class='ocr_par' dir='ltr' id='par_1_3' title="bbox 3526 318 3643 382">
     <span class='ocr_line' id='line_1_3' title="bbox 3526 318 3643 382; baseline 0 0"><span class='ocrx_word' id='word_1_5' title='bbox 3526 318 3643 382; x_wconf 76' lang='lat'><strong><em>786</em></strong></span> 
     </span>
    </p>
   </div>
   <div class='ocr_carea' id='block_1_4' title="bbox 390 428 3644 514">
    <p class='ocr_par' dir='ltr' id='par_1_4' title="bbox 390 428 3644 514">
     <span class='ocr_line' id='line_1_4' title="bbox 390 428 3644 514; baseline -0.004 -18"><span class='ocrx_word' id='word_1_6' title='bbox 390 442 515 499; x_wconf 87' lang='lat' dir='ltr'><strong><em>dolo</em></strong></span> <span class='ocrx_word' id='word_1_7' title='bbox 540 451 591 496; x_wconf 90' lang='lat' dir='ltr'><strong><em>et</em></strong></span> <span class='ocrx_word' id='word_1_8' title='bbox 622 441 813 513; x_wconf 78' lang='lat' dir='ltr'><strong><em>fraude</em></strong></span> <span class='ocrx_word' id='word_1_9' title='bbox 838 443 1072 501; x_wconf 79' lang='lat' dir='ltr'><strong><em>inrcnire</em></strong></span> <span class='ocrx_word' id='word_1_10' title='bbox 1103 462 1189 501; x_wconf 88' lang='lat' dir='ltr'><strong><em>eos</em></strong></span> <span class='ocrx_word' id='word_1_11' title='bbox 1213 454 1260 503; x_wconf 89' lang='lat' dir='ltr'><strong><em>et</em></strong></span> <span class='ocrx_word' id='word_1_12' title='bbox 1290 446 1468 513; x_wconf 79' lang='lat' dir='ltr'><strong><em>facere</em></strong></span> <span class='ocrx_word' id='word_1_13' title='bbox 1498 462 1564 502; x_wconf 66' lang='lat' dir='ltr'><strong><em>es</em></strong></span> <span class='ocrx_word' id='word_1_14' title='bbox 1588 445 1660 501; x_wconf 86' lang='lat' dir='ltr'><strong><em>eis</em></strong></span> <span class='ocrx_word' id='word_1_15' title='bbox 1686 442 1964 514; x_wconf 78' lang='lat' dir='ltr'><strong><em>justiciam</em></strong></span> <span class='ocrx_word' id='word_1_16' title='bbox 1996 436 2043 494; x_wconf 71' lang='grc' dir='ltr'>Α</span> <span class='ocrx_word' id='word_1_17' title='bbox 2073 434 2223 490; x_wconf 82' lang='lat' dir='ltr'><strong><em>rebus</em></strong></span> <span class='ocrx_word' id='word_1_18' title='bbox 2252 449 2432 489; x_wconf 85' lang='lat' dir='ltr'><strong><em>eorum</em></strong></span> <span class='ocrx_word' id='word_1_19' title='bbox 2465 432 2603 488; x_wconf 97' lang='lat' dir='ltr'><strong><em>sicut</em></strong></span> <span class='ocrx_word' id='word_1_20' title='bbox 2636 430 2958 486; x_wconf 85' lang='lat' dir='ltr'><strong><em>consuetudo</em></strong></span> <span class='ocrx_word' id='word_1_21' title='bbox 2985 438 3061 485; x_wconf 86' lang='lat' dir='ltr'><strong><em>est</em></strong></span> <span class='ocrx_word' id='word_1_22' title='bbox 3091 428 3211 500; x_wconf 82' lang='lat' dir='ltr'><strong><em>ﬁeri</em></strong></span> <span class='ocrx_word' id='word_1_23' title='bbox 3235 429 3290 485; x_wconf 86' lang='lat' dir='ltr'><strong><em>in</em></strong></span> <span class='ocrx_word' id='word_1_24' title='bbox 3329 429 3452 485; x_wconf 83' lang='lat' dir='ltr'><strong><em>aliis</em></strong></span> <span class='ocrx_word' id='word_1_25' title='bbox 3486 428 3644 485; x_wconf 83' lang='lat' dir='ltr'><strong><em>Lati-</em></strong></span> 
     </span>
    </p>
   </div>
   <div class='ocr_carea' id='block_1_5' title="bbox 393 534 1969 607">
    <p class='ocr_par' dir='ltr' id='par_1_5' title="bbox 393 534 1969 607">
     <span class='ocr_line' id='line_1_5' title="bbox 393 534 1969 607; baseline -0.001 -17"><span class='ocrx_word' id='word_1_26' title='bbox 393 544 446 590; x_wconf 84' lang='lat' dir='ltr'><strong><em>et</em></strong></span> <span class='ocrx_word' id='word_1_27' title='bbox 480 534 772 591; x_wconf 70' lang='lat' dir='ltr'><strong><em>vindictam</em></strong></span> <span class='ocrx_word' id='word_1_28' title='bbox 810 538 880 592; x_wconf 83' lang='lat' dir='ltr'><strong><em>ad</em></strong></span> <span class='ocrx_word' id='word_1_29' title='bbox 922 539 1173 593; x_wconf 78' lang='lat' dir='ltr'><strong><em>honorem</em></strong></span> <span class='ocrx_word' id='word_1_30' title='bbox 1221 540 1420 594; x_wconf 82' lang='lat' dir='ltr'><strong><em>domini</em></strong></span> <span class='ocrx_word' id='word_1_31' title='bbox 1462 537 1805 607; x_wconf 79' lang='lat' dir='ltr'><strong><em>Imperatoris</em></strong></span> <span class='ocrx_word' id='word_1_32' title='bbox 1854 552 1969 604; x_wconf 87' lang='lat' dir='ltr'><strong><em>spe-</em></strong></span> 
     </span>
    </p>
   </div>
   <div class='ocr_carea' id='block_1_6' title="bbox 392 628 1967 702">
    <p class='ocr_par' dir='ltr' id='par_1_6' title="bbox 392 628 1967 702">
     <span class='ocr_line' id='line_1_6' title="bbox 392 628 1967 702; baseline -0.001 -19"><span class='ocrx_word' id='word_1_33' title='bbox 392 635 645 684; x_wconf 85' lang='lat' dir='ltr'><strong><em>ctantem.</em></strong></span> <span class='ocrx_word' id='word_1_34' title='bbox 707 628 770 685; x_wconf 87' lang='lat' dir='ltr'><strong><em>Si</em></strong></span> <span class='ocrx_word' id='word_1_35' title='bbox 827 628 964 701; x_wconf 80' lang='lat' dir='ltr'><strong><em>forte</em></strong></span> <span class='ocrx_word' id='word_1_36' title='bbox 1014 632 1107 685; x_wconf 88' lang='lat' dir='ltr'><strong><em>isti</em></strong></span> <span class='ocrx_word' id='word_1_37' title='bbox 1161 630 1529 702; x_wconf 84' lang='lat' dir='ltr'><strong><em>malefactores</em></strong></span> <span class='ocrx_word' id='word_1_38' title='bbox 1595 630 1792 686; x_wconf 70' lang='lat' dir='ltr'><strong><em>inventi</em></strong></span> <span class='ocrx_word' id='word_1_39' title='bbox 1863 644 1967 683; x_wconf 83' lang='lat' dir='ltr'><strong><em>non</em></strong></span> 
     </span>
    </p>
   </div>
   <div class='ocr_carea' id='block_1_7' title="bbox 396 716 1773 793">
    <p class='ocr_par' dir='ltr' id='par_1_7' title="bbox 396 716 1773 793">
     <span class='ocr_line' id='line_1_7' title="bbox 396 716 1773 793; baseline 0.002 -20"><span class='ocrx_word' id='word_1_40' title='bbox 396 716 617 791; x_wconf 79' lang='lat' dir='ltr'><strong><em>fuerint,</em></strong></span> <span class='ocrx_word' id='word_1_41' title='bbox 644 721 887 777; x_wconf 70' lang='lat' dir='ltr'><strong><em>similiter</em></strong></span> <span class='ocrx_word' id='word_1_42' title='bbox 910 722 1006 793; x_wconf 67' lang='lat' dir='ltr'><strong><em>ﬁat</em></strong></span> <span class='ocrx_word' id='word_1_43' title='bbox 1042 724 1268 778; x_wconf 74' lang='lat' dir='ltr'><strong><em>vindicta</em></strong></span> <span class='ocrx_word' id='word_1_44' title='bbox 1297 724 1351 779; x_wconf 89' lang='lat' dir='ltr'><strong><em>in</em></strong></span> <span class='ocrx_word' id='word_1_45' title='bbox 1385 722 1537 780; x_wconf 87' lang='lat' dir='ltr'><strong><em>bonis</em></strong></span> <span class='ocrx_word' id='word_1_46' title='bbox 1568 740 1773 778; x_wconf 73' lang='lat' dir='ltr'><strong><em>eorum.</em></strong></span> 
     </span>
    </p>
   </div>
   <div class='ocr_carea' id='block_1_8' title="bbox 478 806 1968 884">
    <p class='ocr_par' dir='ltr' id='par_1_8' title="bbox 478 806 1968 884">
     <span class='ocr_line' id='line_1_8' title="bbox 478 806 1968 884; baseline 0.003 -21"><span class='ocrx_word' id='word_1_47' title='bbox 478 806 629 864; x_wconf 78' lang='lat' dir='ltr'><strong><em>Hanc</em></strong></span> <span class='ocrx_word' id='word_1_48' title='bbox 689 814 1079 867; x_wconf 69' lang='lat' dir='ltr'><strong><em>conventionem</em></strong></span> <span class='ocrx_word' id='word_1_49' title='bbox 1124 823 1171 868; x_wconf 90' lang='lat' dir='ltr'><strong><em>et</em></strong></span> <span class='ocrx_word' id='word_1_50' title='bbox 1217 831 1317 884; x_wconf 88' lang='lat' dir='ltr'><strong><em>que</em></strong></span> <span class='ocrx_word' id='word_1_51' title='bbox 1373 814 1427 870; x_wconf 84' lang='lat' dir='ltr'><strong><em>in</em></strong></span> <span class='ocrx_word' id='word_1_52' title='bbox 1475 831 1540 870; x_wconf 87' lang='lat' dir='ltr'><strong><em>ea</em></strong></span> <span class='ocrx_word' id='word_1_53' title='bbox 1594 816 1792 882; x_wconf 87' lang='lat' dir='ltr'><strong><em>scripta</em></strong></span> <span class='ocrx_word' id='word_1_54' title='bbox 1844 825 1968 868; x_wconf 87' lang='lat' dir='ltr'><strong><em>sunt</em></strong></span> 
     </span>
    </p>
   </div>
   <div class='ocr_carea' id='block_1_9' title="bbox 394 902 1970 969">
    <p class='ocr_par' dir='ltr' id='par_1_9' title="bbox 394 902 1970 969">
     <span class='ocr_line' id='line_1_9' title="bbox 394 902 1970 969; baseline 0.004 -14"><span class='ocrx_word' id='word_1_55' title='bbox 394 902 631 969; x_wconf 87' lang='lat' dir='ltr'><strong><em>capitula</em></strong></span> <span class='ocrx_word' id='word_1_56' title='bbox 678 903 858 957; x_wconf 85' lang='lat' dir='ltr'><strong><em>omnia</em></strong></span> <span class='ocrx_word' id='word_1_57' title='bbox 906 903 1093 959; x_wconf 84' lang='lat' dir='ltr'><strong><em>debent</em></strong></span> <span class='ocrx_word' id='word_1_58' title='bbox 1140 905 1456 961; x_wconf 68' lang='lat' dir='ltr'><strong><em>habiiatores</em></strong></span> <span class='ocrx_word' id='word_1_59' title='bbox 1516 906 1687 962; x_wconf 80' lang='lat' dir='ltr'><strong><em>tocius</em></strong></span> <span class='ocrx_word' id='word_1_60' title='bbox 1742 906 1970 963; x_wconf 78' lang='lat' dir='ltr'><strong><em>ciuitatis</em></strong></span> 
     </span>
    </p>
   </div>
   <div class='ocr_carea' id='block_1_10' title="bbox 392 988 1975 1065">
    <p class='ocr_par' dir='ltr' id='par_1_10' title="bbox 392 988 1975 1065">
     <span class='ocr_line' id='line_1_10' title="bbox 392 988 1975 1065; baseline 0.007 -20"><span class='ocrx_word' id='word_1_61' title='bbox 392 988 572 1048; x_wconf 83' lang='lat' dir='ltr'><strong><em>Ianue</em></strong></span> <span class='ocrx_word' id='word_1_62' title='bbox 601 1010 633 1047; x_wconf 85' lang='lat' dir='ltr'><strong><em>a</em></strong></span> <span class='ocrx_word' id='word_1_63' title='bbox 672 992 874 1065; x_wconf 83' lang='lat' dir='ltr'><strong><em>majore</em></strong></span> <span class='ocrx_word' id='word_1_64' title='bbox 908 1012 1069 1063; x_wconf 89' lang='lat' dir='ltr'><strong><em>usque</em></strong></span> <span class='ocrx_word' id='word_1_65' title='bbox 1093 999 1163 1051; x_wconf 85' lang='lat' dir='ltr'><strong><em>ad</em></strong></span> <span class='ocrx_word' id='word_1_66' title='bbox 1181 998 1433 1054; x_wconf 84' lang='lat' dir='ltr'><strong><em>minorem</em></strong></span> <span class='ocrx_word' id='word_1_67' title='bbox 1461 998 1740 1054; x_wconf 79' lang='lat' dir='ltr'><strong><em>obserrare</em></strong></span> <span class='ocrx_word' id='word_1_68' title='bbox 1761 1002 1975 1056; x_wconf 86' lang='lat' dir='ltr'><strong><em>domino</em></strong></span> 
     </span>
    </p>
   </div>
   <div class='ocr_carea' id='block_1_11' title="bbox 396 1082 1978 1162">
    <p class='ocr_par' dir='ltr' id='par_1_11' title="bbox 396 1082 1978 1162">
     <span class='ocr_line' id='line_1_11' title="bbox 396 1082 1978 1162; baseline 0.006 -25"><span class='ocrx_word' id='word_1_69' title='bbox 396 1082 719 1153; x_wconf 74' lang='lat' dir='ltr'><strong><em>Imperatori</em></strong></span> <span class='ocrx_word' id='word_1_70' title='bbox 758 1086 989 1144; x_wconf 84' lang='lat' dir='ltr'><strong><em>Romeon</em></strong></span> <span class='ocrx_word' id='word_1_71' title='bbox 1053 1089 1450 1162; x_wconf 77' lang='lat' dir='ltr'><strong><em>Porfirogenito</em></strong></span> <span class='ocrx_word' id='word_1_72' title='bbox 1501 1093 1716 1150; x_wconf 81' lang='lat' dir='ltr'><strong><em>domino</em></strong></span> <span class='ocrx_word' id='word_1_73' title='bbox 1775 1094 1978 1149; x_wconf 81' lang='lat' dir='ltr'><strong><em>Ilema-</em></strong></span> 
     </span>
    </p>
   </div>
   <div class='ocr_carea' id='block_1_12' title="bbox 402 1178 1970 1247">
    <p class='ocr_par' dir='ltr' id='par_1_12' title="bbox 402 1178 1970 1247">
     <span class='ocr_line' id='line_1_12' title="bbox 402 1178 1970 1247; baseline 0.011 -18"><span class='ocrx_word' id='word_1_74' title='bbox 402 1179 547 1233; x_wconf 83' lang='lat' dir='ltr'><strong><em>nueli</em></strong></span> <span class='ocrx_word' id='word_1_75' title='bbox 571 1178 830 1236; x_wconf 76' lang='lat' dir='ltr'><strong><em>Comnino</em></strong></span> <span class='ocrx_word' id='word_1_76' title='bbox 860 1191 910 1235; x_wconf 91' lang='lat' dir='ltr'><strong><em>et</em></strong></span> <span class='ocrx_word' id='word_1_77' title='bbox 946 1184 1185 1239; x_wconf 86' lang='lat' dir='ltr'><strong><em>omnibus</em></strong></span> <span class='ocrx_word' id='word_1_78' title='bbox 1202 1184 1481 1240; x_wconf 75' lang='lat' dir='ltr'><strong><em>heredibus</em></strong></span> <span class='ocrx_word' id='word_1_79' title='bbox 1507 1199 1553 1242; x_wconf 87' lang='lat' dir='ltr'><strong><em>et</em></strong></span> <span class='ocrx_word' id='word_1_80' title='bbox 1577 1189 1970 1247; x_wconf 85' lang='lat' dir='ltr'><strong><em>successoribus</em></strong></span> 
     </span>
    </p>
   </div>
   <div class='ocr_carea' id='block_1_13' title="bbox 390 1268 1971 1337">
    <p class='ocr_par' dir='ltr' id='par_1_13' title="bbox 390 1268 1971 1337">
     <span class='ocr_line' id='line_1_13' title="bbox 390 1268 1971 1337; baseline 0.009 -15"><span class='ocrx_word' id='word_1_81' title='bbox 390 1268 510 1336; x_wconf 85' lang='lat' dir='ltr'><strong><em>ejus</em></strong></span> <span class='ocrx_word' id='word_1_82' title='bbox 539 1277 589 1323; x_wconf 89' lang='lat' dir='ltr'><strong><em>et</em></strong></span> <span class='ocrx_word' id='word_1_83' title='bbox 635 1268 911 1336; x_wconf 81' lang='lat' dir='ltr'><strong><em>Romanie,</em></strong></span> <span class='ocrx_word' id='word_1_84' title='bbox 952 1275 1117 1329; x_wconf 88' lang='lat' dir='ltr'><strong><em>donec</em></strong></span> <span class='ocrx_word' id='word_1_85' title='bbox 1156 1279 1385 1334; x_wconf 89' lang='lat' dir='ltr'><strong><em>mundus</em></strong></span> <span class='ocrx_word' id='word_1_86' title='bbox 1422 1281 1645 1337; x_wconf 73' lang='lat' dir='ltr'><strong><em>steterit.</em></strong></span> <span class='ocrx_word' id='word_1_87' title='bbox 1688 1279 1756 1336; x_wconf 83' lang='lat' dir='ltr'><strong><em>Et</em></strong></span> <span class='ocrx_word' id='word_1_88' title='bbox 1793 1299 1971 1336; x_wconf 86' lang='lat' dir='ltr'><strong><em>omnes</em></strong></span> 
     </span>
    </p>
   </div>
   <div class='ocr_carea' id='block_1_14' title="bbox 393 1360 1972 1440">
    <p class='ocr_par' dir='ltr' id='par_1_14' title="bbox 393 1360 1972 1440">
     <span class='ocr_line' id='line_1_14' title="bbox 393 1360 1972 1440; baseline 0.013 -28"><span class='ocrx_word' id='word_1_89' title='bbox 393 1360 565 1439; x_wconf 79' lang='lat' dir='ltr'><strong><em>futuri</em></strong></span> <span class='ocrx_word' id='word_1_90' title='bbox 589 1360 843 1420; x_wconf 85' lang='lat' dir='ltr'><strong><em>Consules</em></strong></span> <span class='ocrx_word' id='word_1_91' title='bbox 874 1362 1051 1419; x_wconf 80' lang='lat' dir='ltr'><strong><em>Ianue</em></strong></span> <span class='ocrx_word' id='word_1_92' title='bbox 1082 1370 1244 1423; x_wconf 78' lang='lat' dir='ltr'><strong><em>aliter</em></strong></span> <span class='ocrx_word' id='word_1_93' title='bbox 1272 1371 1389 1440; x_wconf 79' lang='lat' dir='ltr'><strong><em>fieri</em></strong></span> <span class='ocrx_word' id='word_1_94' title='bbox 1422 1389 1527 1428; x_wconf 89' lang='lat' dir='ltr'><strong><em>non</em></strong></span> <span class='ocrx_word' id='word_1_95' title='bbox 1572 1374 1757 1429; x_wconf 85' lang='lat' dir='ltr'><strong><em>debent</em></strong></span> <span class='ocrx_word' id='word_1_96' title='bbox 1790 1392 1972 1434; x_wconf 80' lang='lat' dir='ltr'><strong><em>consu-</em></strong></span> 
     </span>
    </p>
   </div>
   <div class='ocr_carea' id='block_1_15' title="bbox 390 1453 1969 1529">
    <p class='ocr_par' dir='ltr' id='par_1_15' title="bbox 390 1453 1969 1529">
     <span class='ocr_line' id='line_1_15' title="bbox 390 1453 1969 1529; baseline 0.009 -22"><span class='ocrx_word' id='word_1_97' title='bbox 390 1453 491 1519; x_wconf 83' lang='lat' dir='ltr'><strong><em>les.</em></strong></span> <span class='ocrx_word' id='word_1_98' title='bbox 533 1456 638 1509; x_wconf 87' lang='lat' dir='ltr'><strong><em>nisi</em></strong></span> <span class='ocrx_word' id='word_1_99' title='bbox 671 1458 820 1526; x_wconf 86' lang='lat' dir='ltr'><strong><em>prius</em></strong></span> <span class='ocrx_word' id='word_1_100' title='bbox 847 1459 1154 1529; x_wconf 70' lang='lat' dir='ltr'><strong><em>juraoerint</em></strong></span> <span class='ocrx_word' id='word_1_101' title='bbox 1195 1479 1314 1518; x_wconf 82' lang='lat' dir='ltr'><strong><em>cum</em></strong></span> <span class='ocrx_word' id='word_1_102' title='bbox 1350 1467 1572 1521; x_wconf 87' lang='lat' dir='ltr'><strong><em>consilia</em></strong></span> <span class='ocrx_word' id='word_1_103' title='bbox 1619 1478 1667 1521; x_wconf 86' lang='lat' dir='ltr'><strong><em>et</em></strong></span> <span class='ocrx_word' id='word_1_104' title='bbox 1712 1484 1969 1523; x_wconf 84' lang='lat' dir='ltr'><strong><em>consensu</em></strong></span> 
     </span>
    </p>
   </div>
   <div class='ocr_carea' id='block_1_16' title="bbox 392 1548 1973 1618">
    <p class='ocr_par' dir='ltr' id='par_1_16' title="bbox 392 1548 1973 1618">
     <span class='ocr_line' id='line_1_16' title="bbox 392 1548 1973 1618; baseline 0.011 -18"><span class='ocrx_word' id='word_1_105' title='bbox 392 1548 778 1616; x_wconf 77' lang='lat' dir='ltr'><strong><em>archiepiscopi</em></strong></span> <span class='ocrx_word' id='word_1_106' title='bbox 804 1563 851 1605; x_wconf 88' lang='lat' dir='ltr'><strong><em>et</em></strong></span> <span class='ocrx_word' id='word_1_107' title='bbox 878 1553 1133 1609; x_wconf 80' lang='lat' dir='ltr'><strong><em>nobilium</em></strong></span> <span class='ocrx_word' id='word_1_108' title='bbox 1159 1566 1209 1611; x_wconf 88' lang='lat' dir='ltr'><strong><em>et</em></strong></span> <span class='ocrx_word' id='word_1_109' title='bbox 1255 1561 1548 1614; x_wconf 79' lang='lat' dir='ltr'><strong><em>communis</em></strong></span> <span class='ocrx_word' id='word_1_110' title='bbox 1582 1562 1753 1613; x_wconf 75' lang='lat' dir='ltr'><strong><em>lacius</em></strong></span> <span class='ocrx_word' id='word_1_111' title='bbox 1795 1562 1973 1618; x_wconf 85' lang='lat' dir='ltr'><strong><em>Janne</em></strong></span> 
     </span>
    </p>
   </div>
   <div class='ocr_carea' id='block_1_17' title="bbox 391 1646 1970 1724">
    <p class='ocr_par' dir='ltr' id='par_1_17' title="bbox 391 1646 1970 1724">
     <span class='ocr_line' id='line_1_17' title="bbox 391 1646 1970 1724; baseline 0.011 -28"><span class='ocrx_word' id='word_1_112' title='bbox 391 1652 789 1698; x_wconf 87' lang='lat' dir='ltr'><strong><em>sacramentum</em></strong></span> <span class='ocrx_word' id='word_1_113' title='bbox 821 1646 1020 1716; x_wconf 81' lang='lat' dir='ltr'><strong><em>factum</em></strong></span> <span class='ocrx_word' id='word_1_114' title='bbox 1057 1649 1112 1704; x_wconf 88' lang='lat' dir='ltr'><strong><em>in</em></strong></span> <span class='ocrx_word' id='word_1_115' title='bbox 1166 1652 1265 1705; x_wconf 83' lang='lat' dir='ltr'><strong><em>hac</em></strong></span> <span class='ocrx_word' id='word_1_116' title='bbox 1314 1655 1668 1719; x_wconf 76' lang='lat' dir='ltr'><strong><em>conventione,</em></strong></span> <span class='ocrx_word' id='word_1_117' title='bbox 1710 1667 1970 1724; x_wconf 85' lang='lat' dir='ltr'><strong><em>quatenus</em></strong></span> 
     </span>
    </p>
   </div>
   <div class='ocr_carea' id='block_1_18' title="bbox 390 1731 1969 1819">
    <p class='ocr_par' dir='ltr' id='par_1_18' title="bbox 390 1731 1969 1819">
     <span class='ocr_line' id='line_1_18' title="bbox 390 1731 1969 1819; baseline 0.011 -32"><span class='ocrx_word' id='word_1_118' title='bbox 390 1731 693 1789; x_wconf 76' lang='lat' dir='ltr'><strong><em>observetur</em></strong></span> <span class='ocrx_word' id='word_1_119' title='bbox 720 1737 829 1791; x_wconf 89' lang='lat' dir='ltr'><strong><em>ista</em></strong></span> <span class='ocrx_word' id='word_1_120' title='bbox 867 1741 1142 1794; x_wconf 72' lang='lat' dir='ltr'><strong><em>conventio</em></strong></span> <span class='ocrx_word' id='word_1_121' title='bbox 1183 1752 1305 1797; x_wconf 88' lang='lat' dir='ltr'><strong><em>rata</em></strong></span> <span class='ocrx_word' id='word_1_122' title='bbox 1339 1753 1389 1800; x_wconf 92' lang='lat' dir='ltr'><strong><em>et</em></strong></span> <span class='ocrx_word' id='word_1_123' title='bbox 1420 1746 1751 1803; x_wconf 80' lang='lat' dir='ltr'><strong><em>inconcussa.</em></strong></span> <span class='ocrx_word' id='word_1_124' title='bbox 1787 1749 1969 1819; x_wconf 83' lang='lat' dir='ltr'><strong><em>Neque</em></strong></span> 
     </span>
    </p>
   </div>
   <div class='ocr_carea' id='block_1_19' title="bbox 2072 519 3644 597">
    <p class='ocr_par' dir='ltr' id='par_1_19' title="bbox 2072 519 3644 597">
     <span class='ocr_line' id='line_1_19' title="bbox 2072 519 3644 597; baseline -0.003 -17"><span class='ocrx_word' id='word_1_125' title='bbox 2072 524 2157 580; x_wconf 87' lang='lat' dir='ltr'><strong><em>nis</em></strong></span> <span class='ocrx_word' id='word_1_126' title='bbox 2194 524 2284 597; x_wconf 88' lang='lat' dir='ltr'><strong><em>qui</em></strong></span> <span class='ocrx_word' id='word_1_127' title='bbox 2329 524 2455 579; x_wconf 83' lang='lat' dir='ltr'><strong><em>dant</em></strong></span> <span class='ocrx_word' id='word_1_128' title='bbox 2502 522 2895 579; x_wconf 76' lang='lat' dir='ltr'><strong><em>commercium.</em></strong></span> <span class='ocrx_word' id='word_1_129' title='bbox 2936 519 3005 576; x_wconf 84' lang='lat' dir='ltr'><strong><em>Et</em></strong></span> <span class='ocrx_word' id='word_1_130' title='bbox 3054 521 3102 576; x_wconf 93' lang='lat' dir='ltr'><strong><em>si</em></strong></span> <span class='ocrx_word' id='word_1_131' title='bbox 3133 520 3314 593; x_wconf 78' lang='lat' dir='ltr'><strong><em>aliqua</em></strong></span> <span class='ocrx_word' id='word_1_132' title='bbox 3361 522 3513 575; x_wconf 80' lang='lat' dir='ltr'><strong><em>navis</em></strong></span> <span class='ocrx_word' id='word_1_133' title='bbox 3541 519 3644 575; x_wconf 82' lang='lat' dir='ltr'><strong><em>Ja-</em></strong></span> 
     </span>
    </p>
   </div>
   <div class='ocr_carea' id='block_1_20' title="bbox 2072 610 3647 687">
    <p class='ocr_par' dir='ltr' id='par_1_20' title="bbox 2072 610 3647 687">
     <span class='ocr_line' id='line_1_20' title="bbox 2072 610 3647 687; baseline -0.003 -16"><span class='ocrx_word' id='word_1_134' title='bbox 2072 618 2371 683; x_wconf 75' lang='lat' dir='ltr'><strong><em>nuensiurn,</em></strong></span> <span class='ocrx_word' id='word_1_135' title='bbox 2405 632 2437 669; x_wconf 86' lang='lat' dir='ltr'><strong><em>a</em></strong></span> <span class='ocrx_word' id='word_1_136' title='bbox 2487 630 2811 687; x_wconf 78' lang='lat' dir='ltr'><strong><em>quacumque</em></strong></span> <span class='ocrx_word' id='word_1_137' title='bbox 2854 623 3007 685; x_wconf 85' lang='lat' dir='ltr'><strong><em>parte</em></strong></span> <span class='ocrx_word' id='word_1_138' title='bbox 3033 610 3249 676; x_wconf 69' lang='lat' dir='ltr'><strong><em>venerit.</em></strong></span> <span class='ocrx_word' id='word_1_139' title='bbox 3301 612 3647 683; x_wconf 79' lang='lat' dir='ltr'><strong><em>naufragium</em></strong></span> 
     </span>
    </p>
   </div>
   <div class='ocr_carea' id='block_1_21' title="bbox 2069 705 3651 783">
    <p class='ocr_par' dir='ltr' id='par_1_21' title="bbox 2069 705 3651 783">
     <span class='ocr_line' id='line_1_21' title="bbox 2069 705 3651 783; baseline -0.001 -18"><span class='ocrx_word' id='word_1_140' title='bbox 2069 726 2228 781; x_wconf 84' lang='lat' dir='ltr'><strong><em>passa</em></strong></span> <span class='ocrx_word' id='word_1_141' title='bbox 2260 709 2421 783; x_wconf 79' lang='lat' dir='ltr'><strong><em>fuerit</em></strong></span> <span class='ocrx_word' id='word_1_142' title='bbox 2449 706 2503 765; x_wconf 83' lang='lat' dir='ltr'><strong><em>in</em></strong></span> <span class='ocrx_word' id='word_1_143' title='bbox 2524 705 2839 763; x_wconf 83' lang='lat' dir='ltr'><strong><em>Romaniam</em></strong></span> <span class='ocrx_word' id='word_1_144' title='bbox 2869 707 3218 779; x_wconf 77' lang='lat' dir='ltr'><strong><em>et&#39;contigeril</em></strong></span> <span class='ocrx_word' id='word_1_145' title='bbox 3247 709 3312 762; x_wconf 70' lang='lat' dir='ltr'><strong><em>de</em></strong></span> <span class='ocrx_word' id='word_1_146' title='bbox 3358 708 3511 761; x_wconf 83' lang='lat' dir='ltr'><strong><em>rebus</em></strong></span> <span class='ocrx_word' id='word_1_147' title='bbox 3531 706 3651 777; x_wconf 76' lang='lat' dir='ltr'><strong><em>ejus</em></strong></span> 
     </span>
    </p>
   </div>
   <div class='ocr_carea' id='block_1_22' title="bbox 2066 800 3651 876">
    <p class='ocr_par' dir='ltr' id='par_1_22' title="bbox 2066 800 3651 876">
     <span class='ocr_line' id='line_1_22' title="bbox 2066 800 3651 876; baseline -0.005 -14"><span class='ocrx_word' id='word_1_148' title='bbox 2066 804 2278 876; x_wconf 77' lang='lat' dir='ltr'><strong><em>auferri</em></strong></span> <span class='ocrx_word' id='word_1_149' title='bbox 2318 804 2396 859; x_wconf 84' lang='lat' dir='ltr'><strong><em>eis</em></strong></span> <span class='ocrx_word' id='word_1_150' title='bbox 2426 804 2491 858; x_wconf 91' lang='lat' dir='ltr'><strong><em>ab</em></strong></span> <span class='ocrx_word' id='word_1_151' title='bbox 2522 802 2702 872; x_wconf 87' lang='lat' dir='ltr'><strong><em>aliquo</em></strong></span> <span class='ocrx_word' id='word_1_152' title='bbox 2728 842 2745 869; x_wconf 87' lang='lat'><strong>,</strong></span> <span class='ocrx_word' id='word_1_153' title='bbox 2787 802 2885 872; x_wconf 78' lang='lat' dir='ltr'><strong><em>ﬁat</em></strong></span> <span class='ocrx_word' id='word_1_154' title='bbox 2928 810 3228 873; x_wconf 85' lang='lat' dir='ltr'><strong><em>preceptum</em></strong></span> <span class='ocrx_word' id='word_1_155' title='bbox 3271 800 3492 870; x_wconf 79' lang='lat' dir='ltr'><strong><em>Imperii</em></strong></span> <span class='ocrx_word' id='word_1_156' title='bbox 3534 800 3651 871; x_wconf 90' lang='lat' dir='ltr'><strong><em>ejus</em></strong></span> 
     </span>
    </p>
   </div>
   <div class='ocr_carea' id='block_1_23' title="bbox 2072 890 3649 960">
    <p class='ocr_par' dir='ltr' id='par_1_23' title="bbox 2072 890 3649 960">
     <span class='ocr_line' id='line_1_23' title="bbox 2072 890 3649 960; baseline -0.005 -5"><span class='ocrx_word' id='word_1_157' title='bbox 2072 897 2379 955; x_wconf 76' lang='lat' dir='ltr'><strong><em>vindicandi</em></strong></span> <span class='ocrx_word' id='word_1_158' title='bbox 2403 904 2454 952; x_wconf 91' lang='lat' dir='ltr'><strong><em>et</em></strong></span> <span class='ocrx_word' id='word_1_159' title='bbox 2482 895 2833 960; x_wconf 83' lang='lat' dir='ltr'><strong><em>recuperandi</em></strong></span> <span class='ocrx_word' id='word_1_160' title='bbox 2852 911 2931 950; x_wconf 89' lang='lat' dir='ltr'><strong><em>res</em></strong></span> <span class='ocrx_word' id='word_1_161' title='bbox 2954 894 3203 951; x_wconf 80' lang='lat' dir='ltr'><strong><em>amissos.</em></strong></span> <span class='ocrx_word' id='word_1_162' title='bbox 3228 892 3414 948; x_wconf 61' lang='lat' dir='ltr'><strong><em>Adhuc</em></strong></span> <span class='ocrx_word' id='word_1_163' title='bbox 3430 901 3478 948; x_wconf 92' lang='lat' dir='ltr'><strong><em>et</em></strong></span> <span class='ocrx_word' id='word_1_164' title='bbox 3504 890 3649 947; x_wconf 83' lang='lat' dir='ltr'><strong><em>istud</em></strong></span> 
     </span>
    </p>
   </div>
   <div class='ocr_carea' id='block_1_24' title="bbox 2071 983 3650 1058">
    <p class='ocr_par' dir='ltr' id='par_1_24' title="bbox 2071 983 3650 1058">
     <span class='ocr_line' id='line_1_24' title="bbox 2071 983 3650 1058; baseline -0.003 -16"><span class='ocrx_word' id='word_1_165' title='bbox 2071 996 2377 1058; x_wconf 86' lang='lat' dir='ltr'><strong><em>preceptum</em></strong></span> <span class='ocrx_word' id='word_1_166' title='bbox 2408 998 2488 1043; x_wconf 87' lang='lat' dir='ltr'><strong><em>est</em></strong></span> <span class='ocrx_word' id='word_1_167' title='bbox 2521 1002 2682 1057; x_wconf 82' lang='lat' dir='ltr'><strong><em>quam</em></strong></span> <span class='ocrx_word' id='word_1_168' title='bbox 2715 987 2767 1041; x_wconf 89' lang='lat' dir='ltr'><strong><em>si</em></strong></span> <span class='ocrx_word' id='word_1_169' title='bbox 2815 986 3093 1057; x_wconf 80' lang='lat' dir='ltr'><strong><em>contigerit</em></strong></span> <span class='ocrx_word' id='word_1_170' title='bbox 3132 983 3437 1040; x_wconf 72' lang='lat' dir='ltr'><strong><em>fanucnses</em></strong></span> <span class='ocrx_word' id='word_1_171' title='bbox 3479 983 3650 1055; x_wconf 61' lang='lat' dir='ltr'><strong><em>alien-</em></strong></span> 
     </span>
    </p>
   </div>
   <div class='ocr_carea' id='block_1_25' title="bbox 2071 1082 3645 1153">
    <p class='ocr_par' dir='ltr' id='par_1_25' title="bbox 2071 1082 3645 1153">
     <span class='ocr_line' id='line_1_25' title="bbox 2071 1082 3645 1153; baseline -0.002 -13"><span class='ocrx_word' id='word_1_172' title='bbox 2071 1085 2195 1141; x_wconf 85' lang='lat' dir='ltr'><strong><em>dere</em></strong></span> <span class='ocrx_word' id='word_1_173' title='bbox 2243 1084 2472 1152; x_wconf 83' lang='lat' dir='ltr'><strong><em>aliquem</em></strong></span> <span class='ocrx_word' id='word_1_174' title='bbox 2507 1086 2662 1139; x_wconf 85' lang='lat' dir='ltr'><strong><em>modo</em></strong></span> <span class='ocrx_word' id='word_1_175' title='bbox 2693 1083 2895 1153; x_wconf 85' lang='lat' dir='ltr'><strong><em>aliqua,</em></strong></span> <span class='ocrx_word' id='word_1_176' title='bbox 2944 1100 3047 1139; x_wconf 87' lang='lat' dir='ltr'><strong><em>non</em></strong></span> <span class='ocrx_word' id='word_1_177' title='bbox 3086 1082 3270 1141; x_wconf 80' lang='lat' dir='ltr'><strong><em>debent</em></strong></span> <span class='ocrx_word' id='word_1_178' title='bbox 3304 1082 3645 1153; x_wconf 48' lang='lat' dir='ltr'><strong><em>judicari&#39;ab</em></strong></span> 
     </span>
    </p>
   </div>
   <div class='ocr_carea' id='block_1_26' title="bbox 2072 1176 3647 1252">
    <p class='ocr_par' dir='ltr' id='par_1_26' title="bbox 2072 1176 3647 1252">
     <span class='ocr_line' id='line_1_26' title="bbox 2072 1176 3647 1252; baseline -0.002 -18"><span class='ocrx_word' id='word_1_179' title='bbox 2072 1179 2255 1252; x_wconf 77' lang='lat' dir='ltr'><strong><em>aliqua</em></strong></span> <span class='ocrx_word' id='word_1_180' title='bbox 2301 1178 2417 1234; x_wconf 82' lang='lat' dir='ltr'><strong><em>alia</em></strong></span> <span class='ocrx_word' id='word_1_181' title='bbox 2462 1184 2613 1249; x_wconf 81' lang='lat' dir='ltr'><strong><em>gente</em></strong></span> <span class='ocrx_word' id='word_1_182' title='bbox 2658 1176 2765 1231; x_wconf 87' lang='lat' dir='ltr'><strong><em>nisi</em></strong></span> <span class='ocrx_word' id='word_1_183' title='bbox 2797 1194 2830 1231; x_wconf 87' lang='lat' dir='ltr'><strong><em>a</em></strong></span> <span class='ocrx_word' id='word_1_184' title='bbox 2870 1181 3020 1231; x_wconf 90' lang='lat' dir='ltr'><strong><em>curia</em></strong></span> <span class='ocrx_word' id='word_1_185' title='bbox 3065 1177 3267 1231; x_wconf 84' lang='lat' dir='ltr'><strong><em>domini</em></strong></span> <span class='ocrx_word' id='word_1_186' title='bbox 3300 1176 3647 1246; x_wconf 78' lang='lat' dir='ltr'><strong><em>Imperatoris</em></strong></span> 
     </span>
    </p>
   </div>
   <div class='ocr_carea' id='block_1_27' title="bbox 2071 1269 3651 1341">
    <p class='ocr_par' dir='ltr' id='par_1_27' title="bbox 2071 1269 3651 1341">
     <span class='ocr_line' id='line_1_27' title="bbox 2071 1269 3651 1341; baseline -0.003 -16"><span class='ocrx_word' id='word_1_187' title='bbox 2071 1272 2386 1339; x_wconf 84' lang='lat' dir='ltr'><strong><em>presidente,</em></strong></span> <span class='ocrx_word' id='word_1_188' title='bbox 2424 1269 2705 1341; x_wconf 84' lang='lat' dir='ltr'><strong><em>judicante</em></strong></span> <span class='ocrx_word' id='word_1_189' title='bbox 2744 1270 2982 1325; x_wconf 75' lang='lat' dir='ltr'><strong><em>uidelicet</em></strong></span> <span class='ocrx_word' id='word_1_190' title='bbox 3013 1269 3193 1341; x_wconf 89' lang='lat' dir='ltr'><strong><em>aliquo</em></strong></span> <span class='ocrx_word' id='word_1_191' title='bbox 3227 1270 3293 1326; x_wconf 86' lang='lat' dir='ltr'><strong><em>de</em></strong></span> <span class='ocrx_word' id='word_1_192' title='bbox 3327 1270 3651 1339; x_wconf 76' lang='lat' dir='ltr'><strong><em>consangui-</em></strong></span> 
     </span>
    </p>
   </div>
   <div class='ocr_carea' id='block_1_28' title="bbox 2074 1355 3650 1433">
    <p class='ocr_par' dir='ltr' id='par_1_28' title="bbox 2074 1355 3650 1433">
     <span class='ocr_line' id='line_1_28' title="bbox 2074 1355 3650 1433; baseline -0.002 -13"><span class='ocrx_word' id='word_1_193' title='bbox 2074 1365 2183 1420; x_wconf 85' lang='lat' dir='ltr'><strong><em>neis</em></strong></span> <span class='ocrx_word' id='word_1_194' title='bbox 2228 1355 2414 1419; x_wconf 77' lang='lat' dir='ltr'><strong><em>Grecis</em></strong></span> <span class='ocrx_word' id='word_1_195' title='bbox 2464 1361 2816 1433; x_wconf 82' lang='lat' dir='ltr'><strong><em>Imperatoris</em></strong></span> <span class='ocrx_word' id='word_1_196' title='bbox 2862 1362 2941 1419; x_wconf 74' lang='lat' dir='ltr'><strong><em>vel</em></strong></span> <span class='ocrx_word' id='word_1_197' title='bbox 2991 1363 3057 1418; x_wconf 86' lang='lat' dir='ltr'><strong><em>de</em></strong></span> <span class='ocrx_word' id='word_1_198' title='bbox 3099 1362 3399 1417; x_wconf 81' lang='lat' dir='ltr'><strong><em>hominibus</em></strong></span> <span class='ocrx_word' id='word_1_199' title='bbox 3460 1361 3650 1427; x_wconf 76' lang='lat' dir='ltr'><strong><em>ipsius.</em></strong></span> 
     </span>
    </p>
   </div>
   <div class='ocr_carea' id='block_1_29' title="bbox 2076 1454 3655 1530">
    <p class='ocr_par' dir='ltr' id='par_1_29' title="bbox 2076 1454 3655 1530">
     <span class='ocr_line' id='line_1_29' title="bbox 2076 1454 3655 1530; baseline -0.003 -17"><span class='ocrx_word' id='word_1_200' title='bbox 2076 1457 2258 1530; x_wconf 86' lang='lat' dir='ltr'><strong><em>Neque</em></strong></span> <span class='ocrx_word' id='word_1_201' title='bbox 2290 1456 2551 1512; x_wconf 79' lang='lat' dir='ltr'><strong><em>tenebitur</em></strong></span> <span class='ocrx_word' id='word_1_202' title='bbox 2587 1458 2643 1511; x_wconf 86' lang='lat' dir='ltr'><strong><em>in</em></strong></span> <span class='ocrx_word' id='word_1_203' title='bbox 2687 1457 2932 1526; x_wconf 84' lang='lat' dir='ltr'><strong><em>captione</em></strong></span> <span class='ocrx_word' id='word_1_204' title='bbox 2973 1454 3176 1526; x_wconf 76' lang='lat' dir='ltr'><strong><em>faciens</em></strong></span> <span class='ocrx_word' id='word_1_205' title='bbox 3224 1454 3484 1526; x_wconf 85' lang='lat' dir='ltr'><strong><em>injuriam</em></strong></span> <span class='ocrx_word' id='word_1_206' title='bbox 3529 1463 3655 1508; x_wconf 85' lang='lat' dir='ltr'><strong><em>ante</em></strong></span> 
     </span>
    </p>
   </div>
   <div class='ocr_carea' id='block_1_30' title="bbox 2065 1546 3654 1620">
    <p class='ocr_par' dir='ltr' id='par_1_30' title="bbox 2065 1546 3654 1620">
     <span class='ocr_line' id='line_1_30' title="bbox 2065 1546 3654 1620; baseline -0.003 -16"><span class='ocrx_word' id='word_1_207' title='bbox 2065 1550 2398 1620; x_wconf 71' lang='lat' dir='ltr'><strong><em>judicium&#39;si</em></strong></span> <span class='ocrx_word' id='word_1_208' title='bbox 2428 1550 2632 1605; x_wconf 80' lang='lat' dir='ltr'><strong><em>dederit</em></strong></span> <span class='ocrx_word' id='word_1_209' title='bbox 2653 1550 3032 1620; x_wconf 63' lang='lat' dir='ltr'><strong><em>lﬁdejnssorem</em></strong></span> <span class='ocrx_word' id='word_1_210' title='bbox 3064 1565 3085 1602; x_wconf 93' lang='lat'><strong><em>:</em></strong></span> <span class='ocrx_word' id='word_1_211' title='bbox 3117 1548 3164 1603; x_wconf 84' lang='lat' dir='ltr'><strong><em>si</em></strong></span> <span class='ocrx_word' id='word_1_212' title='bbox 3208 1565 3327 1604; x_wconf 82' lang='lat' dir='ltr'><strong><em>vero</em></strong></span> <span class='ocrx_word' id='word_1_213' title='bbox 3367 1546 3654 1618; x_wconf 70' lang='lat' dir='ltr'><strong><em>ﬁdeiusso-</em></strong></span> 
     </span>
    </p>
   </div>
   <div class='ocr_carea' id='block_1_31' title="bbox 2075 1642 3654 1715">
    <p class='ocr_par' dir='ltr' id='par_1_31' title="bbox 2075 1642 3654 1715">
     <span class='ocr_line' id='line_1_31' title="bbox 2075 1642 3654 1715; baseline 0.001 -18"><span class='ocrx_word' id='word_1_214' title='bbox 2075 1660 2184 1698; x_wconf 87' lang='lat' dir='ltr'><strong><em>rem</em></strong></span> <span class='ocrx_word' id='word_1_215' title='bbox 2227 1660 2331 1699; x_wconf 86' lang='lat' dir='ltr'><strong><em>non</em></strong></span> <span class='ocrx_word' id='word_1_216' title='bbox 2362 1643 2587 1708; x_wconf 85' lang='lat' dir='ltr'><strong><em>dederit,</em></strong></span> <span class='ocrx_word' id='word_1_217' title='bbox 2638 1643 2896 1699; x_wconf 77' lang='lat' dir='ltr'><strong><em>tenebitur</em></strong></span> <span class='ocrx_word' id='word_1_218' title='bbox 2919 1643 3131 1715; x_wconf 84' lang='lat' dir='ltr'><strong><em>quidem</em></strong></span> <span class='ocrx_word' id='word_1_219' title='bbox 3167 1642 3223 1698; x_wconf 81' lang='lat' dir='ltr'><strong><em>in</em></strong></span> <span class='ocrx_word' id='word_1_220' title='bbox 3255 1643 3532 1709; x_wconf 81' lang='lat' dir='ltr'><strong><em>custodia,</em></strong></span> <span class='ocrx_word' id='word_1_221' title='bbox 3560 1656 3654 1699; x_wconf 73' lang='lat' dir='ltr'><strong><em>ex-</em></strong></span> 
     </span>
    </p>
   </div>
   <div class='ocr_carea' id='block_1_32' title="bbox 2075 1736 3656 1810">
    <p class='ocr_par' dir='ltr' id='par_1_32' title="bbox 2075 1736 3656 1810">
     <span class='ocr_line' id='line_1_32' title="bbox 2075 1736 3656 1810; baseline -0.001 -18"><span class='ocrx_word' id='word_1_222' title='bbox 2075 1748 2279 1794; x_wconf 88' lang='lat' dir='ltr'><strong><em>traetur</em></strong></span> <span class='ocrx_word' id='word_1_223' title='bbox 2314 1750 2493 1793; x_wconf 83' lang='lat' dir='ltr'><strong><em>tamen</em></strong></span> <span class='ocrx_word' id='word_1_224' title='bbox 2542 1748 2589 1796; x_wconf 89' lang='lat' dir='ltr'><strong><em>et</em></strong></span> <span class='ocrx_word' id='word_1_225' title='bbox 2613 1737 2952 1810; x_wconf 86' lang='lat' dir='ltr'><strong><em>judicabitur</em></strong></span> <span class='ocrx_word' id='word_1_226' title='bbox 2982 1738 3145 1792; x_wconf 83' lang='lat' dir='ltr'><strong><em>donec</em></strong></span> <span class='ocrx_word' id='word_1_227' title='bbox 3170 1738 3431 1808; x_wconf 83' lang='lat' dir='ltr'><strong><em>judicium</em></strong></span> <span class='ocrx_word' id='word_1_228' title='bbox 3474 1736 3656 1791; x_wconf 66' lang='lat' dir='ltr'><strong><em>mani?-</em></strong></span> 
     </span>
    </p>
   </div>
   <div class='ocr_carea' id='block_1_33' title="bbox 394 1812 1973 1902">
    <p class='ocr_par' dir='ltr' id='par_1_33' title="bbox 394 1812 1968 1900">
     <span class='ocr_line' id='line_1_33' title="bbox 394 1812 1968 1900; baseline 0.015 -26"><span class='ocrx_word' id='word_1_229' title='bbox 394 1838 623 1890; x_wconf 81' lang='lat' dir='ltr'><strong><em>unquam</em></strong></span> <span class='ocrx_word' id='word_1_230' title='bbox 647 1824 944 1886; x_wconf 69' lang='lat' dir='ltr'><strong><em>Innitenses</em></strong></span> <span class='ocrx_word' id='word_1_231' title='bbox 981 1834 1247 1889; x_wconf 85' lang='lat' dir='ltr'><strong><em>dimittent</em></strong></span> <span class='ocrx_word' id='word_1_232' title='bbox 1294 1835 1432 1891; x_wconf 85' lang='lat' dir='ltr'><strong><em>hanc</em></strong></span> <span class='ocrx_word' id='word_1_233' title='bbox 1463 1844 1857 1898; x_wconf 76' lang='lat' dir='ltr'><strong><em>conventionem</em></strong></span> <span class='ocrx_word' id='word_1_234' title='bbox 1879 1812 1968 1900; x_wconf 26' lang='grc' dir='ltr'><strong><em>τινι</em></strong></span> 
     </span>
    </p>
   </div>
   <div class='ocr_carea' id='block_1_34' title="bbox 2076 1812 3651 1902">
    <p class='ocr_par' dir='ltr' id='par_1_34' title="bbox 2076 1826 3651 1902">
     <span class='ocr_line' id='line_1_34' title="bbox 2076 1826 3651 1902; baseline -0.003 -16"><span class='ocrx_word' id='word_1_235' title='bbox 2076 1829 2263 1902; x_wconf 77' lang='lat' dir='ltr'><strong><em>festum</em></strong></span> <span class='ocrx_word' id='word_1_236' title='bbox 2316 1841 2368 1887; x_wconf 90' lang='lat' dir='ltr'><strong><em>et</em></strong></span> <span class='ocrx_word' id='word_1_237' title='bbox 2432 1830 2559 1901; x_wconf 78' lang='lat' dir='ltr'><strong><em>ﬁnis</em></strong></span> <span class='ocrx_word' id='word_1_238' title='bbox 2601 1831 2799 1902; x_wconf 83' lang='lat' dir='ltr'><strong><em>judicii</em></strong></span> <span class='ocrx_word' id='word_1_239' title='bbox 2864 1831 3025 1901; x_wconf 72' lang='lat' dir='ltr'><strong><em>fuerit</em></strong></span> <span class='ocrx_word' id='word_1_240' title='bbox 3084 1830 3139 1885; x_wconf 88' lang='lat' dir='ltr'><strong><em>in</em></strong></span> <span class='ocrx_word' id='word_1_241' title='bbox 3206 1830 3340 1899; x_wconf 88' lang='lat' dir='ltr'><strong><em>ipso.</em></strong></span> <span class='ocrx_word' id='word_1_242' title='bbox 3401 1826 3651 1884; x_wconf 87' lang='lat' dir='ltr'><strong><em>Preterea</em></strong></span> 
     </span>
    </p>
   </div>
   <div class='ocr_carea' id='block_1_35' title="bbox 394 1914 1970 1999">
    <p class='ocr_par' dir='ltr' id='par_1_35' title="bbox 394 1914 1970 1999">
     <span class='ocr_line' id='line_1_35' title="bbox 394 1914 1970 1999; baseline 0.017 -32"><span class='ocrx_word' id='word_1_243' title='bbox 394 1914 591 1977; x_wconf 77' lang='lat' dir='ltr'><strong><em>facient</em></strong></span> <span class='ocrx_word' id='word_1_244' title='bbox 619 1930 806 1977; x_wconf 87' lang='lat' dir='ltr'><strong><em>contra</em></strong></span> <span class='ocrx_word' id='word_1_245' title='bbox 851 1940 989 1988; x_wconf 85' lang='lat' dir='ltr'><strong><em>eam,</em></strong></span> <span class='ocrx_word' id='word_1_246' title='bbox 1035 1942 1198 1999; x_wconf 84' lang='lat' dir='ltr'><strong><em>neque</em></strong></span> <span class='ocrx_word' id='word_1_247' title='bbox 1215 1947 1310 1998; x_wconf 86' lang='lat' dir='ltr'><strong><em>pro</em></strong></span> <span class='ocrx_word' id='word_1_248' title='bbox 1356 1918 1712 1997; x_wconf 82' lang='lat' dir='ltr'><strong><em>ecclesiastica</em></strong></span> <span class='ocrx_word' id='word_1_249' title='bbox 1761 1954 1970 1993; x_wconf 72' lang='lat' dir='ltr'><strong><em>excom-</em></strong></span> 
     </span>
    </p>
   </div>
   <div class='ocr_carea' id='block_1_36' title="bbox 392 2009 1967 2098">
    <p class='ocr_par' dir='ltr' id='par_1_36' title="bbox 392 2009 1967 2098">
     <span class='ocr_line' id='line_1_36' title="bbox 392 2009 1967 2098; baseline 0.017 -38"><span class='ocrx_word' id='word_1_250' title='bbox 392 2009 754 2075; x_wconf 77' lang='lat' dir='ltr'><strong><em>municationc</em></strong></span> <span class='ocrx_word' id='word_1_251' title='bbox 809 2031 977 2087; x_wconf 86' lang='lat' dir='ltr'><strong><em>neque</em></strong></span> <span class='ocrx_word' id='word_1_252' title='bbox 1025 2034 1121 2087; x_wconf 85' lang='lat' dir='ltr'><strong><em>pro</em></strong></span> <span class='ocrx_word' id='word_1_253' title='bbox 1164 2036 1409 2091; x_wconf 83' lang='lat' dir='ltr'><strong><em>precepto</em></strong></span> <span class='ocrx_word' id='word_1_254' title='bbox 1457 2023 1689 2098; x_wconf 77' lang='lat' dir='ltr'><strong><em>alicujus</em></strong></span> <span class='ocrx_word' id='word_1_255' title='bbox 1742 2030 1967 2087; x_wconf 84' lang='lat' dir='ltr'><strong><em>hominis</em></strong></span> 
     </span>
    </p>
   </div>
   <div class='ocr_carea' id='block_1_37' title="bbox 390 2105 1969 2187">
    <p class='ocr_par' dir='ltr' id='par_1_37' title="bbox 390 2105 1969 2187">
     <span class='ocr_line' id='line_1_37' title="bbox 390 2105 1969 2187; baseline 0.014 -32"><span class='ocrx_word' id='word_1_256' title='bbox 390 2105 641 2160; x_wconf 86' lang='lat' dir='ltr'><strong><em>coronati</em></strong></span> <span class='ocrx_word' id='word_1_257' title='bbox 685 2107 766 2162; x_wconf 78' lang='lat' dir='ltr'><strong><em>vel</em></strong></span> <span class='ocrx_word' id='word_1_258' title='bbox 809 2125 915 2164; x_wconf 88' lang='lat' dir='ltr'><strong><em>non</em></strong></span> <span class='ocrx_word' id='word_1_259' title='bbox 947 2116 1215 2179; x_wconf 83' lang='lat' dir='ltr'><strong><em>coronati,</em></strong></span> <span class='ocrx_word' id='word_1_260' title='bbox 1247 2118 1692 2187; x_wconf 85' lang='lat' dir='ltr'><strong><em>quemadmodum</em></strong></span> <span class='ocrx_word' id='word_1_261' title='bbox 1724 2122 1969 2177; x_wconf 88' lang='lat' dir='ltr'><strong><em>dominus</em></strong></span> 
     </span>
    </p>
   </div>
   <div class='ocr_carea' id='block_1_38' title="bbox 392 2192 1970 2281">
    <p class='ocr_par' dir='ltr' id='par_1_38' title="bbox 392 2192 1970 2281">
     <span class='ocr_line' id='line_1_38' title="bbox 392 2192 1970 2281; baseline 0.015 -34"><span class='ocrx_word' id='word_1_262' title='bbox 392 2192 695 2263; x_wconf 89' lang='lat' dir='ltr'><strong><em>Imperator</em></strong></span> <span class='ocrx_word' id='word_1_263' title='bbox 724 2210 770 2252; x_wconf 87' lang='lat' dir='ltr'><strong><em>et</em></strong></span> <span class='ocrx_word' id='word_1_264' title='bbox 795 2201 1007 2257; x_wconf 75' lang='lat' dir='ltr'><strong><em>heredes</em></strong></span> <span class='ocrx_word' id='word_1_265' title='bbox 1037 2205 1152 2274; x_wconf 83' lang='lat' dir='ltr'><strong><em>eius</em></strong></span> <span class='ocrx_word' id='word_1_266' title='bbox 1178 2217 1225 2260; x_wconf 87' lang='lat' dir='ltr'><strong><em>et</em></strong></span> <span class='ocrx_word' id='word_1_267' title='bbox 1268 2225 1591 2266; x_wconf 85' lang='lat' dir='ltr'><strong><em>successores</em></strong></span> <span class='ocrx_word' id='word_1_268' title='bbox 1633 2211 1853 2281; x_wconf 83' lang='lat' dir='ltr'><strong><em>Imperii</em></strong></span> <span class='ocrx_word' id='word_1_269' title='bbox 1885 2216 1970 2270; x_wconf 86' lang='lat' dir='ltr'><strong><em>sui</em></strong></span> 
     </span>
    </p>
   </div>
   <div class='ocr_carea' id='block_1_39' title="bbox 391 2285 1971 2373">
    <p class='ocr_par' dir='ltr' id='par_1_39' title="bbox 391 2285 1971 2373">
     <span class='ocr_line' id='line_1_39' title="bbox 391 2285 1971 2373; baseline 0.013 -34"><span class='ocrx_word' id='word_1_270' title='bbox 391 2285 581 2344; x_wconf 80' lang='lat' dir='ltr'><strong><em>debent</em></strong></span> <span class='ocrx_word' id='word_1_271' title='bbox 621 2289 895 2349; x_wconf 68' lang='lat' dir='ltr'><strong><em>observare</em></strong></span> <span class='ocrx_word' id='word_1_272' title='bbox 931 2312 1157 2365; x_wconf 84' lang='lat' dir='ltr'><strong><em>semper,</em></strong></span> <span class='ocrx_word' id='word_1_273' title='bbox 1200 2317 1302 2371; x_wconf 87' lang='lat' dir='ltr'><strong><em>que</em></strong></span> <span class='ocrx_word' id='word_1_274' title='bbox 1352 2304 1417 2356; x_wconf 86' lang='lat' dir='ltr'><strong><em>ab</em></strong></span> <span class='ocrx_word' id='word_1_275' title='bbox 1467 2301 1700 2371; x_wconf 86' lang='lat' dir='ltr'><strong><em>Imperio</em></strong></span> <span class='ocrx_word' id='word_1_276' title='bbox 1736 2322 1833 2361; x_wconf 86' lang='lat' dir='ltr'><strong><em>suo</em></strong></span> <span class='ocrx_word' id='word_1_277' title='bbox 1875 2321 1971 2373; x_wconf 83' lang='lat' dir='ltr'><strong><em>per</em></strong></span> 
     </span>
    </p>
   </div>
   <div class='ocr_carea' id='block_1_40' title="bbox 390 2384 1971 2465">
    <p class='ocr_par' dir='ltr' id='par_1_40' title="bbox 390 2384 1971 2465">
     <span class='ocr_line' id='line_1_40' title="bbox 390 2384 1971 2465; baseline 0.016 -34"><span class='ocrx_word' id='word_1_278' title='bbox 390 2394 604 2446; x_wconf 77' lang='lat' dir='ltr'><strong><em>presens</em></strong></span> <span class='ocrx_word' id='word_1_279' title='bbox 653 2384 967 2441; x_wconf 83' lang='lat' dir='ltr'><strong><em>crisobolum</em></strong></span> <span class='ocrx_word' id='word_1_280' title='bbox 1009 2387 1215 2465; x_wconf 80' lang='lat' dir='ltr'><strong><em>[logon]</em></strong></span> <span class='ocrx_word' id='word_1_281' title='bbox 1286 2396 1549 2461; x_wconf 84' lang='lat' dir='ltr'><strong><em>promissa</em></strong></span> <span class='ocrx_word' id='word_1_282' title='bbox 1596 2408 1717 2451; x_wconf 88' lang='lat' dir='ltr'><strong><em>sunt</em></strong></span> <span class='ocrx_word' id='word_1_283' title='bbox 1766 2396 1971 2456; x_wconf 78' lang='lat' dir='ltr'><strong><em>civitati</em></strong></span> 
     </span>
    </p>
   </div>
   <div class='ocr_carea' id='block_1_41' title="bbox 389 2469 1113 2543">
    <p class='ocr_par' dir='ltr' id='par_1_41' title="bbox 389 2469 1113 2543">
     <span class='ocr_line' id='line_1_41' title="bbox 389 2469 1113 2543; baseline 0.014 -18"><span class='ocrx_word' id='word_1_284' title='bbox 389 2469 700 2543; x_wconf 83' lang='lat' dir='ltr'><strong><em>Janue,que</em></strong></span> <span class='ocrx_word' id='word_1_285' title='bbox 723 2478 800 2531; x_wconf 89' lang='lat' dir='ltr'><strong><em>sic</em></strong></span> <span class='ocrx_word' id='word_1_286' title='bbox 828 2478 1113 2535; x_wconf 80' lang='lat' dir='ltr'><strong><em>habentur.</em></strong></span> 
     </span>
    </p>
   </div>
   <div class='ocr_carea' id='block_1_42' title="bbox 472 2564 1971 2644">
    <p class='ocr_par' dir='ltr' id='par_1_42' title="bbox 472 2564 1971 2644">
     <span class='ocr_line' id='line_1_42' title="bbox 472 2564 1971 2644; baseline 0.017 -28"><span class='ocrx_word' id='word_1_287' title='bbox 472 2581 493 2616; x_wconf 74' lang='grc' dir='ltr'><strong><em>ι</em></strong></span> <span class='ocrx_word' id='word_1_288' title='bbox 534 2564 757 2636; x_wconf 84' lang='lat' dir='ltr'><strong><em>Propter</em></strong></span> <span class='ocrx_word' id='word_1_289' title='bbox 784 2571 908 2642; x_wconf 79' lang='lat'><strong><em>(37)</em></strong></span> <span class='ocrx_word' id='word_1_290' title='bbox 944 2577 1080 2630; x_wconf 88' lang='lat' dir='ltr'><strong><em>enim</em></strong></span> <span class='ocrx_word' id='word_1_291' title='bbox 1108 2578 1338 2644; x_wconf 83' lang='lat' dir='ltr'><strong><em>gratiam</em></strong></span> <span class='ocrx_word' id='word_1_292' title='bbox 1368 2589 1418 2634; x_wconf 90' lang='lat' dir='ltr'><strong><em>et</em></strong></span> <span class='ocrx_word' id='word_1_293' title='bbox 1446 2582 1633 2637; x_wconf 79' lang='lat' dir='ltr'><strong><em>bonum</em></strong></span> <span class='ocrx_word' id='word_1_294' title='bbox 1651 2584 1971 2641; x_wconf 77' lang='lat' dir='ltr'><strong><em>voluntatem</em></strong></span> 
     </span>
    </p>
   </div>
   <div class='ocr_carea' id='block_1_43' title="bbox 392 2660 1971 2746">
    <p class='ocr_par' dir='ltr' id='par_1_43' title="bbox 392 2660 1971 2746">
     <span class='ocr_line' id='line_1_43' title="bbox 392 2660 1971 2746; baseline 0.018 -38"><span class='ocrx_word' id='word_1_295' title='bbox 392 2674 555 2727; x_wconf 86' lang='lat' dir='ltr'><strong><em>quam</em></strong></span> <span class='ocrx_word' id='word_1_296' title='bbox 604 2660 760 2717; x_wconf 87' lang='lat' dir='ltr'><strong><em>habet</em></strong></span> <span class='ocrx_word' id='word_1_297' title='bbox 808 2666 1052 2722; x_wconf 81' lang='lat' dir='ltr'><strong><em>dominus</em></strong></span> <span class='ocrx_word' id='word_1_298' title='bbox 1096 2673 1471 2729; x_wconf 87' lang='lat' dir='ltr'><strong><em>sanctissimus</em></strong></span> <span class='ocrx_word' id='word_1_299' title='bbox 1519 2674 1820 2746; x_wconf 84' lang='lat' dir='ltr'><strong><em>Imperator</em></strong></span> <span class='ocrx_word' id='word_1_300' title='bbox 1864 2678 1971 2735; x_wconf 55' lang='lat' dir='ltr'><strong><em>Ro-</em></strong></span> 
     </span>
    </p>
   </div>
   <div class='ocr_carea' id='block_1_44' title="bbox 394 2752 1972 2841">
    <p class='ocr_par' dir='ltr' id='par_1_44' title="bbox 394 2752 1972 2841">
     <span class='ocr_line' id='line_1_44' title="bbox 394 2752 1972 2841; baseline 0.018 -39"><span class='ocrx_word' id='word_1_301' title='bbox 394 2765 550 2805; x_wconf 84' lang='lat' dir='ltr'><strong><em>mean</em></strong></span> <span class='ocrx_word' id='word_1_302' title='bbox 580 2755 650 2807; x_wconf 90' lang='lat' dir='ltr'><strong><em>ad</em></strong></span> <span class='ocrx_word' id='word_1_303' title='bbox 674 2752 1001 2816; x_wconf 88' lang='lat' dir='ltr'><strong><em>habitatores</em></strong></span> <span class='ocrx_word' id='word_1_304' title='bbox 1034 2762 1263 2819; x_wconf 82' lang='lat' dir='ltr'><strong><em>civitatis</em></strong></span> <span class='ocrx_word' id='word_1_305' title='bbox 1294 2764 1491 2834; x_wconf 83' lang='lat' dir='ltr'><strong><em>Janue,</em></strong></span> <span class='ocrx_word' id='word_1_306' title='bbox 1527 2778 1577 2824; x_wconf 91' lang='lat' dir='ltr'><strong><em>et</em></strong></span> <span class='ocrx_word' id='word_1_307' title='bbox 1621 2784 1835 2841; x_wconf 88' lang='lat' dir='ltr'><strong><em>propter</em></strong></span> <span class='ocrx_word' id='word_1_308' title='bbox 1861 2791 1972 2829; x_wconf 85' lang='lat' dir='ltr'><strong><em>ser—</em></strong></span> 
     </span>
    </p>
   </div>
   <div class='ocr_carea' id='block_1_45' title="bbox 395 2845 1971 2936">
    <p class='ocr_par' dir='ltr' id='par_1_45' title="bbox 395 2845 1971 2936">
     <span class='ocr_line' id='line_1_45' title="bbox 395 2845 1971 2936; baseline 0.018 -39"><span class='ocrx_word' id='word_1_309' title='bbox 395 2845 588 2936; x_wconf 65' lang='lat' dir='ltr'><strong><em>uitium</em></strong></span> <span class='ocrx_word' id='word_1_310' title='bbox 643 2862 691 2903; x_wconf 82' lang='lat' dir='ltr'><strong><em>et</em></strong></span> <span class='ocrx_word' id='word_1_311' title='bbox 736 2851 897 2921; x_wconf 82' lang='lat' dir='ltr'><strong><em>fidem</em></strong></span> <span class='ocrx_word' id='word_1_312' title='bbox 955 2874 1113 2928; x_wconf 85' lang='lat' dir='ltr'><strong><em>quam</em></strong></span> <span class='ocrx_word' id='word_1_313' title='bbox 1171 2861 1521 2932; x_wconf 75' lang='lat' dir='ltr'><strong><em>manifestam</em></strong></span> <span class='ocrx_word' id='word_1_314' title='bbox 1580 2868 1840 2936; x_wconf 90' lang='lat' dir='ltr'><strong><em>complere</em></strong></span> <span class='ocrx_word' id='word_1_315' title='bbox 1901 2874 1971 2927; x_wconf 86' lang='lat' dir='ltr'><strong><em>ad</em></strong></span> 
     </span>
    </p>
   </div>
   <div class='ocr_carea' id='block_1_46' title="bbox 398 2932 1971 3029">
    <p class='ocr_par' dir='ltr' id='par_1_46' title="bbox 398 2932 1971 3029">
     <span class='ocr_line' id='line_1_46' title="bbox 398 2932 1971 3029; baseline 0.018 -40"><span class='ocrx_word' id='word_1_316' title='bbox 398 2932 685 3008; x_wconf 86' lang='lat' dir='ltr'><strong><em>Imperium</em></strong></span> <span class='ocrx_word' id='word_1_317' title='bbox 740 2944 855 3015; x_wconf 83' lang='lat' dir='ltr'><strong><em>ejus</em></strong></span> <span class='ocrx_word' id='word_1_318' title='bbox 909 2956 956 3001; x_wconf 88' lang='lat' dir='ltr'><strong><em>et</em></strong></span> <span class='ocrx_word' id='word_1_319' title='bbox 1017 2946 1328 3008; x_wconf 85' lang='lat' dir='ltr'><strong><em>Romaniom</em></strong></span> <span class='ocrx_word' id='word_1_320' title='bbox 1390 2955 1447 3010; x_wconf 87' lang='lat' dir='ltr'><strong><em>in</em></strong></span> <span class='ocrx_word' id='word_1_321' title='bbox 1496 2932 1871 3029; x_wconf 82' lang='lat' dir='ltr'><strong><em>sempiternum</em></strong></span> <span class='ocrx_word' id='word_1_322' title='bbox 1920 2973 1971 3018; x_wconf 86' lang='lat' dir='ltr'><strong><em>et</em></strong></span> 
     </span>
    </p>
   </div>
   <div class='ocr_carea' id='block_1_47' title="bbox 395 3036 1973 3111">
    <p class='ocr_par' dir='ltr' id='par_1_47' title="bbox 395 3036 1973 3111">
     <span class='ocr_line' id='line_1_47' title="bbox 395 3036 1973 3111; baseline 0.015 -26"><span class='ocrx_word' id='word_1_323' title='bbox 395 3046 635 3100; x_wconf 79' lang='lat' dir='ltr'><strong><em>semper,</em></strong></span> <span class='ocrx_word' id='word_1_324' title='bbox 697 3036 956 3102; x_wconf 87' lang='lat' dir='ltr'><strong><em>promittit</em></strong></span> <span class='ocrx_word' id='word_1_325' title='bbox 1010 3037 1303 3111; x_wconf 87' lang='lat' dir='ltr'><strong><em>Imperium</em></strong></span> <span class='ocrx_word' id='word_1_326' title='bbox 1353 3046 1484 3102; x_wconf 89' lang='lat' dir='ltr'><strong><em>dare</em></strong></span> <span class='ocrx_word' id='word_1_327' title='bbox 1545 3050 1749 3105; x_wconf 79' lang='lat' dir='ltr'><strong><em>civitati</em></strong></span> <span class='ocrx_word' id='word_1_328' title='bbox 1795 3050 1973 3111; x_wconf 74' lang='lat' dir='ltr'><strong><em>Janus</em></strong></span> 
     </span>
    </p>
   </div>
   <div class='ocr_carea' id='block_1_48' title="bbox 2069 1919 3654 1999">
    <p class='ocr_par' dir='ltr' id='par_1_48' title="bbox 2069 1919 3654 1999">
     <span class='ocr_line' id='line_1_48' title="bbox 2069 1919 3654 1999; baseline -0.004 -19"><span class='ocrx_word' id='word_1_329' title='bbox 2069 1925 2294 1995; x_wconf 69' lang='lat' dir='ltr'><strong><em>expletis</em></strong></span> <span class='ocrx_word' id='word_1_330' title='bbox 2331 1926 2564 1999; x_wconf 87' lang='lat' dir='ltr'><strong><em>quinque</em></strong></span> <span class='ocrx_word' id='word_1_331' title='bbox 2604 1925 2761 1980; x_wconf 86' lang='lat' dir='ltr'><strong><em>annis</em></strong></span> <span class='ocrx_word' id='word_1_332' title='bbox 2806 1924 3047 1979; x_wconf 86' lang='lat' dir='ltr'><strong><em>mittetur</em></strong></span> <span class='ocrx_word' id='word_1_333' title='bbox 3088 1921 3419 1979; x_wconf 87' lang='lat' dir='ltr'><strong><em>camerarius</em></strong></span> <span class='ocrx_word' id='word_1_334' title='bbox 3452 1919 3654 1975; x_wconf 85' lang='lat' dir='ltr'><strong><em>domini</em></strong></span> 
     </span>
    </p>
   </div>
   <div class='ocr_carea' id='block_1_49' title="bbox 2070 2014 3652 2089">
    <p class='ocr_par' dir='ltr' id='par_1_49' title="bbox 2070 2014 3652 2089">
     <span class='ocr_line' id='line_1_49' title="bbox 2070 2014 3652 2089; baseline -0.005 -14"><span class='ocrx_word' id='word_1_335' title='bbox 2070 2019 2418 2089; x_wconf 87' lang='lat' dir='ltr'><strong><em>Imperatoris</em></strong></span> <span class='ocrx_word' id='word_1_336' title='bbox 2468 2020 2538 2076; x_wconf 90' lang='lat' dir='ltr'><strong><em>ad</em></strong></span> <span class='ocrx_word' id='word_1_337' title='bbox 2582 2019 2870 2075; x_wconf 76' lang='lat' dir='ltr'><strong><em>uindictam</em></strong></span> <span class='ocrx_word' id='word_1_338' title='bbox 2912 2017 3217 2089; x_wconf 80' lang='lat' dir='ltr'><strong><em>faciendam</em></strong></span> <span class='ocrx_word' id='word_1_339' title='bbox 3263 2014 3652 2079; x_wconf 80' lang='lat' dir='ltr'><strong><em>Ianuensibus,</em></strong></span> 
     </span>
    </p>
   </div>
   <div class='ocr_carea' id='block_1_50' title="bbox 2076 2106 3639 2184">
    <p class='ocr_par' dir='ltr' id='par_1_50' title="bbox 2076 2106 3639 2184">
     <span class='ocr_line' id='line_1_50' title="bbox 2076 2106 3639 2184; baseline -0.006 -13"><span class='ocrx_word' id='word_1_340' title='bbox 2076 2114 2126 2171; x_wconf 88' lang='lat' dir='ltr'><strong><em>si</em></strong></span> <span class='ocrx_word' id='word_1_341' title='bbox 2172 2114 2276 2183; x_wconf 88' lang='lat' dir='ltr'><strong><em>ipsi</em></strong></span> <span class='ocrx_word' id='word_1_342' title='bbox 2305 2129 2399 2184; x_wconf 90' lang='lat' dir='ltr'><strong><em>per</em></strong></span> <span class='ocrx_word' id='word_1_343' title='bbox 2438 2114 2837 2169; x_wconf 86' lang='lat' dir='ltr'><strong><em>damnacioaem</em></strong></span> <span class='ocrx_word' id='word_1_344' title='bbox 2884 2111 3098 2168; x_wconf 86' lang='lat' dir='ltr'><strong><em>domino</em></strong></span> <span class='ocrx_word' id='word_1_345' title='bbox 3142 2108 3463 2165; x_wconf 73' lang='lat' dir='ltr'><strong><em>Imperatori</em></strong></span> <span class='ocrx_word' id='word_1_346' title='bbox 3499 2106 3639 2177; x_wconf 86' lang='lat' dir='ltr'><strong><em>fece-</em></strong></span> 
     </span>
    </p>
   </div>
   <div class='ocr_carea' id='block_1_51' title="bbox 2071 2208 2261 2264">
    <p class='ocr_par' dir='ltr' id='par_1_51' title="bbox 2071 2208 2261 2264">
     <span class='ocr_line' id='line_1_51' title="bbox 2071 2208 2261 2264; baseline -0.005 -1"><span class='ocrx_word' id='word_1_347' title='bbox 2071 2208 2200 2264; x_wconf 88' lang='lat' dir='ltr'><strong><em>rint.</em></strong></span> <span class='ocrx_word' id='word_1_348' title='bbox 2240 2226 2261 2262; x_wconf 83' lang='lat' dir='ltr'><strong><em>s</em></strong></span> 
     </span>
    </p>
   </div>
   <div class='ocr_carea' id='block_1_52' title="bbox 2141 2292 3645 2375">
    <p class='ocr_par' dir='ltr' id='par_1_52' title="bbox 2141 2292 3645 2375">
     <span class='ocr_line' id='line_1_52' title="bbox 2141 2292 3645 2375; baseline -0.012 -12"><span class='ocrx_word' id='word_1_349' title='bbox 2141 2301 2259 2362; x_wconf 86' lang='lat' dir='ltr'><strong><em>Ista</em></strong></span> <span class='ocrx_word' id='word_1_350' title='bbox 2292 2308 2469 2363; x_wconf 86' lang='lat' dir='ltr'><strong><em>omnia</em></strong></span> <span class='ocrx_word' id='word_1_351' title='bbox 2501 2306 2554 2362; x_wconf 88' lang='lat' dir='ltr'><strong><em>in</em></strong></span> <span class='ocrx_word' id='word_1_352' title='bbox 2580 2305 2808 2375; x_wconf 82' lang='lat' dir='ltr'><strong><em>presenti</em></strong></span> <span class='ocrx_word' id='word_1_353' title='bbox 2833 2310 2985 2360; x_wconf 86' lang='lat' dir='ltr'><strong><em>carta</em></strong></span> <span class='ocrx_word' id='word_1_354' title='bbox 3019 2298 3315 2372; x_wconf 77' lang='lat' dir='ltr'><strong><em>signiﬁcata</em></strong></span> <span class='ocrx_word' id='word_1_355' title='bbox 3353 2292 3645 2351; x_wconf 47' lang='lat' dir='ltr'><strong><em>conventio.</em></strong></span> 
     </span>
    </p>
   </div>
   <div class='ocr_carea' id='block_1_53' title="bbox 2067 2385 3641 2479">
    <p class='ocr_par' dir='ltr' id='par_1_53' title="bbox 2067 2385 3641 2479">
     <span class='ocr_line' id='line_1_53' title="bbox 2067 2385 3641 2479; baseline -0.015 -15"><span class='ocrx_word' id='word_1_356' title='bbox 2067 2424 2163 2477; x_wconf 84' lang='lat' dir='ltr'><strong><em>ego</em></strong></span> <span class='ocrx_word' id='word_1_357' title='bbox 2191 2404 2586 2479; x_wconf 87' lang='lat' dir='ltr'><strong><em>prenominatus</em></strong></span> <span class='ocrx_word' id='word_1_358' title='bbox 2612 2401 2836 2455; x_wconf 84' lang='lat' dir='ltr'><strong><em>nuncius</em></strong></span> <span class='ocrx_word' id='word_1_359' title='bbox 2859 2397 3089 2453; x_wconf 80' lang='lat' dir='ltr'><strong><em>ciuitatis</em></strong></span> <span class='ocrx_word' id='word_1_360' title='bbox 3110 2396 3289 2451; x_wconf 78' lang='lat' dir='ltr'><strong><em>Ianus</em></strong></span> <span class='ocrx_word' id='word_1_361' title='bbox 3332 2390 3550 2446; x_wconf 78' lang='lat' dir='ltr'><strong><em>Amicus</em></strong></span> <span class='ocrx_word' id='word_1_362' title='bbox 3574 2385 3641 2441; x_wconf 86' lang='lat' dir='ltr'><strong><em>de</em></strong></span> 
     </span>
    </p>
   </div>
   <div class='ocr_carea' id='block_1_54' title="bbox 2072 2487 3651 2574">
    <p class='ocr_par' dir='ltr' id='par_1_54' title="bbox 2072 2487 3651 2574">
     <span class='ocr_line' id='line_1_54' title="bbox 2072 2487 3651 2574; baseline -0.016 -16"><span class='ocrx_word' id='word_1_363' title='bbox 2072 2502 2253 2560; x_wconf 67' lang='grc' dir='ltr'><strong><em>Μανία</em></strong></span> <span class='ocrx_word' id='word_1_364' title='bbox 2282 2511 2330 2555; x_wconf 85' lang='lat' dir='ltr'><strong><em>et</em></strong></span> <span class='ocrx_word' id='word_1_365' title='bbox 2353 2502 2479 2574; x_wconf 89' lang='lat' dir='ltr'><strong><em>jura</em></strong></span> <span class='ocrx_word' id='word_1_366' title='bbox 2512 2500 2621 2556; x_wconf 89' lang='lat' dir='ltr'><strong><em>sine</em></strong></span> <span class='ocrx_word' id='word_1_367' title='bbox 2659 2495 2851 2567; x_wconf 78' lang='lat' dir='ltr'><strong><em>fraude</em></strong></span> <span class='ocrx_word' id='word_1_368' title='bbox 2891 2500 2941 2548; x_wconf 88' lang='lat' dir='ltr'><strong><em>et</em></strong></span> <span class='ocrx_word' id='word_1_369' title='bbox 2984 2489 3126 2545; x_wconf 81' lang='lat' dir='ltr'><strong><em>malo</em></strong></span> <span class='ocrx_word' id='word_1_370' title='bbox 3157 2487 3390 2558; x_wconf 78' lang='lat' dir='ltr'><strong><em>ingenio,</em></strong></span> <span class='ocrx_word' id='word_1_371' title='bbox 3414 2498 3481 2538; x_wconf 71' lang='lat' dir='ltr'><strong><em>ex</em></strong></span> <span class='ocrx_word' id='word_1_372' title='bbox 3529 2496 3651 2574; x_wconf 71' lang='lat' dir='ltr'><strong><em>pre-</em></strong></span> 
     </span>
    </p>
   </div>
   <div class='ocr_carea' id='block_1_55' title="bbox 2071 2571 3650 2665">
    <p class='ocr_par' dir='ltr' id='par_1_55' title="bbox 2071 2571 3650 2665">
     <span class='ocr_line' id='line_1_55' title="bbox 2071 2571 3650 2665; baseline -0.02 -10"><span class='ocrx_word' id='word_1_373' title='bbox 2071 2609 2219 2665; x_wconf 82' lang='lat' dir='ltr'><strong><em>cepto</em></strong></span> <span class='ocrx_word' id='word_1_374' title='bbox 2248 2606 2295 2651; x_wconf 91' lang='lat' dir='ltr'><strong><em>et</em></strong></span> <span class='ocrx_word' id='word_1_375' title='bbox 2331 2571 2599 2651; x_wconf 65' lang='lat' dir='ltr'><strong><em>uoluntate</em></strong></span> <span class='ocrx_word' id='word_1_376' title='bbox 2622 2584 3025 2658; x_wconf 75' lang='lat' dir='ltr'><strong><em>archiepiscopi,</em></strong></span> <span class='ocrx_word' id='word_1_377' title='bbox 3083 2578 3363 2636; x_wconf 81' lang='lat' dir='ltr'><strong><em>consulunt</em></strong></span> <span class='ocrx_word' id='word_1_378' title='bbox 3389 2586 3436 2630; x_wconf 92' lang='lat' dir='ltr'><strong><em>et</em></strong></span> <span class='ocrx_word' id='word_1_379' title='bbox 3478 2571 3650 2665; x_wconf 84' lang='lat' dir='ltr'><strong><em>tocius</em></strong></span> 
     </span>
    </p>
   </div>
   <div class='ocr_carea' id='block_1_56' title="bbox 2073 2663 3649 2749">
    <p class='ocr_par' dir='ltr' id='par_1_56' title="bbox 2073 2663 3649 2749">
     <span class='ocr_line' id='line_1_56' title="bbox 2073 2663 3649 2749; baseline -0.018 0"><span class='ocrx_word' id='word_1_380' title='bbox 2073 2663 2300 2749; x_wconf 62' lang='lat' dir='ltr'><strong><em>ciuitatis</em></strong></span> <span class='ocrx_word' id='word_1_381' title='bbox 2343 2686 2637 2745; x_wconf 85' lang='lat' dir='ltr'><strong><em>communis</em></strong></span> <span class='ocrx_word' id='word_1_382' title='bbox 2689 2680 2921 2737; x_wconf 83' lang='lat' dir='ltr'><strong><em>civitatis</em></strong></span> <span class='ocrx_word' id='word_1_383' title='bbox 2974 2676 3152 2732; x_wconf 82' lang='lat' dir='ltr'><strong><em>Janue</em></strong></span> <span class='ocrx_word' id='word_1_384' title='bbox 3195 2669 3492 2727; x_wconf 85' lang='lat' dir='ltr'><strong><em>communis</em></strong></span> <span class='ocrx_word' id='word_1_385' title='bbox 3534 2663 3649 2734; x_wconf 73' lang='grc'><strong><em>(59)</em></strong></span> 
     </span>
    </p>
   </div>
   <div class='ocr_carea' id='block_1_57' title="bbox 2072 2760 3651 2854">
    <p class='ocr_par' dir='ltr' id='par_1_57' title="bbox 2072 2760 3651 2854">
     <span class='ocr_line' id='line_1_57' title="bbox 2072 2760 3651 2854; baseline -0.02 -12"><span class='ocrx_word' id='word_1_386' title='bbox 2072 2785 2382 2854; x_wconf 75' lang='lat' dir='ltr'><strong><em>conﬁrmari</em></strong></span> <span class='ocrx_word' id='word_1_387' title='bbox 2420 2791 2469 2837; x_wconf 92' lang='lat' dir='ltr'><strong><em>et</em></strong></span> <span class='ocrx_word' id='word_1_388' title='bbox 2515 2775 2781 2836; x_wconf 83' lang='lat' dir='ltr'><strong><em>observari</em></strong></span> <span class='ocrx_word' id='word_1_389' title='bbox 2833 2773 2897 2827; x_wconf 89' lang='lat' dir='ltr'><strong><em>ab</em></strong></span> <span class='ocrx_word' id='word_1_390' title='bbox 2938 2773 3014 2826; x_wconf 83' lang='lat' dir='ltr'><strong><em>eis</em></strong></span> <span class='ocrx_word' id='word_1_391' title='bbox 3034 2778 3083 2824; x_wconf 93' lang='lat' dir='ltr'><strong><em>et</em></strong></span> <span class='ocrx_word' id='word_1_392' title='bbox 3102 2765 3286 2839; x_wconf 80' lang='lat' dir='ltr'><strong><em>jnrari</em></strong></span> <span class='ocrx_word' id='word_1_393' title='bbox 3325 2770 3374 2818; x_wconf 86' lang='lat' dir='ltr'><strong><em>et</em></strong></span> <span class='ocrx_word' id='word_1_394' title='bbox 3410 2760 3570 2831; x_wconf 74' lang='lat' dir='ltr'><strong><em>ﬁrma</em></strong></span> <span class='ocrx_word' id='word_1_395' title='bbox 3599 2766 3651 2812; x_wconf 72' lang='lat' dir='ltr'><strong><em>et</em></strong></span> 
     </span>
    </p>
   </div>
   <div class='ocr_carea' id='block_1_58' title="bbox 2072 2868 3394 2936">
    <p class='ocr_par' dir='ltr' id='par_1_58' title="bbox 2072 2868 3394 2936">
     <span class='ocr_line' id='line_1_58' title="bbox 2072 2868 3394 2936; baseline -0.02 0"><span class='ocrx_word' id='word_1_396' title='bbox 2072 2879 2289 2936; x_wconf 81' lang='lat' dir='ltr'><strong><em>stabilia</em></strong></span> <span class='ocrx_word' id='word_1_397' title='bbox 2322 2875 2586 2932; x_wconf 86' lang='lat' dir='ltr'><strong><em>custodire</em></strong></span> <span class='ocrx_word' id='word_1_398' title='bbox 2610 2874 2663 2927; x_wconf 86' lang='lat' dir='ltr'><strong><em>in</em></strong></span> <span class='ocrx_word' id='word_1_399' title='bbox 2694 2868 3070 2936; x_wconf 86' lang='lat' dir='ltr'><strong><em>sempiternum</em></strong></span> <span class='ocrx_word' id='word_1_400' title='bbox 3093 2872 3141 2916; x_wconf 92' lang='lat' dir='ltr'><strong><em>et</em></strong></span> <span class='ocrx_word' id='word_1_401' title='bbox 3167 2872 3394 2926; x_wconf 81' lang='lat' dir='ltr'><strong><em>semper.</em></strong></span> 
     </span>
    </p>
   </div>
   <div class='ocr_carea' id='block_1_59' title="bbox 2149 2951 3656 3040">
    <p class='ocr_par' dir='ltr' id='par_1_59' title="bbox 2149 2951 3656 3040">
     <span class='ocr_line' id='line_1_59' title="bbox 2149 2951 3656 3040; baseline -0.019 -16"><span class='ocrx_word' id='word_1_402' title='bbox 2149 2966 2601 3040; x_wconf 78' lang='lat' dir='ltr'><strong><em>Quandoquidem</em></strong></span> <span class='ocrx_word' id='word_1_403' title='bbox 2635 2969 2943 3033; x_wconf 84' lang='lat' dir='ltr'><strong><em>presenlem</em></strong></span> <span class='ocrx_word' id='word_1_404' title='bbox 2976 2951 3317 3026; x_wconf 82' lang='lat' dir='ltr'><strong><em>siupboniam</em></strong></span> <span class='ocrx_word' id='word_1_405' title='bbox 3342 2956 3398 3003; x_wconf 84' lang='lat' dir='ltr'><strong><em>et</em></strong></span> <span class='ocrx_word' id='word_1_406' title='bbox 3419 2959 3656 3005; x_wconf 80' lang='lat' dir='ltr'><strong><em>conva-</em></strong></span> 
     </span>
    </p>
   </div>
   <div class='ocr_carea' id='block_1_60' title="bbox 2079 3044 3655 3134">
    <p class='ocr_par' dir='ltr' id='par_1_60' title="bbox 2079 3044 3655 3134">
     <span class='ocr_line' id='line_1_60' title="bbox 2079 3044 3655 3134; baseline -0.021 -13"><span class='ocrx_word' id='word_1_407' title='bbox 2079 3066 2284 3121; x_wconf 87' lang='lat' dir='ltr'><strong><em>tionem</em></strong></span> <span class='ocrx_word' id='word_1_408' title='bbox 2314 3058 2733 3134; x_wconf 81' lang='lat' dir='ltr'><strong><em>preuominatns</em></strong></span> <span class='ocrx_word' id='word_1_409' title='bbox 2771 3049 3003 3132; x_wconf 82' lang='lat' dir='ltr'><strong><em>nuncius</em></strong></span> <span class='ocrx_word' id='word_1_410' title='bbox 3038 3044 3169 3101; x_wconf 79' lang='lat' dir='ltr'><strong><em>fecit</em></strong></span> <span class='ocrx_word' id='word_1_411' title='bbox 3212 3051 3267 3098; x_wconf 87' lang='lat' dir='ltr'><strong><em>et</em></strong></span> <span class='ocrx_word' id='word_1_412' title='bbox 3310 3045 3655 3099; x_wconf 79' lang='lat' dir='ltr'><strong><em>sacramento</em></strong></span> 
     </span>
    </p>
   </div>
   <div class='ocr_carea' id='block_1_61' title="bbox 400 3123 3655 3230">
    <p class='ocr_par' dir='ltr' id='par_1_61' title="bbox 400 3123 3655 3230">
     <span class='ocr_line' id='line_1_61' title="bbox 400 3123 3655 3230; baseline -0.017 4"><span class='ocrx_word' id='word_1_413' title='bbox 400 3123 658 3230; x_wconf 34' lang='lat' dir='ltr'><strong><em>“fama:</em></strong></span> <span class='ocrx_word' id='word_1_414' title='bbox 702 3138 750 3183; x_wconf 59' lang='grc' dir='ltr'><em>θ’</em></span> <span class='ocrx_word' id='word_1_415' title='bbox 784 3129 985 3186; x_wconf 53' lang='lat' dir='ltr'><strong><em>“dum</em></strong></span> <span class='ocrx_word' id='word_1_416' title='bbox 1021 3146 1069 3188; x_wconf 66' lang='grc'><strong><em>⁸³</em></strong></span> <span class='ocrx_word' id='word_1_417' title='bbox 1098 3136 1375 3192; x_wconf 47' lang='lat' dir='ltr'><strong><em>“dedam</em></strong></span> <span class='ocrx_word' id='word_1_418' title='bbox 1410 3140 1553 3196; x_wconf 60' lang='lat'><strong><em>“1””</em></strong></span> <span class='ocrx_word' id='word_1_419' title='bbox 1594 3142 1973 3201; x_wconf 64' lang='grc' dir='ltr'><strong><em>δοηπαηιίηο·</em></strong></span> <span class='ocrx_word' id='word_1_420' title='bbox 1999 3172 2047 3230; x_wconf 67' lang='grc' dir='ltr'><strong>ο</strong></span> <span class='ocrx_word' id='word_1_421' title='bbox 2080 3160 2223 3217; x_wconf 82' lang='lat' dir='ltr'><strong><em>hanc</em></strong></span> <span class='ocrx_word' id='word_1_422' title='bbox 2249 3123 2762 3216; x_wconf 75' lang='lat' dir='ltr'><strong><em>conﬁrmavit,ecce</em></strong></span> <span class='ocrx_word' id='word_1_423' title='bbox 2787 3152 2844 3200; x_wconf 85' lang='lat' dir='ltr'><strong><em>et</em></strong></span> <span class='ocrx_word' id='word_1_424' title='bbox 2873 3126 3168 3213; x_wconf 77' lang='lat' dir='ltr'><strong><em>imperium</em></strong></span> <span class='ocrx_word' id='word_1_425' title='bbox 3193 3146 3371 3191; x_wconf 82' lang='lat' dir='ltr'><strong><em>meum</em></strong></span> <span class='ocrx_word' id='word_1_426' title='bbox 3408 3144 3503 3201; x_wconf 86' lang='lat' dir='ltr'><strong><em>per</em></strong></span> <span class='ocrx_word' id='word_1_427' title='bbox 3530 3141 3655 3196; x_wconf 87' lang='lat' dir='ltr'><strong><em>pre-</em></strong></span> 
     </span>
    </p>
   </div>
   <div class='ocr_carea' id='block_1_62' title="bbox 404 3216 3655 3314">
    <p class='ocr_par' dir='ltr' id='par_1_62' title="bbox 404 3216 3655 3314">
     <span class='ocr_line' id='line_1_62' title="bbox 404 3216 3655 3314; baseline 0.005 -45"><span class='ocrx_word' id='word_1_428' title='bbox 404 3216 562 3314; x_wconf 82' lang='lat' dir='ltr'><strong><em>polim</em></strong></span> <span class='ocrx_word' id='word_1_429' title='bbox 621 3218 679 3273; x_wconf 91' lang='lat' dir='ltr'><strong><em>in</em></strong></span> <span class='ocrx_word' id='word_1_430' title='bbox 722 3222 835 3277; x_wconf 87' lang='lat' dir='ltr'><strong><em>loco</em></strong></span> <span class='ocrx_word' id='word_1_431' title='bbox 891 3225 982 3294; x_wconf 88' lang='lat' dir='ltr'><strong><em>qui</em></strong></span> <span class='ocrx_word' id='word_1_432' title='bbox 1034 3227 1229 3282; x_wconf 88' lang='lat' dir='ltr'><strong><em>dicitur</em></strong></span> <span class='ocrx_word' id='word_1_433' title='bbox 1271 3229 1415 3286; x_wconf 82' lang='lat' dir='ltr'><strong><em>Orcu</em></strong></span> <span class='ocrx_word' id='word_1_434' title='bbox 1458 3233 1514 3289; x_wconf 90' lang='lat' dir='ltr'><strong><em>in</em></strong></span> <span class='ocrx_word' id='word_1_435' title='bbox 1560 3224 1686 3290; x_wconf 84' lang='lat' dir='ltr'><strong><em>loco</em></strong></span> <span class='ocrx_word' id='word_1_436' title='bbox 1735 3241 1870 3294; x_wconf 89' lang='lat' dir='ltr'><strong><em>bono</em></strong></span> <span class='ocrx_word' id='word_1_437' title='bbox 1918 3251 1969 3295; x_wconf 80' lang='lat' dir='ltr'><strong><em>et</em></strong></span> <span class='ocrx_word' id='word_1_438' title='bbox 2000 3216 2047 3236; x_wconf 54' lang='grc' dir='ltr'>υ</span> <span class='ocrx_word' id='word_1_439' title='bbox 2071 3216 2201 3309; x_wconf 55' lang='lat' dir='ltr'><strong><em>gens</em></strong></span> <span class='ocrx_word' id='word_1_440' title='bbox 2224 3244 2550 3305; x_wconf 86' lang='lat' dir='ltr'><strong><em>crisobolum</em></strong></span> <span class='ocrx_word' id='word_1_441' title='bbox 2628 3234 2846 3314; x_wconf 74' lang='lat' dir='ltr'><strong><em>[logon]</em></strong></span> <span class='ocrx_word' id='word_1_442' title='bbox 2872 3237 3011 3307; x_wconf 79' lang='lat' dir='ltr'><strong><em>ejus.</em></strong></span> <span class='ocrx_word' id='word_1_443' title='bbox 3045 3244 3230 3299; x_wconf 75' lang='lat' dir='ltr'><strong><em>(tuum.</em></strong></span> <span class='ocrx_word' id='word_1_444' title='bbox 3260 3220 3655 3285; x_wconf 63' lang='grc' dir='ltr'><strong><em>βίυηῖνετεῖίαε</em></strong></span> 
     </span>
    </p>
   </div>
   <div class='ocr_carea' id='block_1_63' title="bbox 398 3311 1971 3401">
    <p class='ocr_par' dir='ltr' id='par_1_63' title="bbox 398 3311 1971 3401">
     <span class='ocr_line' id='line_1_63' title="bbox 398 3311 1971 3401; baseline 0.017 -40"><span class='ocrx_word' id='word_1_445' title='bbox 398 3311 673 3375; x_wconf 84' lang='lat' dir='ltr'><strong><em>placabili.</em></strong></span> <span class='ocrx_word' id='word_1_446' title='bbox 710 3315 777 3371; x_wconf 80' lang='lat' dir='ltr'><strong><em>Et</em></strong></span> <span class='ocrx_word' id='word_1_447' title='bbox 822 3318 953 3373; x_wconf 82' lang='lat' dir='ltr'><strong><em>dare</em></strong></span> <span class='ocrx_word' id='word_1_448' title='bbox 999 3322 1200 3376; x_wconf 82' lang='lat' dir='ltr'><strong><em>civitati</em></strong></span> <span class='ocrx_word' id='word_1_449' title='bbox 1245 3321 1422 3381; x_wconf 79' lang='lat' dir='ltr'><strong><em>Janue</em></strong></span> <span class='ocrx_word' id='word_1_450' title='bbox 1457 3336 1505 3382; x_wconf 91' lang='lat' dir='ltr'><strong><em>et</em></strong></span> <span class='ocrx_word' id='word_1_451' title='bbox 1537 3333 1801 3385; x_wconf 86' lang='lat' dir='ltr'><strong><em>communi</em></strong></span> <span class='ocrx_word' id='word_1_452' title='bbox 1840 3349 1971 3401; x_wconf 85' lang='lat' dir='ltr'><strong><em>pro-</em></strong></span> 
     </span>
    </p>
   </div>
   <div class='ocr_carea' id='block_1_64' title="bbox 396 3407 1973 3489">
    <p class='ocr_par' dir='ltr' id='par_1_64' title="bbox 396 3407 1973 3489">
     <span class='ocr_line' id='line_1_64' title="bbox 396 3407 1973 3489; baseline 0.017 -35"><span class='ocrx_word' id='word_1_453' title='bbox 396 3414 516 3471; x_wconf 88' lang='lat' dir='ltr'><strong><em>pter</em></strong></span> <span class='ocrx_word' id='word_1_454' title='bbox 548 3407 865 3481; x_wconf 81' lang='lat' dir='ltr'><strong><em>solempnias</em></strong></span> <span class='ocrx_word' id='word_1_455' title='bbox 894 3413 1121 3484; x_wconf 82' lang='lat' dir='ltr'><strong><em>singulis</em></strong></span> <span class='ocrx_word' id='word_1_456' title='bbox 1156 3420 1310 3474; x_wconf 87' lang='lat' dir='ltr'><strong><em>annis</em></strong></span> <span class='ocrx_word' id='word_1_457' title='bbox 1340 3435 1587 3489; x_wconf 88' lang='lat' dir='ltr'><strong><em>perperos</em></strong></span> <span class='ocrx_word' id='word_1_458' title='bbox 1626 3421 1671 3476; x_wconf 88' lang='lat' dir='ltr'><strong><em>D</em></strong></span> <span class='ocrx_word' id='word_1_459' title='bbox 1713 3434 1760 3477; x_wconf 88' lang='lat' dir='ltr'><strong><em>et</em></strong></span> <span class='ocrx_word' id='word_1_460' title='bbox 1807 3426 1973 3489; x_wconf 87' lang='lat' dir='ltr'><strong><em>pallia</em></strong></span> 
     </span>
    </p>
   </div>
   <div class='ocr_carea' id='block_1_65' title="bbox 395 3496 1973 3588">
    <p class='ocr_par' dir='ltr' id='par_1_65' title="bbox 395 3496 1973 3588">
     <span class='ocr_line' id='line_1_65' title="bbox 395 3496 1973 3588; baseline 0.018 -41"><span class='ocrx_word' id='word_1_461' title='bbox 395 3496 525 3563; x_wconf 83' lang='lat' dir='ltr'><strong><em>duo,</em></strong></span> <span class='ocrx_word' id='word_1_462' title='bbox 565 3509 614 3553; x_wconf 84' lang='lat' dir='ltr'><strong><em>et</em></strong></span> <span class='ocrx_word' id='word_1_463' title='bbox 661 3505 1048 3576; x_wconf 82' lang='lat' dir='ltr'><strong><em>archiepiscopo</em></strong></span> <span class='ocrx_word' id='word_1_464' title='bbox 1081 3506 1257 3565; x_wconf 82' lang='lat' dir='ltr'><strong><em>Janue</em></strong></span> <span class='ocrx_word' id='word_1_465' title='bbox 1277 3529 1519 3581; x_wconf 86' lang='lat' dir='ltr'><strong><em>perperos</em></strong></span> <span class='ocrx_word' id='word_1_466' title='bbox 1558 3513 1648 3569; x_wconf 74' lang='lat' dir='ltr'><strong><em>LX</em></strong></span> <span class='ocrx_word' id='word_1_467' title='bbox 1677 3527 1725 3571; x_wconf 91' lang='lat' dir='ltr'><strong><em>et</em></strong></span> <span class='ocrx_word' id='word_1_468' title='bbox 1748 3520 1973 3588; x_wconf 80' lang='lat' dir='ltr'><strong><em>pallium</em></strong></span> 
     </span>
    </p>
   </div>
   <div class='ocr_carea' id='block_1_66' title="bbox 398 3591 1974 3669">
    <p class='ocr_par' dir='ltr' id='par_1_66' title="bbox 398 3591 1974 3669">
     <span class='ocr_line' id='line_1_66' title="bbox 398 3591 1974 3669; baseline 0.018 -28"><span class='ocrx_word' id='word_1_469' title='bbox 398 3605 585 3646; x_wconf 80' lang='lat' dir='ltr'><strong><em>unum.</em></strong></span> <span class='ocrx_word' id='word_1_470' title='bbox 627 3591 690 3648; x_wconf 86' lang='lat' dir='ltr'><strong><em>Et</em></strong></span> <span class='ocrx_word' id='word_1_471' title='bbox 718 3597 991 3652; x_wconf 73' lang='lat' dir='ltr'><strong><em>dabuntur</em></strong></span> <span class='ocrx_word' id='word_1_472' title='bbox 1037 3602 1190 3657; x_wconf 87' lang='lat' dir='ltr'><strong><em>modo</em></strong></span> <span class='ocrx_word' id='word_1_473' title='bbox 1219 3604 1379 3658; x_wconf 85' lang='lat' dir='ltr'><strong><em>simul</em></strong></span> <span class='ocrx_word' id='word_1_474' title='bbox 1409 3607 1610 3661; x_wconf 83' lang='lat' dir='ltr'><strong><em>civitati</em></strong></span> <span class='ocrx_word' id='word_1_475' title='bbox 1640 3621 1687 3665; x_wconf 85' lang='lat' dir='ltr'><strong><em>et</em></strong></span> <span class='ocrx_word' id='word_1_476' title='bbox 1710 3616 1974 3669; x_wconf 81' lang='lat' dir='ltr'><strong><em>communi</em></strong></span> 
     </span>
    </p>
   </div>
   <div class='ocr_carea' id='block_1_67' title="bbox 388 3683 1973 3771">
    <p class='ocr_par' dir='ltr' id='par_1_67' title="bbox 388 3683 1973 3771">
     <span class='ocr_line' id='line_1_67' title="bbox 388 3683 1973 3771; baseline 0.015 -33"><span class='ocrx_word' id='word_1_477' title='bbox 388 3683 574 3740; x_wconf 84' lang='lat' dir='ltr'><strong><em>&#39;Janue</em></strong></span> <span class='ocrx_word' id='word_1_478' title='bbox 613 3688 919 3759; x_wconf 82' lang='lat' dir='ltr'><strong><em>solemptias</em></strong></span> <span class='ocrx_word' id='word_1_479' title='bbox 951 3692 1065 3764; x_wconf 77' lang='grc'><strong><em>(38)</em></strong></span> <span class='ocrx_word' id='word_1_480' title='bbox 1104 3712 1363 3760; x_wconf 81' lang='lat' dir='ltr'><strong><em>annorum</em></strong></span> <span class='ocrx_word' id='word_1_481' title='bbox 1400 3697 1504 3754; x_wconf 76' lang='lat' dir='ltr'><strong><em>XX</em></strong></span> <span class='ocrx_word' id='word_1_482' title='bbox 1523 3700 1595 3755; x_wconf 79' lang='lat' dir='ltr'><strong><em>VI</em></strong></span> <span class='ocrx_word' id='word_1_483' title='bbox 1640 3714 1858 3771; x_wconf 87' lang='lat' dir='ltr'><strong><em>propter</em></strong></span> <span class='ocrx_word' id='word_1_484' title='bbox 1880 3723 1973 3762; x_wconf 72' lang='lat' dir='ltr'><strong><em>ex-</em></strong></span> 
     </span>
    </p>
   </div>
   <div class='ocr_carea' id='block_1_68' title="bbox 402 3784 1973 3853">
    <p class='ocr_par' dir='ltr' id='par_1_68' title="bbox 402 3784 1973 3853">
     <span class='ocr_line' id='line_1_68' title="bbox 402 3784 1973 3853; baseline 0.015 -23"><span class='ocrx_word' id='word_1_485' title='bbox 402 3793 595 3848; x_wconf 84' lang='lat' dir='ltr'><strong><em>pensas</em></strong></span> <span class='ocrx_word' id='word_1_486' title='bbox 616 3797 714 3850; x_wconf 86' lang='lat' dir='ltr'><strong><em>que</em></strong></span> <span class='ocrx_word' id='word_1_487' title='bbox 742 3784 816 3837; x_wconf 80' lang='lat' dir='ltr'><strong><em>eis</em></strong></span> <span class='ocrx_word' id='word_1_488' title='bbox 851 3785 1144 3842; x_wconf 85' lang='lat' dir='ltr'><strong><em>imminent.</em></strong></span> <span class='ocrx_word' id='word_1_489' title='bbox 1190 3787 1255 3843; x_wconf 82' lang='lat' dir='ltr'><strong><em>Et</em></strong></span> <span class='ocrx_word' id='word_1_490' title='bbox 1282 3803 1336 3845; x_wconf 87' lang='lat' dir='ltr'><strong><em>ut</em></strong></span> <span class='ocrx_word' id='word_1_491' title='bbox 1364 3792 1582 3847; x_wconf 86' lang='lat' dir='ltr'><strong><em>debeant</em></strong></span> <span class='ocrx_word' id='word_1_492' title='bbox 1607 3798 1973 3853; x_wconf 82' lang='lat' dir='ltr'><strong><em>commercium</em></strong></span> 
     </span>
    </p>
   </div>
   <div class='ocr_carea' id='block_1_69' title="bbox 397 3872 1975 3952">
    <p class='ocr_par' dir='ltr' id='par_1_69' title="bbox 397 3872 1975 3952">
     <span class='ocr_line' id='line_1_69' title="bbox 397 3872 1975 3952; baseline 0.015 -28"><span class='ocrx_word' id='word_1_493' title='bbox 397 3872 536 3925; x_wconf 88' lang='lat' dir='ltr'><strong><em>dare</em></strong></span> <span class='ocrx_word' id='word_1_494' title='bbox 573 3872 694 3930; x_wconf 85' lang='lat' dir='ltr'><strong><em>sic:</em></strong></span> <span class='ocrx_word' id='word_1_495' title='bbox 728 3875 964 3932; x_wconf 76' lang='lat' dir='ltr'><strong><em>uidelicet</em></strong></span> <span class='ocrx_word' id='word_1_496' title='bbox 1012 3879 1065 3933; x_wconf 90' lang='lat' dir='ltr'><strong><em>in</em></strong></span> <span class='ocrx_word' id='word_1_497' title='bbox 1100 3878 1613 3952; x_wconf 83' lang='lat' dir='ltr'><strong><em>Constantinopolim</em></strong></span> <span class='ocrx_word' id='word_1_498' title='bbox 1655 3886 1719 3942; x_wconf 82' lang='lat' dir='ltr'><strong><em>de</em></strong></span> <span class='ocrx_word' id='word_1_499' title='bbox 1769 3900 1975 3947; x_wconf 85' lang='lat' dir='ltr'><strong><em>centum</em></strong></span> 
     </span>
    </p>
   </div>
   <div class='ocr_carea' id='block_1_70' title="bbox 402 3966 1979 4037">
    <p class='ocr_par' dir='ltr' id='par_1_70' title="bbox 402 3966 1979 4037">
     <span class='ocr_line' id='line_1_70' title="bbox 402 3966 1979 4037; baseline 0.016 -25"><span class='ocrx_word' id='word_1_500' title='bbox 402 3970 659 4031; x_wconf 84' lang='lat' dir='ltr'><strong><em>quatuor,</em></strong></span> <span class='ocrx_word' id='word_1_501' title='bbox 707 3966 762 4019; x_wconf 89' lang='lat' dir='ltr'><strong><em>in</em></strong></span> <span class='ocrx_word' id='word_1_502' title='bbox 810 3966 935 4023; x_wconf 87' lang='lat' dir='ltr'><strong><em>aliis</em></strong></span> <span class='ocrx_word' id='word_1_503' title='bbox 972 3985 1093 4025; x_wconf 83' lang='lat' dir='ltr'><strong><em>vero</em></strong></span> <span class='ocrx_word' id='word_1_504' title='bbox 1139 3974 1293 4028; x_wconf 88' lang='lat' dir='ltr'><strong><em>terris</em></strong></span> <span class='ocrx_word' id='word_1_505' title='bbox 1328 3972 1586 4031; x_wconf 79' lang='lat' dir='ltr'><strong><em>Romanie</em></strong></span> <span class='ocrx_word' id='word_1_506' title='bbox 1631 3978 1771 4033; x_wconf 87' lang='lat' dir='ltr'><strong><em>sicut</em></strong></span> <span class='ocrx_word' id='word_1_507' title='bbox 1821 3983 1979 4037; x_wconf 83' lang='lat' dir='ltr'><strong><em>ceteri</em></strong></span> 
     </span>
    </p>
   </div>
   <div class='ocr_carea' id='block_1_71' title="bbox 402 4051 1978 4129">
    <p class='ocr_par' dir='ltr' id='par_1_71' title="bbox 402 4051 1978 4129">
     <span class='ocr_line' id='line_1_71' title="bbox 402 4051 1978 4129; baseline 0.015 -22"><span class='ocrx_word' id='word_1_508' title='bbox 402 4051 583 4109; x_wconf 76' lang='lat' dir='ltr'><strong><em>Latini</em></strong></span> <span class='ocrx_word' id='word_1_509' title='bbox 614 4058 741 4113; x_wconf 87' lang='lat' dir='ltr'><strong><em>dant</em></strong></span> <span class='ocrx_word' id='word_1_510' title='bbox 771 4062 1163 4126; x_wconf 80' lang='lat' dir='ltr'><strong><em>commercium.</em></strong></span> <span class='ocrx_word' id='word_1_511' title='bbox 1190 4063 1567 4121; x_wconf 81' lang='lat' dir='ltr'><strong><em>Custodicntur</em></strong></span> <span class='ocrx_word' id='word_1_512' title='bbox 1594 4087 1709 4125; x_wconf 75' lang='lat' dir='ltr'><strong><em>vero</em></strong></span> <span class='ocrx_word' id='word_1_513' title='bbox 1736 4071 1978 4129; x_wconf 84' lang='lat' dir='ltr'><strong><em>Januen-</em></strong></span> 
     </span>
    </p>
   </div>
   <div class='ocr_carea' id='block_1_72' title="bbox 397 4156 1979 4227">
    <p class='ocr_par' dir='ltr' id='par_1_72' title="bbox 397 4156 1979 4227">
     <span class='ocr_line' id='line_1_72' title="bbox 397 4156 1979 4227; baseline 0.013 -25"><span class='ocrx_word' id='word_1_514' title='bbox 397 4163 487 4202; x_wconf 88' lang='lat' dir='ltr'><strong><em>ses</em></strong></span> <span class='ocrx_word' id='word_1_515' title='bbox 522 4158 570 4203; x_wconf 91' lang='lat' dir='ltr'><strong><em>et</em></strong></span> <span class='ocrx_word' id='word_1_516' title='bbox 614 4168 696 4206; x_wconf 89' lang='lat' dir='ltr'><strong><em>res</em></strong></span> <span class='ocrx_word' id='word_1_517' title='bbox 741 4170 922 4209; x_wconf 89' lang='lat' dir='ltr'><strong><em>eorum</em></strong></span> <span class='ocrx_word' id='word_1_518' title='bbox 971 4156 1173 4227; x_wconf 86' lang='lat' dir='ltr'><strong><em>integre</em></strong></span> <span class='ocrx_word' id='word_1_519' title='bbox 1211 4158 1265 4211; x_wconf 90' lang='lat' dir='ltr'><strong><em>in</em></strong></span> <span class='ocrx_word' id='word_1_520' title='bbox 1300 4161 1542 4216; x_wconf 87' lang='lat' dir='ltr'><strong><em>omnibus</em></strong></span> <span class='ocrx_word' id='word_1_521' title='bbox 1578 4166 1731 4219; x_wconf 89' lang='lat' dir='ltr'><strong><em>terris</em></strong></span> <span class='ocrx_word' id='word_1_522' title='bbox 1776 4168 1979 4223; x_wconf 82' lang='lat' dir='ltr'><strong><em>domini</em></strong></span> 
     </span>
    </p>
   </div>
   <div class='ocr_carea' id='block_1_73' title="bbox 400 4238 1977 4329">
    <p class='ocr_par' dir='ltr' id='par_1_73' title="bbox 400 4238 1977 4329">
     <span class='ocr_line' id='line_1_73' title="bbox 400 4238 1977 4329; baseline 0.014 -34"><span class='ocrx_word' id='word_1_523' title='bbox 400 4238 771 4310; x_wconf 82' lang='lat' dir='ltr'><strong><em>Imperatoris.</em></strong></span> <span class='ocrx_word' id='word_1_524' title='bbox 810 4245 871 4302; x_wconf 90' lang='lat' dir='ltr'><strong><em>Si</em></strong></span> <span class='ocrx_word' id='word_1_525' title='bbox 900 4262 1017 4303; x_wconf 73' lang='lat' dir='ltr'><strong><em>vero</em></strong></span> <span class='ocrx_word' id='word_1_526' title='bbox 1046 4250 1173 4304; x_wconf 87' lang='lat' dir='ltr'><strong><em>lesio</em></strong></span> <span class='ocrx_word' id='word_1_527' title='bbox 1199 4250 1381 4322; x_wconf 85' lang='lat' dir='ltr'><strong><em>aliqua</em></strong></span> <span class='ocrx_word' id='word_1_528' title='bbox 1416 4254 1489 4307; x_wconf 88' lang='lat' dir='ltr'><strong><em>eis</em></strong></span> <span class='ocrx_word' id='word_1_529' title='bbox 1521 4257 1585 4308; x_wconf 87' lang='lat' dir='ltr'><strong><em>ab</em></strong></span> <span class='ocrx_word' id='word_1_530' title='bbox 1613 4257 1792 4329; x_wconf 88' lang='lat' dir='ltr'><strong><em>aliqua</em></strong></span> <span class='ocrx_word' id='word_1_531' title='bbox 1827 4261 1977 4317; x_wconf 89' lang='lat' dir='ltr'><strong><em>illata</em></strong></span> 
     </span>
    </p>
   </div>
   <div class='ocr_carea' id='block_1_74' title="bbox 397 4332 1979 4423">
    <p class='ocr_par' dir='ltr' id='par_1_74' title="bbox 397 4332 1979 4423">
     <span class='ocr_line' id='line_1_74' title="bbox 397 4332 1979 4423; baseline 0.014 -35"><span class='ocrx_word' id='word_1_532' title='bbox 397 4334 481 4389; x_wconf 76' lang='lat' dir='ltr'><strong><em>vel</em></strong></span> <span class='ocrx_word' id='word_1_533' title='bbox 497 4332 637 4403; x_wconf 86' lang='lat' dir='ltr'><strong><em>facta</em></strong></span> <span class='ocrx_word' id='word_1_534' title='bbox 657 4337 836 4407; x_wconf 81' lang='lat' dir='ltr'><strong><em>fuerit,</em></strong></span> <span class='ocrx_word' id='word_1_535' title='bbox 868 4340 1121 4396; x_wconf 78' lang='lat' dir='ltr'><strong><em>inuenient</em></strong></span> <span class='ocrx_word' id='word_1_536' title='bbox 1139 4342 1411 4410; x_wconf 82' lang='lat' dir='ltr'><strong><em>jnsticiam</em></strong></span> <span class='ocrx_word' id='word_1_537' title='bbox 1436 4352 1500 4400; x_wconf 86' lang='lat' dir='ltr'><strong><em>ab</em></strong></span> <span class='ocrx_word' id='word_1_538' title='bbox 1527 4347 1748 4415; x_wconf 84' lang='lat' dir='ltr'><strong><em>Imperio</em></strong></span> <span class='ocrx_word' id='word_1_539' title='bbox 1764 4352 1877 4423; x_wconf 84' lang='lat' dir='ltr'><strong><em>ejus</em></strong></span> <span class='ocrx_word' id='word_1_540' title='bbox 1895 4372 1979 4409; x_wconf 84' lang='lat' dir='ltr'><strong><em>se-</em></strong></span> 
     </span>
    </p>
   </div>
   <div class='ocr_carea' id='block_1_75' title="bbox 397 4428 1984 4511">
    <p class='ocr_par' dir='ltr' id='par_1_75' title="bbox 397 4428 1984 4511">
     <span class='ocr_line' id='line_1_75' title="bbox 397 4428 1984 4511; baseline 0.013 -29"><span class='ocrx_word' id='word_1_541' title='bbox 397 4428 635 4483; x_wconf 74' lang='lat' dir='ltr'><strong><em>cundum</em></strong></span> <span class='ocrx_word' id='word_1_542' title='bbox 654 4431 795 4501; x_wconf 87' lang='lat' dir='ltr'><strong><em>quod</em></strong></span> <span class='ocrx_word' id='word_1_543' title='bbox 823 4432 1010 4487; x_wconf 84' lang='lat' dir='ltr'><strong><em>decens</em></strong></span> <span class='ocrx_word' id='word_1_544' title='bbox 1041 4444 1138 4490; x_wconf 85' lang='lat' dir='ltr'><strong><em>est.</em></strong></span> <span class='ocrx_word' id='word_1_545' title='bbox 1173 4433 1279 4491; x_wconf 81' lang='lat' dir='ltr'><strong><em>Sed</em></strong></span> <span class='ocrx_word' id='word_1_546' title='bbox 1294 4447 1342 4489; x_wconf 90' lang='lat' dir='ltr'><strong><em>et</em></strong></span> <span class='ocrx_word' id='word_1_547' title='bbox 1360 4439 1538 4491; x_wconf 87' lang='lat' dir='ltr'><strong><em>statim</em></strong></span> <span class='ocrx_word' id='word_1_548' title='bbox 1559 4443 1699 4511; x_wconf 87' lang='lat' dir='ltr'><strong><em>quod</em></strong></span> <span class='ocrx_word' id='word_1_549' title='bbox 1718 4446 1984 4501; x_wconf 86' lang='lat' dir='ltr'><strong><em>reclama-</em></strong></span> 
     </span>
    </p>
   </div>
   <div class='ocr_carea' id='block_1_76' title="bbox 2080 3317 3656 3405">
    <p class='ocr_par' dir='ltr' id='par_1_76' title="bbox 2080 3317 3656 3405">
     <span class='ocr_line' id='line_1_76' title="bbox 2080 3317 3656 3405; baseline -0.02 -4"><span class='ocrx_word' id='word_1_550' title='bbox 2080 3342 2440 3401; x_wconf 79' lang='lat' dir='ltr'><strong><em>Januensium</em></strong></span> <span class='ocrx_word' id='word_1_551' title='bbox 2465 3377 2482 3405; x_wconf 90' lang='lat'><strong>,</strong></span> <span class='ocrx_word' id='word_1_552' title='bbox 2526 3334 2780 3391; x_wconf 85' lang='lat' dir='ltr'><strong><em>videlicet</em></strong></span> <span class='ocrx_word' id='word_1_553' title='bbox 2821 3327 3265 3396; x_wconf 81' lang='lat' dir='ltr'><strong><em>arclnepiscopus</em></strong></span> <span class='ocrx_word' id='word_1_554' title='bbox 3304 3317 3560 3376; x_wconf 80' lang='lat' dir='ltr'><strong><em>consules</em></strong></span> <span class='ocrx_word' id='word_1_555' title='bbox 3598 3323 3656 3369; x_wconf 84' lang='lat' dir='ltr'><strong><em>et</em></strong></span> 
     </span>
    </p>
   </div>
   <div class='ocr_carea' id='block_1_77' title="bbox 2075 3407 3650 3491">
    <p class='ocr_par' dir='ltr' id='par_1_77' title="bbox 2075 3407 3650 3491">
     <span class='ocr_line' id='line_1_77' title="bbox 2075 3407 3650 3491; baseline -0.02 0"><span class='ocrx_word' id='word_1_556' title='bbox 2075 3433 2366 3491; x_wconf 87' lang='lat' dir='ltr'><strong><em>multitudo</em></strong></span> <span class='ocrx_word' id='word_1_557' title='bbox 2417 3430 2591 3487; x_wconf 79' lang='lat' dir='ltr'><strong><em>tocius</em></strong></span> <span class='ocrx_word' id='word_1_558' title='bbox 2641 3425 2985 3486; x_wconf 78' lang='lat' dir='ltr'><strong><em>communis,</em></strong></span> <span class='ocrx_word' id='word_1_559' title='bbox 3036 3418 3179 3474; x_wconf 77' lang='lat' dir='ltr'><strong><em>hanc</em></strong></span> <span class='ocrx_word' id='word_1_560' title='bbox 3225 3407 3650 3471; x_wconf 84' lang='lat' dir='ltr'><strong><em>convencionem</em></strong></span> 
     </span>
    </p>
   </div>
   <div class='ocr_carea' id='block_1_78' title="bbox 2077 3503 3643 3599">
    <p class='ocr_par' dir='ltr' id='par_1_78' title="bbox 2077 3503 3643 3599">
     <span class='ocr_line' id='line_1_78' title="bbox 2077 3503 3643 3599; baseline -0.019 -13"><span class='ocrx_word' id='word_1_561' title='bbox 2077 3528 2403 3599; x_wconf 76' lang='lat' dir='ltr'><strong><em>recipientes</em></strong></span> <span class='ocrx_word' id='word_1_562' title='bbox 2438 3522 2736 3581; x_wconf 83' lang='lat' dir='ltr'><strong><em>secundum</em></strong></span> <span class='ocrx_word' id='word_1_563' title='bbox 2768 3512 3216 3574; x_wconf 79' lang='lat' dir='ltr'><strong><em>consuetudinem</em></strong></span> <span class='ocrx_word' id='word_1_564' title='bbox 3246 3523 3368 3573; x_wconf 86' lang='lat' dir='ltr'><strong><em>eam</em></strong></span> <span class='ocrx_word' id='word_1_565' title='bbox 3399 3503 3643 3599; x_wconf 37' lang='lat' dir='ltr'><strong><em>complef</em></strong></span> 
     </span>
    </p>
   </div>
   <div class='ocr_carea' id='block_1_79' title="bbox 2082 3592 3657 3687">
    <p class='ocr_par' dir='ltr' id='par_1_79' title="bbox 2082 3592 3657 3687">
     <span class='ocr_line' id='line_1_79' title="bbox 2082 3592 3657 3687; baseline -0.017 -10"><span class='ocrx_word' id='word_1_566' title='bbox 2082 3592 2219 3677; x_wconf 68' lang='lat' dir='ltr'><strong><em>bunt</em></strong></span> <span class='ocrx_word' id='word_1_567' title='bbox 2263 3628 2319 3674; x_wconf 88' lang='lat' dir='ltr'><strong><em>et</em></strong></span> <span class='ocrx_word' id='word_1_568' title='bbox 2357 3632 2453 3687; x_wconf 87' lang='lat' dir='ltr'><strong><em>per</em></strong></span> <span class='ocrx_word' id='word_1_569' title='bbox 2498 3602 2762 3682; x_wconf 79' lang='lat' dir='ltr'><strong><em>scriptum</em></strong></span> <span class='ocrx_word' id='word_1_570' title='bbox 2814 3607 3048 3666; x_wconf 79' lang='lat' dir='ltr'><strong><em>iecerint</em></strong></span> <span class='ocrx_word' id='word_1_571' title='bbox 3095 3614 3151 3660; x_wconf 85' lang='lat' dir='ltr'><strong><em>et</em></strong></span> <span class='ocrx_word' id='word_1_572' title='bbox 3175 3598 3482 3675; x_wconf 75' lang='lat' dir='ltr'><strong><em>iuraverint</em></strong></span> <span class='ocrx_word' id='word_1_573' title='bbox 3512 3592 3657 3664; x_wconf 82' lang='lat' dir='ltr'><strong><em>quod</em></strong></span> 
     </span>
    </p>
   </div>
   <div class='ocr_carea' id='block_1_80' title="bbox 2075 3687 3655 3778">
    <p class='ocr_par' dir='ltr' id='par_1_80' title="bbox 2075 3687 3655 3778">
     <span class='ocr_line' id='line_1_80' title="bbox 2075 3687 3655 3778; baseline -0.018 -9"><span class='ocrx_word' id='word_1_574' title='bbox 2075 3710 2370 3769; x_wconf 82' lang='lat' dir='ltr'><strong><em>secundum</em></strong></span> <span class='ocrx_word' id='word_1_575' title='bbox 2400 3706 2740 3778; x_wconf 75' lang='lat' dir='ltr'><strong><em>prescriptas</em></strong></span> <span class='ocrx_word' id='word_1_576' title='bbox 2774 3701 2895 3771; x_wconf 77' lang='lat' dir='ltr'><strong><em>ejus</em></strong></span> <span class='ocrx_word' id='word_1_577' title='bbox 2925 3694 3303 3755; x_wconf 81' lang='lat' dir='ltr'><strong><em>distinctiones</em></strong></span> <span class='ocrx_word' id='word_1_578' title='bbox 3337 3701 3391 3748; x_wconf 84' lang='lat' dir='ltr'><strong><em>et</em></strong></span> <span class='ocrx_word' id='word_1_579' title='bbox 3419 3687 3655 3762; x_wconf 80' lang='lat' dir='ltr'><strong><em>capitula</em></strong></span> 
     </span>
    </p>
   </div>
   <div class='ocr_carea' id='block_1_81' title="bbox 2079 3784 3657 3864">
    <p class='ocr_par' dir='ltr' id='par_1_81' title="bbox 2079 3784 3657 3864">
     <span class='ocr_line' id='line_1_81' title="bbox 2079 3784 3657 3864; baseline -0.015 -4"><span class='ocrx_word' id='word_1_580' title='bbox 2079 3800 2455 3859; x_wconf 75' lang='lat' dir='ltr'><strong><em>observabant</em></strong></span> <span class='ocrx_word' id='word_1_581' title='bbox 2482 3813 2601 3855; x_wconf 81' lang='lat' dir='ltr'><strong><em>eam</em></strong></span> <span class='ocrx_word' id='word_1_582' title='bbox 2630 3797 3002 3864; x_wconf 73' lang='lat' dir='ltr'><strong><em>incorruptam</em></strong></span> <span class='ocrx_word' id='word_1_583' title='bbox 3034 3798 3098 3848; x_wconf 78' lang='lat' dir='ltr'><strong><em>et</em></strong></span> <span class='ocrx_word' id='word_1_584' title='bbox 3118 3784 3450 3847; x_wconf 70' lang='lat' dir='ltr'><strong><em>immobilem</em></strong></span> <span class='ocrx_word' id='word_1_585' title='bbox 3481 3793 3657 3852; x_wconf 82' lang='lat' dir='ltr'><strong><em>usque</em></strong></span> 
     </span>
    </p>
   </div>
   <div class='ocr_carea' id='block_1_82' title="bbox 2086 3875 3657 3962">
    <p class='ocr_par' dir='ltr' id='par_1_82' title="bbox 2086 3875 3657 3962">
     <span class='ocr_line' id='line_1_82' title="bbox 2086 3875 3657 3962; baseline -0.016 -7"><span class='ocrx_word' id='word_1_586' title='bbox 2086 3898 2143 3955; x_wconf 81' lang='lat' dir='ltr'><strong><em>in</em></strong></span> <span class='ocrx_word' id='word_1_587' title='bbox 2199 3894 2595 3962; x_wconf 71' lang='lat' dir='ltr'><strong><em>sennpiternum</em></strong></span> <span class='ocrx_word' id='word_1_588' title='bbox 2647 3898 2704 3945; x_wconf 88' lang='lat' dir='ltr'><strong><em>et</em></strong></span> <span class='ocrx_word' id='word_1_589' title='bbox 2753 3900 2967 3956; x_wconf 81' lang='lat' dir='ltr'><strong><em>semper</em></strong></span> <span class='ocrx_word' id='word_1_590' title='bbox 3013 3882 3082 3940; x_wconf 83' lang='lat' dir='ltr'><strong><em>ad</em></strong></span> <span class='ocrx_word' id='word_1_591' title='bbox 3125 3880 3385 3936; x_wconf 83' lang='lat' dir='ltr'><strong><em>honorem</em></strong></span> <span class='ocrx_word' id='word_1_592' title='bbox 3438 3875 3657 3945; x_wconf 78' lang='lat' dir='ltr'><strong><em>Imperii</em></strong></span> 
     </span>
    </p>
   </div>
   <div class='ocr_carea' id='block_1_83' title="bbox 2081 3967 3661 4049">
    <p class='ocr_par' dir='ltr' id='par_1_83' title="bbox 2081 3967 3661 4049">
     <span class='ocr_line' id='line_1_83' title="bbox 2081 3967 3661 4049; baseline -0.015 -5"><span class='ocrx_word' id='word_1_593' title='bbox 2081 3986 2255 4044; x_wconf 79' lang='lat' dir='ltr'><strong><em>nostri</em></strong></span> <span class='ocrx_word' id='word_1_594' title='bbox 2303 3995 2358 4042; x_wconf 89' lang='lat' dir='ltr'><strong><em>et</em></strong></span> <span class='ocrx_word' id='word_1_595' title='bbox 2412 3982 2700 4049; x_wconf 73' lang='lat' dir='ltr'><strong><em>Ratnanie,</em></strong></span> <span class='ocrx_word' id='word_1_596' title='bbox 2753 3980 2909 4035; x_wconf 79' lang='lat' dir='ltr'><strong><em>ﬁrma</em></strong></span> <span class='ocrx_word' id='word_1_597' title='bbox 2963 3973 3405 4032; x_wconf 76' lang='lat' dir='ltr'><strong><em>observabuntur</em></strong></span> <span class='ocrx_word' id='word_1_598' title='bbox 3454 3969 3521 4024; x_wconf 82' lang='lat' dir='ltr'><strong><em>ab</em></strong></span> <span class='ocrx_word' id='word_1_599' title='bbox 3560 3967 3661 4022; x_wconf 87' lang='lat' dir='ltr'><strong><em>lm-</em></strong></span> 
     </span>
    </p>
   </div>
   <div class='ocr_carea' id='block_1_84' title="bbox 2082 4063 3656 4157">
    <p class='ocr_par' dir='ltr' id='par_1_84' title="bbox 2082 4063 3656 4157">
     <span class='ocr_line' id='line_1_84' title="bbox 2082 4063 3656 4157; baseline -0.017 -17"><span class='ocrx_word' id='word_1_600' title='bbox 2082 4085 2234 4155; x_wconf 78' lang='lat' dir='ltr'><strong><em>perio</em></strong></span> <span class='ocrx_word' id='word_1_601' title='bbox 2264 4093 2455 4137; x_wconf 81' lang='lat' dir='ltr'><strong><em>nostra</em></strong></span> <span class='ocrx_word' id='word_1_602' title='bbox 2491 4093 2597 4150; x_wconf 87' lang='lat' dir='ltr'><strong><em>que</em></strong></span> <span class='ocrx_word' id='word_1_603' title='bbox 2631 4080 2698 4132; x_wconf 77' lang='lat' dir='ltr'><strong><em>ab</em></strong></span> <span class='ocrx_word' id='word_1_604' title='bbox 2730 4090 2796 4131; x_wconf 83' lang='lat' dir='ltr'><strong><em>eo</em></strong></span> <span class='ocrx_word' id='word_1_605' title='bbox 2821 4071 3095 4157; x_wconf 82' lang='lat' dir='ltr'><strong><em>promissa</em></strong></span> <span class='ocrx_word' id='word_1_606' title='bbox 3122 4077 3249 4124; x_wconf 80' lang='lat' dir='ltr'><strong><em>sunt</em></strong></span> <span class='ocrx_word' id='word_1_607' title='bbox 3269 4063 3656 4157; x_wconf 61' lang='lat' dir='ltr'><strong><em>Ianuensibus,</em></strong></span> 
     </span>
    </p>
   </div>
   <div class='ocr_carea' id='block_1_85' title="bbox 2081 4152 3657 4247">
    <p class='ocr_par' dir='ltr' id='par_1_85' title="bbox 2081 4152 3657 4247">
     <span class='ocr_line' id='line_1_85' title="bbox 2081 4152 3657 4247; baseline -0.014 -18"><span class='ocrx_word' id='word_1_608' title='bbox 2081 4152 2187 4247; x_wconf 60' lang='lat' dir='ltr'><strong><em>aue</em></strong></span> <span class='ocrx_word' id='word_1_609' title='bbox 2217 4172 2472 4244; x_wconf 79' lang='lat' dir='ltr'><strong><em>superius</em></strong></span> <span class='ocrx_word' id='word_1_610' title='bbox 2493 4179 2624 4227; x_wconf 80' lang='lat' dir='ltr'><strong><em>sunt</em></strong></span> <span class='ocrx_word' id='word_1_611' title='bbox 2645 4152 2979 4238; x_wconf 69' lang='lat' dir='ltr'><strong><em>signiﬁcata,</em></strong></span> <span class='ocrx_word' id='word_1_612' title='bbox 3003 4162 3179 4218; x_wconf 89' lang='lat' dir='ltr'><strong><em>donec</em></strong></span> <span class='ocrx_word' id='word_1_613' title='bbox 3204 4155 3459 4247; x_wconf 81' lang='lat' dir='ltr'><strong><em>videlicet</em></strong></span> <span class='ocrx_word' id='word_1_614' title='bbox 3486 4152 3657 4208; x_wconf 74' lang='lat' dir='ltr'><strong><em>ﬁrmi-</em></strong></span> 
     </span>
    </p>
   </div>
   <div class='ocr_carea' id='block_1_86' title="bbox 2056 4243 3658 4325">
    <p class='ocr_par' dir='ltr' id='par_1_86' title="bbox 2056 4243 3658 4325">
     <span class='ocr_line' id='line_1_86' title="bbox 2056 4243 3658 4325; baseline -0.016 1"><span class='ocrx_word' id='word_1_615' title='bbox 2056 4243 2167 4325; x_wconf 66' lang='lat' dir='ltr'><strong><em>ter</em></strong></span> <span class='ocrx_word' id='word_1_616' title='bbox 2220 4243 2777 4322; x_wconf 15' lang='lat' dir='ltr'><strong><em>ctiindissolubiliter</em></strong></span> <span class='ocrx_word' id='word_1_617' title='bbox 2833 4256 3268 4313; x_wconf 77' lang='lat' dir='ltr'><strong><em>observabuntur</em></strong></span> <span class='ocrx_word' id='word_1_618' title='bbox 3314 4243 3418 4320; x_wconf 64' lang='lat' dir='ltr'><strong><em>oue</em></strong></span> <span class='ocrx_word' id='word_1_619' title='bbox 3468 4247 3535 4302; x_wconf 86' lang='lat' dir='ltr'><strong><em>ab</em></strong></span> <span class='ocrx_word' id='word_1_620' title='bbox 3577 4260 3658 4301; x_wconf 71' lang='lat' dir='ltr'><strong><em>ess</em></strong></span> 
     </span>
    </p>
   </div>
   <div class='ocr_carea' id='block_1_87' title="bbox 2084 4342 3657 4427">
    <p class='ocr_par' dir='ltr' id='par_1_87' title="bbox 2084 4342 3657 4427">
     <span class='ocr_line' id='line_1_87' title="bbox 2084 4342 3657 4427; baseline -0.015 -9"><span class='ocrx_word' id='word_1_621' title='bbox 2084 4369 2407 4418; x_wconf 77' lang='lat' dir='ltr'><strong><em>conventata</em></strong></span> <span class='ocrx_word' id='word_1_622' title='bbox 2438 4366 2564 4414; x_wconf 87' lang='lat' dir='ltr'><strong><em>sunt</em></strong></span> <span class='ocrx_word' id='word_1_623' title='bbox 2591 4354 2825 4427; x_wconf 80' lang='lat' dir='ltr'><strong><em>Imperio</em></strong></span> <span class='ocrx_word' id='word_1_624' title='bbox 2854 4364 2976 4405; x_wconf 87' lang='lat' dir='ltr'><strong><em>meo</em></strong></span> <span class='ocrx_word' id='word_1_625' title='bbox 3000 4357 3055 4404; x_wconf 84' lang='lat' dir='ltr'><strong><em>et</em></strong></span> <span class='ocrx_word' id='word_1_626' title='bbox 3084 4345 3367 4402; x_wconf 81' lang='lat' dir='ltr'><strong><em>Romanie.</em></strong></span> <span class='ocrx_word' id='word_1_627' title='bbox 3400 4342 3657 4396; x_wconf 68' lang='lat' dir='ltr'><strong><em>Prusentc</em></strong></span> 
     </span>
    </p>
   </div>
   <div class='ocr_carea' id='block_1_88' title="bbox 2088 4435 3655 4526">
    <p class='ocr_par' dir='ltr' id='par_1_88' title="bbox 2088 4435 3655 4526">
     <span class='ocr_line' id='line_1_88' title="bbox 2088 4435 3655 4526; baseline -0.015 -16"><span class='ocrx_word' id='word_1_628' title='bbox 2088 4451 2504 4526; x_wconf 76' lang='lat' dir='ltr'><strong><em>grisobolioiogo</em></strong></span> <span class='ocrx_word' id='word_1_629' title='bbox 2527 4448 2741 4518; x_wconf 84' lang='lat' dir='ltr'><strong><em>Imperii</em></strong></span> <span class='ocrx_word' id='word_1_630' title='bbox 2774 4444 2885 4502; x_wconf 85' lang='lat' dir='ltr'><strong><em>mei</em></strong></span> <span class='ocrx_word' id='word_1_631' title='bbox 2911 4443 3139 4498; x_wconf 79' lang='lat' dir='ltr'><strong><em>ﬁrmiter</em></strong></span> <span class='ocrx_word' id='word_1_632' title='bbox 3156 4450 3211 4495; x_wconf 89' lang='lat' dir='ltr'><strong><em>et</em></strong></span> <span class='ocrx_word' id='word_1_633' title='bbox 3235 4435 3506 4494; x_wconf 79' lang='lat' dir='ltr'><strong><em>stabiliter</em></strong></span> <span class='ocrx_word' id='word_1_634' title='bbox 3531 4446 3655 4502; x_wconf 75' lang='lat' dir='ltr'><strong><em>per—</em></strong></span> 
     </span>
    </p>
   </div>
   <div class='ocr_carea' id='block_1_89' title="bbox 400 4523 3659 4606">
    <p class='ocr_par' dir='ltr' id='par_1_89' title="bbox 400 4523 3659 4606">
     <span class='ocr_line' id='line_1_89' title="bbox 400 4523 3659 4606; baseline 0.002 -30"><span class='ocrx_word' id='word_1_635' title='bbox 400 4523 600 4577; x_wconf 88' lang='lat' dir='ltr'><strong><em>tionem</em></strong></span> <span class='ocrx_word' id='word_1_636' title='bbox 644 4524 867 4594; x_wconf 85' lang='lat' dir='ltr'><strong><em>fecerint</em></strong></span> <span class='ocrx_word' id='word_1_637' title='bbox 908 4536 1096 4582; x_wconf 90' lang='lat' dir='ltr'><strong><em>contra</em></strong></span> <span class='ocrx_word' id='word_1_638' title='bbox 1143 4530 1366 4586; x_wconf 78' lang='lat' dir='ltr'><strong><em>aliquem</em></strong></span> <span class='ocrx_word' id='word_1_639' title='bbox 1422 4528 1643 4589; x_wconf 78' lang='lat' dir='ltr'><strong><em>Grecam</em></strong></span> <span class='ocrx_word' id='word_1_640' title='bbox 1688 4536 1767 4590; x_wconf 75' lang='lat' dir='ltr'><strong><em>uel</em></strong></span> <span class='ocrx_word' id='word_1_641' title='bbox 1808 4539 1973 4596; x_wconf 87' lang='lat' dir='ltr'><strong><em>aliam</em></strong></span> <span class='ocrx_word' id='word_1_642' title='bbox 2005 4544 2050 4601; x_wconf 69' lang='grc' dir='ltr'><strong><em>Ι)</em></strong></span> <span class='ocrx_word' id='word_1_643' title='bbox 2082 4523 2340 4602; x_wconf 66' lang='grc' dir='ltr'><strong><em>έενρτπε</em></strong></span> <span class='ocrx_word' id='word_1_644' title='bbox 2368 4544 2618 4606; x_wconf 69' lang='lat' dir='ltr'><strong><em>delicate,</em></strong></span> <span class='ocrx_word' id='word_1_645' title='bbox 2677 4539 2822 4595; x_wconf 83' lang='lat' dir='ltr'><strong><em>iacto</em></strong></span> <span class='ocrx_word' id='word_1_646' title='bbox 2872 4548 3060 4592; x_wconf 85' lang='lat' dir='ltr'><strong><em>mense</em></strong></span> <span class='ocrx_word' id='word_1_647' title='bbox 3104 4530 3347 4588; x_wconf 83' lang='lat' dir='ltr'><strong><em>octubris</em></strong></span> <span class='ocrx_word' id='word_1_648' title='bbox 3392 4527 3659 4598; x_wconf 80' lang='lat' dir='ltr'><strong><em>presemis</em></strong></span> 
     </span>
    </p>
   </div>
   <div class='ocr_carea' id='block_1_90' title="bbox 396 4617 1972 4696">
    <p class='ocr_par' dir='ltr' id='par_1_90' title="bbox 396 4617 1972 4696">
     <span class='ocr_line' id='line_1_90' title="bbox 396 4617 1972 4696; baseline 0.011 -28"><span class='ocrx_word' id='word_1_649' title='bbox 396 4624 606 4685; x_wconf 86' lang='lat' dir='ltr'><strong><em>gentem</em></strong></span> <span class='ocrx_word' id='word_1_650' title='bbox 681 4633 861 4673; x_wconf 89' lang='lat' dir='ltr'><strong><em>coram</em></strong></span> <span class='ocrx_word' id='word_1_651' title='bbox 934 4617 1305 4688; x_wconf 81' lang='lat' dir='ltr'><strong><em>Imperatore,</em></strong></span> <span class='ocrx_word' id='word_1_652' title='bbox 1379 4623 1640 4679; x_wconf 82' lang='lat' dir='ltr'><strong><em>invenient</em></strong></span> <span class='ocrx_word' id='word_1_653' title='bbox 1695 4628 1972 4696; x_wconf 81' lang='lat' dir='ltr'><strong><em>justiciam</em></strong></span> 
     </span>
    </p>
   </div>
   <div class='ocr_carea' id='block_1_91' title="bbox 401 4709 1974 4785">
    <p class='ocr_par' dir='ltr' id='par_1_91' title="bbox 401 4709 1974 4785">
     <span class='ocr_line' id='line_1_91' title="bbox 401 4709 1974 4785; baseline 0.011 -21"><span class='ocrx_word' id='word_1_654' title='bbox 401 4712 461 4765; x_wconf 87' lang='lat' dir='ltr'><strong><em>in</em></strong></span> <span class='ocrx_word' id='word_1_655' title='bbox 487 4709 640 4766; x_wconf 84' lang='lat' dir='ltr'><strong><em>curia</em></strong></span> <span class='ocrx_word' id='word_1_656' title='bbox 664 4710 882 4781; x_wconf 85' lang='lat' dir='ltr'><strong><em>Imperii</em></strong></span> <span class='ocrx_word' id='word_1_657' title='bbox 911 4716 1018 4769; x_wconf 88' lang='lat' dir='ltr'><strong><em>sui.</em></strong></span> <span class='ocrx_word' id='word_1_658' title='bbox 1046 4714 1317 4770; x_wconf 82' lang='lat' dir='ltr'><strong><em>Habebunt</em></strong></span> <span class='ocrx_word' id='word_1_659' title='bbox 1346 4734 1461 4770; x_wconf 74' lang='lat' dir='ltr'><strong><em>vero</em></strong></span> <span class='ocrx_word' id='word_1_660' title='bbox 1486 4730 1791 4785; x_wconf 74' lang='lat' dir='ltr'><strong><em>potestatem</em></strong></span> <span class='ocrx_word' id='word_1_661' title='bbox 1818 4741 1974 4781; x_wconf 82' lang='lat' dir='ltr'><strong><em>naves</em></strong></span> 
     </span>
    </p>
   </div>
   <div class='ocr_carea' id='block_1_92' title="bbox 401 4799 1976 4888">
    <p class='ocr_par' dir='ltr' id='par_1_92' title="bbox 401 4799 1976 4888">
     <span class='ocr_line' id='line_1_92' title="bbox 401 4799 1976 4888; baseline 0.011 -35"><span class='ocrx_word' id='word_1_662' title='bbox 401 4799 755 4885; x_wconf 82' lang='lat' dir='ltr'><strong><em>Januensiunt</em></strong></span> <span class='ocrx_word' id='word_1_663' title='bbox 803 4806 1070 4874; x_wconf 83' lang='lat' dir='ltr'><strong><em>negociari</em></strong></span> <span class='ocrx_word' id='word_1_664' title='bbox 1109 4808 1161 4860; x_wconf 84' lang='lat' dir='ltr'><strong><em>in</em></strong></span> <span class='ocrx_word' id='word_1_665' title='bbox 1207 4809 1446 4863; x_wconf 82' lang='lat' dir='ltr'><strong><em>erunibus</em></strong></span> <span class='ocrx_word' id='word_1_666' title='bbox 1482 4815 1635 4865; x_wconf 87' lang='lat' dir='ltr'><strong><em>terris</em></strong></span> <span class='ocrx_word' id='word_1_667' title='bbox 1669 4816 1976 4888; x_wconf 83' lang='lat' dir='ltr'><strong><em>ubicumque</em></strong></span> 
     </span>
    </p>
   </div>
   <div class='ocr_carea' id='block_1_93' title="bbox 407 4895 1978 4977">
    <p class='ocr_par' dir='ltr' id='par_1_93' title="bbox 407 4895 1978 4977">
     <span class='ocr_line' id='line_1_93' title="bbox 407 4895 1978 4977; baseline 0.01 -30"><span class='ocrx_word' id='word_1_668' title='bbox 407 4895 695 4961; x_wconf 71' lang='lat' dir='ltr'><strong><em>noluerint,</em></strong></span> <span class='ocrx_word' id='word_1_669' title='bbox 731 4906 908 4967; x_wconf 89' lang='lat' dir='ltr'><strong><em>preter</em></strong></span> <span class='ocrx_word' id='word_1_670' title='bbox 936 4898 992 4953; x_wconf 85' lang='lat' dir='ltr'><strong><em>in</em></strong></span> <span class='ocrx_word' id='word_1_671' title='bbox 1019 4898 1243 4955; x_wconf 82' lang='lat' dir='ltr'><strong><em>Rusiam</em></strong></span> <span class='ocrx_word' id='word_1_672' title='bbox 1281 4911 1327 4955; x_wconf 88' lang='lat' dir='ltr'><strong><em>et</em></strong></span> <span class='ocrx_word' id='word_1_673' title='bbox 1360 4903 1412 4953; x_wconf 89' lang='lat' dir='ltr'><strong><em>in</em></strong></span> <span class='ocrx_word' id='word_1_674' title='bbox 1446 4902 1666 4971; x_wconf 72' lang='lat' dir='ltr'><strong><em>blaticn,</em></strong></span> <span class='ocrx_word' id='word_1_675' title='bbox 1693 4908 1795 4962; x_wconf 87' lang='lat' dir='ltr'><strong><em>nisi</em></strong></span> <span class='ocrx_word' id='word_1_676' title='bbox 1841 4909 1978 4977; x_wconf 85' lang='lat' dir='ltr'><strong><em>forte</em></strong></span> 
     </span>
    </p>
   </div>
   <div class='ocr_carea' id='block_1_94' title="bbox 404 4986 1977 5063">
    <p class='ocr_par' dir='ltr' id='par_1_94' title="bbox 404 4986 1977 5063">
     <span class='ocr_line' id='line_1_94' title="bbox 404 4986 1977 5063; baseline 0.01 -21"><span class='ocrx_word' id='word_1_677' title='bbox 404 4989 477 5042; x_wconf 86' lang='lat' dir='ltr'><strong><em>ab</em></strong></span> <span class='ocrx_word' id='word_1_678' title='bbox 500 4990 616 5056; x_wconf 84' lang='lat' dir='ltr'><strong><em>ejus</em></strong></span> <span class='ocrx_word' id='word_1_679' title='bbox 653 4986 882 5056; x_wconf 81' lang='lat' dir='ltr'><strong><em>Imperio</em></strong></span> <span class='ocrx_word' id='word_1_680' title='bbox 917 4991 1214 5061; x_wconf 78' lang='lat' dir='ltr'><strong><em>specialiter</em></strong></span> <span class='ocrx_word' id='word_1_681' title='bbox 1240 4994 1336 5047; x_wconf 83' lang='lat' dir='ltr'><strong><em>hoc</em></strong></span> <span class='ocrx_word' id='word_1_682' title='bbox 1362 4993 1522 5063; x_wconf 80' lang='lat' dir='ltr'><strong><em>fuerit</em></strong></span> <span class='ocrx_word' id='word_1_683' title='bbox 1553 5000 1623 5051; x_wconf 82' lang='lat' dir='ltr'><strong><em>eis</em></strong></span> <span class='ocrx_word' id='word_1_684' title='bbox 1650 5017 1977 5057; x_wconf 76' lang='lat' dir='ltr'><strong><em>concessum.</em></strong></span> 
     </span>
    </p>
   </div>
   <div class='ocr_carea' id='block_1_95' title="bbox 409 5077 1978 5159">
    <p class='ocr_par' dir='ltr' id='par_1_95' title="bbox 409 5077 1978 5159">
     <span class='ocr_line' id='line_1_95' title="bbox 409 5077 1978 5159; baseline 0.009 -24"><span class='ocrx_word' id='word_1_685' title='bbox 409 5077 473 5135; x_wconf 84' lang='lat' dir='ltr'><strong><em>Si</em></strong></span> <span class='ocrx_word' id='word_1_686' title='bbox 516 5090 688 5136; x_wconf 87' lang='lat' dir='ltr'><strong><em>autem</em></strong></span> <span class='ocrx_word' id='word_1_687' title='bbox 733 5081 1026 5138; x_wconf 81' lang='lat' dir='ltr'><strong><em>Januenses</em></strong></span> <span class='ocrx_word' id='word_1_688' title='bbox 1073 5101 1153 5139; x_wconf 87' lang='lat' dir='ltr'><strong><em>res</em></strong></span> <span class='ocrx_word' id='word_1_689' title='bbox 1181 5102 1305 5139; x_wconf 82' lang='lat' dir='ltr'><strong><em>suos</em></strong></span> <span class='ocrx_word' id='word_1_690' title='bbox 1369 5086 1425 5141; x_wconf 87' lang='lat' dir='ltr'><strong><em>in</em></strong></span> <span class='ocrx_word' id='word_1_691' title='bbox 1466 5088 1978 5159; x_wconf 79' lang='lat' dir='ltr'><strong><em>ConstantinOpolim</em></strong></span> 
     </span>
    </p>
   </div>
   <div class='ocr_carea' id='block_1_96' title="bbox 406 5175 1978 5249">
    <p class='ocr_par' dir='ltr' id='par_1_96' title="bbox 406 5175 1978 5249">
     <span class='ocr_line' id='line_1_96' title="bbox 406 5175 1978 5249; baseline 0.008 -19"><span class='ocrx_word' id='word_1_692' title='bbox 406 5175 825 5240; x_wconf 73' lang='lat' dir='ltr'><strong><em>introduxerint,</em></strong></span> <span class='ocrx_word' id='word_1_693' title='bbox 856 5194 1047 5234; x_wconf 84' lang='lat' dir='ltr'><strong><em>easaue</em></strong></span> <span class='ocrx_word' id='word_1_694' title='bbox 1092 5180 1313 5234; x_wconf 83' lang='lat' dir='ltr'><strong><em>rendero</em></strong></span> <span class='ocrx_word' id='word_1_695' title='bbox 1345 5197 1447 5236; x_wconf 86' lang='lat' dir='ltr'><strong><em>non</em></strong></span> <span class='ocrx_word' id='word_1_696' title='bbox 1493 5188 1748 5249; x_wconf 77' lang='lat' dir='ltr'><strong><em>volen&#39;nt,</em></strong></span> <span class='ocrx_word' id='word_1_697' title='bbox 1783 5187 1872 5249; x_wconf 79' lang='lat' dir='ltr'><strong><em>ﬁet</em></strong></span> <span class='ocrx_word' id='word_1_698' title='bbox 1914 5188 1978 5244; x_wconf 88' lang='lat' dir='ltr'><strong><em>de</em></strong></span> 
     </span>
    </p>
   </div>
   <div class='ocr_carea' id='block_1_97' title="bbox 490 5402 1975 5495">
    <p class='ocr_par' dir='ltr' id='par_1_97' title="bbox 490 5402 1975 5495">
     <span class='ocr_line' id='line_1_97' title="bbox 490 5402 1975 5495; baseline 0.002 -28"><span class='ocrx_word' id='word_1_699' title='bbox 490 5410 603 5495; x_wconf 64' lang='grc' dir='ltr'><strong><em>(Ξῖ)</em></strong></span> <span class='ocrx_word' id='word_1_700' title='bbox 643 5402 899 5495; x_wconf 69' lang='lat' dir='ltr'><strong><em>Sequitur</em></strong></span> <span class='ocrx_word' id='word_1_701' title='bbox 924 5419 1079 5495; x_wconf 53' lang='lat' dir='ltr'><strong><em>leni)!</em></strong></span> <span class='ocrx_word' id='word_1_702' title='bbox 1096 5414 1426 5495; x_wconf 77' lang='lat' dir='ltr'><strong><em>cbrysobulli</em></strong></span> <span class='ocrx_word' id='word_1_703' title='bbox 1446 5416 1752 5495; x_wconf 52' lang='grc' dir='ltr'><strong><em>ωηεν-ἰθύς,</em></strong></span> <span class='ocrx_word' id='word_1_704' title='bbox 1779 5416 1975 5495; x_wconf 40' lang='grc' dir='ltr'><strong><em>νὶεΙ-μιί-</em></strong></span> 
     </span>
    </p>
   </div>
   <div class='ocr_carea' id='block_1_98' title="bbox 414 5483 1971 5612">
    <p class='ocr_par' dir='ltr' id='par_1_98' title="bbox 414 5483 1971 5612">
     <span class='ocr_line' id='line_1_98' title="bbox 414 5483 1971 5612; baseline 0.004 -74"><span class='ocrx_word' id='word_1_705' title='bbox 414 5483 651 5612; x_wconf 44' lang='lat' dir='ltr'><strong><em>({{nlejus</em></strong></span> <span class='ocrx_word' id='word_1_706' title='bbox 681 5488 824 5556; x_wconf 79' lang='lat' dir='ltr'><strong><em>quod</em></strong></span> <span class='ocrx_word' id='word_1_707' title='bbox 852 5500 903 5539; x_wconf 84' lang='lat' dir='ltr'><strong><em>a.</em></strong></span> <span class='ocrx_word' id='word_1_708' title='bbox 939 5483 1079 5540; x_wconf 75' lang='lat' dir='ltr'><strong><em>H55</em></strong></span> <span class='ocrx_word' id='word_1_709' title='bbox 1119 5483 1303 5542; x_wconf 76' lang='lat' dir='ltr'><strong><em>datlun</em></strong></span> <span class='ocrx_word' id='word_1_710' title='bbox 1340 5498 1445 5543; x_wconf 85' lang='lat' dir='ltr'><strong><em>est.</em></strong></span> <span class='ocrx_word' id='word_1_711' title='bbox 1488 5487 1572 5541; x_wconf 82' lang='lat' dir='ltr'><strong><em>Cf.</em></strong></span> <span class='ocrx_word' id='word_1_712' title='bbox 1617 5504 1781 5558; x_wconf 77' lang='lat' dir='ltr'><strong><em>supra</em></strong></span> <span class='ocrx_word' id='word_1_713' title='bbox 1830 5486 1971 5544; x_wconf 83' lang='lat' dir='ltr'><strong><em>Nov.</em></strong></span> 
     </span>
    </p>
   </div>
   <div class='ocr_carea' id='block_1_99' title="bbox 488 5624 1401 5701">
    <p class='ocr_par' dir='ltr' id='par_1_99' title="bbox 488 5624 1401 5701">
     <span class='ocr_line' id='line_1_99' title="bbox 488 5624 1401 5701; baseline -0.023 -13"><span class='ocrx_word' id='word_1_714' title='bbox 488 5624 601 5701; x_wconf 87' lang='lat'>(</span> <span class='ocrx_word' id='word_1_715' title='bbox 634 5625 797 5701; x_wconf 61' lang='lat' dir='ltr'><strong><em>Eone</em></strong></span> <span class='ocrx_word' id='word_1_716' title='bbox 821 5629 1165 5701; x_wconf 35' lang='lat' dir='ltr'><strong><em>solempniae.</em></strong></span> <span class='ocrx_word' id='word_1_717' title='bbox 1398 5664 1401 5667; x_wconf 44' lang='grc' dir='ltr'><strong>η</strong></span> 
     </span>
    </p>
   </div>
   <div class='ocr_carea' id='block_1_100' title="bbox 486 5693 1536 5769">
    <p class='ocr_par' dir='ltr' id='par_1_100' title="bbox 486 5693 1536 5769">
     <span class='ocr_line' id='line_1_100' title="bbox 486 5693 1536 5769; baseline 0.007 -20"><span class='ocrx_word' id='word_1_718' title='bbox 486 5693 605 5769; x_wconf 59' lang='grc' dir='ltr'><strong><em>’(ἵρθ)</em></strong></span> <span class='ocrx_word' id='word_1_719' title='bbox 642 5695 741 5754; x_wconf 82' lang='lat' dir='ltr'><strong><em>Hic</em></strong></span> <span class='ocrx_word' id='word_1_720' title='bbox 765 5693 1129 5767; x_wconf 72' lang='lat' dir='ltr'><strong><em>corruptelam</em></strong></span> <span class='ocrx_word' id='word_1_721' title='bbox 1146 5693 1335 5757; x_wconf 76' lang='lat' dir='ltr'><strong><em>inesse</em></strong></span> <span class='ocrx_word' id='word_1_722' title='bbox 1354 5708 1536 5769; x_wconf 74' lang='lat' dir='ltr'><strong><em>patet.</em></strong></span> 
     </span>
    </p>
   </div>
   <div class='ocr_carea' id='block_1_101' title="bbox 496 5767 1976 5838">
    <p class='ocr_par' dir='ltr' id='par_1_101' title="bbox 496 5767 1976 5838">
     <span class='ocr_line' id='line_1_101' title="bbox 496 5767 1976 5838; baseline 0.005 -16"><span class='ocrx_word' id='word_1_723' title='bbox 496 5767 610 5838; x_wconf 61' lang='grc'><strong><em>(50)</em></strong></span> <span class='ocrx_word' id='word_1_724' title='bbox 640 5770 793 5838; x_wconf 81' lang='lat' dir='ltr'><strong><em>Apud</em></strong></span> <span class='ocrx_word' id='word_1_725' title='bbox 822 5769 965 5827; x_wconf 71' lang='lat' dir='ltr'><strong><em>Sauli</em></strong></span> <span class='ocrx_word' id='word_1_726' title='bbox 1009 5773 1045 5825; x_wconf 84' lang='grc' dir='ltr'><strong><em>Ι.</em></strong></span> <span class='ocrx_word' id='word_1_727' title='bbox 1075 5771 1111 5827; x_wconf 88' lang='grc' dir='ltr'><strong>Ι.</strong></span> <span class='ocrx_word' id='word_1_728' title='bbox 1158 5782 1240 5827; x_wconf 83' lang='lat' dir='ltr'><strong><em>est</em></strong></span> <span class='ocrx_word' id='word_1_729' title='bbox 1271 5787 1286 5823; x_wconf 91' lang='lat'><strong>:</strong></span> <span class='ocrx_word' id='word_1_730' title='bbox 1330 5767 1398 5825; x_wconf 22' lang='lat' dir='ltr'><strong><em>MV.</em></strong></span> <span class='ocrx_word' id='word_1_731' title='bbox 1428 5811 1442 5826; x_wconf 93' lang='lat'><strong><em>.</em></strong></span> <span class='ocrx_word' id='word_1_732' title='bbox 1482 5811 1494 5827; x_wconf 91' lang='lat'><strong><em>.</em></strong></span> <span class='ocrx_word' id='word_1_733' title='bbox 1528 5813 1541 5827; x_wconf 89' lang='lat'><strong><em>.</em></strong></span> <span class='ocrx_word' id='word_1_734' title='bbox 1578 5811 1593 5826; x_wconf 91' lang='lat'><strong><em>.</em></strong></span> <span class='ocrx_word' id='word_1_735' title='bbox 1627 5810 1642 5828; x_wconf 88' lang='lat'><strong><em>.</em></strong></span> <span class='ocrx_word' id='word_1_736' title='bbox 1688 5773 1976 5829; x_wconf 73' lang='lat' dir='ltr'><strong><em>LXXVI&quot;.</em></strong></span> 
     </span>
    </p>
   </div>
   <div class='ocr_carea' id='block_1_102' title="bbox 421 5837 1976 5917">
    <p class='ocr_par' dir='ltr' id='par_1_102' title="bbox 421 5837 1976 5917">
     <span class='ocr_line' id='line_1_102' title="bbox 421 5837 1976 5917; baseline 0.005 -22"><span class='ocrx_word' id='word_1_737' title='bbox 421 5837 685 5899; x_wconf 83' lang='lat' dir='ltr'><strong><em>Silvestre</em></strong></span> <span class='ocrx_word' id='word_1_738' title='bbox 706 5840 770 5900; x_wconf 84' lang='lat' dir='ltr'><strong><em>de</em></strong></span> <span class='ocrx_word' id='word_1_739' title='bbox 794 5840 931 5917; x_wconf 72' lang='lat' dir='ltr'><strong><em>Sncy</em></strong></span> <span class='ocrx_word' id='word_1_740' title='bbox 951 5842 1006 5901; x_wconf 81' lang='lat' dir='ltr'><strong><em>in</em></strong></span> <span class='ocrx_word' id='word_1_741' title='bbox 1039 5841 1200 5901; x_wconf 75' lang='lat' dir='ltr'><strong><em>Mt‘m.</em></strong></span> <span class='ocrx_word' id='word_1_742' title='bbox 1238 5844 1300 5902; x_wconf 88' lang='lat' dir='ltr'><strong><em>de</em></strong></span> <span class='ocrx_word' id='word_1_743' title='bbox 1323 5843 1538 5900; x_wconf 77' lang='lat' dir='ltr'><strong><em>l‘lnstit.</em></strong></span> <span class='ocrx_word' id='word_1_744' title='bbox 1562 5844 1641 5901; x_wconf 88' lang='lat' dir='ltr'><strong><em>Cl.</em></strong></span> <span class='ocrx_word' id='word_1_745' title='bbox 1669 5845 1868 5902; x_wconf 72' lang='lat' dir='ltr'><strong><em>tl‘llist.</em></strong></span> <span class='ocrx_word' id='word_1_746' title='bbox 1911 5846 1976 5903; x_wconf 86' lang='lat' dir='ltr'><strong><em>Ill</em></strong></span> 
     </span>
    </p>
   </div>
   <div class='ocr_carea' id='block_1_103' title="bbox 2084 4620 3655 4703">
    <p class='ocr_par' dir='ltr' id='par_1_103' title="bbox 2084 4620 3655 4703">
     <span class='ocr_line' id='line_1_103' title="bbox 2084 4620 3655 4703; baseline -0.011 -11"><span class='ocrx_word' id='word_1_747' title='bbox 2084 4638 2286 4694; x_wconf 75' lang='lat' dir='ltr'><strong><em>terciae</em></strong></span> <span class='ocrx_word' id='word_1_748' title='bbox 2321 4634 2634 4691; x_wconf 81' lang='lat' dir='ltr'><strong><em>indictionis</em></strong></span> <span class='ocrx_word' id='word_1_749' title='bbox 2677 4645 2821 4687; x_wconf 80' lang='lat' dir='ltr'><strong><em>anno</em></strong></span> <span class='ocrx_word' id='word_1_750' title='bbox 2861 4627 2982 4703; x_wconf 79' lang='lat' dir='ltr'><strong><em>[VI]</em></strong></span> <span class='ocrx_word' id='word_1_751' title='bbox 3030 4621 3479 4701; x_wconf 79' lang='lat' dir='ltr'><strong><em>M[DC]LXXVIII</em></strong></span> <span class='ocrx_word' id='word_1_752' title='bbox 3516 4620 3655 4691; x_wconf 68' lang='lat'><strong><em>(40).</em></strong></span> 
     </span>
    </p>
   </div>
   <div class='ocr_carea' id='block_1_104' title="bbox 2082 4722 3655 4805">
    <p class='ocr_par' dir='ltr' id='par_1_104' title="bbox 2082 4722 3655 4805">
     <span class='ocr_line' id='line_1_104' title="bbox 2082 4722 3655 4805; baseline -0.009 -16"><span class='ocrx_word' id='word_1_753' title='bbox 2082 4735 2137 4789; x_wconf 90' lang='lat' dir='ltr'><strong><em>in</em></strong></span> <span class='ocrx_word' id='word_1_754' title='bbox 2179 4750 2288 4805; x_wconf 87' lang='lat' dir='ltr'><strong><em>quo</em></strong></span> <span class='ocrx_word' id='word_1_755' title='bbox 2322 4740 2375 4788; x_wconf 85' lang='lat' dir='ltr'><strong><em>et</em></strong></span> <span class='ocrx_word' id='word_1_756' title='bbox 2422 4740 2665 4785; x_wconf 83' lang='lat' dir='ltr'><strong><em>nostrum</em></strong></span> <span class='ocrx_word' id='word_1_757' title='bbox 2701 4725 3182 4783; x_wconf 86' lang='lat' dir='ltr'><strong><em>clementissimum</em></strong></span> <span class='ocrx_word' id='word_1_758' title='bbox 3213 4731 3267 4777; x_wconf 89' lang='lat' dir='ltr'><strong><em>et</em></strong></span> <span class='ocrx_word' id='word_1_759' title='bbox 3313 4738 3344 4775; x_wconf 81' lang='lat' dir='ltr'><strong><em>a</em></strong></span> <span class='ocrx_word' id='word_1_760' title='bbox 3388 4722 3489 4774; x_wconf 81' lang='lat' dir='ltr'><strong><em>deo</em></strong></span> <span class='ocrx_word' id='word_1_761' title='bbox 3516 4733 3655 4775; x_wconf 63' lang='lat' dir='ltr'><strong><em>cono</em></strong></span> 
     </span>
    </p>
   </div>
   <div class='ocr_carea' id='block_1_105' title="bbox 2084 4818 3298 4895">
    <p class='ocr_par' dir='ltr' id='par_1_105' title="bbox 2084 4818 3298 4895">
     <span class='ocr_line' id='line_1_105' title="bbox 2084 4818 3298 4895; baseline -0.015 -11"><span class='ocrx_word' id='word_1_762' title='bbox 2084 4840 2304 4884; x_wconf 85' lang='lat' dir='ltr'><strong><em>cessum</em></strong></span> <span class='ocrx_word' id='word_1_763' title='bbox 2338 4822 2575 4895; x_wconf 73' lang='lat' dir='ltr'><strong><em>signavit</em></strong></span> <span class='ocrx_word' id='word_1_764' title='bbox 2598 4821 2887 4892; x_wconf 87' lang='lat' dir='ltr'><strong><em>imperium</em></strong></span> <span class='ocrx_word' id='word_1_765' title='bbox 2917 4818 2997 4873; x_wconf 82' lang='lat' dir='ltr'><strong><em>vel</em></strong></span> <span class='ocrx_word' id='word_1_766' title='bbox 3035 4824 3298 4887; x_wconf 80' lang='lat' dir='ltr'><strong><em>potestas.</em></strong></span> 
     </span>
    </p>
   </div>
   <div class='ocr_carea' id='block_1_106' title="bbox 2160 4903 3659 4987">
    <p class='ocr_par' dir='ltr' id='par_1_106' title="bbox 2160 4903 3659 4987">
     <span class='ocr_line' id='line_1_106' title="bbox 2160 4903 3659 4987; baseline -0.011 -11"><span class='ocrx_word' id='word_1_767' title='bbox 2160 4916 2504 4987; x_wconf 71' lang='lat' dir='ltr'><strong><em>Subsuiptio</em></strong></span> <span class='ocrx_word' id='word_1_768' title='bbox 2536 4914 2751 4984; x_wconf 81' lang='lat' dir='ltr'><strong><em>proprie</em></strong></span> <span class='ocrx_word' id='word_1_769' title='bbox 2782 4926 2974 4966; x_wconf 79' lang='lat' dir='ltr'><strong><em>manus</em></strong></span> <span class='ocrx_word' id='word_1_770' title='bbox 3004 4905 3366 4977; x_wconf 77' lang='lat' dir='ltr'><strong><em>Imperatoris</em></strong></span> <span class='ocrx_word' id='word_1_771' title='bbox 3392 4922 3408 4960; x_wconf 88' lang='lat'><strong>:</strong></span> <span class='ocrx_word' id='word_1_772' title='bbox 3445 4903 3659 4959; x_wconf 67' lang='lat' dir='ltr'><strong><em>Marine!</em></strong></span> 
     </span>
    </p>
   </div>
   <div class='ocr_carea' id='block_1_107' title="bbox 2090 4997 3661 5074">
    <p class='ocr_par' dir='ltr' id='par_1_107' title="bbox 2090 4997 3661 5074">
     <span class='ocr_line' id='line_1_107' title="bbox 2090 4997 3661 5074; baseline -0.009 -8"><span class='ocrx_word' id='word_1_773' title='bbox 2090 5012 2141 5066; x_wconf 92' lang='lat' dir='ltr'><strong><em>in</em></strong></span> <span class='ocrx_word' id='word_1_774' title='bbox 2177 5011 2400 5067; x_wconf 85' lang='lat' dir='ltr'><strong><em>Christo</em></strong></span> <span class='ocrx_word' id='word_1_775' title='bbox 2449 5010 2553 5066; x_wconf 83' lang='lat' dir='ltr'><strong><em>deo</em></strong></span> <span class='ocrx_word' id='word_1_776' title='bbox 2606 5008 2840 5062; x_wconf 78' lang='lat' dir='ltr'><strong><em>ﬁdeliter</em></strong></span> <span class='ocrx_word' id='word_1_777' title='bbox 2888 5003 3191 5074; x_wconf 80' lang='lat' dir='ltr'><strong><em>imperator</em></strong></span> <span class='ocrx_word' id='word_1_778' title='bbox 3233 4997 3661 5068; x_wconf 74' lang='lat' dir='ltr'><strong><em>Porlirogcoitus</em></strong></span> 
     </span>
    </p>
   </div>
   <div class='ocr_carea' id='block_1_108' title="bbox 2084 5097 3094 5160">
    <p class='ocr_par' dir='ltr' id='par_1_108' title="bbox 2084 5097 3094 5160">
     <span class='ocr_line' id='line_1_108' title="bbox 2084 5097 3094 5160; baseline -0.007 0"><span class='ocrx_word' id='word_1_779' title='bbox 2084 5114 2138 5160; x_wconf 87' lang='lat' dir='ltr'><strong><em>et</em></strong></span> <span class='ocrx_word' id='word_1_780' title='bbox 2167 5104 2461 5159; x_wconf 72' lang='lat' dir='ltr'><strong><em>uttocrator</em></strong></span> <span class='ocrx_word' id='word_1_781' title='bbox 2490 5102 2727 5157; x_wconf 71' lang='lat' dir='ltr'><strong><em>Bonteon</em></strong></span> <span class='ocrx_word' id='word_1_782' title='bbox 2754 5114 2797 5155; x_wconf 75' lang='grc' dir='ltr'><strong><em>ο.</em></strong></span> <span class='ocrx_word' id='word_1_783' title='bbox 2815 5097 3094 5153; x_wconf 84' lang='lat' dir='ltr'><strong><em>Cominos.</em></strong></span> 
     </span>
    </p>
   </div>
   <div class='ocr_carea' id='block_1_109' title="bbox 2084 5411 3655 5489">
    <p class='ocr_par' dir='ltr' id='par_1_109' title="bbox 2084 5411 3655 5489">
     <span class='ocr_line' id='line_1_109' title="bbox 2084 5411 3655 5489; baseline -0.01 -15"><span class='ocrx_word' id='word_1_784' title='bbox 2084 5438 2137 5489; x_wconf 89' lang='lat' dir='ltr'><strong><em>p.</em></strong></span> <span class='ocrx_word' id='word_1_785' title='bbox 2187 5421 2287 5475; x_wconf 75' lang='grc'><strong><em>105</em></strong></span> <span class='ocrx_word' id='word_1_786' title='bbox 2327 5419 2521 5489; x_wconf 78' lang='lat' dir='ltr'><strong><em>legisse</em></strong></span> <span class='ocrx_word' id='word_1_787' title='bbox 2549 5417 2760 5473; x_wconf 78' lang='lat' dir='ltr'><strong><em>videtur</em></strong></span> <span class='ocrx_word' id='word_1_788' title='bbox 2792 5411 3500 5489; x_wconf 72' lang='lat' dir='ltr'><strong><em>VlMDCXCVIll._eumqne</em></strong></span> <span class='ocrx_word' id='word_1_789' title='bbox 3551 5424 3655 5489; x_wconf 71' lang='lat' dir='ltr'><strong><em>nn-</em></strong></span> 
     </span>
    </p>
   </div>
   <div class='ocr_carea' id='block_1_110' title="bbox 2087 5479 3655 5564">
    <p class='ocr_par' dir='ltr' id='par_1_110' title="bbox 2087 5479 3655 5564">
     <span class='ocr_line' id='line_1_110' title="bbox 2087 5479 3655 5564; baseline -0.007 -19"><span class='ocrx_word' id='word_1_790' title='bbox 2087 5479 2293 5564; x_wconf 61' lang='lat' dir='ltr'><strong><em>iuerum</em></strong></span> <span class='ocrx_word' id='word_1_791' title='bbox 2320 5479 2868 5564; x_wconf 61' lang='lat' dir='ltr'><strong><em>in&quot;6688_mutam_l_um</em></strong></span> <span class='ocrx_word' id='word_1_792' title='bbox 2892 5501 3021 5564; x_wconf 65' lang='lat' dir='ltr'><strong><em>esse</em></strong></span> <span class='ocrx_word' id='word_1_793' title='bbox 3031 5494 3200 5555; x_wconf 85' lang='lat' dir='ltr'><strong><em>putat.</em></strong></span> <span class='ocrx_word' id='word_1_794' title='bbox 3230 5479 3539 5564; x_wconf 37' lang='lat' dir='ltr'><strong><em>Seduia’tum</em></strong></span> <span class='ocrx_word' id='word_1_795' title='bbox 3556 5479 3655 5562; x_wconf 69' lang='lat' dir='ltr'><strong><em>fuit</em></strong></span> 
     </span>
    </p>
   </div>
   <div class='ocr_carea' id='block_1_111' title="bbox 2087 5552 3656 5634">
    <p class='ocr_par' dir='ltr' id='par_1_111' title="bbox 2087 5552 3656 5634">
     <span class='ocr_line' id='line_1_111' title="bbox 2087 5552 3656 5634; baseline -0.01 -16"><span class='ocrx_word' id='word_1_796' title='bbox 2087 5567 2191 5618; x_wconf 84' lang='lat' dir='ltr'><strong><em>hoc</em></strong></span> <span class='ocrx_word' id='word_1_797' title='bbox 2235 5552 3057 5634; x_wconf 53' lang='lat' dir='ltr'><strong><em>chrysobullumindictione</em></strong></span> <span class='ocrx_word' id='word_1_798' title='bbox 3110 5570 3230 5634; x_wconf 62' lang='lat' dir='ltr'><strong><em>ante</em></strong></span> <span class='ocrx_word' id='word_1_799' title='bbox 3262 5553 3476 5634; x_wconf 68' lang='lat' dir='ltr'><strong><em>quidem</em></strong></span> <span class='ocrx_word' id='word_1_800' title='bbox 3516 5552 3656 5634; x_wconf 57' lang='lat' dir='ltr'><strong><em>inci-</em></strong></span> 
     </span>
    </p>
   </div>
   <div class='ocr_carea' id='block_1_112' title="bbox 2088 5619 3657 5701">
    <p class='ocr_par' dir='ltr' id='par_1_112' title="bbox 2088 5619 3657 5701">
     <span class='ocr_line' id='line_1_112' title="bbox 2088 5619 3657 5701; baseline -0.011 -9"><span class='ocrx_word' id='word_1_801' title='bbox 2088 5638 2163 5692; x_wconf 58' lang='lat' dir='ltr'><strong><em>an</em></strong></span> <span class='ocrx_word' id='word_1_802' title='bbox 2211 5619 2357 5690; x_wconf 55' lang='lat' dir='ltr'><strong><em>iure;</em></strong></span> <span class='ocrx_word' id='word_1_803' title='bbox 2387 5650 2438 5688; x_wconf 67' lang='grc' dir='ltr'><strong><em>τι.</em></strong></span> <span class='ocrx_word' id='word_1_804' title='bbox 2483 5634 2620 5687; x_wconf 72' lang='grc'><strong><em>1155</em></strong></span> <span class='ocrx_word' id='word_1_805' title='bbox 2648 5632 2747 5701; x_wconf 84' lang='lat' dir='ltr'><strong><em>(cf.</em></strong></span> <span class='ocrx_word' id='word_1_806' title='bbox 2785 5640 2899 5687; x_wconf 87' lang='lat' dir='ltr'><strong><em>not.</em></strong></span> <span class='ocrx_word' id='word_1_807' title='bbox 2948 5619 3141 5701; x_wconf 59' lang='lat' dir='ltr'><strong><em>5_7)ft&#39;</em></strong></span> <span class='ocrx_word' id='word_1_808' title='bbox 3172 5619 3657 5701; x_wconf 59' lang='lat' dir='ltr'><strong><em>legatioiiellt_§ri-</em></strong></span> 
     </span>
    </p>
   </div>
   <div class='ocr_carea' id='block_1_113' title="bbox 2088 5690 3654 5777">
    <p class='ocr_par' dir='ltr' id='par_1_113' title="bbox 2088 5690 3654 5777">
     <span class='ocr_line' id='line_1_113' title="bbox 2088 5690 3654 5777; baseline -0.01 -18"><span class='ocrx_word' id='word_1_809' title='bbox 2088 5690 2251 5760; x_wconf 65' lang='lat' dir='ltr'><strong><em>manu</em></strong></span> <span class='ocrx_word' id='word_1_810' title='bbox 2286 5721 2336 5762; x_wconf 67' lang='grc' dir='ltr'><strong><em>θ.</em></strong></span> <span class='ocrx_word' id='word_1_811' title='bbox 2377 5705 2514 5760; x_wconf 74' lang='lat' dir='ltr'><strong><em>tm</em></strong></span> <span class='ocrx_word' id='word_1_812' title='bbox 2561 5690 3033 5777; x_wconf 47' lang='lat' dir='ltr'><strong><em>sitt‘gqqagm__(cr._&#39;</em></strong></span> <span class='ocrx_word' id='word_1_813' title='bbox 3057 5695 3206 5777; x_wconf 60' lang='lat' dir='ltr'><strong><em>eam:</em></strong></span> <span class='ocrx_word' id='word_1_814' title='bbox 3229 5690 3304 5777; x_wconf 39' lang='lat' dir='ltr'><strong><em>&#39;l.._</em></strong></span> <span class='ocrx_word' id='word_1_815' title='bbox 3327 5706 3466 5777; x_wconf 37' lang='grc' dir='ltr'><strong><em>αλιι.</em></strong></span> <span class='ocrx_word' id='word_1_816' title='bbox 3504 5690 3654 5777; x_wconf 64' lang='lat'><strong><em>1333),</em></strong></span> 
     </span>
    </p>
   </div>
   <div class='ocr_carea' id='block_1_114' title="bbox 2089 5760 3596 5837">
    <p class='ocr_par' dir='ltr' id='par_1_114' title="bbox 2089 5760 3596 5837">
     <span class='ocr_line' id='line_1_114' title="bbox 2089 5760 3596 5837; baseline -0.011 -4"><span class='ocrx_word' id='word_1_817' title='bbox 2089 5791 2147 5834; x_wconf 86' lang='lat' dir='ltr'><strong><em>ut</em></strong></span> <span class='ocrx_word' id='word_1_818' title='bbox 2169 5760 2344 5837; x_wconf 70' lang='lat' dir='ltr'><strong><em>anuus</em></strong></span> <span class='ocrx_word' id='word_1_819' title='bbox 2377 5794 2425 5833; x_wconf 69' lang='grc' dir='ltr'><strong><em>α.</em></strong></span> <span class='ocrx_word' id='word_1_820' title='bbox 2460 5792 2511 5832; x_wconf 81' lang='grc' dir='ltr'><strong><em>υ.</em></strong></span> <span class='ocrx_word' id='word_1_821' title='bbox 2548 5790 2595 5832; x_wconf 87' lang='lat' dir='ltr'><strong><em>c.</em></strong></span> <span class='ocrx_word' id='word_1_822' title='bbox 2625 5760 2767 5832; x_wconf 77' lang='lat' dir='ltr'><strong><em>668&#39;s</em></strong></span> <span class='ocrx_word' id='word_1_823' title='bbox 2800 5760 3029 5831; x_wconf 72' lang='lat' dir='ltr'><strong><em>indicari</em></strong></span> <span class='ocrx_word' id='word_1_824' title='bbox 3061 5765 3329 5826; x_wconf 71' lang='lat' dir='ltr'><strong><em>debuerit.</em></strong></span> <span class='ocrx_word' id='word_1_825' title='bbox 3372 5760 3443 5820; x_wconf 88' lang='lat' dir='ltr'><strong><em>z.</em></strong></span> <span class='ocrx_word' id='word_1_826' title='bbox 3470 5777 3506 5820; x_wconf 66' lang='grc' dir='ltr'><strong><em>ι</em></strong></span> <span class='ocrx_word' id='word_1_827' title='bbox 3534 5762 3596 5816; x_wconf 84' lang='lat' dir='ltr'><strong><em>L.</em></strong></span> 
     </span>
    </p>
   </div>
  </div>
