4082 6294
463 305 562 370 791

1605 305 2033 366 ANDRONICI
2072 306 2412 366 (ἶΟΜΝΕΧΙ

3607 296 3713 360 792

462 418 744 478 inutilibus
774 415 1132 486 invalidisque
1170 416 1412 480 redditis,
1454 422 1509 471 et
1541 417 1766 485 perinde
1799 431 1861 472 ac
1889 417 1933 472 si
1976 432 2044 472 ne

2158 434 2274 483 σαν,
2303 417 2365 470 τὸ
2395 419 2678 490 ἄπρακτον
2711 418 2804 472 καὶ
2841 415 3130 485 ἀνίσχυρον
3175 406 3605 481 ἀποφερομένων
3629 407 3717 461 διὰ

462 519 644 567 essent
668 509 884 582 quidem
923 510 1170 575 omnino,
1197 507 1480 580 reputatis.

494 703 514 726 ‘
535 697 590 752 2.
633 695 883 753 (Icssaltit
906 705 1086 751 autem
1127 703 1181 751 et
1212 710 1330 766 quae
1357 698 1462 754 buc
1495 712 1668 769 usque
1694 697 1889 754 vestris
1923 711 2043 752 mo-

467 787 825 842 nasteriorum
881 787 1242 843 immobilibus
1275 789 1326 842 in
1359 786 1588 844 Thracia
1633 799 1685 844 et
1734 786 2040 844 Macedonia

464 878 630 944 sitis,
697 877 976 934 insultavit
1067 878 1350 950 practorici
1421 889 1479 936 et
1550 880 1850 950 catepanici
1914 895 2043 935 usus

467 970 701 1034 exactio,
725 982 1040 1040 stuppaeque
1068 978 1122 1025 et
1144 969 1388 1036 axungia:
1414 972 1708 1038 redemptio
1731 981 1784 1026 ct
1807 971 2040 1026 exactio:

469 1073 724 1132 tanquam
761 1079 857 1134 per
887 1062 1027 1119 hanc
1057 1073 1378 1134 prtesentem
1428 1063 1810 1119 resolutionem
1844 1063 2042 1119 excisa:

467 1163 522 1209 et
557 1155 814 1210 radicitus
846 1155 1180 1224 exstirpata,
1203 1163 1259 1210 et
1292 1170 1360 1210 eo
1395 1156 1647 1221 redactae,
1693 1164 1751 1210 ut
1785 1170 1884 1211 nec
1913 1157 2043 1221 sint,

470 1260 573 1299 nec
617 1247 964 1301 nominentur
1004 1264 1020 1302 :
1061 1247 1399 1318 praetoribus,
1455 1254 1510 1301 et
1569 1247 1936 1313 exactoribus,
1991 1255 2048 1302 et

465 1337 771 1408 catepanis,
812 1326 869 1394 et
903 1336 991 1406 iis,
1037 1340 1128 1411 qui
1181 1350 1387 1410 stuppa:
1432 1349 1488 1396 ct
1535 1340 1783 1410 axungia:
1832 1326 2046 1396 redem-

468 1428 706 1497 ptionem
740 1428 824 1483 vel
851 1430 1185 1485 exactionem
1235 1440 1526 1498 exercent;
1579 1432 1754 1502 iisque
1803 1432 1891 1504 qui
1937 1431 2047 1488 illis

470 1519 801 1588 ministrant,
848 1521 927 1576 sic
971 1519 1238 1591 ejusmodi
1286 1522 1582 1578 immobilia
1627 1531 2046 1593 prtetercurrere

2145 507 2247 576 τῆς
2273 505 2556 577 παρούσης
2583 507 2817 575 λύσεως,
2856 505 2950 561 καὶ
2991 504 3176 575 ὥσπερ
3205 503 3252 557 εί
3293 500 3430 574 μηδὲ
3461 500 3598 564 ὅλως
3627 514 3723 568 τεο

2147 600 2338 670 γόνασι
2355 600 2743 672 λογιζομένων.

2219 692 2296 763 β’.
2319 693 2578 765 ’Δργήσιι
2601 693 2658 747 δὲ
2674 692 2769 746 καὶ
2793 693 2827 764 ἡ
2855 690 3015 762 μέχρι
3035 686 3128 742 τοῦ
3151 686 3244 742 νῦν
3256 681 3726 756 ὲπεισκωμάσασα

2148 789 2265 850 τοῖς
2303 785 2408 838 ὑπὸ
2429 785 2528 850 τὰς
2561 783 2851 855 καθ’ύμᾶς
2887 783 3053 852 μονάς
3091 781 3392 851 ἀκινήτοις,
3415 777 3533 841 τοῖς
3581 775 3724 829 κατὰ

2145 881 2206 934 τὸ
2227 881 2368 952 θέμα
2398 880 2620 954 Θρᾴκης
2645 881 2738 935 καὶ
2776 875 3118 938 Μακεδονίας
3151 871 3534 937 διακειμένοις,
3565 865 3731 922 ἀπαεο

2146 990 2300 1044 τησις
2342 973 2442 1041 τῆς
2481 989 2543 1026 τε
2582 969 2962 1041 πρακτορικῆς
2997 966 3092 1020 καὶ
3143 963 3518 1031 κατεπανικῆς
3554 962 3733 1030 γύρας

2152 1067 2248 1119 καὶ
2280 1065 2492 1137 χρείας,
2518 1069 2611 1118 καὶ
2644 1067 2676 1132 ἡ
2729 1061 2956 1116 στυπίου
3015 1058 3112 1114 καὶ
3150 1055 3444 1125 ἀξουγγίου
3467 1052 3731 1122 ὲξὼνησις

2153 1155 2188 1226 ἢ
2219 1154 2536 1226 ἀπαίτησις,
2563 1153 2640 1216 ὡς
2667 1151 2756 1206 διὰ
2784 1151 2880 1219 τῆς
2907 1147 3195 1221 παρούσης
3229 1144 3438 1207 λύσεως
3467 1140 3735 1196 ἐκκοπτόι

2151 1267 2311 1320 μεναι
2345 1249 2437 1303 καὶ
2462 1245 2922 1319 ριζοτομούμεναι
2950 1242 3041 1296 καὶ
3071 1245 3150 1306 είς
3173 1238 3234 1293 τὸ
3259 1236 3611 1307 ἀνύπαρκτον
3641 1231 3738 1284 καὶ

2153 1343 2520 1412 ἀνονόμαστον
2551 1336 3057 1406 ἀποκαθιστάμεναι
3078 1347 3094 1364 ⁸
3146 1330 3257 1386 τῶν
3298 1325 3613 1400 πραιτόρων
3641 1321 3740 1377 καὶ

2147 1433 2478 1506 πρακτόρων
2528 1432 2622 1484 καὶ
2657 1429 2999 1492 κατεπάνων,
3056 1425 3151 1481 καὶ
3189 1421 3303 1476 τῶν
3343 1419 3443 1490 τὴν
3481 1417 3742 1506 ὲξώνησιν

2147 1505 2205 1600 ἢν
2232 1526 2529 1595 ἀπαίτησιν
2561 1521 2659 1576 τοῦ
2706 1521 2936 1576 στυπίου
2996 1518 3093 1574 καὶ
3125 1514 3221 1572 τοῦ
3274 1508 3571 1579 ἀξουγγίου
3599 1505 3742 1600 κατ-ἀ

470 1611 812 1679 debentibus,
846 1613 1067 1684 perinde
1091 1629 1153 1670 ac
1178 1615 1221 1671 si
1252 1630 1321 1669 ne
1347 1616 1398 1669 in
1430 1615 1543 1671 suis
1570 1616 1790 1687 Quidem
1820 1617 2044 1671 omnino

2158 1597 2379 1688 καιροὺς
2400 1611 2760 1684 ποιουμένων,
2792 1612 2888 1666 καὶ
2916 1610 3025 1665 τῶν
3056 1600 3540 1676 ὲξυπηρετούντων
3560 1597 3740 1661 αὐτοῖς

471 1705 782 1776 regionibus
810 1707 914 1760 sita
951 1714 1136 1762 essent
1168 1725 1182 1762 :
1226 1715 1409 1777 utpote
1437 1723 1557 1778 quae
1581 1723 1685 1763 non
1723 1708 1836 1780 sint
1856 1725 1885 1763 a
1915 1708 2046 1765 lisco

2158 1709 2289 1765 οὕτω
2325 1704 2792 1780 παρατρέχειν-τὰ
2831 1702 3059 1759 τοιαῦτα
3103 1713 3341 1782 ἀκίνητα
3381 1699 3731 1775 ὀφειλόντων,

470 1793 696 1850 omnino
728 1795 1049 1865 requirenda
1085 1795 1136 1849 in
1169 1795 1441 1861 omnibus,
1474 1811 1593 1865 qua:
1629 1795 1731 1851 hoc
1761 1797 1920 1852 modo
1954 1799 2048 1852 de-

2158 1803 2225 1867 ὡς
2263 1803 2312 1856 σι
2336 1799 2470 1872 μηδὲ
2492 1799 2627 1863 ὅλως
2652 1796 2711 1848 ἐν
2741 1800 2852 1863 τοῖς
2875 1797 2966 1852 ὑπ’
2985 1796 3183 1860 αὐτοὺς
3199 1799 3398 1875 θέμασι
3430 1795 3600 1851 ταῦτα
3629 1788 3736 1843 διέ-

473 1897 620 1942 creta
673 1897 799 1944 sunt
852 1879 976 1958 ipsi,
1035 1889 1102 1943 ab
1151 1888 1307 1942 initio
1365 1888 1610 1946 hodierni
1667 1889 1772 1944 diei
1837 1890 2048 1961 repetiti

2158 1912 2353 1958 κειντο,
2370 1893 2466 1950 ﬁt:
2484 1893 2580 1948 καὶ
2591 1889 2767 1947 αὐτῶν
2784 1887 3217 1960 ἀκαταζητὴτων
3232 1887 3536 1960 μελλόντων
3553 1887 3740 1956 διατη-

475 1978 677 2047 diurni,
707 1989 761 2035 et
783 1979 1036 2052 deinceps
1061 1980 1114 2036 in
1155 1996 1318 2037 omne
1355 1997 1419 2038 ac
1449 1991 1768 2053 perpetuum
1814 1991 2050 2052 tempus,

2158 1989 2368 2063 ρείσθαι
2391 1985 2498 2041 ἀπὸ
2521 1983 2616 2038 τοῦ
2634 1985 2697 2056 δη
2707 1985 2898 2054 μοσίου
2916 1983 3010 2038 ἐπὶ
3026 1983 3162 2036 πᾶσι
3173 1983 3285 2046 τοῖς
3311 1977 3740 2048 τοιουτοτρόπως

475 2083 724 2142 suscepta
770 2075 887 2130 sine
941 2074 1399 2139 contradictione;
1456 2089 1556 2130 nec
1610 2075 1911 2131 habeantur
1956 2089 2054 2146 pro

2158 2078 2579 2148 ἑπιγνωσθεῐσιν
2609 2075 2758 2148 αύτῷ
2805 2073 2902 2130 ἀπ’
2932 2074 3110 2147 ἀρχῆς
3153 2075 3252 2143 τῆς
3301 2074 3544 2144 σήμερον
3579 2071 3741 2125 ἀπαι-

477 2164 768 2235 descriptis
813 2167 866 2221 in
920 2166 1150 2236 publicis
1197 2167 1356 2222 actis.
1392 2166 1545 2223 Licet
1589 2177 1768 2224 autem
1814 2183 1926 2224 non
1958 2168 2055 2223 de-

2158 2172 2433 2245 τουμένης
2458 2170 2748 2244 ἑγχρονίας
2787 2169 2884 2223 καὶ
2915 2170 2996 2234 εἰς
3042 2167 3172 2228 τοὺς
3214 2166 3342 2236 ἑξῆς
3374 2167 3622 2226 ἅπαντας
3651 2161 3744 2216 καὶ

475 2255 677 2326 scripta
723 2257 836 2312 sint
869 2257 918 2312 in
952 2257 1106 2322 actis,
1139 2257 1234 2315 sed
1264 2256 1371 2315 alio
1415 2273 1522 2329 quo
1560 2259 1719 2316 modo
1767 2260 1973 2333 agnita,
2000 2267 2056 2316 et

2158 2265 2434 2336 διηνεκεῖς
2463 2263 2693 2336 χρόνους
2722 2259 3037 2333 δεχομένοις
3070 2259 3504 2330 ἀναντιρῤήτως,
3542 2256 3636 2309 καὶ
3668 2254 3746 2318 ὡς

473 2345 553 2404 ιῖϐ
585 2358 823 2422 ΐθοεΡιαο
2164 2358 2298 2430 μηδέ
2323 2359 2380 2411 ἐν
2409 2357 2765 2428 δημοσιακοῖς
2792 2353 3118 2426 πρακτικοῖς
3142 2349 3570 2421 καταγραφῆναι
3593 2348 3744 2414 λογι-

2162 2449 2409 2521 ζομένοις
2433 2465 2451 2481 ·
2481 2449 2586 2504 κᾶν
2625 2446 2700 2520 μὴ
2756 2447 3186 2518 κατεγράφησαν
3229 2443 3286 2498 δὲ
3314 2444 3371 2498 ὲν
3399 2442 3744 2515 πρακτικοῖς,

547 2628 603 2686 5.
645 2629 702 2686 Si
747 2631 866 2700 quis
913 2642 1093 2688 autem
1129 2640 1411 2704 praeterea,
1460 2649 1578 2705 quae
1611 2637 1902 2694 constituta
1937 2647 2064 2692 sunt

482 2722 568 2777 bis
595 2722 775 2778 aureis
804 2722 984 2787 bullis,
1020 2732 1070 2778 et
1101 2724 1352 2793 praesenti
1378 2724 1646 2781 solutione
1678 2726 1779 2782 mei
1825 2728 2062 2799 imperii,

481 2813 647 2870 fuerit
689 2829 852 2871 ausus
902 2815 1103 2887 aliquid
1155 2816 1379 2885 exsequi
1413 2817 1466 2872 in
1511 2819 1793 2887 quibusvis
1849 2835 2068 2890 posses-

481 2911 725 2967 siouibus
797 2909 1165 2966 immobilibus
1200 2919 1497 2967 vestrorum
1564 2915 2017 2969 monastcrorium
2048 2954 2064 2979 ,

483 3011 840 3072 praeterquam
903 3003 1045 3070 quod
1093 3001 1233 3056 laeste
1291 3000 1594 3071 maiestatis
1627 3003 1901 3058 tenebitur
1935 3020 2060 3061 reus

485 3091 649 3158 (sicut
678 3091 759 3145 liis
782 3090 962 3147 aureis
979 3091 1136 3146 bullis
1158 3091 1434 3146 deﬁnitum
1471 3091 1599 3159 est),
1650 3092 1718 3147 ab
1750 3093 2068 3150 eminentis-

490 3185 630 3240 simo
658 3199 871 3256 quoque
902 3182 1320 3255 temporisillius
1348 3183 1576 3254 mystico
1599 3183 1809 3239 illatum
1837 3186 2066 3257 cuipiam

2163 2543 2340 2606 ἄλλως
2375 2540 2429 2593 δέ
2473 2557 2591 2604 πως
2620 2538 3068 2609 ὲπεγνὼσθησαν,
3098 2535 3416 2607 δεχομένοις
3449 2532 3545 2587 καὶ
3577 2530 3744 2586 οὕτω.

2237 2634 2420 2705 γ’.Τοῦ
2451 2632 2968 2704 κατατολμήσαντος
2999 2630 3185 2701 ἔτερόν
3207 2647 3259 2682 τι
3291 2627 3440 2699 παρά
3463 2627 3532 2681 τὰ
3559 2626 3748 2696 διωρι-

2170 2727 2346 2798 σμένα
2379 2731 2490 2791 τοῖς
2514 2725 2783 2787 conﬁtear,
2819 2721 3243 2796 χρυσοδούλλοις
3276 2721 3371 2774 καὶ
3395 2721 3462 2791 τῇ
3495 2718 3750 2792 παρούσῃ

2168 2823 2323 2878 λύσει
2353 2824 2447 2893 τῆς
2489 2820 2762 2892 βασιλείας
2799 2835 2902 2888 μου
2925 2815 3020 2870 ἐπὶ
3040 2819 3158 2880 ταῖς
3178 2814 3283 2868 ὑπὸ
3315 2811 3413 2876 τὰς
3443 2812 3569 2868 καθ’
3607 2813 3750 2883 ὑμᾶς

2172 2916 2344 2989 μονάς
2386 2914 2670 2976 παντοίαις
2727 2911 3007 2983 ἀκινήτοις
3055 2911 3285 2980 κτήσεσι
3321 2906 3746 2979 διαπράξασθαι,

2173 3010 2271 3062 σὺν
2299 3006 2377 3077 τῷ
2419 3006 2512 3060 καὶ
2562 3003 2891 3060 καθοσιώσει
2933 3002 3260 3057 ὑποπίπτειν
3295 2999 3500 3072 (καθὼς
3527 3000 3616 3054 διὰ
3644 2999 3754 3054 τῶν

2095 3125 2137 3187 C
2171 3097 2435 3151 τοιούτων
2496 3095 2912 3187 χρυσοδούλλων
2970 3092 3258 3187 διωρίσθη)
3304 3093 3400 3147 καὶ
3448 3091 3621 3187 παρέξῃ
3657 3091 3754 3145 τοῦ

2178 3189 2320 3244 κατά
2341 3190 2440 3260 τὴν
2465 3189 2684 3260 ἡμέραν
2714 3186 3329 3258 μεγαλεπιφανεστάτου
3357 3184 3624 3256 μυστικοῦ
3656 3203 3758 3238 κα-

490 3293 794 3338 vestrarum
830 3279 1232 3352 possessionum
1263 3279 1518 3334 damnum
1550 3279 1756 3334 sarcire
1787 3281 2056 3353 compelle

2173 3280 2657 3353 ταναγκαζομένου
2685 3282 2765 3345 είς
2792 3279 2852 3334 τὸ
2904 3279 3004 3351 τὴν
3064 3278 3452 3349 ἀπενεχθεῖσάν
3489 3295 3599 3331 τινι
3647 3276 3759 3330 τῶν

489 3386 598 3429 tur.
621 3374 962 3430 Monasteriis
989 3389 1203 3444 quoque
1224 3375 1476 3431 omnibus
1503 3376 1740 3432 vicissim
1771 3391 1916 3432 curae
1940 3377 2070 3444 erit,

492 3479 600 3524 tam
648 3467 712 3523 iis
741 3481 861 3538 quae
908 3477 1034 3556 sunt
1078 3467 1217 3522 intra
1274 3467 1486 3536 urbem,
1537 3485 1699 3556 quam
1747 3486 1866 3541 quae
1889 3480 2066 3556 extra,

494 3562 595 3614 sub
619 3557 864 3614 terminis
890 3546 963 3612 iis
985 3559 1167 3612 aureis
1198 3558 1357 3615 bullis
1388 3547 1796 3630 comprehensis
1837 3546 2071 3633 impera-

496 3651 632 3706 toris
657 3650 809 3706 bonae
833 3651 1109 3706 memoria:
1140 3651 1323 3723 inclyti
1347 3653 1548 3707 domini
1577 3661 1630 3707 et
1658 3654 1829 3722 patris
1858 3653 2070 3722 imperii

498 3745 629 3811 mei,
686 3759 750 3799 ea
808 3759 1083 3814 peragere,
1125 3760 1245 3814 quae
1279 3745 1332 3800 in
1375 3754 1551 3801 vestra
1600 3747 1945 3816 suggestione
1978 3749 2072 3802 de-

499 3837 703 3892 clarata
731 3846 892 3894 sunt:
926 3837 1028 3892 nisi
1059 3836 1227 3892 velint
1260 3837 1352 3892 tali
1382 3838 1733 3894 excusatione
1762 3838 1983 3908 privari,
2007 3853 2073 3896 eo

496 3929 640 3998 quod
669 3929 835 3984 semel
861 3943 923 3985 ea
954 3929 1309 3999 neglexerint.

2176 3369 2273 3446 se:
2298 3376 2445 3448 ὑμᾶς
2477 3376 2726 3447 κτήσεων
2750 3374 2957 3446 βλάϐην
2987 3373 3428 3444 ἀποθεραπεύειν
3459 3373 3622 3444 αὐτῇ.
3647 3372 3758 3426 Με-

2171 3469 2328 3539 λήσει
2372 3469 2561 3540 μέντοι
2601 3467 2697 3523 καὶ
2735 3469 2816 3539 τῷ
2848 3468 3005 3539 μέρει
3038 3466 3149 3521 τῶν
3194 3467 3373 3538 μονῶν
3407 3466 3621 3532 πασῶν,
3649 3465 3759 3518 τῶν

2175 3579 2235 3614 τε
2297 3561 2450 3625 ἐντὸς
2512 3563 2614 3631 τῆς
2679 3560 3097 3631 μεγαλυπόλεως
3149 3558 3245 3612 καὶ
3274 3555 3454 3621 ἐκτὸς,
3499 3556 3604 3610 ὑπὸ
3632 3558 3758 3620 τοὺς

2177 3653 2751 3726 ὲμπεριειλημμὲνους
2789 3654 2973 3725 μέντοι
2997 3653 3159 3723 ὅρους
3187 3653 3304 3715 τοῖς
3334 3650 3596 3714 τοιούτοις
3624 3668 3756 3722 χρυ-

2178 3747 2492 3813 σοεού).λοις
2539 3747 2931 3819 διακειμένων,
2993 3745 3088 3800 τοῦ
3123 3747 3183 3800 ὲν
3234 3748 3349 3811 τοῖς
3389 3745 3756 3818 μνημοσύνοις

2169 3839 2267 3894 τοῦ
2315 3844 2372 3896 ὲν
2424 3839 2736 3912 βασιλεῦσιν
2785 3840 3031 3911 ἀοιδίμου
3088 3839 3348 3893 αὑθέντου
3395 3840 3492 3893 καὶ
3549 3839 3756 3907 πατρὸς

2160 3933 2275 4003 ⁵στῆς
2309 3932 2592 4004 βασιλείας
2648 3949 2752 4003 μου
2806 3933 3047 3988 ἐκτελεῖν
3069 3933 3173 3988 ὅσα
3225 3934 3284 4004 ὲν
3341 3933 3409 4003 τῇ
3449 3933 3756 4001 ὑπομνήσει

499 4027 656 4096 ὑμῶν
700 4026 1014 4099 δεδήλωται,
1077 4030 1127 4082 εί
1186 4029 1261 4101 μὴ
1309 4027 1594 4098 βούλονται
1651 4029 1752 4101 τῆς
1808 4033 2064 4102 τοιαύτης
2104 4003 2452 4098 ἑξκουσσείας
2485 4031 2764 4086 διαπεσεῖν
2790 4031 2857 4086 ὲκ
2891 4027 2986 4084 τοῦ
3056 4028 3204 4095 ἅπαξ
3243 4003 3466 4084 ’τούτων
3517 4045 3759 4100 καταμε-

496 4124 683 4194 λῆσαι.

1651 4296 2107 4306 .m

1651 4292 3168 4306 .WWW

509 4288 3748 4347 Μ
1781 4337 1978 4347 __-..

1781 4337 1978 4347 —_-—

1690 4477 1865 4523 ANNO
1921 4476 2144 4523 DOMINI
2205 4474 2560 4522 MCLXXXIII.

785 4660 2182 4939 ANDRONIGUs
2276 4660 3498 4842 COMNENUS.

1864 5029 2415 5122 NOTIT‘IA.

598 5341 939 5398 Andronicus
974 5340 1282 5398 Comnenus
1346 5343 1690 5415 imperatoris
1720 5346 1895 5402 Alexii
1928 5346 2186 5403 Comneni
2220 5347 2380 5416 primi
2413 5346 2527 5403 sive
2559 5342 2800 5400 Senioris
2835 5358 2999 5414 nepos
3030 5341 3128 5397 fuit
3153 5383 3168 5409 ,
3197 5341 3337 5399 illius
3366 5351 3546 5399 autem
3577 5339 3761 5401 lsaacii

525 5431 788 5487 Comneni
829 5431 1308 5488 Sebastocratoris.
1356 5431 1564 5489 Claruit
1617 5451 1757 5488 anno
1786 5434 1948 5503 1180,
1997 5435 2077 5489 vel
2141 5437 2377 5491 circiter.
2429 5433 2501 5487 De
2543 5432 2702 5500 cujus
2731 5431 2926 5488 eximia
2977 5432 3313 5498 eruditione,
3350 5432 3610 5505 singulari
3650 5433 3760 5488 elo-

534 5522 781 5590 quentia
827 5529 990 5585 atque
1045 5521 1310 5588 exquisita
1370 5536 1540 5578 sacrm
1619 5522 1911 5594 Scriptum
1965 5525 2195 5589 notitia,
2269 5521 2634 5576 testimonium
2705 5519 2952 5590 perhibet
3007 5521 3263 5575 eximium
3325 5519 3547 5576 Nicetas
3626 5522 3766 5578 Cho-

530 5610 748 5674 nintes,
783 5610 1260 5679 cuiusmodi'illud
1309 5623 1412 5678 est,
1468 5613 1609 5683 quod
1659 5629 1780 5684 pag.
1824 5615 1925 5669 “9
1989 5613 2241 5668 editionis
2294 5609 2716 5667 Graeco-Latina:
2760 5609 3125 5676 Parisiensis,
3166 5609 3253 5665 bis
3311 5618 3491 5667 exstat
3557 5598 3765 5666 verbis:

541 5702 647 5754 Καὶ
694 5703 865 5756 ταῦτα
923 5703 1096 5770 λέγων
1142 5703 1236 5756 καὶ
1297 5701 1522 5772 γράφων
1587 5703 1923 5772 Ἀνδρόνικος
1987 5702 2105 5775 μεθ’
2171 5702 2290 5766 οἵας
2335 5703 2436 5755 οὑκ
2488 5700 2632 5753 εἴποι
2680 5715 2765 5762 τις
2823 5698 2889 5752 ἂν
2919 5697 3294 5770 πειθανάγκης
3326 5699 3421 5753 καὶ
3443 5698 3761 5772 λαμπρότη-

535 5806 621 5853 τος
663 5782 753 5862 (ἦν
786 5778 893 5864 γὰρ
931 5792 976 5846 εί
1019 5789 1112 5846 καί
1141 5807 1222 5854 τις
1258 5789 1437 5856 ἄλλος,
1484 5792 1827 5861 γραμμάτων
1870 5792 2129 5864 ἔμπειρος
2161 5835 2176 5862 ,
2212 5791 2305 5847 καὶ
2347 5791 2452 5848 ἀνά
2497 5789 2671 5862 στόμα
2721 5786 2901 5858 φέρων
2959 5786 3046 5841 ἀεὶ
3121 5787 3215 5841 τοῦ
3262 5789 3766 5862 πνευματορήτορος
