  <div class='ocr_page' id='page_1' title='image "/cluster/home/n/w/nwhite01/storage/ocr_20150623/133/mdp.39015078384230/404.png"; bbox 0 0 4006 6284; ppageno 0'>
   <div class='ocr_carea' id='block_1_1' title="bbox 231 361 1813 437">
    <p class='ocr_par' dir='ltr' id='par_1_1' title="bbox 231 361 1813 437">
     <span class='ocr_line' id='line_1_1' title="bbox 231 361 1813 437; baseline 0.01 -15"><span class='ocrx_word' id='word_1_1' title='bbox 231 361 343 424; x_wconf 81' lang='lat'><strong><em>793</em></strong></span> <span class='ocrx_word' id='word_1_2' title='bbox 1321 375 1598 436; x_wconf 78' lang='lat' dir='ltr'><strong><em>DIALOG</em></strong></span> <span class='ocrx_word' id='word_1_3' title='bbox 1611 376 1706 437; x_wconf 86' lang='lat' dir='ltr'>US</span> <span class='ocrx_word' id='word_1_4' title='bbox 1748 375 1813 437; x_wconf 84' lang='lat' dir='ltr'><strong><em>C(</em></strong></span> 
     </span>
    </p>
   </div>
   <div class='ocr_carea' id='block_1_2' title="bbox 1898 361 3480 437">
    <p class='ocr_par' dir='ltr' id='par_1_2' title="bbox 1898 361 3480 436">
     <span class='ocr_line' id='line_1_2' title="bbox 1898 361 3480 436; baseline -0.007 0"><span class='ocrx_word' id='word_1_5' title='bbox 1898 374 2049 436; x_wconf 79' lang='lat' dir='ltr'><strong><em>TRA</em></strong></span> <span class='ocrx_word' id='word_1_6' title='bbox 2087 371 2422 436; x_wconf 59' lang='lat' dir='ltr'><strong><em>JUDJEOS-</em></strong></span> <span class='ocrx_word' id='word_1_7' title='bbox 3377 361 3480 425; x_wconf 67' lang='grc'>’194</span> 
     </span>
    </p>
   </div>
   <div class='ocr_carea' id='block_1_3' title="bbox 234 478 3456 562">
    <p class='ocr_par' dir='ltr' id='par_1_3' title="bbox 234 478 3456 562">
     <span class='ocr_line' id='line_1_3' title="bbox 234 478 3456 562; baseline 0.001 -32"><span class='ocrx_word' id='word_1_8' title='bbox 234 478 450 534; x_wconf 67' lang='grc' dir='ltr'>Παύλου</span> <span class='ocrx_word' id='word_1_9' title='bbox 478 483 546 534; x_wconf 74' lang='grc' dir='ltr'><strong><em>τὰ</em></strong></span> <span class='ocrx_word' id='word_1_10' title='bbox 574 481 880 555; x_wconf 73' lang='grc' dir='ltr'><strong><em>ἐπιστόλια)</em></strong></span> <span class='ocrx_word' id='word_1_11' title='bbox 916 479 1034 556; x_wconf 71' lang='grc' dir='ltr'>εἶχε</span> <span class='ocrx_word' id='word_1_12' title='bbox 1071 485 1282 552; x_wconf 71' lang='grc' dir='ltr'>πάντας</span> <span class='ocrx_word' id='word_1_13' title='bbox 1330 492 1396 561; x_wconf 78' lang='grc' dir='ltr'><strong><em>τῇ</em></strong></span> <span class='ocrx_word' id='word_1_14' title='bbox 1437 490 1600 544; x_wconf 80' lang='grc' dir='ltr'>αὐτοῦ</span> <span class='ocrx_word' id='word_1_15' title='bbox 1631 490 1826 562; x_wconf 76' lang='grc' dir='ltr'>γνώμῃ</span> <span class='ocrx_word' id='word_1_16' title='bbox 1857 486 2351 560; x_wconf 78' lang='grc' dir='ltr'><strong><em>προστιθεμένους.</em></strong></span> <span class='ocrx_word' id='word_1_17' title='bbox 2383 485 2497 542; x_wconf 79' lang='lat' dir='ltr'><strong><em>Hoc</em></strong></span> <span class='ocrx_word' id='word_1_18' title='bbox 2547 492 2664 548; x_wconf 83' lang='lat' dir='ltr'><strong><em>est,</em></strong></span> <span class='ocrx_word' id='word_1_19' title='bbox 2699 482 2824 538; x_wconf 78' lang='lat' dir='ltr'><strong><em>Htec</em></strong></span> <span class='ocrx_word' id='word_1_20' title='bbox 2879 479 3222 536; x_wconf 78' lang='lat' dir='ltr'><strong><em>Andronicus</em></strong></span> <span class='ocrx_word' id='word_1_21' title='bbox 3277 481 3456 535; x_wconf 82' lang='lat' dir='ltr'><strong><em>incre-</em></strong></span> 
     </span>
    </p>
   </div>
   <div class='ocr_carea' id='block_1_4' title="bbox 231 568 3468 648">
    <p class='ocr_par' dir='ltr' id='par_1_4' title="bbox 231 568 3468 648">
     <span class='ocr_line' id='line_1_4' title="bbox 231 568 3468 648; baseline 0.001 -29"><span class='ocrx_word' id='word_1_22' title='bbox 231 568 385 621; x_wconf 87' lang='lat' dir='ltr'><strong><em>dibili</em></strong></span> <span class='ocrx_word' id='word_1_23' title='bbox 415 570 764 638; x_wconf 75' lang='lat' dir='ltr'><strong><em>persuadendi</em></strong></span> <span class='ocrx_word' id='word_1_24' title='bbox 795 572 966 628; x_wconf 87' lang='lat' dir='ltr'><strong><em>studio</em></strong></span> <span class='ocrx_word' id='word_1_25' title='bbox 996 584 1042 627; x_wconf 86' lang='lat' dir='ltr'><strong><em>et</em></strong></span> <span class='ocrx_word' id='word_1_26' title='bbox 1071 577 1296 645; x_wconf 72' lang='lat' dir='ltr'><strong><em>artiﬁcio</em></strong></span> <span class='ocrx_word' id='word_1_27' title='bbox 1329 580 1582 633; x_wconf 87' lang='lat' dir='ltr'><strong><em>orationis</em></strong></span> <span class='ocrx_word' id='word_1_28' title='bbox 1611 580 1825 648; x_wconf 86' lang='lat' dir='ltr'><strong><em>loquens</em></strong></span> <span class='ocrx_word' id='word_1_29' title='bbox 1873 596 1935 634; x_wconf 87' lang='lat' dir='ltr'><strong><em>ac</em></strong></span> <span class='ocrx_word' id='word_1_30' title='bbox 1976 579 2222 634; x_wconf 86' lang='lat' dir='ltr'><strong><em>scribens</em></strong></span> <span class='ocrx_word' id='word_1_31' title='bbox 2277 581 2412 645; x_wconf 87' lang='lat' dir='ltr'><strong><em>(erat</em></strong></span> <span class='ocrx_word' id='word_1_32' title='bbox 2447 577 2583 631; x_wconf 85' lang='lat' dir='ltr'><strong><em>enim</em></strong></span> <span class='ocrx_word' id='word_1_33' title='bbox 2616 574 2938 638; x_wconf 85' lang='lat' dir='ltr'><strong><em>litterarum,</em></strong></span> <span class='ocrx_word' id='word_1_34' title='bbox 2970 581 3028 627; x_wconf 76' lang='lat' dir='ltr'><strong><em>ut</em></strong></span> <span class='ocrx_word' id='word_1_35' title='bbox 3055 571 3268 643; x_wconf 86' lang='lat' dir='ltr'><strong><em>quilibet</em></strong></span> <span class='ocrx_word' id='word_1_36' title='bbox 3303 572 3468 635; x_wconf 79' lang='lat' dir='ltr'><strong><em>alius,</em></strong></span> 
     </span>
    </p>
   </div>
   <div class='ocr_carea' id='block_1_5' title="bbox 229 655 3476 736">
    <p class='ocr_par' dir='ltr' id='par_1_5' title="bbox 229 655 3476 736">
     <span class='ocr_line' id='line_1_5' title="bbox 229 655 3476 736; baseline 0.001 -28"><span class='ocrx_word' id='word_1_37' title='bbox 229 657 458 723; x_wconf 76' lang='lat' dir='ltr'><strong><em>peritas,</em></strong></span> <span class='ocrx_word' id='word_1_38' title='bbox 482 667 529 711; x_wconf 92' lang='lat' dir='ltr'><strong><em>et</em></strong></span> <span class='ocrx_word' id='word_1_39' title='bbox 564 655 773 726; x_wconf 83' lang='lat' dir='ltr'><strong><em>Spiritu</em></strong></span> <span class='ocrx_word' id='word_1_40' title='bbox 800 674 978 716; x_wconf 87' lang='lat' dir='ltr'><strong><em>sancto</em></strong></span> <span class='ocrx_word' id='word_1_41' title='bbox 1006 663 1182 733; x_wconf 74' lang='lat' dir='ltr'><strong><em>afflati</em></strong></span> <span class='ocrx_word' id='word_1_42' title='bbox 1215 667 1440 721; x_wconf 89' lang='lat' dir='ltr'><strong><em>oratoris</em></strong></span> <span class='ocrx_word' id='word_1_43' title='bbox 1468 665 1632 721; x_wconf 80' lang='lat' dir='ltr'><strong><em>Pauli</em></strong></span> <span class='ocrx_word' id='word_1_44' title='bbox 1662 665 1928 736; x_wconf 85' lang='lat' dir='ltr'><strong><em>Epistolas</em></strong></span> <span class='ocrx_word' id='word_1_45' title='bbox 1958 681 2158 736; x_wconf 79' lang='lat' dir='ltr'><strong><em>semper</em></strong></span> <span class='ocrx_word' id='word_1_46' title='bbox 2189 665 2243 720; x_wconf 88' lang='lat' dir='ltr'><strong><em>in</em></strong></span> <span class='ocrx_word' id='word_1_47' title='bbox 2271 680 2360 718; x_wconf 79' lang='lat' dir='ltr'><strong><em>ore</em></strong></span> <span class='ocrx_word' id='word_1_48' title='bbox 2391 662 2658 732; x_wconf 81' lang='lat' dir='ltr'><strong><em>habebat),</em></strong></span> <span class='ocrx_word' id='word_1_49' title='bbox 2691 678 2868 718; x_wconf 77' lang='lat' dir='ltr'><strong><em>omnes</em></strong></span> <span class='ocrx_word' id='word_1_50' title='bbox 2896 662 2952 716; x_wconf 93' lang='lat' dir='ltr'><strong><em>in</em></strong></span> <span class='ocrx_word' id='word_1_51' title='bbox 2976 675 3129 715; x_wconf 86' lang='lat' dir='ltr'><strong><em>suam</em></strong></span> <span class='ocrx_word' id='word_1_52' title='bbox 3159 659 3476 713; x_wconf 87' lang='lat' dir='ltr'><strong><em>sententiam</em></strong></span> 
     </span>
    </p>
   </div>
   <div class='ocr_carea' id='block_1_6' title="bbox 231 744 3482 825">
    <p class='ocr_par' dir='ltr' id='par_1_6' title="bbox 231 744 3482 825">
     <span class='ocr_line' id='line_1_6' title="bbox 231 744 3482 825; baseline 0.001 -31"><span class='ocrx_word' id='word_1_53' title='bbox 231 745 520 812; x_wconf 73' lang='lat' dir='ltr'><strong><em>pertraxit.</em></strong></span> <span class='ocrx_word' id='word_1_54' title='bbox 557 744 846 816; x_wconf 76' lang='lat' dir='ltr'><strong><em>ilucusque</em></strong></span> <span class='ocrx_word' id='word_1_55' title='bbox 882 748 1097 806; x_wconf 77' lang='lat' dir='ltr'><strong><em>Nicetas</em></strong></span> <span class='ocrx_word' id='word_1_56' title='bbox 1124 751 1438 809; x_wconf 87' lang='lat' dir='ltr'><strong><em>Choniates.</em></strong></span> <span class='ocrx_word' id='word_1_57' title='bbox 1480 754 1707 825; x_wconf 81' lang='lat' dir='ltr'><strong><em>Scripsit</em></strong></span> <span class='ocrx_word' id='word_1_58' title='bbox 1734 766 1915 811; x_wconf 86' lang='lat' dir='ltr'><strong><em>autem</em></strong></span> <span class='ocrx_word' id='word_1_59' title='bbox 1943 753 2225 824; x_wconf 82' lang='lat' dir='ltr'><strong><em>Dialogum</em></strong></span> <span class='ocrx_word' id='word_1_60' title='bbox 2285 759 2470 805; x_wconf 87' lang='lat' dir='ltr'><strong><em>contra</em></strong></span> <span class='ocrx_word' id='word_1_61' title='bbox 2512 749 2769 814; x_wconf 71' lang='lat' dir='ltr'><strong><em>Iudaeos,</em></strong></span> <span class='ocrx_word' id='word_1_62' title='bbox 2799 748 2890 818; x_wconf 92' lang='lat' dir='ltr'><strong><em>qui</em></strong></span> <span class='ocrx_word' id='word_1_63' title='bbox 2928 763 3031 802; x_wconf 90' lang='lat' dir='ltr'><strong><em>ms.</em></strong></span> <span class='ocrx_word' id='word_1_64' title='bbox 3081 754 3259 800; x_wconf 89' lang='lat' dir='ltr'><strong><em>exstat</em></strong></span> <span class='ocrx_word' id='word_1_65' title='bbox 3301 745 3355 799; x_wconf 90' lang='lat' dir='ltr'><strong><em>in</em></strong></span> <span class='ocrx_word' id='word_1_66' title='bbox 3392 745 3482 798; x_wconf 77' lang='lat' dir='ltr'><strong><em>Bi-</em></strong></span> 
     </span>
    </p>
   </div>
   <div class='ocr_carea' id='block_1_7' title="bbox 243 829 3472 913">
    <p class='ocr_par' dir='ltr' id='par_1_7' title="bbox 243 829 3472 913">
     <span class='ocr_line' id='line_1_7' title="bbox 243 829 3472 913; baseline 0.001 -28"><span class='ocrx_word' id='word_1_67' title='bbox 243 829 518 886; x_wconf 84' lang='lat' dir='ltr'><strong><em>bliOtheca</em></strong></span> <span class='ocrx_word' id='word_1_68' title='bbox 550 831 797 889; x_wconf 80' lang='lat' dir='ltr'><strong><em>Ca-sarea</em></strong></span> <span class='ocrx_word' id='word_1_69' title='bbox 836 834 1260 906; x_wconf 81' lang='lat' dir='ltr'><strong><em>Vindobonensi,</em></strong></span> <span class='ocrx_word' id='word_1_70' title='bbox 1285 842 1485 898; x_wconf 83' lang='lat' dir='ltr'><strong><em>Codice</em></strong></span> <span class='ocrx_word' id='word_1_71' title='bbox 1513 858 1617 896; x_wconf 90' lang='lat' dir='ltr'><strong><em>ms.</em></strong></span> <span class='ocrx_word' id='word_1_72' title='bbox 1659 843 1968 913; x_wconf 76' lang='lat' dir='ltr'><strong><em>theologico</em></strong></span> <span class='ocrx_word' id='word_1_73' title='bbox 2000 842 2189 898; x_wconf 74' lang='lat' dir='ltr'><strong><em>Graeco</em></strong></span> <span class='ocrx_word' id='word_1_74' title='bbox 2219 839 2324 895; x_wconf 67' lang='lat'><strong><em>255</em></strong></span> <span class='ocrx_word' id='word_1_75' title='bbox 2345 881 2362 906; x_wconf 94' lang='lat'><strong><em>,</em></strong></span> <span class='ocrx_word' id='word_1_76' title='bbox 2403 849 2460 893; x_wconf 90' lang='lat' dir='ltr'><strong><em>ut</em></strong></span> <span class='ocrx_word' id='word_1_77' title='bbox 2495 840 2652 893; x_wconf 87' lang='lat' dir='ltr'><strong><em>habet</em></strong></span> <span class='ocrx_word' id='word_1_78' title='bbox 2685 837 2876 892; x_wconf 85' lang='lat' dir='ltr'><strong><em>Petrus</em></strong></span> <span class='ocrx_word' id='word_1_79' title='bbox 2903 834 3226 890; x_wconf 80' lang='lat' dir='ltr'><strong><em>Lambecius</em></strong></span> <span class='ocrx_word' id='word_1_80' title='bbox 3257 833 3397 889; x_wconf 87' lang='lat' dir='ltr'><strong><em>libro</em></strong></span> <span class='ocrx_word' id='word_1_81' title='bbox 3438 847 3472 887; x_wconf 68' lang='grc' dir='ltr'><strong><em>ν</em></strong></span> 
     </span>
    </p>
   </div>
   <div class='ocr_carea' id='block_1_8' title="bbox 229 916 3476 1000">
    <p class='ocr_par' dir='ltr' id='par_1_8' title="bbox 229 916 3476 1000">
     <span class='ocr_line' id='line_1_8' title="bbox 229 916 3476 1000; baseline 0.001 -28"><span class='ocrx_word' id='word_1_82' title='bbox 229 916 763 977; x_wconf 76' lang='lat' dir='ltr'><strong><em>Commentariorum</em></strong></span> <span class='ocrx_word' id='word_1_83' title='bbox 799 922 959 994; x_wconf 85' lang='lat' dir='ltr'><strong><em>hujus</em></strong></span> <span class='ocrx_word' id='word_1_84' title='bbox 989 924 1349 995; x_wconf 57' lang='lat' dir='ltr'><strong><em>Bibliotheca,</em></strong></span> <span class='ocrx_word' id='word_1_85' title='bbox 1385 944 1507 1000; x_wconf 76' lang='lat' dir='ltr'><strong><em>pag.</em></strong></span> <span class='ocrx_word' id='word_1_86' title='bbox 1541 931 1663 994; x_wconf 85' lang='grc'>169,</span> <span class='ocrx_word' id='word_1_87' title='bbox 1700 930 1786 985; x_wconf 85' lang='lat' dir='ltr'><strong><em>his</em></strong></span> <span class='ocrx_word' id='word_1_88' title='bbox 1815 933 1996 987; x_wconf 83' lang='lat' dir='ltr'><strong><em>verbis</em></strong></span> <span class='ocrx_word' id='word_1_89' title='bbox 2029 949 2045 986; x_wconf 86' lang='lat'><strong>:</strong></span> <span class='ocrx_word' id='word_1_90' title='bbox 2087 947 2106 982; x_wconf 86' lang='lat' dir='ltr'><strong><em>s</em></strong></span> <span class='ocrx_word' id='word_1_91' title='bbox 2146 928 2326 984; x_wconf 85' lang='lat' dir='ltr'><strong><em>Codex</em></strong></span> <span class='ocrx_word' id='word_1_92' title='bbox 2383 927 2492 982; x_wconf 74' lang='lat'><strong><em>255</em></strong></span> <span class='ocrx_word' id='word_1_93' title='bbox 2522 927 2926 994; x_wconf 84' lang='lat' dir='ltr'><strong><em>manuscriptus</em></strong></span> <span class='ocrx_word' id='word_1_94' title='bbox 2965 921 3299 993; x_wconf 79' lang='lat' dir='ltr'><strong><em>theologicus</em></strong></span> <span class='ocrx_word' id='word_1_95' title='bbox 3329 921 3476 976; x_wconf 70' lang='lat' dir='ltr'><strong><em>Grae-</em></strong></span> 
     </span>
    </p>
   </div>
   <div class='ocr_carea' id='block_1_9' title="bbox 227 1007 3474 1084">
    <p class='ocr_par' dir='ltr' id='par_1_9' title="bbox 227 1007 3474 1084">
     <span class='ocr_line' id='line_1_9' title="bbox 227 1007 3474 1084; baseline 0.001 -25"><span class='ocrx_word' id='word_1_96' title='bbox 227 1019 333 1061; x_wconf 83' lang='lat' dir='ltr'><strong><em>cus</em></strong></span> <span class='ocrx_word' id='word_1_97' title='bbox 357 1019 443 1062; x_wconf 89' lang='lat' dir='ltr'><strong><em>est</em></strong></span> <span class='ocrx_word' id='word_1_98' title='bbox 467 1007 797 1066; x_wconf 88' lang='lat' dir='ltr'><strong><em>chartaceus</em></strong></span> <span class='ocrx_word' id='word_1_99' title='bbox 825 1011 1080 1082; x_wconf 85' lang='lat' dir='ltr'><strong><em>antiquus</em></strong></span> <span class='ocrx_word' id='word_1_100' title='bbox 1101 1055 1117 1081; x_wconf 96' lang='lat'><strong><em>,</em></strong></span> <span class='ocrx_word' id='word_1_101' title='bbox 1149 1024 1202 1069; x_wconf 91' lang='lat' dir='ltr'><strong><em>et</em></strong></span> <span class='ocrx_word' id='word_1_102' title='bbox 1235 1017 1454 1084; x_wconf 86' lang='lat' dir='ltr'><strong><em>optimae</em></strong></span> <span class='ocrx_word' id='word_1_103' title='bbox 1483 1027 1622 1072; x_wconf 76' lang='lat' dir='ltr'><strong><em>nota:</em></strong></span> <span class='ocrx_word' id='word_1_104' title='bbox 1662 1019 1714 1072; x_wconf 91' lang='lat' dir='ltr'><strong><em>in</em></strong></span> <span class='ocrx_word' id='word_1_105' title='bbox 1752 1017 1902 1083; x_wconf 82' lang='lat' dir='ltr'><strong><em>l‘olio,</em></strong></span> <span class='ocrx_word' id='word_1_106' title='bbox 1941 1028 2200 1074; x_wconf 88' lang='lat' dir='ltr'><strong><em>constans</em></strong></span> <span class='ocrx_word' id='word_1_107' title='bbox 2234 1015 2377 1070; x_wconf 82' lang='lat' dir='ltr'><strong><em>foliis</em></strong></span> <span class='ocrx_word' id='word_1_108' title='bbox 2418 1014 2542 1080; x_wconf 82' lang='grc'>158,</span> <span class='ocrx_word' id='word_1_109' title='bbox 2569 1015 2658 1083; x_wconf 86' lang='lat' dir='ltr'><strong>qui</strong></span> <span class='ocrx_word' id='word_1_110' title='bbox 2696 1013 2826 1070; x_wconf 91' lang='lat' dir='ltr'><strong><em>olim</em></strong></span> <span class='ocrx_word' id='word_1_111' title='bbox 2877 1012 2946 1068; x_wconf 90' lang='lat' dir='ltr'><strong><em>ad</em></strong></span> <span class='ocrx_word' id='word_1_112' title='bbox 2979 1009 3261 1080; x_wconf 50' lang='lat' dir='ltr'><strong><em>,Joannom</em></strong></span> <span class='ocrx_word' id='word_1_113' title='bbox 3319 1009 3474 1062; x_wconf 89' lang='lat' dir='ltr'><strong><em>Sam-</em></strong></span> 
     </span>
    </p>
   </div>
   <div class='ocr_carea' id='block_1_10' title="bbox 226 1094 3477 1176">
    <p class='ocr_par' dir='ltr' id='par_1_10' title="bbox 226 1094 3477 1176">
     <span class='ocr_line' id='line_1_10' title="bbox 226 1094 3477 1176; baseline 0.002 -28"><span class='ocrx_word' id='word_1_114' title='bbox 226 1094 428 1149; x_wconf 88' lang='lat' dir='ltr'><strong><em>bucum</em></strong></span> <span class='ocrx_word' id='word_1_115' title='bbox 457 1097 740 1166; x_wconf 72' lang='lat' dir='ltr'><strong><em>pertinuit.</em></strong></span> <span class='ocrx_word' id='word_1_116' title='bbox 769 1096 861 1154; x_wconf 90' lang='lat' dir='ltr'><strong><em>Illo</em></strong></span> <span class='ocrx_word' id='word_1_117' title='bbox 894 1101 1200 1158; x_wconf 88' lang='lat' dir='ltr'><strong><em>continetur</em></strong></span> <span class='ocrx_word' id='word_1_118' title='bbox 1232 1101 1572 1170; x_wconf 76' lang='lat' dir='ltr'><strong><em>Imperatoris</em></strong></span> <span class='ocrx_word' id='word_1_119' title='bbox 1623 1106 1909 1163; x_wconf 80' lang='lat' dir='ltr'><strong><em>Andronici</em></strong></span> <span class='ocrx_word' id='word_1_120' title='bbox 1960 1106 2217 1163; x_wconf 86' lang='lat' dir='ltr'><strong><em>Comneni</em></strong></span> <span class='ocrx_word' id='word_1_121' title='bbox 2246 1145 2261 1172; x_wconf 93' lang='lat'><strong><em>,</em></strong></span> <span class='ocrx_word' id='word_1_122' title='bbox 2294 1105 2385 1175; x_wconf 89' lang='lat' dir='ltr'><strong>qui</strong></span> <span class='ocrx_word' id='word_1_123' title='bbox 2439 1104 2572 1176; x_wconf 88' lang='lat' dir='ltr'><strong><em>imp.</em></strong></span> <span class='ocrx_word' id='word_1_124' title='bbox 2624 1104 2868 1160; x_wconf 80' lang='lat' dir='ltr'><strong><em>Alexium</em></strong></span> <span class='ocrx_word' id='word_1_125' title='bbox 2903 1103 3234 1159; x_wconf 86' lang='lat' dir='ltr'><strong><em>Comnenum</em></strong></span> <span class='ocrx_word' id='word_1_126' title='bbox 3283 1100 3328 1156; x_wconf 85' lang='lat' dir='ltr'><strong><em>Il</em></strong></span> <span class='ocrx_word' id='word_1_127' title='bbox 3360 1100 3477 1154; x_wconf 83' lang='lat' dir='ltr'><strong><em>sive</em></strong></span> 
     </span>
    </p>
   </div>
   <div class='ocr_carea' id='block_1_11' title="bbox 222 1178 3470 1264">
    <p class='ocr_par' dir='ltr' id='par_1_11' title="bbox 222 1178 3470 1264">
     <span class='ocr_line' id='line_1_11' title="bbox 222 1178 3470 1264; baseline 0.002 -30"><span class='ocrx_word' id='word_1_128' title='bbox 222 1178 535 1248; x_wconf 89' lang='lat' dir='ltr'><strong><em>Juniorem,</em></strong></span> <span class='ocrx_word' id='word_1_129' title='bbox 572 1199 714 1238; x_wconf 87' lang='lat' dir='ltr'><strong><em>anno</em></strong></span> <span class='ocrx_word' id='word_1_130' title='bbox 769 1186 927 1247; x_wconf 83' lang='grc'>1185,</span> <span class='ocrx_word' id='word_1_131' title='bbox 951 1188 1156 1244; x_wconf 80' lang='lat' dir='ltr'><strong><em>nefarie</em></strong></span> <span class='ocrx_word' id='word_1_132' title='bbox 1186 1191 1409 1257; x_wconf 87' lang='lat' dir='ltr'><strong><em>occidit,</em></strong></span> <span class='ocrx_word' id='word_1_133' title='bbox 1441 1201 1496 1247; x_wconf 91' lang='lat' dir='ltr'><strong><em>et</em></strong></span> <span class='ocrx_word' id='word_1_134' title='bbox 1530 1208 1671 1248; x_wconf 89' lang='lat' dir='ltr'><strong><em>anno</em></strong></span> <span class='ocrx_word' id='word_1_135' title='bbox 1699 1194 1837 1249; x_wconf 78' lang='grc'>1185</span> <span class='ocrx_word' id='word_1_136' title='bbox 1869 1212 1897 1248; x_wconf 87' lang='lat' dir='ltr'><strong><em>a</em></strong></span> <span class='ocrx_word' id='word_1_137' title='bbox 1936 1195 2190 1251; x_wconf 83' lang='lat' dir='ltr'><strong><em>seditiosa</em></strong></span> <span class='ocrx_word' id='word_1_138' title='bbox 2234 1192 2390 1264; x_wconf 82' lang='lat' dir='ltr'><strong>plebe</strong></span> <span class='ocrx_word' id='word_1_139' title='bbox 2424 1192 3026 1264; x_wconf 87' lang='lat' dir='ltr'><strong><em>Constantinopolitana</em></strong></span> <span class='ocrx_word' id='word_1_140' title='bbox 3061 1189 3301 1246; x_wconf 81' lang='lat' dir='ltr'><strong><em>vicissim</em></strong></span> <span class='ocrx_word' id='word_1_141' title='bbox 3328 1189 3470 1244; x_wconf 80' lang='lat' dir='ltr'><strong><em>occi-</em></strong></span> 
     </span>
    </p>
   </div>
   <div class='ocr_carea' id='block_1_12' title="bbox 223 1271 2186 1355">
    <p class='ocr_par' dir='ltr' id='par_1_12' title="bbox 223 1271 2186 1355">
     <span class='ocr_line' id='line_1_12' title="bbox 223 1271 2186 1355; baseline 0.008 -32"><span class='ocrx_word' id='word_1_142' title='bbox 223 1282 325 1325; x_wconf 76' lang='lat' dir='ltr'><strong><em>sus</em></strong></span> <span class='ocrx_word' id='word_1_143' title='bbox 355 1278 474 1339; x_wconf 78' lang='lat' dir='ltr'><strong><em>est,</em></strong></span> <span class='ocrx_word' id='word_1_144' title='bbox 516 1271 768 1345; x_wconf 77' lang='lat' dir='ltr'><strong><em>Dialogus</em></strong></span> <span class='ocrx_word' id='word_1_145' title='bbox 796 1286 980 1330; x_wconf 82' lang='lat' dir='ltr'><strong><em>contra</em></strong></span> <span class='ocrx_word' id='word_1_146' title='bbox 1010 1276 1251 1343; x_wconf 75' lang='lat' dir='ltr'><strong><em>Judteos,</em></strong></span> <span class='ocrx_word' id='word_1_147' title='bbox 1315 1280 1472 1349; x_wconf 86' lang='lat' dir='ltr'><strong><em>cujus</em></strong></span> <span class='ocrx_word' id='word_1_148' title='bbox 1507 1281 1695 1338; x_wconf 83' lang='lat' dir='ltr'><strong><em>titulus</em></strong></span> <span class='ocrx_word' id='word_1_149' title='bbox 1722 1293 1770 1338; x_wconf 88' lang='lat' dir='ltr'><strong><em>et</em></strong></span> <span class='ocrx_word' id='word_1_150' title='bbox 1807 1283 2134 1355; x_wconf 83' lang='lat' dir='ltr'><strong><em>principium</em></strong></span> <span class='ocrx_word' id='word_1_151' title='bbox 2171 1301 2186 1338; x_wconf 88' lang='lat'><strong>:</strong></span> 
     </span>
    </p>
   </div>
   <div class='ocr_carea' id='block_1_13' title="bbox 946 1415 2097 1543">
    <p class='ocr_par' dir='ltr' id='par_1_13' title="bbox 946 1415 2097 1543">
     <span class='ocr_line' id='line_1_13' title="bbox 946 1415 2097 1543; baseline 0.006 -72"><span class='ocrx_word' id='word_1_152' title='bbox 946 1415 1013 1503; x_wconf 62' lang='grc' dir='ltr'><strong><em>ᾘ</em></strong></span> <span class='ocrx_word' id='word_1_153' title='bbox 1039 1418 1342 1543; x_wconf 39' lang='grc' dir='ltr'>δοοῗιατιέιῂ</span> <span class='ocrx_word' id='word_1_154' title='bbox 1373 1421 1537 1475; x_wconf 81' lang='grc' dir='ltr'>τῶνδε</span> <span class='ocrx_word' id='word_1_155' title='bbox 1565 1421 1676 1478; x_wconf 83' lang='grc' dir='ltr'><strong><em>τῶν</em></strong></span> <span class='ocrx_word' id='word_1_156' title='bbox 1702 1422 1876 1492; x_wconf 79' lang='grc' dir='ltr'>λόγων</span> <span class='ocrx_word' id='word_1_157' title='bbox 1915 1426 2097 1497; x_wconf 79' lang='grc' dir='ltr'><strong><em>χάρις,</em></strong></span> 
     </span>
     <span class='ocr_line' id='line_1_14' title="bbox 946 1489 2059 1543; baseline 0.004 -4"><span class='ocrx_word' id='word_1_158' title='bbox 946 1489 1050 1543; x_wconf 65' lang='lat' dir='ltr'><strong><em>Inv</em></strong></span> <span class='ocrx_word' id='word_1_159' title='bbox 1159 1490 1393 1543; x_wconf 77' lang='grc' dir='ltr'>ϐοαικὴν</span> <span class='ocrx_word' id='word_1_160' title='bbox 1423 1492 1784 1543; x_wconf 77' lang='grc' dir='ltr'>ἐξελέγνουσα</span> <span class='ocrx_word' id='word_1_161' title='bbox 1827 1495 2059 1543; x_wconf 74' lang='grc' dir='ltr'>πλάνην-</span> 
     </span>
    </p>
   </div>
   <div class='ocr_carea' id='block_1_14' title="bbox 938 1489 2060 1566">
    <p class='ocr_par' dir='ltr' id='par_1_14' title="bbox 938 1489 2060 1566">
     <span class='ocr_line' id='line_1_15' title="bbox 938 1489 2060 1566; baseline 0.007 -26"><span class='ocrx_word' id='word_1_162' title='bbox 1091 1489 1393 1566; x_wconf 62' lang='grc' dir='ltr'><strong><em>Ἐϐρᾳῖὶιὴν</em></strong></span> <span class='ocrx_word' id='word_1_163' title='bbox 1423 1489 1784 1566; x_wconf 63' lang='grc' dir='ltr'>ξξελέγχουσά</span> <span class='ocrx_word' id='word_1_164' title='bbox 1827 1489 2060 1566; x_wconf 66' lang='grc' dir='ltr'>πλαῖντξν,</span> 
     </span>
    </p>
   </div>
   <div class='ocr_carea' id='block_1_15' title="bbox 943 1559 2270 1634">
    <p class='ocr_par' dir='ltr' id='par_1_15' title="bbox 943 1559 2270 1634">
     <span class='ocr_line' id='line_1_16' title="bbox 943 1559 2270 1634; baseline 0.009 -24"><span class='ocrx_word' id='word_1_165' title='bbox 943 1559 1054 1634; x_wconf 58' lang='grc' dir='ltr'><strong><em>[ὰς</em></strong></span> <span class='ocrx_word' id='word_1_166' title='bbox 1089 1559 1739 1634; x_wconf 15' lang='grc' dir='ltr'><strong><em>εῷσέβγείςνδενίκνυσιτοϊς</em></strong></span> <span class='ocrx_word' id='word_1_167' title='bbox 1777 1559 2270 1634; x_wconf 74' lang='grc' dir='ltr'>πιστοῖς’τρί6ους.</span> 
     </span>
    </p>
   </div>
   <div class='ocr_carea' id='block_1_16' title="bbox 933 1628 2179 1706">
    <p class='ocr_par' dir='ltr' id='par_1_16' title="bbox 933 1628 2179 1706">
     <span class='ocr_line' id='line_1_17' title="bbox 933 1628 2179 1706; baseline 0.008 -24"><span class='ocrx_word' id='word_1_168' title='bbox 933 1628 1189 1706; x_wconf 21' lang='grc' dir='ltr'><strong><em>ἸΕΪραψῃα</em></strong></span> <span class='ocrx_word' id='word_1_169' title='bbox 1216 1633 1272 1684; x_wconf 85' lang='grc' dir='ltr'>δὲ</span> <span class='ocrx_word' id='word_1_170' title='bbox 1305 1633 1474 1706; x_wconf 63' lang='grc' dir='ltr'>ᾳςιτὴν</span> <span class='ocrx_word' id='word_1_171' title='bbox 1531 1635 1869 1702; x_wconf 76' lang='grc' dir='ltr'><strong><em>Ἀνδρόνικος</em></strong></span> <span class='ocrx_word' id='word_1_172' title='bbox 1895 1628 2179 1706; x_wconf 14' lang='grc' dir='ltr'><strong><em>ὲκήπόδου,</em></strong></span> 
     </span>
    </p>
   </div>
   <div class='ocr_carea' id='block_1_17' title="bbox 940 1698 2078 1780">
    <p class='ocr_par' dir='ltr' id='par_1_17' title="bbox 940 1698 2078 1780">
     <span class='ocr_line' id='line_1_18' title="bbox 940 1698 2078 1780; baseline 0.008 -29"><span class='ocrx_word' id='word_1_173' title='bbox 940 1698 1860 1780; x_wconf 27' lang='grc' dir='ltr'>ξᾼδὲλφόπσΑςρναῇιτος.*Αὗσόνων</span> <span class='ocrx_word' id='word_1_174' title='bbox 1886 1706 2078 1774; x_wconf 81' lang='grc' dir='ltr'>γένους</span> 
     </span>
    </p>
   </div>
   <div class='ocr_carea' id='block_1_18' title="bbox 940 1772 2023 1846">
    <p class='ocr_par' dir='ltr' id='par_1_18' title="bbox 940 1772 2023 1846">
     <span class='ocr_line' id='line_1_19' title="bbox 940 1772 2023 1846; baseline 0.01 -26"><span class='ocrx_word' id='word_1_175' title='bbox 940 1772 1384 1846; x_wconf 16' lang='grc' dir='ltr'><strong><em>[(-ομνᾷηνοφυοῦς,</em></strong></span> <span class='ocrx_word' id='word_1_176' title='bbox 1414 1776 1480 1846; x_wconf 60' lang='grc' dir='ltr'>ἐκ</span> <span class='ocrx_word' id='word_1_177' title='bbox 1517 1772 2023 1846; x_wconf 73' lang='grc' dir='ltr'>σεϐαστοκρὰτορος</span> 
     </span>
    </p>
   </div>
   <div class='ocr_carea' id='block_1_19' title="bbox 931 1840 2246 1920">
    <p class='ocr_par' dir='ltr' id='par_1_19' title="bbox 931 1840 2246 1920">
     <span class='ocr_line' id='line_1_20' title="bbox 931 1840 2246 1920; baseline 0.01 -28"><span class='ocrx_word' id='word_1_178' title='bbox 931 1840 1026 1906; x_wconf 72' lang='grc' dir='ltr'><strong><em>Εἰς</em></strong></span> <span class='ocrx_word' id='word_1_179' title='bbox 1045 1840 1150 1912; x_wconf 81' lang='grc' dir='ltr'><strong><em>γῆν</em></strong></span> <span class='ocrx_word' id='word_1_180' title='bbox 1172 1843 1488 1915; x_wconf 78' lang='grc' dir='ltr'><strong><em>προαχθεὶς,</em></strong></span> <span class='ocrx_word' id='word_1_181' title='bbox 1532 1845 1627 1898; x_wconf 76' lang='grc' dir='ltr'>καὶ</span> <span class='ocrx_word' id='word_1_182' title='bbox 1657 1840 1830 1916; x_wconf 73' lang='grc' dir='ltr'>γλυκῦ</span> <span class='ocrx_word' id='word_1_183' title='bbox 1862 1840 2064 1920; x_wconf 70' lang='grc' dir='ltr'>βλέψσς</span> <span class='ocrx_word' id='word_1_184' title='bbox 2087 1848 2246 1919; x_wconf 80' lang='grc' dir='ltr'>φάος.</span> 
     </span>
    </p>
   </div>
   <div class='ocr_carea' id='block_1_20' title="bbox 937 1959 1916 2036">
    <p class='ocr_par' dir='ltr' id='par_1_20' title="bbox 937 1959 1916 2036">
     <span class='ocr_line' id='line_1_21' title="bbox 937 1959 1916 2036; baseline 0.008 -23"><span class='ocrx_word' id='word_1_185' title='bbox 937 1959 1133 2036; x_wconf 66' lang='grc' dir='ltr'><strong><em>ροοὶῐὶς</em></strong></span> <span class='ocrx_word' id='word_1_186' title='bbox 1164 1971 1497 2031; x_wconf 77' lang='lat' dir='ltr'><strong><em>venustoque</em></strong></span> <span class='ocrx_word' id='word_1_187' title='bbox 1527 1965 1687 2036; x_wconf 77' lang='lat' dir='ltr'><strong><em>libelli</em></strong></span> <span class='ocrx_word' id='word_1_188' title='bbox 1721 1967 1916 2036; x_wconf 75' lang='lat' dir='ltr'><strong><em>gratia,</em></strong></span> 
     </span>
    </p>
   </div>
   <div class='ocr_carea' id='block_1_21' title="bbox 939 2031 2014 2102">
    <p class='ocr_par' dir='ltr' id='par_1_21' title="bbox 939 2031 2014 2102">
     <span class='ocr_line' id='line_1_22' title="bbox 939 2031 2014 2102; baseline 0.012 -17"><span class='ocrx_word' id='word_1_189' title='bbox 939 2031 1178 2102; x_wconf 65' lang='lat' dir='ltr'><strong><em>Yerpt‘tm</em></strong></span> <span class='ocrx_word' id='word_1_190' title='bbox 1229 2036 1465 2089; x_wconf 90' lang='lat' dir='ltr'><strong><em>retundit</em></strong></span> <span class='ocrx_word' id='word_1_191' title='bbox 1499 2035 1691 2092; x_wconf 76' lang='lat' dir='ltr'><strong><em>efﬁcax</em></strong></span> <span class='ocrx_word' id='word_1_192' title='bbox 1724 2031 2014 2098; x_wconf 75' lang='lat' dir='ltr'><strong><em>insaniam.</em></strong></span> 
     </span>
    </p>
   </div>
   <div class='ocr_carea' id='block_1_22' title="bbox 937 2101 2032 2174">
    <p class='ocr_par' dir='ltr' id='par_1_22' title="bbox 937 2101 2032 2174">
     <span class='ocr_line' id='line_1_23' title="bbox 937 2101 2032 2174; baseline 0.01 -19"><span class='ocrx_word' id='word_1_193' title='bbox 937 2101 1168 2174; x_wconf 82' lang='lat' dir='ltr'><strong><em>Piasque</em></strong></span> <span class='ocrx_word' id='word_1_194' title='bbox 1197 2106 1302 2159; x_wconf 89' lang='lat' dir='ltr'><strong><em>rite</em></strong></span> <span class='ocrx_word' id='word_1_195' title='bbox 1327 2106 1559 2162; x_wconf 82' lang='lat' dir='ltr'><strong><em>credulis</em></strong></span> <span class='ocrx_word' id='word_1_196' title='bbox 1595 2119 1857 2163; x_wconf 79' lang='lat' dir='ltr'><strong><em>monstrat</em></strong></span> <span class='ocrx_word' id='word_1_197' title='bbox 1889 2110 2032 2166; x_wconf 88' lang='lat' dir='ltr'><strong><em>vias.</em></strong></span> 
     </span>
    </p>
   </div>
   <div class='ocr_carea' id='block_1_23' title="bbox 937 2174 2194 2242">
    <p class='ocr_par' dir='ltr' id='par_1_23' title="bbox 937 2174 2194 2242">
     <span class='ocr_line' id='line_1_24' title="bbox 937 2174 2194 2242; baseline 0.009 -16"><span class='ocrx_word' id='word_1_198' title='bbox 937 2174 1072 2229; x_wconf 84' lang='lat' dir='ltr'><strong><em>Huic</em></strong></span> <span class='ocrx_word' id='word_1_199' title='bbox 1103 2176 1444 2230; x_wconf 81' lang='lat' dir='ltr'><strong><em>Andronicus</em></strong></span> <span class='ocrx_word' id='word_1_200' title='bbox 1480 2188 1668 2231; x_wconf 88' lang='lat' dir='ltr'><strong><em>auctor</em></strong></span> <span class='ocrx_word' id='word_1_201' title='bbox 1701 2187 1812 2242; x_wconf 88' lang='lat' dir='ltr'><strong><em>est,</em></strong></span> <span class='ocrx_word' id='word_1_202' title='bbox 1846 2194 2002 2233; x_wconf 88' lang='lat' dir='ltr'><strong><em>sacer</em></strong></span> <span class='ocrx_word' id='word_1_203' title='bbox 2031 2183 2194 2237; x_wconf 81' lang='lat' dir='ltr'><strong><em>studii</em></strong></span> 
     </span>
    </p>
   </div>
   <div class='ocr_carea' id='block_1_24' title="bbox 937 2242 1992 2313">
    <p class='ocr_par' dir='ltr' id='par_1_24' title="bbox 937 2242 1992 2313">
     <span class='ocr_line' id='line_1_25' title="bbox 937 2242 1992 2313; baseline 0.01 -19"><span class='ocrx_word' id='word_1_204' title='bbox 937 2242 1126 2301; x_wconf 79' lang='lat' dir='ltr'><strong><em>Frater</em></strong></span> <span class='ocrx_word' id='word_1_205' title='bbox 1162 2248 1399 2313; x_wconf 88' lang='lat' dir='ltr'><strong><em>potentis</em></strong></span> <span class='ocrx_word' id='word_1_206' title='bbox 1427 2246 1709 2302; x_wconf 85' lang='lat' dir='ltr'><strong><em>Ausonum</em></strong></span> <span class='ocrx_word' id='word_1_207' title='bbox 1745 2248 1853 2303; x_wconf 87' lang='lat' dir='ltr'><strong><em>late</em></strong></span> <span class='ocrx_word' id='word_1_208' title='bbox 1891 2252 1992 2305; x_wconf 87' lang='lat' dir='ltr'><strong><em>soli</em></strong></span> 
     </span>
    </p>
   </div>
   <div class='ocr_carea' id='block_1_25' title="bbox 933 2313 2119 2386">
    <p class='ocr_par' dir='ltr' id='par_1_25' title="bbox 933 2313 2119 2386">
     <span class='ocr_line' id='line_1_26' title="bbox 933 2313 2119 2386; baseline 0.011 -19"><span class='ocrx_word' id='word_1_209' title='bbox 933 2313 1361 2386; x_wconf 83' lang='lat' dir='ltr'><strong><em>Proimperator,</em></strong></span> <span class='ocrx_word' id='word_1_210' title='bbox 1401 2331 1559 2386; x_wconf 88' lang='lat' dir='ltr'><strong><em>quem</em></strong></span> <span class='ocrx_word' id='word_1_211' title='bbox 1596 2328 1717 2372; x_wconf 87' lang='lat' dir='ltr'><strong><em>satu</em></strong></span> <span class='ocrx_word' id='word_1_212' title='bbox 1751 2319 2119 2380; x_wconf 83' lang='lat' dir='ltr'><strong><em>Comuenides</em></strong></span> 
     </span>
    </p>
   </div>
   <div class='ocr_carea' id='block_1_26' title="bbox 932 2385 2001 2457">
    <p class='ocr_par' dir='ltr' id='par_1_26' title="bbox 932 2385 2001 2457">
     <span class='ocr_line' id='line_1_27' title="bbox 932 2385 2001 2457; baseline 0.008 -17"><span class='ocrx_word' id='word_1_213' title='bbox 932 2386 1130 2441; x_wconf 81' lang='lat' dir='ltr'><strong><em>Eduxit</em></strong></span> <span class='ocrx_word' id='word_1_214' title='bbox 1161 2385 1278 2441; x_wconf 90' lang='lat' dir='ltr'><strong><em>orbi</em></strong></span> <span class='ocrx_word' id='word_1_215' title='bbox 1299 2426 1314 2451; x_wconf 89' lang='lat'><strong><em>,</em></strong></span> <span class='ocrx_word' id='word_1_216' title='bbox 1346 2397 1400 2442; x_wconf 90' lang='lat' dir='ltr'><strong><em>et</em></strong></span> <span class='ocrx_word' id='word_1_217' title='bbox 1420 2385 1567 2445; x_wconf 78' lang='lat' dir='ltr'><strong><em>solis</em></strong></span> <span class='ocrx_word' id='word_1_218' title='bbox 1608 2389 2001 2457; x_wconf 57' lang='lat' dir='ltr'><strong><em>atmodumini.</em></strong></span> 
     </span>
    </p>
   </div>
   <div class='ocr_carea' id='block_1_27' title="bbox 228 2526 3468 2610">
    <p class='ocr_par' dir='ltr' id='par_1_27' title="bbox 228 2526 3468 2610">
     <span class='ocr_line' id='line_1_28' title="bbox 228 2526 3468 2610; baseline 0.002 -29"><span class='ocrx_word' id='word_1_219' title='bbox 228 2527 570 2598; x_wconf 81' lang='grc' dir='ltr'><strong><em>Ἐπειδήπερ</em></strong></span> <span class='ocrx_word' id='word_1_220' title='bbox 599 2526 786 2581; x_wconf 77' lang='grc' dir='ltr'>πολλοὶ</span> <span class='ocrx_word' id='word_1_221' title='bbox 818 2529 919 2600; x_wconf 77' lang='grc' dir='ltr'><strong><em>τὴν</em></strong></span> <span class='ocrx_word' id='word_1_222' title='bbox 945 2527 1053 2583; x_wconf 86' lang='grc' dir='ltr'><strong><em>τῶν</em></strong></span> <span class='ocrx_word' id='word_1_223' title='bbox 1098 2529 1436 2600; x_wconf 77' lang='grc' dir='ltr'>παρανόμων</span> <span class='ocrx_word' id='word_1_224' title='bbox 1477 2531 1750 2586; x_wconf 71' lang='grc' dir='ltr'>Ἰουδαίων</span> <span class='ocrx_word' id='word_1_225' title='bbox 1797 2533 2168 2609; x_wconf 73' lang='grc' dir='ltr'><strong><em>ἐπεχείρησαν</em></strong></span> <span class='ocrx_word' id='word_1_226' title='bbox 2213 2537 2565 2610; x_wconf 72' lang='grc' dir='ltr'><strong><em>παραστῆσαι</em></strong></span> <span class='ocrx_word' id='word_1_227' title='bbox 2597 2535 2942 2604; x_wconf 77' lang='grc' dir='ltr'>δυσσέϐειαν,</span> <span class='ocrx_word' id='word_1_228' title='bbox 2975 2535 3071 2590; x_wconf 75' lang='grc' dir='ltr'><strong><em>καὶ</em></strong></span> <span class='ocrx_word' id='word_1_229' title='bbox 3101 2533 3252 2597; x_wconf 79' lang='grc' dir='ltr'>ὅπως</span> <span class='ocrx_word' id='word_1_230' title='bbox 3291 2531 3390 2604; x_wconf 72' lang='grc' dir='ltr'><strong><em>μὲν</em></strong></span> <span class='ocrx_word' id='word_1_231' title='bbox 3437 2534 3468 2586; x_wconf 83' lang='grc'><strong><em>6</em></strong></span> 
     </span>
    </p>
   </div>
   <div class='ocr_carea' id='block_1_28' title="bbox 224 2619 3476 2698">
    <p class='ocr_par' dir='ltr' id='par_1_28' title="bbox 224 2619 3476 2698">
     <span class='ocr_line' id='line_1_29' title="bbox 224 2619 3476 2698; baseline 0.002 -31"><span class='ocrx_word' id='word_1_232' title='bbox 224 2619 619 2689; x_wconf 76' lang='grc' dir='ltr'>φιλάνθρωπος</span> <span class='ocrx_word' id='word_1_233' title='bbox 649 2619 932 2689; x_wconf 77' lang='grc' dir='ltr'><strong><em>Δεσπὸσης</em></strong></span> <span class='ocrx_word' id='word_1_234' title='bbox 961 2621 1056 2674; x_wconf 70' lang='grc' dir='ltr'>καὶ</span> <span class='ocrx_word' id='word_1_235' title='bbox 1088 2620 1364 2690; x_wconf 82' lang='grc' dir='ltr'><strong><em>κηδεμὼν,</em></strong></span> <span class='ocrx_word' id='word_1_236' title='bbox 1390 2622 1452 2674; x_wconf 83' lang='grc' dir='ltr'>οὐ</span> <span class='ocrx_word' id='word_1_237' title='bbox 1484 2623 1570 2676; x_wconf 76' lang='grc' dir='ltr'><strong><em>διὰ</em></strong></span> <span class='ocrx_word' id='word_1_238' title='bbox 1609 2624 1855 2694; x_wconf 80' lang='grc' dir='ltr'>σημείων</span> <span class='ocrx_word' id='word_1_239' title='bbox 1887 2624 2068 2692; x_wconf 72' lang='grc' dir='ltr'>μόνον,</span> <span class='ocrx_word' id='word_1_240' title='bbox 2099 2624 2132 2696; x_wconf 80' lang='grc' dir='ltr'>ἢ</span> <span class='ocrx_word' id='word_1_241' title='bbox 2169 2627 2494 2698; x_wconf 82' lang='grc' dir='ltr'>Προφητῶν,</span> <span class='ocrx_word' id='word_1_242' title='bbox 2527 2625 2665 2678; x_wconf 79' lang='grc' dir='ltr'><strong><em>ἀλλά</em></strong></span> <span class='ocrx_word' id='word_1_243' title='bbox 2705 2624 2756 2677; x_wconf 72' lang='grc' dir='ltr'><strong><em>δὶ</em></strong></span> <span class='ocrx_word' id='word_1_244' title='bbox 2800 2623 3140 2695; x_wconf 73' lang='grc' dir='ltr'>ἀμφοτέρων</span> <span class='ocrx_word' id='word_1_245' title='bbox 3157 2622 3275 2692; x_wconf 72' lang='grc' dir='ltr'><strong><em>ἅμα</em></strong></span> <span class='ocrx_word' id='word_1_246' title='bbox 3308 2621 3476 2675; x_wconf 83' lang='grc' dir='ltr'>πολυ-</span> 
     </span>
    </p>
   </div>
   <div class='ocr_carea' id='block_1_29' title="bbox 225 2705 1807 2782">
    <p class='ocr_par' dir='ltr' id='par_1_29' title="bbox 225 2705 1807 2782">
     <span class='ocr_line' id='line_1_30' title="bbox 225 2705 1807 2782; baseline 0.004 -25"><span class='ocrx_word' id='word_1_247' title='bbox 225 2705 443 2776; x_wconf 82' lang='grc' dir='ltr'><strong><em>μερῶς,</em></strong></span> <span class='ocrx_word' id='word_1_248' title='bbox 478 2708 574 2760; x_wconf 76' lang='grc' dir='ltr'><strong><em>καὶ</em></strong></span> <span class='ocrx_word' id='word_1_249' title='bbox 601 2706 962 2780; x_wconf 79' lang='grc' dir='ltr'>πολυτροπῶς</span> <span class='ocrx_word' id='word_1_250' title='bbox 988 2707 1089 2780; x_wconf 78' lang='grc' dir='ltr'>τὴν</span> <span class='ocrx_word' id='word_1_251' title='bbox 1118 2709 1396 2781; x_wconf 70' lang='grc' dir='ltr'>σωτηρίαν</span> <span class='ocrx_word' id='word_1_252' title='bbox 1423 2710 1632 2764; x_wconf 81' lang='grc' dir='ltr'>τούτων</span> <span class='ocrx_word' id='word_1_253' title='bbox 1665 2728 1807 2782; x_wconf 75' lang='grc' dir='ltr'>πραγ</span> 
     </span>
    </p>
   </div>
   <div class='ocr_carea' id='block_1_30' title="bbox 1886 2705 3468 2782">
    <p class='ocr_par' dir='ltr' id='par_1_30' title="bbox 1886 2711 3468 2782">
     <span class='ocr_line' id='line_1_31' title="bbox 1886 2711 3468 2782; baseline 0.001 -18"><span class='ocrx_word' id='word_1_254' title='bbox 1886 2713 2196 2782; x_wconf 79' lang='grc' dir='ltr'>ιτευόμενος</span> <span class='ocrx_word' id='word_1_255' title='bbox 2221 2756 2236 2780; x_wconf 86' lang='grc'><strong><em>,</em></strong></span> <span class='ocrx_word' id='word_1_256' title='bbox 2271 2727 2377 2769; x_wconf 87' lang='lat' dir='ltr'><strong><em>etc.</em></strong></span> <span class='ocrx_word' id='word_1_257' title='bbox 2415 2714 2520 2770; x_wconf 88' lang='lat' dir='ltr'><strong><em>Ubi</em></strong></span> <span class='ocrx_word' id='word_1_258' title='bbox 2572 2714 2868 2768; x_wconf 88' lang='lat' dir='ltr'><strong><em>notandum</em></strong></span> <span class='ocrx_word' id='word_1_259' title='bbox 2917 2721 2998 2768; x_wconf 92' lang='lat' dir='ltr'><strong><em>est</em></strong></span> <span class='ocrx_word' id='word_1_260' title='bbox 3044 2711 3286 2766; x_wconf 86' lang='lat' dir='ltr'><strong><em>codicem</em></strong></span> <span class='ocrx_word' id='word_1_261' title='bbox 3327 2711 3468 2765; x_wconf 91' lang='lat' dir='ltr'><strong><em>hunc</em></strong></span> 
     </span>
    </p>
   </div>
   <div class='ocr_carea' id='block_1_31' title="bbox 229 2797 3477 2872">
    <p class='ocr_par' dir='ltr' id='par_1_31' title="bbox 229 2797 3477 2872">
     <span class='ocr_line' id='line_1_32' title="bbox 229 2797 3477 2872; baseline 0.001 -24"><span class='ocrx_word' id='word_1_262' title='bbox 229 2805 504 2852; x_wconf 82' lang='lat' dir='ltr'><strong><em>tractatus</em></strong></span> <span class='ocrx_word' id='word_1_263' title='bbox 534 2798 729 2862; x_wconf 84' lang='lat' dir='ltr'><strong><em>istius,</em></strong></span> <span class='ocrx_word' id='word_1_264' title='bbox 765 2798 1063 2852; x_wconf 87' lang='lat' dir='ltr'><strong><em>secundum</em></strong></span> <span class='ocrx_word' id='word_1_265' title='bbox 1101 2798 1324 2854; x_wconf 82' lang='lat' dir='ltr'><strong><em>Joannis</em></strong></span> <span class='ocrx_word' id='word_1_266' title='bbox 1355 2797 1606 2855; x_wconf 90' lang='lat' dir='ltr'><strong><em>Sambuci</em></strong></span> <span class='ocrx_word' id='word_1_267' title='bbox 1637 2802 1942 2870; x_wconf 87' lang='lat' dir='ltr'><strong><em>opinionem</em></strong></span> <span class='ocrx_word' id='word_1_268' title='bbox 1972 2844 1986 2866; x_wconf 95' lang='lat'><strong><em>,</em></strong></span> <span class='ocrx_word' id='word_1_269' title='bbox 2022 2816 2140 2858; x_wconf 88' lang='lat' dir='ltr'><strong><em>esse</em></strong></span> <span class='ocrx_word' id='word_1_270' title='bbox 2179 2802 2554 2872; x_wconf 80' lang='lat' dir='ltr'><strong><em>idiographum</em></strong></span> <span class='ocrx_word' id='word_1_271' title='bbox 2582 2843 2600 2868; x_wconf 95' lang='lat'><strong><em>,</em></strong></span> <span class='ocrx_word' id='word_1_272' title='bbox 2672 2802 2788 2856; x_wconf 89' lang='lat' dir='ltr'><strong><em>sive</em></strong></span> <span class='ocrx_word' id='word_1_273' title='bbox 2826 2802 3038 2870; x_wconf 83' lang='lat' dir='ltr'><strong><em>propria</em></strong></span> <span class='ocrx_word' id='word_1_274' title='bbox 3073 2800 3241 2870; x_wconf 90' lang='lat' dir='ltr'><strong><em>ipsius</em></strong></span> <span class='ocrx_word' id='word_1_275' title='bbox 3266 2799 3477 2851; x_wconf 73' lang='lat' dir='ltr'><strong><em>Andro—</em></strong></span> 
     </span>
    </p>
   </div>
   <div class='ocr_carea' id='block_1_32' title="bbox 229 2883 3474 2958">
    <p class='ocr_par' dir='ltr' id='par_1_32' title="bbox 229 2883 3474 2958">
     <span class='ocr_line' id='line_1_33' title="bbox 229 2883 3474 2958; baseline 0 -20"><span class='ocrx_word' id='word_1_276' title='bbox 229 2883 340 2938; x_wconf 90' lang='lat' dir='ltr'><strong><em>nici</em></strong></span> <span class='ocrx_word' id='word_1_277' title='bbox 375 2899 538 2937; x_wconf 87' lang='lat' dir='ltr'><strong><em>manu</em></strong></span> <span class='ocrx_word' id='word_1_278' title='bbox 571 2893 851 2939; x_wconf 82' lang='lat' dir='ltr'><strong><em>exaratum</em></strong></span> <span class='ocrx_word' id='word_1_279' title='bbox 950 2885 1039 2954; x_wconf 88' lang='lat' dir='ltr'><strong><em>qui</em></strong></span> <span class='ocrx_word' id='word_1_280' title='bbox 1065 2887 1174 2957; x_wconf 86' lang='lat' dir='ltr'><strong><em>jam</em></strong></span> <span class='ocrx_word' id='word_1_281' title='bbox 1206 2902 1233 2940; x_wconf 91' lang='lat' dir='ltr'><strong><em>a</em></strong></span> <span class='ocrx_word' id='word_1_282' title='bbox 1267 2888 1426 2942; x_wconf 86' lang='lat' dir='ltr'><strong><em>Petro</em></strong></span> <span class='ocrx_word' id='word_1_283' title='bbox 1475 2886 1753 2943; x_wconf 78' lang='lat' dir='ltr'><strong><em>Stevartio</em></strong></span> <span class='ocrx_word' id='word_1_284' title='bbox 1791 2888 2112 2956; x_wconf 83' lang='lat' dir='ltr'><strong><em>Leodiensi,</em></strong></span> <span class='ocrx_word' id='word_1_285' title='bbox 2146 2892 2244 2946; x_wconf 86' lang='lat' dir='ltr'><strong><em>sed</em></strong></span> <span class='ocrx_word' id='word_1_286' title='bbox 2288 2889 2480 2946; x_wconf 87' lang='lat' dir='ltr'><strong><em>Latine</em></strong></span> <span class='ocrx_word' id='word_1_287' title='bbox 2534 2900 2741 2944; x_wconf 88' lang='lat' dir='ltr'><strong><em>tantum</em></strong></span> <span class='ocrx_word' id='word_1_288' title='bbox 2795 2891 3090 2958; x_wconf 81' lang='lat' dir='ltr'><strong><em>interprete</em></strong></span> <span class='ocrx_word' id='word_1_289' title='bbox 3139 2885 3350 2941; x_wconf 82' lang='lat' dir='ltr'><strong><em>Joanne</em></strong></span> <span class='ocrx_word' id='word_1_290' title='bbox 3379 2883 3474 2939; x_wconf 78' lang='lat' dir='ltr'><strong><em>Li-</em></strong></span> 
     </span>
    </p>
   </div>
   <div class='ocr_carea' id='block_1_33' title="bbox 240 2973 3477 3046">
    <p class='ocr_par' dir='ltr' id='par_1_33' title="bbox 240 2973 3477 3046">
     <span class='ocr_line' id='line_1_34' title="bbox 240 2973 3477 3046; baseline 0.002 -22"><span class='ocrx_word' id='word_1_291' title='bbox 240 2973 428 3028; x_wconf 90' lang='lat' dir='ltr'><strong><em>vineio</em></strong></span> <span class='ocrx_word' id='word_1_292' title='bbox 453 3014 467 3039; x_wconf 93' lang='lat'><strong><em>,</em></strong></span> <span class='ocrx_word' id='word_1_293' title='bbox 504 2973 683 3027; x_wconf 89' lang='lat' dir='ltr'><strong><em>editus</em></strong></span> <span class='ocrx_word' id='word_1_294' title='bbox 713 2983 795 3028; x_wconf 88' lang='lat' dir='ltr'><strong><em>est</em></strong></span> <span class='ocrx_word' id='word_1_295' title='bbox 825 2974 876 3027; x_wconf 91' lang='lat' dir='ltr'><strong><em>in</em></strong></span> <span class='ocrx_word' id='word_1_296' title='bbox 905 2982 1052 3029; x_wconf 89' lang='lat' dir='ltr'><strong><em>tomo</em></strong></span> <span class='ocrx_word' id='word_1_297' title='bbox 1081 2975 1336 3045; x_wconf 77' lang='lat' dir='ltr'><strong><em>singulari</em></strong></span> <span class='ocrx_word' id='word_1_298' title='bbox 1368 2974 1701 3031; x_wconf 78' lang='lat' dir='ltr'><strong><em>Lectionibus</em></strong></span> <span class='ocrx_word' id='word_1_299' title='bbox 1746 2977 1986 3046; x_wconf 77' lang='lat' dir='ltr'><strong><em>Antiquis</em></strong></span> <span class='ocrx_word' id='word_1_300' title='bbox 2034 2977 2253 3034; x_wconf 83' lang='lat' dir='ltr'><strong><em>Henrici</em></strong></span> <span class='ocrx_word' id='word_1_301' title='bbox 2306 2977 2513 3034; x_wconf 88' lang='lat' dir='ltr'><strong><em>Canisii</em></strong></span> <span class='ocrx_word' id='word_1_302' title='bbox 2545 2977 2730 3032; x_wconf 86' lang='lat' dir='ltr'><strong><em>addito</em></strong></span> <span class='ocrx_word' id='word_1_303' title='bbox 2758 3018 2772 3042; x_wconf 94' lang='lat'><strong><em>,</em></strong></span> <span class='ocrx_word' id='word_1_304' title='bbox 2809 2976 3123 3044; x_wconf 76' lang='lat' dir='ltr'><strong><em>lngolstadii</em></strong></span> <span class='ocrx_word' id='word_1_305' title='bbox 3161 2975 3305 3044; x_wconf 83' lang='lat' dir='ltr'><strong><em>typis</em></strong></span> <span class='ocrx_word' id='word_1_306' title='bbox 3335 2973 3477 3029; x_wconf 86' lang='lat' dir='ltr'><strong><em>Ede-</em></strong></span> 
     </span>
    </p>
   </div>
   <div class='ocr_carea' id='block_1_34' title="bbox 230 3060 3471 3133">
    <p class='ocr_par' dir='ltr' id='par_1_34' title="bbox 230 3060 3471 3133">
     <span class='ocr_line' id='line_1_35' title="bbox 230 3060 3471 3133; baseline 0 -19"><span class='ocrx_word' id='word_1_307' title='bbox 230 3060 401 3116; x_wconf 86' lang='lat' dir='ltr'><strong><em>rianis</em></strong></span> <span class='ocrx_word' id='word_1_308' title='bbox 431 3076 578 3115; x_wconf 90' lang='lat' dir='ltr'><strong><em>anno</em></strong></span> <span class='ocrx_word' id='word_1_309' title='bbox 614 3061 770 3128; x_wconf 87' lang='grc'>1616,</span> <span class='ocrx_word' id='word_1_310' title='bbox 807 3063 948 3117; x_wconf 69' lang='lat' dir='ltr'><strong><em>in-i.</em></strong></span> <span class='ocrx_word' id='word_1_311' title='bbox 981 3061 1078 3117; x_wconf 88' lang='lat' dir='ltr'><strong><em>Cui</em></strong></span> <span class='ocrx_word' id='word_1_312' title='bbox 1113 3063 1360 3118; x_wconf 86' lang='lat' dir='ltr'><strong><em>Livineio</em></strong></span> <span class='ocrx_word' id='word_1_313' title='bbox 1411 3065 1706 3120; x_wconf 88' lang='lat' dir='ltr'><strong><em>cardinalis</em></strong></span> <span class='ocrx_word' id='word_1_314' title='bbox 1738 3066 2001 3132; x_wconf 80' lang='lat' dir='ltr'><strong><em>Sirletus,</em></strong></span> <span class='ocrx_word' id='word_1_315' title='bbox 2038 3067 2121 3122; x_wconf 92' lang='lat' dir='ltr'><strong><em>vir</em></strong></span> <span class='ocrx_word' id='word_1_316' title='bbox 2147 3065 2492 3122; x_wconf 87' lang='lat' dir='ltr'><strong><em>doctissimus</em></strong></span> <span class='ocrx_word' id='word_1_317' title='bbox 2516 3106 2534 3133; x_wconf 90' lang='lat'><strong><em>,</em></strong></span> <span class='ocrx_word' id='word_1_318' title='bbox 2588 3080 2691 3121; x_wconf 88' lang='lat' dir='ltr'><strong><em>ms.</em></strong></span> <span class='ocrx_word' id='word_1_319' title='bbox 2739 3079 2896 3120; x_wconf 87' lang='lat' dir='ltr'><strong><em>suum</em></strong></span> <span class='ocrx_word' id='word_1_320' title='bbox 2949 3063 3192 3117; x_wconf 86' lang='lat' dir='ltr'><strong><em>codicem</em></strong></span> <span class='ocrx_word' id='word_1_321' title='bbox 3223 3061 3471 3116; x_wconf 70' lang='lat' dir='ltr'><strong><em>Graecum</em></strong></span> 
     </span>
    </p>
   </div>
   <div class='ocr_carea' id='block_1_35' title="bbox 241 3155 3466 3232">
    <p class='ocr_par' dir='ltr' id='par_1_35' title="bbox 241 3155 3466 3232">
     <span class='ocr_line' id='line_1_36' title="bbox 241 3155 3466 3232; baseline 0 -23"><span class='ocrx_word' id='word_1_322' title='bbox 241 3157 707 3212; x_wconf 88' lang='lat' dir='ltr'><strong><em>commodaverat.</em></strong></span> <span class='ocrx_word' id='word_1_323' title='bbox 741 3155 879 3213; x_wconf 86' lang='lat' dir='ltr'><strong><em>Hinc</em></strong></span> <span class='ocrx_word' id='word_1_324' title='bbox 907 3169 1084 3213; x_wconf 88' lang='lat' dir='ltr'><strong><em>autem</em></strong></span> <span class='ocrx_word' id='word_1_325' title='bbox 1115 3158 1397 3214; x_wconf 82' lang='lat' dir='ltr'><strong><em>manifeste</em></strong></span> <span class='ocrx_word' id='word_1_326' title='bbox 1430 3161 1617 3228; x_wconf 87' lang='lat' dir='ltr'><strong><em>liquet,</em></strong></span> <span class='ocrx_word' id='word_1_327' title='bbox 1647 3171 1906 3232; x_wconf 85' lang='lat' dir='ltr'><strong><em>quantum</em></strong></span> <span class='ocrx_word' id='word_1_328' title='bbox 1941 3161 2159 3217; x_wconf 83' lang='lat' dir='ltr'><strong><em>fallatur</em></strong></span> <span class='ocrx_word' id='word_1_329' title='bbox 2192 3177 2354 3232; x_wconf 90' lang='lat' dir='ltr'><strong><em>supra</em></strong></span> <span class='ocrx_word' id='word_1_330' title='bbox 2391 3174 2718 3218; x_wconf 86' lang='lat' dir='ltr'><strong><em>memoratus</em></strong></span> <span class='ocrx_word' id='word_1_331' title='bbox 2742 3159 2980 3232; x_wconf 81' lang='lat' dir='ltr'><strong><em>Joannes</em></strong></span> <span class='ocrx_word' id='word_1_332' title='bbox 3013 3155 3308 3225; x_wconf 74' lang='lat' dir='ltr'><strong><em>Livineius,</em></strong></span> <span class='ocrx_word' id='word_1_333' title='bbox 3369 3156 3466 3227; x_wconf 88' lang='lat' dir='ltr'><strong><em>qui</em></strong></span> 
     </span>
    </p>
   </div>
   <div class='ocr_carea' id='block_1_36' title="bbox 243 3244 3464 3321">
    <p class='ocr_par' dir='ltr' id='par_1_36' title="bbox 243 3244 3464 3321">
     <span class='ocr_line' id='line_1_37' title="bbox 243 3244 3464 3321; baseline 0 -23"><span class='ocrx_word' id='word_1_334' title='bbox 243 3244 297 3298; x_wconf 91' lang='lat' dir='ltr'><strong><em>in</em></strong></span> <span class='ocrx_word' id='word_1_335' title='bbox 330 3245 658 3302; x_wconf 57' lang='lat' dir='ltr'><strong><em>Prafatione</em></strong></span> <span class='ocrx_word' id='word_1_336' title='bbox 692 3263 804 3302; x_wconf 62' lang='lat' dir='ltr'><strong><em>suae</em></strong></span> <span class='ocrx_word' id='word_1_337' title='bbox 858 3250 1120 3303; x_wconf 88' lang='lat' dir='ltr'><strong><em>versionis</em></strong></span> <span class='ocrx_word' id='word_1_338' title='bbox 1175 3247 1379 3304; x_wconf 67' lang='lat' dir='ltr'><strong><em>Latinae</em></strong></span> <span class='ocrx_word' id='word_1_339' title='bbox 1434 3249 1640 3321; x_wconf 84' lang='lat' dir='ltr'><strong><em>Dialogi</em></strong></span> <span class='ocrx_word' id='word_1_340' title='bbox 1701 3252 1992 3307; x_wconf 80' lang='lat' dir='ltr'><strong><em>Andronici</em></strong></span> <span class='ocrx_word' id='word_1_341' title='bbox 2039 3261 2224 3305; x_wconf 86' lang='lat' dir='ltr'><strong><em>contra</em></strong></span> <span class='ocrx_word' id='word_1_342' title='bbox 2255 3251 2494 3316; x_wconf 73' lang='lat' dir='ltr'><strong><em>Judaaos,</em></strong></span> <span class='ocrx_word' id='word_1_343' title='bbox 2557 3251 2703 3305; x_wconf 89' lang='lat' dir='ltr'><strong><em>illum</em></strong></span> <span class='ocrx_word' id='word_1_344' title='bbox 2762 3264 2905 3304; x_wconf 89' lang='lat' dir='ltr'><strong><em>anno</em></strong></span> <span class='ocrx_word' id='word_1_345' title='bbox 2943 3247 3142 3302; x_wconf 92' lang='lat' dir='ltr'><strong><em>Christi</em></strong></span> <span class='ocrx_word' id='word_1_346' title='bbox 3176 3245 3309 3301; x_wconf 74' lang='lat' dir='ltr'><strong><em>i327</em></strong></span> <span class='ocrx_word' id='word_1_347' title='bbox 3341 3261 3464 3300; x_wconf 86' lang='lat' dir='ltr'><strong><em>esse</em></strong></span> 
     </span>
    </p>
   </div>
   <div class='ocr_carea' id='block_1_37' title="bbox 229 3333 3474 3409">
    <p class='ocr_par' dir='ltr' id='par_1_37' title="bbox 229 3333 3474 3409">
     <span class='ocr_line' id='line_1_38' title="bbox 229 3333 3474 3409; baseline 0.001 -24"><span class='ocrx_word' id='word_1_348' title='bbox 229 3334 591 3404; x_wconf 91' lang='lat' dir='ltr'><strong><em>compositum</em></strong></span> <span class='ocrx_word' id='word_1_349' title='bbox 635 3337 852 3391; x_wconf 82' lang='lat' dir='ltr'><strong><em>asserit.</em></strong></span> <span class='ocrx_word' id='word_1_350' title='bbox 888 3356 908 3390; x_wconf 73' lang='grc' dir='ltr'><strong><em>ι</em></strong></span> <span class='ocrx_word' id='word_1_351' title='bbox 948 3336 1116 3403; x_wconf 89' lang='lat' dir='ltr'><strong><em>Quem</em></strong></span> <span class='ocrx_word' id='word_1_352' title='bbox 1149 3345 1369 3394; x_wconf 87' lang='lat' dir='ltr'><strong><em>secutus</em></strong></span> <span class='ocrx_word' id='word_1_353' title='bbox 1413 3337 1620 3394; x_wconf 81' lang='lat' dir='ltr'><strong><em>fueram</em></strong></span> <span class='ocrx_word' id='word_1_354' title='bbox 1659 3340 1709 3394; x_wconf 89' lang='lat' dir='ltr'><strong><em>in</em></strong></span> <span class='ocrx_word' id='word_1_355' title='bbox 1739 3338 2106 3409; x_wconf 87' lang='lat' dir='ltr'><strong><em>Supplementa</em></strong></span> <span class='ocrx_word' id='word_1_356' title='bbox 2160 3353 2279 3393; x_wconf 91' lang='lat' dir='ltr'><strong><em>meo</em></strong></span> <span class='ocrx_word' id='word_1_357' title='bbox 2320 3337 2632 3392; x_wconf 86' lang='lat' dir='ltr'><strong><em>Bellarmini</em></strong></span> <span class='ocrx_word' id='word_1_358' title='bbox 2656 3376 2672 3402; x_wconf 91' lang='lat'><strong><em>,</em></strong></span> <span class='ocrx_word' id='word_1_359' title='bbox 2713 3336 2776 3391; x_wconf 86' lang='lat' dir='ltr'><strong><em>ad</em></strong></span> <span class='ocrx_word' id='word_1_360' title='bbox 2814 3350 3012 3404; x_wconf 86' lang='lat' dir='ltr'><strong><em>annum</em></strong></span> <span class='ocrx_word' id='word_1_361' title='bbox 3046 3333 3214 3399; x_wconf 70' lang='lat'><strong>1320,</strong></span> <span class='ocrx_word' id='word_1_362' title='bbox 3248 3348 3300 3402; x_wconf 90' lang='lat' dir='ltr'><strong><em>p.</em></strong></span> <span class='ocrx_word' id='word_1_363' title='bbox 3351 3333 3474 3389; x_wconf 85' lang='grc'>595.</span> 
     </span>
    </p>
   </div>
   <div class='ocr_carea' id='block_1_38' title="bbox 225 3419 3473 3498">
    <p class='ocr_par' dir='ltr' id='par_1_38' title="bbox 225 3419 3473 3498">
     <span class='ocr_line' id='line_1_39' title="bbox 225 3419 3473 3498; baseline -0.001 -22"><span class='ocrx_word' id='word_1_364' title='bbox 225 3419 333 3476; x_wconf 85' lang='lat' dir='ltr'><strong><em>Sed</em></strong></span> <span class='ocrx_word' id='word_1_365' title='bbox 363 3423 510 3477; x_wconf 91' lang='lat' dir='ltr'><strong><em>hunc</em></strong></span> <span class='ocrx_word' id='word_1_366' title='bbox 533 3422 808 3494; x_wconf 74' lang='lat' dir='ltr'><strong><em>Dialogum</em></strong></span> <span class='ocrx_word' id='word_1_367' title='bbox 835 3424 1143 3481; x_wconf 83' lang='lat' dir='ltr'><strong><em>Andronico</em></strong></span> <span class='ocrx_word' id='word_1_368' title='bbox 1169 3424 1444 3482; x_wconf 90' lang='lat' dir='ltr'><strong><em>Comneno</em></strong></span> <span class='ocrx_word' id='word_1_369' title='bbox 1484 3428 1794 3498; x_wconf 88' lang='lat' dir='ltr'><strong><em>imperatori</em></strong></span> <span class='ocrx_word' id='word_1_370' title='bbox 1826 3426 1866 3481; x_wconf 89' lang='lat' dir='ltr'><strong><em>ll</em></strong></span> <span class='ocrx_word' id='word_1_371' title='bbox 1926 3441 2020 3482; x_wconf 88' lang='lat' dir='ltr'><strong><em>seu</em></strong></span> <span class='ocrx_word' id='word_1_372' title='bbox 2053 3425 2262 3482; x_wconf 80' lang='lat' dir='ltr'><strong><em>Juniori</em></strong></span> <span class='ocrx_word' id='word_1_373' title='bbox 2295 3427 2629 3490; x_wconf 90' lang='lat' dir='ltr'><strong><em>adscribens,</em></strong></span> <span class='ocrx_word' id='word_1_374' title='bbox 2672 3425 2762 3495; x_wconf 89' lang='lat' dir='ltr'><strong><em>qui</em></strong></span> <span class='ocrx_word' id='word_1_375' title='bbox 2824 3439 2967 3478; x_wconf 88' lang='lat' dir='ltr'><strong><em>anno</em></strong></span> <span class='ocrx_word' id='word_1_376' title='bbox 3021 3423 3158 3477; x_wconf 68' lang='lat' dir='ltr'><strong><em>i327</em></strong></span> <span class='ocrx_word' id='word_1_377' title='bbox 3191 3422 3473 3491; x_wconf 89' lang='lat' dir='ltr'><strong><em>imperium</em></strong></span> 
     </span>
    </p>
   </div>
   <div class='ocr_carea' id='block_1_39' title="bbox 226 3499 3474 3585">
    <p class='ocr_par' dir='ltr' id='par_1_39' title="bbox 226 3499 3474 3585">
     <span class='ocr_line' id='line_1_40' title="bbox 226 3499 3474 3585; baseline 0 -22"><span class='ocrx_word' id='word_1_378' title='bbox 226 3522 519 3566; x_wconf 78' lang='lat' dir='ltr'><strong><em>assecutus</em></strong></span> <span class='ocrx_word' id='word_1_379' title='bbox 547 3523 653 3567; x_wconf 89' lang='lat' dir='ltr'><strong><em>est.</em></strong></span> <span class='ocrx_word' id='word_1_380' title='bbox 687 3499 907 3568; x_wconf 75' lang='lat' dir='ltr'><strong><em>Minime</em></strong></span> <span class='ocrx_word' id='word_1_381' title='bbox 936 3528 1149 3585; x_wconf 87' lang='lat' dir='ltr'><strong><em>quoque</em></strong></span> <span class='ocrx_word' id='word_1_382' title='bbox 1177 3515 1475 3570; x_wconf 89' lang='lat' dir='ltr'><strong><em>audiendus</em></strong></span> <span class='ocrx_word' id='word_1_383' title='bbox 1505 3525 1610 3583; x_wconf 90' lang='lat' dir='ltr'><strong><em>est,</em></strong></span> <span class='ocrx_word' id='word_1_384' title='bbox 1654 3515 1949 3572; x_wconf 89' lang='lat' dir='ltr'><strong><em>cardinalis</em></strong></span> <span class='ocrx_word' id='word_1_385' title='bbox 1983 3515 2248 3580; x_wconf 90' lang='lat' dir='ltr'><strong><em>Sirletus,</em></strong></span> <span class='ocrx_word' id='word_1_386' title='bbox 2291 3514 2382 3584; x_wconf 90' lang='lat' dir='ltr'><strong><em>qui</em></strong></span> <span class='ocrx_word' id='word_1_387' title='bbox 2412 3525 2469 3569; x_wconf 91' lang='lat' dir='ltr'><strong><em>ut</em></strong></span> <span class='ocrx_word' id='word_1_388' title='bbox 2489 3512 2726 3569; x_wconf 87' lang='lat' dir='ltr'><strong><em>Joannes</em></strong></span> <span class='ocrx_word' id='word_1_389' title='bbox 2756 3511 3033 3582; x_wconf 87' lang='lat' dir='ltr'><strong><em>Livinejus</em></strong></span> <span class='ocrx_word' id='word_1_390' title='bbox 3057 3510 3255 3566; x_wconf 91' lang='lat' dir='ltr'><strong><em>ibidem</em></strong></span> <span class='ocrx_word' id='word_1_391' title='bbox 3287 3508 3474 3572; x_wconf 84' lang='lat' dir='ltr'><strong><em>refert,</em></strong></span> 
     </span>
    </p>
   </div>
   <div class='ocr_carea' id='block_1_40' title="bbox 220 3597 3479 3678">
    <p class='ocr_par' dir='ltr' id='par_1_40' title="bbox 220 3597 3479 3678">
     <span class='ocr_line' id='line_1_41' title="bbox 220 3597 3479 3678; baseline -0 -24"><span class='ocrx_word' id='word_1_392' title='bbox 220 3614 511 3671; x_wconf 86' lang='lat' dir='ltr'><strong><em>perperam</em></strong></span> <span class='ocrx_word' id='word_1_393' title='bbox 547 3601 776 3656; x_wconf 86' lang='lat' dir='ltr'><strong><em>credidit</em></strong></span> <span class='ocrx_word' id='word_1_394' title='bbox 809 3615 1086 3657; x_wconf 86' lang='lat' dir='ltr'><strong><em>auctorem</em></strong></span> <span class='ocrx_word' id='word_1_395' title='bbox 1120 3603 1266 3658; x_wconf 90' lang='lat' dir='ltr'><strong><em>illum</em></strong></span> <span class='ocrx_word' id='word_1_396' title='bbox 1302 3603 1534 3676; x_wconf 86' lang='lat' dir='ltr'><strong><em>Dialogi,</em></strong></span> <span class='ocrx_word' id='word_1_397' title='bbox 1567 3620 1670 3660; x_wconf 92' lang='lat' dir='ltr'><strong><em>non</em></strong></span> <span class='ocrx_word' id='word_1_398' title='bbox 1698 3620 1817 3660; x_wconf 85' lang='lat' dir='ltr'><strong><em>esse</em></strong></span> <span class='ocrx_word' id='word_1_399' title='bbox 1847 3605 2021 3678; x_wconf 90' lang='lat' dir='ltr'><strong><em>ipsum</em></strong></span> <span class='ocrx_word' id='word_1_400' title='bbox 2043 3603 2406 3658; x_wconf 83' lang='lat' dir='ltr'><strong><em>Andronicum</em></strong></span> <span class='ocrx_word' id='word_1_401' title='bbox 2437 3601 2780 3669; x_wconf 85' lang='lat' dir='ltr'><strong><em>Comnenum,</em></strong></span> <span class='ocrx_word' id='word_1_402' title='bbox 2812 3603 2907 3655; x_wconf 91' lang='lat' dir='ltr'><strong><em>sed</em></strong></span> <span class='ocrx_word' id='word_1_403' title='bbox 2940 3616 3003 3655; x_wconf 69' lang='lat' dir='ltr'><strong><em>eo</em></strong></span> <span class='ocrx_word' id='word_1_404' title='bbox 3028 3597 3479 3670; x_wconf 80' lang='lat' dir='ltr'><strong><em>tantumjnbente</em></strong></span> 
     </span>
    </p>
   </div>
   <div class='ocr_carea' id='block_1_41' title="bbox 227 3687 3478 3763">
    <p class='ocr_par' dir='ltr' id='par_1_41' title="bbox 227 3687 3478 3763">
     <span class='ocr_line' id='line_1_42' title="bbox 227 3687 3478 3763; baseline -0.001 -21"><span class='ocrx_word' id='word_1_405' title='bbox 227 3705 368 3759; x_wconf 91' lang='lat' dir='ltr'><strong><em>opus</em></strong></span> <span class='ocrx_word' id='word_1_406' title='bbox 399 3689 541 3744; x_wconf 90' lang='lat' dir='ltr'><strong><em>istud</em></strong></span> <span class='ocrx_word' id='word_1_407' title='bbox 571 3691 638 3745; x_wconf 89' lang='lat' dir='ltr'><strong><em>ab</em></strong></span> <span class='ocrx_word' id='word_1_408' title='bbox 667 3689 962 3761; x_wconf 84' lang='lat' dir='ltr'><strong><em>Euthymio</em></strong></span> <span class='ocrx_word' id='word_1_409' title='bbox 995 3688 1266 3762; x_wconf 79' lang='lat' dir='ltr'><strong><em>Zigabeno</em></strong></span> <span class='ocrx_word' id='word_1_410' title='bbox 1292 3691 1460 3748; x_wconf 79' lang='lat' dir='ltr'><strong><em>fuisse</em></strong></span> <span class='ocrx_word' id='word_1_411' title='bbox 1491 3694 1876 3763; x_wconf 87' lang='lat' dir='ltr'><strong><em>compositum.</em></strong></span> <span class='ocrx_word' id='word_1_412' title='bbox 1930 3692 2085 3758; x_wconf 84' lang='lat' dir='ltr'><strong><em>Quod</em></strong></span> <span class='ocrx_word' id='word_1_413' title='bbox 2113 3692 2255 3746; x_wconf 92' lang='lat' dir='ltr'><strong><em>enim</em></strong></span> <span class='ocrx_word' id='word_1_414' title='bbox 2293 3691 2406 3762; x_wconf 90' lang='lat' dir='ltr'><strong><em>ipse</em></strong></span> <span class='ocrx_word' id='word_1_415' title='bbox 2453 3689 2802 3745; x_wconf 83' lang='lat' dir='ltr'><strong><em>Andronicus</em></strong></span> <span class='ocrx_word' id='word_1_416' title='bbox 2834 3687 3118 3758; x_wconf 87' lang='lat' dir='ltr'><strong><em>Dialogum</em></strong></span> <span class='ocrx_word' id='word_1_417' title='bbox 3151 3688 3311 3742; x_wconf 88' lang='lat' dir='ltr'><strong><em>istum</em></strong></span> <span class='ocrx_word' id='word_1_418' title='bbox 3348 3702 3478 3756; x_wconf 89' lang='lat' dir='ltr'><strong><em>pro-</em></strong></span> 
     </span>
    </p>
   </div>
   <div class='ocr_carea' id='block_1_42' title="bbox 226 3773 3474 3851">
    <p class='ocr_par' dir='ltr' id='par_1_42' title="bbox 226 3773 3474 3851">
     <span class='ocr_line' id='line_1_43' title="bbox 226 3773 3474 3851; baseline -0.001 -22"><span class='ocrx_word' id='word_1_419' title='bbox 226 3780 349 3849; x_wconf 85' lang='lat' dir='ltr'><strong><em>prio</em></strong></span> <span class='ocrx_word' id='word_1_420' title='bbox 385 3787 562 3833; x_wconf 87' lang='lat' dir='ltr'><strong><em>marte</em></strong></span> <span class='ocrx_word' id='word_1_421' title='bbox 594 3779 1004 3850; x_wconf 88' lang='lat' dir='ltr'><strong><em>composuerit,</em></strong></span> <span class='ocrx_word' id='word_1_422' title='bbox 1043 3780 1352 3834; x_wconf 86' lang='lat' dir='ltr'><strong><em>luculenter</em></strong></span> <span class='ocrx_word' id='word_1_423' title='bbox 1384 3789 1606 3851; x_wconf 86' lang='lat' dir='ltr'><strong><em>apparet</em></strong></span> <span class='ocrx_word' id='word_1_424' title='bbox 1654 3797 1718 3836; x_wconf 87' lang='lat' dir='ltr'><strong><em>ex</em></strong></span> <span class='ocrx_word' id='word_1_425' title='bbox 1759 3779 2096 3835; x_wconf 88' lang='lat' dir='ltr'><strong><em>carminibus</em></strong></span> <span class='ocrx_word' id='word_1_426' title='bbox 2147 3793 2308 3848; x_wconf 87' lang='lat' dir='ltr'><strong><em>supra</em></strong></span> <span class='ocrx_word' id='word_1_427' title='bbox 2360 3777 2622 3833; x_wconf 86' lang='lat' dir='ltr'><strong><em>exhibitis</em></strong></span> <span class='ocrx_word' id='word_1_428' title='bbox 2647 3815 2663 3844; x_wconf 91' lang='lat'><strong><em>,</em></strong></span> <span class='ocrx_word' id='word_1_429' title='bbox 2713 3777 2803 3844; x_wconf 86' lang='lat' dir='ltr'><strong><em>qui</em></strong></span> <span class='ocrx_word' id='word_1_430' title='bbox 2839 3777 2888 3830; x_wconf 90' lang='lat' dir='ltr'><strong><em>ei</em></strong></span> <span class='ocrx_word' id='word_1_431' title='bbox 2937 3775 3076 3829; x_wconf 88' lang='lat' dir='ltr'><strong><em>tituli</em></strong></span> <span class='ocrx_word' id='word_1_432' title='bbox 3111 3775 3230 3829; x_wconf 91' lang='lat' dir='ltr'><strong><em>loco</em></strong></span> <span class='ocrx_word' id='word_1_433' title='bbox 3268 3773 3474 3844; x_wconf 77' lang='lat' dir='ltr'><strong><em>pra-{ixi</em></strong></span> 
     </span>
    </p>
   </div>
   <div class='ocr_carea' id='block_1_43' title="bbox 227 3861 3473 3936">
    <p class='ocr_par' dir='ltr' id='par_1_43' title="bbox 227 3861 3473 3936">
     <span class='ocr_line' id='line_1_44' title="bbox 227 3861 3473 3936; baseline -0.002 -14"><span class='ocrx_word' id='word_1_434' title='bbox 227 3875 360 3922; x_wconf 86' lang='lat' dir='ltr'><strong><em>sunt</em></strong></span> <span class='ocrx_word' id='word_1_435' title='bbox 388 3886 402 3922; x_wconf 91' lang='lat'><strong>:</strong></span> <span class='ocrx_word' id='word_1_436' title='bbox 441 3867 584 3924; x_wconf 85' lang='lat' dir='ltr'><strong><em>sicut</em></strong></span> <span class='ocrx_word' id='word_1_437' title='bbox 613 3875 668 3922; x_wconf 90' lang='lat' dir='ltr'><strong><em>et</em></strong></span> <span class='ocrx_word' id='word_1_438' title='bbox 703 3882 768 3922; x_wconf 80' lang='lat' dir='ltr'><strong><em>ex</em></strong></span> <span class='ocrx_word' id='word_1_439' title='bbox 802 3865 1008 3922; x_wconf 70' lang='lat' dir='ltr'><strong><em>Nicetze</em></strong></span> <span class='ocrx_word' id='word_1_440' title='bbox 1041 3869 1321 3924; x_wconf 73' lang='lat' dir='ltr'><strong><em>Cboniattc</em></strong></span> <span class='ocrx_word' id='word_1_441' title='bbox 1357 3869 1666 3924; x_wconf 87' lang='lat' dir='ltr'><strong><em>testimonio</em></strong></span> <span class='ocrx_word' id='word_1_442' title='bbox 1698 3869 1884 3934; x_wconf 88' lang='lat' dir='ltr'><strong><em>allato,</em></strong></span> <span class='ocrx_word' id='word_1_443' title='bbox 1917 3869 1983 3923; x_wconf 88' lang='lat' dir='ltr'><strong><em>de</em></strong></span> <span class='ocrx_word' id='word_1_444' title='bbox 2017 3865 2310 3923; x_wconf 84' lang='lat' dir='ltr'><strong><em>Andronici</em></strong></span> <span class='ocrx_word' id='word_1_445' title='bbox 2333 3866 2575 3936; x_wconf 84' lang='lat' dir='ltr'><strong><em>ejusdem</em></strong></span> <span class='ocrx_word' id='word_1_446' title='bbox 2608 3865 2810 3920; x_wconf 84' lang='lat' dir='ltr'><strong><em>eximia</em></strong></span> <span class='ocrx_word' id='word_1_447' title='bbox 2843 3861 3177 3930; x_wconf 85' lang='lat' dir='ltr'><strong><em>eruditione,</em></strong></span> <span class='ocrx_word' id='word_1_448' title='bbox 3209 3864 3473 3932; x_wconf 58' lang='lat' dir='ltr'><strong><em>singulari</em></strong></span> 
     </span>
    </p>
   </div>
   <div class='ocr_carea' id='block_1_44' title="bbox 223 3950 3473 4028">
    <p class='ocr_par' dir='ltr' id='par_1_44' title="bbox 223 3950 3473 4028">
     <span class='ocr_line' id='line_1_45' title="bbox 223 3950 3473 4028; baseline -0.002 -16"><span class='ocrx_word' id='word_1_449' title='bbox 223 3958 573 4028; x_wconf 87' lang='lat' dir='ltr'><strong><em>eloquentia,</em></strong></span> <span class='ocrx_word' id='word_1_450' title='bbox 607 3967 662 4013; x_wconf 91' lang='lat' dir='ltr'><strong><em>et</em></strong></span> <span class='ocrx_word' id='word_1_451' title='bbox 698 3958 968 4028; x_wconf 79' lang='lat' dir='ltr'><strong><em>exquisita</em></strong></span> <span class='ocrx_word' id='word_1_452' title='bbox 1005 3973 1173 4013; x_wconf 73' lang='lat' dir='ltr'><strong><em>sacra:</em></strong></span> <span class='ocrx_word' id='word_1_453' title='bbox 1204 3957 1500 4028; x_wconf 74' lang='lat' dir='ltr'><strong><em>Scriptura:</em></strong></span> <span class='ocrx_word' id='word_1_454' title='bbox 1532 3957 1748 4013; x_wconf 84' lang='lat' dir='ltr'><strong><em>notitia.</em></strong></span> <span class='ocrx_word' id='word_1_455' title='bbox 1801 3957 1990 4012; x_wconf 85' lang='lat' dir='ltr'><strong><em>Exstat</em></strong></span> <span class='ocrx_word' id='word_1_456' title='bbox 2019 3969 2236 4026; x_wconf 87' lang='lat' dir='ltr'><strong><em>quoque</em></strong></span> <span class='ocrx_word' id='word_1_457' title='bbox 2262 3952 2451 4008; x_wconf 73' lang='lat' dir='ltr'><strong><em>Graece</em></strong></span> <span class='ocrx_word' id='word_1_458' title='bbox 2505 3969 2611 4008; x_wconf 90' lang='lat' dir='ltr'><strong><em>ms.</em></strong></span> <span class='ocrx_word' id='word_1_459' title='bbox 2645 3955 2696 4006; x_wconf 89' lang='lat' dir='ltr'><strong><em>in</em></strong></span> <span class='ocrx_word' id='word_1_460' title='bbox 2729 3953 3068 4008; x_wconf 85' lang='lat' dir='ltr'><strong><em>Bibliotheca</em></strong></span> <span class='ocrx_word' id='word_1_461' title='bbox 3126 3950 3473 4006; x_wconf 77' lang='lat' dir='ltr'><strong><em>Serenissimi</em></strong></span> 
     </span>
    </p>
   </div>
   <div class='ocr_carea' id='block_1_45' title="bbox 226 4030 3474 4117">
    <p class='ocr_par' dir='ltr' id='par_1_45' title="bbox 226 4030 3474 4117">
     <span class='ocr_line' id='line_1_46' title="bbox 226 4030 3474 4117; baseline -0.002 -16"><span class='ocrx_word' id='word_1_462' title='bbox 226 4045 471 4101; x_wconf 75' lang='lat' dir='ltr'><strong><em>Bavaria:</em></strong></span> <span class='ocrx_word' id='word_1_463' title='bbox 506 4045 687 4114; x_wconf 89' lang='lat' dir='ltr'><strong><em>Ducis,</em></strong></span> <span class='ocrx_word' id='word_1_464' title='bbox 722 4047 906 4102; x_wconf 89' lang='lat' dir='ltr'><strong><em>codice</em></strong></span> <span class='ocrx_word' id='word_1_465' title='bbox 939 4046 1065 4112; x_wconf 67' lang='lat'><strong><em>128,</em></strong></span> <span class='ocrx_word' id='word_1_466' title='bbox 1104 4057 1161 4102; x_wconf 91' lang='lat' dir='ltr'><strong><em>ut</em></strong></span> <span class='ocrx_word' id='word_1_467' title='bbox 1189 4055 1336 4117; x_wconf 84' lang='lat' dir='ltr'><strong><em>patet</em></strong></span> <span class='ocrx_word' id='word_1_468' title='bbox 1366 4060 1432 4101; x_wconf 84' lang='lat' dir='ltr'><strong><em>ex</em></strong></span> <span class='ocrx_word' id='word_1_469' title='bbox 1466 4046 1583 4116; x_wconf 81' lang='lat' dir='ltr'><strong><em>ejus</em></strong></span> <span class='ocrx_word' id='word_1_470' title='bbox 1615 4047 1880 4116; x_wconf 79' lang='lat' dir='ltr'><strong><em>catalogo,</em></strong></span> <span class='ocrx_word' id='word_1_471' title='bbox 1912 4044 1983 4098; x_wconf 86' lang='lat' dir='ltr'><strong><em>ad</em></strong></span> <span class='ocrx_word' id='word_1_472' title='bbox 2017 4042 2218 4098; x_wconf 88' lang='lat' dir='ltr'><strong><em>calcem</em></strong></span> <span class='ocrx_word' id='word_1_473' title='bbox 2256 4041 2384 4097; x_wconf 85' lang='lat' dir='ltr'><strong><em>tomi</em></strong></span> <span class='ocrx_word' id='word_1_474' title='bbox 2435 4039 2478 4096; x_wconf 92' lang='lat' dir='ltr'><strong><em>ll</em></strong></span> <span class='ocrx_word' id='word_1_475' title='bbox 2511 4030 2814 4110; x_wconf 65' lang='lat' dir='ltr'><strong><em>apparatus</em></strong></span> <span class='ocrx_word' id='word_1_476' title='bbox 2847 4042 2986 4096; x_wconf 87' lang='lat' dir='ltr'><strong><em>sacri</em></strong></span> <span class='ocrx_word' id='word_1_477' title='bbox 3016 4041 3235 4096; x_wconf 81' lang='lat' dir='ltr'><strong><em>Antonii</em></strong></span> <span class='ocrx_word' id='word_1_478' title='bbox 3280 4037 3474 4094; x_wconf 80' lang='lat' dir='ltr'><strong><em>Posse-~</em></strong></span> 
     </span>
    </p>
   </div>
   <div class='ocr_carea' id='block_1_46' title="bbox 224 4127 3472 4200">
    <p class='ocr_par' dir='ltr' id='par_1_46' title="bbox 224 4127 3472 4200">
     <span class='ocr_line' id='line_1_47' title="bbox 224 4127 3472 4200; baseline -0.002 -11"><span class='ocrx_word' id='word_1_479' title='bbox 224 4136 363 4190; x_wconf 85' lang='lat' dir='ltr'><strong><em>vini.</em></strong></span> <span class='ocrx_word' id='word_1_480' title='bbox 402 4134 768 4191; x_wconf 76' lang='lat' dir='ltr'><strong><em>Andronicum</em></strong></span> <span class='ocrx_word' id='word_1_481' title='bbox 796 4134 1138 4190; x_wconf 84' lang='lat' dir='ltr'><strong><em>Camaterum</em></strong></span> <span class='ocrx_word' id='word_1_482' title='bbox 1171 4143 1449 4189; x_wconf 89' lang='lat' dir='ltr'><strong><em>auctorem</em></strong></span> <span class='ocrx_word' id='word_1_483' title='bbox 1477 4135 1676 4190; x_wconf 88' lang='lat' dir='ltr'><strong><em>habere</em></strong></span> <span class='ocrx_word' id='word_1_484' title='bbox 1709 4133 1994 4188; x_wconf 86' lang='lat' dir='ltr'><strong><em>videntur:</em></strong></span> <span class='ocrx_word' id='word_1_485' title='bbox 2025 4130 2281 4200; x_wconf 82' lang='lat' dir='ltr'><strong><em>Dialogus</em></strong></span> <span class='ocrx_word' id='word_1_486' title='bbox 2323 4130 2579 4184; x_wconf 76' lang='lat' dir='ltr'><strong><em>adversus</em></strong></span> <span class='ocrx_word' id='word_1_487' title='bbox 2611 4127 2833 4184; x_wconf 88' lang='lat' dir='ltr'><strong><em>Latinos</em></strong></span> <span class='ocrx_word' id='word_1_488' title='bbox 2881 4129 2946 4184; x_wconf 87' lang='lat' dir='ltr'><strong><em>de</em></strong></span> <span class='ocrx_word' id='word_1_489' title='bbox 2975 4130 3306 4195; x_wconf 85' lang='lat' dir='ltr'><strong><em>processione</em></strong></span> <span class='ocrx_word' id='word_1_490' title='bbox 3344 4127 3472 4196; x_wconf 82' lang='lat' dir='ltr'><strong><em>Spi-</em></strong></span> 
     </span>
    </p>
   </div>
   <div class='ocr_carea' id='block_1_47' title="bbox 225 4219 3468 4294">
    <p class='ocr_par' dir='ltr' id='par_1_47' title="bbox 225 4219 3468 4294">
     <span class='ocr_line' id='line_1_48' title="bbox 225 4219 3468 4294; baseline -0.002 -16"><span class='ocrx_word' id='word_1_491' title='bbox 225 4227 368 4280; x_wconf 84' lang='lat' dir='ltr'><strong><em>ritus</em></strong></span> <span class='ocrx_word' id='word_1_492' title='bbox 397 4229 591 4290; x_wconf 84' lang='lat' dir='ltr'><strong><em>sancti,</em></strong></span> <span class='ocrx_word' id='word_1_493' title='bbox 631 4233 685 4280; x_wconf 87' lang='lat' dir='ltr'><strong><em>et</em></strong></span> <span class='ocrx_word' id='word_1_494' title='bbox 716 4225 1021 4293; x_wconf 84' lang='lat' dir='ltr'><strong><em>Disputatio</em></strong></span> <span class='ocrx_word' id='word_1_495' title='bbox 1054 4225 1383 4294; x_wconf 85' lang='lat' dir='ltr'><strong><em>imperatoris</em></strong></span> <span class='ocrx_word' id='word_1_496' title='bbox 1413 4241 1527 4278; x_wconf 84' lang='lat' dir='ltr'><strong><em>cum</em></strong></span> <span class='ocrx_word' id='word_1_497' title='bbox 1559 4224 1768 4279; x_wconf 87' lang='lat' dir='ltr'><strong><em>doctore</em></strong></span> <span class='ocrx_word' id='word_1_498' title='bbox 1813 4223 2184 4279; x_wconf 79' lang='lat' dir='ltr'><strong><em>Armeniorum</em></strong></span> <span class='ocrx_word' id='word_1_499' title='bbox 2217 4219 2398 4282; x_wconf 86' lang='lat' dir='ltr'><strong><em>Petro.</em></strong></span> <span class='ocrx_word' id='word_1_500' title='bbox 2435 4219 2508 4274; x_wconf 89' lang='lat' dir='ltr'><strong><em>De</em></strong></span> <span class='ocrx_word' id='word_1_501' title='bbox 2547 4219 2758 4274; x_wconf 87' lang='lat' dir='ltr'><strong><em>duabus</em></strong></span> <span class='ocrx_word' id='word_1_502' title='bbox 2806 4222 2860 4274; x_wconf 88' lang='lat' dir='ltr'><strong><em>in</em></strong></span> <span class='ocrx_word' id='word_1_503' title='bbox 2916 4219 3126 4275; x_wconf 78' lang='lat' dir='ltr'><strong><em>Christo</em></strong></span> <span class='ocrx_word' id='word_1_504' title='bbox 3158 4222 3388 4284; x_wconf 88' lang='lat' dir='ltr'><strong><em>naturis,</em></strong></span> <span class='ocrx_word' id='word_1_505' title='bbox 3419 4227 3468 4272; x_wconf 88' lang='lat' dir='ltr'><strong><em>ct</em></strong></span> 
     </span>
    </p>
   </div>
   <div class='ocr_carea' id='block_1_48' title="bbox 222 4308 3469 4381">
    <p class='ocr_par' dir='ltr' id='par_1_48' title="bbox 222 4308 3469 4381">
     <span class='ocr_line' id='line_1_49' title="bbox 222 4308 3469 4381; baseline -0.002 -14"><span class='ocrx_word' id='word_1_506' title='bbox 222 4316 343 4369; x_wconf 72' lang='lat' dir='ltr'><strong><em>aliis</em></strong></span> <span class='ocrx_word' id='word_1_507' title='bbox 370 4313 652 4380; x_wconf 75' lang='lat' dir='ltr'><strong><em>capitibus.</em></strong></span> <span class='ocrx_word' id='word_1_508' title='bbox 692 4312 799 4369; x_wconf 85' lang='lat' dir='ltr'><strong><em>Sed</em></strong></span> <span class='ocrx_word' id='word_1_509' title='bbox 825 4329 928 4368; x_wconf 90' lang='lat' dir='ltr'><strong><em>non</em></strong></span> <span class='ocrx_word' id='word_1_510' title='bbox 959 4311 1280 4380; x_wconf 80' lang='lat' dir='ltr'><strong><em>Opusculuut</em></strong></span> <span class='ocrx_word' id='word_1_511' title='bbox 1307 4322 1489 4367; x_wconf 87' lang='lat' dir='ltr'><strong><em>contra</em></strong></span> <span class='ocrx_word' id='word_1_512' title='bbox 1520 4310 1778 4367; x_wconf 84' lang='lat' dir='ltr'><strong><em>Joannem</em></strong></span> <span class='ocrx_word' id='word_1_513' title='bbox 1822 4309 2043 4367; x_wconf 82' lang='lat' dir='ltr'><strong><em>Veccum</em></strong></span> <span class='ocrx_word' id='word_1_514' title='bbox 2087 4309 2444 4381; x_wconf 78' lang='lat' dir='ltr'><strong><em>patriarcham</em></strong></span> <span class='ocrx_word' id='word_1_515' title='bbox 2470 4308 3108 4377; x_wconf 84' lang='lat' dir='ltr'><strong><em>Constantinopolitanum</em></strong></span> <span class='ocrx_word' id='word_1_516' title='bbox 3133 4348 3148 4375; x_wconf 95' lang='lat'><strong><em>,</em></strong></span> <span class='ocrx_word' id='word_1_517' title='bbox 3183 4322 3305 4378; x_wconf 64' lang='lat' dir='ltr'><strong><em>quae</em></strong></span> <span class='ocrx_word' id='word_1_518' title='bbox 3338 4322 3469 4362; x_wconf 78' lang='lat' dir='ltr'><strong><em>mss.</em></strong></span> 
     </span>
    </p>
   </div>
   <div class='ocr_carea' id='block_1_49' title="bbox 230 4397 3467 4470">
    <p class='ocr_par' dir='ltr' id='par_1_49' title="bbox 230 4397 3467 4470">
     <span class='ocr_line' id='line_1_50' title="bbox 230 4397 3467 4470; baseline -0.001 -15"><span class='ocrx_word' id='word_1_519' title='bbox 230 4410 586 4457; x_wconf 83' lang='lat' dir='ltr'><strong><em>asservantur</em></strong></span> <span class='ocrx_word' id='word_1_520' title='bbox 620 4400 672 4456; x_wconf 91' lang='lat' dir='ltr'><strong><em>in</em></strong></span> <span class='ocrx_word' id='word_1_521' title='bbox 724 4403 912 4456; x_wconf 83' lang='lat' dir='ltr'><strong><em>eadem</em></strong></span> <span class='ocrx_word' id='word_1_522' title='bbox 967 4400 1227 4457; x_wconf 88' lang='lat' dir='ltr'><strong><em>Bavarica</em></strong></span> <span class='ocrx_word' id='word_1_523' title='bbox 1275 4399 1607 4457; x_wconf 84' lang='lat' dir='ltr'><strong><em>Bibliotheca</em></strong></span> <span class='ocrx_word' id='word_1_524' title='bbox 1637 4441 1652 4465; x_wconf 92' lang='lat'><strong><em>,</em></strong></span> <span class='ocrx_word' id='word_1_525' title='bbox 1698 4401 1884 4458; x_wconf 87' lang='lat' dir='ltr'><strong><em>codice</em></strong></span> <span class='ocrx_word' id='word_1_526' title='bbox 1920 4400 2022 4457; x_wconf 75' lang='grc'><strong><em>120</em></strong></span> <span class='ocrx_word' id='word_1_527' title='bbox 2047 4440 2062 4466; x_wconf 90' lang='grc'><strong><em>,</em></strong></span> <span class='ocrx_word' id='word_1_528' title='bbox 2118 4409 2252 4455; x_wconf 88' lang='lat' dir='ltr'><strong><em>teste</em></strong></span> <span class='ocrx_word' id='word_1_529' title='bbox 2301 4399 2489 4453; x_wconf 89' lang='lat' dir='ltr'><strong><em>eodem</em></strong></span> <span class='ocrx_word' id='word_1_530' title='bbox 2530 4397 2826 4454; x_wconf 88' lang='lat' dir='ltr'><strong><em>Possevino</em></strong></span> <span class='ocrx_word' id='word_1_531' title='bbox 2851 4438 2868 4464; x_wconf 87' lang='lat'><strong><em>,</em></strong></span> <span class='ocrx_word' id='word_1_532' title='bbox 2907 4400 2962 4454; x_wconf 90' lang='lat' dir='ltr'><strong><em>in</em></strong></span> <span class='ocrx_word' id='word_1_533' title='bbox 2995 4399 3257 4470; x_wconf 80' lang='lat' dir='ltr'><strong><em>Catalogo</em></strong></span> <span class='ocrx_word' id='word_1_534' title='bbox 3309 4398 3467 4453; x_wconf 89' lang='lat' dir='ltr'><strong><em>istius</em></strong></span> 
     </span>
    </p>
   </div>
   <div class='ocr_carea' id='block_1_50' title="bbox 224 4487 3467 4562">
    <p class='ocr_par' dir='ltr' id='par_1_50' title="bbox 224 4487 3467 4562">
     <span class='ocr_line' id='line_1_51' title="bbox 224 4487 3467 4562; baseline -0.001 -18"><span class='ocrx_word' id='word_1_535' title='bbox 224 4490 604 4554; x_wconf 61' lang='lat' dir='ltr'><strong><em>Bibliotheca,</em></strong></span> <span class='ocrx_word' id='word_1_536' title='bbox 637 4504 757 4558; x_wconf 78' lang='lat' dir='ltr'><strong><em>pag.</em></strong></span> <span class='ocrx_word' id='word_1_537' title='bbox 796 4489 882 4543; x_wconf 71' lang='grc'><strong><em>62.</em></strong></span> <span class='ocrx_word' id='word_1_538' title='bbox 916 4489 1155 4560; x_wconf 87' lang='lat' dir='ltr'><strong><em>Denique</em></strong></span> <span class='ocrx_word' id='word_1_539' title='bbox 1182 4490 1480 4545; x_wconf 83' lang='lat' dir='ltr'><strong><em>notandum</em></strong></span> <span class='ocrx_word' id='word_1_540' title='bbox 1513 4500 1598 4546; x_wconf 90' lang='lat' dir='ltr'><strong><em>est</em></strong></span> <span class='ocrx_word' id='word_1_541' title='bbox 1630 4491 1682 4545; x_wconf 92' lang='lat' dir='ltr'><strong><em>in</em></strong></span> <span class='ocrx_word' id='word_1_542' title='bbox 1715 4505 1878 4562; x_wconf 84' lang='lat' dir='ltr'><strong><em>supra</em></strong></span> <span class='ocrx_word' id='word_1_543' title='bbox 1909 4497 2209 4546; x_wconf 88' lang='lat' dir='ltr'><strong><em>memorata</em></strong></span> <span class='ocrx_word' id='word_1_544' title='bbox 2256 4487 2468 4557; x_wconf 87' lang='lat' dir='ltr'><strong><em>Dialogi</em></strong></span> <span class='ocrx_word' id='word_1_545' title='bbox 2501 4489 2735 4544; x_wconf 88' lang='lat' dir='ltr'><strong><em>editione</em></strong></span> <span class='ocrx_word' id='word_1_546' title='bbox 2767 4487 2959 4544; x_wconf 86' lang='lat' dir='ltr'><strong><em>Latina</em></strong></span> <span class='ocrx_word' id='word_1_547' title='bbox 2999 4490 3232 4545; x_wconf 78' lang='lat' dir='ltr'><strong><em>Livineii</em></strong></span> <span class='ocrx_word' id='word_1_548' title='bbox 3263 4498 3315 4543; x_wconf 90' lang='lat' dir='ltr'><strong><em>et</em></strong></span> <span class='ocrx_word' id='word_1_549' title='bbox 3345 4487 3467 4543; x_wconf 88' lang='lat' dir='ltr'><strong><em>Ste-</em></strong></span> 
     </span>
    </p>
   </div>
   <div class='ocr_carea' id='block_1_51' title="bbox 222 4577 3467 4648">
    <p class='ocr_par' dir='ltr' id='par_1_51' title="bbox 222 4577 3467 4648">
     <span class='ocr_line' id='line_1_52' title="bbox 222 4577 3467 4648; baseline 0 -16"><span class='ocrx_word' id='word_1_550' title='bbox 222 4579 424 4644; x_wconf 90' lang='lat' dir='ltr'><strong><em>vartii,</em></strong></span> <span class='ocrx_word' id='word_1_551' title='bbox 459 4577 740 4645; x_wconf 86' lang='lat' dir='ltr'><strong><em>Dialogum</em></strong></span> <span class='ocrx_word' id='word_1_552' title='bbox 770 4577 916 4632; x_wconf 90' lang='lat' dir='ltr'><strong><em>illum</em></strong></span> <span class='ocrx_word' id='word_1_553' title='bbox 954 4593 1072 4633; x_wconf 89' lang='lat' dir='ltr'><strong><em>esse</em></strong></span> <span class='ocrx_word' id='word_1_554' title='bbox 1103 4577 1338 4633; x_wconf 88' lang='lat' dir='ltr'><strong><em>divisum</em></strong></span> <span class='ocrx_word' id='word_1_555' title='bbox 1405 4578 1458 4633; x_wconf 93' lang='lat' dir='ltr'><strong><em>in</em></strong></span> <span class='ocrx_word' id='word_1_556' title='bbox 1491 4577 1560 4633; x_wconf 74' lang='grc'>64</span> <span class='ocrx_word' id='word_1_557' title='bbox 1584 4580 1796 4648; x_wconf 88' lang='lat' dir='ltr'><strong><em>capita,</em></strong></span> <span class='ocrx_word' id='word_1_558' title='bbox 1841 4580 2042 4633; x_wconf 92' lang='lat' dir='ltr'><strong><em>nullum</em></strong></span> <span class='ocrx_word' id='word_1_559' title='bbox 2075 4587 2257 4632; x_wconf 86' lang='lat' dir='ltr'><strong><em>autem</em></strong></span> <span class='ocrx_word' id='word_1_560' title='bbox 2309 4577 2361 4630; x_wconf 92' lang='lat' dir='ltr'><strong><em>in</em></strong></span> <span class='ocrx_word' id='word_1_561' title='bbox 2405 4577 2589 4632; x_wconf 89' lang='lat' dir='ltr'><strong><em>codice</em></strong></span> <span class='ocrx_word' id='word_1_562' title='bbox 2632 4577 2732 4632; x_wconf 90' lang='lat' dir='ltr'><strong><em>hoc</em></strong></span> <span class='ocrx_word' id='word_1_563' title='bbox 2778 4579 3146 4648; x_wconf 87' lang='lat' dir='ltr'><strong><em>manuscripto</em></strong></span> <span class='ocrx_word' id='word_1_564' title='bbox 3196 4578 3467 4640; x_wconf 59' lang='lat' dir='ltr'><strong><em>Caesareo,</em></strong></span> 
     </span>
    </p>
   </div>
   <div class='ocr_carea' id='block_1_52' title="bbox 223 4650 3470 4738">
    <p class='ocr_par' dir='ltr' id='par_1_52' title="bbox 223 4650 3470 4738">
     <span class='ocr_line' id='line_1_53' title="bbox 223 4650 3470 4738; baseline -0.002 -14"><span class='ocrx_word' id='word_1_565' title='bbox 223 4671 384 4724; x_wconf 86' lang='lat' dir='ltr'><strong><em>istius</em></strong></span> <span class='ocrx_word' id='word_1_566' title='bbox 415 4650 696 4724; x_wconf 66' lang='lat' dir='ltr'><strong><em>divisidnis</em></strong></span> <span class='ocrx_word' id='word_1_567' title='bbox 724 4677 936 4723; x_wconf 82' lang='lat' dir='ltr'><strong><em>exstare</em></strong></span> <span class='ocrx_word' id='word_1_568' title='bbox 965 4669 1271 4738; x_wconf 77' lang='lat' dir='ltr'><strong><em>vestigium.</em></strong></span> <span class='ocrx_word' id='word_1_569' title='bbox 1298 4667 1422 4723; x_wconf 78' lang='lat' dir='ltr'><strong><em>Haec</em></strong></span> <span class='ocrx_word' id='word_1_570' title='bbox 1461 4668 1527 4724; x_wconf 85' lang='lat' dir='ltr'><strong><em>de</em></strong></span> <span class='ocrx_word' id='word_1_571' title='bbox 1559 4683 1624 4724; x_wconf 88' lang='lat' dir='ltr'><strong><em>eo</em></strong></span> <span class='ocrx_word' id='word_1_572' title='bbox 1656 4667 1976 4723; x_wconf 85' lang='lat' dir='ltr'><strong><em>Lambecius</em></strong></span> <span class='ocrx_word' id='word_1_573' title='bbox 2039 4667 2180 4721; x_wconf 89' lang='lat' dir='ltr'><strong><em>libro</em></strong></span> <span class='ocrx_word' id='word_1_574' title='bbox 2210 4681 2241 4721; x_wconf 78' lang='grc' dir='ltr'>γ</span> <span class='ocrx_word' id='word_1_575' title='bbox 2264 4665 2788 4722; x_wconf 85' lang='lat' dir='ltr'><strong><em>Commentariorum</em></strong></span> <span class='ocrx_word' id='word_1_576' title='bbox 2836 4665 3179 4722; x_wconf 71' lang='lat' dir='ltr'><strong><em>Bibliotheca:</em></strong></span> <span class='ocrx_word' id='word_1_577' title='bbox 3211 4666 3470 4720; x_wconf 70' lang='lat' dir='ltr'><strong><em>Ctesartce</em></strong></span> 
     </span>
    </p>
   </div>
   <div class='ocr_carea' id='block_1_53' title="bbox 223 4752 3472 4826">
    <p class='ocr_par' dir='ltr' id='par_1_53' title="bbox 223 4752 3472 4826">
     <span class='ocr_line' id='line_1_54' title="bbox 223 4752 3472 4826; baseline -0.001 -16"><span class='ocrx_word' id='word_1_578' title='bbox 223 4754 660 4811; x_wconf 79' lang='lat' dir='ltr'><strong><em>Vindohonensis</em></strong></span> <span class='ocrx_word' id='word_1_579' title='bbox 680 4792 696 4820; x_wconf 95' lang='lat'><strong><em>,</em></strong></span> <span class='ocrx_word' id='word_1_580' title='bbox 731 4769 785 4824; x_wconf 92' lang='lat' dir='ltr'><strong><em>p.</em></strong></span> <span class='ocrx_word' id='word_1_581' title='bbox 815 4753 914 4809; x_wconf 88' lang='grc'><strong><em>169</em></strong></span> <span class='ocrx_word' id='word_1_582' title='bbox 949 4762 1002 4810; x_wconf 90' lang='lat' dir='ltr'><strong><em>et</em></strong></span> <span class='ocrx_word' id='word_1_583' title='bbox 1034 4753 1166 4820; x_wconf 75' lang='grc'>170,</span> <span class='ocrx_word' id='word_1_584' title='bbox 1196 4764 1250 4808; x_wconf 90' lang='lat' dir='ltr'><strong><em>et</em></strong></span> <span class='ocrx_word' id='word_1_585' title='bbox 1275 4753 1327 4810; x_wconf 92' lang='lat' dir='ltr'><strong><em>in</em></strong></span> <span class='ocrx_word' id='word_1_586' title='bbox 1358 4754 1615 4826; x_wconf 78' lang='lat' dir='ltr'><strong><em>Catalogo</em></strong></span> <span class='ocrx_word' id='word_1_587' title='bbox 1651 4755 1974 4826; x_wconf 84' lang='lat' dir='ltr'><strong><em>scriptorum</em></strong></span> <span class='ocrx_word' id='word_1_588' title='bbox 2031 4755 2192 4825; x_wconf 84' lang='lat' dir='ltr'><strong><em>hujus</em></strong></span> <span class='ocrx_word' id='word_1_589' title='bbox 2250 4755 2376 4808; x_wconf 74' lang='lat' dir='ltr'><strong><em>torni</em></strong></span> <span class='ocrx_word' id='word_1_590' title='bbox 2399 4794 2416 4821; x_wconf 92' lang='lat'><strong><em>,</em></strong></span> <span class='ocrx_word' id='word_1_591' title='bbox 2470 4768 2590 4825; x_wconf 78' lang='lat' dir='ltr'><strong><em>pag.</em></strong></span> <span class='ocrx_word' id='word_1_592' title='bbox 2623 4753 2728 4808; x_wconf 86' lang='grc'><strong><em>505</em></strong></span> <span class='ocrx_word' id='word_1_593' title='bbox 2753 4763 2808 4808; x_wconf 91' lang='lat' dir='ltr'><strong><em>et</em></strong></span> <span class='ocrx_word' id='word_1_594' title='bbox 2833 4753 2956 4809; x_wconf 82' lang='grc'>565.</span> <span class='ocrx_word' id='word_1_595' title='bbox 2985 4752 3250 4809; x_wconf 80' lang='lat' dir='ltr'><strong><em>Henricus</em></strong></span> <span class='ocrx_word' id='word_1_596' title='bbox 3276 4752 3472 4809; x_wconf 84' lang='lat' dir='ltr'><strong><em>Whar—</em></strong></span> 
     </span>
    </p>
   </div>
   <div class='ocr_carea' id='block_1_54' title="bbox 222 4841 3470 4914">
    <p class='ocr_par' dir='ltr' id='par_1_54' title="bbox 222 4841 3470 4914">
     <span class='ocr_line' id='line_1_55' title="bbox 222 4841 3470 4914; baseline -0.001 -14"><span class='ocrx_word' id='word_1_597' title='bbox 222 4855 316 4900; x_wconf 86' lang='lat' dir='ltr'><strong><em>ton</em></strong></span> <span class='ocrx_word' id='word_1_598' title='bbox 349 4844 405 4900; x_wconf 90' lang='lat' dir='ltr'><strong><em>in</em></strong></span> <span class='ocrx_word' id='word_1_599' title='bbox 442 4844 836 4914; x_wconf 80' lang='lat' dir='ltr'><strong><em>Supplementa</em></strong></span> <span class='ocrx_word' id='word_1_600' title='bbox 892 4845 1152 4898; x_wconf 76' lang='lat' dir='ltr'><strong><em>Historia:</em></strong></span> <span class='ocrx_word' id='word_1_601' title='bbox 1194 4842 1466 4898; x_wconf 64' lang='lat' dir='ltr'><strong><em>litterariae</em></strong></span> <span class='ocrx_word' id='word_1_602' title='bbox 1526 4843 1797 4899; x_wconf 87' lang='lat' dir='ltr'><strong><em>Guillelmi</em></strong></span> <span class='ocrx_word' id='word_1_603' title='bbox 1839 4841 2004 4907; x_wconf 84' lang='lat' dir='ltr'><strong><em>Cavi,</em></strong></span> <span class='ocrx_word' id='word_1_604' title='bbox 2044 4843 2134 4898; x_wconf 89' lang='lat' dir='ltr'><strong><em>ubi</em></strong></span> <span class='ocrx_word' id='word_1_605' title='bbox 2169 4858 2288 4912; x_wconf 83' lang='lat' dir='ltr'><strong><em>pag.</em></strong></span> <span class='ocrx_word' id='word_1_606' title='bbox 2320 4841 2390 4896; x_wconf 64' lang='grc'><strong><em>24</em></strong></span> <span class='ocrx_word' id='word_1_607' title='bbox 2415 4883 2429 4908; x_wconf 89' lang='grc'><strong><em>,</em></strong></span> <span class='ocrx_word' id='word_1_608' title='bbox 2483 4844 2623 4897; x_wconf 87' lang='lat' dir='ltr'><strong><em>hunc</em></strong></span> <span class='ocrx_word' id='word_1_609' title='bbox 2662 4841 3032 4898; x_wconf 83' lang='lat' dir='ltr'><strong><em>Andronicum</em></strong></span> <span class='ocrx_word' id='word_1_610' title='bbox 3085 4844 3470 4899; x_wconf 87' lang='lat' dir='ltr'><strong><em>Constantino-</em></strong></span> 
     </span>
    </p>
   </div>
   <div class='ocr_carea' id='block_1_55' title="bbox 221 4927 3471 5000">
    <p class='ocr_par' dir='ltr' id='par_1_55' title="bbox 221 4927 3471 5000">
     <span class='ocr_line' id='line_1_56' title="bbox 221 4927 3471 5000; baseline -0.001 -13"><span class='ocrx_word' id='word_1_611' title='bbox 221 4930 522 5000; x_wconf 83' lang='lat' dir='ltr'><strong><em>politanum</em></strong></span> <span class='ocrx_word' id='word_1_612' title='bbox 555 4928 722 4984; x_wconf 79' lang='lat' dir='ltr'><strong><em>refert</em></strong></span> <span class='ocrx_word' id='word_1_613' title='bbox 746 4929 814 4985; x_wconf 84' lang='lat' dir='ltr'><strong><em>ad</em></strong></span> <span class='ocrx_word' id='word_1_614' title='bbox 840 4945 1037 4984; x_wconf 88' lang='lat' dir='ltr'><strong><em>annum</em></strong></span> <span class='ocrx_word' id='word_1_615' title='bbox 1066 4929 1203 4985; x_wconf 71' lang='grc'>1527</span> <span class='ocrx_word' id='word_1_616' title='bbox 1236 4944 1358 4984; x_wconf 89' lang='lat' dir='ltr'><strong><em>cum</em></strong></span> <span class='ocrx_word' id='word_1_617' title='bbox 1393 4927 1659 4984; x_wconf 89' lang='lat' dir='ltr'><strong><em>Livineio.</em></strong></span> <span class='ocrx_word' id='word_1_618' title='bbox 1691 4928 1883 4986; x_wconf 89' lang='lat' dir='ltr'><strong><em>Omnia</em></strong></span> <span class='ocrx_word' id='word_1_619' title='bbox 1917 4940 2094 4985; x_wconf 89' lang='lat' dir='ltr'><strong><em>autem</em></strong></span> <span class='ocrx_word' id='word_1_620' title='bbox 2127 4933 2239 4986; x_wconf 74' lang='lat' dir='ltr'><strong><em>haec</em></strong></span> <span class='ocrx_word' id='word_1_621' title='bbox 2270 4929 2540 5000; x_wconf 32' lang='lat' dir='ltr'><strong><em>.Opuscnla</em></strong></span> <span class='ocrx_word' id='word_1_622' title='bbox 2569 4929 2792 4986; x_wconf 83' lang='lat' dir='ltr'><strong><em>ascribit</em></strong></span> <span class='ocrx_word' id='word_1_623' title='bbox 2827 4931 3136 4987; x_wconf 74' lang='lat' dir='ltr'><strong><em>Andronico</em></strong></span> <span class='ocrx_word' id='word_1_624' title='bbox 3181 4931 3471 4987; x_wconf 76' lang='lat' dir='ltr'><strong><em>Cantatero</em></strong></span> 
     </span>
    </p>
   </div>
   <div class='ocr_carea' id='block_1_56' title="bbox 220 5015 3462 5088">
    <p class='ocr_par' dir='ltr' id='par_1_56' title="bbox 220 5015 3462 5088">
     <span class='ocr_line' id='line_1_57' title="bbox 220 5015 3462 5088; baseline -0.002 -12"><span class='ocrx_word' id='word_1_625' title='bbox 220 5017 834 5086; x_wconf 81' lang='lat' dir='ltr'><strong><em>Constantinopolitanae</em></strong></span> <span class='ocrx_word' id='word_1_626' title='bbox 862 5018 1008 5072; x_wconf 85' lang='lat' dir='ltr'><strong><em>urbis</em></strong></span> <span class='ocrx_word' id='word_1_627' title='bbox 1036 5016 1291 5086; x_wconf 80' lang='lat' dir='ltr'><strong><em>praelecto</em></strong></span> <span class='ocrx_word' id='word_1_628' title='bbox 1327 5016 1644 5071; x_wconf 86' lang='lat' dir='ltr'><strong><em>Guillelmns</em></strong></span> <span class='ocrx_word' id='word_1_629' title='bbox 1689 5015 1865 5074; x_wconf 85' lang='lat' dir='ltr'><strong><em>Cavus</em></strong></span> <span class='ocrx_word' id='word_1_630' title='bbox 1897 5019 1948 5073; x_wconf 92' lang='lat' dir='ltr'><strong><em>in</em></strong></span> <span class='ocrx_word' id='word_1_631' title='bbox 1987 5019 2225 5072; x_wconf 80' lang='lat' dir='ltr'><strong><em>Historia</em></strong></span> <span class='ocrx_word' id='word_1_632' title='bbox 2258 5021 2329 5072; x_wconf 84' lang='lat' dir='ltr'><strong><em>rei</em></strong></span> <span class='ocrx_word' id='word_1_633' title='bbox 2371 5018 2670 5083; x_wconf 65' lang='lat' dir='ltr'><strong><em>litterariae,</em></strong></span> <span class='ocrx_word' id='word_1_634' title='bbox 2704 5029 2854 5088; x_wconf 86' lang='lat' dir='ltr'><strong><em>parte</em></strong></span> <span class='ocrx_word' id='word_1_635' title='bbox 2895 5035 2930 5086; x_wconf 83' lang='grc' dir='ltr'>ι,</span> <span class='ocrx_word' id='word_1_636' title='bbox 2971 5022 3035 5074; x_wconf 87' lang='lat' dir='ltr'><strong><em>ad</em></strong></span> <span class='ocrx_word' id='word_1_637' title='bbox 3070 5036 3266 5075; x_wconf 86' lang='lat' dir='ltr'><strong><em>annum</em></strong></span> <span class='ocrx_word' id='word_1_638' title='bbox 3299 5017 3462 5082; x_wconf 87' lang='grc'>1156,</span> 
     </span>
    </p>
   </div>
   <div class='ocr_carea' id='block_1_57' title="bbox 222 5103 3468 5182">
    <p class='ocr_par' dir='ltr' id='par_1_57' title="bbox 222 5103 3468 5182">
     <span class='ocr_line' id='line_1_58' title="bbox 222 5103 3468 5182; baseline -0 -22"><span class='ocrx_word' id='word_1_639' title='bbox 222 5125 345 5182; x_wconf 64' lang='lat' dir='ltr'><strong><em>pag.</em></strong></span> <span class='ocrx_word' id='word_1_640' title='bbox 380 5107 527 5173; x_wconf 83' lang='lat'><strong>676;</strong></span> <span class='ocrx_word' id='word_1_641' title='bbox 561 5116 617 5161; x_wconf 88' lang='lat' dir='ltr'><strong><em>et</em></strong></span> <span class='ocrx_word' id='word_1_642' title='bbox 647 5116 798 5175; x_wconf 89' lang='lat' dir='ltr'><strong><em>parte</em></strong></span> <span class='ocrx_word' id='word_1_643' title='bbox 832 5121 870 5163; x_wconf 82' lang='lat' dir='ltr'><strong><em>ll</em></strong></span> <span class='ocrx_word' id='word_1_644' title='bbox 911 5105 1163 5161; x_wconf 80' lang='lat' dir='ltr'><strong><em>Historiae</em></strong></span> <span class='ocrx_word' id='word_1_645' title='bbox 1191 5106 1472 5160; x_wconf 77' lang='lat' dir='ltr'><strong><em>litterario:</em></strong></span> <span class='ocrx_word' id='word_1_646' title='bbox 1522 5103 1590 5159; x_wconf 92' lang='lat' dir='ltr'><strong><em>ad</em></strong></span> <span class='ocrx_word' id='word_1_647' title='bbox 1642 5120 1842 5158; x_wconf 86' lang='lat' dir='ltr'><strong><em>annum</em></strong></span> <span class='ocrx_word' id='word_1_648' title='bbox 1872 5107 2044 5174; x_wconf 84' lang='grc'>1185,</span> <span class='ocrx_word' id='word_1_649' title='bbox 2083 5121 2205 5176; x_wconf 76' lang='lat' dir='ltr'><strong><em>pag.</em></strong></span> <span class='ocrx_word' id='word_1_650' title='bbox 2241 5105 2372 5171; x_wconf 85' lang='grc'>597,</span> <span class='ocrx_word' id='word_1_651' title='bbox 2422 5105 2527 5161; x_wconf 88' lang='grc'>598</span> <span class='ocrx_word' id='word_1_652' title='bbox 2555 5147 2568 5173; x_wconf 86' lang='grc'><strong><em>,</em></strong></span> <span class='ocrx_word' id='word_1_653' title='bbox 2600 5120 2716 5176; x_wconf 74' lang='lat' dir='ltr'><strong><em>qua:</em></strong></span> <span class='ocrx_word' id='word_1_654' title='bbox 2748 5109 2833 5163; x_wconf 88' lang='lat' dir='ltr'><strong><em>vix</em></strong></span> <span class='ocrx_word' id='word_1_655' title='bbox 2886 5107 3163 5163; x_wconf 75' lang='lat' dir='ltr'><strong><em>conciliari</em></strong></span> <span class='ocrx_word' id='word_1_656' title='bbox 3241 5112 3468 5177; x_wconf 88' lang='lat' dir='ltr'><strong><em>possunt</em></strong></span> 
     </span>
    </p>
   </div>
   <div class='ocr_carea' id='block_1_58' title="bbox 221 5191 2473 5269">
    <p class='ocr_par' dir='ltr' id='par_1_58' title="bbox 221 5191 2473 5269">
     <span class='ocr_line' id='line_1_59' title="bbox 221 5191 2473 5269; baseline -0.003 -13"><span class='ocrx_word' id='word_1_657' title='bbox 221 5213 343 5256; x_wconf 83' lang='lat' dir='ltr'><strong><em>eum</em></strong></span> <span class='ocrx_word' id='word_1_658' title='bbox 380 5197 451 5255; x_wconf 83' lang='lat' dir='ltr'><strong><em>iis</em></strong></span> <span class='ocrx_word' id='word_1_659' title='bbox 481 5211 605 5269; x_wconf 73' lang='lat' dir='ltr'><strong><em>quae</em></strong></span> <span class='ocrx_word' id='word_1_660' title='bbox 634 5195 829 5254; x_wconf 85' lang='lat' dir='ltr'><strong><em>scribit</em></strong></span> <span class='ocrx_word' id='word_1_661' title='bbox 861 5197 979 5266; x_wconf 83' lang='lat' dir='ltr'><strong><em>ejus</em></strong></span> <span class='ocrx_word' id='word_1_662' title='bbox 1013 5197 1364 5254; x_wconf 86' lang='lat' dir='ltr'><strong><em>continuator</em></strong></span> <span class='ocrx_word' id='word_1_663' title='bbox 1391 5194 1660 5250; x_wconf 85' lang='lat' dir='ltr'><strong><em>Warthon</em></strong></span> <span class='ocrx_word' id='word_1_664' title='bbox 1691 5191 1758 5247; x_wconf 90' lang='lat' dir='ltr'><strong><em>ad</em></strong></span> <span class='ocrx_word' id='word_1_665' title='bbox 1786 5209 1986 5250; x_wconf 86' lang='lat' dir='ltr'><strong><em>annum</em></strong></span> <span class='ocrx_word' id='word_1_666' title='bbox 2021 5196 2182 5262; x_wconf 69' lang='lat'><strong>15°37,</strong></span> <span class='ocrx_word' id='word_1_667' title='bbox 2214 5209 2337 5266; x_wconf 73' lang='lat' dir='ltr'><strong><em>pag.</em></strong></span> <span class='ocrx_word' id='word_1_668' title='bbox 2377 5194 2473 5250; x_wconf 70' lang='lat' dir='ltr'><strong><em>2i.</em></strong></span> 
     </span>
    </p>
   </div>
  </div>
