4006 6284
637 281 746 346 799.

1848 293 2281 359 ANDRONICI
2322 295 2667 362 COMNENI
3751 309 3832 372 800

639 380 856 462 sionem
903 410 1330 472 prepugnarent,
1356 417 1468 459 non
1509 401 1583 459 illi
1625 404 1842 476 quidem
1882 422 2013 465 vera
2055 406 2222 463 divini
2251 411 2302 474 Α
2396 410 2521 470 Jun.
2551 411 2664 470 Hoc
2695 411 2793 468 tibi
2823 412 2984 469 etiam
3010 421 3176 485 atque
3197 414 3361 472 etiam
3390 414 3754 484 conﬁrmamus,
3779 421 3833 476 in

638 487 874 558 Spiritus
914 489 1032 546 luce
1072 499 1129 546 et
1172 491 1467 561 instinctu;
1507 497 1600 550 sed
1641 497 1735 567 qui
1776 497 2008 570 pingue,
2043 510 2102 556 ut
2142 499 2222 556 sic

635 579 968 648 dixerim,“
998 583 1376 641 obumbratnm
1416 602 1692 646 sacrarum
1734 586 2060 647 Litterarum
2103 602 2225 648 stuc

637 673 784 729 dium
835 675 1131 747 agitarent,
1163 693 1264 732 nec
1296 678 1597 749 suspicere.
1625 680 1785 751 proni
1821 680 1985 753 inque
2019 688 2218 737 terram

641 766 832 833 deﬁxi,
859 777 1101 837 possent.
1133 769 1266 834 Eos.
1297 771 1545 841 inquam,
1577 787 1699 829 eum
1734 772 2100 840 offendissem,
2125 775 2220 848 qui

636 858 885 914 audirent
925 861 1137 930 quidem
1202 878 1320 934 quae
1362 874 1594 937 oportet,
1660 866 1753 922 sed
1794 865 2070 924 en‘utirent
2098 884 2220 941 quin

636 965 744 1004 non
789 961 1032 1021 oportet,
1064 969 1170 1010 non
1206 955 1276 1009 ita
1311 956 1539 1013 docente
1571 970 1666 1012 eos
1698 956 1817 1026 lege
1852 958 2088 1030 (apage),
2125 960 2220 1017 sed

637 1042 731 1106 qui
780 1042 954 1112 legem
997 1058 1191 1116 capere
1234 1048 1551 1116 nequirent;
1593 1045 1822 1120 (scilicet
1863 1051 2014 1121 quasi
2060 1051 2223 1107 lumi-

639 1145 765 1184 num
811 1132 1065 1203 princeps
1109 1133 1248 1205 sol,)
1295 1151 1416 1190 cum
1463 1135 1554 1192 hic
1604 1140 1968 1210 progreditur,
1998 1151 2054 1197 et
2100 1141 2220 1198 aliis

639 1221 918 1292 praelucet,
949 1232 1059 1279 tum
1102 1227 1510 1285 raecntientibus
1555 1244 1707 1300 a-qne
1746 1231 1929 1287 radios
1968 1249 2076 1288 non
2119 1234 2220 1288 im-

639 1313 836 1378 mittit;
877 1314 1061 1370 itidem
1097 1332 1230 1372 sane
1260 1329 1313 1373 et
1346 1317 1476 1389 legis
1509 1319 1795 1377 diﬁicnltas
1830 1323 1916 1388 iis,
1946 1324 2034 1393 qui
2072 1325 2219 1394 lnge-

641 1414 735 1462 nlo
768 1420 894 1462 sunt
925 1421 1184 1479 purgato,
1215 1411 1437 1467 evidens
1471 1429 1535 1469 ac
1566 1417 1854 1485 perspicua
1889 1426 2007 1486 est;
2048 1419 2219 1489 torpi-

641 1499 723 1553 dis
754 1500 936 1556 nubila
974 1511 1134 1572 atque
1171 1505 1410 1558 turbida.
1436 1503 1572 1561 Nam
1609 1506 1768 1574 legis,
1795 1511 1871 1565 uti
1911 1509 2086 1567 Moses
2121 1527 2220 1581 ap-

641 1591 830 1660 pellat,
859 1593 1105 1648 velamen
1127 1594 1171 1661 ',
1201 1611 1310 1651 non
1355 1596 1408 1654 in
1451 1599 1772 1668 scriptione,
1803 1603 1896 1657 sed
1939 1604 2218 1659 hominum

643 1697 848 1748 mente,
886 1687 1155 1758 hodieque
1189 1700 1390 1746 manet.
1426 1691 1556 1747 Eam
1591 1709 1712 1749 cum
1749 1695 2076 1767 imperitiam
2118 1697 2218 1753 ad-

2327 520 2427 562 nos
2473 507 2614 562 Deus
2658 506 2826 564 lsrael
2871 507 3140 579 gloriosus
3182 516 3364 576 amet;
3408 522 3502 565 nos
3549 522 3833 580 nequaquam

2324 595 2458 653 rixa
2505 612 2569 654 ae
2615 599 2976 656 contendendi
3022 599 3200 656 studio
3243 599 3354 655 huc
3399 600 3621 666 venisse,
3651 601 3731 656 sed
3767 603 3836 672 qui

2324 688 2609 747 veritatem
2656 691 2947 756 illustrem,
2985 692 3214 764 ejusque
3253 690 3737 748 demonstrationem
3773 694 3837 748 in-

2323 790 2440 839 star
2469 784 2571 840 vite
2598 785 2759 855 regiae
2789 787 2973 842 tritam
3003 790 3347 855 caperemus,
3375 799 3468 857 per
3495 800 3646 857 quam
3670 786 3841 842 deducti

2321 875 2388 928 ad
2419 872 2589 930 lucem
2615 875 2851 932 cmiestis
2879 877 3004 933 vitae
3031 875 3275 933 hacredes
3301 876 3572 932 heremus.

2390 964 2614 1022 CBBIS'I'.
2642 966 2797 1027 Mens.
2825 983 2979 1025 amor
3003 967 3160 1025 Iesus
3185 970 3236 1023 in
3270 968 3557 1041 Evangelia
3580 969 3686 1024 ait:
3716 986 3734 1023 ι
3760 967 3844 1040 Ege

2320 1074 2442 1116 sum
2481 1058 2591 1124 ius,
2619 1069 2673 1116 et
2705 1063 2930 1128 veritas,
2958 1069 3013 1116 et
3046 1061 3163 1115 vita
3189 1061 3233 1119 ⁷.
3273 1079 3294 1114 ι
3342 1058 3469 1117 Haec
3499 1060 3541 1116 si
3574 1062 3760 1117 animus
3785 1073 3845 1117 est

2320 1167 2448 1206 vere
2470 1153 2605 1207 bona
2636 1154 2878 1222 adipisci,
2907 1155 3207 1210 accumbite
3229 1164 3285 1210 et
3311 1168 3492 1211 aurem
3526 1156 3757 1225 prabete.

2397 1245 2668 1312 Duorum,
2701 1245 2907 1314 Judaei,
2948 1263 2978 1301 a
3033 1247 3191 1304 nobis
3242 1248 3564 1303 Christianis
3609 1247 3845 1300 criminum

2330 1336 2613 1404 postulati,
2645 1347 2825 1392 utrum
2849 1337 3054 1410 jnhetis
3079 1339 3236 1395 vobis
3264 1341 3327 1394 ad
3351 1339 3612 1410 judicium
3638 1339 3849 1407 proponi?
3944 1357 3945 1410 ἦ

2325 1425 2553 1500 Legisne
2587 1427 2930 1486 violationem
2974 1445 3098 1487 cum
3141 1446 3274 1487 nece
3315 1431 3691 1502 prepbctarum
3726 1441 3849 1499 atque
3944 1425 3945 1452 ‘

2323 1521 2719 1577 insectatione?
2742 1537 2810 1576 an
2843 1522 2986 1579 lucis
3022 1522 3330 1593 repudium,
3358 1537 3422 1577 ac
3453 1536 3556 1576 non
3589 1520 3745 1576 solum
3770 1537 3846 1576 non

2328 1617 2606 1678 receptum
2631 1622 2754 1662 eum
2783 1606 2873 1676 qui
2904 1607 3324 1677 praedicabatur,
3349 1608 3444 1663 sed
3474 1607 3664 1673 injuste
3683 1622 3709 1660 a
3729 1609 3846 1662 vobis

2327 1691 2718 1762 interemptum
2739 1693 2994 1764 quoque?
3016 1694 3119 1748 etsi
3141 1693 3377 1763 majores
3394 1696 3559 1749 vestri
3577 1709 3638 1748 eo
3656 1702 3848 1748 mactau-

642 1776 957 1845 vertissem,
984 1789 1043 1833 ut
1068 1757 1322 1852 egregius
1354 1785 1575 1855 quidam
1610 1800 1797 1852 senex,
1827 1757 2032 1846 διηίιυε
2064 1805 2223 1847 sene,
2251 1757 2293 1814 Β
2330 1775 2401 1827 do
2426 1774 2698 1843 negabant
2718 1771 2822 1828 sibi
2854 1789 2874 1823 ι
2905 1771 3065 1829 licere
3094 1774 3400 1828 interﬁcere
3425 1788 3756 1844 Quemquam.
3782 1791 3797 1824 ι

642 1871 829 1938 ctutis,
863 1871 931 1927 ad
962 1871 1159 1929 lnctam
1190 1891 1311 1930 cum
1333 1876 1769 1936 adolescentibus
1794 1881 2082 1940 iucundam
2097 1899 2226 1958 pro-

642 1964 785 2033 silit;
833 1965 906 2021 ita
946 1967 1220 2038 equidem,
1248 1968 1552 2028 timiditatis
1584 1986 1799 2044 quoque
1832 1975 2089 2032 amolitus
2123 1993 2226 2034 no-

645 2065 777 2120 tam,
815 2057 936 2113 dedi
983 2072 1203 2131 Operam
1272 2069 1331 2116 ut
1376 2071 1729 2136 utrorumque
1776 2067 2226 2140 interrogationes

648 2163 713 2204 ac
764 2151 1144 2219 responsiones
1197 2157 1562 2211 monumentis
1615 2158 1927 2214 mandarem
1981 2177 1997 2216 :
2047 2171 2229 2234 potest

643 2245 786 2299 enim
820 2245 1032 2300 animus
1065 2261 1313 2318 magnus,
1349 2247 1438 2302 Dei
1478 2250 1715 2304 studium
1756 2252 2038 2322 proﬁtens,
2061 2255 2224 2311 etiam

646 2353 767 2405 quae
803 2353 963 2407 supra
1000 2339 1142 2396 vires
1175 2351 1304 2396 sunt
1339 2350 1569 2397 tentare.
1597 2342 1786 2414 itaque
1828 2346 1969 2401 nuda
2017 2347 2068 2402 in
2114 2348 2227 2419 pri-

645 2429 751 2482 mis
783 2427 1271 2502 interrogationum
1301 2447 1366 2489 ac
1395 2435 1810 2505 responsionum
1841 2438 2002 2494 verba
2033 2455 2228 2511 propo-

645 2530 868 2576 nantnr.

720 2610 1108 2670 Canis-mnus.
1144 2614 1282 2683 Quid
1329 2625 1446 2683 est,
1482 2620 1623 2688 quod
1674 2635 1800 2685 vos,
1833 2623 1924 2690 qui
1973 2623 2225 2681 Mosaicae

647 2703 784 2775 legis
825 2706 998 2761 zelum
1044 2707 1277 2775 habetis,
1311 2712 1405 2766 sed
1443 2727 1546 2767 non
1583 2715 1883 2769 secundum
1918 2718 2221 2788 scientiam,

647 2799 712 2852 ad
745 2813 830 2853 mu
860 2800 1021 2855 hodie
1051 2801 1417 2858 convenistis?
1809 2821 1818 2825 ·

715 2887 916 2949 Junci.
952 2891 1062 2949 Nos
1105 2895 1413 2961 enimvero,
1452 2897 1754 2964 intellecto,
1790 2899 2223 2958 Christianarum

648 2991 704 3035 te
744 2985 1000 3037 aemulum
1047 3000 1267 3050 rerum,
1303 2986 1538 3044 Mosaica
1589 2999 1967 3060 contemnere,
2004 3009 2219 3061 coram,

645 3091 766 3144 qua:
800 3077 1131 3144 dicerentur,
1162 3080 1402 3135 audituri
1434 3082 1696 3138 venimus.

719 3167 944 3224 Cnms'r.
981 3167 1072 3224 Dei
1108 3170 1326 3238 quidem
1363 3184 1649 3242 prmccpta,
1683 3175 1904 3245 ejusque
1941 3192 2038 3246 pro
2073 3178 2230 3234 nobis

648 3260 969 3317 mortalibus
1011 3264 1303 3318 salutarem
1349 3265 1780 3321 incarnationem
1830 3270 1968 3325 tueri
2008 3281 2061 3325 et
2101 3286 2230 3340 pro-

649 3352 824 3408 fessus
877 3369 1030 3419 sum,
1065 3365 1120 3410 et.
1166 3357 1454 3426 proﬁteor,
1489 3366 1544 3413 et
1592 3359 1657 3412 ad
1706 3370 2006 3415 extremum
2055 3377 2228 3433 usque

653 3447 900 3515 spiritum
935 3448 1249 3517 proﬁtebor.
1275 3450 1542 3505 Caeterum
1569 3451 1854 3507 Mosaicam
1892 3452 2082 3524 legem,
2110 3471 2230 3521 qua:

651 3548 734 3588 est
786 3537 935 3591 velut
991 3539 1180 3592 umbra
1243 3547 1297 3593 et
1351 3540 1522 3608 ﬁgura
1577 3551 1774 3597 nostrae
1829 3543 2016 3599 salutis
2070 3554 2230 3612 atque

653 3624 1081 3696 instaurationis,
1107 3630 1241 3685 adeo
1274 3645 1376 3685 non
1408 3643 1713 3700 contemno,
1744 3643 1798 3688 ut
1829 3636 1990 3690 etiam
2054 3637 2228 3693 colam

651 3727 701 3771 et
730 3717 1048 3787 amplectar.

721 3807 845 3867 luo.
875 3813 943 3865 At
968 3812 1013 3867 si
1045 3813 1336 3870 Mosaicam
1372 3817 1546 3887 legem
1583 3817 1943 3887 amplecteris,
1971 3837 2142 3892 neque
2167 3839 2229 3877 ea

655 3902 755 3956 tibi
789 3906 1056 3959 sententia
1088 3907 1244 3962 labiis
1279 3910 1438 3962 modo
1468 3924 1720 3977 expressa
1749 3926 1812 3965 ac
1839 3911 2069 3968 formata
2098 3915 2232 3971 falso

652 3992 887 4056 excidit,
924 3995 1275 4063 quamobrem
1324 4012 1455 4062 nos,
1493 3999 1583 4066 qui
1633 4013 1749 4052 eam
1800 4015 2229 4071 propugnamus,

649 4085 944 4142 violatores
981 4086 1114 4157 legis
1145 4088 1376 4144 ducitis?

721 4179 943 4234 Canter.
977 4179 1031 4235 Si
1065 4181 1278 4249 quidem
1314 4180 1482 4250 frugis
1519 4183 1693 4250 gratia
1729 4183 2059 4252 quaestiones
2098 4200 2219 4242 mo-

651 4271 808 4335 vetis,
841 4286 906 4326 ac
937 4272 1206 4339 satagitis,
1235 4272 1325 4342 qui
1361 4273 1658 4342 iniquiores
1691 4286 1872 4342 partes
1900 4274 2231 4344 aequioribus

652 4363 1001 4428 submittatis,
1033 4366 1304 4433 expediet,
1335 4366 1550 4434 opinor,
1584 4367 1841 4434 principis
1893 4382 2077 4422 rerum
2135 4383 2228 4423 sa-

655 4455 871 4523 pientiae
906 4455 958 4510 in
995 4472 1283 4511 commune
1322 4458 1558 4512 rationes
1592 4457 1886 4527 inquirere,
1914 4476 2062 4530 spem
2106 4476 2228 4516 cer-
2257 4447 2302 4503 Ῑ)

655 4546 915 4599 tissimam
964 4548 1016 4600 in
1062 4547 1286 4615 )usﬁtiae
1335 4557 1494 4618 atque
1543 4551 1712 4617 ipsius
1758 4551 2000 4606 veritatis
2045 4553 2226 4608 stabili

654 4638 850 4690 trutina
889 4639 1237 4695 collocantes.
1275 4641 1371 4696 Sin
1411 4640 1772 4695 contendendi
1815 4657 1979 4697 causa
2033 4644 2223 4699 dicen-

658 4731 822 4799 dique
859 4734 1222 4788 ostentatione
1259 4733 1589 4802 colloquium
1637 4735 1856 4805 urgetis,
1888 4734 1967 4789 sic
2011 4735 2225 4803 habete,

656 4817 891 4876 Ecclesia
933 4829 1178 4878 nostrate
1220 4823 1399 4888 censi,
1437 4824 1576 4878 haud
1622 4840 1680 4877 se
1728 4826 2117 4882 consuetudine
2158 4843 2220 4882 ea

653 4911 935 4965 venditant
955 4913 997 4965 ⁸.
1033 4913 1309 4982 Siquidem
1346 4923 1546 4970 nostrae
1581 4915 1936 4984 professionis
1970 4918 2045 4972 ait
2072 4920 2226 4987 quis-

653 5004 794 5070 piam
832 5003 910 5075 (5)
950 5021 968 5061 :
1003 5006 1094 5074 qui
1130 5008 1184 5060 in
1218 5006 1582 5076 disputatione
1622 5009 1863 5063 stabilire
1898 5013 2222 5067 sententiam

653 5111 807 5150 suam
840 5107 1073 5170 pugnat,
1107 5099 1404 5171 quamlibet
1431 5116 1559 5157 vera
1593 5100 1758 5167 dicat,
1810 5102 2007 5159 diaboli
2043 5106 2230 5164 morbo

654 5185 884 5246 laborat.

2397 1855 2519 1911 Jun.
2551 1856 2816 1923 Quoniam
2847 1856 3075 1912 alterum
3103 1869 3188 1913 est
3212 1869 3374 1928 caput
3399 1857 3562 1928 Legis
3581 1867 3630 1912 et
3653 1855 3848 1926 Prophe-

2331 1944 2510 1991 tarum
2522 1951 2777 2006 ,propera
2797 1939 3077 1994 veritatem
3099 1942 3238 1994 hanc
3254 1942 3326 1994 ob
3341 1935 3536 1992 oculos
3552 1936 3848 1991 constituere.

2326 2015 2464 2072 Nam
2495 2017 2540 2071 si
2567 2017 2673 2073 hoc
2694 2020 3123 2085 demonstrabis,
3145 2020 3200 2074 in
3220 2028 3454 2090 utroque
3479 2031 3600 2072 reos
3622 2030 3714 2071 nos
3730 2015 3852 2070 dedc-

2329 2111 2486 2163 mns;
2529 2109 2741 2154 tantum
2771 2100 2885 2155 haec
2912 2099 3164 2171 probatio
3194 2116 3303 2157 non
3337 2108 3556 2172 petatur
3587 2113 3653 2154 ex
3679 2097 3852 2160 vestris,

2334 2178 2428 2233 sed
2461 2193 2528 2232 ex
2556 2181 2763 2237 nostris
2795 2182 3098 2252 prophetis.

2402 2264 2627 2320 Cuntsr.
2653 2264 2810 2333 Quod
2838 2266 2884 2321 si
2914 2281 2979 2320 ex
3012 2265 3343 2337 propheticis
3370 2265 3789 2337 praedictionibus
3813 2263 3854 2316 ﬁ-

2330 2346 2451 2401 dem
2486 2346 2708 2415 iaciam,
2733 2348 2926 2416 ecquid
2953 2361 3047 2402 vos
3070 2361 3287 2403 errasse
3315 2346 3659 2402 fatebimini?

2379 2425 2523 2481 'Jun.
2548 2428 2804 2481 Maxime.
2821 2427 2979 2483 Prius
2997 2441 3175 2482 tamen
3197 2433 3516 2495 scrupulum
3537 2444 3692 2482 unum
3711 2441 3764 2480 ex
3777 2426 3853 2480 aui.
3944 2465 3945 2498 1

2332 2508 2436 2562 mis
2460 2509 2657 2563 nostris
2677 2508 2974 2581 (rogamus)
2993 2510 3172 2564 exime
3196 2529 3208 2562 :
3235 2508 3336 2574 Qui
3363 2525 3392 2562 a
3416 2509 3570 2564 vobis
3589 2506 3851 2562 Christianis
3944 2525 3945 2554 ξ

2337 2598 2446 2643 tres
2471 2589 2541 2642 dii
2568 2589 2902 2642 honorentnr
2923 2599 2976 2643 et
2999 2589 3333 2643 noscantur?
3351 2604 3474 2642 cum
3503 2589 3553 2642 id
3577 2587 3659 2641 lex
3677 2586 3849 2641 Mosaica

2336 2683 2439 2722 non
2467 2668 2761 2736 permittat;
2789 2668 2914 2736 quin
2941 2679 2990 2722 et
3023 2669 3224 2736 liquido
3247 2669 3448 2726 ciainet
3473 2686 3488 2723 :
3516 2685 3533 2718 ι
3552 2666 3657 2734 Ego
3675 2681 3773 2719 sum
3789 2669 3848 2734 qui

2333 2762 2456 2802 sum
2479 2747 2521 2801 ³.
2554 2765 2572 2798 ›
2603 2748 2682 2801 Ac
2705 2763 2918 2801 rursum
2944 2762 2958 2801 :
2991 2766 3008 2799 ‹
3038 2746 3154 2801 Non
3179 2749 3430 2803 adorabis
3455 2748 3621 2801 Deum
3646 2745 3846 2810 alienum;

2339 2843 2438 2900 ego
2467 2830 2611 2883 enim
2644 2843 2761 2882 sum
2794 2828 3054 2882 Dominus
3085 2830 3225 2881 Deus
3259 2838 3407 2892 tuus,
3445 2831 3649 2885 zelotes
3674 2830 3729 2884 ’ἲ
3756 2847 3770 2880 ι

2972 2910 3200 2966 CAPUT
3239 2912 3277 2965 Ι.

2823 2982 2898 3038 De
2929 2983 3037 3037 Deo
3067 2999 3171 3035 uno
3197 2995 3242 3035 et
3277 2984 3439 3040 trino.

2257 3098 2298 3155 c
2407 3085 2634 3141 Cuntsr.
2670 3082 2782 3137 Hac
2808 3081 3079 3146 doctrina,
3109 3095 3141 3134 ο
3166 3077 3331 3134 Judaei
3365 3078 3465 3150 (6),
3502 3086 3669 3132 totum
3701 3072 3845 3130 theolu

2332 3179 2431 3250 giae
2486 3192 2742 3232 arcanum
2797 3173 3118 3229 absolvitur.
3170 3170 3275 3226 Sed
3328 3170 3613 3226 enimvero
3659 3165 3850 3222 Ecclesia

2331 3280 2530 3326 nostrae
2582 3271 2855 3331 doctores,
2893 3278 3006 3321 tum
3057 3265 3256 3333 lingua,
3296 3274 3404 3316 tum
3455 3275 3639 3317 mente
3686 3263 3852 3315 horrere

2333 3371 2430 3413 nos
2462 3357 2677 3422 docent,
2712 3356 2755 3410 si
2793 3354 3008 3426 quando
3039 3354 3106 3408 de
3141 3351 3249 3407 Deo
3281 3351 3489 3422 aliquid
3522 3350 3670 3405 eil'ari
3700 3349 3851 3402 audea-
3944 3351 3945 3426 γ

2333 3465 2476 3505 mus.
2513 3449 2646 3504 Nam
2690 3448 2792 3503 etsi
2837 3456 3180 3514 cunctorum,
3217 3461 3336 3515 quae
3381 3445 3483 3500 sub
3528 3447 3662 3500 ccelo
3697 3452 3851 3499 creata.

2333 3542 2776 3614 angustissimum
2812 3541 2976 3597 homo
3009 3548 3124 3606 est;
3168 3549 3222 3593 at
3258 3541 3490 3594 nimium
3532 3554 3689 3610 quam
3727 3538 3854 3602 impar

2331 3644 2414 3691 est
2441 3635 2634 3690 divinae
2661 3634 2766 3689 luci
2793 3632 3242 3703 contemplandm.
3273 3631 3493 3686 Scilicet
3519 3642 3723 3684 terrena
3746 3639 3853 3684 rare.

2333 3730 2383 3784 in
2436 3730 2762 3798 humumque
2808 3727 3050 3792 devexa,
3083 3739 3204 3795 qua:
3258 3738 3356 3793 pro
3405 3723 3653 3777 materiae
3697 3717 3855 3775 studio.

2334 3822 2518 3876 mundi
2555 3835 2614 3875 se
2646 3819 2881 3889 negotiis
2916 3819 3135 3882 miscet,
3165 3827 3219 3871 et
3251 3817 3470 3870 assidue
3510 3816 3578 3869 iis
3607 3827 3720 3883 quae
3744 3812 3861 3864 deor-

2332 3930 2452 3969 sum
2490 3922 2639 3977 sunt,
2668 3915 2972 3967 consuescit
3007 3924 3072 3964 ac
3110 3908 3432 3971 delectatur,
3463 3921 3606 3977 aegre
3649 3906 3698 3958 in
3733 3899 3859 3957 subli-

2334 4009 2502 4061 mium
2535 4021 2721 4060 curam
2757 4003 3020 4059 incumbit
3054 4021 3067 4056 :
3104 4010 3265 4070 atque
3299 4010 3356 4054 nt
3393 4001 3535 4054 inter
3571 4000 3798 4054 Hebraeos
3822 4001 3859 4045 et
3944 3995 3945 4022 ῖ

2331 4099 2619 4170 ,λΕεγριὶοε
2661 4098 2830 4153 nubes
2872 4106 3131 4167 tanquam
3175 4110 3361 4150 murus
3407 4092 3786 4152 intercedebat,
3809 4086 3858 4139 ita

2332 4192 2589 4246 nimirum
2635 4204 2897 4258 corporea
2940 4189 3056 4243 haec
3099 4186 3273 4258 caligo
3318 4186 3461 4241 inter
3499 4185 3665 4239 Deum
3703 4196 3759 4234 ac
3789 4189 3858 4232 nos

2334 4284 2507 4338 nvedia
2538 4283 2814 4336 interstat.
2844 4279 2974 4334 Eam
3005 4279 3074 4335 ob
3107 4293 3241 4342 rem,
3273 4278 3488 4348 opinor,
3520 4277 3679 4331 etiam
3712 4267 3856 4331 David.

2333 4390 2473 4431 unus
2502 4389 2532 4428 e
2563 4373 2857 4442 majoribus
2886 4371 3110 4437 Christi,
3143 4368 3350 4424 homini
3387 4368 3708 4438 prmcinuit:
3740 4382 3756 4415 ι
3787 4362 3860 4417 Ρο·

2333 4466 2440 4519 suit
2485 4463 2738 4517 tenebras
2781 4460 3058 4515 latibulum
3104 4474 3260 4514 suum
3281 4458 3348 4512 ¹⁰.
3384 4476 3403 4511 ι
3458 4459 3734 4526 Stuporem
3769 4451 3858 4504 hinc

2335 4568 2576 4611 nostrum
2613 4553 2918 4622 declarans,
2951 4553 3019 4608 ob
3053 4567 3211 4622 quem
3255 4550 3411 4620 pauci
3447 4549 3560 4613 vix,
3593 4547 3671 4600 vel
3713 4555 3854 4613 parum

2333 4649 2613 4720 superiora
2658 4647 2983 4715 suspiciunt.
3020 4645 3088 4700 Et
3123 4645 3344 4716 quinam
3394 4643 3507 4697 illi?
3551 4641 3747 4708 Quibus
3782 4647 3855 4686 non

2332 4754 2561 4808 corpora
2584 4739 2948 4794 maceratione
2973 4747 3178 4793 tantum
3209 4736 3522 4808 jejunioqne
3547 4738 3773 4803 purgata,
3791 4720 3856 4779 scd

2334 4833 2464 4903 ipsa:
2489 4833 2624 4886 adeo
2650 4840 2857 4888 mentes
2880 4831 2959 4886 sic
2984 4839 3306 4899 comparatae
3329 4836 3474 4892 sunt,
3495 4837 3556 4881 ut
3576 4839 3692 4880 cum
3720 4819 3855 4916 divina

2336 4941 2547 4995 semper
2565 4925 2841 4980 voluntate
2859 4925 3160 4992 conjunctae
3178 4922 3302 4978 sint.
3324 4922 3398 4976 ita
3421 4921 3566 4976 enim
3590 4929 3784 4976 censeo.

2335 5021 2459 5073 vina
2481 5033 2570 5074 eos
2589 5018 2706 5074 luce
2725 5018 2860 5072 allici
2882 5018 3147 5082 vicissim,
3162 5017 3250 5086 qui
3270 5016 3324 5070 id
3342 5015 3488 5085 quod
3509 5016 3562 5067 in
3582 5011 3706 5082 ipsis
3720 5014 3787 5059 est
3801 5002 3856 5054 dl-

2337 5112 2520 5164 vinnm
2549 5111 2834 5181 (rationem
2853 5109 2975 5163 dico
2999 5121 3162 5180 atque
3185 5109 3444 5177 mentem)
3465 5106 3557 5161 Dei
3583 5101 3746 5160 studio
3765 5108 3854 5165 pcr-

2338 5203 2590 5269 miscent,
2607 5202 2780 5274 eiligic
2800 5205 2866 5257 ad
2893 5203 3266 5272 primigeniutn
3293 5200 3567 5270 exemplar
3590 5212 3644 5254 se
3666 5195 3850 5249 levante-

721 5328 812 5412 'hll
837 5332 957 5412 _Cor.
986 5333 1192 5412 mnia;
1224 5332 1391 5389 Exod.
1419 5336 1712 5397 xxxiv,55.
1789 5335 1809 5368 ‘
1834 5335 1853 5391 Ι
1882 5335 2007 5391 Cor.
2033 5341 2220 5405 xi,16.
2296 5343 2490 5399 'Joan.
2517 5361 2624 5410 xiv,
2651 5344 2704 5399 6.
2780 5345 2801 5376 '
2849 5345 3016 5399 Exod.
3090 5359 3170 5412 nt,
3225 5344 3312 5398 id.
3385 5344 3406 5376 ’
3443 5339 3610 5396 Exod.
3693 5348 3770 5394 ιι.
3813 5325 3849 5379 5-

656 5397 698 5432 ⁸⁸
733 5397 871 5460 Psal.
897 5419 1024 5471 xvu,
1049 5404 1134 5458 12.

726 5561 802 5631 (Si)
831 5561 1086 5616 Nazianz.
1116 5574 1260 5616 orat.
1284 5562 1322 5616 ‘2
1356 5561 1431 5615 De
1459 5563 1690 5630 thcoiog.

726 5633 800 5700 (6)
838 5633 1080 5689 Pessima
1113 5641 1290 5687 tamen
1329 5635 1442 5687 haec
1480 5634 1792 5692 methodus.
1826 5649 1944 5700 qum
1980 5650 2005 5686 a
2040 5635 2222 5690 Trini-

656 5710 764 5756 Iale
788 5705 1023 5776 incipit;
1056 5705 1251 5776 quippe
1286 5720 1405 5755 cum
1435 5702 1672 5757 Trinitas
1703 5704 1971 5758 diilicilins
2006 5707 2224 5773 probari

657 5775 825 5844 possit
856 5815 870 5839 ,
904 5773 957 5830 et
984 5776 1036 5829 in
1072 5773 1263 5829 Messia
1293 5782 1537 5829 versatur
1563 5782 1704 5829 totus
1735 5777 2225 5832 controversiarum

2325 5567 2512 5632 cardo,
2563 5569 2704 5622 hunc
2749 5569 2977 5632 venisse,
3014 5567 3213 5621 ludatis
3253 5578 3378 5622 ante
3423 5563 3599 5618 omnia
3644 5558 3839 5632 probam

2329 5640 2478 5694 dum.
2499 5629 2636 5692 inde
2666 5640 2729 5691 ad
2765 5629 3308 5693 caeteravilhristiantc
3344 5635 3612 5707 religionis
3638 5629 3844 5699 domum

2331 5707 2540 5766 facilius
2577 5712 2970 5781 progredimur.
3001 5710 3158 5763 Bssn.
