4006 6284
177 366 293 428 801

1320 366 1708 432 DiALOGUS
1744 371 2036 436 CONTRA
2079 374 2406 439 JUlMiOS.

3371 372 3477 436 802

181 476 337 533 Nam
381 479 520 550 quod
567 479 735 535 Deum
779 480 992 537 noverit
1030 481 1345 554 quisquam,
1381 491 1476 539 aut
1517 497 1712 559 nosse,
1751 496 1782 535 a
1809 477 1862 541 Δ
1887 482 2053 538 maris
2084 500 2100 540 :
2135 483 2202 540 Et
2233 483 2577 556 praecedebat
2607 483 2872 556 sapientia
2911 481 3217 542 Salomonis
3251 486 3475 558 sapien-

179 586 477 643 quoquam
520 574 889 629 testimonium
941 574 1158 652 tulerit,
1200 575 1462 630 hactenus
1511 576 1689 641 novit,
1729 583 1791 631 ut

177 665 305 719 alio
341 681 450 720 non
493 680 648 736 aque
684 667 954 722 illustrato
992 667 1224 723 lucidior
1253 678 1562 738 appareret,
1590 669 1789 738 quippe

178 756 361 813 alteri
414 769 671 828 praestare
722 759 1019 829 perfectum
1062 758 1317 830 quiddam
1367 760 1631 815 creditum
1680 768 1786 824 est,

183 862 334 909 non.
369 850 580 920 reipsa,
611 852 706 907 sed
751 853 1054 907 alienarum
1107 853 1517 924 comparatione
1564 853 1786 910 virium.

185 938 500 998 Enimvero
525 940 673 1000 Enos
705 963 725 996 ι
757 943 973 1000 Primus
1005 945 1083 1016 (7)
1115 946 1282 1015 cmpit
1308 946 1561 1000 invocare
1590 961 1786 1002 nomen

186 1034 418 1090 Domini
439 1034 521 1102 “;
557 1053 578 1087 ι
608 1037 750 1105 quod
781 1036 899 1106 ejus
929 1036 1166 1092 studium
1191 1037 1433 1107 aequales
1466 1055 1489 1088 ‹
1525 1037 1613 1092 Dei
1647 1038 1789 1092 noti-

185 1125 330 1181 tiam
387 1145 407 1179 ι
458 1127 666 1182 dixere.
699 1127 764 1182 Et
809 1127 1026 1184 merito.
1061 1129 1165 1195 Qui
1207 1130 1350 1184 enim
1396 1129 1588 1200 possis,
1620 1144 1782 1200 quem

179 1221 420 1290 ignoras
459 1223 512 1274 in
556 1231 678 1276 vota
721 1231 808 1274 tua
852 1222 1326 1286 t'ocare?.Enucb,
1357 1223 1445 1293 qui
1489 1222 1785 1280 translatus

179 1310 398 1374 fuerat.
431 1314 698 1367 incertum
727 1330 794 1368 an
826 1313 991 1369 Deum
1009 1315 1326 1385 praescierit.
1352 1313 1487 1382 Noe,
1520 1315 1784 1386 acceptis-

177 1408 365 1460 simus
389 1403 522 1473 Deo,
547 1407 767 1476 sospitas
792 1408 980 1477 peritia
1009 1425 1151 1463 arcae
1173 1410 1487 1465 donatur".
1505 1408 1779 1464 Abraham

181 1496 281 1550 ille
319 1513 548 1570 magnus
579 1515 647 1553 ex
681 1500 785 1555 (ide
813 1499 1167 1568 justiﬁcatus,
1199 1505 1537 1574 peregrinam
1569 1502 1783 1574 jugulat

188 1589 459 1658 hostiam,
492 1591 546 1646 in
588 1601 771 1665 typum
808 1594 900 1648 Dei
939 1605 1160 1666 prepter
1197 1609 1295 1650 nos
1334 1596 1688 1652 interﬁciendi
1712 1597 1775 1650 “.

182 1683 260 1736 At
306 1698 416 1739 non
472 1684 641 1740 Deum
696 1696 752 1740 ut
804 1684 972 1741 Deum
1019 1689 1333 1758 conspexit,
1374 1690 1469 1744 sed
1521 1700 1776 1760 tanquam

181 1774 470 1832 hominem
522 1780 698 1850 epulis
741 1781 984 1851 accepit,
1036 1781 1399 1852 laudatusque
1447 1783 1549 1836 fuit
1632 1786 1776 1854 quod

1895 577 2026 630 tiam
2065 579 2305 632 omnium
2346 576 2702 634 Orientalium
2740 586 2795 634 et
2829 577 3231 650 Egyptiorum,
3256 588 3313 634 et
3348 587 3470 634 erat

1891 669 2192 737 sapientior
2224 670 2437 726 cunctis
2480 669 2797 726 hominibus
2815 672 2896 738 ὀς
2941 689 2958 722 ι
3000 686 3108 741 quo
3141 671 3304 728 altius
3339 686 3472 744 pro-

1890 759 2058 816 funda
2090 771 2356 832 penetrat,
2389 776 2454 818 eo
2486 762 2702 818 hmsitat
2730 763 2926 834 magis,
2960 763 3232 834 ﬁnemque
3259 766 3473 833 sapien-

1891 853 1980 908 tiae
2013 854 2222 918 statuit,
2252 855 2440 908 conari
2472 853 2740 916 invenire,
2770 864 3030 922 quantum
3057 854 3328 924 eﬂugerit.

1961 944 2149 1009 David,
2188 964 2208 998 ‹
2244 947 2325 1001 vir
2350 947 2647 1002 secundum
2680 961 2774 1000 cor
2810 944 2905 999 Dei
2929 947 2996 1012 ",
3028 963 3046 996 ›
3083 946 3351 1000 interdum
3377 947 3471 1017 jn-

1886 1037 2030 1093 dicia
2067 1040 2158 1094 Dei
2191 1057 2210 1090 r
2242 1041 2495 1110 abyssum
2525 1038 2744 1093 multam
2771 1040 2847 1091 ¹¹›
2883 1039 3144 1094 nominat.
3179 1038 3319 1095 Alibi
3372 1041 3468 1106 ait,

1888 1130 2180 1186 «Mirabilis
2204 1130 2343 1184 facta
2372 1139 2458 1186 est
2479 1129 2708 1186 scientia
2741 1139 2830 1184 tua
2859 1145 2924 1185 ex
2951 1130 3126 1198 seipsa
3145 1129 3329 1200 "(8)..
3356 1128 3470 1184 llo-

1886 1238 1996 1289 ses,
2019 1233 2198 1277 vatum
2221 1223 2309 1277 ille
2331 1231 2535 1287 vertex,
2553 1221 2832 1292 quietDeo
2859 1222 3081 1285 charus,
3109 1238 3321 1293 praeque
3347 1239 3469 1278 om-

1885 1316 2044 1369 nibus
2104 1328 2202 1370 sua
2258 1321 2580 1384 tempestate
2628 1311 2885 1380 celebris,
2934 1321 3057 1383 post
3104 1310 3465 1380 quadraginta

1883 1407 2092 1461 dierum
2142 1405 2349 1475 piacula
2398 1420 2464 1461 ac
2513 1403 2911 1470 lustrationem,
2960 1404 3277 1473 caliginem,
3316 1404 3461 1458 toni-

1885 1508 2026 1562 trua,
2052 1506 2216 1566 atque
2238 1497 2417 1564 tubas,
2452 1497 2540 1551 vix
2579 1497 2874 1568 posteriora
2906 1497 3105 1551 intueri
3131 1495 3224 1552 Dei
3253 1496 3465 1566 potuit:

1881 1592 1995 1645 sive
2026 1605 2086 1645 ea
2121 1589 2430 1646 moiitiones
2462 1599 2516 1644 et
2561 1589 2776 1660 opificis
2824 1591 2915 1644 Dei
2946 1604 3200 1654 censeas,
3245 1605 3339 1646 seu
3381 1591 3468 1645 in-

1881 1684 2252 1749 carnatipnem
2289 1681 2449 1739 Verbi
2476 1692 2641 1753 atque
2678 1681 2798 1737 Filii
2841 1682 2961 1752 ejus
2995 1685 3144 1738 dicas
3177 1723 3192 1749 ,
3223 1683 3293 1738 ob
3321 1699 3470 1736 mor-

1882 1777 2067 1829 talium
2100 1775 2330 1831 salutem
2354 1777 2645 1846 postremis
2668 1774 2998 1844 temporibus
3023 1775 3279 1832 iueﬂ'abili
3309 1775 3468 1830 modo

179 1885 314 1925 eum
347 1883 612 1941 quantum
651 1882 972 1944 perceperat
1023 1875 1304 1932 coluisset.
1332 1875 1506 1931 Jacob
1573 1878 1772 1932 scalam

1882 1871 2306 1938 procurandum.
2361 1867 2626 1924 Caeterum
2679 1883 2856 1938 neque
2895 1868 2970 1935 bi,
3013 1883 3189 1940 neque
3240 1868 3325 1924 his
3372 1882 3472 1938 par

179 1969 240 2015 et
285 1962 650 2018 ascendentes
697 1979 796 2036 per
840 1980 960 2020 eam
1011 1975 1065 2019 et
1109 1967 1505 2023 descendentes
1554 1966 1777 2038 angelos

180 2062 394 2122 tuetur,
433 2056 667 2127 lapidem
715 2067 960 2114 erectum
1005 2059 1060 2114 in
1115 2060 1330 2115 titulum
1377 2061 1498 2117 oleo
1541 2062 1776 2132 perfudit

180 2152 459 2221 mystice,
490 2150 724 2206 fortasse
749 2151 841 2220 qui
876 2161 1060 2207 nostra
1088 2167 1252 2208 causa
1285 2162 1506 2209 unctum
1538 2153 1772 2223 lapidem

177 2253 436 2310 notaret;
469 2252 524 2299 et
547 2242 666 2298 loco
692 2243 924 2313 cuipiam
956 2259 986 2298 a
1020 2240 1232 2301 Visione
1265 2245 1361 2300 Dei
1388 2261 1586 2302 nomen
1615 2247 1775 2315 indit,

179 2339 249 2391 ad
277 2337 542 2392 honorem
577 2335 750 2406 ipsius
775 2335 912 2403 Visi,
939 2353 1060 2392 cum
1090 2339 1201 2394 Deo
1229 2341 1377 2396 velut
1400 2357 1524 2397 cum
1554 2341 1774 2398 homine

184 2426 580 2482 colluctatnr“
610 2428 971 2499 (quaecunque
1018 2429 1237 2484 tandem
1284 2431 1379 2485 Dei
1423 2445 1547 2487 eum
1595 2431 1772 2487 homi-

183 2522 344 2576 nibus
381 2520 522 2576 iucta
565 2534 671 2576 est.
707 2525 785 2576 An
835 2523 1081 2578 humana:
1120 2521 1348 2580 forsitan
1390 2525 1607 2582 virtutis
1646 2543 1769 2581 cum

185 2613 375 2668 divina
431 2614 778 2684 coiitentio?)
838 2613 992 2670 lnctze
1043 2616 1096 2670 in
1145 2631 1375 2686 corpore
1424 2629 1772 2675 monumenta

184 2705 316 2770 (ert,
352 2721 474 2774 qua:
522 2705 811 2773 genitalem
856 2707 1050 2762 victam
1104 2717 1353 2764 naturam
1406 2710 1770 2780 designarent,

183 2797 430 2853 nominis
469 2800 956 2854 commutationem
1007 2799 1224 2868 pietatis
1263 2801 1545 2871 praemium
1588 2803 1769 2874 capit,

184 2906 287 2962 pro
330 2889 534 2947 Jacobo
581 2890 748 2946 lsrael
793 2892 1224 2958 nuncupatus“,
1257 2901 1484 2962 augusta
1535 2909 1670 2950 sane
1715 2905 1771 2950 et

185 2981 387 3042 illustri
432 2985 872 3041 nomenclatura.
903 2983 1174 3041 Caeterum
1220 2985 1315 3042 Dei
1367 2995 1646 3053 naturam,
1674 2999 1773 3045 aut

192 3089 536 3147 conspectum
586 3077 815 3147 cepisse,
849 3091 950 3132 nec
993 3078 1108 3146 ipse
1146 3078 1260 3142 ille.
1296 3093 1397 3135 nec
1437 3095 1600 3151 supra
1642 3095 1768 3137 eum

193 3168 472 3239 quisquam
503 3167 772 3238 hodieque
803 3182 971 3222 ausus
1003 3177 1082 3223 est
1104 3166 1338 3236 jactare.

262 3261 429 3316 Eiiam
467 3268 598 3313 aura
640 3261 887 3330 quaedam
928 3260 1088 3327 lenis,
1124 3272 1179 3316 et
1221 3261 1376 3335 ignea
1416 3265 1676 3336 quadriga
1714 3264 1768 3321 in

184 3351 381 3408 cmlum
429 3351 709 3417 subducit,
745 3351 1008 3422 majorem
1057 3353 1279 3409 homine
1312 3355 1518 3423 justum
1560 3356 1768 3427 signiﬁ-

183 3442 406 3497 cans“.
452 3443 688 3505 Manne,
735 3443 828 3512 qui
878 3444 1187 3513 apparentia
1233 3447 1478 3500 obtutum
1526 3448 1615 3503 Dei
1664 3464 1769 3503 non

183 3534 396 3590 ferret:
431 3554 449 3587 σ
483 3533 629 3589 Dixit
658 3536 720 3589 ad
753 3550 978 3590 uxorem
1010 3551 1170 3591 suam
1204 3555 1220 3592 :
1252 3536 1423 3593 Morte
1454 3541 1768 3608 moriemur,

182 3627 312 3696 quia
353 3626 584 3682 vidimus
631 3625 917 3681 Dominum
941 3627 1006 3683 ".
1050 3645 1073 3679 ι
1121 3627 1307 3699 Neque
1345 3633 1489 3686 enim
1533 3633 1768 3689 divinam

183 3720 363 3776 solum
410 3729 656 3774 naturam
700 3734 892 3792 capere
941 3721 1248 3778 humanitas
1294 3739 1398 3778 non
1446 3734 1642 3793 potest,
1675 3727 1770 3782 sed

185 3827 286 3868 nec
323 3813 669 3884 splendorem
718 3814 916 3883 ipsum.
952 3811 1178 3869 lsaias“
1207 3825 1262 3870 et
1304 3815 1617 3872 Ezechiel"
1647 3834 1767 3874 ma-

187 3921 411 3977 gnarum
449 3922 628 3962 rerum
665 3917 998 3975 spectatores
1034 3922 1055 3962 :
1101 3906 1194 3964 ille
1235 3909 1378 3964 enim
1426 3912 1664 3966 Sabaoth
1713 3915 1768 3968 in

189 3997 492 4070 majestatis
539 4000 734 4054 divinae
779 3999 916 4054 solio
965 3999 1126 4066 videt,
1164 4001 1491 4071 stipantibus
1535 4019 1682 4071 eum,
1714 4016 1770 4062 et

184 4093 618 4149 collaudantibus
651 4107 714 4148 ac
748 4094 1058 4164 tegentibus
1098 4092 1439 4165 Seraphinis,
1473 4099 1563 4168 qui
1603 4114 1766 4156 senas

184 4187 298 4242 alas
351 4186 647 4254 baberent;
706 4187 796 4242 ubi
847 4196 904 4242 et
961 4189 1078 4257 ipse
1132 4203 1304 4258 pruna
1365 4190 1652 4260 lustratus,
1699 4193 1769 4250 ad

188 4278 620 4347 prophetandum
663 4280 920 4335 mittitur.
951 4281 1048 4336 ilic
1082 4296 1210 4337 vero
1243 4293 1299 4339 et
1332 4283 1427 4339 Dei
1465 4287 1766 4342 vehiculum

190 4370 528 4427 Cberubinos
559 4370 842 4440 describit,
868 4381 923 4428 et
951 4383 1267 4443 superstans
1303 4376 1352 4431 ei
1391 4378 1610 4446 solium,
1642 4381 1768 4436 hoc-

186 4480 289 4536 que
318 4465 654 4534 superiorem
688 4466 938 4531 aethram,
964 4474 1016 4521 et
1044 4467 1137 4537 qui
1172 4469 1224 4523 iu
1257 4468 1372 4540 ipsa
1409 4481 1768 4542 repratsenta-

190 4567 355 4624 retur,
389 4566 500 4610 tum
542 4568 596 4611 et
633 4547 792 4611 voces
827 4558 1113 4626 quasdam,
1148 4568 1204 4614 et
1239 4560 1498 4628 impetus,
1529 4578 1594 4618 ac
1639 4563 1762 4619 l‘un-

188 4648 412 4703 ctiones.
458 4648 636 4716 Atque
689 4648 794 4702 ista
846 4648 1063 4714 omnia,
1100 4663 1194 4704 seu
1246 4651 1446 4706 fuerint
1497 4657 1764 4725 apparitio

186 4745 433 4812 quaedam
484 4743 710 4810 diurna,
756 4743 1106 4812 aspectabiiis
1153 4749 1392 4810 sanctis,
1443 4762 1536 4802 seu
1585 4750 1761 4806 visum

192 4846 513 4890 nocturnum
561 4834 782 4889 minime
814 4834 998 4899 iallax,
1037 4851 1132 4890 seu
1174 4837 1432 4906 ciligiatio
1472 4842 1522 4894 in
1561 4844 1762 4911 animo,

189 4941 305 4994 qua:
346 4923 530 4979 futura
583 4939 678 4979 ceu
732 4929 1018 4993 prazseutia
1073 4940 1447 4997 repraesentat,
1485 4947 1581 4987 seu
1622 4934 1764 4989 aliud

191 5034 444 5075 arcanum
475 5018 768 5087 prOphetiae
802 5034 990 5095 genus,
1020 5022 1163 5089 quod
1201 5022 1346 5076 solus
1377 5028 1757 5092 prophetarum

192 5112 329 5166 Deus
368 5109 543 5164 novit.
580 5109 837 5165 Salomon
885 5110 1068 5181 (verba
1117 5112 1455 5186 Scriptum),
1488 5118 1575 5172 cui
1619 5121 1766 5176 dedit

195 5201 331 5258 Deus
366 5220 387 5254 σ
423 5202 748 5272 sapientiam
781 5213 834 5257 et
864 5202 1210 5272 prudentiam
1245 5207 1466 5262 multam
1501 5211 1681 5280 nimis,
1712 5222 1769 5266 et

195 5291 532 5349 latitudinem
568 5293 772 5360 cordis,
800 5295 954 5362 quasi
991 5311 1210 5351 arenam
1238 5311 1359 5367 quae
1390 5311 1473 5356 est
1501 5301 1555 5356 in
1586 5301 1766 5359 littore

263 5469 304 5501 “
325 5468 461 5525 Gen.
489 5483 566 5534 tv,
584 5465 675 5522 26.
755 5469 802 5501 “
824 5469 959 5526 Gen.
985 5485 1143 5526 vr-tx.

194 5553 254 5596 lt.
293 5539 374 5595 ll.
455 5539 497 5570 "
519 5536 695 5593 Judic.
723 5555 837 5596 xm.
864 5541 953 5596 22.
1033 5543 1076 5576 "‘
1097 5543 1143 5596 is

216 5554 254 5602 l,
293 5554 374 5595 l‘l.

1221 5473 1266 5505 ⁸³
1291 5473 1428 5533 Gen.
1456 5490 1596 5538 xxu,
1623 5475 1708 5530 i3.

199 5697 248 5749 ι..
271 5682 323 5738 8.
398 5681 447 5713 ’⁸
475 5679 622 5736 Psal.
651 5693 770 5749 cm,
811 5683 864 5739 5.

266 5839 342 5924 (7)
380 5838 609 5924 '§cili£et
652 5849 991 5924 ppsterorttm
1041 5841 1264 5924 Adatui,
1300 5856 1420 5923 eum
1471 5841 1647 5902 Cainii
1697 5845 1765 5901 ah

202 5910 350 5969 unius
378 5910 473 5968 Dei
507 5912 627 5982 Opt.
657 5910 799 5969 Max.
835 5913 1092 5983 religione
1121 5913 1506 5974 descivissent.

1797 3221 1844 3284 C

1192 5473 1266 5542 ,⁸³
1291 5473 1428 5533 Gen.
1456 5490 1596 5538 xxn,
1623 5475 1708 5530 i3.
1787 5476 1833 5510 “
1852 5473 1994 5533 Gen.
2017 5488 2209 5538 xxvm,
2238 5471 2441 5542 l2.18.

455 5536 695 5593 "Judic.
723 5555 837 5599 xm.
864 5541 953 5596 es.
1033 5534 1200 5598 uisa:
1227 5544 1452 5609 v1.1.2,
1479 5545 1532 5602 6.
1584 5533 1634 5578 λ’
1658 5547 1852 5601 Ezech.
1884 5546 1986 5613 ω
2022 5555 2078 5602 et
2103 5533 2256 5612 se.'q.
2313 5543 2357 5574 ιι
2383 5541 2447 5595 lil
2479 5538 2614 5606 Reg.
2640 5537 2924 5598 Iv.‘29—'5l.
2982 5538 3025 5568 ἰ
3055 5535 3174 5588 Act.
3203 5546 3323 5596 xui.
3352 5533 3446 5590 at.

455 5623 602 5670 txxv.
639 5609 690 5664 7.
765 5612 810 5644 ⁸³
838 5611 981 5669 Psai.
1015 5629 1245 5670 xxxvnt.
1302 5615 1356 5670 6.
1433 5616 1479 5648 “
1503 5617 1676 5670 Exod.
1711 5631 1910 5670 xxxm.
1940 5617 2034 5670 25.
2107 5562 2204 5670 ul
2237 5613 2364 5670 Cor.
2404 5627 2524 5670 xm,
2556 5611 2610 5664 9.
2687 5609 2733 5641 ³⁸
2763 5606 2909 5662 Psal.
2946 5620 3062 5670 vm,
3092 5605 3150 5658 4.
3225 5603 3269 5633 ⁸⁷
3297 5603 3444 5660 i'sat.

198 5612 241 5643 "
264 5611 406 5683 i’sai.
428 5623 602 5683 xxxv,
639 5609 690 5664 7.
765 5612 810 5644 ⁸³
838 5611 981 5669 Psai.
1015 5629 1245 5681 xxxvttt,
1302 5615 1356 5672 ϐ.
1433 5616 1479 5648 ³⁵
1503 5617 1676 5673 Exod.
1711 5609 2034 5683 xxxttt,'25.
2107 5618 2154 5649 ”

1878 1961 2188 2031 quisquam,
2229 1961 2319 2017 Dei
2346 1962 2705 2017 substantiam
2748 1970 2804 2017 et
2843 1962 3134 2017 essentiam
3163 1961 3469 2031 apprehen-

1878 2057 1981 2120 dit,
2003 2067 2059 2109 ut
2081 2050 2342 2125 scriptum
2369 2067 2451 2112 est
2475 2055 2545 2122 “,
2579 2071 2750 2126 neque
2774 2056 2867 2111 Dei
2893 2065 3139 2110 naturam
3195 2057 3470 2124 perspexét

1877 2156 1972 2201 aut
2018 2147 2301 2214 exposuit;
2343 2144 2438 2201 sed
2470 2161 2659 2202 oaitnes
2707 2145 2904 2201 exinde
2959 2160 3129 2214 DSqlle
3178 2144 3304 2211 huc,
3342 2163 3362 2195 ι
3398 2161 3460 2198 (ι

1875 2247 2030 2308 parte
2059 2247 2410 2310 cognoscunt,
2449 2247 2502 2293 et
2531 2254 2594 2294 ex
2637 2247 2789 2307 parte
2824 2238 3244 2309 prophetarit".
3279 2256 3297 2288 ι
3327 2236 3464 2292 0m-

1877 2346 1974 2386 nes
2006 2345 2156 2394 vero,
2193 2331 2436 2402 inquam,
2477 2331 2578 2384 illis
2602 2331 2794 2401 Spiritu
2829 2346 3010 2401 pares.
3040 2331 3115 2384 Ac
3142 2330 3266 2398 quid
3295 2329 3464 2384 Deum

1876 2426 1944 2479 ab
1974 2422 2157 2494 aliquo
2181 2425 2457 2479 hominum
2499 2423 2673 2479 visum
2707 2423 2922 2478 dicam?
2953 2423 3044 2494 qui
3081 2438 3179 2478 nec
3213 2425 3278 2477 de
3304 2423 3465 2478 rebus

1874 2517 2094 2587 quidem
2132 2516 2365 2572 conditis
2395 2517 2676 2586 explorate
2699 2526 2895 2586 queant
2929 2518 3212 2571 disserere.
3247 2515 3465 2571 διοῑιίίρι

1875 2611 2053 2681 magni
2136 2609 2356 2666 Davidis
2437 2609 2553 2666 haec
2615 2609 2884 2665 sententia
2933 2618 3062 2666 est:
3120 2627 3140 2662 ι
3193 2610 3458 2678 Quoniam

1875 2715 2003 2759 tunc
2029 2704 2218 2758 videbo
2243 2703 2411 2758 eteius
2437 2711 2579 2768 tuos,
2612 2718 2774 2773 opera
2801 2703 3090 2774 digitorum
3118 2712 3332 2757 tuorum
3352 2707 3454 2761 ης.»

1875 2796 2026 2851 Tunc
2053 2815 2068 2851 :
2093 2796 2354 2868 quando?
2378 2795 2513 2853 Cum
2546 2811 2612 2850 ex
2651 2798 2750 2851 hoc
2785 2796 3134 2851 tabernaculo
3151 2810 3458 2862 excessero,

1871 2899 2036 2959 atque
2071 2904 2099 2943 a
2131 2903 2316 2944 crassa
2369 2889 2670 2945 vitlositate
2729 2889 3036 2958 expeditus,
3096 2889 3458 2958 liquidissima

1872 2979 1994 3036 luce
2060 2978 2364 3035 illustratus
2422 2979 2597 3036 luero.
2657 2978 2818 3034 Vides
2886 2981 3181 3046 ingenuum
3243 2979 3460 3034 vatem?

1869 3075 2051 3145 Atque
2098 3075 2214 3131 hac
2267 3074 2425 3130 inibi.
2477 3073 2597 3128 Alio
2651 3073 2772 3129 loco
2805 3090 2819 3127 :
2852 3091 2870 3123 ι
2911 3073 3145 3136 incerta,
3179 3073 3376 3143 inquit,
3405 3082 3460 3128 et

1872 3168 2086 3223 occulta
2143 3167 2422 3238 sapientiae
2448 3176 2551 3221 tua:
2605 3166 2959 3221 manifestasti
3002 3166 3223 3221 mihi".
3257 3185 3277 3220 ι
3320 3166 3453 3222 Nam

1878 3261 2120 3332 profecto
2152 3259 2246 3317 Dei
2279 3261 2556 3332 Opilicium
2606 3275 2728 3318 esse
2779 3260 2968 3325 caelos,
3004 3276 3126 3314 cum
3173 3269 3456 3330 perspecte

1877 3370 2022 3409 nunc
2068 3354 2343 3424 cognitum
2399 3353 2553 3414 vati;
2605 3362 2715 3407 tum
2755 3369 2882 3408 vero
2937 3354 3177 3409 exactius
3229 3355 3453 3422 tenebit,

1874 3464 1998 3503 cum
2036 3461 2088 3503 et
2125 3463 2313 3504 eorum
2345 3447 2454 3502 vim
2484 3461 2548 3500 ac
2582 3455 2852 3510 naturam,
2890 3446 2982 3500 sed
3029 3455 3084 3500 et
3113 3460 3353 3510 causam,
3386 3447 3456 3500 ob

1874 3559 2034 3610 quam
2067 3539 2136 3594 ah
2165 3540 2358 3610 opiticc
2399 3539 2506 3594 Deo
2548 3539 2805 3605 instituti,
2841 3548 3094 3594 accurate
3134 3541 3449 3608 perspiciet.

1874 3635 2010 3690 Tum
2043 3633 2186 3690 enim
2222 3647 2328 3688 non
2360 3630 2516 3700 pellis
2549 3631 2720 3704 instar
2770 3643 3024 3689 extensos
3044 3632 3112 3697 ",
3150 3632 3240 3686 sed
3271 3649 3451 3688 veram

1872 3737 2085 3784 natura:
2135 3726 2258 3797 ejus
2296 3727 2545 3780 notitiam
2589 3733 2978 3793 consequi-tur.
3028 3725 3180 3792 Quod
3238 3726 3282 3780 si
3320 3728 3453 3781 tanti

1875 3820 1978 3874 viri
2007 3821 2074 3873 de
2112 3819 2273 3872 rebus
2305 3819 2505 3873 creatis
2538 3818 2807 3873 tantillum
2837 3819 3092 3887 quiddam
3145 3819 3195 3873 in
3233 3819 3336 3873 hoc
3372 3828 3456 3873 ta-

1874 3910 2171 3966 bernaculo
2219 3910 2486 3980 agitantes
2527 3919 2656 3964 sunt
2711 3909 2970 3975 assecuti,
3007 3909 3136 3979 quid
3179 3909 3291 3979 jam
3348 3909 3454 3965 mei

1871 4001 2046 4059 instar
2081 4001 2370 4072 quiSpiam,
2403 4001 2592 4073 plenus
2626 4001 2890 4057 scelerum
2935 4001 3180 4068 maculis,
3218 4002 3455 4072 cogitare

1870 4106 1965 4152 aut
1997 4097 2150 4151 eti‘ari
2180 4096 2364 4151 ausit?

1946 4189 2130 4243 Dicam
2163 4199 2344 4243 tamen
2381 4188 2556 4255 vobis,
2587 4204 2707 4259 qua;
2737 4198 2889 4244 certo
2917 4197 2971 4242 et
3007 4187 3212 4256 absque
3235 4195 3456 4241 contra.

1872 4283 2048 4338 versis
2119 4281 2505 4352 prophetarum
2576 4293 2697 4336 esse
2759 4280 3051 4335 credimus.
3128 4279 3451 4350 Expeditam

1868 4389 2032 4446 porro
2061 4373 2226 4431 faciat
2255 4373 2554 4429 orationem
2597 4388 2625 4426 a
2665 4372 2944 4443 propbetis
2992 4372 3281 4441 praedicata
3331 4371 3451 4426 Tri~

1871 4469 2032 4532 nitas,
2064 4480 2223 4521 verus
2277 4473 2440 4534 atque
2490 4464 2648 4519 unius
2702 4476 2904 4518 natura:
2954 4462 3123 4517 Deus.
3186 4461 3361 4516 Credo
3396 4462 3451 4516 in

1872 4559 2111 4624 Patrem,
2161 4573 2225 4613 ac
2279 4555 2501 4619 Filium,
2535 4565 2588 4610 et
2644 4552 2904 4626 Spiritum
2965 4564 3233 4621 sanctum,
3294 4555 3453 4609 unius

1871 4667 2100 4723 natum,
2121 4663 2177 4708 et
2207 4651 2495 4707 indirisam
2525 4650 2878 4718 Trinitatem;
2913 4667 3018 4704 non
3054 4661 3112 4706 ut
3145 4661 3254 4705 tres
3296 4651 3448 4715 deos,

1870 4747 1966 4803 scd
1996 4762 2157 4800 unam
2183 4745 2436 4800 deitatem
2459 4744 2512 4797 in
2547 4744 2719 4799 tribus
2744 4743 2988 4813 personis
3009 4743 3404 4811 agnoscendum
3429 4760 3445 4796 :

1872 4842 1989 4896 sine
2024 4838 2315 4909 principio,
2352 4837 2469 4891 sine
2502 4838 2629 4902 line,
2659 4843 2927 4898 aeternum
2972 4835 3207 4897 Patrem,
3243 4847 3452 4890 natura:

1872 4935 2044 4987 omnis
2079 4931 2445 5001 aspectabilis,
2480 4941 2643 4999 atque
2683 4929 3030 4997 intelligcnlis
3063 4928 3444 4982 architectum.

1872 5025 2122 5080 Ceuitum
2153 5039 2218 5078 ex
2250 5021 2408 5076 Patre
2461 5018 2680 5084 Filium,
2713 5021 2863 5086 quasi
2913 5020 3093 5072 intnen
3127 5019 3192 5071 de
3225 5017 3446 5080 lumine,

1875 5117 2041 5170 Deum
2083 5131 2263 5170 verum
2318 5129 2380 5167 ex
2415 5111 2523 5166 Deo
2579 5128 2726 5166 vero.
2773 5111 3022 5165 Genitum
3071 5126 3175 5164 non
3223 5113 3448 5178 factum,

1875 5208 2281 5273 immortalem,
2365 5203 2926 5268 consubstantialem,
3019 5215 3237 5271 semper
3326 5216 3449 5255 cum

1875 5304 2037 5358 Patre
2063 5301 2374 5369 degentem,
2407 5299 2586 5353 tbroni
2619 5311 2672 5351 et
2703 5310 2923 5367 operum
2954 5303 3283 5359 consortem,
3302 5308 3452 5348 com-

2555 5470 2598 5502 ¹⁶
2622 5466 2757 5525 Gen.
2785 5481 2954 5526 xxxii,
2977 5462 3066 5518 28.
3146 5463 3190 5494 "
3213 5460 3279 5515 Ν
3310 5461 3443 5531 Reg.

2237 5613 2364 5670 Cor.
2404 5627 2524 5679 xm,
2556 5603 2610 5664 ὗ.
2687 5609 2733 5641 ³⁸
2763 5606 2909 5662 Psal.
2946 5620 3062 5671 vrtt,
3092 5605 3150 5658 4.
3225 5603 3269 5633 ⁸⁷
3297 5603 3444 5660 ι’ωι.

1865 5844 2026 5974 Β,
2059 5842 2134 5899 Ex
2167 5840 2440 5913 .Nazianz.
2471 5844 2609 5895 orat.
2657 5833 2826 5890 altera
2861 5833 2926 5889 de
2963 5831 3127 5888 tbeol.
3162 5846 3286 5903 pag.
3328 5831 3438 5886 7-33,

1912 5934 1928 5974 ι
1990 5931 2048 5972 ll.

1912 5931 2048 5974 IIJIII.
