4006 6284
568 320 674 400 803

1794 318 2225 385 *ANDBONiCI
2260 322 2606 389 COMNENI
3717 315 3806 381 8M

574 452 866 517 perennem
891 445 948 496 et
981 435 1274 494 inﬁnitum.
1324 434 1504 495 Credo
1555 435 1814 508 Spiritum
1869 447 2143 504 sanctum,
2180 443 2225 503 Α
2252 454 2374 509 qua:
2420 454 2581 510 supra
2619 438 2786 498 cmlos
2815 445 2960 503 sunt,
2990 433 3243 506 quamvis
3273 441 3464 490 natura
3507 431 3661 492 nobis
3687 448 3808 505 prte-

575 548 681 590 non
728 531 974 602 genitum.
1031 531 1125 586 sed
1174 530 1557 601 procedentem
1606 546 1672 588 ex
1706 529 1886 599 Patre,
1917 531 2153 587 consub-

574 625 903 689 stantialem,
941 632 1291 688 coaeternum,
1318 631 1371 676 et
1413 625 1738 679 immensum
1767 640 1782 689 ;
1812 638 1936 678 cum
1986 621 2153 686 Patre

587 729 640 773 et
670 714 807 772 Filio
839 733 944 773 una
975 717 1305 772 adorandum
1338 725 1391 773 et
1417 717 1852 772 collaudandum.

647 813 725 864 Ac
758 811 823 868 de
873 808 1123 880 principii
1179 819 1399 880 experte
1447 809 1576 874 Deo,
1619 816 1674 864 et
1716 807 1876 864 Patre
1907 808 2009 881 (9),
2047 823 2156 864 non

580 905 752 961 solum
785 920 899 971 vos,
941 915 1102 974 atque
1136 920 1294 960 omne
1331 903 1609 958 hominum
1647 919 1817 975 genus
1846 905 1898 958 in
1938 915 2157 959 senten-

582 999 710 1053 tiam
735 998 852 1064 ibit,
878 999 970 1054 sed
1003 999 1116 1067 ipsa
1150 999 1310 1051 etiam
1343 1007 1631 1060 natura,ac
1662 1007 1866 1051 naturze
1899 997 2158 1067 magistra

580 1089 684 1145 lex.
719 1090 837 1158 Quo
861 1090 1002 1144 enim
1034 1091 1194 1144 modo
1229 1099 1321 1144 aut
1351 1089 1648 1145 exstitisset
1676 1089 1790 1144 haec
1822 1105 2002 1144 rerum
2039 1089 2152 1144 uni-

579 1183 830 1246 versitas,
873 1178 966 1235 aut
1022 1190 1316 1241 constaret,
1363 1179 1464 1234 nisi
1510 1180 1690 1234 omnia
1732 1178 1872 1238 Deus
1915 1189 1969 1234 et
2027 1194 2156 1250 pro-

581 1276 856 1340 duxisset,
904 1284 960 1330 et
1003 1275 1290 1329 tueretur?
1336 1272 1522 1343 Neque
1571 1274 1715 1331 enim
1762 1274 1856 1345 qui
1894 1274 2159 1328 citharam

578 1365 943 1434 pulcherrime
976 1365 1317 1428 instructam,
1350 1375 1404 1417 et
1438 1363 1784 1434 undiquaque
1817 1364 2158 1434 aptissimam

577 1455 754 1508 cernit
783 1463 874 1508 aut
906 1454 1266 1516 citharoedum
1295 1455 1469 1519 audit,
1500 1455 1643 1507 aliud
1674 1454 2000 1523 cogitatione
2026 1468 2155 1508 ver-

578 1547 743 1613 sabit,
780 1562 939 1616 quam
975 1546 1197 1600 cithara:
1229 1555 1527 1612 auctorem,
1571 1560 1634 1601 ac
1661 1545 2020 1600 citharoedum
2049 1561 2064 1611 ;
2093 1544 2160 1599 ad

576 1652 845 1708 eumque,
897 1637 996 1692 etsi
1044 1637 1278 1691 nondum
1329 1637 1502 1692 oculis
1557 1646 1945 1706 conspectum,
1983 1644 2162 1690 mente

579 1729 836 1787 arolabit.

1207 1840 1434 1899 CAPUT
1474 1841 1538 1898 ll.

850 1953 1157 2010 Animantia
1193 1966 1482 2027 agnoscunt
1509 1959 1668 2012 etiam
1695 1956 1880 2013 Deum.

654 2091 759 2148 Sed
784 2093 908 2160 quid
937 2102 1115 2149 autem
1143 2092 1427 2159 mortales,
1450 2104 1503 2149 et
1531 2092 1844 2151 universum
1880 2094 1982 2150 hoc
2000 2108 2162 2149 omne

583 2184 882 2240 recenseo?
920 2185 1132 2255 quando
1162 2185 1291 2254 ipsae
1323 2186 1487 2240 etiam
1528 2194 1813 2243 terrestres
1839 2186 1966 2243 ferae
2005 2188 2163 2256 opili-

576 2291 700 2333 cem
746 2285 1068 2349 agnoscunt,
1106 2286 1160 2332 et
1200 2277 1320 2348 ejus
1357 2287 1618 2349 perpetuo
1649 2278 1892 2350 indigent
1928 2277 2163 2333 admini-

583 2369 728 2439 culo,
761 2369 836 2423 ita
869 2370 1013 2426 enim
1047 2378 1100 2425 et
1155 2369 1224 2427 de
1269 2371 1370 2426 hoc
1416 2370 1606 2426 scribit
1655 2369 1868 2426 David:
1924 2389 1943 2422 ι
1982 2370 2163 2426 Catuli

584 2466 799 2523 ieonum
823 2463 1118 2534 rugientes,
1140 2473 1198 2516 ut
1222 2463 1436 2533 rapiant
1460 2473 1514 2520 et
1533 2472 1780 2535 quaerant
1806 2481 1833 2520 a
1857 2465 1966 2520 Deo
1986 2478 2163 2520 escam

585 2559 687 2616 sibi
704 2558 774 2616 ".
801 2577 820 2609 ι
857 2557 924 2616 Ει
966 2558 1104 2614 idem
1145 2556 1270 2613 alibi
1303 2574 1316 2612 :
1358 2575 1377 2609 ι
1413 2558 1513 2625 Qui
1564 2559 1654 2613 dat
1694 2558 1955 2632 jumentis
1987 2573 2164 2616 escam

591 2652 866 2718 ipsorum;
902 2657 954 2702 et
982 2648 1145 2719 pullis
1190 2664 1477 2704 corvorum
1512 2649 1887 2705 invocantibus
1923 2664 2044 2706 eum
2063 2650 2161 2705 ".i

585 2741 728 2810 Quid
775 2740 934 2810 igitur
987 2740 1052 2795 de
1101 2740 1209 2796 Deo
1253 2749 1305 2795 et
1355 2740 1516 2795 Patre
1569 2741 1685 2799 lttec
1732 2738 2044 2796 sufﬁciunt?
2085 2743 2166 2796 An

586 2834 805 2906 ingenio
839 2835 970 2890 estis
996 2835 1159 2890 etiam
1188 2834 1378 2890 bardis
1404 2834 1592 2890 bestiis
1629 2835 1923 2893 bardiorei

1195 2967 1425 3025 CAPUT
1464 2965 1554 3022 lli.

1102 3081 1238 3137 Deus
1271 3081 1435 3135 Pater
1465 3082 1661 3153 genuit.

657 3197 780 3254 Jun.
832 3195 974 3253 Nihil
1005 3196 1094 3251 hic
1122 3196 1464 3267 ambigimus,
1516 3195 1608 3251 sed
1639 3195 1956 3266 genueritne
2002 3191 2166 3264 Deus,
2197 3188 2240 3247 C

591 3292 921 3348 dubitamus.

668 3385 894 3442 CHRIST.
949 3382 1195 3448 Utinam,
1252 3381 1445 3449 Judaei,
1497 3382 1660 3452 hujus
1711 3383 1877 3439 vestri
1927 3387 2164 3458 scrupuli

591 3491 776 3540 causa,
810 3474 969 3530 hodie
1009 3473 1070 3527 in
1103 3473 1242 3528 rivis
1277 3483 1418 3528 esset
1451 3473 1678 3544 Moyses.
1717 3473 1816 3528 Vix
1853 3474 2024 3542 enim,
2046 3476 2165 3548 opi-

589 3584 714 3634 nor,
749 3567 833 3623 vel
865 3567 955 3623 ille
987 3565 1139 3622 vobis
1169 3567 1440 3622 silentium
1473 3569 1798 3637 imponeret.

661 3662 784 3718 Jun.
821 3661 925 3717 Ubi
956 3676 1085 3717 vero
1116 3661 1234 3731 ejus
1266 3673 1474 3718 constat
1503 3662 1687 3720 Mosen
1716 3666 2067 3723 meminisse?

666 3756 881 3813 Cuntsr.
914 3753 1305 3810 Circumcidite
1336 3755 1515 3822 modo,
1548 3756 1790 3826 inquam,
1827 3773 1943 3825 cor,
1969 3758 2021 3815 id
2063 3767 2167 3828 est,

595 3849 944 3904 immodicum
979 3847 1078 3903 hoc
1111 3847 1460 3917 supercilium
1501 3864 1565 3906 ex
1615 3850 1811 3906 animis
1844 3851 2041 3908 vestris
2071 3853 2169 3908 de—

595 3941 813 4011 ponite;
851 3955 949 3996 nec
979 3939 1159 3995 Mosen
1185 3938 1359 3995 solum
1396 3941 1704 4007 invenietis,
1731 3943 1826 4003 sed
1859 3944 1990 4000 alios
2007 3946 2168 4001 etiam

598 4032 796 4090 multos
824 4033 1138 4104 prophetas,
1158 4048 1262 4088 non
1291 4041 1497 4088 tantum
1526 4035 1856 4103 meminisse,
1880 4038 1974 4093 sed
1995 4038 2169 4109 palam

598 4128 733 4181 adeo
779 4126 1033 4181 clamate.
1089 4124 1246 4191 Nam,
1300 4125 1352 4179 in
1401 4123 1495 4180 Dei
1540 4125 1779 4195 Opiﬂcio,
1820 4129 1896 4183 ait
1952 4128 2170 4186 Moses:

606 4236 626 4272 ι
663 4216 950 4274 Faciamus
1005 4217 1274 4273 hominem
1308 4219 1373 4272 ad
1416 4217 1701 4288 imaginem
1750 4228 1803 4275 et
1865 4221 2175 4277 similitudi-

605 4329 724 4370 nent
767 4313 1134 4369 nostram“.i
1190 4311 1254 4368 Et
1297 4324 1418 4384 post
1467 4327 1637 4384 pauca
1687 4330 1702 4371 :
1759 4332 1778 4367 ι
1817 4315 1956 4372 Ecce
2003 4317 2174 4374 Adam

597 4405 758 4476 quasi
788 4422 923 4459 unus
962 4408 1025 4460 ex
1054 4407 1208 4462 nobis
1235 4405 1410 4461 factus
1439 4419 1520 4464 est
1539 4409 1636 4464 ".i
1669 4409 1736 4464 Et
1782 4409 1833 4464 in
1873 4409 2173 4482 linguarum

597 4499 852 4560 dissidio.
887 4499 964 4554 ait
993 4499 1136 4554 Deus
1168 4516 1184 4554 :
1219 4518 1236 4553 ‹
1271 4497 1486 4568 Venite,
1520 4503 1926 4568 descendamus,
1954 4511 2007 4558 et
2045 4519 2176 4558 con-

600 4592 893 4647 l‘nndamus
919 4592 990 4647 ibi
1018 4591 1255 4663 linguam
1287 4608 1473 4648 eorum
1496 4595 1594 4648 ".3
1626 4592 1981 4662 Quaerendum
2013 4594 2178 4666 igitur

602 4693 712 4749 cst,
748 4699 975 4752 quocum
1018 4700 1043 4738 a
1075 4700 1133 4740 sc
1161 4695 1343 4740 creato
1378 4686 1662 4742 consilium
1698 4686 2033 4742 conferebat.

677 4773 797 4830 Jun.
826 4773 960 4829 Cum
993 4777 1196 4847 angelis
1250 4779 1555 4848 opinamur.

673 4867 895 4921 CHRIST.
930 4870 1129 4923 Amens
1154 4883 1214 4922 ea
1248 4879 1302 4923 et
1334 4870 1489 4939 plane
1527 4871 1756 4926 absurda
1785 4880 1866 4926 est
1924 4872 2184 4940 Opinatio.

610 4959 741 5024 Quis
770 4959 912 5011 enim
965 4958 1157 5028 figulus
1184 4975 1303 5015 cmn
1357 4960 1505 5016 fictili
1552 4978 1676 5015 vase
1707 4977 2007 5017 sermonem
2052 4979 2179 5018 con-

611 5051 758 5106 l'ert?
788 5052 919 5116 Quis
968 5053 1132 5117 faber,
1169 5070 1236 5109 ne
1278 5057 1495 5127 longum
1531 5055 1745 5118 faciam,
1792 5070 1911 5110 cum
1948 5056 2090 5110 ferro
2118 5057 2185 5111 de

613 5161 680 5201 eo
727 5149 1073 5216 procudendo
1121 5157 1176 5203 et
1214 5149 1523 5220 apparando
1556 5149 1913 5218 colloquitur?
1963 5159 2014 5204 et
2060 5159 2187 5205 sunt

619 5252 796 5296 tamen
842 5243 1016 5312 magis
1047 5240 1358 5310 conjuncta,
1394 5251 1449 5298 et
1497 5253 1705 5297 naturte
1757 5251 1954 5296 nostrae
1981 5234 2181 5308 alliuia,

616 5347 738 5401 quae
762 5349 858 5389 nos
893 5333 1243 5398 fabricamur,
1277 5341 1461 5404 utpote
1490 5347 1558 5387 ex
1584 5334 1769 5387 eodem
1799 5332 1934 5396 luto,
1963 5325 2184 5387 iisdem-

619 5441 728 5496 que
747 5427 1029 5483 elementis
1059 5429 1378 5482 constituta.
1409 5426 1664 5484 Catlestia
1690 5437 1867 5486 autem
1898 5436 2110 5492 cuncta,
2131 5434 2187 5484 et

691 5609 736 5641 ”
765 5607 904 5662 Psal.
941 5624 1056 5669 cut,
1081 5607 1172 5663 2i.
1251 5609 1296 5640 '°
1351 5607 1490 5662 Psal.
1527 5623 1705 5671 chVI,
1751 5606 1806 5667 7,

2214 4557 2266 4617 D

2262 544 2425 598 stent,
2446 532 2776 605 propiusque
2802 548 2834 588 a
2860 532 2967 588 Deo
2988 531 3200 595 absint;
3233 527 3445 598 longius
3465 538 3643 582 tamen
3662 529 3814 591 adhuc

2263 627 2424 681 etiam
2453 627 2570 697 ipsa
2602 625 2805 681 distant
2833 639 2862 679 a
2894 622 3028 690 Deo,
3058 621 3284 692 ejusque
3329 619 3568 691 perlecta
3593 633 3814 689 compre-

2263 719 2547 785 hensione,
2577 732 2741 788 quam
2778 731 2974 786 corpus
3023 715 3126 772 hoc
3167 725 3413 769 nostrum
3455 712 3814 781 compositum,

2265 811 2492 878 humile,
2521 823 2683 881 atque
2721 811 2867 867 humi
2897 808 3166 880 deiectum
3195 821 3226 863 a
3259 804 3576 862 ccelestibus
3603 802 3702 860 illis
3739 818 3817 865 su-

2264 914 2504 976 peretur.
2557 905 2735 973 Quare
2794 903 3015 961 dubium
3062 915 3171 958 non
3215 905 3322 964 est,
3352 898 3484 968 quin
3523 911 3650 952 cum
3690 898 3815 958 socio

2264 997 2485 1067 opiﬁcii,
2520 996 2654 1053 Filio
2671 1011 2863 1066 nempe
2905 1009 3024 1061 suo,
3057 993 3298 1066 hunc(ut
3330 991 3401 1048 ita
3433 986 3634 1059 dicam)
3661 989 3817 1049 archi-

2266 1091 2592 1147 tectonieum
2648 1091 2717 1146 de
2740 1090 3015 1145 creatione
3047 1098 3354 1145 sermonem
3389 1085 3681 1144 contulerit
3703 1083 3819 1141 Deut

2266 1182 2445 1239 Putet”.

2337 1299 2460 1356 Jun.
2488 1300 2653 1354 Deum
2672 1298 2885 1367 quidem
2908 1311 3095 1353 verum
3151 1303 3529 1350 creaturarum
3563 1307 3696 1365 quas
3714 1306 3824 1347 eon-

2267 1392 2403 1447 didit
2461 1406 2566 1462 ope
2601 1406 2667 1445 ae
2698 1392 2922 1445 consilio
2953 1405 3056 1444 non
3087 1387 3348 1456 indigere,
3374 1385 3569 1442 damus
3599 1394 3651 1441 et
3680 1384 3822 1440 conli-

2269 1492 2469 1548 temur,
2508 1496 2602 1536 seu
2672 1481 3097 1551 intelligentem,
3135 1493 3230 1534 seu
3294 1476 3553 1532 sensilem
3597 1485 3818 1531 naturam

2270 1577 2440 1632 dicas.
2470 1573 2582 1632 Deo
2622 1591 2742 1632 esse
2785 1573 3008 1640 Filium,
3040 1569 3522 1644 generationemve
3553 1567 3627 1624 illi
3654 1582 3822 1624 conre-

2271 1669 2412 1734 nire,
2471 1668 2646 1725 Moses
2690 1669 2759 1724 ad
2819 1683 2920 1724 nos
2972 1665 3114 1723 haud
3163 1661 3454 1735 prodidit;
3505 1661 3600 1718 sed
3632 1680 3646 1716 :
3681 1681 3700 1714 ι
3734 1659 3825 1731 Ego

2271 1777 2388 1815 sum
2409 1759 2675 1815 Dominus
2707 1758 2850 1814 Deus
2879 1770 3003 1812 tuus
3029 1755 3127 1811 “.i
3168 1754 3238 1810 Et
3265 1772 3278 1807 :
3309 1769 3328 1805 ι
3366 1751 3563 1807 Videte
3591 1749 3722 1820 quod
3744 1763 3823 1819 ego

2260 1851 2360 1908 sint
2389 1851 2561 1917 solus,
2588 1860 2641 1906 et
2673 1866 2777 1906 non
2817 1851 2887 1906 sit
2915 1850 3047 1906 alius
3080 1847 3251 1915 Dens,
3282 1853 3480 1917 pratiet'
3513 1859 3602 1902 me
3623 1845 3688 1901 ⁸⁸.
3709 1865 3726 1899 ι
3753 1844 3821 1910 Et,

2264 1941 2436 2013 ι,Νοιί
2468 1945 2690 2000 adorare
2722 1942 2889 1999 Deum
2919 1943 3155 1999 alienum
3173 1942 3241 1998 “.
3271 1962 3290 1996 ο

2327 2057 2552 2113 Cunts'r.
2591 2055 2729 2111 ‘Dixi
2789 2057 2964 2123 vobis,
3027 2054 3386 2124 Judai,agre
3419 2054 3511 2110 vel
3539 2053 3713 2109 Mosen
3744 2067 3818 2109 vo-

2262 2149 2363 2214 bis,
2385 2148 2430 2204 si
2467 2148 2621 2204 vivus
2647 2155 2818 2215 esset,
2847 2147 3122 2203 silentium
3154 2144 3702 2218 impositurum.Nam
3717 2157 3814 2199 cum

2263 2240 2616 2298 exsecrabilis
2648 2242 2742 2307 sit,
2778 2241 2868 2309 qui
2899 2239 3089 2304 alium,
3120 2255 3282 2311 quam
3327 2239 3497 2296 Mosis
3527 2238 3686 2293 Deum
3713 2252 3820 2305 prte-

2265 2331 2448 2398 dicat;
2477 2339 2593 2385 tum
2646 2329 2861 2385 demum
2887 2329 2962 2393 id,
2994 2329 3138 2400 quod
3181 2327 3649 2394 sermocinantini,
3673 2325 3815 2381 locum

2266 2423 2494 2478 haberet
2516 2458 2534 2486 ,
2559 2420 2604 2477 si
2636 2420 2914 2476 dissimilis
2949 2429 3160 2476 natura:
3199 2418 3396 2474 Filium
3430 2419 3812 2492 promulgarem.

2265 2512 2419 2571 Nunc
2448 2529 2570 2570 cum
2603 2513 2845 2584 ejusdem
2874 2525 3079 2568 natura;
3108 2527 3229 2569 eum
3261 2511 3369 2568 Deo
3398 2523 3459 2569 et
3482 2511 3641 2569 Patre
3659 2509 3811 2566 Filium

2268 2607 2467 2672 dicam,
2519 2620 2641 2676 quae
2690 2603 2997 2660 dissensio?
3048 2603 3227 2673 Ipsum
3278 2605 3422 2660 enim
3476 2603 3644 2661 Musis
3682 2603 3809 2657 Deum

2269 2700 2619 2765 conﬁtemur,
2648 2697 2864 2753 Patrem
2892 2698 3058 2767 geniti
3086 2696 3243 2765 Filii;
3276 2707 3330 2753 et
3364 2713 3588 2753 rursum
3616 2696 3807 2767 ejusdem

2272 2804 2476 2854 naturae
2497 2791 2846 2850 Filiuznmum
2877 2787 3040 2846 Patre
3067 2792 3328 2861 genitore.
3364 2789 3530 2857 Nam,
3560 2791 3658 2846 etsi
3679 2789 3798 2846 liores

2271 2883 2404 2938 dicit
2439 2898 2453 2934 :
2488 2897 2508 2933 ς
2537 2880 2794 2937 Dominus
2824 2878 2965 2936 Deus
2995 2888 3200 2947 noster,
3235 2880 3374 2938 Deus
3421 2897 3568 2937 unus
3609 2891 3691 2937 est
3717 2881 3791 2947 ",t

2273 2989 2378 3030 non
2410 2973 2754 3044 bypostases,
2787 2972 2880 3027 sed
2915 2982 3162 3028 naturam
3196 2973 3261 3028 iis
3286 2973 3475 3030 verbis
3508 2970 3802 3044 signiﬁcavit;

2276 3081 2438 3121 unam
2473 3067 2673 3122 etenim
2715 3066 2898 3123 Patris
2923 3074 2978 3121 et
3016 3064 3134 3122 Filii
3169 3077 3420 3122 naturam
3469 3067 3808 3124 consentimus.

2345 3159 2469 3218 Jun.
2503 3159 2648 3215 Belle
2680 3158 2856 3215 Patris
2894 3160 2962 3215 de
3011 3158 3213 3214 fabrica
3261 3156 3590 3215 consuitatio
3615 3170 3812 3228 compro-

2281 3256 2372 3310 bat
2417 3255 2574 3309 nobis
2616 3250 2736 3306 Filii
2783 3267 2906 3307 cum
2950 3266 3015 3307 eo
3056 3260 3263 3307 natura:
3290 3253 3714 3308 consensionem.
3738 3247 3814 3304 Sed

2279 3344 2492 3416 expedi,
2527 3357 2772 3405 oramus,
2809 3340 3164 3411 quamobrem
3195 3356 3226 3399 a
3257 3341 3405 3399 Moss
3433 3340 3744 3400 luculentius
3766 3339 3816 3392 de

2281 3453 2347 3495 eo
2379 3453 2480 3493 non
2506 3437 2840 3505 accepimus.

2359 3551 2593 3605 Cumsr.
2650 3546 2820 3604 Nemo
2872 3547 3223 3605 scientiarum
3275 3547 3556 3621 perfectus
3606 3545 3815 3618 magister

2290 3657 2486 3713 pueros
2515 3642 2712 3697 docere
2748 3655 3037 3712 aggressus
3058 3681 3073 3708 ,
3103 3656 3314 3697 summa
3358 3655 3586 3712 qumque
3623 3636 3816 3705 discipli-

2289 3753 2480 3793 narum
2519 3737 2706 3808 primis
2755 3738 3077 3795 rudimentis
3134 3748 3296 3808 atque
3341 3739 3538 3796 studiis
3581 3732 3814 3809 proponili

2288 3830 2382 3885 sed
2417 3828 2563 3884 facto
2598 3829 2665 3884 ab
2695 3827 3090 3887 elementorum
3119 3831 3362 3886 doctrina
3394 3831 3575 3892 initio.
3603 3824 3816 3901 paulatim

2289 3938 2382 3978 eos
2431 3923 2498 3977 ad
2546 3921 2928 3992 perfectionem
2979 3924 3248 3980 subducit.
3281 3923 3460 3994 Atque
3494 3925 3545 3979 id
3574 3937 3670 3978 non
3707 3930 3813 3989 prato

2293 4014 2538 4084 ceptoris
2569 4014 2726 4080 vitio,
2769 4015 2866 4071 sed
2901 4014 3284 4087 discipulorum
3341 4017 3610 4087 imperitia
3648 4014 3716 4081 lit,
3745 4008 3813 4082 qui

2289 4122 2415 4160 cum
2447 4108 2583 4163 adeo
2610 4107 2721 4164 sint
2761 4108 2942 4174 rudes,
2987 4110 3054 4165 ad
3099 4110 3303 4182 majora
3345 4111 3601 4183 capienda
3630 4106 3811 4182 gradum

2290 4196 2471 4256 iacere
2505 4216 2610 4257 non
2647 4212 2895 4272 possunt.

2900 4341 3128 4400 CAPUT
3169 4344 3255 4400 lV.

2653 4472 2858 4546 Moyses
2893 4477 3130 4545 agnoscit
3177 4475 3509 4534 Trinitatem.

2365 4607 2443 4663 Ad
2487 4610 2735 4665 eumdem
2785 4612 3002 4666 modum
3046 4628 3141 4682 par
3184 4627 3288 4680 est,
3324 4623 3379 4669 et
3410 4609 3810 4684 sapientissimum

2294 4695 2476 4752 Mosen
2506 4699 2761 4757 habuisse
2795 4712 3135 4772 perspectam
3181 4703 3284 4759 SS.
3335 4704 3643 4759 Trinitatem
3681 4707 3809 4764 atque

2302 4788 2605 4860 Unitatem;
2637 4793 2730 4847 scd
2761 4794 2931 4862 vobis,
2963 4810 3096 4866 quos
3127 4806 3236 4853 tum
3261 4797 3330 4854 ob
3360 4800 3572 4853 deorum
3602 4793 3809 4861 frequen-

2300 4882 2452 4949 tiam,
2497 4892 2607 4938 tttnt
2656 4897 2875 4956 propter
2929 4889 3248 4961 idolotbyta,
3287 4902 3339 4945 et
3389 4905 3589 4955 carnes,
3626 4882 3808 4944 habebat

2303 4991 2525 5045 prorsus
2552 4977 2802 5044 rebelles,
2835 4980 3126 5050 perfectam
3161 4983 3470 5053 religionem
3502 4998 3594 5036 non
3621 4975 3804 5046 aperuit:

2299 5079 2472 5134 neque
2507 5080 2638 5120 vero
2669 5081 2893 5136 prorsus
2925 5070 3164 5135 reticuit,
3197 5073 3290 5127 sed
3324 5082 3434 5127 tum
3462 5066 3803 5142 quomodocun-

2300 5169 2408 5223 qtte
2434 5154 2500 5208 ad
2547 5155 2641 5210 Dei
2690 5157 2941 5211 notitiam
2994 5160 3204 5230 erigere
3248 5172 3332 5218 est
3367 5152 3803 5222 conatusMal'O'“

2297 5245 2498 5316 quippe
2543 5258 2753 5304 vestros
2804 5249 2857 5304 in
2903 5252 3102 5320 pietate
3146 5252 3377 5311 infantes
3423 5257 3596 5312 videns
3633 5246 3799 5302 divinus

2303 5335 2500 5402 Moses,
2528 5338 2675 5395 velut
2712 5342 2897 5397 nutrix
2943 5346 3167 5414 Optima,
3199 5345 3267 5401 iis
3292 5353 3538 5419 tanquam
3562 5344 3630 5397 lac
3655 5332 3797 5408 quod-

2305 5429 2431 5482 dam
2493 5428 2584 5485 Dei
2631 5433 2836 5488 notitiae
2873 5437 3209 5508 prOpinavit;
3258 5440 3480 5496 solidam
3527 5447 3704 5495 omnem
3731 5426 3796 5480 d0-

1883 5607 1933 5649 ³¹ς
1963 5605 2098 5686 ficu.
2130 5622 2167 5673 t,

2279 5643 2293 5661 -
2373 5610 2416 5644 ³¹
2445 5610 2578 5672 Gen.
2616 5628 2702 5682 m,
2731 5613 2820 5671 29..
2897 5615 2942 5648 ³³
2967 5616 3104 5674 Gen.
3136 5633 3210 5686 xt,
3237 5617 3290 5675 7.
3363 5618 3409 5653 “
3439 5616 3586 5675 Exod.
3604 5625 3676 5676 xx,
3698 5605 3738 5662 2.

620 5679 822 5735 ³³[)υιιι.
855 5663 1004 5733 xxxtt
1047 5663 1143 5734 ⁷57.
1221 5679 1267 5712 ⁸⁸
1307 5679 1476 5733 Exod.
1511 5663 1704 5742 xxxiv,
1733 5663 1815 5732 l4.
1893 5677 1934 5709 ³⁷
1964 5663 2118 5735 Deut.
2149 5663 2221 5747 vt,
2243 5671 2297 5735 4.

696 5841 772 5912 (9)
801 5841 877 5895 Ex
910 5837 1165 5894 Nazianz.
1198 5848 1337 5896 orat.
1377 5840 1567 5906 altera,
1605 5838 1671 5894 de
1701 5836 1936 5907 tltcolog.
