4006 6284
204 387 296 455 805

1268 383 1654 447 DIALOGUS
1693 383 1995 447 CONTRA
2041 385 2371 451 JUDIEOS.

3343 369 3451 438 806

202 498 416 552 «trinam
442 502 565 567 post
611 508 671 552 se
713 493 934 552 vatibus
985 486 1224 567 reliquit.
1253 497 1430 565 Atque
1457 495 1512 551 id
1555 510 1661 552 non
1707 495 1759 548 in
1787 494 1839 555 Λ
1939 493 2176 550 Rursum
2211 493 2408 562 Moses,
2436 494 2530 565 qui
2558 495 2624 552 ad
2655 491 2934 564 negotium
2963 488 3237 560 quoddam
3266 488 3450 559 populi

203 589 586 645 consultatione
612 597 842 657 tantum,
866 589 961 644 sed
990 590 1153 645 etiam
1179 590 1231 645 in
1263 590 1522 661 imagine,
1538 587 1768 659 aliisque

202 682 338 739 fecit.
387 679 519 736 Nam
569 679 736 735 Deum
796 683 862 736 ad
923 680 1210 753 imaginem
1266 697 1421 739 suam
1491 683 1766 752 hominem

206 775 413 830 tinxisse
445 773 703 828 indicavit
723 773 788 841 ἐς
822 783 879 827 at
908 788 1032 845 qua:
1063 787 1128 829 ea
1153 773 1293 830 foret
1324 775 1527 846 imago,
1556 775 1770 833 audito-

203 870 338 923 ribus
380 868 727 938 quazreudutn
775 868 1016 939 reliquit.
1051 867 1205 935 Quod
1257 870 1404 926 enim
1440 870 1554 941 (10)
1592 869 1772 926 studio

203 962 502 1030 paraveris,
555 960 608 1017 id
667 961 839 1016 tenaci
885 976 948 1017 ac
999 973 1258 1032 perpetuo
1319 963 1654 1019 monimento
1719 962 1770 1018 in

199 1050 366 1106 animo
397 1051 753 1120 circumfers;
789 1053 933 1123 quod
963 1053 1176 1122 leviter,
1205 1055 1255 1109 id
1286 1054 1465 1120 facile,
1493 1063 1550 1109 ut
1577 1055 1774 1125 quaesi-

203 1153 302 1198 tum
327 1156 466 1207 erat,
505 1145 698 1201 eflluit.
731 1146 915 1216 Itaque
964 1146 1140 1204 Moses
1173 1150 1526 1218 quaestionem
1552 1148 1618 1203 ad
1651 1162 1772 1212 vos,

199 1235 600 1291 dissolutionem
653 1237 718 1292 ad
765 1248 916 1294 vates
962 1240 1242 1310 rejecit“.
1273 1239 1405 1295 Nam
1459 1241 1504 1298 si
1560 1240 1774 1311 cognito

199 1326 347 1381 etiam
377 1327 508 1392 Deo,
539 1328 610 1382 ab
652 1343 829 1398 eoque
862 1330 1091 1386 infinitis
1120 1331 1363 1400 acceptis
1397 1333 1692 1399 beneficiis,
1721 1344 1775 1388 et

202 1419 334 1477 Mose
360 1424 426 1476 ad
455 1421 628 1477 Deum
663 1423 1053 1495 aliquantisper
1079 1440 1109 1480 a
1132 1426 1288 1482 vobis
1306 1427 1571 1497 digresso,
1598 1437 1657 1481 ut
1682 1426 1771 1482 Dei

203 1511 521 1565 voluntatem
559 1513 612 1567 in
649 1514 911 1568 divinitus
940 1516 1180 1572 exaratis
1216 1516 1437 1588 scriptis
1469 1517 1774 1586 exhiberet,

201 1603 337 1660 alteri
415 1603 518 1660 deo
570 1608 801 1676 gratiam
855 1609 1140 1676 retulistis,
1194 1618 1250 1666 et
1303 1612 1626 1667 immortalis
1687 1613 1775 1668 Dei

207 1696 466 1767 «gloriam
520 1698 777 1754 mutastis
832 1700 886 1756 in
940 1701 1352 1758 similitudinem
1402 1704 1552 1759 vituli
1597 1721 1778 1761 come-

203 1791 362 1846 dentis
425 1787 610 1845 fenum
633 1792 703 1857 ‘°;
736 1812 754 1844 ι
793 1794 845 1849 in
895 1806 1151 1864 quantum
1187 1795 1412 1852 deorum
1448 1797 1776 1866 multiplica-

205 1897 360 1942 torunt
410 1887 778 1958 praecipitium
833 1890 1069 1958 majores
1103 1891 1269 1945 vestri
1318 1905 1424 1946 non
1462 1891 1772 1955 irruissent,

204 1979 291 2032 sia
322 1978 469 2034 Mose
503 1979 676 2036 Deum
710 1981 867 2038 trium
903 1980 1263 2051 hypostaseon
1320 1983 1672 2040 didicissent?

261 2068 373 2126 Jun.
410 2069 532 2126 Non
560 2074 675 2140 jam
708 2071 776 2128 ad
804 2070 1074 2142 majorum
1099 2083 1410 2129 nostrorum
1437 2073 1668 2130 oliensas
1691 2074 1776 2129 in-

205 2162 509 2232 telligendas
547 2164 831 2219 adsumus.
875 2163 981 2220 Sed
1011 2166 1204 2236 ecquid
1229 2206 1245 2232 ,
1273 2173 1331 2220 ut
1361 2165 1603 2232 dicebas,
1639 2164 1778 2220 Deus

203 2257 248 2310 in
277 2257 444 2313 tribus
467 2257 727 2335 personis
749 2257 1267 2330 comprehenditur?
1293 2257 1478 2329 Itaque
1511 2259 1599 2313 hic
1622 2258 1777 2314 nobis

203 2349 468 2404 veritatem
529 2359 930 2416 commonstrat,
965 2359 1022 2406 et
1071 2349 1248 2420 qualis
1302 2350 1561 2422 propheta
1606 2348 1776 2406 Deum

203 2444 420 2514 genitum
454 2443 758 2515 significet.

259 2539 478 2600 Cnnrsr.
503 2536 934 2594 Coustabilitum
957 2537 1114 2594 vobis
1136 2546 1240 2605 est,
1269 2536 1461 2608 Judaei,
1505 2538 1780 2597 neminem

207 2644 420 2700 unquam
482 2641 805 2688 sanctorum
866 2640 1091 2699 vatum,
1149 2627 1241 2687 Dei
1308 2632 1624 2704 liypostasin
1685 2640 1780 2688 aut

206 2725 475 2783 tisseutiatn
501 2725 900 2795 imaginatione
925 2725 1419 2795 comprehendisse.
1444 2727 1608 2798 igitur
1628 2735 1782 2782 certo

208 2815 277 2872 sio
316 2816 540 2881 habete,
577 2831 683 2872 non
725 2815 898 2874 solum
947 2817 1054 2871 vim
1111 2831 1176 2873 ac
1223 2825 1490 2883 naturam,
1531 2816 1624 2872 sed
1681 2831 1780 2874 nec

211 2922 386 2968 nomen
404 2907 663 2982 proferre
682 2908 891 2982 (tantos
919 2910 1095 2981 vates)
1127 2925 1312 2982 posse,
1338 2910 1429 2966 Dei
1461 2911 1776 2975 essentiam,

214 3015 303 3056 nou
344 3003 622 3064 actionem
656 3011 863 3060 tantum
891 3003 1207 3073 signiﬁcans
1243 3019 1260 3060 :
1292 3002 1374 3060 uti
1393 3004 1567 3058 etiam
1624 3003 1782 3078 illud,

221 3112 238 3146 ι
261 3093 433 3152 ilaus
475 3104 590 3151 tuae
623 3093 868 3155 fecerunt
896 3111 984 3153 me
1037 3106 1092 3153 et
1113 3096 1514 3168 plasmaverunt
1541 3111 1627 3152 me
1651 3096 1720 3162 “;
1755 3113 1774 3148 ι

1871 595 1990 644 erat
2022 588 2253 657 legatus,
2289 603 2410 644 cum
2443 599 2713 660 quaereret
2737 629 2755 653 .
2790 589 2837 645 si
2876 603 2941 643 ex
2969 600 3029 642 se
3057 591 3300 654 peterent
3332 580 3461 651 quis.

1871 695 1932 737 se
1981 681 2244 747 misisset,
2301 680 2430 751 quid
2477 684 2865 754 responderet,
2900 682 3003 736 hoc
3034 694 3066 734 a
3103 678 3212 739 Deo
3255 675 3455 738 audit;

1879 792 1902 832 ι,
1927 771 2030 839 Qui
2063 784 2143 828 est
2165 773 2243 828 “l
2282 792 2303 830 ›
2342 773 2471 841 Quae
2501 790 2604 834 vox
2662 789 2770 830 non
2804 783 3053 828 naturam
3081 777 3455 842 repraesentat,

1872 866 1966 921 sed
2017 873 2222 922 statum
2254 864 2318 922 ac
2365 869 2825 938 permansionem.
2861 866 3048 934 Quare
3075 868 3240 923 etiam
3278 873 3455 931 vates,

1875 973 1979 1013 non
2035 974 2198 1028 puras
2243 968 2398 1028 putas
2452 959 2554 1015 SS.
2604 959 2886 1016 Trinitatis
2938 959 3322 1030 apparitiones,
3356 958 3461 1012 sed

1874 1065 1974 1120 pro
2006 1065 2103 1105 suo
2137 1049 2373 1119 quisque
2422 1059 2581 1121 captu
2615 1050 3084 1119 conscripserunt.
3114 1046 3349 1104 Necesse
3375 1055 3462 1102 est

1876 1142 2041 1212 igitur
2075 1141 2188 1213 (il)
2226 1141 2321 1196 Dei
2354 1142 2556 1197 notitiae
2583 1142 2857 1199 studiosos
2895 1141 2947 1196 in
2991 1155 3199 1199 sacram
3243 1156 3461 1202 omnem

1879 1232 2238 1302 Scripturam,
2273 1232 2417 1289 velut
2471 1235 2748 1306 speculum
2788 1235 3084 1304 inSpicere,
3124 1243 3179 1290 et
3205 1233 3365 1291 aliam
3395 1248 3462 1288 ex

1879 1327 1983 1381 alio
2027 1328 2302 1382 notionem
2339 1329 2404 1382 ad
2430 1343 2592 1381 unum
2649 1326 2866 1397 aliquod
2921 1327 3164 1383 veritatis
3206 1337 3466 1396 tanquam.

1881 1417 2230 1472 simulacrum
2289 1431 2602 1489 corrogare.
2638 1417 2694 1474 ld
2741 1419 2885 1473 enim
2942 1435 3039 1473 nos
3096 1417 3238 1474 Deus
3289 1428 3341 1475 et
3371 1434 3468 1489 per

1879 1510 2060 1564 Mosen
2094 1510 2297 1577 docuit,
2329 1513 2376 1565 ei
2412 1513 2587 1581 primo
2618 1527 2846 1565 ascensu
2881 1511 3090 1566 tabulas
3124 1526 3152 1564 a
3189 1526 3247 1566 se
3279 1525 3470 1566 exara-

1881 1612 1965 1659 tas
2003 1605 2220 1658 tradens
2250 1604 2314 1668 ⁵⁸,
2351 1604 2520 1659 altero
2553 1621 2660 1658 non
2705 1606 2854 1658 item.
2895 1603 2999 1659 Sed
3033 1605 3164 1674 quid
3191 1607 3241 1660 ei
3282 1603 3469 1675 jubet?

1889 1716 1909 1749 ι
1937 1696 2174 1752 Praecide
2200 1697 2296 1752 tibi
2328 1698 2460 1752 duas
2495 1697 2704 1752 tabulas
2725 1697 2969 1768 lapideas
3001 1697 3175 1753 instar
3198 1699 3464 1766 priorum,

1883 1802 1937 1844 et
1970 1791 2210 1847 scribant
2245 1805 2408 1860 super
2434 1804 2531 1846 eas
2560 1794 2746 1856 verba,
2787 1805 2905 1860 quae
2943 1790 3247 1846 habuerunt
3277 1790 3470 1851 tahultn

1884 1899 2018 1951 quas
2075 1881 2284 1952 fregisti
2311 1881 2379 1937 “.
2416 1901 2433 1934 ›
2483 1883 2672 1939 itidem
2719 1894 2775 1939 et
2826 1881 3101 1942 lsraelitas
3133 1900 3195 1942 ex
3233 1883 3472 1957 Egypto

1884 1976 2140 2040 edocens,
2176 1975 2316 2030 Deus
2341 1974 2573 2046 ipsemet
2602 1990 2695 2031 eos
2723 1976 3095 2047 multipliciter
3118 1979 3321 2036 crassis
3343 1992 3470 2046 pron

1885 2069 2046 2140 digiis
2102 2068 2379 2123 ductabat.
2408 2068 2545 2134 Quid
2596 2069 2744 2125 enim
2792 2070 3054 2136 crassius,
3107 2084 3269 2140 quam
3307 2079 3468 2128 noctu

1885 2161 2017 2232 igni,
2064 2159 2298 2216 interdiu
2336 2160 2479 2214 nube
2507 2160 2650 2213 viam
2702 2160 2942 2228 praeire?
2976 2160 3129 2232 Quid,
3161 2160 3290 2219 item
3322 2177 3474 2222 erasa

1883 2253 2022 2318 sius,
2059 2268 2220 2323 quam
2278 2268 2426 2308 mare
2478 2251 2755 2319 dirimere,
2781 2261 2833 2306 et
2865 2269 3054 2324 rupem
3086 2253 3234 2313 velut
3261 2253 3470 2328 fontem

1886 2349 2117 2406 ubertim
2167 2364 2304 2420 aqua
2367 2350 2761 2405 scaturientem
2819 2350 3301 2416 monstrareiSed
3347 2366 3470 2410 cum

1886 2444 2062 2499 adhuc
2091 2443 2408 2498 cmentireut
2439 2440 2669 2509 majores
2708 2442 2900 2508 vestri,
2930 2452 2985 2498 et
3013 2442 3239 2502 auribus
3273 2443 3471 2502 obsur-

1886 2538 2194 2601 descerent,
2224 2548 2331 2589 tum
2361 2550 2493 2597 vero
2527 2534 2822 2591 involucris
2851 2549 2946 2605 per
2973 2545 3130 2596 vates
3155 2535 3349 2608 placita
3373 2552 3472 2593 sua

1887 2629 2214 2687 denuntiare
2250 2629 2428 2696 Deus;
2460 2635 2518 2683 ut
2548 2627 2911 2699 intelligentes
2943 2644 3052 2699 qua
3084 2645 3179 2685 vos
3207 2631 3472 2701 dignitate

1887 2719 2224 2791 dejeceritis,
2281 2720 2617 2777 laboriosiori
2695 2722 2926 2790 quadam
2979 2723 3100 2786 via,
3149 2737 3475 2795 recuperare

1887 2815 2170 2886 antiquam
2202 2813 2543 2870 nobilitatem
2584 2815 2898 2874 studeretis.
2939 2815 3116 2886 Atque
3150 2818 3297 2871 idem
3327 2827 3384 2872 et
3417 2818 3474 2872 in

1889 2906 2215 2979 primigenio
2285 2916 2513 2978 parente
2567 2906 3118 2963 animadvertendum
3174 2907 3340 2962 venit.
3380 2907 3476 2964 Hio

1891 3016 2126 3072 namque
2164 2999 2488 3071 priusquam
2520 2999 2732 3072 jussum
2778 2999 3056 3066 violasset,
3092 3014 3199 3056 non
3234 3001 3474 3058 omnium

1892 3095 2051 3151 modo
2071 3094 2409 3149 terrestrium
2441 3102 2754 3149 naturarum
2780 3089 2938 3148 aDeo
2965 3094 3121 3149 datus
3148 3105 3230 3149 est
3251 3095 3472 3158 rex,sed

224 3186 360 3245 David
388 3191 705 3261 usurpavit,
765 3207 872 3247 non
928 3191 1083 3262 quasi
1138 3206 1333 3247 manus
1369 3190 1592 3246 haberet
1641 3187 1782 3248 Deus
1811 3231 1858 3292 α
1890 3185 2053 3242 etiam
2085 3196 2255 3249 vates,
2291 3186 2499 3242 cunctis
2538 3194 2592 3242 et
2619 3184 2940 3241 volucribus
2967 3194 3022 3240 et
3043 3185 3234 3241 bestiis
3255 3185 3475 3243 nomina

219 3285 305 3350 (est
329 3285 474 3342 enim
536 3283 749 3342 Numen
793 3286 1175 3359 incorporeum
1211 3295 1266 3341 et
1297 3285 1416 3342 sine
1438 3283 1653 3354 figura),
1690 3285 1785 3340 sed

216 3376 294 3436 Dei
327 3379 612 3451 opificium
669 3389 887 3435 notans.
925 3378 992 3436 Et
1036 3394 1229 3435 rursus
1261 3397 1276 3435 :
1319 3398 1338 3432 ι
1366 3378 1522 3436 Oculi
1572 3376 1786 3435 Domini

212 3486 358 3541 super
378 3475 589 3544 justos,
625 3482 678 3527 et
705 3488 866 3529 aures
887 3473 1005 3546 ejus
1028 3476 1082 3529 in
1114 3488 1305 3545 preces
1340 3489 1528 3530 eorum
1560 3491 1576 3543 ;
1607 3473 1790 3537 vultus

210 3575 378 3621 autem
405 3564 629 3622 Domini
662 3579 822 3635 super
854 3565 1121 3623 facientes
1160 3566 1301 3622 mala
1323 3566 1389 3635 ης
1422 3585 1442 3618 ι
1485 3565 1593 3621 illis
1625 3565 1790 3620 bene-

215 3657 500 3731 ﬁcentiam,
533 3656 622 3718 his
645 3657 914 3718 vindicem
947 3657 1041 3716 Dei
1072 3668 1394 3730 potestatem
1430 3659 1681 3721 innuens.
1712 3657 1790 3713 lta

211 3769 335 3810 sane
363 3765 418 3811 et
449 3755 508 3810 in
546 3750 858 3808 nomirilbus
905 3751 1048 3823 (Dei)
1099 3766 1204 3807 non
1252 3751 1487 3812 divinam
1518 3759 1790 3816 naturam,

213 3851 299 3904 sed
319 3847 1079 3916 functionem,occultamque
1098 3845 1354 3916 operaudi
1388 3843 1686 3901 eflicaciam
1724 3859 1793 3899 ex

216 3930 336 4008 ipsis
388 3937 707 3995 nominibus
752 3937 1062 4008 exprimere
1109 3937 1286 3992 sancti
1327 3943 1615 3991 conantur.
1647 3930 1793 3997 ,Nam

215 4031 299 4086 illa
330 4030 592 4086 Dominus
619 4030 852 4096 Adonai,
881 4039 936 4084 et
957 4028 1215 4091 Sabaoth,
1246 4029 1572 4096 omnipotens
1598 4033 1655 4082 et
1676 4024 1795 4082 Soi-

216 4137 380 4191 ratur,
411 4126 715 4191 actionem,
743 4138 850 4178 non
876 4120 1270 4193 naturamsigni
1292 4120 1484 4179 licunt.

838 4216 1068 4273 CAPUT
1104 4214 1173 4272 γ.

779 4310 872 4365 Dei
907 4311 1250 4381 signiﬁcatio.

280 4404 399 4461 iam
438 4419 572 4459 vero
600 4404 728 4474 quid
777 4413 1090 4459 sanctorum
1123 4414 1286 4456 voces
1326 4409 1642 4468 consector,
1675 4413 1797 4456 cum

216 4504 327 4574 ipse
356 4502 524 4556 etiam
563 4498 704 4554 Deus
751 4498 940 4552 eadem
976 4494 1160 4550 dicens
1197 4493 1548 4549 inveniatur?
1580 4492 1798 4550 Parenti

1892 3284 2202 3349 itnponens.
2225 3281 2296 3334 At
2319 3288 2446 3352 post
2467 3280 2700 3349 lapsum,
2731 3277 2932 3349 posteri
2965 3294 3077 3339 non
3109 3279 3280 3335 solum
3309 3294 3476 3351 regno

1889 3375 2233 3438 exciderunt,
2273 3373 2370 3429 sed
2412 3371 2577 3427 etiam
2607 3371 2764 3441 vulgo
2795 3388 2879 3427 res
2913 3381 3125 3428 creatas
3156 3374 3286 3428 deos
3327 3373 3474 3427 arbi-

1894 3470 2018 3525 trati
2047 3476 2196 3534 sunt,
2223 3476 2280 3521 ut
2322 3466 2398 3520 ait
2437 3464 2690 3522 Salomon
2725 3483 2739 3519 :
2781 3484 2799 3517 ι
2837 3465 2964 3521 Vani
2995 3475 3172 3521 autem
3198 3476 3324 3522 sunt
3359 3483 3477 3522 om.

1894 3579 1992 3618 nes
2022 3561 2292 3624 homines,
2326 3559 2378 3614 in
2425 3557 2622 3628 quibus
2649 3573 2755 3613 non
2790 3558 2973 3613 subest
3006 3559 3230 3615 scientia
3263 3558 3394 3626 Dei;
3424 3569 3479 3615 et

1893 3657 1960 3712 de
1992 3656 2076 3710 his
2106 3669 2225 3724 qua:
2245 3651 2496 3709 videntur
2526 3650 2689 3716 bona,
2719 3666 2829 3706 non
2861 3661 3152 3722 potuerunt
3175 3651 3479 3723 intelligere

1895 3765 2042 3813 eum,
2076 3748 2167 3818 qui
2208 3754 2330 3814 est;
2379 3758 2558 3814 neque
2607 3743 2866 3813 operibus
2915 3745 3280 3812 attendentes,
3313 3759 3482 3815 agno-

1896 3851 2093 3900 verunt
2124 3840 2252 3911 quis
2272 3846 2420 3894 esset
2450 3835 2644 3893 artifex
2675 3853 2691 3892 :
2727 3837 2821 3893 sed
2879 3845 2972 3892 aut
3021 3836 3218 3908 ignem,
3253 3846 3344 3893 aut
3372 3837 3480 3907 spi-

1897 3935 2083 4002 ritum,
2113 3941 2207 3988 aut
2231 3933 2459 3988 citatum
2485 3944 2692 3995 aerem,
2729 3939 2821 3984 aut
2847 3945 3037 4002 gyrum
3064 3929 3366 3995 stellarum,
3385 3937 3481 3984 aut

1899 4025 2119 4082 nim-iatn
2147 4039 2368 4097 aqum,
2397 4033 2490 4078 aut
2520 4021 2688 4077 solem
2716 4031 2769 4076 et
2796 4022 2977 4075 lunam
3017 4061 3033 4089 ,
3061 4030 3304 4076 rectores
3331 4022 3482 4077 orbis

1901 4130 2170 4176 terrarum
2200 4118 2330 4195 deos
2391 4125 2736 4188 putaverunt.
2769 4117 3010 4183 Quorum
3040 4114 3084 4170 si
3120 4115 3300 4187 specie
3336 4115 3483 4170 deie-

1900 4213 2034 4271 ctati
2070 4215 2200 4269 deos
2224 4216 2578 4283 putaverunt,
2609 4207 2808 4274 sciant,
2831 4217 3035 4278 quanto
3070 4205 3154 4261 his
3181 4205 3484 4262 dominator

1900 4322 2089 4366 eorum
2118 4305 2416 4376 speciosior
2468 4311 2571 4358 est.
2599 4299 2811 4372 Speciei
2855 4298 2999 4356 enim
3051 4307 3338 4372 generator
3367 4298 3484 4355 hac

1901 4399 2085 4458 omnia
2141 4396 2442 4454 constituit.
2474 4395 2581 4450 Aut
2614 4395 2660 4452 si
2704 4394 2961 4450 virtutem
3004 4403 3061 4450 et
3090 4407 3255 4464 opera
3292 4407 3481 4448 eorum

1906 4492 2089 4550 mirati
2136 4501 2297 4562 sunt,
2331 4488 2634 4559 intelligant
2678 4487 2746 4543 ab
2778 4485 2907 4554 illis,
2940 4487 3197 4557 quoniam
3235 4485 3327 4557 qui
3368 4487 3484 4541 haec

216 4610 448 4665 namque
481 4603 661 4648 vestro
683 4585 1060 4645 Abrahamoin
1079 4585 1462 4656 Mesopotamia
1478 4597 1800 4655 conspectus
1833 4598 1877 4655 ι)
1909 4585 2036 4642 fecit
2091 4582 2283 4638 fortior
2317 4590 2401 4636 est
2441 4578 2549 4635 illis
2575 4596 2589 4634 :
2619 4593 2648 4631 a
2689 4576 3057 4644 magnitudine
3088 4576 3237 4630 enim
3279 4574 3483 4645 speciei

217 4686 384 4760 inquit
412 4705 427 4743 :
457 4707 477 4740 ι
513 4687 624 4757 Ego
658 4701 776 4739 sum
828 4683 970 4739 Deus
1000 4691 1122 4736 tuus
1147 4680 1281 4749 (lO')
1324 4699 1337 4736 :
1371 4681 1584 4736 ambula
1614 4695 1795 4736 coram

221 4797 322 4843 tne,
358 4791 413 4836 et
442 4789 560 4835 esto
591 4777 862 4849 perfectus
892 4777 960 4830 “.
995 4795 1014 4827 ι
1049 4773 1384 4830 Vocabulum
1420 4784 1599 4828 autem
1642 4773 1795 4837 Θεός,

222 4874 270 4927 id
296 4882 381 4927 est
421 4872 581 4934 Deus,
615 4883 718 4925 non
750 4877 1019 4933 naturam,
1049 4867 1141 4923 sed
1184 4866 1303 4937 ejus
1343 4866 1674 4921 functionem
1703 4869 1804 4920 de-

223 4977 432 5028 notare,
479 4966 655 5035 palam
708 4972 790 5017 est
845 4961 1146 5016 omnibus:
1193 4961 1477 5015 deducitur
1531 4961 1726 5029 quippe
1766 4973 1795 5012 a

223 5062 348 5125 θέω,
379 5062 482 5116 hoc
530 5069 637 5125 est,
665 5073 842 5120 curro,
876 5064 971 5111 aut
993 5069 1023 5108 a
1059 5052 1158 5120 θῶ,
1207 5053 1349 5122 quod
1397 5063 1498 5120 est,
1529 5052 1717 5124 molior
1745 5060 1798 5106 et

226 5154 545 5208 arcititector
576 5168 592 5206 :
624 5158 710 5206 est
738 5149 884 5204 enim
916 5146 1158 5201 omnium
1193 5145 1520 5200 architectus
1554 5155 1610 5198 et
1638 5142 1800 5198 moli-

229 5248 392 5301 tiOnis
416 5245 655 5301 universi
701 5252 914 5298 auctor.
959 5236 1320 5294 Architectari
1357 5247 1535 5291 autem
1567 5236 1799 5292 functio.

233 5354 372 5403 nem,
409 5353 514 5392 non
549 5346 795 5391 naturam
825 5333 1130 5402 designare,
1160 5327 1289 5383 nulli
1315 5326 1536 5382 dubium
1569 5337 1669 5383 est.

808 5572 856 5605 ³⁹
887 5569 1061 5624 Exod.
1100 5581 1276 5629 χχιιι,
1313 5564 1366 5622 6.

300 5575 508 5632 "Gen.
553 5573 708 5642 t,27.
808 5573 856 5605 ³⁹
887 5573 1061 5624 Exod.
1100 5581 1276 5629 χχιιι,

305 5646 434 5702 Gen.
481 5663 616 5702 xvu.
653 5646 702 5699 1.
779 5643 1022 5697 M*Exod.
1069 5655 1152 5702 ιιι,
1196 5636 1282 5690 14.

191 5653 194 5656 ’
235 5647 274 5680 ⁸³
305 5646 434 5704 Gen.
481 5663 616 5710 xvu,
653 5646 702 5699 1.

309 5878 414 5946 (l0)
442 5873 695 5929 Naziauz.
739 5870 811 5927 De
844 5863 1232 5928 moderatione,
1265 5871 1320 5916 et
1368 5868 1511 5916 orat.
1544 5857 1708 5914 altera
1738 5856 1804 5912 de

246 5950 399 6002 tiu-ul.

1477 5562 1526 5595 “
1549 5561 1691 5616 Psal.
1753 5574 1842 5624 cv,
1873 5557 1965 5614 29.

1363 5635 1410 5667 "
1444 5633 1615 5688 Exod.
1656 5647 1811 5698 xui,
1841 5630 1929 5686 18.

1908 4689 1962 4734 et
1986 4687 2257 4732 creaturae
2309 4670 2755 4741 cognoscihiliter
2786 4668 2986 4740 poterit
3031 4665 3262 4723 Creator
3289 4668 3485 4726 horum

1909 4770 2078 4825 videri
2103 4767 2207 4823 ⁸⁷.»
2253 4764 2464 4832 Videte,
2493 4777 2552 4818 ut
2596 4770 2720 4832 post
2773 4771 3053 4833 peccatum
3085 4759 3228 4815 Deus
3260 4774 3367 4814 non
3393 4775 3487 4814 co-

1909 4879 2024 4920 ram
2058 4879 2180 4917 cum
2212 4859 2546 4924 hominibus,
2577 4867 2636 4912 ut
2661 4871 2782 4912 cum
2809 4857 3039 4921 Adamo,
3071 4853 3372 4908 collocutus
3391 4852 3485 4920 sit,

1908 4956 2004 5011 sed
2042 4970 2134 5010 eos
2163 4969 2228 5008 ex
2279 4966 2503 5023 operum
2541 4946 2953 5020 pulchritudine
2997 4948 3061 5000 ad
3103 4947 3184 5001 sui
3234 4945 3484 5000 notitiam

1907 5051 2040 5120 erigi
2070 5048 2396 5120 permiserit.
2429 5046 2584 5112 Quod
2621 5045 2665 5099 si
2698 5057 2792 5098 eos
2818 5041 3010 5095 merito
3042 5054 3199 5093 ranos
3229 5036 3486 5093 Salomon

1911 5142 2223 5213 appellavit,
2251 5149 2453 5212 quanto
2479 5139 2648 5208 magis
2683 5136 2925 5191 vaniores
2960 5147 3054 5187 vos
3087 5131 3415 5202 appellaret,
3437 5131 3486 5186 si

1914 5235 2075 5290 hodie
2125 5241 2456 5304 superesset.
2509 5230 2642 5284 Nam
2698 5228 2773 5282 ilti
2828 5226 3059 5280 fortasse
3111 5224 3329 5290 habent,
3377 5238 3489 5293 quo

1913 5325 2070 5382 venia
2106 5324 2251 5394 digni
2283 5324 2413 5378 sint.
2444 5321 2585 5388 Quid
2619 5318 2726 5374 ita?
2755 5315 2899 5386 quod
2927 5312 3024 5369 Dei
3047 5313 3292 5368 notitiam
3319 5317 3489 5370 vcsti—

2066 5554 2112 5589 *ί
2147 5555 2291 5611 Psal.
2323 5567 2511 5620 cxvttt,
2550 5554 2638 5608 73.
2748 5549 2795 5584 “
2841 5546 2984 5606 Psal.
3045 5563 3245 5616 xxxnt,
3293 5547 3382 5613 16,
3419 5548 3486 5603 17

2010 5628 2057 5660 ⁸⁸
2087 5627 2261 5683 Exod.
2290 5640 2479 5688 xxxiv,
2508 5624 2563 5680 1.
2637 5622 2682 5656 ⁸⁷
2713 5623 2845 5691 Sap.
2875 5633 2996 5685 χιιι,
3034 5620 3060 5675 1
3092 5634 3248 5689 seqq.

1986 5854 2120 5924 (l0')
2152 5852 2227 5906 ita
2266 5850 2467 5924 habent
2489 5847 2649 5924 DXX,
2686 5843 3104 5924 prgullontittus
3133 5840 3485 5908 omnipotens.

1989 5914 2035 5995 (1
2055 5914 2383 5994 1)’Ν;ικι;ιιη.
2417 5922 2468 5976 in
2494 5914 2739 5975 Natalem
2765 5915 2892 5981 227,
2919 5914 3009 5968 26.
