4082 6294
545 360 647 425 807

1761 355 2187 441 ANDBONICI
2241 357 2585 419 COMNENI

3692 354 3786 418 808

546 491 756 552 gantea,
780 478 845 533 ad
869 478 1257 551 ignorationem
1284 477 1548 541 compulsi
1576 477 1871 547 sunt.Vos,
1903 478 1956 533 in
1977 485 2123 533 tanta
2153 476 2199 534 Α
2230 483 2409 538 ctans,
2438 482 2603 543 atque
2650 469 2840 527 ordine
2888 485 3243 543 componens,
3280 467 3602 528 et'molienti
3652 460 3787 523 Patri

549 583 731 629 vatum
763 588 960 628 corona
1016 581 1071 628 et
1094 573 1417 643 scriptorum
1452 572 1814 637 multitudine,
1850 572 1983 625 adeo
2011 582 2117 623 non

548 666 847 737 vestigatis,
884 676 944 720 ut
981 666 1144 721 etiam
1176 681 1296 736 quae
1323 666 1521 735 scripta
1552 678 1677 721 sunt
1712 664 2046 719 adulterctis.

614 757 736 816 Jun.
764 758 1068 815 Pcr’Mosen
1093 760 1108 814 i
1147 760 1236 829 qui
1260 775 1408 814 mare
1439 760 1679 816 Rubrum
1707 759 1891 813 dextra
1916 754 2119 821 divisit,

548 867 676 906 vera
728 851 906 904 omnia
961 865 1171 905 narras.
1216 849 1579 915 Quamobrem
1610 850 1739 905 dum
1784 849 1871 904 hic
1898 846 2036 917 apud
2070 857 2120 900 te

549 944 832 1006 adsumus,
872 942 1213 1010 Seripturam
1265 942 1597 998 evolvamus.
1649 940 1750 1007 Tu,
1801 942 1944 1011 quod
1996 947 2121 992 ante

548 1035 881 1100 dicebamus,
916 1034 1074 1091 nobis
1103 1045 1495 1101 commonstra,
1525 1034 1646 1105 quis
1696 1044 2003 1089 nostrorum
2028 1046 2126 1084 va-

546 1139 657 1184 tum
693 1130 1095 1199 generationem
1153 1128 1268 1193 Del,
1304 1127 1611 1197 genitumve
1658 1124 1826 1181 Deum
1875 1128 2118 1192 usurpet.

546 1220 601 1275 id
633 1220 776 1275 enim
825 1219 995 1288 magis
1037 1220 1243 1275 animos
1290 1226 1507 1275 nostros
1553 1219 1607 1274 in
1652 1226 1931 1287 stuporem
1957 1223 2120 1284 atque

544 1312 939 1366 dubitationem
976 1310 1137 1381 rapit.

1160 1445 1388 1504 CAPUT
1430 1445 1519 1502 Vl.

546 1564 629 1619 Ex
656 1564 921 1634 prophetia
968 1564 1261 1618 ostenditur
1294 1562 1561 1619 Christum
1596 1580 1627 1617 α
1656 1560 1818 1616 Patre
1857 1561 2112 1633 genitum.

610 1676 836 1732 Cumsr.
867 1676 1061 1731 Audite
1090 1690 1254 1745 porro
1305 1674 1612 1731 Salomonis
1644 1674 1830 1731 verba.
1859 1671 2019 1740 Quod
2070 1673 2115 1727 si

540 1771 666 1839 quid
702 1769 897 1824 melius
944 1769 1118 1834 scitis,
1149 1769 1336 1824 docete
1376 1783 1527 1823 sane.
1557 1768 1739 1838 Neque
1790 1767 1937 1823 enim
1968 1780 2118 1821 vere-

540 1862 746 1918 cundor
799 1870 1014 1931 propter
1036 1860 1199 1915 Deum
1248 1860 1518 1913 hominem
1550 1857 1732 1914 Jesum
1763 1872 1939 1914 meum
2002 1857 2116 1914 dis-

541 1954 703 2025 cipuli
762 1968 1044 2024 personam
1078 1952 1344 2008 induere:
1380 1969 1399 2005 ‹
1439 1951 1694 2007 Dominus
1725 1952 1965 2023 possedit
2001 1950 2112 2021 (12)

542 2060 635 2100 me
668 2045 721 2101 in
771 2045 927 2101 initio
965 2044 1178 2099 viarum
1214 2059 1459 2111 suarum,
1490 2052 1777 2112 antequam
1822 2044 2115 2114 quidquam

540 2138 745 2196 faceret
776 2155 806 2193 a
840 2137 1134 2210 principio.
1179 2135 1259 2191 Ab
1283 2146 1487 2193 aeterno
1516 2137 1763 2191 ordinata
1795 2150 1937 2204 sum,
1965 2143 2021 2190 et
2050 2150 2117 2190 ex

537 2230 801 2303 antiquis,
858 2241 1151 2301 antequam
1206 2236 1350 2281 terra
1415 2227 1589 2285 ﬂeret.
1648 2227 1895 2283 Nondum
1957 2234 2117 2283 erant

540 2327 745 2399 abyssi,
776 2335 829 2382 et
856 2339 956 2396 ego
996 2326 1107 2396 jam
1138 2332 1400 2393 concepta
1448 2336 1598 2378 eram
1629 2340 1643 2377 :
1676 2323 1905 2376 necdum
1938 2319 2119 2377 fontes

539 2433 805 2489 aquarum
858 2424 1197 2483 eruperant:
1232 2414 1464 2469 necdum
1513 2422 1724 2469 montes
1775 2412 1927 2482 gravi
1978 2413 2120 2469 mole

538 2512 932 2573 constiterant;
966 2518 1091 2561 ante
1120 2519 1309 2561 omnes
1330 2504 1494 2560 colles
1524 2518 1621 2575 ego
1651 2502 2111 2574 parturiebar“.s

536 2597 636 2653 Hic
670 2616 690 2650 ι
719 2596 925 2653 Creaait
956 2613 975 2647 ι
1010 2594 1171 2665 (quod
1198 2594 1415 2665 ponitur
1444 2608 1473 2647 a
1501 2591 1662 2663 LXX)
1694 2608 1801 2648 non
1834 2592 2109 2659 moliendi,

537 2688 631 2746 sed
656 2687 909 2759 gignendi
944 2689 1048 2740 vim
1070 2684 1708 2753 habere,inteliigendum
1731 2692 1836 2743 est.
1864 2684 2119 2740 Solemne

538 2791 619 2839 est
640 2781 785 2839 eitim
800 2796 968 2837 sacrae
996 2778 1485 2850 Srripturae,vicina
1508 2794 1607 2847 pro
1630 2781 1817 2837 vicinis
1836 2795 2118 2851 usurpare,

538 2884 598 2930 ut
619 2889 741 2931 cum
788 2875 853 2927 de
884 2872 1030 2928 Mose
1057 2873 1187 2927 ait:
1240 2891 1259 2926 Ι
1315 2871 1570 2927 Adultum
1618 2888 1842 2945 puerum
1900 2872 2122 2927 tradidit

538 2969 665 3023 tilias
752 2964 1070 3031 Pharaonis,
1114 2979 1275 3035 quem
1330 2962 1420 3019 illa
1471 2962 1598 3019 fecit
1638 2964 1741 3021 sibi
1769 2965 1933 3019 illium
1994 2966 2063 3021 δ’.
2095 2984 2115 3020 t

537 3058 699 3129 Atqui
749 3074 857 3115 non
900 3057 1049 3124 fecit,
1089 3058 1184 3112 sed
1238 3058 1569 3128 nuncupavit
1605 3056 1708 3113 sibi
1763 3056 1950 3113 lilium.
1989 3058 2119 3113 item

537 3151 757 3208 David:
800 3171 819 3203 σ
863 3149 1013 3206 Facti
1056 3166 1240 3207 sumus
1288 3152 1341 3205 in
1374 3151 1719 3221 opprobrium
1760 3151 1953 3207 vicinis
2008 3167 2105 3208 no-
2132 3165 2176 3226 (ε

543 3244 676 3301 geris
701 3242 804 3306 ",a
838 3256 955 3311 pro,
987 3238 1228 3296 Fuimus.
1254 3238 1371 3295 Jam
1401 3255 1527 3295 vero
1548 3250 1671 3295 ante
1692 3241 1890 3297 caelum
1923 3249 1975 3296 et
1998 3249 2111 3297 ter-

538 3348 676 3396 Μη,
708 3331 883 3389 Moses
931 3330 1130 3385 nullam
1180 3330 1339 3385 aliam
1386 3344 1497 3387 rem
1543 3339 1778 3387 creatam
1810 3331 2108 3398 exstitisse,

538 3424 832 3482 revelavit:
865 3442 884 3478 ι
919 3422 1206 3491 Principio,
1232 3422 1502 3493 inquiens,
1522 3422 1725 3479 creavit
1750 3422 1892 3482 Deus
1914 3425 2111 3479 coelum

540 3526 595 3572 et
631 3528 829 3571 terram
854 3517 956 3574 “.s
998 3513 1150 3583 Quod
1180 3516 1225 3571 si
1258 3514 1384 3587 quid
1415 3516 1689 3585 antiquius
1716 3516 2102 3582 exstitisset,id

541 3607 709 3666 dubio
746 3608 933 3679 procul
990 3609 1139 3679 prius
1176 3616 1506 3665 tractaturus
1540 3608 1756 3665 fuisset.
1800 3607 1913 3666 Etsi
1963 3617 2111 3677 sunt,

541 3701 633 3771 qui
681 3698 1037 3771 intelligentes
1072 3698 1407 3755 substantias
1434 3699 1586 3767 prius
1633 3698 1883 3756 conditas
1921 3700 2114 3755 existi-

541 3803 711 3859 ment,
750 3792 912 3847 veluti
946 3791 1114 3847 altera
1154 3793 1402 3862 quaedam
1439 3792 1663 3860 lumina,
1700 3800 1756 3848 et
1800 3791 1913 3849 Deo
1942 3793 2115 3864 magis

538 3883 881 3954 coniunctas.
914 3881 984 3937 At
1016 3892 1181 3937 terret
1210 3896 1297 3938 me
1329 3881 1420 3937 Dei
1455 3880 1523 3937 ad
1544 3878 1644 3936 Job
1668 3896 1869 3951 sermo,
1890 3882 2113 3939 dicens:

543 3991 564 4026 ι
599 3973 733 4028 Cum
755 3980 903 4028 astra
930 3972 1264 4029 cunderentu
1276 3988 1322 4040 r,
1345 3971 1638 4027 laudabant
1662 3986 1750 4028 me
1773 3986 1962 4046 magna
1982 3985 2117 4030 voce

538 4077 729 4120 omnes
757 4062 931 4133 angeli
961 4062 1065 4117 mei
1083 4063 1185 4115 η.»
1208 4066 1365 4118 Astra
1396 4063 1539 4117 enim
1573 4064 1795 4120 omnino
1816 4063 1903 4119 die
1923 4074 2116 4133 quarto

538 4156 828 4213 constituta
857 4165 1005 4213 sunt.
1032 4154 1199 4226 igitur
1226 4155 1272 4211 si
1304 4158 1369 4210 de
1397 4164 1670 4211 astrorum
1694 4156 1972 4213 creatione
1991 4172 2115 4214 eum

542 4244 720 4316 angeli
770 4246 1169 4312 collaudabant,
1210 4244 1382 4299 multo
1424 4245 1599 4317 magis
1640 4246 1706 4300 de
1754 4246 1917 4312 ccelo,
1944 4255 2113 4315 terra,

541 4352 680 4409 aqua
705 4344 758 4392 et
788 4336 929 4395 luce.
955 4338 1059 4393 Sed
1114 4337 1255 4393 hanc
1299 4337 1544 4392 insanam
1589 4338 1880 4395 multorum
1928 4339 2117 4396 existi-

543 4430 838 4485 litationem
874 4430 1157 4500 perSpicue
1203 4428 1458 4499 frangens
1484 4428 1758 4497 Salomon,
1805 4431 1964 4502 paulo
1993 4441 2117 4503 post

2223 565 2518 620 molitionis
2546 579 2767 620 consors
2785 563 2811 617 ἵ

2290 673 2413 731 Jun.
2440 674 2548 730 Cur
2574 688 2749 730 autem
2775 674 2818 729 si
2852 676 2915 730 de
2940 674 3076 730 Filio
3110 690 3207 729 nos
3236 674 3495 730 docturus
3524 678 3665 737 erat,
3688 686 3811 726 non-

2220 764 2378 829 dixit,
2403 763 2647 834 Aptator,
2670 763 2763 820 sed
2802 782 2821 817 ι
2852 764 3128 832 Aptatrix‘i
3155 782 3176 817 ι
3199 765 3273 819 ita
3297 778 3362 817 ex
3387 760 3526 816 LXX
3553 762 3790 817 versione

2223 858 2509 913 dicendum
2560 873 2656 927 pro
2686 859 2777 913 illo
2804 875 2820 913 :
2860 876 2880 910 ι
2905 857 3039 911 Cum
3072 871 3138 913 eo
3164 871 3311 912 eram
3338 864 3532 913 cuncta
3582 868 3791 926 compo-

2222 965 2373 1004 nens.
2433 969 2453 1002 ι

2290 1062 2512 1119 Οηιιιετ.
2547 1060 2666 1117 Jam
2716 1062 2851 1118 dixi.
2917 1058 3083 1117 Vates
3135 1062 3201 1116 de
3238 1060 3367 1127 Deo,
3402 1073 3507 1114 non
3538 1065 3789 1128 quantum

2220 1166 2322 1220 est,
2356 1157 2634 1219 dixerunt,
2664 1154 2757 1210 sed
2805 1163 3065 1221 quantum
3107 1150 3395 1222 cogitando
3442 1162 3792 1219 assequeren-

2220 1258 2331 1313 tur,
2366 1249 2724 1319 scripserunt.
2757 1248 2877 1316 Quo
2908 1247 3051 1303 enim
3084 1247 3243 1301 modo
3288 1242 3790 1313 comprehendatur,

2226 1343 2370 1412 quod
2426 1340 2814 1411 comprehendi
2868 1354 2976 1395 non
3028 1336 3245 1409 potest?
3285 1334 3419 1390 Nam
3450 1350 3575 1390 cum
3605 1346 3791 1387 arenas

2218 1437 2405 1501 maris,
2433 1444 2487 1491 et
2532 1434 2705 1489 stillas
2734 1433 2948 1504 pluviae,
2984 1432 3369 1499 stellarumque
3400 1425 3790 1483 multitudinem

2196 1580 2201 1589 ,
2220 1538 2452 1599 nequeat
2474 1528 2598 1598 quis
2619 1540 2926 1590 numerare,
2948 1525 3151 1580 scilicet
3173 1522 3338 1577 Deum
3361 1519 3609 1591 principii
3636 1528 3791 1587 atque

2221 1623 2343 1675 iinis
2366 1632 2640 1690 expertem
2688 1615 3152 1689 comprehendet?
3186 1614 3371 1683 itaque
3397 1612 3535 1667 alius
3571 1609 3669 1665 Dei
3704 1626 3789 1665 sa-

2220 1710 2475 1781 pientiam
2522 1708 2714 1763 Filium
2754 1709 3007 1775 vocavit;
3038 1706 3176 1761 alius
3205 1714 3463 1765 mentem,
3497 1702 3636 1759 alius
3667 1701 3791 1758 lucis

2145 1819 2194 1878 Β
2222 1802 2603 1871 simulacrum;
2658 1800 2797 1856 alius
2835 1814 3148 1870 expressam
3200 1798 3491 1868 quamdam
3528 1794 3788 1860 fortnam;

2221 1896 2358 1951 alius
2387 1896 2525 1950 vires
2549 1912 2565 1961 ;
2601 1894 2741 1951 alius
2766 1892 2959 1948 Filium
2984 1908 3000 1959 ;
3027 1906 3218 1948 omnes
3247 1906 3411 1946 unum
3446 1900 3500 1945 et
3522 1888 3788 1945 eumdem.

2219 1990 2313 2045 Sin
2336 1998 2514 2043 autem
2547 2003 2703 2043 secus
2731 1986 3115 2057 prophetarum
3138 1998 3298 2040 voces
3327 1980 3591 2051 accipitis,
3608 1994 3792 2035 vereor

2218 2097 2287 2137 ne
2314 2080 2648 2151 splendidam
2678 2078 2781 2135 SS.
2810 2078 3093 2136 Trinitatis
3134 2078 3311 2132 lucem
3362 2074 3712 2145 refugientes,
3740 2071 3793 2126 in

2219 2174 2544 2244 profundum
2579 2172 2810 2243 plurium
2837 2172 3058 2227 deorum
3081 2184 3176 2227 vos
3210 2168 3582 2241 praecipitetis.

2290 2265 2457 2335 Igitur
2481 2264 2657 2318 denuo
2695 2262 2877 2317 audite
2909 2260 3255 2317 Salomonem
3286 2258 3464 2329 palam
3486 2256 3794 2313 vociferan-

2223 2363 2329 2411 tem
2361 2373 2377 2413 :
2410 2374 2429 2408 ί
2475 2354 2741 2411 Omnibus
2771 2352 3057 2409 mobilibus
3094 2351 3344 2407 mobilior
3369 2358 3451 2405 est
3480 2349 3746 2420 sapientia
3775 2364 3793 2415 ;

2220 2446 2438 2517 attingit
2487 2456 2667 2501 autem
2721 2444 2917 2513 ubique
2973 2454 3192 2513 prepter
3254 2456 3407 2497 suam
3454 2438 3795 2497 munditiam.

2224 2535 2407 2607 Vapor
2432 2544 2517 2592 est
2553 2534 2699 2591 enim
2727 2534 2945 2591 virtutis
2977 2534 3095 2602 Dei,
3138 2544 3193 2589 et
3248 2533 3518 2587 emanatio
3549 2534 3797 2605 quadam

2222 2639 2305 2686 est
2334 2629 2594 2686 claritatis
2622 2628 3012 2697 omnipotentis
3033 2627 3123 2683 Dei
3159 2626 3374 2683 sincera
3400 2642 3415 2681 :
3437 2635 3491 2682 et
3520 2625 3644 2681 ideo
3668 2622 3801 2680 nihil

2220 2722 2561 2792 inquinatum
2592 2721 2647 2776 in
2676 2735 2797 2776 eam
2833 2718 3084 2775 incurrit.
3123 2716 3342 2774 Candor
3374 2725 3459 2773 est
3484 2714 3633 2771 enim
3665 2714 3802 2772 lucis

2223 2823 2460 2876 aeternae,
2509 2820 2564 2868 et
2607 2810 2885 2881 speculum
2912 2810 3030 2864 sine
3078 2808 3291 2863 macula
3325 2804 3421 2861 Dei
3478 2805 3798 2873 ntajestatia,

2220 2913 2275 2961 et
2301 2904 2477 2973 imago
2503 2902 2759 2959 bonitatis
2782 2901 2926 2956 illius
2942 2899 3013 2954 ⁸⁸.
3045 2917 3065 2952 ι
3101 2897 3207 2954 Sed
3232 2896 3472 2962 omissis,
3504 2911 3629 2965 quas
3658 2896 3793 2967 apud

2223 2995 2532 3066 Sapientem
2567 2999 2713 3060 sunt,
2742 2992 3032 3063 imaginem
3087 2990 3255 3047 solam
3284 3004 3603 3062 persequar.
3638 2988 3795 3055 Sunt,

2223 3092 2447 3162 putatis,
2472 3092 2525 3145 in
2564 3090 2703 3147 coelo
2734 3088 2968 3160 pictores
2994 3103 3059 3144 ac
3089 3088 3339 3145 colores?

2230 3242 2239 3253 ,
2282 3182 2406 3242 Jun.
2450 3183 2692 3239 Minime.

2282 3301 2506 3358 Cnats'r.
2528 3301 2595 3356 Et
2612 3308 2826 3369 quaeest
2848 3315 3010 3371 porro
3036 3298 3152 3355 hate
3180 3298 3271 3354 Dei
3293 3296 3552 3354 bonitatis
3580 3296 3804 3367 imago?

2216 3409 2320 3451 nec
2348 3395 2523 3449 solum
2544 3395 2721 3463 imago
2750 3394 3087 3466 simpliciter,
3119 3394 3215 3448 aed
3244 3407 3339 3462 per
3360 3391 3540 3447 omnia
3568 3389 3804 3446 similis?

2211 3486 2319 3541 Aut
2365 3500 2495 3557 ergo
2545 3486 2832 3557 imaginem
2890 3485 3198 3546 concedite,
3258 3493 3354 3538 aut
3390 3497 3603 3538 mecum
3637 3482 3801 3539 unius

2213 3590 2420 3635 natura:
2440 3587 2493 3634 et
2524 3578 2837 3635 substantia
2860 3593 2982 3634 cum
3012 3576 3172 3633 Patre
3192 3575 3386 3631 Filium
3415 3575 3681 3631 iatemini.

2282 3667 2407 3727 Jun.
2463 3669 2720 3725 Fatemur
2754 3686 2772 3739 ;
2829 3670 2947 3737 sed,
2988 3668 3204 3737 amabo,
3235 3668 3379 3725 idem
3415 3668 3573 3724 nobis
3592 3681 3663 3724 ex
3690 3665 3799 3723 alio

2217 3762 2485 3834 propheta
2511 3762 2777 3819 edissere.

2284 3878 2511 3935 Cnatsr.
2573 3876 2723 3931 isaia:
2745 3876 2907 3931 verba
2937 3880 3065 3930 sunt
3101 3889 3116 3929 :
3162 3890 3183 3928 ι
3240 3870 3508 3928 Parvulos
3533 3881 3697 3927 natus
3714 3878 3797 3927 est

2220 3971 2396 4039 nobis,
2436 3978 2493 4025 et
2548 3967 2695 4024 illius
2744 3968 2903 4023 datus
2925 3975 3009 4022 est
3034 3965 3211 4030 nobis,
3232 3972 3289 4020 et
3333 3963 3505 4019 iactus
3539 3971 3627 4019 est
3649 3963 3799 4033 prin-

2218 4063 2436 4133 cipatus
2486 4075 2647 4131 super
2672 4058 2957 4115 humerum
3015 4057 3246 4127 ejus;et
3292 4054 3573 4111 vocabitur
3601 4070 3794 4109 nomen

2216 4154 2338 4226 ejus
2386 4152 2568 4225 magni
2590 4148 2804 4207 consilii
2838 4148 3095 4219 Angelus,
3133 4148 3493 4211 admirabilis,
3528 4147 3793 4203 consilia-

2217 4248 2332 4304 rius
2364 4247 2429 4303 ".
2486 4265 2507 4299 ι
2543 4242 2749 4299 Videtis
2784 4242 2959 4297 Patris
2986 4240 3390 4297 consiliarium?
3437 4237 3649 4296 Videtis
3678 4254 3795 4294 ma-

2218 4340 2305 4413 gni
2352 4336 2562 4394 consilii
2612 4334 2912 4407 Angelum?
2948 4333 3042 4389 Est
3097 4333 3239 4389 enim
3264 4331 3430 4387 Filius
3453 4332 3709 4403 ἄγγελος,
3740 4340 3796 4386 ιιι

2218 4432 2309 4505 qui
2362 4446 2392 4487 a
2427 4429 2586 4485 Patre
2631 4425 2813 4484 arcani
2872 4427 2941 4482 ab
2970 4425 3448 4482 omniaternitate
3470 4426 3672 4482 occulti
3701 4426 3799 4480 ab-

541 4521 693 4579 addit
722 4538 740 4577 :
776 4541 796 4576 ι
828 4522 969 4578 Ante
996 4537 1183 4578 omnes
1216 4522 1383 4578 colles
1428 4523 1599 4593 gignit
1636 4524 1806 4591 me",
1839 4539 1903 4580 ac
1929 4526 2116 4595 paula-
2152 4518 2199 4576 ι)
2227 4526 2339 4579 dita
2378 4522 2448 4577 ad
2484 4522 2733 4578 homines
2784 4518 3064 4591 pertulerit
3124 4532 3187 4574 ac
3220 4518 3602 4589 promulgarit.
3655 4519 3799 4574 Con-

544 4615 639 4670 tim
696 4627 818 4684 quas
864 4613 1127 4669 scriberet
1206 4613 1480 4669 iilustrans
1528 4614 1787 4684 subiicit:
1842 4635 1860 4669 ι
1899 4616 2128 4684 Quando
2224 4614 2463 4669 siliarius
2516 4619 2619 4675 est.
2676 4612 2768 4681 qui
2827 4625 2854 4665 a
2904 4610 3064 4666 Patre
3108 4610 3388 4665 audierit:
3426 4628 3447 4661 ‹
3508 4607 3800 4665 Faciamus

541 4707 740 4761 :ethera
770 4706 1019 4775 ﬁrmabat
1045 4720 1262 4760 sursum
1292 4717 1346 4760 et
1374 4704 1601 4761 librabat
1633 4706 1807 4765 fontes
1836 4724 2120 4780 aquarum;
2226 4706 2500 4761 hominem
2519 4706 2582 4759 ad
2604 4703 2895 4773 imaginem
2921 4712 2976 4757 et
2994 4703 3401 4758 similitudinem
3416 4711 3656 4757 nostram
3677 4702 3747 4757 ".
3772 4719 3793 4753 ι

543 4796 759 4865 quando
786 4794 1156 4849 circumdabat
1184 4796 1315 4848 mari
1354 4796 1639 4850 terminum
1669 4810 1847 4863 suum,
1874 4808 1928 4852 et
1955 4798 2123 4866 legem
2225 4798 2289 4852 Et
2334 4812 2594 4851 rursum:
2631 4816 2649 4849 ι
2692 4794 2831 4851 Ecce
2901 4794 3071 4848 Adam
3114 4794 3267 4864 quasi
3327 4810 3464 4850 unus
3516 4809 3585 4851 ex
3640 4796 3799 4850 nobis

542 4883 778 4953 ponebat
834 4882 1013 4952 aquis,
1058 4897 1124 4937 ne
1161 4884 1458 4937 transirent
1518 4882 1653 4939 lines
1695 4899 1861 4951 suos;
1904 4888 2119 4954 quando
2222 4887 2396 4943 factus
2425 4897 2525 4943 est.
2562 4888 2713 4942 Nunc
2746 4901 2874 4957 ergo
2906 4903 2972 4942 ne
3004 4886 3138 4940 forte
3171 4886 3349 4940 mittat
3378 4901 3595 4940 manum
3615 4902 3797 4950 suam,

544 4975 878 5045 appendebat
914 4974 1257 5029 fundamenta
1297 4985 1472 5037 terrm,
1506 4992 1630 5031 cum
1662 4992 1723 5031 eo
1754 4992 1897 5031 cram
1924 4990 2117 5032 cuncta
2221 4992 2275 5032 et
2330 4988 2503 5031 sumat
2533 4980 2693 5032 etiam
2727 4977 2793 5032 de
2825 4978 2968 5045 ligno
3017 4977 3161 5039 vitae,
3192 4982 3244 5028 et
3278 4974 3542 5037 comedat,
3575 4982 3631 5029 et
3654 4972 3800 5027 vivat

546 5080 870 5135 componens
888 5065 953 5119 ³⁸.
993 5084 1013 5119 ι
1056 5066 1258 5130 Videte,
1284 5077 1340 5120 ut
1367 5069 1567 5122 sensim
1590 5069 1793 5123 socium
1824 5070 1969 5124 Patri
2002 5072 2119 5137 opi-
2221 5073 2272 5126 in
2302 5084 2559 5128 mter-num
2587 5073 2654 5137 ⁵⁸,
2681 5092 2695 5121 ι
2721 5088 2841 5127 eun:
2868 5073 3116 5143 paradiso
3142 5070 3438 5139 exigamus.
3456 5068 3522 5122 Et
3555 5067 3753 5122 iterum
3781 5080 3795 5115 :

547 5158 699 5214 licem
730 5157 923 5213 Filium
964 5159 1221 5214 declaret.
1252 5159 1393 5225 Quid
1439 5162 1580 5215 enim
1610 5161 1755 5216 aliud
1782 5172 1881 5228 est,
1920 5180 1940 5213 ι
1978 5161 2113 5218 Cum
2231 5184 2249 5218 ι
2285 5164 2498 5231 Venite,
2530 5168 2940 5232 descendamus,
2969 5175 3022 5220 et
3046 5164 3438 5220 coniundamus
3458 5162 3530 5217 ibi
3556 5160 3796 5232 linguam

544 5267 609 5319 eo
637 5265 787 5306 eram
841 5259 1035 5305 cuncta
1070 5264 1421 5322 componens,
1482 5271 1503 5306 ι
1540 5269 1699 5324 quam
1744 5268 1845 5307 una
1880 5256 2115 5311 archite-
2217 5272 2405 5313 eorum
2429 5260 2496 5314 ”.
2540 5276 2560 5310 ι

618 5428 664 5460 ’⁵⁸
704 5430 1010 5503 Progvttt.
1039 5430 1111 5503 '22
1168 5442 1217 5487 et
1248 5446 1399 5502 seqq.
1503 5432 1550 5465 “
1576 5432 1740 5487 Exod.
1774 5448 1837 5499 tt,
1870 5434 1924 5498 9,
1956 5434 2046 5489 it).
2152 5435 2201 5468 "
2234 5435 2371 5492 Psal.
2432 5451 2660 5503 Lxxvnt,
2690 5435 2744 5489 4.
2858 5436 2899 5467 ⁵⁸
2930 5434 3065 5490 Gen.
3098 5450 3136 5497 t,
3167 5433 3218 5487 i.
3350 5434 3395 5467 "
3427 5431 3529 5487 Job
3564 5445 3793 5503 “xviri,

547 5498 580 5553 7
605 5514 717 5578 εις.
742 5500 901 5578 LliX;
990 5504 1035 5534 ⁸⁸
1064 5502 1221 5578 Prov.
1256 5498 1473 5578 nugas
1526 5519 1636 5560 sec.
1667 5498 1831 5578 cxx.
1891 5505 2097 5563 “ibid.

2216 5524 2313 5574 uti,
2345 5508 2434 5562 50.
2491 5507 2537 5539 ⁵⁸
2565 5498 2693 5578 sup.
2726 5521 2821 5572 vtt,
2851 5507 2921 5562 24
2951 5519 3102 5577 seqq.
3145 5504 3195 5537 ⁸⁸
3228 5504 3330 5559 lsa.
3354 5520 3430 5569 ιι,
3460 5507 3512 5560 6.
3579 5503 3622 5536 ⁸⁷
3650 5500 3790 5559 Gen.

546 5586 586 5635 ι,
614 5571 705 5629 ‘26.
782 5573 828 5606 "
859 5572 993 5629 Gen.
1022 5587 1102 5641 tu,
1131 5572 1224 5629 22.
1349 5575 1393 5607 ⁵⁸
1418 5574 1550 5629 Gen.
1582 5590 1657 5640 at,
1684 5575 1738 5630 7.

796 5789 956 5857 LXX,
1012 5790 1218 5858 ἔκτισε,
1262 5793 1478 5859 creavit,
1519 5806 1615 5860 pro
1640 5792 1926 5864 ἐκτήσατο.
1984 5786 2114 5846 Vide

2252 5790 2402 5849 ilier.
2437 5790 2546 5858 hic,
2583 5798 2639 5846 et
2688 5788 2740 5845 in
2780 5803 2833 5847 c.
2884 5803 2975 5844 avt
3023 5786 3153 5856 isa.,
3192 5794 3322 5854 etc.,
3398 5798 3453 5841 et
3504 5793 3658 5840 notas
3719 5777 3793 5835 ad
