4082 6294
580 291 680 361 811

1787 285 2214 351 ANDRONICI
2235 290 2605 354 .COMN'ENI
3727 308 3818 371 8i?

486 469 488 471 ,
583 407 786 463 timens
839 401 1150 469 Dominum,
1205 400 1384 460 audiet
1416 411 1599 454 vocem
1625 396 1771 452 servi
1802 399 1881 452 sui
1917 398 2010 452 7‘?
2039 417 2056 449 ι
2092 399 2155 452 Et
2187 413 2228 470 Α
2261 402 2514 470 prehendi
2551 417 2707 471 posse
2743 386 3003 470 prresciit,
3068 408 3279 480 singula
3313 410 3517 467 detexit
3547 430 3562 468 :
3587 431 3699 486 qua:
3726 436 3817 474 non

570 499 867 572 .Sapieutia
904 517 917 554 :
960 518 979 551 ι
1017 499 1150 552 Cum
1188 511 1363 550 meum
1396 492 1587 547 Filium
1609 508 1716 546 non
1741 493 2031 555 audierint,
2066 508 2166 562 ego

583 605 798 663 quoque
851 604 944 646 eos
976 605 1080 644 non
1113 587 1417 650 exaudiam,
1454 585 1586 642 dicit
1633 583 1890 640 Dominus
1916 587 2168 656 omnipo-

587 698 701 740 lens
736 685 803 738 ".
843 701 860 734 ι
891 679 958 738 Et
1017 681 1176 747 058",
1204 698 1266 734 ex
1319 696 1546 747 persona
1581 679 1671 734 Dei
1709 697 1722 733 :
1762 698 1780 731 ι
1826 680 1904 734 Ex
1935 679 2167 750 Algypto

589 777 773 830 vocavi
807 776 970 829 filium
1008 789 1184 828 meum
1219 776 1335 844 "1.»
1364 781 1428 828 Et
1462 772 1646 835 David,
1677 791 1694 824 ι
1735 772 1878 826 Dixit
1908 771 2168 826 Dominus

583 869 814 924 Domino
843 882 962 922 meo
984 869 1050 922 ⁷⁸.
1087 887 1106 920 ι
1147 867 1218 922 De
1251 869 1352 922 hoc
1381 867 1544 935 igitur
1575 865 1703 935 quid
1737 865 2010 920 censetis?
2035 865 2168 932 Quis

585 961 722 1017 alius
758 959 1016 1015 Dominus
1045 959 1270 1014 Domino
1302 959 1469 1014 dixit?
1497 970 1588 1014 aut
1619 960 1704 1013 cui
1740 959 1893 1012 alteri
1922 958 2167 1023 Domino,

582 1072 746 1128 quam
771 1054 1026 1110 Dominus
1073 1055 1213 1110 Deus
1241 1053 1420 1121 Pater,
1480 1054 1726 1120 Domino,
1782 1053 1838 1108 id
1871 1063 1974 1118 est,
2014 1053 2165 1123 ejus-

582 1150 704 1204 dem
758 1157 966 1202 natura:
1012 1147 1125 1203 Deo
1148 1158 1204 1203 et
1236 1147 1417 1202 Filio?
1449 1147 1615 1202 Nemo
1666 1147 1808 1202 enim
1862 1147 1997 1202 alius
2063 1147 2170 1201 Deo

582 1251 641 1296 et
663 1241 806 1296 Patri
836 1243 1027 1296 dexter
1053 1243 1275 1307 assidet,
1310 1257 1473 1313 quam
1501 1242 1740 1313 ejusdem
1776 1252 1981 1301 naturas
2031 1239 2171 1296 Deus

585 1343 641 1389 et
665 1331 854 1389 Filius.
881 1330 1036 1399 Quod
1072 1335 1411 1390 verissimum
1437 1348 1574 1399 esse,
1606 1333 1836 1403 accipite
1861 1348 1924 1388 ex
1950 1332 2170 1399 Davlde,

579 1425 661 1480 sic
725 1424 889 1495 paulo
924 1435 1047 1494 post
1092 1426 1367 1481 scribente
1403 1444 1416 1480 :
1448 1445 1466 1479 ι
1496 1426 1574 1481 Ex
1608 1437 1766 1481 utero
1801 1435 1926 1482 ante
1951 1425 2172 1481 Lucife-

581 1532 706 1572 rum
730 1518 892 1588 genui
923 1529 976 1571 te
994 1518 1062 1574 ”.
1097 1536 1115 1570 ι
1147 1517 1257 1574 Cur
1277 1520 1418 1574 enim
1445 1534 1552 1575 non
1581 1537 1600 1570 ι
1638 1533 1706 1573 ex
1736 1526 1889 1575 utero
1917 1537 1937 1572 ι
1972 1521 2167 1585 solum,

582 1619 677 1664 aut
714 1629 730 1661 ι
760 1620 885 1665 ante
917 1608 1222 1666 Luciferum
1257 1629 1276 1662 ι
1313 1610 1492 1666 dixit?
1524 1609 1590 1667 Ut
1628 1612 1790 1666 unius
1826 1619 2030 1666 natura:
2049 1624 2169 1664 cum

581 1705 744 1764 Patre
785 1705 979 1764 Filium
1031 1709 1363 1764 ostenderet.
1417 1706 1553 1763 Nam
1592 1708 1737 1780 quod
1772 1724 1792 1759 ι
1847 1720 1912 1762 ex
1950 1713 2104 1761 utero
2142 1722 2162 1757 ι

2271 506 2513 563 possent,
2569 510 2632 548 ca
2681 495 2939 563 subjectis
2987 498 3087 554 sub
3140 517 3356 558 sensum
3414 508 3667 576 exemplis
3715 513 3822 580 qui-

2267 588 2493 642 busdam
2544 588 2804 644 ostendit.
2862 590 3040 660 Atque
3106 592 3234 650 huic
3301 607 3498 654 nostra:
3566 606 3821 659 sententiae~

2270 680 2640 736 testimonium
2668 682 2796 736 dicit
2843 681 3095 740 Salomon
3131 703 3146 741 :
3183 705 3201 738 ι
3233 687 3388 756 Quod
3436 690 3478 745 si
3515 692 3752 749 virtutem
3777 708 3824 752 et

2266 785 2429 841 Opera
2453 784 2829 828 creaturarum
2879 775 3054 830 mirati
3088 791 3231 846 sunt,
3264 794 3321 834 ut
3344 781 3476 839 deos
3518 787 3825 853 putaverint,

2271 863 2575 934 intelligant
2627 865 2696 920 ab
2728 866 2854 932 illis,
2877 870 3130 937 quoniam
3187 873 3277 942 qui
3329 875 3441 928 iure
3483 874 3628 943 fecit,
3657 876 3827 932 fortior

2269 969 2350 1012 est
2398 959 2502 1014 illis
2571 959 2638 1015 ⁸².
2684 980 2703 1013 ι
2751 959 2937 1030 Itaque
2987 963 3029 1018 si
3089 974 3141 1015 et
3199 980 3292 1019 vos
3340 983 3403 1020 ex
3435 968 3501 1021 iis
3523 985 3636 1035 qute
3665 979 3825 1024 creata

2271 1063 2419 1118 sunt,
2451 1062 2610 1121 atque
2663 1054 2744 1107 his
2781 1056 2884 1108 sub
2910 1069 3126 1110 sensum
3177 1054 3433 1125 subjectis
3473 1063 3626 1116 rebus
3656 1078 3828 1116 manu-

2271 1145 2438 1208 ducti,
2488 1145 2579 1198 Dei
2638 1147 3042 1215 generationem
3102 1149 3308 1217 absque
3373 1152 3720 1219 perpessione
3747 1155 3828 1207 ad-

2274 1237 2512 1301 mittitis,
2568 1237 2834 1308 plaueque
2891 1240 3258 1303 confitemini;
3329 1257 3488 1311 quant
3555 1245 3684 1299 bella
3731 1247 3830 1302 bac

2272 1338 2452 1382 vestra
2515 1339 2598 1384 est
2622 1329 2932 1385 confessio?
2985 1332 3076 1384 Sin
3107 1332 3282 1386 adhuc
3341 1335 3833 1404 antiquumobtine-

2274 1421 2366 1485 tis,
2436 1422 2577 1492 plin
2641 1422 2838 1478 ftedam
2911 1435 3146 1478 vestram
3206 1430 3590 1495 arrogantiam,
3649 1444 3748 1499 qua
3771 1445 3827 1485 ex

2273 1513 2393 1566 aliis
2423 1513 2475 1567 in
2503 1514 2639 1570 alias
2661 1515 2986 1584 quaestiones
3009 1531 3072 1570 ac
3102 1517 3447 1575 defensiones
3472 1522 3826 1576 revolvamur!

2276 1606 2430 1663 Unde
2457 1612 2678 1678 putatis,
2712 1610 2802 1665 lux
2825 1612 3083 1682 gignitur,
3115 1627 3234 1682 qua:
3287 1629 3504 1670 onmem
3538 1618 3616 1672 cis
3648 1618 3828 1672 coelum

2273 1699 2462 1755 orbem
2490 1702 2770 1771 pervadit?

581 1800 680 1865 ait,
731 1799 869 1855 nihil
896 1799 1062 1866 aliud,
1120 1813 1283 1869 quam
1340 1808 1531 1855 natura
1587 1773 1902 1868 viribusque
1955 1811 2166 1868 parem,
2199 1773 2243 1834 Β
2341 1808 2563 1867 10mg;
2599 1813 2736 1869 εοιθ,

579 1904 743 1964 atque
782 1901 1068 1962 cognatum
1122 1894 1298 1962 palam
1341 1894 1539 1948 innuit.
1590 1889 1692 1958 Qui
1720 1906 1952 1961 namque
1993 1890 2168 1962 possit

579 1965 726 2040 aliud
777 2000 844 2038 ex
893 1992 1047 2039 utero
1094 1983 1264 2054 gigni,
1309 1998 1470 2054 quam
1514 1984 1750 2054 gignenti
1797 1992 2082 2054 cognatum
2113 1991 2170 2040 et

577 2076 969 2134 consentiens?
1023 2076 1177 2142 Quod
1239 2094 1258 2128 ι
1305 2084 1441 2148 ante
1483 2075 1813 2143 Luciferum,
1869 2094 1888 2127 ι
1945 2090 2168 2147 compe-

576 2183 824 2240 tennem,
889 2177 1168 2240 expertem
1194 2183 1344 2242 azque
1390 2168 1663 2240 principii,
1695 2178 1750 2224 et
1768 2169 1865 2224 arvi
1893 2176 2167 2224 auctorem

585 2261 783 2319 Filium
820 2261 1090 2335 designat.

602 2343 605 2345 ’
643 2353 768 2413 ιυυ.
801 2354 968 2412 Deum
995 2356 1393 2413 immortalem!
1426 2357 1500 2411 ita
1536 2371 1638 2413 nos
1674 2357 1927 2423 obruisti,
1968 2363 2026 2411 ut
2045 2371 2168 2427 qua:

577 2450 788 2516 dixisti,
839 2449 999 2506 facile
1085 2452 1221 2506 satis
1267 2451 1399 2515 sint,
1452 2464 1552 2505 nec
1609 2448 1693 2503 vel
1741 2449 2024 2505 minimum
2066 2450 2161 2516 sit,

579 2543 722 2610 quod
764 2550 952 2596 contra
1024 2541 1288 2598 dicamus.
1342 2540 1448 2596 Sed
1508 2539 1696 2612 religio
1744 2549 1830 2596 est
1879 2541 2060 2607 nobis,
2083 2540 2166 2596 vel

573 2639 817 2706 cogitare
842 2635 1012 2690 Deum
1042 2635 1303 2706 genitum.
1332 2633 1566 2704 Gignere
1587 2634 1734 2691 enim
1761 2632 2166 2705 perpessionem

576 2742 764 2796 notat;
810 2731 974 2788 Deum
1036 2747 1166 2788 vero
1218 2747 1409 2788 omnes
1443 2745 1552 2786 uno
1609 2743 1705 2786 ore
1733 2735 1887 2784 vates
1947 2727 2168 2799 itnpati.

574 2824 741 2882 bilem
783 2835 840 2882 et
869 2828 1238 2896 incorruptum
1277 2815 1594 2903 praediCaut.

645 2941 876 3000 Cumsr.
930 2942 1050 2999 Jam
1108 2956 1204 3000 vos
1234 2940 1708 3013 Scripturasjussi
1768 2940 2166 3008 scrutari;uec

579 3035 721 3108 quod
759 3035 812 3089 in
845 3034 1022 3105 littera
1047 3042 1134 3089 est
1183 3047 1424 3090 crassum
1483 3042 1645 3102 atque
1681 3031 1896 3102 pingue,
1930 3030 2164 3098 intueri;

2340 1906 2569 1963 Cttms'r.
2647 1909 2712 1963 Et
2753 1910 3009 1982 aliquaue
3065 1911 3207 1968 inter
3251 1915 3416 1971 solem
3457 1929 3620 1989 atque
3673 1919 3828 1977 lucem

2267 2001 2544 2069 perpessio
2597 2001 2838 2071 interest,
2868 2018 2987 2058 cum
3018 2017 3047 2057 a
3078 2008 3189 2060 sole
3216 2005 3299 2062 lux
3324 2010 3578 2066 emanat?

2336 2091 2459 2149 Joo.
2498 2091 2738 2152 Minime.

2339 2186 2564 2243 CHRIST.
2601 2187 2741 2254 Quid
2771 2204 2899 2246 vero
2959 2189 3163 2264 radius,
3197 2198 3336 2252 unde
3371 2197 3616 2265 creditis,
3641 2195 3829 2252 oritur!

2337 2277 2462 2334 Jun.
2496 2279 2536 2334 E
2574 2281 2687 2336 sole
2717 2283 2898 2339 itidem
2928 2302 3023 2355 per
3053 2288 3251 2345 lucem.

2335 2371 2561 2429 Canis-1'.
2598 2374 2751 2430 Radii
2789 2391 2952 2446 porro
2977 2380 3043 2435 ab
3073 2382 3187 2437 sole
3210 2381 3540 2441 eﬁluentiam
3561 2385 3694 2442 citra
3721 2401 3827 2456 per-

2266 2464 2568 2534 pessionem
2602 2465 2714 2522 fieri
2735 2469 3108 2528 confitemini?

2339 2555 2460 2613 Jun.
2497 2559 2640 2615 Sane
2676 2562 2746 2616 ita
2779 2578 2891 2618 rem
2923 2567 3121 2622 habere
3139 2570 3484 2629 confitemur.

2345 2650 2572 2710 Caats'r.
2635 2654 2900 2719 Quoniam
2958 2660 3038 2713 sic
3093 2661 3291 2718 habere
3345 2664 3698 2735 conﬁteminl,
3746 2668 3826 2723 ad-

2268 2744 2425 2801 datur
2447 2757 2501 2801 et
2529 2746 2756 2802 alterum
2784 2745 3094 2821 exemplum
3141 2755 3263 2811 hoc.
3295 2755 3448 2812 Mens
3470 2760 3820 2830 cogitationem

2265 2839 2454 2909 gignit,
2512 2855 2616 2910 qua
2662 2842 2843 2911 genita
2896 2858 2991 2913 per
3049 2846 3392 2904 articulatam
3457 2865 3645 2906 vocem
3684 2867 3815 2909 senta

2266 2931 2439 3000 palam
2496 2931 2644 2986 facit.
2683 2930 2778 2988 Est
2807 2945 2987 2990 autem
3018 2936 3337 3007 impatibilis
3378 2950 3433 2996 et
3463 2956 3640 3008 tuens,
3673 2953 3724 2999 et
3754 2956 3815 2998 co-

2266 3021 2475 3092 gitatio,
2524 3035 2577 3077 et
2596 3040 2732 3091 vox;
2759 3032 3106 3096 quantumvis
3152 3042 3304 3088 actus
3330 3049 3422 3089 aer
3448 3050 3548 3092 vox
3580 3037 3818 3093 efﬁcitur:

576 3129 672 3184 sed
703 3126 864 3182 dum,
894 3136 1079 3181 “tum
1111 3134 1168 3183 ει
1216 3127 1450 3182 obscura
1507 3125 1649 3180 dicta
1710 3132 1967 3194 unquam
2001 3138 2162 3178 manu
2193 3131 2234 3190 ο
2269 3129 2369 3168 vox
2423 3114 2593 3170 animi
2628 3119 2762 3172 scita
2820 3119 2872 3174 in
2913 3120 3086 3178 lucem
3115 3125 3340 3193 profert.
3380 3127 3558 3199 Atque
3598 3131 3648 3187 id
3677 3129 3823 3188 veris-

575 3231 797 3291 cnpere,
854 3220 1148 3287 omniaque
1193 3217 1262 3273 ad
1284 3217 1450 3274 Deum
1500 3215 1944 3284 referrc.ltaque
1978 3215 2157 3286 legite,

578 3318 640 3367 ut
686 3311 998 3380 intelligatis
1035 3327 1049 3365 :
1084 3311 1227 3382 quod
1282 3311 1327 3367 si
1385 3310 1689 3383 intelligere
1732 3327 1836 3368 nou
1883 3307 2064 3376 VulliS.
2097 3323 2163 3364 ne

577 3403 743 3475 legite
769 3404 985 3475 quidem
1009 3420 1026 3472 ;
1060 3418 1151 3470 ne,
1177 3417 1297 3474 quae
1323 3403 1498 3475 legitis
1525 3404 2161 3476 absurdeintelligontes,

573 3495 930 3551 damuemini.
979 3496 1053 3552 De
1091 3496 1193 3554 hoc
1252 3498 1395 3552 enim
1428 3498 1688 3567 propheta
1723 3499 2013 3569 praedixit;
2057 3515 2159 3556 ne-

572 3609 680 3666 que
727 3595 871 3648 enim
936 3594 1089 3664 dego
1146 3590 1290 3658 dico,
1353 3587 1588 3659 aliquem
1647 3606 1881 3661 unquam
1939 3601 2157 3647 sancto-

583 3701 706 3745 rum
763 3695 942 3743 vatqu
1009 3689 1076 3740 ad
1126 3685 1322 3741 divinat
1375 3697 1579 3741 uatum
1619 3685 2159 3756 comprehensionem

573 3789 911 3849 penetrasse.
972 3777 1041 3832 Et
1090 3779 1344 3849 quisnam
1396 3778 1560 3849 igitur
1611 3779 1703 3833 Dei
1748 3787 2004 3833 aaternam
2068 3793 2164 3848 ge-

573 3874 910 3930 nerationem
957 3872 1136 3943 aﬂ'ari,
1181 3874 1516 3943 dicendoque
1558 3874 1816 3942 consequi
1882 3872 2040 3939 ausit,
2072 3878 2162 3925 aut

572 3967 747 4038 possit
769 3967 793 4022 τ
819 3964 952 4021 Nam
991 3966 1081 4021 ubi
1124 3981 1222 4022 nec
1243 3975 1476 4037 tempus,
1503 3981 1604 4020 nec
1626 3981 1802 4021 aevum
1840 3966 2157 4031 intervenit,

575 4075 687 4117 non
717 4068 989 4131 spectator
1021 4059 1218 4125 adfuit,
1272 4076 1378 4116 non
1416 4071 1615 4130 praesto
1644 4073 1728 4116 est
1748 4061 2036 4130 interpres,
2068 4058 2159 4129 qui

570 4162 750 4226 potest
772 4155 973 4211 veritas
999 4153 1051 4208 in
1074 4161 1353 4220 aspectum
1393 4154 1679 4226 lucemque
1706 4153 1937 4226 proferri
1961 4153 1985 4209 ‘l

1148 4293 1378 4350 CAPUT
1428 4292 1569 4349 Vill.

577 4427 857 4486 Generatio
937 4428 1118 4482 divina
1181 4437 1348 4483 mente
1438 4426 1802 4498 comprehendi
1858 4425 2060 4496 nequit,
2115 4433 2165 4479 et

1160 4501 1420 4571 quomodo
1448 4501 1566 4569 ﬁat.

649 4619 747 4675 Sin
805 4617 879 4674 illi
939 4616 1244 4673 Salomonis
1301 4615 1560 4686 parabilis
1625 4614 1829 4670 monito
1865 4631 1877 4667 :
1910 4631 1930 4666 ι
1982 4612 2161 4669 Ama-

577 4713 857 4783 guitudine
913 4711 1116 4781 Speciei
1161 4720 1215 4765 et
1262 4720 1524 4763 creatura:
1588 4709 2031 4778 cognoscibiliter
2067 4724 2162 4778 po-

579 4807 707 4862 terit
760 4818 975 4860 creator
1029 4805 1222 4857 horum
1277 4800 1446 4855 videri
1499 4801 1586 4868 ⁸¹;
1645 4819 1663 4851 ι
1727 4801 1883 4856 facile
1931 4812 1985 4856 et
2023 4805 2160 4856 hanc

580 4913 849 4955 summam
909 4894 1272 4950 diﬂicultatem
1330 4908 1395 4948 ex
1424 4894 1582 4948 rebus
1615 4893 1869 4959 conditis,
1905 4904 1956 4946 et
1991 4896 2160 4963 probe

584 4990 970 5063 asscqucmiai.
1011 4987 1141 5041 Nam
1195 4988 1238 5051 si
1270 4984 1323 5041 in
1375 4990 1474 5041 hac
1515 4986 1732 5040 condita
1768 4993 1821 5040 et
1859 4986 2042 5039 sensili
2073 5000 2162 5038 na-

585 5093 704 5139 tura
731 5095 908 5137 ortum
939 5081 1075 5136 citra
1100 5080 1496 5150 perpessionem
1537 5076 1748 5140 damus,
1781 5075 1945 5129 multo
1995 5075 2163 5144 magis

583 5176 833 5231 conditor
860 5173 1026 5228 Filius
1049 5175 1252 5242 absque
1278 5169 1440 5241 ,ﬂuxu
1476 5186 1538 5225 ac
1566 5169 1914 5238 perpessione
1942 5183 1971 5222 a
2003 5167 2163 5223 Patre

585 5267 801 5339 genitus
862 5272 983 5325 est;
1035 5264 1483 5333 quemadmodum
1537 5278 1568 5318 a
1621 5270 1799 5315 mente
1835 5275 2038 5328 sermo,
2069 5269 2163 5315 aut

584 5376 613 5414 τι
658 5359 773 5415 sole
802 5358 1005 5415 lumen.
1066 5356 1353 5411 Hominum
1387 5367 1598 5411 amator
1636 5357 1773 5411 Deus
1805 5362 1858 5406 et
1883 5352 2163 5419 Dominus,

583 5470 704 5524 quae
758 5454 987 5510 terrenis
1035 5453 1238 5507 nostris
1288 5460 1452 5521 atque
1480 5449 1709 5505 infirmis
1756 5447 1988 5519 ingeniis
2014 5462 2167 5503 com-

653 5683 819 5742 ηιμ.
846 5701 898 5750 t.,
933 5684 1021 5739 lo.
1096 5683 1140 5714 "
1179 5679 1336 5735 Prov.
1395 5696 1434 5734 ι.
1477 5677 1566 5736 '28.
1595 5679 1763 5732 Aliter
1791 5677 2018 5732 habetur
2045 5677 2096 5732 in
2129 5674 2396 5746 Vulg.etc.
2493 5677 2498 5691 '

653 5757 760 5805 San-
796 5757 989 5805 “n.5,
1069 5754 1114 5786 ⁸⁸
1167 5753 1298 5805 ibid.
1348 5751 1404 5805 4.
1507 5751 1552 5781 ⁸⁸
1591 5749 1733 5804 l‘sal.
1768 5763 1876 5805 th.
1912 5763 1949 5803 t.
2048 5748 2092 5782 ⁸⁵
2113 5747 2214 5805 Job
2235 5763 2431 5805 xxxltt.
2466 5754 2498 5802 4

586 5755 760 5828 'Sap.
795 5749 989 5823 xitt,5.
1069 5754 1114 5786 ⁸⁸
1167 5753 1298 5808 ibid.
1348 5751 1404 5805 4.
1507 5751 1552 5781 ⁸⁸
1591 5749 1733 5804 l‘sal.
1768 5763 1876 5813 ιιι,
1912 5763 1949 5803 t.

2265 3208 2461 3262 simum
2520 3223 2663 3277 esse,
2714 3211 2999 3283 explorate
3034 3217 3297 3286 judicium
3346 3220 3515 3278 facite
3572 3239 3637 3280 ex
3666 3235 3821 3291 muto;

2267 3304 2356 3361 hic
2417 3320 2654 3377 namque
2681 3316 2738 3364 et
2797 3319 3031 3367 mentem
3060 3322 3114 3369 et
3147 3315 3557 3385 cogitationem,
3581 3329 3632 3374 et
3662 3335 3821 3376 vocem

2270 3398 2468 3468 habet;
2526 3401 2622 3456 sed
2674 3416 2794 3457 cum
2821 3416 2915 3472 per
2936 3405 3278 3461 articulalum
3313 3422 3420 3464 non
3459 3411 3823 3482 possit(ueque

2229 3500 2236 3505 ‘
2268 3494 2412 3547 enim
2445 3494 2605 3548 habet
2638 3494 2886 3551 audiendi
2921 3512 3139 3555 sensum
3170 3501 3571 3574 impatibilem),
3592 3505 3824 3561 industrie

2269 3586 2580 3642 imitatione
2604 3589 2836 3657 quadam
2865 3603 3027 3663 atque
3059 3605 3210 3664 gestu
3246 3596 3378 3650 scita
3412 3599 3618 3667 prodit.

2332 3675 2456 3733 .luo.
2493 3677 2688 3734 Grates
2713 3679 2821 3737 Deo
2851 3683 2975 3753 (ιρι.
3009 3684 3150 3741 Max.
3191 3687 3327 3743 nihil
3349 3687 3461 3758 jam
3504 3691 3823 3761 ambigimus,

2267 3784 2449 3839 neque
2503 3771 2568 3826 de
2598 3770 2726 3838 Deo,
2784 3785 2837 3829 et
2867 3774 3046 3844 Patre,
3078 3794 3254 3850 neque
3287 3782 3353 3838 de
3374 3783 3615 3854 ejusdem
3645 3795 3824 3838 natura:

2280 3866 2440 3933 Filio,
2499 3868 2611 3923 hzec
2647 3871 2789 3924 enim
2838 3871 2972 3925 bello
3004 3875 3268 3946 planeque
3314 3877 3710 3934 demonstrasti.
3738 3879 3823 3932 hac

2265 3973 2370 4029 que
2419 3970 2474 4014 et
2536 3961 2604 4016 de
2668 3960 2871 4032 Spiritu
2933 3977 3125 4022 sancto
3187 3969 3413 4037 dissere,
3449 3972 3631 4039 sodes,
3654 3969 3821 4041 etquis

2265 4056 2525 4126 propheta
2587 4071 2710 4111 eum
2756 4059 3079 4130 increatutu,
3135 4076 3300 4136 atque
3347 4066 3590 4138 ejusdem
3642 4077 3820 4124 natura

2267 4148 2491 4204 iudicet.

2881 4246 3108 4303 CAPUT
3150 4247 3242 4304 IX.

2343 4335 2417 4390 De
2455 4335 2657 4402 Spiritu
2693 4349 2874 4394 sancto
2919 4341 3148 4409 ejusdem
3178 4358 3297 4396 cum
3333 4343 3496 4401 Patre
3549 4355 3757 4402 nature.

2340 4429 2563 4486 Cumsr.
2594 4430 2703 4485 Etsi
2738 4441 2867 4486 ante
2893 4447 3080 4488 omnes
3137 4434 3186 4487 id
3215 4445 3266 4488 et
3303 4437 3660 4506 perspexit‘et
3687 4435 3820 4492 scivit

2193 4499 2235 4554 ι)
2263 4520 2472 4589 Moses;
2533 4524 2620 4579 hic
2677 4532 2852 4580 tamen
2912 4524 2976 4579 ad
3013 4525 3473 4582 confirmationem
3509 4527 3692 4583 ultimo
3721 4527 3820 4581 loco

2267 4627 2550 4684 servetur;
2614 4626 2672 4672 ut
2725 4619 3183 4687 quemadmodum
3241 4631 3420 4676 vatum
3460 4622 3703 4693 priuceps
3727 4627 3816 4681 est,

2267 4707 2338 4760 ita
2376 4707 2800 4777 disputationem
2831 4709 3064 4764 claudat.
3099 4709 3269 4774 Isaiae,
3313 4711 3363 4766 iu
3388 4726 3613 4781 persona
3639 4706 3817 4766 Christi

2264 4799 2378 4852 haec
2403 4807 2528 4852 sunt
2554 4801 2714 4854 verba
2752 4818 2764 4855 :
2810 4819 2827 4852 ι
2872 4799 3107 4872 Spiritus
3170 4801 3381 4857 Domini
3415 4819 3597 4874 .supcr
3623 4799 3816 4858 tuend

2269 4892 2699 4946 annuutiandum
2764 4896 3062 4948 mansuetis
3124 4894 3272 4949 misit
3331 4910 3438 4961 tne,
3499 4905 3554 4950 ut
3602 4895 3818 4950 mederet'

2265 4987 2513 5041 contritis
2536 4990 2720 5054 corde,
2740 4999 2793 5043 et
2816 4992 3162 5059 praedicarem
3185 4991 3410 5060 captivis
3439 4991 3813 5060 indulgentiam,

2266 5086 2322 5130 et
2349 5076 2546 5132 clausis
2583 5079 2918 5147 apertionem
2955 5079 3025 5132 “.
3064 5097 3082 5131 ι
3124 5077 3188 5132 Ει
3227 5077 3324 5135 Job
3348 5080 3476 5136 dicit
3506 5097 3523 5136 :
3559 5098 3576 5132 t
3611 5077 3815 5150 Spiritus

2264 5168 2476 5222 Domini
2528 5168 2655 5224 fecit
2683 5186 2787 5237 me,
2839 5180 2894 5226 et
2921 5173 3248 5241 spiraculum
3280 5172 3655 5241 omnipotentis
3703 5169 3815 5224 vivi-

2270 5260 2453 5316 ficavit
2511 5275 2596 5315 me
2626 5261 2695 5315 ⁸⁸.
2736 5279 2755 5313 ›
2794 5259 2999 5331 Ecquid
3024 5274 3204 5317 autem
3253 5263 3400 5318 vobis
3431 5264 3494 5318 de
3513 5265 3609 5317 hoc
3637 5259 3809 5331 Spiritu

2269 5350 2520 5406 videtur?
2575 5350 2870 5421 Cujusuam
2900 5354 3133 5422 Spiritus
3173 5356 3256 5409 vis
3289 5354 3534 5423 inopibus
3559 5353 3667 5408 [tota
3692 5366 3807 5404 mm-

2274 5445 2392 5513 tiat,
2454 5456 2631 5501 mente
2661 5446 2843 5502 fractis
2876 5443 3144 5510 medetur,
3196 5461 3225 5500 a
3261 5445 3471 5500 diabolo
3509 5444 3806 5513 mancipatos

2493 5674 2695 5730 "Osee
2746 5689 2807 5741 tt,
2839 5673 2891 5730 l.
2989 5675 3032 5707 τ’
3096 5673 3382 5742 Psal.t:tx,
3423 5690 3461 5730 t.
3551 5672 3596 5706 "
3618 5669 3734 5728 ibid.
3755 5665 3800 5726 ὃ.
