  <div class='ocr_page' id='page_1' title='image "/cluster/home/n/w/nwhite01/storage/ocr_20150623/133/mdp.39015078384230/414.png"; bbox 0 0 4082 6294; ppageno 0'>
   <div class='ocr_carea' id='block_1_1' title="bbox 249 348 356 410">
    <p class='ocr_par' dir='ltr' id='par_1_1' title="bbox 249 348 356 410">
     <span class='ocr_line' id='line_1_1' title="bbox 249 348 356 410; baseline -0.056 0"><span class='ocrx_word' id='word_1_1' title='bbox 249 348 356 410; x_wconf 77' lang='grc'><strong>815</strong></span> 
     </span>
    </p>
   </div>
   <div class='ocr_carea' id='block_1_2' title="bbox 249 469 1554 552">
    <p class='ocr_par' dir='ltr' id='par_1_2' title="bbox 249 469 1554 552">
     <span class='ocr_line' id='line_1_2' title="bbox 249 469 1554 552; baseline 0.017 -29"><span class='ocrx_word' id='word_1_2' title='bbox 249 469 309 523; x_wconf 72' lang='lat' dir='ltr'><strong>in</strong></span> <span class='ocrx_word' id='word_1_3' title='bbox 345 470 623 542; x_wconf 80' lang='lat' dir='ltr'><strong>antiquam</strong></span> <span class='ocrx_word' id='word_1_4' title='bbox 678 475 988 534; x_wconf 71' lang='lat' dir='ltr'><strong>felicitatem</strong></span> <span class='ocrx_word' id='word_1_5' title='bbox 1041 482 1309 552; x_wconf 81' lang='lat' dir='ltr'><strong>restituit;</strong></span> <span class='ocrx_word' id='word_1_6' title='bbox 1355 491 1507 544; x_wconf 61' lang='lat' dir='ltr'><strong>circis</strong></span> <span class='ocrx_word' id='word_1_7' title='bbox 1541 531 1554 551; x_wconf 89' lang='lat'><strong>.</strong></span> 
     </span>
    </p>
   </div>
   <div class='ocr_carea' id='block_1_3' title="bbox 249 559 1826 651">
    <p class='ocr_par' dir='ltr' id='par_1_3' title="bbox 249 559 1826 651">
     <span class='ocr_line' id='line_1_3' title="bbox 249 559 1826 651; baseline 0.017 -39"><span class='ocrx_word' id='word_1_8' title='bbox 249 559 449 627; x_wconf 76' lang='lat' dir='ltr'><strong>quibus</strong></span> <span class='ocrx_word' id='word_1_9' title='bbox 516 579 668 620; x_wconf 85' lang='lat' dir='ltr'><strong>mens</strong></span> <span class='ocrx_word' id='word_1_10' title='bbox 720 568 962 638; x_wconf 81' lang='lat' dir='ltr'><strong>caligat,</strong></span> <span class='ocrx_word' id='word_1_11' title='bbox 1031 575 1197 630; x_wconf 88' lang='lat' dir='ltr'><strong>animi</strong></span> <span class='ocrx_word' id='word_1_12' title='bbox 1270 579 1454 636; x_wconf 86' lang='lat' dir='ltr'><strong>oculos</strong></span> <span class='ocrx_word' id='word_1_13' title='bbox 1510 559 1826 651; x_wconf 79' lang='lat' dir='ltr'><strong>illustraus,</strong></span> 
     </span>
    </p>
   </div>
   <div class='ocr_carea' id='block_1_4' title="bbox 186 651 1829 745">
    <p class='ocr_par' dir='ltr' id='par_1_4' title="bbox 186 651 1829 745">
     <span class='ocr_line' id='line_1_4' title="bbox 186 651 1829 745; baseline 0.021 -46"><span class='ocrx_word' id='word_1_14' title='bbox 186 697 206 699; x_wconf 43' lang='grc' dir='ltr'>η</span> <span class='ocrx_word' id='word_1_15' title='bbox 246 651 416 708; x_wconf 83' lang='lat' dir='ltr'><strong>Deum</strong></span> <span class='ocrx_word' id='word_1_16' title='bbox 452 656 628 726; x_wconf 85' lang='lat' dir='ltr'><strong>quoad</strong></span> <span class='ocrx_word' id='word_1_17' title='bbox 655 661 770 729; x_wconf 87' lang='lat' dir='ltr'><strong>ejus</strong></span> <span class='ocrx_word' id='word_1_18' title='bbox 801 661 913 717; x_wconf 84' lang='lat' dir='ltr'><strong>ﬁeri</strong></span> <span class='ocrx_word' id='word_1_19' title='bbox 963 674 1160 734; x_wconf 82' lang='lat' dir='ltr'><strong>potest,</strong></span> <span class='ocrx_word' id='word_1_20' title='bbox 1201 674 1554 738; x_wconf 87' lang='lat' dir='ltr'><strong>spectandum</strong></span> <span class='ocrx_word' id='word_1_21' title='bbox 1584 676 1829 745; x_wconf 74' lang='lat' dir='ltr'><strong>pncbet.’</strong></span> 
     </span>
    </p>
   </div>
   <div class='ocr_carea' id='block_1_5' title="bbox 247 743 1826 839">
    <p class='ocr_par' dir='ltr' id='par_1_5' title="bbox 247 743 1826 839">
     <span class='ocr_line' id='line_1_5' title="bbox 247 743 1826 839; baseline 0.015 -42"><span class='ocrx_word' id='word_1_22' title='bbox 247 743 383 811; x_wconf 67' lang='lat' dir='ltr'><strong>Quae</strong></span> <span class='ocrx_word' id='word_1_23' title='bbox 414 747 492 801; x_wconf 90' lang='lat' dir='ltr'><strong>vis</strong></span> <span class='ocrx_word' id='word_1_24' title='bbox 521 750 818 816; x_wconf 87' lang='lat' dir='ltr'><strong>spiritualis</strong></span> <span class='ocrx_word' id='word_1_25' title='bbox 855 769 1046 812; x_wconf 84' lang='lat' dir='ltr'><strong>omnes</strong></span> <span class='ocrx_word' id='word_1_26' title='bbox 1094 759 1355 815; x_wconf 66' lang='lat' dir='ltr'><strong>castorum</strong></span> <span class='ocrx_word' id='word_1_27' title='bbox 1380 763 1566 839; x_wconf 89' lang='lat' dir='ltr'><strong>copias</strong></span> <span class='ocrx_word' id='word_1_28' title='bbox 1588 743 1826 820; x_wconf 73' lang='lat' dir='ltr'><strong>consta-</strong></span> 
     </span>
    </p>
   </div>
   <div class='ocr_carea' id='block_1_6' title="bbox 243 837 1821 914">
    <p class='ocr_par' dir='ltr' id='par_1_6' title="bbox 243 837 1821 914">
     <span class='ocr_line' id='line_1_6' title="bbox 243 837 1821 914; baseline 0.015 -24"><span class='ocrx_word' id='word_1_29' title='bbox 243 837 445 906; x_wconf 82' lang='lat' dir='ltr'><strong>bilivit,</strong></span> <span class='ocrx_word' id='word_1_30' title='bbox 488 851 544 896; x_wconf 91' lang='lat' dir='ltr'><strong>ut</strong></span> <span class='ocrx_word' id='word_1_31' title='bbox 603 845 679 898; x_wconf 82' lang='lat' dir='ltr'><strong>ait</strong></span> <span class='ocrx_word' id='word_1_32' title='bbox 709 845 876 903; x_wconf 88' lang='lat' dir='ltr'><strong>David</strong></span> <span class='ocrx_word' id='word_1_33' title='bbox 909 864 926 903; x_wconf 73' lang='grc' dir='ltr'><strong><em>ε</em></strong></span> <span class='ocrx_word' id='word_1_34' title='bbox 962 868 981 904; x_wconf 77' lang='grc' dir='ltr'><em>ι</em></span> <span class='ocrx_word' id='word_1_35' title='bbox 1025 849 1200 908; x_wconf 86' lang='lat' dir='ltr'><strong>Verbo</strong></span> <span class='ocrx_word' id='word_1_36' title='bbox 1241 837 1591 913; x_wconf 80' lang='lat' dir='ltr'><strong>Dominicceli</strong></span> <span class='ocrx_word' id='word_1_37' title='bbox 1625 861 1821 914; x_wconf 82' lang='lat' dir='ltr'><strong>ﬁrmati</strong></span> 
     </span>
    </p>
   </div>
   <div class='ocr_carea' id='block_1_7' title="bbox 231 934 1815 1014">
    <p class='ocr_par' dir='ltr' id='par_1_7' title="bbox 231 934 1815 1014">
     <span class='ocr_line' id='line_1_7' title="bbox 231 934 1815 1014; baseline 0.015 -30"><span class='ocrx_word' id='word_1_38' title='bbox 231 939 394 995; x_wconf 84' lang='lat' dir='ltr'><strong>sunt,</strong></span> <span class='ocrx_word' id='word_1_39' title='bbox 425 944 480 988; x_wconf 84' lang='lat' dir='ltr'><strong>et</strong></span> <span class='ocrx_word' id='word_1_40' title='bbox 506 934 709 1002; x_wconf 80' lang='lat' dir='ltr'><strong>Spiritu</strong></span> <span class='ocrx_word' id='word_1_41' title='bbox 738 940 849 996; x_wconf 90' lang='lat' dir='ltr'><strong>oris</strong></span> <span class='ocrx_word' id='word_1_42' title='bbox 879 943 994 1014; x_wconf 76' lang='lat' dir='ltr'><strong>ejus</strong></span> <span class='ocrx_word' id='word_1_43' title='bbox 1036 948 1213 1003; x_wconf 87' lang='lat' dir='ltr'><strong>omnis</strong></span> <span class='ocrx_word' id='word_1_44' title='bbox 1254 949 1423 1005; x_wconf 89' lang='lat' dir='ltr'><strong>virtus</strong></span> <span class='ocrx_word' id='word_1_45' title='bbox 1445 966 1632 1007; x_wconf 89' lang='lat' dir='ltr'><strong>eorum</strong></span> <span class='ocrx_word' id='word_1_46' title='bbox 1663 953 1755 1008; x_wconf 75' lang='lat'><strong>&quot;&#39;3</strong></span> <span class='ocrx_word' id='word_1_47' title='bbox 1796 975 1815 1008; x_wconf 72' lang='grc' dir='ltr'><strong><em>ι</em></strong></span> 
     </span>
    </p>
   </div>
   <div class='ocr_carea' id='block_1_8' title="bbox 235 1022 1821 1110">
    <p class='ocr_par' dir='ltr' id='par_1_8' title="bbox 235 1022 1821 1110">
     <span class='ocr_line' id='line_1_8' title="bbox 235 1022 1821 1110; baseline 0.019 -35"><span class='ocrx_word' id='word_1_48' title='bbox 235 1022 372 1090; x_wconf 79' lang='lat' dir='ltr'><strong>Quis</strong></span> <span class='ocrx_word' id='word_1_49' title='bbox 406 1027 495 1081; x_wconf 91' lang='lat' dir='ltr'><strong>ille</strong></span> <span class='ocrx_word' id='word_1_50' title='bbox 543 1041 626 1085; x_wconf 89' lang='lat' dir='ltr'><strong>est</strong></span> <span class='ocrx_word' id='word_1_51' title='bbox 663 1031 920 1104; x_wconf 82' lang='lat' dir='ltr'><strong>Spiritus,</strong></span> <span class='ocrx_word' id='word_1_52' title='bbox 973 1041 1065 1110; x_wconf 87' lang='lat' dir='ltr'><strong>qui</strong></span> <span class='ocrx_word' id='word_1_53' title='bbox 1102 1041 1194 1096; x_wconf 83' lang='lat' dir='ltr'><strong>Dei</strong></span> <span class='ocrx_word' id='word_1_54' title='bbox 1237 1045 1480 1100; x_wconf 86' lang='lat' dir='ltr'><strong>notitiam</strong></span> <span class='ocrx_word' id='word_1_55' title='bbox 1533 1046 1695 1102; x_wconf 86' lang='lat' dir='ltr'><strong>docet</strong></span> <span class='ocrx_word' id='word_1_56' title='bbox 1721 1050 1821 1104; x_wconf 82' lang='lat' dir='ltr'><strong>ho-</strong></span> 
     </span>
    </p>
   </div>
   <div class='ocr_carea' id='block_1_9' title="bbox 303 1296 1814 1381">
    <p class='ocr_par' dir='ltr' id='par_1_9' title="bbox 303 1296 1814 1381">
     <span class='ocr_line' id='line_1_9' title="bbox 303 1296 1814 1381; baseline 0.019 -29"><span class='ocrx_word' id='word_1_57' title='bbox 303 1296 429 1354; x_wconf 82' lang='lat' dir='ltr'><strong>Jun.</strong></span> <span class='ocrx_word' id='word_1_58' title='bbox 479 1302 558 1360; x_wconf 85' lang='lat' dir='ltr'><strong>Ne</strong></span> <span class='ocrx_word' id='word_1_59' title='bbox 623 1321 739 1373; x_wconf 92' lang='lat' dir='ltr'><strong>nos,</strong></span> <span class='ocrx_word' id='word_1_60' title='bbox 787 1311 1143 1380; x_wconf 83' lang='lat' dir='ltr'><strong>obtestamur,</strong></span> <span class='ocrx_word' id='word_1_61' title='bbox 1215 1317 1572 1376; x_wconf 84' lang='lat' dir='ltr'><strong>vaticinarum</strong></span> <span class='ocrx_word' id='word_1_62' title='bbox 1621 1338 1814 1381; x_wconf 86' lang='lat' dir='ltr'><strong>vocum</strong></span> 
     </span>
    </p>
   </div>
   <div class='ocr_carea' id='block_1_10' title="bbox 192 1390 1815 1484">
    <p class='ocr_par' dir='ltr' id='par_1_10' title="bbox 192 1390 1815 1484">
     <span class='ocr_line' id='line_1_10' title="bbox 192 1390 1815 1484; baseline 0.022 -42"><span class='ocrx_word' id='word_1_63' title='bbox 192 1390 734 1464; x_wconf 88' lang='lat' dir='ltr'><strong>.interpretationem</strong></span> <span class='ocrx_word' id='word_1_64' title='bbox 800 1418 1002 1474; x_wconf 89' lang='lat' dir='ltr'><strong>posce;</strong></span> <span class='ocrx_word' id='word_1_65' title='bbox 1054 1410 1152 1465; x_wconf 80' lang='lat' dir='ltr'><strong>sed</strong></span> <span class='ocrx_word' id='word_1_66' title='bbox 1209 1420 1321 1468; x_wconf 88' lang='lat' dir='ltr'><strong>tute</strong></span> <span class='ocrx_word' id='word_1_67' title='bbox 1381 1416 1559 1484; x_wconf 88' lang='lat' dir='ltr'><strong>potius</strong></span> <span class='ocrx_word' id='word_1_68' title='bbox 1601 1421 1668 1474; x_wconf 88' lang='lat' dir='ltr'><strong>ad</strong></span> <span class='ocrx_word' id='word_1_69' title='bbox 1716 1436 1815 1478; x_wconf 91' lang='lat' dir='ltr'><strong>nos</strong></span> 
     </span>
    </p>
   </div>
   <div class='ocr_carea' id='block_1_11' title="bbox 223 1488 1831 1570">
    <p class='ocr_par' dir='ltr' id='par_1_11' title="bbox 223 1488 1831 1570">
     <span class='ocr_line' id='line_1_11' title="bbox 223 1488 1831 1570; baseline 0.017 -28"><span class='ocrx_word' id='word_1_70' title='bbox 223 1488 464 1556; x_wconf 81' lang='lat' dir='ltr'><strong>explica.</strong></span> <span class='ocrx_word' id='word_1_71' title='bbox 511 1491 646 1550; x_wconf 79' lang='lat' dir='ltr'><strong>Nam</strong></span> <span class='ocrx_word' id='word_1_72' title='bbox 701 1496 745 1552; x_wconf 87' lang='lat' dir='ltr'><strong>si</strong></span> <span class='ocrx_word' id='word_1_73' title='bbox 790 1512 820 1551; x_wconf 90' lang='lat' dir='ltr'><strong>a</strong></span> <span class='ocrx_word' id='word_1_74' title='bbox 864 1502 1063 1558; x_wconf 85' lang='lat' dir='ltr'><strong>nostris</strong></span> <span class='ocrx_word' id='word_1_75' title='bbox 1119 1515 1298 1560; x_wconf 86' lang='lat' dir='ltr'><strong>vatum</strong></span> <span class='ocrx_word' id='word_1_76' title='bbox 1343 1507 1487 1564; x_wconf 82' lang='lat' dir='ltr'><strong>dicta</strong></span> <span class='ocrx_word' id='word_1_77' title='bbox 1528 1522 1682 1570; x_wconf 90' lang='lat' dir='ltr'><strong>certo</strong></span> <span class='ocrx_word' id='word_1_78' title='bbox 1719 1530 1831 1569; x_wconf 81' lang='lat' dir='ltr'><strong>ex-.</strong></span> 
     </span>
    </p>
   </div>
   <div class='ocr_carea' id='block_1_12' title="bbox 224 1591 1810 1676">
    <p class='ocr_par' dir='ltr' id='par_1_12' title="bbox 224 1591 1810 1676">
     <span class='ocr_line' id='line_1_12' title="bbox 224 1591 1810 1676; baseline 0.021 -44"><span class='ocrx_word' id='word_1_79' title='bbox 224 1593 578 1652; x_wconf 83' lang='lat' dir='ltr'><strong>ponerentur,</strong></span> <span class='ocrx_word' id='word_1_80' title='bbox 635 1591 962 1660; x_wconf 65' lang='lat' dir='ltr'><strong>quaestiones</strong></span> <span class='ocrx_word' id='word_1_81' title='bbox 989 1593 1146 1665; x_wconf 83' lang='lat' dir='ltr'><strong>plane</strong></span> <span class='ocrx_word' id='word_1_82' title='bbox 1181 1611 1279 1654; x_wconf 91' lang='lat' dir='ltr'><strong>nec</strong></span> <span class='ocrx_word' id='word_1_83' title='bbox 1312 1600 1543 1672; x_wconf 87' lang='lat' dir='ltr'><strong>ingressi</strong></span> <span class='ocrx_word' id='word_1_84' title='bbox 1592 1605 1810 1676; x_wconf 83' lang='lat' dir='ltr'><strong>quidem</strong></span> 
     </span>
    </p>
   </div>
   <div class='ocr_carea' id='block_1_13' title="bbox 225 1687 500 1734">
    <p class='ocr_par' dir='ltr' id='par_1_13' title="bbox 225 1687 500 1734">
     <span class='ocr_line' id='line_1_13' title="bbox 225 1687 500 1734; baseline 0.022 -6"><span class='ocrx_word' id='word_1_85' title='bbox 225 1687 500 1734; x_wconf 83' lang='lat' dir='ltr'><strong>essemus.</strong></span> 
     </span>
    </p>
   </div>
   <div class='ocr_carea' id='block_1_14' title="bbox 298 1766 1831 1866">
    <p class='ocr_par' dir='ltr' id='par_1_14' title="bbox 298 1766 1831 1866">
     <span class='ocr_line' id='line_1_14' title="bbox 298 1766 1831 1866; baseline 0.022 -46"><span class='ocrx_word' id='word_1_86' title='bbox 298 1766 521 1825; x_wconf 78' lang='lat' dir='ltr'><strong>Cuntsr.</strong></span> <span class='ocrx_word' id='word_1_87' title='bbox 574 1770 688 1828; x_wconf 85' lang='lat' dir='ltr'><strong>Joel</strong></span> <span class='ocrx_word' id='word_1_88' title='bbox 731 1777 992 1845; x_wconf 86' lang='lat' dir='ltr'><strong>scriptum</strong></span> <span class='ocrx_word' id='word_1_89' title='bbox 1048 1781 1307 1853; x_wconf 76' lang='lat' dir='ltr'><strong>reliquit:</strong></span> <span class='ocrx_word' id='word_1_90' title='bbox 1350 1806 1371 1840; x_wconf 70' lang='grc' dir='ltr'>ι</span> <span class='ocrx_word' id='word_1_91' title='bbox 1407 1787 1470 1844; x_wconf 86' lang='lat' dir='ltr'><strong>Et</strong></span> <span class='ocrx_word' id='word_1_92' title='bbox 1525 1791 1631 1848; x_wconf 85' lang='lat' dir='ltr'><strong>erit</strong></span> <span class='ocrx_word' id='word_1_93' title='bbox 1685 1805 1831 1866; x_wconf 83' lang='lat' dir='ltr'><strong>post.</strong></span> 
     </span>
    </p>
   </div>
   <div class='ocr_carea' id='block_1_15' title="bbox 219 1855 1881 1953">
    <p class='ocr_par' dir='ltr' id='par_1_15' title="bbox 219 1855 1881 1953">
     <span class='ocr_line' id='line_1_15' title="bbox 219 1855 1881 1953; baseline 0.022 -42"><span class='ocrx_word' id='word_1_94' title='bbox 219 1855 340 1914; x_wconf 64' lang='lat' dir='ltr'><strong>hac</strong></span> <span class='ocrx_word' id='word_1_95' title='bbox 375 1878 390 1914; x_wconf 89' lang='lat'><strong>:</strong></span> <span class='ocrx_word' id='word_1_96' title='bbox 428 1860 700 1921; x_wconf 65' lang='lat' dir='ltr'><strong>edundam</strong></span> <span class='ocrx_word' id='word_1_97' title='bbox 776 1867 1037 1939; x_wconf 78' lang='lat' dir='ltr'><strong>Spiritum</strong></span> <span class='ocrx_word' id='word_1_98' title='bbox 1113 1891 1292 1933; x_wconf 84' lang='lat' dir='ltr'><strong>meum</strong></span> <span class='ocrx_word' id='word_1_99' title='bbox 1363 1895 1527 1953; x_wconf 84' lang='lat' dir='ltr'><strong>super</strong></span> <span class='ocrx_word' id='word_1_100' title='bbox 1587 1891 1804 1947; x_wconf 83' lang='lat' dir='ltr'><strong>omnem</strong></span> <span class='ocrx_word' id='word_1_101' title='bbox 1838 1872 1881 1930; x_wconf 74' lang='grc' dir='ltr'><strong>Β</strong></span> 
     </span>
    </p>
   </div>
   <div class='ocr_carea' id='block_1_16' title="bbox 214 1963 1803 2043">
    <p class='ocr_par' dir='ltr' id='par_1_16' title="bbox 214 1963 1803 2043">
     <span class='ocr_line' id='line_1_16' title="bbox 214 1963 1803 2043; baseline 0.024 -37"><span class='ocrx_word' id='word_1_102' title='bbox 214 1964 438 2008; x_wconf 88' lang='lat' dir='ltr'><strong>carnem</strong></span> <span class='ocrx_word' id='word_1_103' title='bbox 478 1973 492 2011; x_wconf 87' lang='lat'><strong>:</strong></span> <span class='ocrx_word' id='word_1_104' title='bbox 526 1968 574 2012; x_wconf 92' lang='lat' dir='ltr'><strong>et</strong></span> <span class='ocrx_word' id='word_1_105' title='bbox 607 1963 1001 2030; x_wconf 84' lang='lat' dir='ltr'><strong>prephetabunt</strong></span> <span class='ocrx_word' id='word_1_106' title='bbox 1027 1964 1120 2022; x_wconf 78' lang='lat' dir='ltr'><strong>lilii</strong></span> <span class='ocrx_word' id='word_1_107' title='bbox 1157 1973 1409 2040; x_wconf 83' lang='lat' dir='ltr'><strong>vestri,et</strong></span> <span class='ocrx_word' id='word_1_108' title='bbox 1437 1977 1559 2034; x_wconf 76' lang='lat' dir='ltr'><strong>lilia:</strong></span> <span class='ocrx_word' id='word_1_109' title='bbox 1577 1991 1803 2043; x_wconf 75' lang='lat' dir='ltr'><strong>vestrm:</strong></span> 
     </span>
    </p>
   </div>
   <div class='ocr_carea' id='block_1_17' title="bbox 212 2052 1801 2146">
    <p class='ocr_par' dir='ltr' id='par_1_17' title="bbox 212 2052 1801 2146">
     <span class='ocr_line' id='line_1_17' title="bbox 212 2052 1801 2146; baseline 0.022 -49"><span class='ocrx_word' id='word_1_110' title='bbox 212 2058 378 2101; x_wconf 84' lang='lat' dir='ltr'><strong>senes</strong></span> <span class='ocrx_word' id='word_1_111' title='bbox 441 2052 606 2105; x_wconf 80' lang='lat' dir='ltr'><strong>vestri</strong></span> <span class='ocrx_word' id='word_1_112' title='bbox 644 2056 853 2110; x_wconf 86' lang='lat' dir='ltr'><strong>somnia</strong></span> <span class='ocrx_word' id='word_1_113' title='bbox 883 2061 1250 2129; x_wconf 89' lang='lat' dir='ltr'><strong>somniabunt,</strong></span> <span class='ocrx_word' id='word_1_114' title='bbox 1277 2076 1331 2120; x_wconf 88' lang='lat' dir='ltr'><strong>et</strong></span> <span class='ocrx_word' id='word_1_115' title='bbox 1360 2069 1588 2136; x_wconf 81' lang='lat' dir='ltr'><strong>juvenes</strong></span> <span class='ocrx_word' id='word_1_116' title='bbox 1616 2080 1801 2146; x_wconf 79' lang='lat' dir='ltr'><strong>vestri,</strong></span> 
     </span>
    </p>
   </div>
   <div class='ocr_carea' id='block_1_18' title="bbox 209 2136 1803 2228">
    <p class='ocr_par' dir='ltr' id='par_1_18' title="bbox 209 2136 1803 2228">
     <span class='ocr_line' id='line_1_18' title="bbox 209 2136 1803 2228; baseline 0.024 -38"><span class='ocrx_word' id='word_1_117' title='bbox 209 2136 454 2196; x_wconf 77' lang='lat' dir='ltr'><strong>visiones</strong></span> <span class='ocrx_word' id='word_1_118' title='bbox 506 2144 788 2203; x_wconf 86' lang='lat' dir='ltr'><strong>videbunt.</strong></span> <span class='ocrx_word' id='word_1_119' title='bbox 843 2147 950 2206; x_wconf 92' lang='lat' dir='ltr'><strong>Sed</strong></span> <span class='ocrx_word' id='word_1_120' title='bbox 997 2165 1050 2207; x_wconf 88' lang='lat' dir='ltr'><strong>et</strong></span> <span class='ocrx_word' id='word_1_121' title='bbox 1114 2170 1276 2226; x_wconf 82' lang='lat' dir='ltr'><strong>super</strong></span> <span class='ocrx_word' id='word_1_122' title='bbox 1315 2173 1502 2220; x_wconf 84' lang='lat' dir='ltr'><strong>servos</strong></span> <span class='ocrx_word' id='word_1_123' title='bbox 1553 2181 1705 2224; x_wconf 87' lang='lat' dir='ltr'><strong>meos</strong></span> <span class='ocrx_word' id='word_1_124' title='bbox 1748 2183 1803 2228; x_wconf 90' lang='lat' dir='ltr'><strong>et</strong></span> 
     </span>
    </p>
   </div>
   <div class='ocr_carea' id='block_1_19' title="bbox 208 2233 1797 2326">
    <p class='ocr_par' dir='ltr' id='par_1_19' title="bbox 208 2233 1797 2326">
     <span class='ocr_line' id='line_1_19' title="bbox 208 2233 1797 2326; baseline 0.025 -43"><span class='ocrx_word' id='word_1_125' title='bbox 208 2233 442 2290; x_wconf 87' lang='lat' dir='ltr'><strong>ancillas</strong></span> <span class='ocrx_word' id='word_1_126' title='bbox 491 2237 542 2292; x_wconf 92' lang='lat' dir='ltr'><strong>in</strong></span> <span class='ocrx_word' id='word_1_127' title='bbox 606 2238 797 2297; x_wconf 86' lang='lat' dir='ltr'><strong>diebus</strong></span> <span class='ocrx_word' id='word_1_128' title='bbox 848 2244 952 2300; x_wconf 83' lang='lat' dir='ltr'><strong>illis</strong></span> <span class='ocrx_word' id='word_1_129' title='bbox 982 2247 1250 2306; x_wconf 83' lang='lat' dir='ltr'><strong>ell&#39;undam</strong></span> <span class='ocrx_word' id='word_1_130' title='bbox 1302 2251 1560 2326; x_wconf 87' lang='lat' dir='ltr'><strong>Spiritum</strong></span> <span class='ocrx_word' id='word_1_131' title='bbox 1598 2278 1797 2324; x_wconf 89' lang='lat' dir='ltr'><strong>meum.</strong></span> 
     </span>
    </p>
   </div>
   <div class='ocr_carea' id='block_1_20' title="bbox 193 2320 1798 2421">
    <p class='ocr_par' dir='ltr' id='par_1_20' title="bbox 193 2320 1798 2421">
     <span class='ocr_line' id='line_1_20' title="bbox 193 2320 1798 2421; baseline 0.024 -45"><span class='ocrx_word' id='word_1_132' title='bbox 193 2320 279 2378; x_wconf 81' lang='lat' dir='ltr'><strong>Et</strong></span> <span class='ocrx_word' id='word_1_133' title='bbox 305 2325 445 2382; x_wconf 85' lang='lat' dir='ltr'><strong>dabo</strong></span> <span class='ocrx_word' id='word_1_134' title='bbox 481 2331 719 2400; x_wconf 85' lang='lat' dir='ltr'><strong>prodigia</strong></span> <span class='ocrx_word' id='word_1_135' title='bbox 754 2333 807 2389; x_wconf 91' lang='lat' dir='ltr'><strong>in</strong></span> <span class='ocrx_word' id='word_1_136' title='bbox 836 2337 973 2393; x_wconf 80' lang='lat' dir='ltr'><strong>cmlo</strong></span> <span class='ocrx_word' id='word_1_137' title='bbox 1031 2357 1269 2413; x_wconf 85' lang='lat' dir='ltr'><strong>sursum,</strong></span> <span class='ocrx_word' id='word_1_138' title='bbox 1305 2358 1358 2402; x_wconf 91' lang='lat' dir='ltr'><strong>et</strong></span> <span class='ocrx_word' id='word_1_139' title='bbox 1387 2350 1536 2421; x_wconf 89' lang='lat' dir='ltr'><strong>signa</strong></span> <span class='ocrx_word' id='word_1_140' title='bbox 1567 2353 1622 2408; x_wconf 94' lang='lat' dir='ltr'><strong>in</strong></span> <span class='ocrx_word' id='word_1_141' title='bbox 1655 2369 1798 2414; x_wconf 85' lang='lat' dir='ltr'><strong>terra</strong></span> 
     </span>
    </p>
   </div>
   <div class='ocr_carea' id='block_1_21' title="bbox 203 2417 1792 2512">
    <p class='ocr_par' dir='ltr' id='par_1_21' title="bbox 203 2417 1792 2512">
     <span class='ocr_line' id='line_1_21' title="bbox 203 2417 1792 2512; baseline 0.024 -42"><span class='ocrx_word' id='word_1_142' title='bbox 203 2417 487 2488; x_wconf 86' lang='lat' dir='ltr'><strong>deorsum,</strong></span> <span class='ocrx_word' id='word_1_143' title='bbox 542 2429 880 2496; x_wconf 85' lang='lat' dir='ltr'><strong>sanguinem,</strong></span> <span class='ocrx_word' id='word_1_144' title='bbox 904 2440 960 2485; x_wconf 90' lang='lat' dir='ltr'><strong>et</strong></span> <span class='ocrx_word' id='word_1_145' title='bbox 1006 2434 1203 2506; x_wconf 85' lang='lat' dir='ltr'><strong>ignem,</strong></span> <span class='ocrx_word' id='word_1_146' title='bbox 1240 2449 1294 2492; x_wconf 89' lang='lat' dir='ltr'><strong>et</strong></span> <span class='ocrx_word' id='word_1_147' title='bbox 1323 2455 1574 2512; x_wconf 83' lang='lat' dir='ltr'><strong>vaporem</strong></span> <span class='ocrx_word' id='word_1_148' title='bbox 1615 2447 1746 2506; x_wconf 79' lang='lat' dir='ltr'><strong>fumi</strong></span> <span class='ocrx_word' id='word_1_149' title='bbox 1778 2472 1792 2508; x_wconf 93' lang='lat'><strong>:</strong></span> 
     </span>
    </p>
   </div>
   <div class='ocr_carea' id='block_1_22' title="bbox 199 2509 1793 2615">
    <p class='ocr_par' dir='ltr' id='par_1_22' title="bbox 199 2509 1793 2615">
     <span class='ocr_line' id='line_1_22' title="bbox 199 2509 1793 2615; baseline 0.023 -52"><span class='ocrx_word' id='word_1_150' title='bbox 199 2509 291 2565; x_wconf 76' lang='lat' dir='ltr'><strong>nol</strong></span> <span class='ocrx_word' id='word_1_151' title='bbox 338 2527 690 2573; x_wconf 88' lang='lat' dir='ltr'><strong>convertetur</strong></span> <span class='ocrx_word' id='word_1_152' title='bbox 739 2522 793 2576; x_wconf 90' lang='lat' dir='ltr'><strong>in</strong></span> <span class='ocrx_word' id='word_1_153' title='bbox 828 2526 1100 2594; x_wconf 81' lang='lat' dir='ltr'><strong>tenebras,</strong></span> <span class='ocrx_word' id='word_1_154' title='bbox 1127 2543 1179 2587; x_wconf 89' lang='lat' dir='ltr'><strong>et</strong></span> <span class='ocrx_word' id='word_1_155' title='bbox 1209 2533 1332 2589; x_wconf 89' lang='lat' dir='ltr'><strong>luna</strong></span> <span class='ocrx_word' id='word_1_156' title='bbox 1365 2537 1418 2591; x_wconf 89' lang='lat' dir='ltr'><strong>in</strong></span> <span class='ocrx_word' id='word_1_157' title='bbox 1450 2545 1793 2615; x_wconf 84' lang='lat' dir='ltr'><strong>sanguinem,</strong></span> 
     </span>
    </p>
   </div>
   <div class='ocr_carea' id='block_1_23' title="bbox 197 2612 1792 2699">
    <p class='ocr_par' dir='ltr' id='par_1_23' title="bbox 197 2612 1792 2699">
     <span class='ocr_line' id='line_1_23' title="bbox 197 2612 1792 2699; baseline 0.025 -43"><span class='ocrx_word' id='word_1_158' title='bbox 197 2613 500 2676; x_wconf 72' lang='lat' dir='ltr'><strong>antequam</strong></span> <span class='ocrx_word' id='word_1_159' title='bbox 555 2612 734 2666; x_wconf 86' lang='lat' dir='ltr'><strong>veniat</strong></span> <span class='ocrx_word' id='word_1_160' title='bbox 790 2615 908 2673; x_wconf 90' lang='lat' dir='ltr'><strong>dies</strong></span> <span class='ocrx_word' id='word_1_161' title='bbox 952 2619 1165 2679; x_wconf 88' lang='lat' dir='ltr'><strong>Domini</strong></span> <span class='ocrx_word' id='word_1_162' title='bbox 1223 2643 1451 2699; x_wconf 89' lang='lat' dir='ltr'><strong>magnus</strong></span> <span class='ocrx_word' id='word_1_163' title='bbox 1487 2612 1792 2696; x_wconf 72' lang='lat' dir='ltr'><strong>etmanit‘e-</strong></span> 
     </span>
    </p>
   </div>
   <div class='ocr_carea' id='block_1_24' title="bbox 190 2699 1789 2794">
    <p class='ocr_par' dir='ltr' id='par_1_24' title="bbox 190 2699 1789 2794">
     <span class='ocr_line' id='line_1_24' title="bbox 190 2699 1789 2794; baseline 0.027 -43"><span class='ocrx_word' id='word_1_164' title='bbox 190 2705 339 2753; x_wconf 71' lang='lat' dir='ltr'><strong>etus.</strong></span> <span class='ocrx_word' id='word_1_165' title='bbox 378 2699 444 2754; x_wconf 88' lang='lat' dir='ltr'><strong>Et</strong></span> <span class='ocrx_word' id='word_1_166' title='bbox 479 2704 617 2772; x_wconf 89' lang='lat' dir='ltr'><strong>erit;</strong></span> <span class='ocrx_word' id='word_1_167' title='bbox 647 2710 827 2765; x_wconf 89' lang='lat' dir='ltr'><strong>omnis</strong></span> <span class='ocrx_word' id='word_1_168' title='bbox 860 2715 1170 2786; x_wconf 87' lang='lat' dir='ltr'><strong>quicunque</strong></span> <span class='ocrx_word' id='word_1_169' title='bbox 1207 2719 1542 2784; x_wconf 86' lang='lat' dir='ltr'><strong>invocaverit</strong></span> <span class='ocrx_word' id='word_1_170' title='bbox 1593 2749 1789 2794; x_wconf 82' lang='lat' dir='ltr'><strong>nomen</strong></span> 
     </span>
    </p>
   </div>
   <div class='ocr_carea' id='block_1_25' title="bbox 185 2786 1790 2892">
    <p class='ocr_par' dir='ltr' id='par_1_25' title="bbox 185 2786 1790 2892">
     <span class='ocr_line' id='line_1_25' title="bbox 185 2786 1790 2892; baseline 0.027 -49"><span class='ocrx_word' id='word_1_171' title='bbox 185 2786 440 2858; x_wconf 77' lang='lat' dir='ltr'><strong>Domini,</strong></span> <span class='ocrx_word' id='word_1_172' title='bbox 499 2797 680 2854; x_wconf 85' lang='lat' dir='ltr'><strong>salvus</strong></span> <span class='ocrx_word' id='word_1_173' title='bbox 710 2803 814 2857; x_wconf 89' lang='lat' dir='ltr'><strong>erit</strong></span> <span class='ocrx_word' id='word_1_174' title='bbox 840 2804 908 2860; x_wconf 81' lang='lat'><strong>&quot;’.</strong></span> <span class='ocrx_word' id='word_1_175' title='bbox 954 2825 972 2856; x_wconf 73' lang='grc' dir='ltr'><strong>ι</strong></span> <span class='ocrx_word' id='word_1_176' title='bbox 1018 2806 1086 2865; x_wconf 86' lang='lat' dir='ltr'><strong>Et</strong></span> <span class='ocrx_word' id='word_1_177' title='bbox 1138 2811 1309 2871; x_wconf 82' lang='lat' dir='ltr'><strong>lsaias</strong></span> <span class='ocrx_word' id='word_1_178' title='bbox 1350 2834 1365 2871; x_wconf 92' lang='lat'><strong>:</strong></span> <span class='ocrx_word' id='word_1_179' title='bbox 1405 2837 1425 2871; x_wconf 73' lang='grc' dir='ltr'><strong><em>ι</em></strong></span> <span class='ocrx_word' id='word_1_180' title='bbox 1453 2820 1557 2892; x_wconf 84' lang='lat' dir='ltr'><strong>Ipsi</strong></span> <span class='ocrx_word' id='word_1_181' title='bbox 1591 2786 1790 2886; x_wconf 39' lang='lat' dir='ltr'><strong>ad—ir‘a:</strong></span> 
     </span>
    </p>
   </div>
   <div class='ocr_carea' id='block_1_26' title="bbox 190 2885 1786 2988">
    <p class='ocr_par' dir='ltr' id='par_1_26' title="bbox 190 2885 1786 2988">
     <span class='ocr_line' id='line_1_26' title="bbox 190 2885 1786 2988; baseline 0.026 -50"><span class='ocrx_word' id='word_1_182' title='bbox 190 2885 455 2941; x_wconf 84' lang='lat' dir='ltr'><strong>cundiam</strong></span> <span class='ocrx_word' id='word_1_183' title='bbox 515 2905 966 2965; x_wconf 87' lang='lat' dir='ltr'><strong>provocaver-unt,</strong></span> <span class='ocrx_word' id='word_1_184' title='bbox 1017 2913 1071 2957; x_wconf 92' lang='lat' dir='ltr'><strong>et</strong></span> <span class='ocrx_word' id='word_1_185' title='bbox 1152 2885 1492 2968; x_wconf 44' lang='lat' dir='ltr'><strong>amiserunt-</strong></span> <span class='ocrx_word' id='word_1_186' title='bbox 1529 2915 1786 2988; x_wconf 83' lang='lat' dir='ltr'><strong>Spiritum</strong></span> 
     </span>
    </p>
   </div>
   <div class='ocr_carea' id='block_1_27' title="bbox 189 2987 1886 3075">
    <p class='ocr_par' dir='ltr' id='par_1_27' title="bbox 189 2987 1886 3075">
     <span class='ocr_line' id='line_1_27' title="bbox 189 2987 1886 3075; baseline 0.029 -48"><span class='ocrx_word' id='word_1_187' title='bbox 189 2987 470 3046; x_wconf 77' lang='lat' dir='ltr'><strong>sanctum,</strong></span> <span class='ocrx_word' id='word_1_188' title='bbox 517 2993 571 3038; x_wconf 91' lang='lat' dir='ltr'><strong>et</strong></span> <span class='ocrx_word' id='word_1_189' title='bbox 619 3001 918 3047; x_wconf 82' lang='lat' dir='ltr'><strong>conversus</strong></span> <span class='ocrx_word' id='word_1_190' title='bbox 943 3006 1024 3050; x_wconf 89' lang='lat' dir='ltr'><strong>est</strong></span> <span class='ocrx_word' id='word_1_191' title='bbox 1058 2999 1136 3054; x_wconf 91' lang='lat' dir='ltr'><strong>eis</strong></span> <span class='ocrx_word' id='word_1_192' title='bbox 1167 3000 1216 3055; x_wconf 91' lang='lat' dir='ltr'><strong>in</strong></span> <span class='ocrx_word' id='word_1_193' title='bbox 1249 3003 1530 3066; x_wconf 91' lang='lat' dir='ltr'><strong>inimicum</strong></span> <span class='ocrx_word' id='word_1_194' title='bbox 1550 3012 1619 3069; x_wconf 83' lang='grc'><strong>⁸⁸.</strong></span> <span class='ocrx_word' id='word_1_195' title='bbox 1664 3035 1683 3068; x_wconf 67' lang='grc' dir='ltr'><strong>ι</strong></span> <span class='ocrx_word' id='word_1_196' title='bbox 1724 3017 1787 3075; x_wconf 88' lang='lat' dir='ltr'><strong>Et</strong></span> <span class='ocrx_word' id='word_1_197' title='bbox 1883 3023 1886 3026; x_wconf 36' lang='grc' dir='ltr'><strong><em>ί</em></strong></span> 
     </span>
    </p>
   </div>
   <div class='ocr_carea' id='block_1_28' title="bbox 192 3063 1792 3171">
    <p class='ocr_par' dir='ltr' id='par_1_28' title="bbox 192 3063 1792 3171">
     <span class='ocr_line' id='line_1_28' title="bbox 192 3063 1792 3171; baseline 0.032 -52"><span class='ocrx_word' id='word_1_198' title='bbox 192 3063 497 3170; x_wconf 44' lang='lat' dir='ltr'><strong>&#39;Zacharias</strong></span> <span class='ocrx_word' id='word_1_199' title='bbox 573 3092 643 3132; x_wconf 74' lang='lat' dir='ltr'><strong>ex</strong></span> <span class='ocrx_word' id='word_1_200' title='bbox 677 3095 905 3150; x_wconf 87' lang='lat' dir='ltr'><strong>persona</strong></span> <span class='ocrx_word' id='word_1_201' title='bbox 967 3087 1167 3147; x_wconf 86' lang='lat' dir='ltr'><strong>Christi</strong></span> <span class='ocrx_word' id='word_1_202' title='bbox 1206 3095 1493 3171; x_wconf 88' lang='lat' dir='ltr'><strong>:lncrepet</strong></span> <span class='ocrx_word' id='word_1_203' title='bbox 1527 3103 1792 3170; x_wconf 78' lang='lat' dir='ltr'><strong>Dominus</strong></span> 
     </span>
    </p>
   </div>
   <div class='ocr_carea' id='block_1_29' title="bbox 196 3155 1673 3255">
    <p class='ocr_par' dir='ltr' id='par_1_29' title="bbox 196 3155 1673 3255">
     <span class='ocr_line' id='line_1_29' title="bbox 196 3155 1673 3255; baseline 0.029 -41"><span class='ocrx_word' id='word_1_204' title='bbox 196 3155 259 3214; x_wconf 87' lang='lat' dir='ltr'><strong>in</strong></span> <span class='ocrx_word' id='word_1_205' title='bbox 290 3169 362 3226; x_wconf 85' lang='lat' dir='ltr'><strong>te,</strong></span> <span class='ocrx_word' id='word_1_206' title='bbox 395 3165 557 3222; x_wconf 84' lang='lat' dir='ltr'><strong>Satan</strong></span> <span class='ocrx_word' id='word_1_207' title='bbox 598 3186 613 3224; x_wconf 91' lang='lat'><strong>:</strong></span> <span class='ocrx_word' id='word_1_208' title='bbox 643 3175 738 3227; x_wconf 92' lang='lat' dir='ltr'><strong>sed</strong></span> <span class='ocrx_word' id='word_1_209' title='bbox 763 3176 816 3229; x_wconf 89' lang='lat' dir='ltr'><strong>in</strong></span> <span class='ocrx_word' id='word_1_210' title='bbox 846 3179 1036 3249; x_wconf 86' lang='lat' dir='ltr'><strong>spiritu</strong></span> <span class='ocrx_word' id='word_1_211' title='bbox 1067 3199 1186 3241; x_wconf 93' lang='lat' dir='ltr'><strong>meo</strong></span> <span class='ocrx_word' id='word_1_212' title='bbox 1208 3188 1276 3255; x_wconf 77' lang='lat'><strong>”,</strong></span> <span class='ocrx_word' id='word_1_213' title='bbox 1316 3209 1339 3245; x_wconf 72' lang='grc' dir='ltr'><strong><em>ι</em></strong></span> <span class='ocrx_word' id='word_1_214' title='bbox 1371 3155 1477 3251; x_wconf 61' lang='grc' dir='ltr'><strong>οἷς.</strong></span> <span class='ocrx_word' id='word_1_215' title='bbox 1529 3199 1673 3255; x_wconf 85' lang='lat' dir='ltr'><strong>idem</strong></span> 
     </span>
    </p>
   </div>
   <div class='ocr_carea' id='block_1_30' title="bbox 1346 367 2441 444">
    <p class='ocr_par' dir='ltr' id='par_1_30' title="bbox 1346 367 2441 444">
     <span class='ocr_line' id='line_1_30' title="bbox 1346 367 2441 444; baseline 0.015 -17"><span class='ocrx_word' id='word_1_216' title='bbox 1346 367 1734 433; x_wconf 84' lang='lat' dir='ltr'><strong>DIALOGUS</strong></span> <span class='ocrx_word' id='word_1_217' title='bbox 1769 372 2071 435; x_wconf 78' lang='lat' dir='ltr'><strong>CONTRA</strong></span> <span class='ocrx_word' id='word_1_218' title='bbox 2112 376 2441 444; x_wconf 71' lang='lat' dir='ltr'><strong>JUD/EOS.</strong></span> 
     </span>
    </p>
   </div>
   <div class='ocr_carea' id='block_1_31' title="bbox 3410 394 3516 460">
    <p class='ocr_par' dir='ltr' id='par_1_31' title="bbox 3410 394 3516 460">
     <span class='ocr_line' id='line_1_31' title="bbox 3410 394 3516 460; baseline 0.009 -1"><span class='ocrx_word' id='word_1_219' title='bbox 3410 394 3516 460; x_wconf 73' lang='lat' dir='ltr'><strong>8M</strong></span> 
     </span>
    </p>
   </div>
   <div class='ocr_carea' id='block_1_32' title="bbox 1616 490 3517 594">
    <p class='ocr_par' dir='ltr' id='par_1_32' title="bbox 1616 490 3517 594">
     <span class='ocr_line' id='line_1_32' title="bbox 1616 490 3517 594; baseline 0.018 -34"><span class='ocrx_word' id='word_1_220' title='bbox 1616 490 1669 547; x_wconf 58' lang='lat' dir='ltr'><strong>id</strong></span> <span class='ocrx_word' id='word_1_221' title='bbox 1722 501 1833 561; x_wconf 71' lang='grc' dir='ltr'><strong>εει»</strong></span> <span class='ocrx_word' id='word_1_222' title='bbox 1868 499 1910 554; x_wconf 69' lang='grc' dir='ltr'>Α</span> <span class='ocrx_word' id='word_1_223' title='bbox 1940 528 2060 568; x_wconf 85' lang='lat' dir='ltr'><strong>rum</strong></span> <span class='ocrx_word' id='word_1_224' title='bbox 2087 513 2406 575; x_wconf 77' lang='lat' dir='ltr'><strong>futurarum.</strong></span> <span class='ocrx_word' id='word_1_225' title='bbox 2450 519 2583 576; x_wconf 81' lang='lat' dir='ltr'><strong>Nam</strong></span> <span class='ocrx_word' id='word_1_226' title='bbox 2613 521 2881 583; x_wconf 78' lang='lat' dir='ltr'><strong>adoranda</strong></span> <span class='ocrx_word' id='word_1_227' title='bbox 2910 526 3012 585; x_wconf 89' lang='lat' dir='ltr'><strong>SS.</strong></span> <span class='ocrx_word' id='word_1_228' title='bbox 3054 527 3319 589; x_wconf 86' lang='lat' dir='ltr'><strong>Trinitate</strong></span> <span class='ocrx_word' id='word_1_229' title='bbox 3365 537 3517 594; x_wconf 85' lang='lat' dir='ltr'><strong>omni</strong></span> 
     </span>
    </p>
   </div>
   <div class='ocr_carea' id='block_1_33' title="bbox 1938 604 3514 693">
    <p class='ocr_par' dir='ltr' id='par_1_33' title="bbox 1938 604 3514 693">
     <span class='ocr_line' id='line_1_33' title="bbox 1938 604 3514 693; baseline 0.016 -35"><span class='ocrx_word' id='word_1_230' title='bbox 1938 604 2215 661; x_wconf 85' lang='lat' dir='ltr'><strong>hominum</strong></span> <span class='ocrx_word' id='word_1_231' title='bbox 2244 612 2594 678; x_wconf 82' lang='lat' dir='ltr'><strong>geneiisalus</strong></span> <span class='ocrx_word' id='word_1_232' title='bbox 2624 618 2901 686; x_wconf 66' lang='lat' dir='ltr'><strong>quaeritur.</strong></span> <span class='ocrx_word' id='word_1_233' title='bbox 2926 620 3069 679; x_wconf 85' lang='lat' dir='ltr'><strong>Elias</strong></span> <span class='ocrx_word' id='word_1_234' title='bbox 3109 637 3250 693; x_wconf 87' lang='lat' dir='ltr'><strong>aqua</strong></span> <span class='ocrx_word' id='word_1_235' title='bbox 3297 626 3514 684; x_wconf 83' lang='lat' dir='ltr'><strong>tertium</strong></span> 
     </span>
    </p>
   </div>
   <div class='ocr_carea' id='block_1_34' title="bbox 1935 695 3515 781">
    <p class='ocr_par' dir='ltr' id='par_1_34' title="bbox 1935 695 3515 781">
     <span class='ocr_line' id='line_1_34' title="bbox 1935 695 3515 781; baseline 0.018 -32"><span class='ocrx_word' id='word_1_236' title='bbox 1935 695 1989 750; x_wconf 89' lang='lat' dir='ltr'><strong>in</strong></span> <span class='ocrx_word' id='word_1_237' title='bbox 2030 709 2231 756; x_wconf 82' lang='lat' dir='ltr'><strong>struem</strong></span> <span class='ocrx_word' id='word_1_238' title='bbox 2258 701 2445 768; x_wconf 75' lang='lat' dir='ltr'><strong>cﬂusa,</strong></span> <span class='ocrx_word' id='word_1_239' title='bbox 2481 707 2658 777; x_wconf 84' lang='lat' dir='ltr'><strong>ignem</strong></span> <span class='ocrx_word' id='word_1_240' title='bbox 2702 713 2842 768; x_wconf 73' lang='lat' dir='ltr'><strong>cmlo</strong></span> <span class='ocrx_word' id='word_1_241' title='bbox 2872 714 3173 781; x_wconf 85' lang='lat' dir='ltr'><strong>devocavit,</strong></span> <span class='ocrx_word' id='word_1_242' title='bbox 3207 725 3260 773; x_wconf 88' lang='lat' dir='ltr'><strong>et</strong></span> <span class='ocrx_word' id='word_1_243' title='bbox 3283 719 3515 778; x_wconf 76' lang='lat' dir='ltr'><strong>hostium</strong></span> 
     </span>
    </p>
   </div>
   <div class='ocr_carea' id='block_1_35' title="bbox 1932 795 3515 874">
    <p class='ocr_par' dir='ltr' id='par_1_35' title="bbox 1932 795 3515 874">
     <span class='ocr_line' id='line_1_35' title="bbox 1932 795 3515 874; baseline 0.017 -32"><span class='ocrx_word' id='word_1_244' title='bbox 1932 795 2265 864; x_wconf 86' lang='lat' dir='ltr'><strong>consumpsit</strong></span> <span class='ocrx_word' id='word_1_245' title='bbox 2290 797 2359 851; x_wconf 81' lang='lat'><strong>&quot;.</strong></span> <span class='ocrx_word' id='word_1_246' title='bbox 2387 796 2574 855; x_wconf 86' lang='lat' dir='ltr'><strong>Daniel</strong></span> <span class='ocrx_word' id='word_1_247' title='bbox 2605 812 2687 856; x_wconf 92' lang='lat' dir='ltr'><strong>ter</strong></span> <span class='ocrx_word' id='word_1_248' title='bbox 2717 805 2952 874; x_wconf 80' lang='lat' dir='ltr'><strong>quotidie</strong></span> <span class='ocrx_word' id='word_1_249' title='bbox 3004 807 3194 867; x_wconf 82' lang='lat' dir='ltr'><strong>domus</strong></span> <span class='ocrx_word' id='word_1_250' title='bbox 3235 824 3347 866; x_wconf 68' lang='lat' dir='ltr'><strong>sum</strong></span> <span class='ocrx_word' id='word_1_251' title='bbox 3377 810 3515 869; x_wconf 78' lang='lat' dir='ltr'><strong>fori-</strong></span> 
     </span>
    </p>
   </div>
   <div class='ocr_carea' id='block_1_36' title="bbox 1931 881 3516 975">
    <p class='ocr_par' dir='ltr' id='par_1_36' title="bbox 1931 881 3516 975">
     <span class='ocr_line' id='line_1_36' title="bbox 1931 881 3516 975; baseline 0.016 -41"><span class='ocrx_word' id='word_1_252' title='bbox 1931 881 2030 935; x_wconf 90' lang='lat' dir='ltr'><strong>bus</strong></span> <span class='ocrx_word' id='word_1_253' title='bbox 2055 886 2254 951; x_wconf 89' lang='lat' dir='ltr'><strong>apertis</strong></span> <span class='ocrx_word' id='word_1_254' title='bbox 2287 904 2679 960; x_wconf 85' lang='lat' dir='ltr'><strong>comprecatus,</strong></span> <span class='ocrx_word' id='word_1_255' title='bbox 2710 897 2978 963; x_wconf 83' lang='lat' dir='ltr'><strong>posmlata</strong></span> <span class='ocrx_word' id='word_1_256' title='bbox 3005 903 3212 971; x_wconf 89' lang='lat' dir='ltr'><strong>accepit</strong></span> <span class='ocrx_word' id='word_1_257' title='bbox 3234 903 3300 958; x_wconf 79' lang='lat'><strong>”.</strong></span> <span class='ocrx_word' id='word_1_258' title='bbox 3338 904 3516 975; x_wconf 83' lang='lat' dir='ltr'><strong>Atque</strong></span> 
     </span>
    </p>
   </div>
   <div class='ocr_carea' id='block_1_37' title="bbox 1931 974 3510 1068">
    <p class='ocr_par' dir='ltr' id='par_1_37' title="bbox 1931 974 3510 1068">
     <span class='ocr_line' id='line_1_37' title="bbox 1931 974 3510 1068; baseline 0.017 -40"><span class='ocrx_word' id='word_1_259' title='bbox 1931 974 2046 1029; x_wconf 80' lang='lat' dir='ltr'><strong>haec</strong></span> <span class='ocrx_word' id='word_1_260' title='bbox 2075 990 2224 1042; x_wconf 89' lang='lat' dir='ltr'><strong>vero,</strong></span> <span class='ocrx_word' id='word_1_261' title='bbox 2253 995 2592 1053; x_wconf 88' lang='lat' dir='ltr'><strong>nequaquam</strong></span> <span class='ocrx_word' id='word_1_262' title='bbox 2651 980 2853 1045; x_wconf 78' lang='lat' dir='ltr'><strong>tentere</strong></span> <span class='ocrx_word' id='word_1_263' title='bbox 2879 1003 3054 1061; x_wconf 89' lang='lat' dir='ltr'><strong>erant,</strong></span> <span class='ocrx_word' id='word_1_264' title='bbox 3093 997 3186 1051; x_wconf 87' lang='lat' dir='ltr'><strong>sed</strong></span> <span class='ocrx_word' id='word_1_265' title='bbox 3217 1012 3337 1067; x_wconf 69' lang='lat' dir='ltr'><strong>qum</strong></span> <span class='ocrx_word' id='word_1_266' title='bbox 3359 1007 3510 1068; x_wconf 87' lang='lat' dir='ltr'><strong>gesta</strong></span> 
     </span>
    </p>
   </div>
   <div class='ocr_carea' id='block_1_38' title="bbox 1928 1073 3014 1143">
    <p class='ocr_par' dir='ltr' id='par_1_38' title="bbox 1928 1073 3014 1143">
     <span class='ocr_line' id='line_1_38' title="bbox 1928 1073 3014 1143; baseline 0.017 -19"><span class='ocrx_word' id='word_1_267' title='bbox 1928 1079 2131 1125; x_wconf 77' lang='lat' dir='ltr'><strong>sancta:</strong></span> <span class='ocrx_word' id='word_1_268' title='bbox 2155 1073 2435 1134; x_wconf 85' lang='lat' dir='ltr'><strong>Trinitatis</strong></span> <span class='ocrx_word' id='word_1_269' title='bbox 2459 1094 2718 1137; x_wconf 87' lang='lat' dir='ltr'><strong>arcanum</strong></span> <span class='ocrx_word' id='word_1_270' title='bbox 2743 1093 3014 1143; x_wconf 89' lang='lat' dir='ltr'><strong>notarent.</strong></span> 
     </span>
    </p>
   </div>
   <div class='ocr_carea' id='block_1_39' title="bbox 1999 1162 3506 1252">
    <p class='ocr_par' dir='ltr' id='par_1_39' title="bbox 1999 1162 3506 1252">
     <span class='ocr_line' id='line_1_39' title="bbox 1999 1162 3506 1252; baseline 0.02 -35"><span class='ocrx_word' id='word_1_271' title='bbox 1999 1162 2360 1223; x_wconf 82' lang='lat' dir='ltr'><strong>Nihilominus</strong></span> <span class='ocrx_word' id='word_1_272' title='bbox 2409 1172 2452 1226; x_wconf 88' lang='lat' dir='ltr'><strong>si</strong></span> <span class='ocrx_word' id='word_1_273' title='bbox 2520 1176 2789 1231; x_wconf 88' lang='lat' dir='ltr'><strong>crassiora</strong></span> <span class='ocrx_word' id='word_1_274' title='bbox 2844 1179 3119 1249; x_wconf 85' lang='lat' dir='ltr'><strong>vaticinia,</strong></span> <span class='ocrx_word' id='word_1_275' title='bbox 3150 1192 3335 1252; x_wconf 83' lang='lat' dir='ltr'><strong>utpote</strong></span> <span class='ocrx_word' id='word_1_276' title='bbox 3357 1188 3506 1246; x_wconf 31' lang='lat' dir='ltr'><strong>erasa</strong></span> 
     </span>
    </p>
   </div>
   <div class='ocr_carea' id='block_1_40' title="bbox 1925 1256 3508 1339">
    <p class='ocr_par' dir='ltr' id='par_1_40' title="bbox 1925 1256 3508 1339">
     <span class='ocr_line' id='line_1_40' title="bbox 1925 1256 3508 1339; baseline 0.016 -27"><span class='ocrx_word' id='word_1_277' title='bbox 1925 1256 2120 1324; x_wconf 89' lang='lat' dir='ltr'><strong>siorcs,</strong></span> <span class='ocrx_word' id='word_1_278' title='bbox 2169 1261 2463 1330; x_wconf 84' lang='lat' dir='ltr'><strong>requiritis,</strong></span> <span class='ocrx_word' id='word_1_279' title='bbox 2504 1265 2646 1336; x_wconf 88' lang='lat' dir='ltr'><strong>agite</strong></span> <span class='ocrx_word' id='word_1_280' title='bbox 2670 1283 2822 1335; x_wconf 90' lang='lat' dir='ltr'><strong>sane,</strong></span> <span class='ocrx_word' id='word_1_281' title='bbox 2889 1281 2942 1326; x_wconf 85' lang='lat' dir='ltr'><strong>et</strong></span> <span class='ocrx_word' id='word_1_282' title='bbox 3005 1276 3275 1332; x_wconf 86' lang='lat' dir='ltr'><strong>crassiora</strong></span> <span class='ocrx_word' id='word_1_283' title='bbox 3315 1288 3508 1339; x_wconf 88' lang='lat' dir='ltr'><strong>tracte-</strong></span> 
     </span>
    </p>
   </div>
   <div class='ocr_carea' id='block_1_41' title="bbox 1925 1351 3508 1445">
    <p class='ocr_par' dir='ltr' id='par_1_41' title="bbox 1925 1351 3508 1445">
     <span class='ocr_line' id='line_1_41' title="bbox 1925 1351 3508 1445; baseline 0.019 -43"><span class='ocrx_word' id='word_1_284' title='bbox 1925 1365 2070 1405; x_wconf 89' lang='lat' dir='ltr'><strong>mus.</strong></span> <span class='ocrx_word' id='word_1_285' title='bbox 2131 1351 2317 1423; x_wconf 88' lang='lat' dir='ltr'><strong>ltaque</strong></span> <span class='ocrx_word' id='word_1_286' title='bbox 2364 1356 2483 1412; x_wconf 86' lang='lat' dir='ltr'><strong>.lobi</strong></span> <span class='ocrx_word' id='word_1_287' title='bbox 2516 1359 2632 1416; x_wconf 84' lang='lat' dir='ltr'><strong>haec</strong></span> <span class='ocrx_word' id='word_1_288' title='bbox 2676 1374 2802 1419; x_wconf 90' lang='lat' dir='ltr'><strong>sunt</strong></span> <span class='ocrx_word' id='word_1_289' title='bbox 2857 1365 3064 1424; x_wconf 84' lang='lat' dir='ltr'><strong>verba:</strong></span> <span class='ocrx_word' id='word_1_290' title='bbox 3106 1387 3125 1422; x_wconf 85' lang='grc'><strong>‹</strong></span> <span class='ocrx_word' id='word_1_291' title='bbox 3164 1371 3309 1428; x_wconf 83' lang='lat' dir='ltr'><strong>Vivit</strong></span> <span class='ocrx_word' id='word_1_292' title='bbox 3342 1376 3508 1445; x_wconf 85' lang='lat' dir='ltr'><strong>Deus,</strong></span> 
     </span>
    </p>
   </div>
   <div class='ocr_carea' id='block_1_42' title="bbox 1923 1444 3506 1539">
    <p class='ocr_par' dir='ltr' id='par_1_42' title="bbox 1923 1444 3506 1539">
     <span class='ocr_line' id='line_1_42' title="bbox 1923 1444 3506 1539; baseline 0.018 -42"><span class='ocrx_word' id='word_1_293' title='bbox 1923 1444 2013 1517; x_wconf 89' lang='lat' dir='ltr'><strong>qui</strong></span> <span class='ocrx_word' id='word_1_294' title='bbox 2036 1445 2258 1504; x_wconf 85' lang='lat' dir='ltr'><strong>abstulit</strong></span> <span class='ocrx_word' id='word_1_295' title='bbox 2289 1449 2554 1517; x_wconf 88' lang='lat' dir='ltr'><strong>judicium</strong></span> <span class='ocrx_word' id='word_1_296' title='bbox 2578 1470 2793 1524; x_wconf 88' lang='lat' dir='ltr'><strong>meum;</strong></span> <span class='ocrx_word' id='word_1_297' title='bbox 2828 1467 2882 1514; x_wconf 92' lang='lat' dir='ltr'><strong>et</strong></span> <span class='ocrx_word' id='word_1_298' title='bbox 2911 1459 3265 1534; x_wconf 87' lang='lat' dir='ltr'><strong>Omnipotens</strong></span> <span class='ocrx_word' id='word_1_299' title='bbox 3319 1470 3407 1539; x_wconf 92' lang='lat' dir='ltr'><strong>qui</strong></span> <span class='ocrx_word' id='word_1_300' title='bbox 3439 1444 3506 1527; x_wconf 88' lang='lat' dir='ltr'><strong>ad</strong></span> 
     </span>
    </p>
   </div>
   <div class='ocr_carea' id='block_1_43' title="bbox 1923 1538 3508 1629">
    <p class='ocr_par' dir='ltr' id='par_1_43' title="bbox 1923 1538 3508 1629">
     <span class='ocr_line' id='line_1_43' title="bbox 1923 1538 3508 1629; baseline 0.018 -40"><span class='ocrx_word' id='word_1_301' title='bbox 1923 1538 2341 1596; x_wconf 85' lang='lat' dir='ltr'><strong>amaritudinem</strong></span> <span class='ocrx_word' id='word_1_302' title='bbox 2369 1544 2593 1601; x_wconf 80' lang='lat' dir='ltr'><strong>adduxit</strong></span> <span class='ocrx_word' id='word_1_303' title='bbox 2623 1547 2858 1604; x_wconf 88' lang='lat' dir='ltr'><strong>animam</strong></span> <span class='ocrx_word' id='word_1_304' title='bbox 2910 1569 3084 1610; x_wconf 84' lang='lat' dir='ltr'><strong>meam</strong></span> <span class='ocrx_word' id='word_1_305' title='bbox 3122 1557 3291 1629; x_wconf 89' lang='lat' dir='ltr'><strong>:quia</strong></span> <span class='ocrx_word' id='word_1_306' title='bbox 3335 1557 3508 1617; x_wconf 84' lang='lat' dir='ltr'><strong>donec</strong></span> 
     </span>
    </p>
   </div>
   <div class='ocr_carea' id='block_1_44' title="bbox 1919 1635 3505 1724">
    <p class='ocr_par' dir='ltr' id='par_1_44' title="bbox 1919 1635 3505 1724">
     <span class='ocr_line' id='line_1_44' title="bbox 1919 1635 3505 1724; baseline 0.015 -38"><span class='ocrx_word' id='word_1_307' title='bbox 1919 1642 2168 1703; x_wconf 78' lang='lat' dir='ltr'><strong>superest</strong></span> <span class='ocrx_word' id='word_1_308' title='bbox 2199 1635 2414 1693; x_wconf 84' lang='lat' dir='ltr'><strong>habitus</strong></span> <span class='ocrx_word' id='word_1_309' title='bbox 2443 1639 2495 1694; x_wconf 92' lang='lat' dir='ltr'><strong>in</strong></span> <span class='ocrx_word' id='word_1_310' title='bbox 2527 1655 2633 1709; x_wconf 89' lang='lat' dir='ltr'><strong>me,</strong></span> <span class='ocrx_word' id='word_1_311' title='bbox 2666 1651 2720 1697; x_wconf 90' lang='lat' dir='ltr'><strong>et</strong></span> <span class='ocrx_word' id='word_1_312' title='bbox 2746 1643 2979 1716; x_wconf 86' lang='lat' dir='ltr'><strong>Spiritus</strong></span> <span class='ocrx_word' id='word_1_313' title='bbox 3014 1647 3110 1704; x_wconf 87' lang='lat' dir='ltr'><strong>Dei</strong></span> <span class='ocrx_word' id='word_1_314' title='bbox 3141 1651 3182 1717; x_wconf 76' lang='grc' dir='ltr'><strong>ι,</strong></span> <span class='ocrx_word' id='word_1_315' title='bbox 3221 1671 3241 1704; x_wconf 71' lang='grc' dir='ltr'><strong><em>ι</em></strong></span> <span class='ocrx_word' id='word_1_316' title='bbox 3279 1655 3371 1724; x_wconf 87' lang='lat' dir='ltr'><strong>qui</strong></span> <span class='ocrx_word' id='word_1_317' title='bbox 3422 1654 3505 1710; x_wconf 74' lang='lat' dir='ltr'><strong>fe-</strong></span> 
     </span>
    </p>
   </div>
   <div class='ocr_carea' id='block_1_45' title="bbox 1918 1725 3505 1818">
    <p class='ocr_par' dir='ltr' id='par_1_45' title="bbox 1918 1725 3505 1818">
     <span class='ocr_line' id='line_1_45' title="bbox 1918 1725 3505 1818; baseline 0.015 -38"><span class='ocrx_word' id='word_1_318' title='bbox 1918 1725 1994 1781; x_wconf 92' lang='lat' dir='ltr'><strong>cit</strong></span> <span class='ocrx_word' id='word_1_319' title='bbox 2055 1743 2163 1783; x_wconf 89' lang='lat' dir='ltr'><strong>me.</strong></span> <span class='ocrx_word' id='word_1_320' title='bbox 2199 1728 2470 1786; x_wconf 79' lang='lat' dir='ltr'><strong>Abraham</strong></span> <span class='ocrx_word' id='word_1_321' title='bbox 2519 1749 2719 1805; x_wconf 86' lang='lat' dir='ltr'><strong>parens</strong></span> <span class='ocrx_word' id='word_1_322' title='bbox 2751 1747 2929 1794; x_wconf 86' lang='lat' dir='ltr'><strong>vester</strong></span> <span class='ocrx_word' id='word_1_323' title='bbox 2966 1750 3075 1797; x_wconf 90' lang='lat' dir='ltr'><strong>tres</strong></span> <span class='ocrx_word' id='word_1_324' title='bbox 3101 1745 3317 1814; x_wconf 78' lang='lat' dir='ltr'><strong>angelos</strong></span> <span class='ocrx_word' id='word_1_325' title='bbox 3373 1763 3505 1818; x_wconf 87' lang='lat' dir='ltr'><strong>epu-</strong></span> 
     </span>
    </p>
   </div>
   <div class='ocr_carea' id='block_1_46' title="bbox 1918 1819 3501 1905">
    <p class='ocr_par' dir='ltr' id='par_1_46' title="bbox 1918 1819 3501 1905">
     <span class='ocr_line' id='line_1_46' title="bbox 1918 1819 3501 1905; baseline 0.013 -29"><span class='ocrx_word' id='word_1_326' title='bbox 1918 1819 1987 1876; x_wconf 90' lang='lat' dir='ltr'><strong>lis</strong></span> <span class='ocrx_word' id='word_1_327' title='bbox 2030 1823 2259 1892; x_wconf 87' lang='lat' dir='ltr'><strong>accepit,</strong></span> <span class='ocrx_word' id='word_1_328' title='bbox 2309 1824 2506 1894; x_wconf 87' lang='lat' dir='ltr'><strong>quibus</strong></span> <span class='ocrx_word' id='word_1_329' title='bbox 2555 1826 2768 1887; x_wconf 86' lang='lat' dir='ltr'><strong>Domini</strong></span> <span class='ocrx_word' id='word_1_330' title='bbox 2808 1847 2896 1900; x_wconf 69' lang='lat' dir='ltr'><strong>,ex</strong></span> <span class='ocrx_word' id='word_1_331' title='bbox 2919 1849 3071 1905; x_wconf 74' lang='lat' dir='ltr'><strong>aequo</strong></span> <span class='ocrx_word' id='word_1_332' title='bbox 3104 1852 3299 1894; x_wconf 91' lang='lat' dir='ltr'><strong>nomen</strong></span> <span class='ocrx_word' id='word_1_333' title='bbox 3335 1856 3501 1896; x_wconf 89' lang='lat' dir='ltr'><strong>unum</strong></span> 
     </span>
    </p>
   </div>
   <div class='ocr_carea' id='block_1_47' title="bbox 1911 1910 3502 1997">
    <p class='ocr_par' dir='ltr' id='par_1_47' title="bbox 1911 1910 3502 1997">
     <span class='ocr_line' id='line_1_47' title="bbox 1911 1910 3502 1997; baseline 0.013 -32"><span class='ocrx_word' id='word_1_334' title='bbox 1911 1910 2122 1977; x_wconf 89' lang='lat' dir='ltr'><strong>tribuit,</strong></span> <span class='ocrx_word' id='word_1_335' title='bbox 2162 1915 2388 1971; x_wconf 82' lang='lat' dir='ltr'><strong>dicens;</strong></span> <span class='ocrx_word' id='word_1_336' title='bbox 2427 1935 2447 1969; x_wconf 75' lang='grc' dir='ltr'>ι</span> <span class='ocrx_word' id='word_1_337' title='bbox 2491 1915 2737 1988; x_wconf 90' lang='lat' dir='ltr'><strong>Domine,</strong></span> <span class='ocrx_word' id='word_1_338' title='bbox 2775 1922 2820 1979; x_wconf 87' lang='lat' dir='ltr'><strong>si</strong></span> <span class='ocrx_word' id='word_1_339' title='bbox 2855 1925 3031 1981; x_wconf 86' lang='lat' dir='ltr'><strong>inveni</strong></span> <span class='ocrx_word' id='word_1_340' title='bbox 3056 1927 3284 1997; x_wconf 81' lang='lat' dir='ltr'><strong>gratiam</strong></span> <span class='ocrx_word' id='word_1_341' title='bbox 3315 1945 3502 1986; x_wconf 86' lang='lat' dir='ltr'><strong>coram</strong></span> 
     </span>
    </p>
   </div>
   <div class='ocr_carea' id='block_1_48' title="bbox 1913 2010 3500 2090">
    <p class='ocr_par' dir='ltr' id='par_1_48' title="bbox 1913 2010 3500 2090">
     <span class='ocr_line' id='line_1_48' title="bbox 1913 2010 3500 2090; baseline 0.016 -35"><span class='ocrx_word' id='word_1_342' title='bbox 1913 2010 1986 2068; x_wconf 90' lang='lat' dir='ltr'><strong>te,</strong></span> <span class='ocrx_word' id='word_1_343' title='bbox 2024 2021 2042 2054; x_wconf 76' lang='grc' dir='ltr'>ι</span> <span class='ocrx_word' id='word_1_344' title='bbox 2069 2013 2269 2076; x_wconf 76' lang='lat' dir='ltr'><strong>etquae</strong></span> <span class='ocrx_word' id='word_1_345' title='bbox 2303 2019 2606 2079; x_wconf 84' lang='lat' dir='ltr'><strong>sequuntur</strong></span> <span class='ocrx_word' id='word_1_346' title='bbox 2641 2013 2686 2070; x_wconf 81' lang='lat'><strong>’.</strong></span> <span class='ocrx_word' id='word_1_347' title='bbox 2713 2012 2880 2069; x_wconf 90' lang='lat' dir='ltr'><strong>Deum</strong></span> <span class='ocrx_word' id='word_1_348' title='bbox 2912 2031 3037 2073; x_wconf 91' lang='lat' dir='ltr'><strong>vero</strong></span> <span class='ocrx_word' id='word_1_349' title='bbox 3067 2021 3208 2090; x_wconf 91' lang='lat' dir='ltr'><strong>quod</strong></span> <span class='ocrx_word' id='word_1_350' title='bbox 3252 2022 3500 2080; x_wconf 79' lang='lat' dir='ltr'><strong>Abraha-</strong></span> 
     </span>
    </p>
   </div>
   <div class='ocr_carea' id='block_1_49' title="bbox 1909 2099 3499 2176">
    <p class='ocr_par' dir='ltr' id='par_1_49' title="bbox 1909 2099 3499 2176">
     <span class='ocr_line' id='line_1_49' title="bbox 1909 2099 3499 2176; baseline 0.017 -32"><span class='ocrx_word' id='word_1_351' title='bbox 1909 2107 2031 2148; x_wconf 89' lang='lat' dir='ltr'><strong>mus</strong></span> <span class='ocrx_word' id='word_1_352' title='bbox 2073 2099 2369 2169; x_wconf 79' lang='lat' dir='ltr'><strong>exceperit,</strong></span> <span class='ocrx_word' id='word_1_353' title='bbox 2427 2109 2481 2156; x_wconf 91' lang='lat' dir='ltr'><strong>et</strong></span> <span class='ocrx_word' id='word_1_354' title='bbox 2530 2117 2638 2158; x_wconf 89' lang='lat' dir='ltr'><strong>non</strong></span> <span class='ocrx_word' id='word_1_355' title='bbox 2691 2105 2936 2176; x_wconf 85' lang='lat' dir='ltr'><strong>angelos,</strong></span> <span class='ocrx_word' id='word_1_356' title='bbox 3001 2109 3222 2168; x_wconf 84' lang='lat' dir='ltr'><strong>evidens</strong></span> <span class='ocrx_word' id='word_1_357' title='bbox 3276 2124 3361 2169; x_wconf 90' lang='lat' dir='ltr'><strong>est</strong></span> <span class='ocrx_word' id='word_1_358' title='bbox 3394 2131 3499 2172; x_wconf 85' lang='lat' dir='ltr'><strong>non</strong></span> 
     </span>
    </p>
   </div>
   <div class='ocr_carea' id='block_1_50' title="bbox 1904 2191 3496 2277">
    <p class='ocr_par' dir='ltr' id='par_1_50' title="bbox 1904 2191 3496 2277">
     <span class='ocr_line' id='line_1_50' title="bbox 1904 2191 3496 2277; baseline 0.015 -34"><span class='ocrx_word' id='word_1_359' title='bbox 1904 2191 2080 2244; x_wconf 89' lang='lat' dir='ltr'><strong>solum</strong></span> <span class='ocrx_word' id='word_1_360' title='bbox 2127 2206 2197 2247; x_wconf 83' lang='lat' dir='ltr'><strong>ex</strong></span> <span class='ocrx_word' id='word_1_361' title='bbox 2241 2193 2382 2250; x_wconf 79' lang='lat' dir='ltr'><strong>risus</strong></span> <span class='ocrx_word' id='word_1_362' title='bbox 2432 2195 2583 2253; x_wconf 87' lang='lat' dir='ltr'><strong>Sarae</strong></span> <span class='ocrx_word' id='word_1_363' title='bbox 2629 2201 3042 2270; x_wconf 81' lang='lat' dir='ltr'><strong>praesensione;</strong></span> <span class='ocrx_word' id='word_1_364' title='bbox 3090 2207 3182 2261; x_wconf 89' lang='lat' dir='ltr'><strong>sed</strong></span> <span class='ocrx_word' id='word_1_365' title='bbox 3212 2207 3328 2277; x_wconf 87' lang='lat' dir='ltr'><strong>ipse</strong></span> <span class='ocrx_word' id='word_1_366' title='bbox 3360 2212 3496 2268; x_wconf 84' lang='lat' dir='ltr'><strong>adeo</strong></span> 
     </span>
    </p>
   </div>
   <div class='ocr_carea' id='block_1_51' title="bbox 1906 2283 3493 2368">
    <p class='ocr_par' dir='ltr' id='par_1_51' title="bbox 1906 2283 3493 2368">
     <span class='ocr_line' id='line_1_51' title="bbox 1906 2283 3493 2368; baseline 0.014 -30"><span class='ocrx_word' id='word_1_367' title='bbox 1906 2283 2046 2342; x_wconf 82' lang='lat' dir='ltr'><strong>Deus</strong></span> <span class='ocrx_word' id='word_1_368' title='bbox 2077 2286 2123 2343; x_wconf 89' lang='lat' dir='ltr'><strong>ei</strong></span> <span class='ocrx_word' id='word_1_369' title='bbox 2156 2297 2277 2360; x_wconf 88' lang='lat' dir='ltr'><strong>post</strong></span> <span class='ocrx_word' id='word_1_370' title='bbox 2317 2290 2502 2360; x_wconf 88' lang='lat' dir='ltr'><strong>epulas</strong></span> <span class='ocrx_word' id='word_1_371' title='bbox 2528 2293 2833 2360; x_wconf 80' lang='lat' dir='ltr'><strong>conﬁrmat,</strong></span> <span class='ocrx_word' id='word_1_372' title='bbox 2877 2311 2938 2352; x_wconf 91' lang='lat' dir='ltr'><strong>se</strong></span> <span class='ocrx_word' id='word_1_373' title='bbox 2977 2298 3091 2368; x_wconf 90' lang='lat' dir='ltr'><strong>ejus</strong></span> <span class='ocrx_word' id='word_1_374' title='bbox 3107 2313 3228 2356; x_wconf 88' lang='lat' dir='ltr'><strong>esse</strong></span> <span class='ocrx_word' id='word_1_375' title='bbox 3275 2301 3441 2358; x_wconf 88' lang='lat' dir='ltr'><strong>Deum</strong></span> <span class='ocrx_word' id='word_1_376' title='bbox 3475 2323 3493 2363; x_wconf 88' lang='lat'><strong>:</strong></span> 
     </span>
    </p>
   </div>
   <div class='ocr_carea' id='block_1_52' title="bbox 1908 2377 3498 2461">
    <p class='ocr_par' dir='ltr' id='par_1_52' title="bbox 1908 2377 3498 2461">
     <span class='ocr_line' id='line_1_52' title="bbox 1908 2377 3498 2461; baseline 0.013 -29"><span class='ocrx_word' id='word_1_377' title='bbox 1908 2398 1926 2432; x_wconf 71' lang='grc' dir='ltr'>ι</span> <span class='ocrx_word' id='word_1_378' title='bbox 1971 2377 2267 2439; x_wconf 77' lang='lat' dir='ltr'><strong>Revertens</strong></span> <span class='ocrx_word' id='word_1_379' title='bbox 2318 2385 2532 2441; x_wconf 89' lang='lat' dir='ltr'><strong>veniam</strong></span> <span class='ocrx_word' id='word_1_380' title='bbox 2560 2387 2628 2442; x_wconf 88' lang='lat' dir='ltr'><strong>ad</strong></span> <span class='ocrx_word' id='word_1_381' title='bbox 2678 2399 2732 2444; x_wconf 91' lang='lat' dir='ltr'><strong>te</strong></span> <span class='ocrx_word' id='word_1_382' title='bbox 2759 2399 3003 2461; x_wconf 86' lang='lat' dir='ltr'><strong>tempore</strong></span> <span class='ocrx_word' id='word_1_383' title='bbox 3036 2393 3162 2460; x_wconf 89' lang='lat' dir='ltr'><strong>isto,</strong></span> <span class='ocrx_word' id='word_1_384' title='bbox 3196 2402 3251 2449; x_wconf 90' lang='lat' dir='ltr'><strong>et</strong></span> <span class='ocrx_word' id='word_1_385' title='bbox 3273 2393 3498 2453; x_wconf 83' lang='lat' dir='ltr'><strong>habebit</strong></span> 
     </span>
    </p>
   </div>
   <div class='ocr_carea' id='block_1_53' title="bbox 1905 2474 3493 2548">
    <p class='ocr_par' dir='ltr' id='par_1_53' title="bbox 1905 2474 3493 2548">
     <span class='ocr_line' id='line_1_53' title="bbox 1905 2474 3493 2548; baseline 0.01 -18"><span class='ocrx_word' id='word_1_386' title='bbox 1905 2475 2071 2530; x_wconf 77' lang='lat' dir='ltr'><strong>illium</strong></span> <span class='ocrx_word' id='word_1_387' title='bbox 2141 2474 2277 2532; x_wconf 84' lang='lat' dir='ltr'><strong>Sara</strong></span> <span class='ocrx_word' id='word_1_388' title='bbox 2308 2495 2443 2535; x_wconf 81' lang='lat' dir='ltr'><strong>uxor</strong></span> <span class='ocrx_word' id='word_1_389' title='bbox 2501 2492 2589 2536; x_wconf 87' lang='lat' dir='ltr'><strong>tua</strong></span> <span class='ocrx_word' id='word_1_390' title='bbox 2631 2482 2673 2540; x_wconf 87' lang='grc'><strong>³.</strong></span> <span class='ocrx_word' id='word_1_391' title='bbox 2706 2501 2724 2534; x_wconf 70' lang='grc' dir='ltr'>ι</span> <span class='ocrx_word' id='word_1_392' title='bbox 2764 2481 2830 2537; x_wconf 84' lang='lat' dir='ltr'><strong>Et</strong></span> <span class='ocrx_word' id='word_1_393' title='bbox 2849 2486 3102 2542; x_wconf 88' lang='lat' dir='ltr'><strong>eductum</strong></span> <span class='ocrx_word' id='word_1_394' title='bbox 3133 2489 3277 2545; x_wconf 80' lang='lat' dir='ltr'><strong>foras</strong></span> <span class='ocrx_word' id='word_1_395' title='bbox 3305 2493 3385 2547; x_wconf 85' lang='lat' dir='ltr'><strong>sic</strong></span> <span class='ocrx_word' id='word_1_396' title='bbox 3408 2504 3493 2548; x_wconf 86' lang='lat' dir='ltr'><strong>est</strong></span> 
     </span>
    </p>
   </div>
   <div class='ocr_carea' id='block_1_54' title="bbox 1896 2569 3492 2652">
    <p class='ocr_par' dir='ltr' id='par_1_54' title="bbox 1896 2569 3492 2652">
     <span class='ocr_line' id='line_1_54' title="bbox 1896 2569 3492 2652; baseline 0.012 -28"><span class='ocrx_word' id='word_1_397' title='bbox 1896 2569 2213 2626; x_wconf 88' lang='lat' dir='ltr'><strong>allocutus:</strong></span> <span class='ocrx_word' id='word_1_398' title='bbox 2254 2590 2273 2624; x_wconf 85' lang='grc'>‹</span> <span class='ocrx_word' id='word_1_399' title='bbox 2319 2572 2547 2645; x_wconf 90' lang='lat' dir='ltr'><strong>Suspice</strong></span> <span class='ocrx_word' id='word_1_400' title='bbox 2592 2576 2811 2643; x_wconf 75' lang='lat' dir='ltr'><strong>cmlum,</strong></span> <span class='ocrx_word' id='word_1_401' title='bbox 2852 2587 2908 2634; x_wconf 86' lang='lat' dir='ltr'><strong>et</strong></span> <span class='ocrx_word' id='word_1_402' title='bbox 2945 2597 3168 2638; x_wconf 88' lang='lat' dir='ltr'><strong>numera</strong></span> <span class='ocrx_word' id='word_1_403' title='bbox 3200 2586 3410 2652; x_wconf 85' lang='lat' dir='ltr'><strong>stellas,</strong></span> <span class='ocrx_word' id='word_1_404' title='bbox 3445 2591 3492 2643; x_wconf 87' lang='lat' dir='ltr'><strong>si</strong></span> 
     </span>
    </p>
   </div>
   <div class='ocr_carea' id='block_1_55' title="bbox 1894 2665 3493 2738">
    <p class='ocr_par' dir='ltr' id='par_1_55' title="bbox 1894 2665 3493 2738">
     <span class='ocr_line' id='line_1_55' title="bbox 1894 2665 3493 2738; baseline 0.013 -20"><span class='ocrx_word' id='word_1_405' title='bbox 1894 2673 2068 2735; x_wconf 90' lang='lat' dir='ltr'><strong>potes.</strong></span> <span class='ocrx_word' id='word_1_406' title='bbox 2120 2665 2186 2720; x_wconf 86' lang='lat' dir='ltr'><strong>Et</strong></span> <span class='ocrx_word' id='word_1_407' title='bbox 2213 2667 2353 2723; x_wconf 76' lang='lat' dir='ltr'><strong>dixit</strong></span> <span class='ocrx_word' id='word_1_408' title='bbox 2417 2671 2464 2726; x_wconf 92' lang='lat' dir='ltr'><strong>ei</strong></span> <span class='ocrx_word' id='word_1_409' title='bbox 2499 2689 2511 2723; x_wconf 88' lang='lat'><strong>:</strong></span> <span class='ocrx_word' id='word_1_410' title='bbox 2551 2671 2642 2727; x_wconf 81' lang='lat' dir='ltr'><strong>Sic</strong></span> <span class='ocrx_word' id='word_1_411' title='bbox 2676 2673 2989 2730; x_wconf 90' lang='lat' dir='ltr'><strong>eritsemen</strong></span> <span class='ocrx_word' id='word_1_412' title='bbox 3043 2684 3216 2732; x_wconf 90' lang='lat' dir='ltr'><strong>tuum.</strong></span> <span class='ocrx_word' id='word_1_413' title='bbox 3247 2679 3493 2738; x_wconf 84' lang='lat' dir='ltr'><strong>Credidit</strong></span> 
     </span>
    </p>
   </div>
   <div class='ocr_carea' id='block_1_56' title="bbox 1904 2758 3487 2841">
    <p class='ocr_par' dir='ltr' id='par_1_56' title="bbox 1904 2758 3487 2841">
     <span class='ocr_line' id='line_1_56' title="bbox 1904 2758 3487 2841; baseline 0.009 -29"><span class='ocrx_word' id='word_1_414' title='bbox 1904 2758 2178 2814; x_wconf 83' lang='lat' dir='ltr'><strong>Abraham</strong></span> <span class='ocrx_word' id='word_1_415' title='bbox 2244 2759 2376 2830; x_wconf 87' lang='lat' dir='ltr'><strong>Deo,</strong></span> <span class='ocrx_word' id='word_1_416' title='bbox 2430 2771 2485 2818; x_wconf 90' lang='lat' dir='ltr'><strong>et</strong></span> <span class='ocrx_word' id='word_1_417' title='bbox 2543 2775 2848 2834; x_wconf 83' lang='lat' dir='ltr'><strong>reputatum</strong></span> <span class='ocrx_word' id='word_1_418' title='bbox 2887 2778 2969 2825; x_wconf 88' lang='lat' dir='ltr'><strong>est</strong></span> <span class='ocrx_word' id='word_1_419' title='bbox 2999 2769 3074 2825; x_wconf 87' lang='lat' dir='ltr'><strong>illi</strong></span> <span class='ocrx_word' id='word_1_420' title='bbox 3109 2773 3172 2826; x_wconf 83' lang='lat' dir='ltr'><strong>ad</strong></span> <span class='ocrx_word' id='word_1_421' title='bbox 3195 2770 3487 2841; x_wconf 86' lang='lat' dir='ltr'><strong>justitiam.</strong></span> 
     </span>
    </p>
   </div>
   <div class='ocr_carea' id='block_1_57' title="bbox 1893 2851 3490 2936">
    <p class='ocr_par' dir='ltr' id='par_1_57' title="bbox 1893 2851 3490 2936">
     <span class='ocr_line' id='line_1_57' title="bbox 1893 2851 3490 2936; baseline 0.014 -31"><span class='ocrx_word' id='word_1_422' title='bbox 1893 2851 2146 2925; x_wconf 84' lang='lat' dir='ltr'><strong>Dixitque</strong></span> <span class='ocrx_word' id='word_1_423' title='bbox 2169 2855 2236 2910; x_wconf 87' lang='lat' dir='ltr'><strong>ad</strong></span> <span class='ocrx_word' id='word_1_424' title='bbox 2289 2871 2451 2912; x_wconf 90' lang='lat' dir='ltr'><strong>eum:</strong></span> <span class='ocrx_word' id='word_1_425' title='bbox 2520 2857 2634 2932; x_wconf 83' lang='lat' dir='ltr'><strong>Ego</strong></span> <span class='ocrx_word' id='word_1_426' title='bbox 2686 2859 2965 2931; x_wconf 90' lang='lat' dir='ltr'><strong>Dominus,</strong></span> <span class='ocrx_word' id='word_1_427' title='bbox 3020 2867 3111 2936; x_wconf 90' lang='lat' dir='ltr'><strong>qui</strong></span> <span class='ocrx_word' id='word_1_428' title='bbox 3137 2868 3297 2924; x_wconf 74' lang='lat' dir='ltr'><strong>eduxi</strong></span> <span class='ocrx_word' id='word_1_429' title='bbox 3338 2881 3388 2926; x_wconf 92' lang='lat' dir='ltr'><strong>te</strong></span> <span class='ocrx_word' id='word_1_430' title='bbox 3424 2873 3490 2928; x_wconf 85' lang='lat' dir='ltr'><strong>de</strong></span> 
     </span>
    </p>
   </div>
   <div class='ocr_carea' id='block_1_58' title="bbox 1895 2943 3483 3021">
    <p class='ocr_par' dir='ltr' id='par_1_58' title="bbox 1895 2943 3483 3021">
     <span class='ocr_line' id='line_1_58' title="bbox 1895 2943 3483 3021; baseline 0.013 -20"><span class='ocrx_word' id='word_1_431' title='bbox 1895 2943 1975 3002; x_wconf 88' lang='lat' dir='ltr'><strong>Ur</strong></span> <span class='ocrx_word' id='word_1_432' title='bbox 2029 2947 2410 3006; x_wconf 72' lang='lat' dir='ltr'><strong>Clialdzrortnn</strong></span> <span class='ocrx_word' id='word_1_433' title='bbox 2472 2951 2511 3009; x_wconf 70' lang='grc'><strong>⁵.</strong></span> <span class='ocrx_word' id='word_1_434' title='bbox 2575 2971 2593 3005; x_wconf 80' lang='grc' dir='ltr'><strong>ι</strong></span> <span class='ocrx_word' id='word_1_435' title='bbox 2655 2954 2733 3010; x_wconf 85' lang='grc' dir='ltr'><strong>Εη</strong></span> <span class='ocrx_word' id='word_1_436' title='bbox 2762 2956 2914 3013; x_wconf 88' lang='lat' dir='ltr'><strong>vobis</strong></span> <span class='ocrx_word' id='word_1_437' title='bbox 2963 2957 3063 3016; x_wconf 89' lang='lat' dir='ltr'><strong>SS.</strong></span> <span class='ocrx_word' id='word_1_438' title='bbox 3139 2958 3483 3021; x_wconf 80' lang='lat' dir='ltr'><strong>Trinitatem.</strong></span> 
     </span>
    </p>
   </div>
   <div class='ocr_carea' id='block_1_59' title="bbox 1891 3038 3484 3117">
    <p class='ocr_par' dir='ltr' id='par_1_59' title="bbox 1891 3038 3484 3117">
     <span class='ocr_line' id='line_1_59' title="bbox 1891 3038 3484 3117; baseline 0.014 -24"><span class='ocrx_word' id='word_1_439' title='bbox 1891 3038 2155 3117; x_wconf 65' lang='grc' dir='ltr'><strong>ξήηιυηι,</strong></span> <span class='ocrx_word' id='word_1_440' title='bbox 2218 3043 2412 3113; x_wconf 84' lang='lat' dir='ltr'><strong>inquit,</strong></span> <span class='ocrx_word' id='word_1_441' title='bbox 2471 3063 2489 3098; x_wconf 72' lang='grc' dir='ltr'>ι</span> <span class='ocrx_word' id='word_1_442' title='bbox 2559 3044 2672 3117; x_wconf 83' lang='lat' dir='ltr'><strong>Ego</strong></span> <span class='ocrx_word' id='word_1_443' title='bbox 2735 3063 2855 3104; x_wconf 88' lang='lat' dir='ltr'><strong>sum</strong></span> <span class='ocrx_word' id='word_1_444' title='bbox 2886 3049 3028 3107; x_wconf 83' lang='lat' dir='ltr'><strong>Deus</strong></span> <span class='ocrx_word' id='word_1_445' title='bbox 3052 3061 3175 3110; x_wconf 90' lang='lat' dir='ltr'><strong>tuus</strong></span> <span class='ocrx_word' id='word_1_446' title='bbox 3208 3072 3225 3110; x_wconf 90' lang='lat'><strong>:</strong></span> <span class='ocrx_word' id='word_1_447' title='bbox 3260 3073 3280 3108; x_wconf 76' lang='grc' dir='ltr'><strong><em>ι</em></strong></span> <span class='ocrx_word' id='word_1_448' title='bbox 3329 3065 3386 3113; x_wconf 66' lang='grc' dir='ltr'><strong>α</strong></span> <span class='ocrx_word' id='word_1_449' title='bbox 3415 3073 3484 3116; x_wconf 74' lang='lat' dir='ltr'><strong>ex</strong></span> 
     </span>
    </p>
   </div>
   <div class='ocr_carea' id='block_1_60' title="bbox 1893 3107 3483 3208">
    <p class='ocr_par' dir='ltr' id='par_1_60' title="bbox 1893 3107 3483 3208">
     <span class='ocr_line' id='line_1_60' title="bbox 1893 3107 3483 3208; baseline 0.013 -20"><span class='ocrx_word' id='word_1_450' title='bbox 1893 3107 2031 3188; x_wconf 72' lang='lat' dir='ltr'><strong>Sara</strong></span> <span class='ocrx_word' id='word_1_451' title='bbox 2081 3107 2222 3192; x_wconf 84' lang='lat' dir='ltr'><strong>dabo</strong></span> <span class='ocrx_word' id='word_1_452' title='bbox 2255 3107 2351 3191; x_wconf 86' lang='lat' dir='ltr'><strong>tibi</strong></span> <span class='ocrx_word' id='word_1_453' title='bbox 2383 3107 2574 3207; x_wconf 80' lang='lat' dir='ltr'><strong>illium,</strong></span> <span class='ocrx_word' id='word_1_454' title='bbox 2605 3107 2692 3196; x_wconf 66' lang='lat' dir='ltr'><strong>cui</strong></span> <span class='ocrx_word' id='word_1_455' title='bbox 2725 3107 3283 3207; x_wconf 30' lang='lat' dir='ltr'><strong>benedicturusrs‘um.</strong></span> <span class='ocrx_word' id='word_1_456' title='bbox 3321 3168 3341 3203; x_wconf 83' lang='lat' dir='ltr'><strong>r</strong></span> <span class='ocrx_word' id='word_1_457' title='bbox 3377 3151 3483 3208; x_wconf 78' lang='lat' dir='ltr'><strong>Re-</strong></span> 
     </span>
    </p>
   </div>
   <div class='ocr_carea' id='block_1_61' title="bbox 1260 3219 3480 3306">
    <p class='ocr_par' dir='ltr' id='par_1_61' title="bbox 1260 3219 3480 3306">
     <span class='ocr_line' id='line_1_61' title="bbox 1260 3219 3480 3306; baseline 0.023 -44"><span class='ocrx_word' id='word_1_458' title='bbox 1260 3231 1276 3257; x_wconf 73' lang='grc' dir='ltr'><strong><em>ν</em></strong></span> <span class='ocrx_word' id='word_1_459' title='bbox 1312 3219 1477 3306; x_wconf 44' lang='grc' dir='ltr'><strong>ἒυιυο</strong></span> <span class='ocrx_word' id='word_1_460' title='bbox 1529 3219 1784 3274; x_wconf 68' lang='lat' dir='ltr'><strong>“lemque</strong></span> <span class='ocrx_word' id='word_1_461' title='bbox 1811 3234 1855 3291; x_wconf 77' lang='grc' dir='ltr'>ο</span> <span class='ocrx_word' id='word_1_462' title='bbox 1890 3237 2110 3285; x_wconf 87' lang='lat' dir='ltr'><strong>vertens</strong></span> <span class='ocrx_word' id='word_1_463' title='bbox 2151 3232 2363 3286; x_wconf 88' lang='lat' dir='ltr'><strong>veniam</strong></span> <span class='ocrx_word' id='word_1_464' title='bbox 2385 3231 2452 3288; x_wconf 89' lang='lat' dir='ltr'><strong>ad</strong></span> <span class='ocrx_word' id='word_1_465' title='bbox 2480 3241 2531 3288; x_wconf 85' lang='lat' dir='ltr'><strong>te</strong></span> <span class='ocrx_word' id='word_1_466' title='bbox 2555 3242 2796 3306; x_wconf 84' lang='lat' dir='ltr'><strong>tempore</strong></span> <span class='ocrx_word' id='word_1_467' title='bbox 2821 3237 2946 3303; x_wconf 86' lang='lat' dir='ltr'><strong>isto,</strong></span> <span class='ocrx_word' id='word_1_468' title='bbox 2969 3250 3025 3295; x_wconf 85' lang='lat' dir='ltr'><strong>et</strong></span> <span class='ocrx_word' id='word_1_469' title='bbox 3058 3241 3279 3306; x_wconf 66' lang='lat' dir='ltr'><strong>habebit</strong></span> <span class='ocrx_word' id='word_1_470' title='bbox 3309 3245 3480 3304; x_wconf 72' lang='lat' dir='ltr'><strong>ﬁlium</strong></span> 
     </span>
    </p>
   </div>
   <div class='ocr_carea' id='block_1_62' title="bbox 191 3263 1783 3370">
    <p class='ocr_par' dir='ltr' id='par_1_62' title="bbox 191 3263 1783 3370">
     <span class='ocr_line' id='line_1_62' title="bbox 191 3263 1783 3370; baseline 0.03 -63"><span class='ocrx_word' id='word_1_471' title='bbox 191 3269 394 3314; x_wconf 80' lang='lat' dir='ltr'><strong>rursus</strong></span> <span class='ocrx_word' id='word_1_472' title='bbox 424 3279 437 3313; x_wconf 89' lang='lat'><strong><em>:</em></strong></span> <span class='ocrx_word' id='word_1_473' title='bbox 472 3279 485 3316; x_wconf 91' lang='lat'><strong>:</strong></span> <span class='ocrx_word' id='word_1_474' title='bbox 520 3283 539 3315; x_wconf 79' lang='lat' dir='ltr'><strong>r</strong></span> <span class='ocrx_word' id='word_1_475' title='bbox 577 3263 856 3326; x_wconf 78' lang='lat' dir='ltr'><strong>Effundam</strong></span> <span class='ocrx_word' id='word_1_476' title='bbox 881 3291 1043 3345; x_wconf 86' lang='lat' dir='ltr'><strong>super</strong></span> <span class='ocrx_word' id='word_1_477' title='bbox 1065 3279 1286 3339; x_wconf 90' lang='lat' dir='ltr'><strong>domum</strong></span> <span class='ocrx_word' id='word_1_478' title='bbox 1312 3285 1500 3360; x_wconf 83' lang='lat' dir='ltr'><strong>David,</strong></span> <span class='ocrx_word' id='word_1_479' title='bbox 1534 3305 1586 3349; x_wconf 88' lang='lat' dir='ltr'><strong>ct</strong></span> <span class='ocrx_word' id='word_1_480' title='bbox 1620 3312 1783 3370; x_wconf 85' lang='lat' dir='ltr'><strong>super</strong></span> 
     </span>
     <span class='ocr_line' id='line_1_63' title="bbox 191 3349 751 3370; baseline 0.029 -16"><span class='ocrx_word' id='word_1_481' title='bbox 191 3349 404 3370; x_wconf 36' lang='lat' dir='ltr'><strong>Lm“</strong></span> <span class='ocrx_word' id='word_1_482' title='bbox 552 3357 573 3370; x_wconf 82' lang='lat'><strong>.</strong></span> <span class='ocrx_word' id='word_1_483' title='bbox 740 3363 751 3370; x_wconf 91' lang='lat'><strong>.</strong></span> 
     </span>
    </p>
   </div>
   <div class='ocr_carea' id='block_1_63' title="bbox 189 3349 1776 3455">
    <p class='ocr_par' dir='ltr' id='par_1_63' title="bbox 189 3349 1776 3455">
     <span class='ocr_line' id='line_1_64' title="bbox 189 3349 1776 3455; baseline 0.028 -52"><span class='ocrx_word' id='word_1_484' title='bbox 189 3349 530 3412; x_wconf 82' lang='lat' dir='ltr'><strong>habitatores</strong></span> <span class='ocrx_word' id='word_1_485' title='bbox 544 3357 864 3431; x_wconf 83' lang='lat' dir='ltr'><strong>Jerusalem,</strong></span> <span class='ocrx_word' id='word_1_486' title='bbox 879 3371 1126 3439; x_wconf 86' lang='lat' dir='ltr'><strong>spiritum</strong></span> <span class='ocrx_word' id='word_1_487' title='bbox 1148 3379 1335 3447; x_wconf 75' lang='lat' dir='ltr'><strong>gratia:</strong></span> <span class='ocrx_word' id='word_1_488' title='bbox 1347 3392 1403 3437; x_wconf 87' lang='lat' dir='ltr'><strong>et</strong></span> <span class='ocrx_word' id='word_1_489' title='bbox 1427 3401 1644 3455; x_wconf 86' lang='lat' dir='ltr'><strong>precum</strong></span> <span class='ocrx_word' id='word_1_490' title='bbox 1664 3349 1732 3448; x_wconf 54' lang='grc' dir='ltr'><strong>οἵ.</strong></span> <span class='ocrx_word' id='word_1_491' title='bbox 1757 3412 1776 3447; x_wconf 73' lang='grc' dir='ltr'><strong>ο</strong></span> 
     </span>
    </p>
   </div>
   <div class='ocr_carea' id='block_1_64' title="bbox 178 3438 1776 3554">
    <p class='ocr_par' dir='ltr' id='par_1_64' title="bbox 178 3438 1776 3554">
     <span class='ocr_line' id='line_1_65' title="bbox 178 3438 1776 3554; baseline 0.031 -62"><span class='ocrx_word' id='word_1_492' title='bbox 178 3438 256 3496; x_wconf 72' lang='lat' dir='ltr'><strong>Et</strong></span> <span class='ocrx_word' id='word_1_493' title='bbox 287 3443 455 3500; x_wconf 86' lang='lat' dir='ltr'><strong>David</strong></span> <span class='ocrx_word' id='word_1_494' title='bbox 494 3466 509 3502; x_wconf 88' lang='lat'><strong>:</strong></span> <span class='ocrx_word' id='word_1_495' title='bbox 543 3473 562 3503; x_wconf 71' lang='grc' dir='ltr'>ι</span> <span class='ocrx_word' id='word_1_496' title='bbox 600 3451 827 3512; x_wconf 88' lang='lat' dir='ltr'><strong>Emittes</strong></span> <span class='ocrx_word' id='word_1_497' title='bbox 855 3438 1114 3529; x_wconf 78' lang='lat' dir='ltr'><strong>spiritum</strong></span> <span class='ocrx_word' id='word_1_498' title='bbox 1141 3438 1289 3526; x_wconf 45' lang='lat' dir='ltr'><strong>t&#39;uum</strong></span> <span class='ocrx_word' id='word_1_499' title='bbox 1322 3483 1379 3532; x_wconf 88' lang='lat' dir='ltr'><strong>et</strong></span> <span class='ocrx_word' id='word_1_500' title='bbox 1427 3438 1776 3554; x_wconf 63' lang='lat' dir='ltr'><strong>creabuntur,</strong></span> 
     </span>
    </p>
   </div>
   <div class='ocr_carea' id='block_1_65' title="bbox 171 3540 1782 3645">
    <p class='ocr_par' dir='ltr' id='par_1_65' title="bbox 171 3540 1782 3645">
     <span class='ocr_line' id='line_1_66' title="bbox 171 3540 1782 3645; baseline 0.031 -59"><span class='ocrx_word' id='word_1_501' title='bbox 171 3540 548 3596; x_wconf 82' lang='lat' dir='ltr'><strong>etrenovabit</strong></span> <span class='ocrx_word' id='word_1_502' title='bbox 577 3543 767 3602; x_wconf 80' lang='lat' dir='ltr'><strong>faciem</strong></span> <span class='ocrx_word' id='word_1_503' title='bbox 794 3561 951 3607; x_wconf 77' lang='lat' dir='ltr'><strong>terrm</strong></span> <span class='ocrx_word' id='word_1_504' title='bbox 975 3554 1040 3609; x_wconf 83' lang='lat'><strong>&quot;.</strong></span> <span class='ocrx_word' id='word_1_505' title='bbox 1073 3575 1094 3609; x_wconf 78' lang='grc' dir='ltr'><strong><em>ι</em></strong></span> <span class='ocrx_word' id='word_1_506' title='bbox 1122 3559 1186 3614; x_wconf 83' lang='grc' dir='ltr'><strong>Ει</strong></span> <span class='ocrx_word' id='word_1_507' title='bbox 1218 3562 1412 3622; x_wconf 91' lang='lat' dir='ltr'><strong>iterum</strong></span> <span class='ocrx_word' id='word_1_508' title='bbox 1445 3586 1460 3626; x_wconf 91' lang='lat'><strong>:</strong></span> <span class='ocrx_word' id='word_1_509' title='bbox 1491 3589 1510 3623; x_wconf 69' lang='grc' dir='ltr'><strong>ε</strong></span> <span class='ocrx_word' id='word_1_510' title='bbox 1548 3540 1782 3645; x_wconf 71' lang='lat' dir='ltr'><strong>Spiritus</strong></span> 
     </span>
    </p>
   </div>
   <div class='ocr_carea' id='block_1_66' title="bbox 174 3629 1779 3730">
    <p class='ocr_par' dir='ltr' id='par_1_66' title="bbox 174 3629 1779 3730">
     <span class='ocr_line' id='line_1_67' title="bbox 174 3629 1779 3730; baseline 0.032 -53"><span class='ocrx_word' id='word_1_511' title='bbox 174 3631 312 3680; x_wconf 88' lang='lat' dir='ltr'><strong>tuus</strong></span> <span class='ocrx_word' id='word_1_512' title='bbox 371 3629 548 3688; x_wconf 88' lang='lat' dir='ltr'><strong>bonus</strong></span> <span class='ocrx_word' id='word_1_513' title='bbox 604 3639 831 3696; x_wconf 82' lang='lat' dir='ltr'><strong>deducet</strong></span> <span class='ocrx_word' id='word_1_514' title='bbox 869 3661 952 3702; x_wconf 90' lang='lat' dir='ltr'><strong>me</strong></span> <span class='ocrx_word' id='word_1_515' title='bbox 984 3648 1040 3704; x_wconf 90' lang='lat' dir='ltr'><strong>in</strong></span> <span class='ocrx_word' id='word_1_516' title='bbox 1074 3659 1271 3711; x_wconf 86' lang='lat' dir='ltr'><strong>terram</strong></span> <span class='ocrx_word' id='word_1_517' title='bbox 1306 3671 1508 3718; x_wconf 85' lang='lat' dir='ltr'><strong>rectam</strong></span> <span class='ocrx_word' id='word_1_518' title='bbox 1545 3629 1612 3723; x_wconf 47' lang='grc' dir='ltr'><strong>θ’..</strong></span> <span class='ocrx_word' id='word_1_519' title='bbox 1654 3689 1674 3722; x_wconf 74' lang='grc' dir='ltr'><strong><em>ι</em></strong></span> <span class='ocrx_word' id='word_1_520' title='bbox 1715 3672 1779 3730; x_wconf 88' lang='lat' dir='ltr'><strong>Et</strong></span> 
     </span>
    </p>
   </div>
   <div class='ocr_carea' id='block_1_67' title="bbox 166 3723 1777 3830">
    <p class='ocr_par' dir='ltr' id='par_1_67' title="bbox 166 3723 1777 3830">
     <span class='ocr_line' id='line_1_68' title="bbox 166 3723 1777 3830; baseline 0.03 -52"><span class='ocrx_word' id='word_1_521' title='bbox 166 3723 234 3780; x_wconf 26' lang='lat' dir='ltr'><strong>in.</strong></span> <span class='ocrx_word' id='word_1_522' title='bbox 293 3725 590 3791; x_wconf 81' lang='lat' dir='ltr'><strong>Numeris:</strong></span> <span class='ocrx_word' id='word_1_523' title='bbox 653 3756 673 3789; x_wconf 76' lang='grc' dir='ltr'>ι</span> <span class='ocrx_word' id='word_1_524' title='bbox 705 3738 946 3802; x_wconf 89' lang='lat' dir='ltr'><strong>lrruente</strong></span> <span class='ocrx_word' id='word_1_525' title='bbox 997 3749 1050 3804; x_wconf 90' lang='lat' dir='ltr'><strong>in</strong></span> <span class='ocrx_word' id='word_1_526' title='bbox 1077 3767 1136 3808; x_wconf 90' lang='lat' dir='ltr'><strong>se</strong></span> <span class='ocrx_word' id='word_1_527' title='bbox 1189 3751 1392 3827; x_wconf 90' lang='lat' dir='ltr'><strong>Spiritu</strong></span> <span class='ocrx_word' id='word_1_528' title='bbox 1415 3761 1530 3830; x_wconf 88' lang='lat' dir='ltr'><strong>Dei,</strong></span> <span class='ocrx_word' id='word_1_529' title='bbox 1558 3767 1633 3823; x_wconf 85' lang='lat' dir='ltr'><strong>ait</strong></span> <span class='ocrx_word' id='word_1_530' title='bbox 1676 3772 1777 3827; x_wconf 83' lang='lat' dir='ltr'><strong>Ba-</strong></span> 
     </span>
    </p>
   </div>
   <div class='ocr_carea' id='block_1_68' title="bbox 166 3817 493 3877">
    <p class='ocr_par' dir='ltr' id='par_1_68' title="bbox 166 3817 493 3877">
     <span class='ocr_line' id='line_1_69' title="bbox 166 3817 493 3877; baseline 0.018 -5"><span class='ocrx_word' id='word_1_531' title='bbox 166 3817 332 3874; x_wconf 80' lang='lat' dir='ltr'><strong>laam</strong></span> <span class='ocrx_word' id='word_1_532' title='bbox 364 3822 433 3877; x_wconf 80' lang='grc'><strong>’³.</strong></span> <span class='ocrx_word' id='word_1_533' title='bbox 472 3842 493 3877; x_wconf 74' lang='grc' dir='ltr'><strong><em>ι</em></strong></span> 
     </span>
    </p>
   </div>
   <div class='ocr_carea' id='block_1_69' title="bbox 815 3959 1157 4021">
    <p class='ocr_par' dir='ltr' id='par_1_69' title="bbox 815 3959 1157 4021">
     <span class='ocr_line' id='line_1_70' title="bbox 815 3959 1157 4021; baseline 0.009 -3"><span class='ocrx_word' id='word_1_534' title='bbox 815 3959 1044 4019; x_wconf 74' lang='lat' dir='ltr'><strong>CAPUT</strong></span> <span class='ocrx_word' id='word_1_535' title='bbox 1090 3964 1157 4021; x_wconf 78' lang='grc' dir='ltr'><strong>Χ.</strong></span> 
     </span>
    </p>
   </div>
   <div class='ocr_carea' id='block_1_70' title="bbox 287 4036 1648 4131">
    <p class='ocr_par' dir='ltr' id='par_1_70' title="bbox 287 4036 1648 4131">
     <span class='ocr_line' id='line_1_71' title="bbox 287 4036 1648 4131; baseline 0.029 -40"><span class='ocrx_word' id='word_1_536' title='bbox 287 4036 685 4103; x_wconf 78' lang='lat' dir='ltr'><strong>Similitudines</strong></span> <span class='ocrx_word' id='word_1_537' title='bbox 709 4065 949 4109; x_wconf 78' lang='lat' dir='ltr'><strong>sanctam</strong></span> <span class='ocrx_word' id='word_1_538' title='bbox 983 4057 1296 4118; x_wconf 82' lang='lat' dir='ltr'><strong>Trinitatem</strong></span> <span class='ocrx_word' id='word_1_539' title='bbox 1333 4070 1648 4131; x_wconf 74' lang='lat' dir='ltr'><strong>exhibentes.</strong></span> 
     </span>
    </p>
   </div>
   <div class='ocr_carea' id='block_1_71' title="bbox 249 4127 1769 4232">
    <p class='ocr_par' dir='ltr' id='par_1_71' title="bbox 249 4127 1769 4232">
     <span class='ocr_line' id='line_1_72' title="bbox 249 4127 1769 4232; baseline 0.032 -50"><span class='ocrx_word' id='word_1_540' title='bbox 249 4127 439 4201; x_wconf 86' lang='lat' dir='ltr'><strong>Atque</strong></span> <span class='ocrx_word' id='word_1_541' title='bbox 485 4138 570 4194; x_wconf 84' lang='lat' dir='ltr'><strong>sic</strong></span> <span class='ocrx_word' id='word_1_542' title='bbox 618 4155 779 4210; x_wconf 90' lang='lat' dir='ltr'><strong>porro</strong></span> <span class='ocrx_word' id='word_1_543' title='bbox 805 4149 1029 4217; x_wconf 90' lang='lat' dir='ltr'><strong>pariter,</strong></span> <span class='ocrx_word' id='word_1_544' title='bbox 1065 4153 1110 4208; x_wconf 91' lang='lat' dir='ltr'><strong>si</strong></span> <span class='ocrx_word' id='word_1_545' title='bbox 1139 4156 1335 4228; x_wconf 84' lang='lat' dir='ltr'><strong>placet,</strong></span> <span class='ocrx_word' id='word_1_546' title='bbox 1383 4177 1566 4223; x_wconf 86' lang='lat' dir='ltr'><strong>vatum</strong></span> <span class='ocrx_word' id='word_1_547' title='bbox 1611 4189 1769 4232; x_wconf 91' lang='lat' dir='ltr'><strong>voces</strong></span> 
     </span>
    </p>
   </div>
   <div class='ocr_carea' id='block_1_72' title="bbox 165 4226 1762 4332">
    <p class='ocr_par' dir='ltr' id='par_1_72' title="bbox 165 4226 1762 4332">
     <span class='ocr_line' id='line_1_73' title="bbox 165 4226 1762 4332; baseline 0.032 -59"><span class='ocrx_word' id='word_1_548' title='bbox 165 4226 445 4289; x_wconf 84' lang='lat' dir='ltr'><strong>attexam,</strong></span> <span class='ocrx_word' id='word_1_549' title='bbox 495 4232 654 4288; x_wconf 91' lang='lat' dir='ltr'><strong>unius</strong></span> <span class='ocrx_word' id='word_1_550' title='bbox 687 4247 893 4296; x_wconf 68' lang='lat' dir='ltr'><strong>natura:</strong></span> <span class='ocrx_word' id='word_1_551' title='bbox 946 4241 1225 4306; x_wconf 87' lang='lat' dir='ltr'><strong>Trinitatis</strong></span> <span class='ocrx_word' id='word_1_552' title='bbox 1256 4226 1361 4308; x_wconf 86' lang='lat' dir='ltr'><strong>vim</strong></span> <span class='ocrx_word' id='word_1_553' title='bbox 1394 4257 1762 4332; x_wconf 88' lang='lat' dir='ltr'><strong>designantcs.</strong></span> 
     </span>
    </p>
   </div>
   <div class='ocr_carea' id='block_1_73' title="bbox 159 4313 1763 4430">
    <p class='ocr_par' dir='ltr' id='par_1_73' title="bbox 159 4313 1763 4430">
     <span class='ocr_line' id='line_1_74' title="bbox 159 4313 1763 4430; baseline 0.032 -63"><span class='ocrx_word' id='word_1_554' title='bbox 159 4313 325 4372; x_wconf 82' lang='lat' dir='ltr'><strong>Sane</strong></span> <span class='ocrx_word' id='word_1_555' title='bbox 389 4328 444 4375; x_wconf 90' lang='lat' dir='ltr'><strong>et</strong></span> <span class='ocrx_word' id='word_1_556' title='bbox 497 4323 860 4387; x_wconf 86' lang='lat' dir='ltr'><strong>lsraelitarum</strong></span> <span class='ocrx_word' id='word_1_557' title='bbox 916 4350 980 4391; x_wconf 85' lang='lat' dir='ltr'><strong>ex</strong></span> <span class='ocrx_word' id='word_1_558' title='bbox 1051 4339 1287 4413; x_wconf 63' lang='lat' dir='ltr'><strong>Egypto</strong></span> <span class='ocrx_word' id='word_1_559' title='bbox 1345 4313 1763 4430; x_wconf 38' lang='lat' dir='ltr'><strong>“Roscii—qni</strong></span> 
     </span>
    </p>
   </div>
   <div class='ocr_carea' id='block_1_74' title="bbox 1885 3318 2399 3380">
    <p class='ocr_par' dir='ltr' id='par_1_74' title="bbox 1885 3318 2399 3380">
     <span class='ocr_line' id='line_1_75' title="bbox 1885 3318 2399 3380; baseline 0.008 -6"><span class='ocrx_word' id='word_1_560' title='bbox 1885 3318 2017 3376; x_wconf 85' lang='lat' dir='ltr'><strong>Sara</strong></span> <span class='ocrx_word' id='word_1_561' title='bbox 2046 3339 2183 3378; x_wconf 80' lang='lat' dir='ltr'><strong>uxor</strong></span> <span class='ocrx_word' id='word_1_562' title='bbox 2214 3337 2324 3380; x_wconf 90' lang='lat' dir='ltr'><strong>tua.</strong></span> <span class='ocrx_word' id='word_1_563' title='bbox 2379 3343 2399 3378; x_wconf 69' lang='grc' dir='ltr'>ι</span> 
     </span>
    </p>
   </div>
   <div class='ocr_carea' id='block_1_75' title="bbox 1956 3414 3475 3489">
    <p class='ocr_par' dir='ltr' id='par_1_75' title="bbox 1956 3414 3475 3489">
     <span class='ocr_line' id='line_1_76' title="bbox 1956 3414 3475 3489; baseline 0.014 -21"><span class='ocrx_word' id='word_1_564' title='bbox 1956 3414 2160 3473; x_wconf 88' lang='lat' dir='ltr'><strong>Deinde</strong></span> <span class='ocrx_word' id='word_1_565' title='bbox 2216 3433 2282 3473; x_wconf 89' lang='lat' dir='ltr'><strong>eo</strong></span> <span class='ocrx_word' id='word_1_566' title='bbox 2329 3417 2478 3475; x_wconf 76' lang='lat' dir='ltr'><strong>foras</strong></span> <span class='ocrx_word' id='word_1_567' title='bbox 2501 3422 2718 3489; x_wconf 87' lang='lat' dir='ltr'><strong>educto,</strong></span> <span class='ocrx_word' id='word_1_568' title='bbox 2760 3431 2816 3480; x_wconf 84' lang='lat' dir='ltr'><strong>et</strong></span> <span class='ocrx_word' id='word_1_569' title='bbox 2835 3441 2958 3481; x_wconf 87' lang='lat' dir='ltr'><strong>cum</strong></span> <span class='ocrx_word' id='word_1_570' title='bbox 2982 3427 3257 3485; x_wconf 85' lang='lat' dir='ltr'><strong>stellarum</strong></span> <span class='ocrx_word' id='word_1_571' title='bbox 3283 3447 3475 3489; x_wconf 86' lang='lat' dir='ltr'><strong>nume-</strong></span> 
     </span>
    </p>
   </div>
   <div class='ocr_carea' id='block_1_76' title="bbox 1886 3515 3474 3594">
    <p class='ocr_par' dir='ltr' id='par_1_76' title="bbox 1886 3515 3474 3594">
     <span class='ocr_line' id='line_1_77' title="bbox 1886 3515 3474 3594; baseline 0.013 -31"><span class='ocrx_word' id='word_1_572' title='bbox 1886 3524 2004 3563; x_wconf 87' lang='lat' dir='ltr'><strong>rum</strong></span> <span class='ocrx_word' id='word_1_573' title='bbox 2064 3515 2316 3583; x_wconf 89' lang='lat' dir='ltr'><strong>consequi</strong></span> <span class='ocrx_word' id='word_1_574' title='bbox 2381 3529 2488 3569; x_wconf 91' lang='lat' dir='ltr'><strong>non</strong></span> <span class='ocrx_word' id='word_1_575' title='bbox 2531 3527 2734 3586; x_wconf 86' lang='lat' dir='ltr'><strong>posset,</strong></span> <span class='ocrx_word' id='word_1_576' title='bbox 2757 3515 3042 3579; x_wconf 77' lang='lat' dir='ltr'><strong>numerosa</strong></span> <span class='ocrx_word' id='word_1_577' title='bbox 3084 3527 3402 3594; x_wconf 84' lang='lat' dir='ltr'><strong>posteritate</strong></span> <span class='ocrx_word' id='word_1_578' title='bbox 3422 3532 3474 3584; x_wconf 85' lang='lat' dir='ltr'><strong>ei</strong></span> 
     </span>
    </p>
   </div>
   <div class='ocr_carea' id='block_1_77' title="bbox 1882 3605 3474 3680">
    <p class='ocr_par' dir='ltr' id='par_1_77' title="bbox 1882 3605 3474 3680">
     <span class='ocr_line' id='line_1_78' title="bbox 1882 3605 3474 3680; baseline 0.014 -22"><span class='ocrx_word' id='word_1_579' title='bbox 1882 3605 2151 3672; x_wconf 88' lang='lat' dir='ltr'><strong>condicta,</strong></span> <span class='ocrx_word' id='word_1_580' title='bbox 2211 3606 2357 3660; x_wconf 85' lang='lat' dir='ltr'><strong>addit</strong></span> <span class='ocrx_word' id='word_1_581' title='bbox 2391 3625 2406 3662; x_wconf 90' lang='lat'><strong>:</strong></span> <span class='ocrx_word' id='word_1_582' title='bbox 2451 3627 2468 3660; x_wconf 72' lang='grc' dir='ltr'>ι</span> <span class='ocrx_word' id='word_1_583' title='bbox 2507 3608 2752 3667; x_wconf 86' lang='lat' dir='ltr'><strong>Credidit</strong></span> <span class='ocrx_word' id='word_1_584' title='bbox 2797 3615 3069 3671; x_wconf 84' lang='lat' dir='ltr'><strong>Abraham</strong></span> <span class='ocrx_word' id='word_1_585' title='bbox 3104 3616 3213 3673; x_wconf 87' lang='lat' dir='ltr'><strong>Deo</strong></span> <span class='ocrx_word' id='word_1_586' title='bbox 3239 3621 3282 3676; x_wconf 86' lang='grc'><strong>⁵.</strong></span> <span class='ocrx_word' id='word_1_587' title='bbox 3322 3639 3340 3674; x_wconf 70' lang='grc' dir='ltr'><strong><em>ι</em></strong></span> <span class='ocrx_word' id='word_1_588' title='bbox 3392 3625 3474 3680; x_wconf 81' lang='lat' dir='ltr'><strong>Ae</strong></span> 
     </span>
    </p>
   </div>
   <div class='ocr_carea' id='block_1_78' title="bbox 1883 3697 3470 3774">
    <p class='ocr_par' dir='ltr' id='par_1_78' title="bbox 1883 3697 3470 3774">
     <span class='ocr_line' id='line_1_79' title="bbox 1883 3697 3470 3774; baseline 0.011 -23"><span class='ocrx_word' id='word_1_589' title='bbox 1883 3697 2085 3752; x_wconf 86' lang='lat' dir='ltr'><strong>tertio:</strong></span> <span class='ocrx_word' id='word_1_590' title='bbox 2115 3716 2132 3748; x_wconf 73' lang='grc' dir='ltr'><strong>ε</strong></span> <span class='ocrx_word' id='word_1_591' title='bbox 2194 3697 2302 3769; x_wconf 86' lang='lat' dir='ltr'><strong>Ego</strong></span> <span class='ocrx_word' id='word_1_592' title='bbox 2341 3700 2615 3770; x_wconf 87' lang='lat' dir='ltr'><strong>Dominus,</strong></span> <span class='ocrx_word' id='word_1_593' title='bbox 2642 3705 2734 3774; x_wconf 87' lang='lat' dir='ltr'><strong>qui</strong></span> <span class='ocrx_word' id='word_1_594' title='bbox 2805 3709 2967 3762; x_wconf 84' lang='lat' dir='ltr'><strong>eduxi</strong></span> <span class='ocrx_word' id='word_1_595' title='bbox 3002 3718 3056 3764; x_wconf 89' lang='lat' dir='ltr'><strong>te</strong></span> <span class='ocrx_word' id='word_1_596' title='bbox 3099 3711 3164 3767; x_wconf 90' lang='lat' dir='ltr'><strong>de</strong></span> <span class='ocrx_word' id='word_1_597' title='bbox 3197 3711 3271 3768; x_wconf 87' lang='lat' dir='ltr'><strong>Ur</strong></span> <span class='ocrx_word' id='word_1_598' title='bbox 3306 3715 3470 3770; x_wconf 83' lang='lat' dir='ltr'><strong>Chal-</strong></span> 
     </span>
    </p>
   </div>
   <div class='ocr_carea' id='block_1_79' title="bbox 1879 3790 3467 3878">
    <p class='ocr_par' dir='ltr' id='par_1_79' title="bbox 1879 3790 3467 3878">
     <span class='ocr_line' id='line_1_80' title="bbox 1879 3790 3467 3878; baseline 0.012 -34"><span class='ocrx_word' id='word_1_599' title='bbox 1879 3790 2118 3846; x_wconf 83' lang='lat' dir='ltr'><strong>daeorum</strong></span> <span class='ocrx_word' id='word_1_600' title='bbox 2170 3791 2214 3858; x_wconf 76' lang='grc'>⁸,</span> <span class='ocrx_word' id='word_1_601' title='bbox 2268 3810 2288 3844; x_wconf 76' lang='grc' dir='ltr'><strong><em>ι</em></strong></span> <span class='ocrx_word' id='word_1_602' title='bbox 2345 3804 2403 3848; x_wconf 91' lang='lat' dir='ltr'><strong>ut</strong></span> <span class='ocrx_word' id='word_1_603' title='bbox 2438 3808 2534 3863; x_wconf 85' lang='lat' dir='ltr'><strong>per</strong></span> <span class='ocrx_word' id='word_1_604' title='bbox 2587 3797 2812 3853; x_wconf 89' lang='lat' dir='ltr'><strong>triadem</strong></span> <span class='ocrx_word' id='word_1_605' title='bbox 2872 3801 3032 3870; x_wconf 88' lang='lat' dir='ltr'><strong>hanc,</strong></span> <span class='ocrx_word' id='word_1_606' title='bbox 3095 3807 3360 3878; x_wconf 89' lang='lat' dir='ltr'><strong>triplicem</strong></span> <span class='ocrx_word' id='word_1_607' title='bbox 3415 3810 3467 3863; x_wconf 90' lang='lat' dir='ltr'><strong>in</strong></span> 
     </span>
    </p>
   </div>
   <div class='ocr_carea' id='block_1_80' title="bbox 1884 3884 3467 3961">
    <p class='ocr_par' dir='ltr' id='par_1_80' title="bbox 1884 3884 3467 3961">
     <span class='ocr_line' id='line_1_81' title="bbox 1884 3884 3467 3961; baseline 0.015 -24"><span class='ocrx_word' id='word_1_608' title='bbox 1884 3884 2165 3940; x_wconf 88' lang='lat' dir='ltr'><strong>divinitate</strong></span> <span class='ocrx_word' id='word_1_609' title='bbox 2195 3901 2480 3956; x_wconf 85' lang='lat' dir='ltr'><strong>personam</strong></span> <span class='ocrx_word' id='word_1_610' title='bbox 2510 3889 2859 3948; x_wconf 81' lang='lat' dir='ltr'><strong>doceremini.</strong></span> <span class='ocrx_word' id='word_1_611' title='bbox 2905 3892 3092 3954; x_wconf 83' lang='lat' dir='ltr'><strong>Videte</strong></span> <span class='ocrx_word' id='word_1_612' title='bbox 3117 3916 3329 3957; x_wconf 83' lang='lat' dir='ltr'><strong>rursum</strong></span> <span class='ocrx_word' id='word_1_613' title='bbox 3359 3913 3467 3961; x_wconf 84' lang='lat' dir='ltr'><strong>tres</strong></span> 
     </span>
    </p>
   </div>
   <div class='ocr_carea' id='block_1_81' title="bbox 1875 3958 3460 4057">
    <p class='ocr_par' dir='ltr' id='par_1_81' title="bbox 1875 3958 3460 4057">
     <span class='ocr_line' id='line_1_82' title="bbox 1875 3958 3460 4057; baseline 0.018 -27"><span class='ocrx_word' id='word_1_614' title='bbox 1875 3958 2135 4045; x_wconf 83' lang='lat' dir='ltr'><strong>personas</strong></span> <span class='ocrx_word' id='word_1_615' title='bbox 2186 3978 2239 4034; x_wconf 94' lang='lat' dir='ltr'><strong>in</strong></span> <span class='ocrx_word' id='word_1_616' title='bbox 2297 3995 2403 4036; x_wconf 91' lang='lat' dir='ltr'><strong>una</strong></span> <span class='ocrx_word' id='word_1_617' title='bbox 2455 3991 2668 4051; x_wconf 85' lang='lat' dir='ltr'><strong>natura,</strong></span> <span class='ocrx_word' id='word_1_618' title='bbox 2692 3987 2838 4042; x_wconf 87' lang='lat' dir='ltr'><strong>velut</strong></span> <span class='ocrx_word' id='word_1_619' title='bbox 2875 4003 3060 4057; x_wconf 84' lang='lat' dir='ltr'><strong>unam,</strong></span> <span class='ocrx_word' id='word_1_620' title='bbox 3109 3992 3460 4057; x_wconf 78' lang='lat' dir='ltr'><strong>disserentes.</strong></span> 
     </span>
    </p>
   </div>
   <div class='ocr_carea' id='block_1_82' title="bbox 1873 4066 3465 4148">
    <p class='ocr_par' dir='ltr' id='par_1_82' title="bbox 1873 4066 3465 4148">
     <span class='ocr_line' id='line_1_83' title="bbox 1873 4066 3465 4148; baseline 0.017 -26"><span class='ocrx_word' id='word_1_621' title='bbox 1873 4066 2084 4124; x_wconf 83' lang='lat' dir='ltr'><strong>Etenim</strong></span> <span class='ocrx_word' id='word_1_622' title='bbox 2133 4071 2494 4142; x_wconf 85' lang='lat' dir='ltr'><strong>Abrahamus,</strong></span> <span class='ocrx_word' id='word_1_623' title='bbox 2525 4091 2649 4131; x_wconf 86' lang='lat' dir='ltr'><strong>eum</strong></span> <span class='ocrx_word' id='word_1_624' title='bbox 2707 4089 2948 4136; x_wconf 90' lang='lat' dir='ltr'><strong>sanctam</strong></span> <span class='ocrx_word' id='word_1_625' title='bbox 3000 4083 3320 4145; x_wconf 85' lang='lat' dir='ltr'><strong>Trinitatem</strong></span> <span class='ocrx_word' id='word_1_626' title='bbox 3368 4107 3465 4148; x_wconf 87' lang='lat' dir='ltr'><strong>co-</strong></span> 
     </span>
    </p>
   </div>
   <div class='ocr_carea' id='block_1_83' title="bbox 1872 4160 3524 4266">
    <p class='ocr_par' dir='ltr' id='par_1_83' title="bbox 1872 4160 3524 4266">
     <span class='ocr_line' id='line_1_84' title="bbox 1872 4160 3524 4266; baseline 0.018 -53"><span class='ocrx_word' id='word_1_627' title='bbox 1872 4160 2176 4228; x_wconf 90' lang='lat' dir='ltr'><strong>mitaretur,</strong></span> <span class='ocrx_word' id='word_1_628' title='bbox 2232 4162 2285 4217; x_wconf 90' lang='lat' dir='ltr'><strong>id</strong></span> <span class='ocrx_word' id='word_1_629' title='bbox 2339 4165 2408 4221; x_wconf 88' lang='lat' dir='ltr'><strong>ab</strong></span> <span class='ocrx_word' id='word_1_630' title='bbox 2465 4182 2527 4223; x_wconf 90' lang='lat' dir='ltr'><strong>ea</strong></span> <span class='ocrx_word' id='word_1_631' title='bbox 2606 4170 2808 4241; x_wconf 86' lang='lat' dir='ltr'><strong>dietum</strong></span> <span class='ocrx_word' id='word_1_632' title='bbox 2864 4177 3118 4247; x_wconf 84' lang='lat' dir='ltr'><strong>accepit;</strong></span> <span class='ocrx_word' id='word_1_633' title='bbox 3160 4199 3181 4233; x_wconf 69' lang='grc' dir='ltr'><em>ς</em></span> <span class='ocrx_word' id='word_1_634' title='bbox 3242 4183 3465 4242; x_wconf 87' lang='lat' dir='ltr'><strong>Clamor</strong></span> <span class='ocrx_word' id='word_1_635' title='bbox 3522 4263 3524 4266; x_wconf 13' lang='grc' dir='ltr'>ν</span> 
     </span>
    </p>
   </div>
   <div class='ocr_carea' id='block_1_84' title="bbox 1871 4250 3460 4344">
    <p class='ocr_par' dir='ltr' id='par_1_84' title="bbox 1871 4250 3460 4344">
     <span class='ocr_line' id='line_1_85' title="bbox 1871 4250 3460 4344; baseline 0.019 -38"><span class='ocrx_word' id='word_1_636' title='bbox 1871 4250 2231 4310; x_wconf 88' lang='lat' dir='ltr'><strong>Sodomorum</strong></span> <span class='ocrx_word' id='word_1_637' title='bbox 2283 4264 2341 4313; x_wconf 86' lang='lat' dir='ltr'><strong>et</strong></span> <span class='ocrx_word' id='word_1_638' title='bbox 2400 4258 2716 4319; x_wconf 70' lang='lat' dir='ltr'><strong>Gomorrhas</strong></span> <span class='ocrx_word' id='word_1_639' title='bbox 2766 4267 3153 4339; x_wconf 86' lang='lat' dir='ltr'><strong>multiplicatus</strong></span> <span class='ocrx_word' id='word_1_640' title='bbox 3238 4287 3345 4344; x_wconf 90' lang='lat' dir='ltr'><strong>est,</strong></span> <span class='ocrx_word' id='word_1_641' title='bbox 3404 4291 3460 4336; x_wconf 77' lang='lat' dir='ltr'><strong>rt</strong></span> 
     </span>
    </p>
   </div>
   <div class='ocr_carea' id='block_1_85' title="bbox 1871 4354 3453 4428">
    <p class='ocr_par' dir='ltr' id='par_1_85' title="bbox 1871 4354 3453 4428">
     <span class='ocr_line' id='line_1_86' title="bbox 1871 4354 3453 4428; baseline 0.018 -29"><span class='ocrx_word' id='word_1_642' title='bbox 1871 4354 2152 4415; x_wconf 86' lang='lat' dir='ltr'><strong>peccatum</strong></span> <span class='ocrx_word' id='word_1_643' title='bbox 2179 4363 2365 4406; x_wconf 85' lang='lat' dir='ltr'><strong>eorum</strong></span> <span class='ocrx_word' id='word_1_644' title='bbox 2392 4366 2743 4424; x_wconf 84' lang='lat' dir='ltr'><strong>aggravatutn</strong></span> <span class='ocrx_word' id='word_1_645' title='bbox 2776 4369 2860 4414; x_wconf 87' lang='lat' dir='ltr'><strong>est</strong></span> <span class='ocrx_word' id='word_1_646' title='bbox 2885 4362 3066 4420; x_wconf 84' lang='lat' dir='ltr'><strong>nimis.</strong></span> <span class='ocrx_word' id='word_1_647' title='bbox 3123 4365 3453 4428; x_wconf 79' lang='lat' dir='ltr'><strong>Descendam</strong></span> 
     </span>
    </p>
   </div>
   <div class='ocr_carea' id='block_1_86' title="bbox 143 4407 3456 4535">
    <p class='ocr_par' dir='ltr' id='par_1_86' title="bbox 143 4407 3456 4535">
     <span class='ocr_line' id='line_1_87' title="bbox 2427 4407 3453 4428; baseline 0.019 -20"><span class='ocrx_word' id='word_1_648' title='bbox 2427 4407 2512 4424; x_wconf 53' lang='lat' dir='ltr'><strong>qu,</strong></span> <span class='ocrx_word' id='word_1_649' title='bbox 2536 4407 2540 4408; x_wconf 44' lang='grc' dir='ltr'><em>ν</em></span> <span class='ocrx_word' id='word_1_650' title='bbox 2575 4407 2581 4410; x_wconf 48' lang='grc' dir='ltr'><strong>ν</strong></span> <span class='ocrx_word' id='word_1_651' title='bbox 2601 4407 2742 4411; x_wconf 35' lang='lat' dir='ltr'><strong>an..-&quot;</strong></span> <span class='ocrx_word' id='word_1_652' title='bbox 2779 4407 2860 4414; x_wconf 64' lang='grc' dir='ltr'><strong>--ν</strong></span> <span class='ocrx_word' id='word_1_653' title='bbox 2885 4407 3066 4420; x_wconf 75' lang='grc' dir='ltr'><strong>--------ο</strong></span> <span class='ocrx_word' id='word_1_654' title='bbox 3124 4407 3453 4428; x_wconf 60' lang='grc' dir='ltr'><strong>υνουῠιιυουι</strong></span> 
     </span>
     <span class='ocr_line' id='line_1_88' title="bbox 143 4407 3456 4535; baseline 0.018 -75"><span class='ocrx_word' id='word_1_655' title='bbox 143 4407 335 4463; x_wconf 82' lang='lat' dir='ltr'><strong>tridui</strong></span> <span class='ocrx_word' id='word_1_656' title='bbox 370 4411 470 4469; x_wconf 85' lang='lat' dir='ltr'><strong>iter</strong></span> <span class='ocrx_word' id='word_1_657' title='bbox 499 4426 786 4489; x_wconf 84' lang='lat' dir='ltr'><strong>progressi,</strong></span> <span class='ocrx_word' id='word_1_658' title='bbox 831 4427 938 4483; x_wconf 88' lang='lat' dir='ltr'><strong>Deo</strong></span> <span class='ocrx_word' id='word_1_659' title='bbox 967 4407 1180 4501; x_wconf 70' lang='lat' dir='ltr'><strong>operari</strong></span> <span class='ocrx_word' id='word_1_660' title='bbox 1198 4407 1455 4507; x_wconf 78' lang='lat' dir='ltr'><strong>peterent</strong></span> <span class='ocrx_word' id='word_1_661' title='bbox 1478 4487 1496 4513; x_wconf 86' lang='lat'><strong>,</strong></span> <span class='ocrx_word' id='word_1_662' title='bbox 1550 4407 1641 4519; x_wconf 57' lang='grc' dir='ltr'><strong>εξ,</strong></span> <span class='ocrx_word' id='word_1_663' title='bbox 1673 4407 1763 4509; x_wconf 43' lang='lat' dir='ltr'><strong>In-</strong></span> <span class='ocrx_word' id='word_1_664' title='bbox 1867 4451 1921 4494; x_wconf 88' lang='lat' dir='ltr'><strong>et</strong></span> <span class='ocrx_word' id='word_1_665' title='bbox 1961 4441 2172 4507; x_wconf 83' lang='lat' dir='ltr'><strong>videbo,</strong></span> <span class='ocrx_word' id='word_1_666' title='bbox 2205 4455 2382 4500; x_wconf 90' lang='lat' dir='ltr'><strong>utrum</strong></span> <span class='ocrx_word' id='word_1_667' title='bbox 2409 4447 2701 4504; x_wconf 86' lang='lat' dir='ltr'><strong>clamorem</strong></span> <span class='ocrx_word' id='word_1_668' title='bbox 2757 4453 2846 4522; x_wconf 90' lang='lat' dir='ltr'><strong>qui</strong></span> <span class='ocrx_word' id='word_1_669' title='bbox 2876 4456 3018 4511; x_wconf 83' lang='lat' dir='ltr'><strong>venit</strong></span> <span class='ocrx_word' id='word_1_670' title='bbox 3063 4460 3132 4513; x_wconf 91' lang='lat' dir='ltr'><strong>ad</strong></span> <span class='ocrx_word' id='word_1_671' title='bbox 3157 4477 3264 4528; x_wconf 89' lang='lat' dir='ltr'><strong>me,</strong></span> <span class='ocrx_word' id='word_1_672' title='bbox 3293 4479 3456 4535; x_wconf 83' lang='lat' dir='ltr'><strong>opere</strong></span> 
     </span>
     <span class='ocr_line' id='line_1_89' title="bbox 143 4511 1343 4535; baseline 0.01 0"><span class='ocrx_word' id='word_1_673' title='bbox 143 4516 330 4535; x_wconf 60' lang='lat' dir='ltr'><strong>natam</strong></span> <span class='ocrx_word' id='word_1_674' title='bbox 417 4523 500 4535; x_wconf 55' lang='lat' dir='ltr'><strong>nn-</strong></span> <span class='ocrx_word' id='word_1_675' title='bbox 552 4511 810 4535; x_wconf 57' lang='lat' dir='ltr'><strong>m_:_.:._.,</strong></span> <span class='ocrx_word' id='word_1_676' title='bbox 928 4522 939 4534; x_wconf 80' lang='grc' dir='ltr'><strong><em>ο</em></strong></span> <span class='ocrx_word' id='word_1_677' title='bbox 1275 4533 1284 4535; x_wconf 95' lang='grc'><strong>-</strong></span> <span class='ocrx_word' id='word_1_678' title='bbox 1336 4533 1343 4535; x_wconf 41' lang='grc' dir='ltr'><strong>Α</strong></span> 
     </span>
    </p>
   </div>
   <div class='ocr_carea' id='block_1_87' title="bbox 137 4511 1757 4603">
    <p class='ocr_par' dir='ltr' id='par_1_87' title="bbox 137 4511 1757 4603">
     <span class='ocr_line' id='line_1_90' title="bbox 137 4511 1757 4603; baseline 0.03 -50"><span class='ocrx_word' id='word_1_679' title='bbox 137 4516 357 4570; x_wconf 83' lang='lat' dir='ltr'><strong>quam,</strong></span> <span class='ocrx_word' id='word_1_680' title='bbox 417 4523 504 4564; x_wconf 85' lang='lat' dir='ltr'><strong>res</strong></span> <span class='ocrx_word' id='word_1_681' title='bbox 552 4511 873 4573; x_wconf 84' lang='lat' dir='ltr'><strong>Trinitatem</strong></span> <span class='ocrx_word' id='word_1_682' title='bbox 927 4522 1151 4583; x_wconf 88' lang='lat' dir='ltr'><strong>iunuere</strong></span> <span class='ocrx_word' id='word_1_683' title='bbox 1216 4533 1347 4590; x_wconf 89' lang='lat' dir='ltr'><strong>mihi</strong></span> <span class='ocrx_word' id='word_1_684' title='bbox 1405 4511 1638 4598; x_wconf 66' lang='lat' dir='ltr'><strong>videtur.</strong></span> <span class='ocrx_word' id='word_1_685' title='bbox 1691 4546 1757 4603; x_wconf 87' lang='lat' dir='ltr'><strong>Et</strong></span> 
     </span>
    </p>
   </div>
   <div class='ocr_carea' id='block_1_88' title="bbox 140 4598 1831 4697">
    <p class='ocr_par' dir='ltr' id='par_1_88' title="bbox 140 4598 1831 4697">
     <span class='ocr_line' id='line_1_91' title="bbox 140 4598 1831 4697; baseline 0.032 -51"><span class='ocrx_word' id='word_1_686' title='bbox 140 4605 283 4651; x_wconf 81' lang='lat' dir='ltr'><strong>tres</strong></span> <span class='ocrx_word' id='word_1_687' title='bbox 349 4598 534 4668; x_wconf 78' lang='lat' dir='ltr'><strong>virgae,</strong></span> <span class='ocrx_word' id='word_1_688' title='bbox 616 4620 753 4675; x_wconf 88' lang='lat' dir='ltr'><strong>quas</strong></span> <span class='ocrx_word' id='word_1_689' title='bbox 808 4615 1111 4681; x_wconf 88' lang='lat' dir='ltr'><strong>patriarcha</strong></span> <span class='ocrx_word' id='word_1_690' title='bbox 1162 4619 1330 4682; x_wconf 83' lang='lat' dir='ltr'><strong>Jacob</strong></span> <span class='ocrx_word' id='word_1_691' title='bbox 1370 4631 1448 4697; x_wconf 70' lang='grc'><strong>⁸⁸,</strong></span> <span class='ocrx_word' id='word_1_692' title='bbox 1514 4636 1754 4697; x_wconf 86' lang='lat' dir='ltr'><strong>detracta</strong></span> <span class='ocrx_word' id='word_1_693' title='bbox 1790 4610 1831 4666; x_wconf 69' lang='grc' dir='ltr'>θ</span> 
     </span>
    </p>
   </div>
   <div class='ocr_carea' id='block_1_89' title="bbox 138 4695 1752 4791">
    <p class='ocr_par' dir='ltr' id='par_1_89' title="bbox 138 4695 1752 4791">
     <span class='ocr_line' id='line_1_92' title="bbox 138 4695 1752 4791; baseline 0.033 -54"><span class='ocrx_word' id='word_1_694' title='bbox 138 4697 326 4757; x_wconf 84' lang='lat' dir='ltr'><strong>parte</strong></span> <span class='ocrx_word' id='word_1_695' title='bbox 388 4695 608 4752; x_wconf 87' lang='lat' dir='ltr'><strong>corticis</strong></span> <span class='ocrx_word' id='word_1_696' title='bbox 652 4699 704 4754; x_wconf 94' lang='lat' dir='ltr'><strong>in</strong></span> <span class='ocrx_word' id='word_1_697' title='bbox 737 4718 934 4774; x_wconf 87' lang='lat' dir='ltr'><strong>aquam</strong></span> <span class='ocrx_word' id='word_1_698' title='bbox 976 4712 1318 4788; x_wconf 71' lang='lat' dir='ltr'><strong>conﬁciebat,</strong></span> <span class='ocrx_word' id='word_1_699' title='bbox 1352 4725 1544 4782; x_wconf 89' lang='lat' dir='ltr'><strong>ovibus</strong></span> <span class='ocrx_word' id='word_1_700' title='bbox 1571 4729 1752 4791; x_wconf 85' lang='lat' dir='ltr'><strong>Laban</strong></span> 
     </span>
    </p>
   </div>
   <div class='ocr_carea' id='block_1_90' title="bbox 135 4779 1755 4882">
    <p class='ocr_par' dir='ltr' id='par_1_90' title="bbox 135 4779 1755 4882">
     <span class='ocr_line' id='line_1_93' title="bbox 135 4779 1755 4882; baseline 0.033 -54"><span class='ocrx_word' id='word_1_701' title='bbox 135 4779 510 4848; x_wconf 82' lang='lat' dir='ltr'><strong>adaquandis</strong></span> <span class='ocrx_word' id='word_1_702' title='bbox 574 4797 1090 4858; x_wconf 85' lang='lat' dir='ltr'><strong>:quentadmodum</strong></span> <span class='ocrx_word' id='word_1_703' title='bbox 1171 4818 1225 4861; x_wconf 88' lang='lat' dir='ltr'><strong>et</strong></span> <span class='ocrx_word' id='word_1_704' title='bbox 1278 4826 1420 4870; x_wconf 91' lang='lat' dir='ltr'><strong>nunc</strong></span> <span class='ocrx_word' id='word_1_705' title='bbox 1504 4818 1755 4882; x_wconf 86' lang='lat' dir='ltr'><strong>Salvator</strong></span> 
     </span>
    </p>
   </div>
   <div class='ocr_carea' id='block_1_91' title="bbox 132 4874 1752 4978">
    <p class='ocr_par' dir='ltr' id='par_1_91' title="bbox 132 4874 1752 4978">
     <span class='ocr_line' id='line_1_94' title="bbox 132 4874 1752 4978; baseline 0.028 -51"><span class='ocrx_word' id='word_1_706' title='bbox 132 4882 356 4929; x_wconf 80' lang='lat' dir='ltr'><strong>noster</strong></span> <span class='ocrx_word' id='word_1_707' title='bbox 404 4874 584 4949; x_wconf 80' lang='lat' dir='ltr'><strong>Jesus,</strong></span> <span class='ocrx_word' id='word_1_708' title='bbox 621 4900 750 4941; x_wconf 89' lang='lat' dir='ltr'><strong>oves</strong></span> <span class='ocrx_word' id='word_1_709' title='bbox 811 4894 1019 4949; x_wconf 89' lang='lat' dir='ltr'><strong>ratione</strong></span> <span class='ocrx_word' id='word_1_710' title='bbox 1045 4900 1315 4971; x_wconf 79' lang='lat' dir='ltr'><strong>praeditas,</strong></span> <span class='ocrx_word' id='word_1_711' title='bbox 1350 4907 1400 4961; x_wconf 86' lang='lat' dir='ltr'><strong>id</strong></span> <span class='ocrx_word' id='word_1_712' title='bbox 1434 4923 1538 4978; x_wconf 88' lang='lat' dir='ltr'><strong>est,</strong></span> <span class='ocrx_word' id='word_1_713' title='bbox 1572 4916 1752 4973; x_wconf 81' lang='lat' dir='ltr'><strong>homi-</strong></span> 
     </span>
    </p>
   </div>
   <div class='ocr_carea' id='block_1_92' title="bbox 130 4977 1276 5062">
    <p class='ocr_par' dir='ltr' id='par_1_92' title="bbox 130 4977 1276 5062">
     <span class='ocr_line' id='line_1_95' title="bbox 130 4977 1276 5062; baseline 0.026 -39"><span class='ocrx_word' id='word_1_714' title='bbox 130 4984 259 5025; x_wconf 81' lang='lat' dir='ltr'><strong>nes</strong></span> <span class='ocrx_word' id='word_1_715' title='bbox 307 4984 468 5028; x_wconf 90' lang='lat' dir='ltr'><strong>sacro</strong></span> <span class='ocrx_word' id='word_1_716' title='bbox 515 4977 835 5048; x_wconf 88' lang='lat' dir='ltr'><strong>baptismate</strong></span> <span class='ocrx_word' id='word_1_717' title='bbox 891 4989 1210 5062; x_wconf 86' lang='lat' dir='ltr'><strong>illustratos,</strong></span> <span class='ocrx_word' id='word_1_718' title='bbox 1269 5016 1276 5052; x_wconf 76' lang='grc' dir='ltr'><strong>ε</strong></span> 
     </span>
    </p>
   </div>
   <div class='ocr_carea' id='block_1_93' title="bbox 130 5061 1742 5172">
    <p class='ocr_par' dir='ltr' id='par_1_93' title="bbox 130 5061 1742 5172">
     <span class='ocr_line' id='line_1_96' title="bbox 130 5061 1742 5172; baseline 0.03 -60"><span class='ocrx_word' id='word_1_719' title='bbox 130 5061 503 5121; x_wconf 79' lang='lat' dir='ltr'><strong>Ezechielem</strong></span> <span class='ocrx_word' id='word_1_720' title='bbox 557 5069 698 5129; x_wconf 86' lang='lat' dir='ltr'><strong>Dens</strong></span> <span class='ocrx_word' id='word_1_721' title='bbox 750 5078 824 5131; x_wconf 86' lang='lat' dir='ltr'><strong>ait</strong></span> <span class='ocrx_word' id='word_1_722' title='bbox 861 5095 874 5132; x_wconf 88' lang='lat'><strong>:</strong></span> <span class='ocrx_word' id='word_1_723' title='bbox 911 5098 931 5132; x_wconf 79' lang='lat' dir='ltr'><strong>r</strong></span> <span class='ocrx_word' id='word_1_724' title='bbox 980 5082 1120 5143; x_wconf 89' lang='lat' dir='ltr'><strong>Ecce</strong></span> <span class='ocrx_word' id='word_1_725' title='bbox 1169 5105 1268 5160; x_wconf 88' lang='lat' dir='ltr'><strong>ego</strong></span> <span class='ocrx_word' id='word_1_726' title='bbox 1317 5095 1429 5164; x_wconf 90' lang='lat' dir='ltr'><strong>ipse</strong></span> <span class='ocrx_word' id='word_1_727' title='bbox 1472 5061 1742 5172; x_wconf 62' lang='lat' dir='ltr'><strong>requiram</strong></span> 
     </span>
    </p>
   </div>
   <div class='ocr_carea' id='block_1_94' title="bbox 126 5167 1740 5263">
    <p class='ocr_par' dir='ltr' id='par_1_94' title="bbox 126 5167 1740 5263">
     <span class='ocr_line' id='line_1_97' title="bbox 126 5167 1740 5263; baseline 0.03 -57"><span class='ocrx_word' id='word_1_728' title='bbox 126 5167 294 5208; x_wconf 77' lang='lat' dir='ltr'><strong>oves</strong></span> <span class='ocrx_word' id='word_1_729' title='bbox 349 5173 520 5227; x_wconf 82' lang='lat' dir='ltr'><strong>meas,</strong></span> <span class='ocrx_word' id='word_1_730' title='bbox 551 5175 604 5217; x_wconf 92' lang='lat' dir='ltr'><strong>et</strong></span> <span class='ocrx_word' id='word_1_731' title='bbox 634 5167 862 5224; x_wconf 88' lang='lat' dir='ltr'><strong>visitabo</strong></span> <span class='ocrx_word' id='word_1_732' title='bbox 892 5186 1017 5242; x_wconf 89' lang='lat' dir='ltr'><strong>eas;</strong></span> <span class='ocrx_word' id='word_1_733' title='bbox 1053 5188 1108 5233; x_wconf 90' lang='lat' dir='ltr'><strong>et</strong></span> <span class='ocrx_word' id='word_1_734' title='bbox 1131 5183 1303 5238; x_wconf 83' lang='lat' dir='ltr'><strong>scient</strong></span> <span class='ocrx_word' id='word_1_735' title='bbox 1327 5190 1452 5257; x_wconf 87' lang='lat' dir='ltr'><strong>quia</strong></span> <span class='ocrx_word' id='word_1_736' title='bbox 1503 5167 1603 5263; x_wconf 77' lang='lat' dir='ltr'><strong>ego</strong></span> <span class='ocrx_word' id='word_1_737' title='bbox 1635 5196 1740 5253; x_wconf 80' lang='lat' dir='ltr'><strong>Do-</strong></span> 
     </span>
    </p>
   </div>
   <div class='ocr_carea' id='block_1_95' title="bbox 125 5248 1743 5345">
    <p class='ocr_par' dir='ltr' id='par_1_95' title="bbox 125 5248 1743 5345">
     <span class='ocr_line' id='line_1_98' title="bbox 125 5248 1743 5345; baseline 0.027 -44"><span class='ocrx_word' id='word_1_738' title='bbox 125 5249 342 5303; x_wconf 76' lang='lat' dir='ltr'><strong>nainus</strong></span> <span class='ocrx_word' id='word_1_739' title='bbox 373 5248 516 5309; x_wconf 89' lang='lat' dir='ltr'><strong>Deus</strong></span> <span class='ocrx_word' id='word_1_740' title='bbox 549 5270 735 5314; x_wconf 89' lang='lat' dir='ltr'><strong>eorum</strong></span> <span class='ocrx_word' id='word_1_741' title='bbox 769 5263 837 5316; x_wconf 80' lang='lat'><strong>&quot;.</strong></span> <span class='ocrx_word' id='word_1_742' title='bbox 876 5284 893 5316; x_wconf 71' lang='grc' dir='ltr'>δ</span> <span class='ocrx_word' id='word_1_743' title='bbox 927 5269 1066 5334; x_wconf 84' lang='lat' dir='ltr'><strong>Quin</strong></span> <span class='ocrx_word' id='word_1_744' title='bbox 1095 5283 1148 5327; x_wconf 92' lang='lat' dir='ltr'><strong>et</strong></span> <span class='ocrx_word' id='word_1_745' title='bbox 1177 5248 1601 5341; x_wconf 49' lang='lat' dir='ltr'><strong>Ninivitatriuin</strong></span> <span class='ocrx_word' id='word_1_746' title='bbox 1627 5289 1743 5345; x_wconf 81' lang='lat' dir='ltr'><strong>die-</strong></span> 
     </span>
    </p>
   </div>
   <div class='ocr_carea' id='block_1_96' title="bbox 116 5350 1736 5439">
    <p class='ocr_par' dir='ltr' id='par_1_96' title="bbox 116 5350 1736 5439">
     <span class='ocr_line' id='line_1_99' title="bbox 116 5350 1736 5439; baseline 0.027 -44"><span class='ocrx_word' id='word_1_747' title='bbox 116 5359 273 5401; x_wconf 81' lang='lat' dir='ltr'><strong>rum</strong></span> <span class='ocrx_word' id='word_1_748' title='bbox 296 5355 460 5416; x_wconf 91' lang='lat' dir='ltr'><strong>atque</strong></span> <span class='ocrx_word' id='word_1_749' title='bbox 484 5350 718 5406; x_wconf 87' lang='lat' dir='ltr'><strong>noctium</strong></span> <span class='ocrx_word' id='word_1_750' title='bbox 752 5355 958 5425; x_wconf 88' lang='lat' dir='ltr'><strong>jejunio</strong></span> <span class='ocrx_word' id='word_1_751' title='bbox 975 5363 1202 5420; x_wconf 91' lang='lat' dir='ltr'><strong>salutem</strong></span> <span class='ocrx_word' id='word_1_752' title='bbox 1223 5377 1498 5430; x_wconf 86' lang='lat' dir='ltr'><strong>consecuti</strong></span> <span class='ocrx_word' id='word_1_753' title='bbox 1526 5390 1650 5434; x_wconf 87' lang='lat' dir='ltr'><strong>sunt</strong></span> <span class='ocrx_word' id='word_1_754' title='bbox 1668 5383 1736 5439; x_wconf 75' lang='grc'><strong>⁸⁷.</strong></span> 
     </span>
    </p>
   </div>
   <div class='ocr_carea' id='block_1_97' title="bbox 111 5438 1736 5537">
    <p class='ocr_par' dir='ltr' id='par_1_97' title="bbox 111 5438 1736 5537">
     <span class='ocr_line' id='line_1_100' title="bbox 111 5438 1736 5537; baseline 0.026 -49"><span class='ocrx_word' id='word_1_755' title='bbox 111 5438 286 5507; x_wconf 70' lang='lat' dir='ltr'><strong>Quae</strong></span> <span class='ocrx_word' id='word_1_756' title='bbox 337 5453 426 5494; x_wconf 91' lang='lat' dir='ltr'><strong>res</strong></span> <span class='ocrx_word' id='word_1_757' title='bbox 455 5455 562 5496; x_wconf 89' lang='lat' dir='ltr'><strong>non</strong></span> <span class='ocrx_word' id='word_1_758' title='bbox 593 5442 793 5504; x_wconf 83' lang='lat' dir='ltr'><strong>frustra</strong></span> <span class='ocrx_word' id='word_1_759' title='bbox 843 5461 983 5518; x_wconf 90' lang='lat' dir='ltr'><strong>erat,</strong></span> <span class='ocrx_word' id='word_1_760' title='bbox 1010 5458 1104 5511; x_wconf 86' lang='lat' dir='ltr'><strong>sed</strong></span> <span class='ocrx_word' id='word_1_761' title='bbox 1144 5459 1344 5532; x_wconf 83' lang='lat' dir='ltr'><strong>etiigies</strong></span> <span class='ocrx_word' id='word_1_762' title='bbox 1377 5469 1619 5537; x_wconf 74' lang='lat' dir='ltr'><strong>quaedam</strong></span> <span class='ocrx_word' id='word_1_763' title='bbox 1648 5489 1736 5529; x_wconf 84' lang='lat' dir='ltr'><strong>re-</strong></span> 
     </span>
    </p>
   </div>
   <div class='ocr_carea' id='block_1_98' title="bbox 1865 4535 3452 4616">
    <p class='ocr_par' dir='ltr' id='par_1_98' title="bbox 1865 4535 3452 4616">
     <span class='ocr_line' id='line_1_101' title="bbox 1865 4535 3452 4616; baseline 0.018 -29"><span class='ocrx_word' id='word_1_764' title='bbox 1865 4535 2256 4604; x_wconf 83' lang='lat' dir='ltr'><strong>compleverint</strong></span> <span class='ocrx_word' id='word_1_765' title='bbox 2292 4555 2307 4603; x_wconf 87' lang='lat'><strong>;</strong></span> <span class='ocrx_word' id='word_1_766' title='bbox 2366 4554 2433 4595; x_wconf 93' lang='lat' dir='ltr'><strong>an</strong></span> <span class='ocrx_word' id='word_1_767' title='bbox 2466 4557 2572 4596; x_wconf 87' lang='lat' dir='ltr'><strong>non</strong></span> <span class='ocrx_word' id='word_1_768' title='bbox 2627 4554 2710 4600; x_wconf 90' lang='lat' dir='ltr'><strong>est</strong></span> <span class='ocrx_word' id='word_1_769' title='bbox 2757 4546 2829 4602; x_wconf 89' lang='lat' dir='ltr'><strong>ita</strong></span> <span class='ocrx_word' id='word_1_770' title='bbox 2857 4589 2872 4615; x_wconf 93' lang='lat'><strong>,</strong></span> <span class='ocrx_word' id='word_1_771' title='bbox 2925 4561 2984 4606; x_wconf 90' lang='lat' dir='ltr'><strong>ut</strong></span> <span class='ocrx_word' id='word_1_772' title='bbox 3013 4554 3179 4610; x_wconf 86' lang='lat' dir='ltr'><strong>sciam</strong></span> <span class='ocrx_word' id='word_1_773' title='bbox 3213 4558 3257 4616; x_wconf 83' lang='grc'><strong>⁷.</strong></span> <span class='ocrx_word' id='word_1_774' title='bbox 3293 4557 3452 4616; x_wconf 75' lang='lat' dir='ltr'><strong>rJant</strong></span> 
     </span>
    </p>
   </div>
   <div class='ocr_carea' id='block_1_99' title="bbox 1862 4627 3451 4728">
    <p class='ocr_par' dir='ltr' id='par_1_99' title="bbox 1862 4627 3451 4728">
     <span class='ocr_line' id='line_1_102' title="bbox 1862 4627 3451 4728; baseline 0.021 -47"><span class='ocrx_word' id='word_1_775' title='bbox 1862 4637 1915 4682; x_wconf 89' lang='lat' dir='ltr'><strong>et</strong></span> <span class='ocrx_word' id='word_1_776' title='bbox 1971 4627 2102 4684; x_wconf 73' lang='lat' dir='ltr'><strong>Mosi</strong></span> <span class='ocrx_word' id='word_1_777' title='bbox 2156 4632 2477 4704; x_wconf 88' lang='lat' dir='ltr'><strong>imperantis</strong></span> <span class='ocrx_word' id='word_1_778' title='bbox 2525 4635 2619 4694; x_wconf 90' lang='lat' dir='ltr'><strong>Dei</strong></span> <span class='ocrx_word' id='word_1_779' title='bbox 2651 4639 2767 4697; x_wconf 84' lang='lat' dir='ltr'><strong>haec</strong></span> <span class='ocrx_word' id='word_1_780' title='bbox 2821 4651 3088 4702; x_wconf 82' lang='lat' dir='ltr'><strong>sententia</strong></span> <span class='ocrx_word' id='word_1_781' title='bbox 3120 4661 3202 4707; x_wconf 89' lang='lat' dir='ltr'><strong>est</strong></span> <span class='ocrx_word' id='word_1_782' title='bbox 3235 4670 3250 4711; x_wconf 90' lang='lat'><strong>:</strong></span> <span class='ocrx_word' id='word_1_783' title='bbox 3285 4675 3303 4707; x_wconf 85' lang='grc'><strong><em>‹</em></strong></span> <span class='ocrx_word' id='word_1_784' title='bbox 3340 4653 3451 4728; x_wconf 76' lang='lat' dir='ltr'><strong>Ego</strong></span> 
     </span>
    </p>
   </div>
   <div class='ocr_carea' id='block_1_100' title="bbox 1864 4708 3449 4811">
    <p class='ocr_par' dir='ltr' id='par_1_100' title="bbox 1864 4708 3449 4811">
     <span class='ocr_line' id='line_1_103' title="bbox 1864 4708 3449 4811; baseline 0.02 -35"><span class='ocrx_word' id='word_1_785' title='bbox 1864 4708 1985 4778; x_wconf 78' lang='lat' dir='ltr'><strong>sum</strong></span> <span class='ocrx_word' id='word_1_786' title='bbox 2064 4724 2208 4781; x_wconf 90' lang='lat' dir='ltr'><strong>Deus</strong></span> <span class='ocrx_word' id='word_1_787' title='bbox 2288 4726 2582 4797; x_wconf 87' lang='lat' dir='ltr'><strong>Abraham,</strong></span> <span class='ocrx_word' id='word_1_788' title='bbox 2668 4745 2723 4789; x_wconf 91' lang='lat' dir='ltr'><strong>et</strong></span> <span class='ocrx_word' id='word_1_789' title='bbox 2776 4735 2918 4796; x_wconf 87' lang='lat' dir='ltr'><strong>Deus</strong></span> <span class='ocrx_word' id='word_1_790' title='bbox 2996 4739 3168 4811; x_wconf 88' lang='lat' dir='ltr'><strong>lsaac,</strong></span> <span class='ocrx_word' id='word_1_791' title='bbox 3213 4757 3267 4802; x_wconf 86' lang='lat' dir='ltr'><strong>et</strong></span> <span class='ocrx_word' id='word_1_792' title='bbox 3309 4708 3449 4808; x_wconf 53' lang='lat' dir='ltr'><strong>Debs</strong></span> 
     </span>
    </p>
   </div>
   <div class='ocr_carea' id='block_1_101' title="bbox 1857 4816 2131 4875">
    <p class='ocr_par' dir='ltr' id='par_1_101' title="bbox 1857 4816 2131 4875">
     <span class='ocr_line' id='line_1_104' title="bbox 1857 4816 2131 4875; baseline 0.007 -2"><span class='ocrx_word' id='word_1_793' title='bbox 1857 4816 2023 4875; x_wconf 86' lang='lat' dir='ltr'><strong>Jacob</strong></span> <span class='ocrx_word' id='word_1_794' title='bbox 2087 4818 2131 4875; x_wconf 87' lang='grc'><strong>⁸.</strong></span> 
     </span>
    </p>
   </div>
   <div class='ocr_carea' id='block_1_102' title="bbox 1856 4912 3444 5004">
    <p class='ocr_par' dir='ltr' id='par_1_102' title="bbox 1856 4912 3444 5004">
     <span class='ocr_line' id='line_1_105' title="bbox 1856 4912 3444 5004; baseline 0.018 -38"><span class='ocrx_word' id='word_1_795' title='bbox 1856 4912 2026 4979; x_wconf 86' lang='lat' dir='ltr'><strong>isaac,</strong></span> <span class='ocrx_word' id='word_1_796' title='bbox 2057 4912 2258 4971; x_wconf 80' lang='lat' dir='ltr'><strong>Jacob:</strong></span> <span class='ocrx_word' id='word_1_797' title='bbox 2294 4919 2384 4973; x_wconf 90' lang='lat' dir='ltr'><strong>sed</strong></span> <span class='ocrx_word' id='word_1_798' title='bbox 2406 4920 2558 4975; x_wconf 87' lang='lat' dir='ltr'><strong>addit</strong></span> <span class='ocrx_word' id='word_1_799' title='bbox 2595 4942 2613 4974; x_wconf 72' lang='grc' dir='ltr'>ι</span> <span class='ocrx_word' id='word_1_800' title='bbox 2645 4934 2698 4978; x_wconf 89' lang='lat' dir='ltr'><strong>et</strong></span> <span class='ocrx_word' id='word_1_801' title='bbox 2722 4943 2742 4976; x_wconf 77' lang='grc' dir='ltr'><strong><em>ι</em></strong></span> <span class='ocrx_word' id='word_1_802' title='bbox 2775 4929 3038 4996; x_wconf 75' lang='lat' dir='ltr'><strong>unpulani,</strong></span> <span class='ocrx_word' id='word_1_803' title='bbox 3070 4947 3136 4986; x_wconf 86' lang='lat' dir='ltr'><strong>ne</strong></span> <span class='ocrx_word' id='word_1_804' title='bbox 3171 4944 3224 4990; x_wconf 91' lang='lat' dir='ltr'><strong>et</strong></span> <span class='ocrx_word' id='word_1_805' title='bbox 3251 4912 3444 5004; x_wconf 83' lang='lat' dir='ltr'><strong>Filius,</strong></span> 
     </span>
    </p>
   </div>
   <div class='ocr_carea' id='block_1_103' title="bbox 1856 5000 3442 5090">
    <p class='ocr_par' dir='ltr' id='par_1_103' title="bbox 1856 5000 3442 5090">
     <span class='ocr_line' id='line_1_106' title="bbox 1856 5000 3442 5090; baseline 0.02 -35"><span class='ocrx_word' id='word_1_806' title='bbox 1856 5010 1908 5055; x_wconf 87' lang='lat' dir='ltr'><strong>et</strong></span> <span class='ocrx_word' id='word_1_807' title='bbox 1964 5000 2196 5070; x_wconf 86' lang='lat' dir='ltr'><strong>Spiritus</strong></span> <span class='ocrx_word' id='word_1_808' title='bbox 2244 5016 2464 5062; x_wconf 87' lang='lat' dir='ltr'><strong>sanctus</strong></span> <span class='ocrx_word' id='word_1_809' title='bbox 2515 5010 2834 5084; x_wconf 86' lang='lat' dir='ltr'><strong>indesignati</strong></span> <span class='ocrx_word' id='word_1_810' title='bbox 2883 5031 3106 5090; x_wconf 82' lang='lat' dir='ltr'><strong>essent;</strong></span> <span class='ocrx_word' id='word_1_811' title='bbox 3156 5028 3249 5081; x_wconf 84' lang='lat' dir='ltr'><strong>sed</strong></span> <span class='ocrx_word' id='word_1_812' title='bbox 3298 5029 3442 5087; x_wconf 82' lang='lat' dir='ltr'><strong>velut</strong></span> 
     </span>
    </p>
   </div>
   <div class='ocr_carea' id='block_1_104' title="bbox 1852 5094 3440 5186">
    <p class='ocr_par' dir='ltr' id='par_1_104' title="bbox 1852 5094 3440 5186">
     <span class='ocr_line' id='line_1_107' title="bbox 1852 5094 3440 5186; baseline 0.021 -38"><span class='ocrx_word' id='word_1_813' title='bbox 1852 5094 2045 5162; x_wconf 89' lang='lat' dir='ltr'><strong>copula</strong></span> <span class='ocrx_word' id='word_1_814' title='bbox 2104 5097 2497 5169; x_wconf 86' lang='lat' dir='ltr'><strong>Abrahamum,</strong></span> <span class='ocrx_word' id='word_1_815' title='bbox 2557 5104 2824 5176; x_wconf 86' lang='lat' dir='ltr'><strong>lsaacum,</strong></span> <span class='ocrx_word' id='word_1_816' title='bbox 2880 5110 3162 5186; x_wconf 85' lang='lat' dir='ltr'><strong>Jacobum,</strong></span> <span class='ocrx_word' id='word_1_817' title='bbox 3209 5129 3318 5179; x_wconf 82' lang='lat' dir='ltr'><strong>tres</strong></span> <span class='ocrx_word' id='word_1_818' title='bbox 3343 5125 3440 5182; x_wconf 81' lang='lat' dir='ltr'><strong>lto-</strong></span> 
     </span>
    </p>
   </div>
   <div class='ocr_carea' id='block_1_105' title="bbox 1852 5189 3437 5286">
    <p class='ocr_par' dir='ltr' id='par_1_105' title="bbox 1852 5189 3437 5286">
     <span class='ocr_line' id='line_1_108' title="bbox 1852 5189 3437 5286; baseline 0.024 -44"><span class='ocrx_word' id='word_1_819' title='bbox 1852 5189 2022 5246; x_wconf 89' lang='lat' dir='ltr'><strong>mines</strong></span> <span class='ocrx_word' id='word_1_820' title='bbox 2050 5194 2307 5260; x_wconf 91' lang='lat' dir='ltr'><strong>ostendit,</strong></span> <span class='ocrx_word' id='word_1_821' title='bbox 2357 5196 2433 5252; x_wconf 89' lang='lat' dir='ltr'><strong>ita</strong></span> <span class='ocrx_word' id='word_1_822' title='bbox 2458 5207 2512 5255; x_wconf 89' lang='lat' dir='ltr'><strong>et</strong></span> <span class='ocrx_word' id='word_1_823' title='bbox 2557 5200 2784 5261; x_wconf 86' lang='lat' dir='ltr'><strong>Deitatis</strong></span> <span class='ocrx_word' id='word_1_824' title='bbox 2810 5210 2998 5278; x_wconf 88' lang='lat' dir='ltr'><strong>tripch</strong></span> <span class='ocrx_word' id='word_1_825' title='bbox 3025 5220 3299 5286; x_wconf 80' lang='lat' dir='ltr'><strong>usurpatio</strong></span> <span class='ocrx_word' id='word_1_826' title='bbox 3331 5230 3437 5280; x_wconf 80' lang='lat' dir='ltr'><strong>tres</strong></span> 
     </span>
    </p>
   </div>
   <div class='ocr_carea' id='block_1_106' title="bbox 1851 5289 3430 5386">
    <p class='ocr_par' dir='ltr' id='par_1_106' title="bbox 1851 5289 3430 5386">
     <span class='ocr_line' id='line_1_109' title="bbox 1851 5289 3430 5386; baseline 0.022 -50"><span class='ocrx_word' id='word_1_827' title='bbox 1851 5299 2114 5354; x_wconf 84' lang='lat' dir='ltr'><strong>personas</strong></span> <span class='ocrx_word' id='word_1_828' title='bbox 2155 5289 2419 5346; x_wconf 87' lang='lat' dir='ltr'><strong>declarat.</strong></span> <span class='ocrx_word' id='word_1_829' title='bbox 2472 5313 2492 5347; x_wconf 85' lang='lat' dir='ltr'><strong>r</strong></span> <span class='ocrx_word' id='word_1_830' title='bbox 2551 5294 2663 5369; x_wconf 87' lang='lat' dir='ltr'><strong>Ego</strong></span> <span class='ocrx_word' id='word_1_831' title='bbox 2705 5315 2824 5356; x_wconf 91' lang='lat' dir='ltr'><strong>sum</strong></span> <span class='ocrx_word' id='word_1_832' title='bbox 2880 5303 3026 5362; x_wconf 88' lang='lat' dir='ltr'><strong>Deus</strong></span> <span class='ocrx_word' id='word_1_833' title='bbox 3077 5309 3374 5386; x_wconf 81' lang='lat' dir='ltr'><strong>Abraham,</strong></span> <span class='ocrx_word' id='word_1_834' title='bbox 3412 5339 3430 5371; x_wconf 72' lang='grc' dir='ltr'>ι</span> 
     </span>
    </p>
   </div>
   <div class='ocr_carea' id='block_1_107' title="bbox 1848 5377 3432 5468">
    <p class='ocr_par' dir='ltr' id='par_1_107' title="bbox 1848 5377 3432 5468">
     <span class='ocr_line' id='line_1_110' title="bbox 1848 5377 3432 5468; baseline 0.02 -36"><span class='ocrx_word' id='word_1_835' title='bbox 1848 5377 1954 5434; x_wconf 86' lang='lat' dir='ltr'><strong>hoc</strong></span> <span class='ocrx_word' id='word_1_836' title='bbox 2003 5389 2106 5446; x_wconf 86' lang='lat' dir='ltr'><strong>est,</strong></span> <span class='ocrx_word' id='word_1_837' title='bbox 2132 5380 2314 5445; x_wconf 82' lang='lat' dir='ltr'><strong>Pater,</strong></span> <span class='ocrx_word' id='word_1_838' title='bbox 2353 5403 2372 5437; x_wconf 74' lang='grc' dir='ltr'><strong><em>ι</em></strong></span> <span class='ocrx_word' id='word_1_839' title='bbox 2405 5395 2458 5441; x_wconf 89' lang='lat' dir='ltr'><strong>et</strong></span> <span class='ocrx_word' id='word_1_840' title='bbox 2511 5385 2650 5445; x_wconf 91' lang='lat' dir='ltr'><strong>Deus</strong></span> <span class='ocrx_word' id='word_1_841' title='bbox 2671 5391 2846 5460; x_wconf 84' lang='lat' dir='ltr'><strong>lsaac,</strong></span> <span class='ocrx_word' id='word_1_842' title='bbox 2885 5414 2904 5449; x_wconf 73' lang='grc' dir='ltr'><strong><em>ι</em></strong></span> <span class='ocrx_word' id='word_1_843' title='bbox 2939 5397 2991 5452; x_wconf 92' lang='lat' dir='ltr'><strong>id</strong></span> <span class='ocrx_word' id='word_1_844' title='bbox 3027 5409 3133 5468; x_wconf 87' lang='lat' dir='ltr'><strong>est,</strong></span> <span class='ocrx_word' id='word_1_845' title='bbox 3164 5402 3335 5462; x_wconf 88' lang='lat' dir='ltr'><strong>Filius</strong></span> <span class='ocrx_word' id='word_1_846' title='bbox 3358 5377 3432 5464; x_wconf 76' lang='lat' dir='ltr'><strong>ex</strong></span> 
     </span>
    </p>
   </div>
   <div class='ocr_carea' id='block_1_108' title="bbox 1844 5478 3432 5559">
    <p class='ocr_par' dir='ltr' id='par_1_108' title="bbox 1844 5478 3432 5559">
     <span class='ocr_line' id='line_1_111' title="bbox 1844 5478 3432 5559; baseline 0.017 -26"><span class='ocrx_word' id='word_1_847' title='bbox 1844 5492 1910 5533; x_wconf 88' lang='lat' dir='ltr'><strong>eo</strong></span> <span class='ocrx_word' id='word_1_848' title='bbox 1971 5478 2202 5548; x_wconf 84' lang='lat' dir='ltr'><strong>genitus,</strong></span> <span class='ocrx_word' id='word_1_849' title='bbox 2241 5497 2262 5530; x_wconf 72' lang='grc' dir='ltr'><strong>Ι</strong></span> <span class='ocrx_word' id='word_1_850' title='bbox 2304 5489 2360 5556; x_wconf 85' lang='lat' dir='ltr'><strong>et</strong></span> <span class='ocrx_word' id='word_1_851' title='bbox 2391 5478 2534 5539; x_wconf 90' lang='lat' dir='ltr'><strong>Deus</strong></span> <span class='ocrx_word' id='word_1_852' title='bbox 2569 5480 2736 5542; x_wconf 74' lang='lat' dir='ltr'><strong>Iacob</strong></span> <span class='ocrx_word' id='word_1_853' title='bbox 2782 5505 2802 5540; x_wconf 70' lang='grc' dir='ltr'><strong><em>ι</em></strong></span> <span class='ocrx_word' id='word_1_854' title='bbox 2851 5490 3062 5549; x_wconf 90' lang='lat' dir='ltr'><strong>scilicet</strong></span> <span class='ocrx_word' id='word_1_855' title='bbox 3108 5504 3192 5552; x_wconf 89' lang='lat' dir='ltr'><strong>ter</strong></span> <span class='ocrx_word' id='word_1_856' title='bbox 3213 5510 3432 5559; x_wconf 82' lang='lat' dir='ltr'><strong>sanctus</strong></span> 
     </span>
    </p>
   </div>
   <div class='ocr_carea' id='block_1_109' title="bbox 2195 4821 3445 4913">
    <p class='ocr_par' dir='ltr' id='par_1_109' title="bbox 2195 4821 3445 4913">
     <span class='ocr_line' id='line_1_112' title="bbox 2195 4821 3445 4913; baseline 0.022 -40"><span class='ocrx_word' id='word_1_857' title='bbox 2195 4840 2212 4873; x_wconf 75' lang='grc' dir='ltr'>ι</span> <span class='ocrx_word' id='word_1_858' title='bbox 2274 4821 2385 4880; x_wconf 83' lang='lat' dir='ltr'><strong>Nec</strong></span> <span class='ocrx_word' id='word_1_859' title='bbox 2442 4826 2756 4901; x_wconf 77' lang='lat' dir='ltr'><strong>dixit:Ego</strong></span> <span class='ocrx_word' id='word_1_860' title='bbox 2803 4847 2922 4888; x_wconf 89' lang='lat' dir='ltr'><strong>sum</strong></span> <span class='ocrx_word' id='word_1_861' title='bbox 2966 4837 3108 4894; x_wconf 89' lang='lat' dir='ltr'><strong>Deus</strong></span> <span class='ocrx_word' id='word_1_862' title='bbox 3149 4845 3445 4913; x_wconf 82' lang='lat' dir='ltr'><strong>Abraham,</strong></span> 
     </span>
    </p>
   </div>
   <div class='ocr_carea' id='block_1_110' title="bbox 215 5600 3428 5726">
    <p class='ocr_par' dir='ltr' id='par_1_110' title="bbox 215 5600 3428 5726">
     <span class='ocr_line' id='line_1_113' title="bbox 215 5600 3428 5726; baseline 0.007 -68"><span class='ocrx_word' id='word_1_863' title='bbox 215 5600 268 5634; x_wconf 80' lang='lat'>“</span> <span class='ocrx_word' id='word_1_864' title='bbox 295 5602 438 5661; x_wconf 80' lang='lat' dir='ltr'><strong>Psal.</strong></span> <span class='ocrx_word' id='word_1_865' title='bbox 486 5609 719 5672; x_wconf 79' lang='lat' dir='ltr'><strong>xxxn,6.</strong></span> <span class='ocrx_word' id='word_1_866' title='bbox 780 5608 988 5667; x_wconf 77' lang='lat' dir='ltr'><strong>&quot;’Joel.</strong></span> <span class='ocrx_word' id='word_1_867' title='bbox 1024 5633 1062 5684; x_wconf 83' lang='grc' dir='ltr'><strong>ι,</strong></span> <span class='ocrx_word' id='word_1_868' title='bbox 1097 5617 1167 5672; x_wconf 76' lang='lat'><strong>28</strong></span> <span class='ocrx_word' id='word_1_869' title='bbox 1191 5639 1344 5699; x_wconf 54' lang='lat' dir='ltr'><strong>seqq.</strong></span> <span class='ocrx_word' id='word_1_870' title='bbox 1411 5629 1588 5688; x_wconf 47' lang='lat' dir='ltr'><strong>salsa.</strong></span> <span class='ocrx_word' id='word_1_871' title='bbox 1622 5649 1774 5700; x_wconf 54' lang='lat' dir='ltr'><strong>um,</strong></span> <span class='ocrx_word' id='word_1_872' title='bbox 1802 5637 1890 5692; x_wconf 51' lang='grc' dir='ltr'><strong>ιο.</strong></span> <span class='ocrx_word' id='word_1_873' title='bbox 1955 5639 2002 5671; x_wconf 80' lang='lat' dir='ltr'><strong>u</strong></span> <span class='ocrx_word' id='word_1_874' title='bbox 2035 5638 2203 5698; x_wconf 49' lang='grc' dir='ltr'><strong>λίπει,⁹</strong></span> <span class='ocrx_word' id='word_1_875' title='bbox 2247 5661 2308 5709; x_wconf 51' lang='grc' dir='ltr'>η’</span> <span class='ocrx_word' id='word_1_876' title='bbox 2359 5646 2428 5710; x_wconf 61' lang='lat'><strong>2;</strong></span> <span class='ocrx_word' id='word_1_877' title='bbox 2460 5649 2503 5716; x_wconf 59' lang='grc' dir='ltr'><strong>ι,</strong></span> <span class='ocrx_word' id='word_1_878' title='bbox 2535 5649 2589 5705; x_wconf 52' lang='grc' dir='ltr'><strong>θ,</strong></span> <span class='ocrx_word' id='word_1_879' title='bbox 2643 5653 2887 5726; x_wconf 41' lang='grc' dir='ltr'><strong>νείκη..</strong></span> <span class='ocrx_word' id='word_1_880' title='bbox 2943 5675 3041 5726; x_wconf 50' lang='lat' dir='ltr'><strong>m,</strong></span> <span class='ocrx_word' id='word_1_881' title='bbox 3076 5662 3163 5720; x_wconf 51' lang='lat'><strong>,0.</strong></span> <span class='ocrx_word' id='word_1_882' title='bbox 3216 5664 3428 5725; x_wconf 45' lang='lat' dir='ltr'><strong>&quot;Psa&#39;.</strong></span> 
     </span>
     <span class='ocr_line' id='line_1_114' title="bbox 215 5673 2397 5726; baseline 0.001 -2"><span class='ocrx_word' id='word_1_883' title='bbox 215 5686 268 5726; x_wconf 65' lang='grc' dir='ltr'><strong>ιι.</strong></span> <span class='ocrx_word' id='word_1_884' title='bbox 311 5673 400 5726; x_wconf 74' lang='grc'><strong>50.</strong></span> <span class='ocrx_word' id='word_1_885' title='bbox 472 5681 518 5713; x_wconf 74' lang='grc' dir='ltr'>η</span> <span class='ocrx_word' id='word_1_886' title='bbox 565 5680 703 5726; x_wconf 65' lang='grc' dir='ltr'><strong>Ρςιιι,</strong></span> <span class='ocrx_word' id='word_1_887' title='bbox 761 5698 926 5726; x_wconf 59' lang='lat' dir='ltr'><strong>anan</strong></span> <span class='ocrx_word' id='word_1_888' title='bbox 987 5685 1053 5726; x_wconf 75' lang='grc' dir='ltr'><strong>4η</strong></span> <span class='ocrx_word' id='word_1_889' title='bbox 1125 5692 1171 5723; x_wconf 73' lang='lat' dir='ltr'><strong>aa</strong></span> <span class='ocrx_word' id='word_1_890' title='bbox 1223 5695 1356 5726; x_wconf 46' lang='lat' dir='ltr'><strong>tu...“</strong></span> <span class='ocrx_word' id='word_1_891' title='bbox 1410 5718 1537 5726; x_wconf 63' lang='grc' dir='ltr'><strong>--.η</strong></span> <span class='ocrx_word' id='word_1_892' title='bbox 1583 5703 1619 5726; x_wconf 74' lang='grc' dir='ltr'>α</span> <span class='ocrx_word' id='word_1_893' title='bbox 1731 5706 1775 5726; x_wconf 70' lang='grc' dir='ltr'><strong>,ι</strong></span> <span class='ocrx_word' id='word_1_894' title='bbox 1805 5708 1954 5726; x_wconf 26' lang='grc' dir='ltr'><strong>τι--.</strong></span> <span class='ocrx_word' id='word_1_895' title='bbox 2145 5713 2205 5726; x_wconf 79' lang='grc'><strong>.,.</strong></span> <span class='ocrx_word' id='word_1_896' title='bbox 2284 5718 2330 5726; x_wconf 81' lang='grc'><strong>--</strong></span> <span class='ocrx_word' id='word_1_897' title='bbox 2363 5717 2397 5726; x_wconf 85' lang='grc'><strong>,.</strong></span> 
     </span>
    </p>
   </div>
   <div class='ocr_carea' id='block_1_111' title="bbox 107 5673 1074 5748">
    <p class='ocr_par' dir='ltr' id='par_1_111' title="bbox 107 5673 1074 5748">
     <span class='ocr_line' id='line_1_115' title="bbox 107 5673 1074 5748; baseline 0.014 -18"><span class='ocrx_word' id='word_1_898' title='bbox 107 5673 400 5748; x_wconf 73' lang='lat' dir='ltr'><strong>cnt,__50.</strong></span> <span class='ocrx_word' id='word_1_899' title='bbox 472 5681 518 5713; x_wconf 84' lang='lat'><strong>&quot;</strong></span> <span class='ocrx_word' id='word_1_900' title='bbox 563 5680 706 5739; x_wconf 86' lang='lat' dir='ltr'><strong>Psal.</strong></span> <span class='ocrx_word' id='word_1_901' title='bbox 761 5698 928 5748; x_wconf 78' lang='lat' dir='ltr'><strong>cmi,</strong></span> <span class='ocrx_word' id='word_1_902' title='bbox 987 5673 1074 5744; x_wconf 49' lang='lat'><strong>10&#39;.</strong></span> 
     </span>
    </p>
   </div>
   <div class='ocr_carea' id='block_1_112' title="bbox 107 5744 890 5820">
    <p class='ocr_par' dir='ltr' id='par_1_112' title="bbox 107 5744 890 5820">
     <span class='ocr_line' id='line_1_116' title="bbox 107 5744 890 5820; baseline 0.009 -19"><span class='ocrx_word' id='word_1_903' title='bbox 107 5757 194 5801; x_wconf 79' lang='lat' dir='ltr'><strong>et</strong></span> <span class='ocrx_word' id='word_1_904' title='bbox 244 5744 351 5820; x_wconf 63' lang='grc' dir='ltr'><strong>βθέ</strong></span> <span class='ocrx_word' id='word_1_905' title='bbox 440 5751 484 5783; x_wconf 80' lang='grc'><strong>’⁷</strong></span> <span class='ocrx_word' id='word_1_906' title='bbox 529 5750 662 5807; x_wconf 85' lang='lat' dir='ltr'><strong>Joua</strong></span> <span class='ocrx_word' id='word_1_907' title='bbox 718 5771 803 5820; x_wconf 84' lang='lat' dir='ltr'><strong>tu,</strong></span> <span class='ocrx_word' id='word_1_908' title='bbox 833 5755 890 5809; x_wconf 83' lang='lat'><strong>5.</strong></span> 
     </span>
    </p>
   </div>
   <div class='ocr_carea' id='block_1_113' title="bbox 106 5814 756 5893">
    <p class='ocr_par' dir='ltr' id='par_1_113' title="bbox 106 5814 756 5893">
     <span class='ocr_line' id='line_1_117' title="bbox 106 5814 756 5893; baseline 0.017 -22"><span class='ocrx_word' id='word_1_909' title='bbox 106 5824 187 5873; x_wconf 74' lang='grc'><strong>4-</strong></span> <span class='ocrx_word' id='word_1_910' title='bbox 244 5814 291 5893; x_wconf 35' lang='grc' dir='ltr'><strong>Ἀ</strong></span> <span class='ocrx_word' id='word_1_911' title='bbox 313 5816 449 5877; x_wconf 83' lang='lat' dir='ltr'><strong>Gen.</strong></span> <span class='ocrx_word' id='word_1_912' title='bbox 508 5839 660 5893; x_wconf 78' lang='lat' dir='ltr'><strong>xvm,</strong></span> <span class='ocrx_word' id='word_1_913' title='bbox 701 5827 756 5883; x_wconf 82' lang='lat'><strong>5.</strong></span> 
     </span>
    </p>
   </div>
   <div class='ocr_carea' id='block_1_114' title="bbox 102 5885 312 5954">
    <p class='ocr_par' dir='ltr' id='par_1_114' title="bbox 102 5885 312 5954">
     <span class='ocr_line' id='line_1_118' title="bbox 102 5885 312 5954; baseline -0.01 -10"><span class='ocrx_word' id='word_1_914' title='bbox 102 5905 126 5944; x_wconf 80' lang='grc' dir='ltr'>ι</span> <span class='ocrx_word' id='word_1_915' title='bbox 141 5899 225 5954; x_wconf 69' lang='lat' dir='ltr'><strong>tt,</strong></span> <span class='ocrx_word' id='word_1_916' title='bbox 261 5885 312 5942; x_wconf 78' lang='grc'><strong>6.</strong></span> 
     </span>
    </p>
   </div>
   <div class='ocr_carea' id='block_1_115' title="bbox 1125 5692 1639 5768">
    <p class='ocr_par' dir='ltr' id='par_1_115' title="bbox 1125 5692 1639 5768">
     <span class='ocr_line' id='line_1_119' title="bbox 1125 5692 1639 5768; baseline 0.021 -20"><span class='ocrx_word' id='word_1_917' title='bbox 1125 5692 1171 5768; x_wconf 64' lang='grc' dir='ltr'><strong>ξ³</strong></span> <span class='ocrx_word' id='word_1_918' title='bbox 1188 5692 1382 5768; x_wconf 42' lang='grc' dir='ltr'><strong>ΔΝἱιίη.</strong></span> <span class='ocrx_word' id='word_1_919' title='bbox 1410 5718 1560 5768; x_wconf 75' lang='lat' dir='ltr'><strong>xxiv,</strong></span> <span class='ocrx_word' id='word_1_920' title='bbox 1583 5703 1639 5759; x_wconf 76' lang='lat'><strong>2.</strong></span> 
     </span>
    </p>
   </div>
   <div class='ocr_carea' id='block_1_116' title="bbox 848 5827 1723 5912">
    <p class='ocr_par' dir='ltr' id='par_1_116' title="bbox 848 5827 1723 5912">
     <span class='ocr_line' id='line_1_120' title="bbox 848 5827 1723 5912; baseline 0.024 -27"><span class='ocrx_word' id='word_1_921' title='bbox 848 5832 868 5864; x_wconf 87' lang='grc'><strong><em>⁸</em></strong></span> <span class='ocrx_word' id='word_1_922' title='bbox 895 5827 1029 5891; x_wconf 83' lang='lat' dir='ltr'><strong>ibid.</strong></span> <span class='ocrx_word' id='word_1_923' title='bbox 1061 5836 1144 5892; x_wconf 63' lang='grc'><strong>10.</strong></span> <span class='ocrx_word' id='word_1_924' title='bbox 1231 5827 1601 5912; x_wconf 23' lang='grc' dir='ltr'><strong>’νϐθίιζηίνξ</strong></span> <span class='ocrx_word' id='word_1_925' title='bbox 1622 5827 1642 5831; x_wconf 19' lang='grc' dir='ltr'>ᾖ</span> 
     </span>
    </p>
   </div>
   <div class='ocr_carea' id='block_1_117' title="bbox 1731 5706 3426 5806">
    <p class='ocr_par' dir='ltr' id='par_1_117' title="bbox 1731 5706 3426 5806">
     <span class='ocr_line' id='line_1_121' title="bbox 1731 5706 3426 5806; baseline 0.023 -47"><span class='ocrx_word' id='word_1_926' title='bbox 1731 5706 1778 5806; x_wconf 50' lang='grc' dir='ltr'><strong>τι</strong></span> <span class='ocrx_word' id='word_1_927' title='bbox 1805 5708 1976 5806; x_wconf 50' lang='lat' dir='ltr'><strong>Egod.</strong></span> <span class='ocrx_word' id='word_1_928' title='bbox 2009 5726 2103 5806; x_wconf 53' lang='grc' dir='ltr'><strong>ΠΙ,</strong></span> <span class='ocrx_word' id='word_1_929' title='bbox 2356 5706 2650 5806; x_wconf 49' lang='grc' dir='ltr'><strong>ϐῥρίιξκ..</strong></span> <span class='ocrx_word' id='word_1_930' title='bbox 2681 5706 3426 5806; x_wconf 43' lang='lat' dir='ltr'><strong>si???siéétiiviunifi&#39;i</strong></span> 
     </span>
    </p>
   </div>
   <div class='ocr_carea' id='block_1_118' title="bbox 1004 5759 1896 5840">
    <p class='ocr_par' dir='ltr' id='par_1_118' title="bbox 1004 5759 1896 5840">
     <span class='ocr_line' id='line_1_122' title="bbox 1004 5759 1896 5840; baseline 0.01 -14"><span class='ocrx_word' id='word_1_931' title='bbox 1004 5759 1141 5840; x_wconf 57' lang='lat' dir='ltr'><strong>&quot;HI</strong></span> <span class='ocrx_word' id='word_1_932' title='bbox 1187 5765 1319 5840; x_wconf 80' lang='lat' dir='ltr'><strong>Reg.</strong></span> <span class='ocrx_word' id='word_1_933' title='bbox 1378 5759 1646 5840; x_wconf 48' lang='lat' dir='ltr'><strong>xvm,&#39;54</strong></span> <span class='ocrx_word' id='word_1_934' title='bbox 1698 5787 1752 5834; x_wconf 88' lang='lat' dir='ltr'><strong>ct</strong></span> <span class='ocrx_word' id='word_1_935' title='bbox 1805 5759 1896 5834; x_wconf 50' lang='grc' dir='ltr'><strong>ἐξ.</strong></span> 
     </span>
    </p>
   </div>
   <div class='ocr_carea' id='block_1_119' title="bbox 2009 5782 3430 5877">
    <p class='ocr_par' dir='ltr' id='par_1_119' title="bbox 2009 5782 3430 5877">
     <span class='ocr_line' id='line_1_123' title="bbox 2009 5782 3430 5877; baseline 0.023 -42"><span class='ocrx_word' id='word_1_936' title='bbox 2009 5782 2056 5877; x_wconf 56' lang='lat' dir='ltr'><strong>’c’</strong></span> <span class='ocrx_word' id='word_1_937' title='bbox 2118 5783 2509 5877; x_wconf 10' lang='lat' dir='ltr'><strong>Dap!.rlv1,_l0._</strong></span> <span class='ocrx_word' id='word_1_938' title='bbox 2541 5796 2576 5877; x_wconf 47' lang='grc' dir='ltr'>ζ</span> <span class='ocrx_word' id='word_1_939' title='bbox 2609 5794 2732 5851; x_wconf 78' lang='lat' dir='ltr'><strong>Job.</strong></span> <span class='ocrx_word' id='word_1_940' title='bbox 2773 5782 3430 5877; x_wconf 37' lang='grc' dir='ltr'><strong>πίνῃς-ἷξ-ὅηξῖέῖηἶιζ</strong></span> 
     </span>
    </p>
   </div>
   <div class='ocr_carea' id='block_1_120' title="bbox 1859 5850 3432 5943">
    <p class='ocr_par' dir='ltr' id='par_1_120' title="bbox 1859 5850 3432 5943">
     <span class='ocr_line' id='line_1_124' title="bbox 1859 5850 3432 5943; baseline 0.02 -35"><span class='ocrx_word' id='word_1_941' title='bbox 1859 5851 1990 5908; x_wconf 87' lang='lat' dir='ltr'><strong>ibid.</strong></span> <span class='ocrx_word' id='word_1_942' title='bbox 2019 5850 2072 5910; x_wconf 86' lang='lat'><strong>6.</strong></span> <span class='ocrx_word' id='word_1_943' title='bbox 2125 5855 2297 5914; x_wconf 59' lang='lat' dir='ltr'><strong>nam.</strong></span> <span class='ocrx_word' id='word_1_944' title='bbox 2359 5861 2411 5917; x_wconf 89' lang='lat'><strong>7.</strong></span> <span class='ocrx_word' id='word_1_945' title='bbox 2489 5850 3432 5943; x_wconf 48' lang='grc' dir='ltr'><strong>τςοηζιιέὶῆζέοξέιῖ⁷·έὲἕὸὶί</strong></span> 
     </span>
    </p>
   </div>
  </div>
