4082 6294
625 309 733 378 815

1821 303 2197 366 ANDRONll

2302 301 2602 366 ΞΟΜΝΕΝ
2616 306 2635 365 1
3750 305 3841 370 816

621 427 865 482 virilieus
898 422 1154 498 Spiritus,
1187 437 1249 478 ex
1279 425 1442 476 Patre
1483 430 1709 472 manans
1741 413 1878 488 (lt),
1907 421 1961 469 ct
1993 413 2043 467 in
2071 411 2208 466 Filio
2235 413 2281 468 Δ
2311 412 2644 480 vindicat-it;
2700 412 2933 470 maxime
2994 427 3220 485 quorum
3249 429 3281 472 e
3321 415 3488 486 stirpe
3519 415 3763 473 hominem
3786 420 3849 473 fa-

624 520 1037 591 conquiescens.
1075 515 1335 573 Coalestes
1361 521 1539 566 autem
1569 509 1734 578 copiae
1773 505 2205 562 Cherubiuorum

629 610 1161 680 Seraphinorumque
1223 604 1498 661 irretnissa
1563 615 1716 665 voce,
1763 598 2020 668 prodente
2047 594 2204 660 Isaia,

619 703 861 758 clamant
896 718 911 756 :
952 719 972 756 α
1045 700 1296 761 Sanctus,
1337 703 1576 758 sanctus,
1646 701 1884 756 sanctus,
1947 687 2208 741 Dominus

625 787 771 848 Deus
817 790 1182 857 excrcituutn,
1222 808 1240 841 ι
1284 800 1364 844 ter
1403 785 1782 856 ingeminanth
1821 798 1840 833 ι
1883 778 2138 841 Sanctus,
2181 794 2202 828 ›

622 897 736 940 tres
791 899 1090 954 personas;
1132 882 1300 938 semel
1359 899 1377 932 ι
1449 881 1705 935 Dominus
1749 874 2108 936 exercituum,
2179 887 2200 922 ι

618 992 780 1032 uitam
848 977 1111 1031 Deitatem
1159 985 1431 1029 notantes.
1467 972 1562 1026 Est
1613 971 1755 1027 enim
1786 982 1911 1023 vere
1942 981 2080 1020 unus
2107 964 2210 1018 Do-

621 1075 823 1138 minus,
872 1081 926 1127 et
970 1086 1072 1126 una
1139 1068 1321 1124 Deitas
1371 1067 1570 1130 Patris,
1621 1074 1677 1120 et
1723 1063 1867 1129 Filii,
1890 1069 1945 1117 et
1972 1059 2206 1130 Spiritus

622 1167 820 1222 Inltcti.
993 1168 998 1176 ’

687 1256 811 1316 Jun.
844 1259 946 1314 Per
976 1256 1141 1313 Deum
1167 1271 1347 1312 rerum
1382 1257 1621 1310 omnium
1653 1251 2035 1316 architectum,
2065 1261 2207 1302 vera:

617 1355 702 1410 ha:
736 1366 916 1405 vatum
967 1365 1132 1406 voces
1162 1359 1308 1413 sunt,
1363 1364 1534 1418 eoque
1580 1347 1684 1400 line
1713 1345 1780 1400 ab
1831 1345 1894 1399 iis
1943 1343 2202 1414 proditae;

618 1458 801 1517 patres
834 1461 960 1501 vero
1001 1444 1191 1508 nostri,
1241 1442 1439 1498 frustra
1471 1443 1522 1496 in
1575 1443 1714 1496 nuda
1743 1438 1993 1507 occupati
2025 1438 2205 1492 littera

623 1551 901 1595 errarunt.

688 1634 913 1687 CHRIST.
943 1631 1084 1686 Ades
1115 1643 1242 1686 vero
1274 1627 1468 1695 Moses,
1498 1624 1639 1682 refer
1668 1627 1735 1681 de
1765 1622 1968 1693 Spiritu
1992 1629 2201 1686 sancto,

617 1729 746 1799 quid
781 1729 832 1780 in
863 1723 1111 1779 Numeris
1130 1733 1307 1793 tecum
1341 1723 1547 1778 locutus
1564 1720 1635 1775 sit
1656 1719 1796 1774 Deus
1823 1736 1840 1774 :
1871 1735 1889 1768 ι
1920 1714 2197 1785 Cougrega

619 1820 754 1875 mihi
805 1818 1142 1888 septuaginta
1211 1815 1356 1870 viros
1380 1813 1447 1870 de
1481 1813 1702 1867 senibus
1756 1804 1944 1874 Israel,
1973 1823 2108 1878 quos
2143 1817 2199 1862 tu

618 1916 785 1980 nosti,
814 1913 956 1984 quod
988 1926 1145 1967 senes
1183 1910 1359 1982 populi
1390 1910 1500 1965 sint
1529 1921 1592 1962 ac
1630 1906 1872 1975 magistri
1903 1923 1917 1960 :
1952 1914 2004 1958 et
2036 1906 2203 1958 duces

616 2022 712 2065 eos
752 2008 818 2060 ad
880 2006 1076 2060 ostium
1133 2001 1465 2057 tabernaculi
1515 2000 1758 2063 foederis,
1819 1999 2095 2067 faciesque
2127 1997 2199 2052 ibi

616 2111 765 2156 stare
818 2108 1014 2163 tecum,
1048 2106 1104 2151 ut
1131 2096 1456 2150 descendam
1495 2102 1550 2148 et
1577 2094 1767 2164 loquar
1802 2091 1897 2146 tibi
1930 2102 2024 2157 ;et
2052 2090 2202 2144 aufe-

618 2209 737 2248 rant
771 2193 835 2247 de
883 2191 1088 2260 Spiritu
1114 2199 1226 2253 tuo,
1279 2187 1598 2260 Iradamque
1648 2189 1749 2254 eis,
1784 2197 1842 2242 ιιι
1895 2193 2204 2241 sustentent

614 2293 795 2340 tecum
849 2299 990 2338 onus
1042 2282 1242 2353 pepuli,
1292 2292 1345 2338 et
1411 2297 1515 2335 non
1574 2290 1627 2334 tu
1655 2280 1804 2335 solus
1848 2279 2112 2349 graveris.
2141 2276 2202 2331 Et

617 2373 966 2444 congregavit
1032 2373 1206 2428 Moses
1275 2372 1615 2441 septuaginta
1660 2370 1806 2426 viros
1853 2371 1920 2425 de
1983 2369 2201 2422 senibus

614 2467 808 2532 Israel,
829 2481 964 2536 quos
993 2473 1137 2521 stare
1165 2463 1292 2519 fecit
1327 2463 1472 2519 circa
1500 2462 1930 2519 tabernaculum.
1961 2462 2197 2516 Descen-

615 2561 798 2629 ditqne
830 2559 1092 2612 Dominus
1124 2572 1218 2627 per
1246 2558 1460 2622 nubem,
1495 2566 1548 2612 et
1579 2556 1792 2611 locutus
1823 2566 1903 2611 est
1929 2555 1998 2610 ad
2049 2570 2196 2620 eum,

617 2651 873 2706 auferens
917 2650 984 2705 de
1045 2649 1248 2720 Spiritu
1308 2647 1399 2717 qui
1439 2658 1556 2702 erat
1583 2647 1636 2700 in
1668 2646 1836 2711 Mose,
1878 2656 1932 2701 et
1961 2647 2097 2700 dans
2121 2662 2202 2699 se.

615 2747 894 2817 ptuaginta
948 2743 1098 2800 viris.
1122 2743 1364 2812 Cumque
1399 2740 1753 2810 requievisset
1800 2738 1856 2794 in
1886 2737 1966 2793 eis
2024 2738 2198 2808 Spiri-

619 2846 726 2901 tus,
760 2837 1236 2906 prophetaverunt,
1261 2847 1361 2888 nec
1387 2833 1525 2886 ultra
1557 2840 1929 2887 cessaverunt.
1958 2826 2198 2884 Remane

624 2939 807 2985 serant
857 2938 1037 2982 autem
1096 2927 1150 2982 in
1221 2926 1420 2980 castris
1466 2925 1574 2980 duo
1620 2924 1741 2989 viri,
1797 2938 2024 2993 quorum
2059 2939 2196 2979 unus

613 3022 914 3079 vocabatur
970 3019 1160 3087 Eldad,
1216 3027 1271 3073 et
1327 3019 1463 3074 alter
1513 3017 1720 3082 Medati,
1753 3033 1915 3087 super
1935 3033 2070 3088 quos
2107 3033 2194 3072 re-

615 3117 821 3188 quievit
884 3114 1153 3185 Spiritus;
1213 3129 1337 3166 nam
1371 3121 1423 3167 et
1465 3112 1565 3181 ipsi
1592 3113 1845 3180 descripti
1873 3112 2106 3176 fuerant,
2141 3122 2194 3166 et
2223 3149 2268 3208 α

617 3224 729 3265 non
782 3209 1026 3264 exierant
1065 3208 1133 3261 ad
1192 3204 1618 3260 tabernaculum.
1642 3202 1883 3273 Cumque
1907 3204 2196 3273 propheta-

615 3311 740 3357 rent
787 3300 838 3356 in
903 3302 1120 3367 castris,
1169 3298 1406 3354 cucurrit
1461 3313 1594 3367 puer
1637 3307 1690 3352 et
1736 3299 2003 3353 nuntiavit
2041 3297 2195 3366 Mosi,

614 3393 802 3449 dicens
835 3390 1044 3447 :Eldad
1117 3398 1172 3446 et
1225 3390 1411 3445 Medati
1489 3391 1808 3460 prophetarit
1860 3389 1914 3444 in
1978 3391 2195 3445 castris.

614 3484 807 3541 Statim
831 3481 994 3538 Josue
1022 3481 1321 3547 ﬁliusNun,
1353 3484 1601 3537 minister
1651 3483 1805 3549 Mosi,
1845 3492 1900 3536 et
1932 3485 2136 3542 electus
2168 3500 2199 3541 e

612 3576 878 3645 pluribus,
934 3572 1303 3628 aitzDomiue
1353 3576 1448 3638 mi,
1493 3572 1692 3640 Moses,
1741 3574 1964 3642 prohibe
1984 3589 2096 3630 eos.
2127 3575 2199 3629 At

620 3669 712 3724 ille
739 3684 756 3721 :
796 3666 956 3736 Quid,
985 3668 1179 3738 inquit,
1215 3667 1484 3722 attitulat‘is
1513 3683 1609 3738 pro
1663 3669 1788 3722 me?
1819 3671 1939 3737 quis
1972 3671 2193 3736 tribuat,

612 3770 674 3815 ut
719 3761 895 3822 otnnis
953 3760 1182 3828 populus
1226 3765 1513 3828 prophetet
1541 3797 1554 3822 ,
1585 3768 1639 3814 et
1670 3760 1761 3814 det
1811 3760 1891 3815 eis
1936 3760 2195 3818 Dominus

611 3850 874 3920 Spiritum
908 3865 1063 3905 suum
1085 3850 1128 3880 '°
1162 3848 1184 3904 ?
1213 3865 1235 3900 ι
1264 3848 1467 3904 Pudeat
1511 3863 1622 3911 eos,
1647 3849 1738 3917 qui
1761 3847 2020 3919 Spiritum
2055 3852 2197 3904 hunc

611 3943 839 3999 alterius
915 3951 1139 4007 naturzr,
1189 3956 1349 4011 quam
1382 3940 1664 3995 Dominum
1709 3951 1957 3995 censent.
1983 3938 2116 3995 Nam
2149 3943 2192 3996 si

611 4036 664 4091 id
706 4035 758 4088 in
819 4033 1145 4098 hominibus,
1178 4047 1244 4086 ne
1297 4032 1468 4086 dicam
1496 4031 1562 4086 de
1585 4030 1812 4100 singulis
1844 4031 2191 4097 animalibus,

611 4125 944 4196 impossibile
998 4134 1102 4190 est,
1129 4123 1295 4180 multo
1329 4125 1497 4194 magis
1527 4125 1582 4178 in
1617 4123 1746 4178 Dee.
1773 4120 1911 4188 Quid
1941 4124 2194 4194 agimus?

617 4215 880 4271 creditis?
941 4213 1151 4268 Utinam
1197 4214 1475 4269 oculorum
1531 4214 1726 4270 mentis
1751 4225 1945 4269 vestrae
1974 4215 2194 4286 lippitu-

611 4311 792 4364 dinem
837 4310 1092 4364 elueretis
1146 4325 1280 4379 aqua
1340 4309 1606 4376 veritatis,
1654 4310 2050 4380 unigenamque
2099 4309 2190 4365 Dei

609 4399 808 4456 Filium
870 4400 1129 4454 videretis
1177 4400 1367 4454 salutis
1421 4402 1668 4455 humanae
1717 4416 1874 4455 causa
1923 4401 2062 4456 cutio
2093 4403 2191 4455 de-

611 4510 879 4566 gressum,
904 4494 969 4547 de
989 4491 1191 4563 Spiritu
1222 4503 1411 4546 saneto
1434 4507 1500 4546 ex
1548 4492 1715 4545 Maria
1745 4490 1964 4563 Virgine
2012 4494 2189 4548 incar—

612 4599 822 4651 ttatutu,
855 4595 906 4639 et
935 4587 1206 4639 hominem
1234 4582 1458 4650 factum,
1494 4597 1558 4636 ac
1579 4597 1674 4652 pro
1696 4584 1848 4636 nobis
1871 4589 1968 4638 sub
1995 4583 2187 4642 Pontio

617 4679 788 4734 Pilato
817 4677 1136 4732 crucitixum
1160 4715 1174 4740 ,
1198 4689 1440 4746 passum,
1492 4686 1548 4752 et
1599 4675 1892 4744 sepultum,
1927 4679 2188 4745 tertiaque

611 4773 717 4836 die,
770 4777 1064 4824 secundum
1105 4768 1437 4836 Scripturas,
1496 4767 1837 4833 suscitatunt,
1891 4767 1942 4821 in
1990 4768 2186 4823 coelum

609 4878 908 4927 reversum,
938 4859 1081 4913 Patri
1137 4860 1386 4912 dextrum
1415 4857 1765 4923 assidentem,
1798 4868 1852 4912 et
1905 4860 2187 4928 magnifice

607 4958 733 5012 olim
764 4954 1069 5026 judicandis
1098 4952 1236 5006 vivis
1291 4963 1451 5020 atque
1474 4951 1698 5006 mortuis
1730 4955 2048 5019 rediturum,
2081 4954 2187 5007 itn-

609 5049 758 5116 perio
777 5064 1045 5117 nunquam
1080 5047 1333 5100 ﬁniendo.

676 5143 798 5199 Jun.
854 5143 920 5196 At
959 5140 1002 5195 si
1053 5139 1218 5194 Musis
1248 5139 1412 5192 Deum
1467 5138 1685 5193 interra
1723 5139 2086 5205 incarnatum,
2124 5151 2180 5196 et

607 5235 879 5289 Ιιοιιιὶιιθιιι
943 5231 1140 5304 factum
1175 5231 1238 5284 de
1293 5229 1509 5284 Davidis
1538 5233 1820 5301 progenie,
1867 5243 2028 5302 atque
2068 5232 2188 5286 Vir-

606 5331 729 5398 gine
761 5329 1088 5396 praadicatis,
1111 5340 1217 5395 quo
1252 5334 1409 5396 pacto
1459 5341 1576 5390 nos,
1606 5325 1840 5389 Iudaeos,
1873 5342 1967 5380 seu
2010 5327 2185 5397 Syna-

606 5436 797 5490 gugatn
853 5419 1058 5488 t'ejecit,
1117 5435 1278 5489 quam
1334 5433 1428 5488 per
1468 5416 1652 5474 Mosen
1690 5431 1851 5487 atque
1877 5421 2048 5488 legem
2076 5421 2181 5475 sibi

2311 512 2457 558 ctum
2490 520 2692 574 corpus
2721 521 2875 561 suum
2922 507 3280 576 assumpsisse
3307 507 3636 579 perhibetis?
3667 508 3784 565 Nam
3811 513 3848 568 si

2309 599 2577 653 servando
2631 599 2910 654 hominum
2958 601 3140 670 generi
3199 599 3363 655 homo
3393 599 3560 654 factus
3581 611 3676 668 est,
3708 603 3851 659 multo

2310 691 2480 762 magis
2540 709 2658 758 nos,
2686 710 2846 764 quam
2910 695 3048 749 alios
3082 696 3292 750 admitti
3325 696 3624 766 Oportebat,
3650 713 3849 768 quorum

2313 783 2380 841 ab
2435 793 2594 854 gente
2646 783 2738 838 Dei
2791 785 2980 839 notitia
3011 802 3104 853 per
3136 797 3412 856 parentem
3442 796 3675 842 nostrum
3703 789 3850 843 Attra-

2312 873 2530 928 hamum
2585 876 2877 944 prodierit;
2910 892 2973 930 ac
3009 885 3115 929 tum
3148 876 3376 930 fortasse
3408 885 3619 930 exteros
3645 890 3852 944 quoque,

2310 968 2355 1022 si
2389 967 2622 1032 volebat,
2663 983 2758 1036 pro
2788 969 3128 1022 humanitate
3159 984 3254 1023 sua
3292 968 3577 1023 asciscere.
3614 966 3716 1022 lloc
3733 970 3852 1021 enim

2309 1075 2406 1114 nos
2434 1060 2513 1114 vel
2557 1063 2609 1115 iu
2644 1062 2831 1130 primis
2861 1062 3084 1130 inducit,
3119 1079 3186 1118 ne
3225 1063 3368 1118 hunc
3407 1077 3525 1118 esse
3558 1061 3696 1115 illum
3718 1060 3858 1116 Mosis

2307 1156 2476 1210 Deum
2509 1154 2795 1210 fateamur.

2311 1313 2316 1316 ,
2376 1246 2599 1304 Cunts'r.
2639 1249 2934 1304 Sciendum
2971 1265 3099 1305 vero
3131 1265 3248 1315 εει,
3297 1251 3391 1306 Dei
3444 1251 3581 1306 dona
3622 1267 3736 1308 esse
3769 1253 3857 1307 int-

2308 1343 2629 1410 mutabilia;
2667 1359 2787 1398 nam
2820 1361 2942 1399 cum
2978 1345 3208 1416 simplex
3243 1348 3334 1410 sit,
3374 1348 3638 1418 simplicia
3668 1364 3858 1420 quoque

2307 1454 2403 1492 sua
2450 1437 2717 1493 beneficia
2757 1439 2941 1493 locare
2974 1438 3134 1494 solet.
3175 1441 3352 1509 Atque
3399 1441 3452 1496 id
3504 1456 3687 1495 verum
3736 1455 3858 1504 esse,

2307 1544 2374 1585 ex
2399 1530 2815 1586 insensibilibus
2846 1533 3005 1587 rebus
3035 1532 3409 1602 conjecturam
3449 1535 3646 1600 facere,
3679 1545 3730 1588 et
3754 1550 3861 1601 por-

2308 1624 2521 1695 spicere
2569 1634 2675 1679 est.
2728 1624 2862 1679 Nam
2894 1635 2948 1681 et
2976 1625 3116 1681 coelo
3163 1641 3458 1697 perennem
3507 1628 3857 1697 mobilitatem,

2305 1721 2360 1770 et
2392 1714 2492 1770 soli
2524 1715 2890 1786 splendorem,
2934 1733 3000 1772 ac
3030 1717 3191 1784 lunte,
3230 1735 3297 1775 ne
3325 1719 3534 1790 singula
3570 1735 3859 1792 persequar,

2310 1819 2366 1863 et
2407 1808 2520 1864 sole
2552 1809 2734 1863 lumen
2771 1810 2913 1864 haud
2968 1827 3098 1867 sane
3148 1811 3440 1878 obnoxius,
3491 1813 3714 1883 largitus
3758 1823 3858 1879 est;

2309 1915 2480 1969 eaque
2516 1910 2595 1956 tot
2634 1900 2747 1971 jam
2794 1911 2981 1957 aatates
3029 1904 3248 1958 immota
3287 1904 3509 1960 durant.
3558 1902 3861 1974 Primigenia

2309 2003 2493 2048 autem
2545 1995 2757 2064 parenti
2811 1994 3038 2066 ejusque
3087 1997 3327 2066 posteris
3387 2011 3620 2062 munus,
3673 1997 3859 2052 arbitrii

2307 2083 2618 2139 libertatem
2653 2088 2822 2142 dedit.
2861 2087 3033 2157 Hujus
3078 2088 3252 2158 gratia
3289 2091 3474 2144 Abelis
3504 2091 3662 2144 donis
3698 2089 3861 2159 propi-

2309 2175 2440 2240 tius,
2488 2175 2622 2230 Cain
2659 2178 2923 2248 despexit,
2972 2194 3071 2249 pro
3120 2179 3405 2249 utriusque
3439 2182 3659 2250 ingenio
3682 2182 3742 2237 “.
3779 2183 3861 2237 At-

2306 2283 2412 2338 que
2446 2284 2510 2323 ex
2542 2285 2607 2324 eo
2639 2270 2924 2336 hactenus,
2958 2287 3023 2326 ne
3055 2273 3366 2326 satietatem
3401 2272 3639 2330 dicendo
3662 2275 3860 2330 atteram

2309 2361 2565 2426 (satietas
2598 2365 2741 2418 enim
2786 2365 3051 2420 orationis
3109 2366 3328 2422 inimica
3377 2378 3462 2424 est
3515 2369 3793 2438 auribus),
3834 2381 3859 2422 ο

2308 2453 2478 2509 malos
2514 2457 2674 2520 male,
2711 2466 2764 2511 et
2792 2457 2961 2512 bonos
3000 2458 3231 2529 benigne
3268 2458 3483 2530 accipit,
3525 2470 3583 2515 ut
3627 2461 3859 2532 cujusque

2307 2548 2550 2603 actiones
2581 2558 2636 2604 et
2669 2548 2808 2604 facta
2841 2561 3143 2606 merentur.
3178 2551 3234 2606 ld
3264 2552 3406 2622 quod
3438 2569 3538 2623 per
3563 2553 3734 2607 virum
3759 2552 3854 2620 Dei,

2307 2642 2400 2711 qui
2434 2640 2550 2697 Heli
2584 2641 2817 2697 ﬁliorum
2856 2643 3066 2698 scelera
3117 2642 3510 2713 exprobrabat,
3573 2645 3659 2699 his
3704 2646 3857 2700 verbis

2309 2743 2584 2792 testatur:
2623 2753 2642 2786 ‹
2683 2734 3001 2806 Quicunque
3052 2736 3439 2806 glorificaverit
3496 2753 3625 2803 me,
3681 2737 3854 2809 gloriﬁ-

2306 2826 2438 2881 caho
2467 2841 2588 2881 eum
2620 2843 2633 2881 :
2663 2828 2753 2896 qui
2784 2838 2962 2882 autem
2998 2837 3356 2884 contemnunt
3378 2843 3485 2896 me,
3527 2836 3693 2885 erunt
3733 2827 3848 2898 igno-

2303 2918 2441 2976 biles
2470 2919 2536 2974 ¹².
2573 2939 2593 2974 ι

2903 3012 3136 3070 CAPUT
3175 3013 3269 3072 XI;

2744 3106 2823 3161 De
2854 3107 3037 3162 divina
3079 3108 3444 3168 Providentia.

2371 3194 2512 3263 Quid
2553 3194 2760 3266 igitur?
2794 3211 3085 3252 commune
3132 3199 3234 3254 hoc
3278 3199 3646 3256 humanitatis
3687 3200 3853 3257 donum

2301 3300 2522 3362 propter
2546 3305 2644 3346 vos
2675 3287 2890 3347 Iudaeos
2925 3291 3215 3346 tollendum
3249 3303 3389 3358 erat,
3428 3309 3532 3349 nec
3561 3295 3717 3350 bonis
3745 3309 3857 3365 prta

2302 3384 2408 3437 mia
2447 3382 2758 3448 trihuenda,
2794 3398 2897 3439 nec
2941 3383 3097 3439 malis
3130 3386 3396 3455 supplicia
3442 3385 3772 3458 irroganda?

2368 3468 2490 3524 Jun.
2527 3470 2766 3527 Minime.

2370 3560 2596 3616 Cnats'r.
2637 3561 2789 3628 Quod
2820 3562 2866 3617 si
2900 3563 2950 3618 id
2990 3565 3126 3617 adeo
3162 3565 3459 3620 absurdum
3500 3569 3754 3635 censetis,
3787 3562 3857 3620 vel

2298 3670 2430 3709 sane
2450 3655 2732 3722 judicatis,
2764 3670 2886 3727 qua:
2916 3656 3018 3711 alia
3046 3657 3228 3724 opifici
3266 3657 3374 3714 Deo
3398 3659 3710 3716 adhibenda
3735 3668 3856 3722 erat,

2299 3764 2400 3804 nec
2431 3748 2672 3802 adhibita
2707 3758 2793 3804 est
2833 3750 3192 3819 procuratio?
3239 3753 3323 3806 An
3371 3768 3476 3806 non
3528 3754 3672 3823 apud
3705 3753 3856 3807 Abra-

2299 3841 2518 3895 hatuum
2553 3842 2786 3910 epulari,
2824 3845 2916 3913 qui
2958 3845 3164 3898 nullius
3197 3855 3403 3913 egeret,
3438 3846 3858 3900 sustinuit?“-

2299 3951 2404 3989 non
2444 3935 2696 4004 deinceps
2728 3951 2823 4006 per
2844 3935 3017 4000 lsaac,
3050 3945 3104 3992 et
3133 3935 3325 4003 Jacob,
3359 3954 3420 3992 ac
3455 3941 3742 3995 duodecim
3775 3953 3856 4009 pa-

2299 4027 2586 4092 triarchas,
2638 4029 2898 4105 unigeniti
2946 4029 3068 4084 Filii
3109 4031 3543 4089 incarnationem
3590 4036 3738 4090 varie
3775 4034 3857 4088 de-

2297 4117 2470 4182 texit;
2521 4118 2596 4171 uti
2640 4128 2751 4173 tum
2806 4120 2858 4173 in
2907 4118 3104 4177 Genesi
3152 4133 3208 4177 et
3255 4121 3464 4190 Exodo,
3515 4134 3768 4196 tanquam
3809 4124 3854 4179 in

2296 4211 2630 4281 aenigmate,
2686 4212 2889 4267 clamat
2939 4212 3160 4269 Moses?
3217 4215 3354 4270 Tum
3407 4228 3592 4273 autem
3640 4218 3728 4290 qui
3775 4232 3856 4272 vos

2295 4307 2596 4360 crassiores
2633 4305 2820 4371 sciret,
2869 4307 3171 4387 crassiores
3219 4310 3383 4363 etiam
3433 4313 3737 4367 solutiones
3778 4325 3856 4380 per

2296 4411 2449 4454 vates
2512 4397 2780 4453 adhibuit.
2849 4397 2991 4465 Quid
3062 4401 3204 4455 enim
3255 4402 3339 4457 his
3392 4401 3651 4459 Jeremiae
3701 4405 3858 4460 verbis

2296 4493 2546 4548 clarius?
2587 4510 2606 4545 ‹
2642 4492 2742 4547 llic
2766 4502 2851 4550 est
2883 4493 3025 4549 Deus
3053 4507 3263 4562 noster,
3293 4505 3348 4551 et
3377 4512 3482 4553 non
3514 4499 3856 4555 aestimabitur

2294 4585 2432 4640 alius
2483 4587 2747 4640 adversus
2791 4601 2938 4642 eum.
2989 4585 3088 4643 ilic
3140 4589 3421 4644 adinvenit
3471 4606 3691 4647 omnem
3735 4592 3854 4646 viam

2295 4680 2618 4746 disciplinac,
2672 4691 2727 4735 et
2778 4681 3002 4734 tradidit
3045 4680 3194 4735 illam
3231 4680 3403 4738 Jaeob
3449 4699 3619 4753 puero
3652 4699 3767 4748 suo,
3812 4691 3855 4735 et

2293 4771 2458 4827 lsrael
2488 4774 2687 4827 dilecto
2731 4789 2850 4829 suo.
2893 4773 3017 4828 Post
3049 4774 3163 4830 lucc
3198 4774 3249 4829 in
3287 4776 3449 4830 terris
3484 4776 3636 4830 visus
3680 4785 3773 4839 est,
3811 4780 3856 4826 et

2294 4881 2413 4919 cum
2451 4865 2758 4919 hominibus
2791 4877 3152 4922 conversatus
3183 4876 3263 4922 est
3295 4868 3363 4922 “.
3400 4886 3419 4919 ι
3456 4871 3563 4922 Aut
3595 4869 3702 4923 illis
3724 4867 3854 4922 Isaiae

2293 4959 2421 5026 quid
2449 4957 2665 5026 aptius?
2695 4975 2712 5008 ‹
2744 4955 2885 5010 Ecce
2908 4957 3069 5027 Virgo
3093 4959 3384 5027 concipiet,
3414 4967 3466 5013 et
3487 4959 3663 5026 pariet
3684 4957 3852 5017 lilium,

2291 5061 2345 5104 et
2390 5051 2671 5104 vocabitur
2723 5065 2920 5103 nomen
2981 5051 3100 5119 ejus
3170 5052 3486 5105 Ettnnanucl
3524 5054 3601 5114 “;
3643 5070 3659 5103 ι
3713 5049 3850 5120 quasi

2294 5151 2444 5203 dicas
2478 5167 2492 5203 :
2524 5146 2816 5202 Nobiscum
2854 5147 3018 5213 Detts,
3069 5161 3122 5203 et
3155 5167 3276 5221 qua:
3331 5152 3534 5223 reliqua
3586 5161 3710 5209 sunt
3751 5150 3851 5206 cla-

2295 5241 2443 5296 riora
2478 5255 2657 5295 vatum
2692 5244 2981 5310 praeconia.
3031 5243 3254 5298 Demum
3313 5247 3431 5316 ipse
3469 5262 3684 5316 quoque
3714 5256 3849 5299 ortus

2296 5334 2558 5390 Servatur
2588 5352 2602 5388 :
2643 5354 2661 5388 ι
2695 5336 2811 5389 Non
2847 5351 2964 5390 sum
3004 5338 3227 5401 missus,
3267 5339 3460 5409 inquit,
3512 5341 3614 5394 nisi
3647 5343 3710 5392 ad
3743 5351 3848 5405 per-

2294 5431 2435 5485 ditas
2474 5445 2604 5486 oves
2633 5430 2826 5485 domus
2856 5429 3019 5485 Israel
3047 5431 3111 5484 ".
3147 5449 3165 5483 ι
3208 5431 3458 5488 Proditus
3494 5449 3646 5498 vero,
3680 5442 3732 5486 et
3774 5443 3848 5484 se-

674 5567 695 5597 ⁹
723 5566 832 5646 lsa1
860 5581 935 5646 vt,
1105 5561 1330 5646 "Num.
1361 5581 1435 5632 χι,
1462 5563 1613 5620 6-29.
1691 5565 1729 5596 ¹¹
1770 5566 1904 5622 Gen.
1943 5584 2018 5638 tv,
2051 5572 2105 5627 4.
2182 5573 2224 5606 ¹²
2259 5573 2434 5646 lReg.
2472 5590 2589 5638 vnt,
2629 5573 2718 5628 '50.
2796 5573 2840 5604 ⁸³
2880 5573 3085 5630 Baruch
3154 5589 3236 5646 ιιι,
3268 5575 3361 5644 57,
3401 5575 3486 5633 '58.
3570 5575 3730 5633 "lsa.
3759 5590 3841 5641 vn,

607 5637 692 5692 14.
790 5638 834 5668 ⁸⁸
873 5636 1061 5690 Matth.
1096 5653 1185 5704 xv,
1217 5636 1308 5689 24.

684 5780 798 5852 (ιι)
860 5782 932 5837 De
964 5782 1316 5850 processione
1374 5778 1606 5849 Spiritus
1634 5778 1807 5835 sancti
1842 5780 2079 5849 loquitur
2106 5793 2296 5839 auctor
2317 5782 2440 5848 iste,
2471 5791 2527 5837 ut
2557 5782 2798 5840 Graecus.
