4082 6294
247 436 358 505 817

1338 440 1728 503 DIALOGUS
1765 439 2069 503 CONTRA
2106 442 2441 506 JUDIEOS.

3401 434 3509 504 818

254 554 463 625 pultus,
513 542 677 625 atque
720 554 1018 612 suscitatus
1044 595 1059 623 ,
1115 564 1229 613 tum
1274 557 1555 626 discipulis
1589 558 1832 630 gentium
1863 559 1911 616 Α
1938 568 2087 626 sunt,
2111 569 2272 630 atque
2294 576 2323 615 a
2347 558 2607 615 felicitate
2629 557 2813 615 alieni.
2833 556 3035 614 Horum
3060 556 3213 612 Isaac
3234 552 3508 621 duplicem

250 658 507 718 quoque-
528 648 888 705 eruditionem
931 651 1249 717 mandavit,
1299 652 1535 708 dicens:
1573 672 1592 705 ι
1637 652 1833 711 Euutes

254 741 454 794 docete
481 754 670 794 omnes
708 751 934 813 gentes,
982 741 1322 811 baptizantes
1370 760 1467 801 eos
1510 745 1565 800 in
1615 747 1833 802 nomine

254 826 440 883 Patris
472 840 528 887 et
583 829 707 888 Filii
753 840 812 888 et
861 834 1101 903 Spiritus
1134 837 1310 892 Sancti
1340 838 1406 892 “.
1446 856 1465 891 ι
1508 838 1565 893 Id
1606 839 1751 910 quod
1779 849 1834 896 et

256 920 575 981 Salomonis
612 925 878 995 sapientia
929 929 1221 996 praedixit:
1258 948 1279 982 ι
1314 929 1451 998 Quia
1500 932 1687 988 vocavi
1712 973 1727 998 ,
1776 941 1833 988 et

252 1014 569 1071 renuistis:
619 1020 948 1087 despexistis
987 1036 1145 1077 omne
1187 1024 1472 1079 consilium
1514 1040 1730 1092 meum,
1779 1034 1834 1081 et

255 1108 667 1177 lncrepationes
699 1128 847 1170 meas
878 1115 1233 1185 neglexistis;
1282 1132 1383 1188 ego
1411 1134 1627 1189 quoque
1662 1121 1713 1175 in
1746 1120 1833 1175 iu—

255 1203 426 1258 teritu
455 1214 640 1261 vestro
677 1208 885 1275 ridebo,
917 1220 972 1264 et
1003 1211 1377 1278 subsannabo,
1413 1226 1536 1265 cum
1570 1211 1728 1267 vobis
1757 1212 1830 1279 id,

252 1297 408 1364 quod
464 1298 757 1363 timebatis,
794 1301 1075 1355 advenerit
1099 1302 1163 1357 ι’.
1197 1320 1216 1353 ι
1264 1302 1451 1373 Itaque
1497 1303 1646 1358 varie
1692 1303 1834 1358 Deus

253 1387 423 1441 saluti
457 1400 655 1444 vestrae
703 1393 1059 1459 procurandae
1096 1394 1338 1457 studuit;
1370 1407 1545 1464 eoque
1590 1395 1830 1458 nomine,

251 1478 405 1548 quod
440 1483 749 1549 renueritis,
776 1494 968 1553 gentes
991 1500 1089 1543 vos
1118 1485 1487 1555 damnabunt;
1512 1487 1655 1557 quod
1680 1486 1831 1554 ipsae,

250 1568 568 1625 Judaorum
599 1573 945 1641 adiumentis,
985 1592 1109 1645 qua:
1149 1578 1291 1633 Deus
1326 1579 1454 1634 olim
1490 1596 1586 1652 per
1623 1581 1830 1646 Mosen,

255 1677 367 1730 qua
408 1663 463 1718 in
497 1665 720 1729 Genesi,
754 1682 857 1733 qua
893 1667 945 1721 in
973 1667 1179 1735 Exodo,
1219 1679 1279 1725 ut
1307 1671 1569 1738 diximus,
1599 1672 1834 1729 obscuro

258 1757 561 1824 proposuit,
600 1772 665 1811 ac
696 1768 811 1829 post
840 1760 1003 1815 etiam
1036 1762 1454 1821 dilucidioribus
1486 1776 1670 1822 vatum
1703 1783 1832 1824 ora-

252 1846 398 1901 culis
457 1852 720 1919 acceptis,
772 1851 1000 1921 justitiae
1051 1853 1232 1911 lumen
1282 1857 1827 1926 atlmiseruntzvos,

250 1951 486 2007 quorum
522 1956 687 1995 causa
722 1942 838 1997 haec
868 1946 1047 2000 omnia
1080 1948 1392 2019 conscripta
1421 1958 1569 2014 sunt,
1601 1952 1829 2021 quihus-

248 2045 365 2099 qne
396 2043 545 2087 vates
578 2049 738 2089 suum
770 2038 1089 2106 sanguinem
1112 2037 1391 2107 fuderunt,
1429 2056 1546 2108 vos,
1581 2043 1826 2115 inquam,

256 2124 465 2194 reiecto
509 2126 646 2192 sole,
682 2129 935 2185 tenebras
967 2144 1065 2199 pro
1110 2134 1334 2200 perenni
1380 2135 1501 2191 luce
1541 2136 1826 2207 elegistis;

249 2216 456 2285 quibus
504 2228 683 2274 tamen
735 2220 1109 2280 illuminandis
1164 2225 1280 2294 ipse
1338 2242 1554 2297 quoque
1612 2230 1828 2286 demum

248 2308 572 2379 unigenitus
606 2312 699 2368 Dei
742 2312 910 2370 Filius
950 2325 1007 2373 et
1048 2317 1142 2375 lux
1186 2326 1406 2376 eterna;
1440 2320 1618 2390 lucis,
1668 2338 1827 2379 suum

241 2414 474 2471 quoque
518 2405 839 2476 sanguinem
887 2405 1047 2465 fudit.

318 2490 444 2547 Jun.
476 2492 534 2548 Si
569 2510 699 2552 vere
737 2497 892 2554 nobis
919 2502 1201 2571 ostendes,
1248 2504 1456 2575 Mosen,
1484 2516 1594 2563 tum
1628 2509 1680 2564 in
1720 2509 1827 2566 Ge-

246 2587 390 2651 nesi,
427 2595 538 2641 tum
569 2588 623 2641 in
654 2588 844 2646 Exodo
874 2591 942 2648 de
970 2592 1055 2651 bis
1084 2594 1351 2664 locutum,
1387 2608 1443 2655 et
1479 2608 1657 2657 tecum
1703 2617 1828 2659 sen-

242 2678 473 2742 ciemus,
509 2689 563 2733 et
598 2682 904 2741 credemus.

320 2767 549 2825 CHRIST.
576 2772 631 2825 Si
665 2776 973 2830 crassiores
1007 2779 1395 2849 prophetarum
1419 2783 1826 2853 praedictiones,

240 2872 440 2932 aperte
470 2861 562 2918 Dei
593 2864 793 2921 Filium
825 2869 1213 2939 praedicantes,
1250 2875 1414 2929 vestri
1450 2875 1687 2946 majores
1719 2893 1824 2933 non

245 2954 578 3024 audierunt;
632 2959 883 3024 scilicet,
935 2961 1174 3018 Mosaica
1229 2967 1385 3023 vobis
1438 2970 1665 3038 scripta,
1705 2986 1826 3042 quae

248 3062 363 3101 non
417 3048 635 3116 palam,
693 3053 787 3107 sed
840 3052 1069 3111 obscure
1116 3057 1301 3115 omnia
1345 3061 1620 3131 produnt,
1671 3064 1825 3120 vobis

251 3139 450 3196 facient
484 3142 668 3199 Iidem.

846 3283 1078 3341 CAPUT
1118 3285 1236 3344 XII.

315 3393 430 3450 Cur
463 3394 601 3451 Deus
639 3413 836 3451 arcana
870 3399 995 3468 ﬁdei
1029 3400 1262 3458 homines
1298 3405 1454 3462 initio
1481 3407 1751 3465 celaverit.

313 3510 441 3567 Jun.
481 3508 548 3564 Et
573 3526 670 3567 cur
696 3522 878 3569 autem
912 3531 1016 3569 non
1048 3517 1263 3587 planius
1296 3524 1543 3590 aperuit?

316 3599 545 3655 Cumsr.
587 3601 718 3656 Erat
754 3614 869 3659 tum
918 3605 1399 3678 intempestivum,
1451 3622 1509 3668 ut
1556 3615 1825 3687 dicebam,

234 3692 297 3749 id
331 3693 586 3763 prodere.
624 3693 760 3750 Nam
791 3697 835 3753 si
870 3698 937 3754 de
965 3698 1296 3759 Cherubinis
1347 3714 1511 3775 atque
1564 3707 1827 3780 Seraphi-

235 3785 364 3857 nis,
412 3795 578 3855 atque
608 3787 758 3842 omni
806 3789 1019 3847 cmicsti
1072 3795 1332 3851 satellitio
1377 3799 1639 3870 propheta
1690 3803 1827 3859 nihil

242 3878 513 3949 prodidit,
546 3894 681 3950 quas
717 3894 800 3936 res
844 3885 985 3953 apud
1021 3900 1081 3941 se
1125 3888 1409 3958 explorate
1449 3894 1699 3964 cognitas
1728 3897 1829 3951 ha-

239 3970 422 4037 beret,
457 3971 552 4026 sed
601 3987 667 4028 ex
704 3976 1154 4046 aspectabilibus,
1206 3980 1309 4037 sub
1336 3997 1663 4056 sensumque
1699 3988 1829 4044 sub-

232 4062 409 4134 jectis
443 4064 653 4135 erigere
685 4081 786 4122 nos
814 4070 1051 4139 primum
1087 4071 1153 4127 ad
1194 4072 1290 4129 Dei
1336 4074 1584 4132 notitiam
1617 4080 1820 4147 voluit;

239 4165 456 4224 quanto
507 4159 679 4229 magis
734 4162 801 4217 de
862 4164 1122 4232 perenni,
1188 4174 1244 4220 et
1301 4170 1560 4238 temporis
1605 4182 1825 4243 experte

241 4247 540 4319 Trinitate,
578 4243 825 4308 aut'Filii
861 4255 1415 4331 incarnatione‘lqua
1444 4273 1499 4318 et
1531 4273 1610 4318 tot
1643 4274 1820 4321 vatum

240 4340 468 4397 iudieiis
515 4344 820 4415 patefacta,
871 4356 922 4404 et
965 4364 1128 4420 porro
1172 4354 1413 4410 exhibita
1447 4370 1512 4412 ae
1556 4357 1819 4430 perfecta,

239 4430 517 4489 hactenus
556 4449 587 4489 a
632 4434 784 4492 vobis
824 4448 1070 4507 negatur.
1129 4441 1232 4496 Sed
1271 4443 1525 4499 nimirum
1562 4461 1822 4517 quaecun-

237 4540 375 4595 que,
431 4534 491 4581 ut
544 4526 780 4594 aiebam,
817 4528 1106 4587 obscurius
1154 4533 1310 4599 dixit,
1361 4536 1570 4593 duabus
1622 4532 1705 4595 his
1754 4544 1821 4598 de

236 4616 429 4671 causis
488 4617 660 4673 fecit:
703 4626 816 4675 tum
875 4629 934 4675 ut
999 4622 1177 4678 divina
1233 4639 1292 4680 se
1352 4627 1544 4684 notitia
1600 4631 1817 4702 plenum

237 4710 601 4778 ostenderet;
661 4720 774 4768 tum
838 4722 897 4770 ut
954 4716 1044 4786 qui
1103 4730 1225 4786 post
1277 4735 1335 4776 se
1387 4722 1579 4779 eodem
1622 4728 1820 4797 spiritu

238 4812 435 4857 essent
479 4803 681 4870 allecti,
723 4818 787 4862 ex
820 4807 1121 4878 mitigtuatis
1154 4814 1219 4865 ad
1267 4812 1512 4868 divinum
1565 4817 1818 4885 splendo-

238 4910 362 4949 rem
396 4893 752 4966 erigerentur.
806 4896 992 4968 Itaque
1043 4900 1437 4961 infruCtuosutn
1490 4906 1564 4962 sit
1613 4922 1675 4964 ea
1725 4925 1820 4968 vos

238 4986 467 5042 docere.

316 5079 440 5136 Jun.
472 5081 585 5137 Iino
614 5099 740 5138 vero
775 5099 1046 5155 rogamus,
1079 5088 1284 5143 dissere
1329 5090 1484 5146 nobis
1531 5107 1596 5147 ea
1624 5133 1638 5158 ,
1693 5112 1814 5166 quae

241 5184 473 5232 suntex
504 5176 654 5231 Mose
687 5178 992 5248 desumpta.
1034 5178 1166 5234 Nam
1214 5192 1267 5236 et
1307 5182 1602 5253 principem
1646 5201 1675 5240 a
1711 5189 1817 5244 Deo

238 5280 425 5323 vatem
457 5266 644 5323 Mosen
674 5270 1005 5339 accepimus,
1042 5279 1096 5324 et
1129 5271 1174 5327 is
1209 5288 1274 5326 ex
1311 5271 1545 5345 Egypto
1597 5278 1820 5334 eductos

238 5362 300 5416 in
335 5359 427 5415 Dei
462 5361 707 5414 notitiam
743 5361 977 5418 induxit.

316 5452 543 5508 Cantsr.
580 5450 748 5522 Igitur
777 5469 805 5506 a
844 5455 1019 5524 primo
1066 5455 1157 5509 Dei
1208 5464 1425 5512 amante
1474 5458 1709 5529 homine,
1760 5462 1811 5518 id

239 5554 351 5609 cat,
386 5545 719 5613 Abrahamo,
752 5548 1052 5601 ordiamur.
1089 5546 1150 5601 Ei
1191 5550 1296 5603 duo
1324 5561 1478 5605 erant
1510 5552 1643 5619 nati,
1672 5570 1813 5611 unus

239 5654 312 5693 ex
346 5638 568 5707 ancilla,
594 5639 735 5694 alter
762 5654 830 5695 ex
858 5640 1050 5695 libera.
1081 5638 1215 5695 Nam
1245 5645 1425 5698 caeteri
1453 5644 1571 5699 sine
1598 5647 1817 5704 nomine

316 5841 362 5876 ’⁸
403 5841 596 5915 ῌειιιιι.
631 5857 818 5915 xxvrn,
853 5844 936 5899 19.
1015 5847 1058 5879 ¹⁷
1099 5846 1255 5901 Prov.
1289 5864 1327 5913 ι,
1358 5848 1450 5915 2i,
1480 5849 1571 5905 25.

1667 5852 1711 5885 ⁸⁸
1750 5851 1891 5909 Osee
1937 5869 1975 5919 ι,
2020 5852 2074 5909 2.

242 5929 382 5976 xm,
411 5913 466 5969 9.
546 5913 588 5946 ³⁹
627 5915 755 5970 ibid.
800 5914 881 5974 ιῖ.
960 5917 1004 5949 ³³
1044 5919 1177 5975 ibid.
1216 5922 1302 5975 I9.
1377 5913 1595 5978 "Gen.
1636 5938 1746 5985 xw.
1793 5925 1845 5983 4.

1936 652 2103 724 gessit
2154 653 2384 724 figuram
2420 666 2436 706 :
2472 665 2633 706 unam
2688 649 2881 706 ordine
2935 647 3229 713 nascendi;
3277 643 3507 699 electum

1935 761 2000 800 ex
2045 745 2297 817 gentibus
2320 744 2573 815 pepulum
2595 784 2611 810 ,
2664 742 2885 798 Christo
2924 742 3264 796 adhaesurum
3300 736 3506 791 refere-

1935 838 2064 904 bat;
2095 837 2255 894 modo
2283 846 2465 892 autem
2493 837 2771 902 nascendi,
2801 846 2857 889 et
2884 832 3275 898 immolatione,
3296 826 3501 885 Christi

1936 929 2149 986 Domini
2190 931 2531 986 nativitatem
2566 938 2620 984 et
2670 939 2897 989 mortem
2954 925 3258 997 figurabat:
3315 920 3509 977 Ismael

1933 1033 2122 1079 contra
2156 1034 2341 1096 typum
2375 1022 2647 1094 expressit
2698 1020 2937 1076 Judalcae
2978 1016 3155 1089 gentis
3189 1034 3203 1071 :
3236 1025 3401 1084 atque
3451 1011 3507 1068 id

1933 1132 2123 1172 verum
2160 1132 2302 1182 esse,
2335 1117 2461 1171 audi
2490 1115 2658 1171 Deum
2690 1113 2830 1170 Osee
2864 1112 3208 1167 mandantem
3239 1126 3254 1163 :
3289 1126 3308 1160 ‹
3342 1106 3509 1161 Sume

1935 1208 2033 1263 tibi
2064 1222 2290 1262 uxorem
2330 1206 2781 1269 fornicationum.
2819 1214 2873 1261 et
2904 1203 2988 1259 fac
3031 1203 3139 1273 tibi
3169 1200 3307 1255 filios
3334 1196 3509 1254 forni-

1933 1297 2213 1353 cationum
2249 1316 2264 1353 :
2306 1297 2432 1366 quia
2488 1296 2763 1353 fornicans
2794 1294 3152 1350 fornieabitur
3180 1288 3509 1345 universitas

1931 1388 2240 1445 Iudaeorum
2268 1404 2297 1444 a
2325 1388 2555 1444 Domino
2581 1389 2646 1453 η,
2675 1387 3030 1459 quamobrem
3064 1400 3167 1440 non
3199 1397 3335 1437 uxor
3362 1395 3503 1446 mea,

1931 1489 1987 1537 et
2016 1494 2117 1550 ego
2148 1496 2253 1537 non
2282 1481 2367 1537 vir
2393 1480 2509 1552 ejus
2539 1480 2605 1534 ι’.
2640 1500 2657 1533 ι
2690 1479 2897 1546 Quibus
2924 1477 3105 1533 verbis
3136 1473 3503 1531 sacerdotium

1933 1587 2151 1644 quoque
2203 1573 2579 1643 abrogandum
2626 1571 2905 1625 innuebat.
2947 1568 3080 1624 Cum
3128 1569 3275 1622 enim
3327 1579 3506 1620 mere-

1936 1667 2124 1722 tricata
2155 1675 2304 1722 esset
2338 1663 2707 1737 (Synagoga),
2738 1661 2967 1717 multata
3001 1670 3085 1716 est
3125 1674 3292 1730 regno
3323 1666 3378 1711 et
3409 1671 3502 1714 sa-

1933 1756 2178 1813 cerdotio
2205 1765 2329 1828 post
2353 1754 2560 1812 Christi
2586 1756 2901 1821 adventum,
2935 1752 3033 1824 qui
3057 1752 3312 1823 princeps
3341 1762 3503 1805 verus

1933 1859 2021 1908 est
2047 1857 2212 1921 atque
2240 1858 2445 1907 rector.

2513 1940 2742 1998 CAPUT
2782 1939 2923 1998 XIII.

2235 2056 2486 2114 Iudaica
2520 2056 2690 2127 gentis
2730 2072 2761 2110 a
2808 2056 2911 2109 Deo
2946 2053 3188 2123 defectio.

2005 2177 2170 2246 Igitur
2200 2175 2243 2232 si
2278 2190 2382 2231 non
2404 2184 2490 2231 est
2511 2174 2576 2229 iis
2598 2170 2980 2235 sacerdotium,
3000 2178 3058 2223 ut
3082 2176 3226 2225 certe
3258 2182 3361 2222 non
3394 2174 3499 2233 est,

1931 2271 2153 2327 evidens
2172 2277 2256 2325 est
2287 2283 2380 2323 eos
2410 2265 2767 2321 nteretricari.
2791 2264 2921 2317 Nam
2950 2277 3177 2327 quorum
3211 2260 3503 2330 illegitimae

1930 2370 2057 2418 sunt
2089 2360 2310 2431 nuptia',
2342 2359 2378 2414 ii
2416 2358 2736 2414 adulterium
2759 2354 3124 2411 committunt.
3144 2351 3296 2420 Quod
3324 2353 3365 2408 si
3387 2353 3500 2422 jaut

1928 2468 2120 2510 omnes
2168 2452 2531 2515 fornicamur,
2580 2457 2742 2518 atque
2769 2462 2835 2503 ex
2885 2444 3150 2502 adulterio
3178 2454 3499 2511 nascuntur,

1929 2562 2117 2603 omnes
2149 2547 2321 2616 spurii
2354 2554 2498 2600 sunt.
2555 2561 2574 2595 ι
2618 2544 2689 2598 De
2723 2552 2907 2598 scorto
2955 2551 3133 2595 autem
3193 2549 3374 2605 natus,
3423 2540 3503 2594 ait

1928 2640 2092 2697 Musis
2123 2640 2231 2705 lex,
2266 2654 2375 2695 non
2414 2637 2750 2708 ingredietur
2786 2635 3083 2693 Ecclesiam
3136 2634 3350 2690 Domini
3375 2635 3442 2688 ‘°.
3473 2650 3497 2686 ι

2001 2732 2194 2802 Operae
2227 2731 2457 2803 pretium
2500 2737 2583 2785 est
2632 2740 2814 2785 autem
2866 2741 3128 2798 quaerere,
3176 2740 3276 2782 cur
3319 2740 3348 2781 a
3390 2726 3501 2781 Deo

1931 2826 2106 2883 foedus
2132 2823 2568 2881 circumcisionis
2597 2833 2812 2892 paetum
2846 2821 2916 2877 sit
2949 2820 3002 2875 in
3036 2820 3283 2885 lsmaele,
3314 2827 3368 2875 et
3394 2834 3500 2875 non

1929 2923 1982 2977 in
2009 2919 2206 2975 lsaae?
2236 2918 2348 2988 Ego
2384 2915 2593 2972 afﬁrmo
2620 2931 2839 2972 causam
2877 2916 3066 2982 fuisse,
3095 2916 3236 2985 quod
3265 2916 3500 2971 circum-

1929 3013 2065 3070 cisio
2093 3020 2214 3067 erat
2241 3010 2483 3067 desitura
2515 3027 2531 3065 :
2564 3018 2728 3079 atque
2774 3008 2826 3064 id
2876 3023 3061 3064 verum
3114 3022 3254 3073 esse,
3301 3022 3365 3062 ex
3411 3006 3496 3063 his

1929 3106 2025 3162 Dei
2072 3105 2140 3161 ad
2187 3105 2555 3161 Abrahamum
2610 3102 2793 3158 verbis
2856 3110 3077 3171 apparet
3120 3118 3133 3155 :
3186 3120 3205 3153 σ
3242 3101 3320 3155 Tu
3367 3114 3497 3172 ergo

1926 3198 2204 3255 custodies
2239 3204 2454 3267 pactum
2500 3209 2677 3249 meum
2712 3203 2766 3248 et
2791 3207 2974 3247 semen
3005 3201 3153 3246 tuum
3190 3198 3312 3259 post
3359 3201 3407 3245 te
3441 3189 3507 3245 in-

1929 3288 2372 3363 generationibus
2396 3287 2509 3343 suis
2533 3288 2603 3345 ιι.
2633 3305 2653 3340 ι
2681 3283 2748 3340 Et
2774 3286 3007 3341 iterum:
3042 3302 3060 3335 ι
3091 3283 3262 3339 Omne
3286 3296 3504 3338 masch

1929 3382 2097 3437 linum
2131 3383 2185 3437 in
2231 3380 2670 3453 generationibus
2712 3377 2906 3432 vestris
2946 3375 3502 3431 circumsidetur"...

1927 3472 2004 3530 De
2046 3475 2200 3531 Isaae
2248 3485 2429 3529 autem
2488 3487 2595 3527 non
2646 3471 2722 3526 ita
2777 3469 2919 3525 Deus
2985 3469 3307 3539 paciscitur;
3356 3468 3493 3525 sed:

1931 3586 1951 3620 ι
1990 3568 2328 3624 Constituam
2385 3576 2600 3635 pactum
2636 3580 2815 3619 meum
2849 3563 2922 3618 illi
2970 3563 3025 3617 in
3079 3561 3256 3618 fmdus
3302 3561 3499 3631 sempi-

1927 3671 2143 3715 ternum
2170 3659 2242 3713 ¹⁸.
2272 3677 2291 3711 ι
2328 3657 2649 3719 Observato,
2684 3663 2740 3710 ut
2766 3649 3001 3719 Ismaeli,
3028 3654 3120 3725 qui
3155 3654 3511 3725 Synagogam

1927 3754 2130 3809 referre
2182 3761 2433 3821 putatur,
2482 3750 2683 3821 quippe
2728 3749 3102 3819 primigenius,
3154 3748 3517 3801 ﬁrmaturum

1926 3856 1985 3900 se
2043 3843 2218 3899 ftedus
2267 3844 2527 3899 duratura
2586 3842 2702 3913 ejus
2753 3842 3069 3912 posteritate
3114 3840 3497 3911 repromittat;

1927 3952 2053 3993 cum
2083 3936 2238 3992 Isaac
2275 3950 2425 4001 vero,
2464 3934 2555 4005 qui
2585 3948 2785 3990 novum
2827 3932 3085 4003 populum
3117 3938 3496 4001 repraesentat,

1925 4031 2316 4099 sempiternum
2361 4027 2484 4083 iniit
2529 4026 2726 4083 lmdus.
2769 4044 2789 4078 t
2818 4024 3026 4080 Ancilla
3073 4022 3391 4103 concepisse
3437 4035 3498 4077 se

1927 4123 2118 4177 videns
2150 4160 2167 4186 ,
2232 4119 2477 4190 despexit
2511 4118 2784 4174 dominam
2825 4132 2978 4173 suam
3024 4116 3106 4183 “;
3145 4136 3162 4168 ι
3209 4116 3496 4187 Synagoga

1924 4215 2157 4279 scilicet,
2189 4222 2412 4283 accepta
2442 4212 2580 4281 lege,
2631 4226 2694 4267 ac
2726 4213 2888 4283 bysso
2914 4224 3276 4282 purpuraque,
3305 4224 3495 4279 regno,

1926 4311 2172 4380 inquam,
2212 4322 2279 4362 ac
2311 4305 2471 4362 simul
2514 4305 2827 4376 pontificatu
2875 4314 3087 4369 ornata,
3125 4304 3308 4359 heram
3359 4318 3496 4359 con-

1926 4400 2148 4469 tempsit
2204 4413 2403 4465 suam,
2460 4412 2676 4452 manum
2730 4406 2918 4451 contra
2964 4397 3054 4451 Dei
3105 4395 3494 4464 omnipotentis

1923 4495 2265 4566 majestatem
2308 4500 2365 4548 et
2411 4492 2657 4547 dextram
2702 4489 2952 4557 sustulit;
3009 4488 3236 4559 ejusque
3286 4487 3493 4543 vultum

1849 4604 1895 4660 ι)
1923 4589 2143 4644 omnino
2195 4584 2431 4656 effugere
2476 4585 2794 4650 conabatur,
2825 4583 2953 4638 dum
3008 4600 3027 4632 ι
3062 4583 3309 4637 occidere
3364 4575 3495 4653 pro-

1927 4676 2136 4747 phetas,
2169 4685 2225 4730 et
2258 4674 2498 4745 lapidare
2526 4672 2593 4729 ad
2632 4688 2689 4729 se
2726 4674 2921 4729 missos
2953 4672 3270 4729 moliebatur
3290 4673 3358 4729 ".
3394 4688 3419 4725 ι

2514 4787 2740 4845 CAPUT
2777 4786 2916 4845 XIV.

2185 4906 2528 4974 Comparalio
2563 4902 2855 4975 Synagogm
2890 4913 2936 4962 et
2975 4906 3228 4975 gentium.

1995 4998 2304 5067 Praepotens
2352 5009 2531 5053 autent
2586 4997 2729 5051 Deus
2779 4996 2984 5051 exsiliis
3021 4996 3117 5067 (ut
3163 5012 3282 5068 quae
3317 4998 3495 5069 primo

1924 5104 2118 5166 sponte
2151 5093 2395 5165 fugisset)
2430 5090 2768 5163 Syuagogam
2798 5090 2940 5145 male
2974 5091 3231 5159 inultans,
3271 5096 3488 5149 tandem

1926 5189 2073 5243 velut
2107 5187 2359 5242 ancillam
2412 5189 2598 5241 durius
2636 5185 2897 5249 habitam,
2933 5185 3197 5255 propitius
3232 5201 3325 5255 per
3362 5202 3489 5257 pro-

1922 5281 2115 5350 phetas
2144 5278 2306 5348 jussit
2334 5277 2401 5332 ad
2438 5278 2621 5333 heram
2655 5292 2836 5341 suam,
2859 5276 2911 5329 id
2934 5286 3037 5342 est,
3061 5276 3487 5348 Hierosolymam

1925 5372 2219 5435 reverti",
2272 5380 2325 5425 et
2360 5370 2479 5439 ejus
2530 5384 2589 5425 se
2636 5368 2813 5422 manui
2850 5368 3205 5433 submittere;
3261 5369 3489 5423 adorare

1924 5464 2169 5517 videlicet
2212 5463 2262 5516 in
2305 5461 2580 5516 Bethleem
2615 5471 2819 5524 natum,
2856 5466 2909 5514 et
2939 5458 3279 5515 Servatorem
3320 5460 3486 5515 Deum

1923 5557 2196 5611 Christum
2230 5555 2491 5610 conﬁteri.
2531 5553 2776 5625 Cumque
2809 5568 3023 5609 reversa
3066 5554 3343 5624 Synagoga
3377 5568 3486 5608 non

1927 5646 2084 5703 modo
2120 5662 2223 5701 non
2252 5646 2621 5711 conﬁteretur,
2660 5644 2751 5701 sed
2784 5644 2946 5700 etiam
2979 5646 3149 5711 Isaac,
3176 5660 3269 5699 seu
3296 5661 3492 5703 ret-ens

2155 5853 2196 5886 "
2235 5852 2372 5911 Osee
2404 5870 2461 5913 tt.
2497 5854 2552 5908 2.
2651 5853 2697 5886 ¹⁶
2738 5851 2893 5905 Deut.
2928 5868 3081 5914 xxttt,
3127 5850 3182 5904 2.
3261 5852 3301 5883 “
3343 5848 3479 5908 Gctt.

1941 5928 1993 5979 4.
2070 5925 2114 5955 ³³
2154 5923 2343 5979 Matth.
2388 5940 2541 5986 xxiii.
2591 5926 2681 5981 57'.
2721 5924 2765 5956 "
2803 5922 2940 5979 Gen.
2986 5936 3097 5987 xvt,
3140 5922 3196 5978 9.
