4082 6294
553 407 660 476 819

1765 425 2190 490 ANDRONICI
2233 427 2581 501 COMNENI

3719 457 3824 523 820

552 535 747 584 natum
797 529 1074 590 Christum
1137 536 1423 608 illnd‘eret,
1484 556 1607 598 eum
1663 552 1788 615 post
1847 544 2135 616 chlamyde
2163 541 2210 597 Δ
2239 554 2686 621 compereunem,
2725 575 2792 617 ac
2820 572 2951 620 natu
2983 569 3269 637 aequalem,
3324 571 3568 644 mihique
3605 573 3813 630 charis-

551 622 833 690 amiciret,
868 636 925 682 et
981 639 1290 688 contextam
1349 649 1380 691 e
1431 637 1606 708 spinis
1660 650 1913 695 coronam
1967 640 2132 710 capiti

521 713 891 787 imponeret;
933 731 1044 778 tum
1079 740 1207 782 vero
1238 728 1446 784 audivit
1489 731 1772 789 Christum
1804 735 1871 789 ad
1914 734 2132 790 Patrem

546 824 706 866 suum
740 815 1064 874 clamantem
1097 836 1112 875 :
1150 841 1168 875 α
1206 823 1353 893 Ejice
1386 826 1662 894 ancillam,
1709 829 1760 884 id
1827 839 1911 885 est
1952 830 2132 901 Syna-

546 919 762 975 gogam,
799 910 867 964 de
895 911 1057 967 domo
1081 929 1221 981 mea,
1255 933 1320 972 ne
1347 919 1477 974 mihi
1505 923 1629 978 thus
1655 923 1906 989 adolent;
1948 940 2125 994 neque

545 999 693 1054 enim
723 1003 937 1060 ancilla:
971 1005 1115 1065 ﬁlius
1145 1011 1250 1066 erit
1281 1011 1453 1069 haeres
1482 1031 1606 1070 cum
1641 1016 1750 1072 ﬁlio
1779 1019 1966 1075 liberte
1989 1023 2072 1088 ";
2105 1040 2125 1074 ι

543 1110 673 1150 nam
729 1114 885 1169 aeque
930 1101 1103 1160 Judmi
1149 1118 1314 1178 atque
1361 1120 1555 1182 gentes
1605 1124 1855 1185 paratum
1907 1134 2129 1190 regnum

461 1189 464 1192 ’
542 1193 942 1262 possidebunt;
979 1213 1211 1269 quorum
1252 1202 1328 1258 illi
1358 1205 1659 1273 Christum,
1707 1223 1802 1264 ceu
1855 1189 2131 1266 facinoro-

540 1300 660 1338 sum
700 1287 752 1341 in
783 1304 998 1346 crucem
1032 1307 1295 1364 egerunt;
1338 1307 1528 1368 gentes
1579 1315 1706 1357 vero
1755 1318 1879 1358 cum
1923 1301 2130 1360 facino-

539 1382 682 1437 rosis
714 1385 1038 1442 cruciﬁxutn
1070 1393 1431 1461 conspicatae,
1466 1394 1637 1451 Deum
1672 1397 1938 1455 confessae
1976 1409 2125 1455 sunt.

1132 1527 1363 1587 CAPUT
1416 1530 1534 1588 XV.

706 1635 839 1693 Filii
878 1651 931 1696 et
968 1659 1050 1700 res
1089 1643 1385 1702 Abrahami
1419 1666 1536 1704 cum
1575 1652 1684 1707 Deo
1717 1655 1948 1712 collatae.

608 1751 785 1824 Atque
817 1769 881 1812 ea
931 1758 1150 1828 quidem
1200 1760 1256 1816 in
1313 1770 1440 1835 typo
1487 1763 1836 1838 Synagogae,
1893 1771 1946 1827 id
2003 1783 2123 1838 est,

2239 643 2458 713 simum,
2495 660 2727 722 corpore
2755 667 2973 727 propter
3010 659 3289 718 hominum
3320 643 3553 722 salutem
3590 667 3816 723 mactari

2237 736 2426 795 volens
2462 743 2660 811 patior.
2712 743 2844 804 Illud
2900 767 3030 808 vero
3078 755 3298 826 (lignum
3353 760 3655 827 quaestione
3691 771 3817 815 est.

2236 844 2336 886 cur
2369 832 2683 896 Abrahamo
2712 856 2854 914 saepe
2881 847 3073 905 hostiis
3103 862 3351 920 Operato,
3383 852 3564 909 locum
3598 854 3648 910 ei
3675 853 3821 911 Deus

2235 939 2344 979 non
2405 931 2677 1000 ostendit;
2744 936 2797 991 in
2856 937 3028 995 lsaaci
3093 942 3467 1002 immolatione
3515 946 3816 1017 praecepit:

2242 1036 2263 1071 ι
2302 1018 2451 1078 Vade
2484 1027 2535 1080 in
2569 1037 2769 1084 terram
2809 1032 3058 1099 visionis,
3112 1052 3276 1109 super
3307 1056 3474 1096 unum
3524 1041 3819 1104 montium.

2234 1135 2398 1190 quem
2433 1135 2812 1186 monstravero
2843 1132 2940 1188 tibi
2966 1134 3033 1190 ".
3065 1155 3084 1189 ι
3121 1136 3278 1192 Illum
3328 1138 3506 1209 ipsum
3531 1178 3548 1204 ,
3577 1139 3820 1212 'Opinor,

2234 1215 2411 1272 locum
2444 1218 2493 1276 ei
2535 1221 2795 1281 Dominus
2824 1229 3086 1298 ostendit,
3132 1234 3186 1286 in
3227 1249 3334 1303 quo
3368 1250 3522 1290 meus
3552 1235 3824 1291 Dominus

2231 1311 2636 1383 cruciﬁgendus
2664 1329 2804 1377 erat.
2851 1318 2986 1379 Nam
3022 1323 3375 1386 Palaestinam
3419 1328 3596 1388 solum
3647 1344 3824 1400 prope

2233 1403 2729 1481 Hierosolymorum
2768 1415 2902 1474 ﬁnes
2935 1419 3169 1490 atljacct.

2816 1556 3045 1615 CAPUT
3083 1560 3227 1618 XVI.

2267 1661 2378 1718 Cur
2410 1665 2465 1721 in
2496 1681 2669 1725 monte
2698 1671 3005 1740 sacriﬁcare
3035 1676 3301 1730 Abt-altum
3335 1676 3505 1745 ﬁlium
3529 1677 3771 1748 iubetur.

2299 1777 2456 1836 Mane
2490 1797 2721 1857 surgens
2750 1784 3114 1856 Abrahamus,
3144 1786 3377 1848 asinum
3426 1794 3644 1850 sternit.
3678 1796 3814 1851 Asi-

534 1843 764 1902 lsmaele
793 1857 922 1904 sunt
955 1860 1174 1923 peracta
1205 1855 1288 1923 ²⁸;
1323 1855 1442 1914 haec
1471 1868 1653 1916 autem
1679 1864 1732 1917 in
1766 1862 1954 1933 Isaac,
1997 1869 2117 1922 novi
2145 1890 2195 1952 Β
2229 1888 2356 1928 num
2390 1843 2617 1943 quidem
2651 1874 3017 1948 Abrahamus,

536 1942 720 2010 populi
773 1944 966 2016 ﬁgura,
1027 1948 1261 2018 primum
1315 1952 1442 2022 quia
1491 1969 1554 2010 ex
1607 1955 1782 2012 sterili
1836 1958 2016 2027 eﬁ‘eta,
2065 1970 2118 2017 et

536 2039 827 2108 grandaeva
856 2049 1040 2098 natus.
1071 2042 1208 2101 Nam
1233 2046 1362 2118 quia
1385 2063 1453 2104 ex
1491 2048 1706 2122 Virgine
1733 2053 1879 2110 nasci
1911 2055 2118 2112 homini

533 2146 641 2186 non
699 2145 786 2189 est
817 2143 1154 2208 concessum}
1201 2143 1383 2212 (quod
1431 2143 1577 2201 Deus
1616 2146 1963 2220 privilegium
2011 2151 2115 2208 sibi

532 2235 593 2280 ut
633 2227 827 2298 ingens
869 2229 1147 2301 quiddam,
1197 2244 1251 2291 et
1301 2251 1627 2295 arcanorum
1678 2251 1843 2314 atque
1877 2245 2116 2303 admira-

529 2318 721 2376 bilium
745 2326 989 2408 maxime
1011 2325 1332 2386 admirabile
1356 2339 1412 2386 et
1435 2347 1696 2389 arcanum
1728 2341 2112 2413 consecravit),

528 2416 819 2480 oportebat
875 2404 1111 2490 aliquem
1172 2431 1355 2496 typum
1421 2435 1587 2499 atque
1637 2431 1885 2488 umbram
1949 2404 2112 2505 hujus

531 2512 784 2568 veritatis
816 2530 882 2570 ex
911 2513 1070 2573 effeta
1104 2521 1256 2574 nasci
1293 2520 1628 2580 Abrahamo.
1669 2524 1810 2593 Quin
1856 2537 1913 2584 et
1945 2530 2110 2586 verba

525 2603 692 2660 etiam
720 2607 919 2664 similia
956 2620 1106 2678 sunt,
1156 2630 1276 2686 quae
1317 2615 1393 2673 de.
1412 2616 1616 2673 Christi
1649 2619 1934 2678 nativitate
1964 2623 2112 2680 dice-

520 2697 744 2768 bantur,
785 2710 996 2775 etquae
1033 2705 1098 2762 de
1129 2705 1284 2764 Isaac
1334 2711 1735 2780 praecedebant.
1777 2713 1946 2786 igitur
1997 2718 2109 2775 illic

517 2790 663 2848 Deus
692 2810 706 2848 :
747 2814 767 2848 r
795 2794 976 2864 Quare
1009 2799 1130 2854 risit
1161 2799 1297 2858 Sara
1327 2805 1350 2859 ἲ
1383 2809 1626 2879 nunquid
1659 2808 1773 2866 Deo
1809 2811 2106 2884 quidquam

519 2892 606 2940 est
639 2885 856 2945 diﬁicile
884 2889 971 2966 i'?
1000 2910 1020 2945 ι
1066 2890 1167 2949 Hic
1198 2894 1424 2954 Gabriel
1457 2899 1665 2971 Virgini
1700 2918 1716 2956 :
1752 2920 1772 2956 ‹
1809 2903 1943 2971 Quia
1999 2921 2104 2961 non

515 2979 624 3035 erit
689 2980 1024 3054 impossibile
1079 2990 1220 3057 apud
1273 2989 1444 3048 Deum
1497 3009 1658 3052 omne
1723 2997 1946 3053 verbum
1973 2999 2038 3053 ³ο.
2077 3018 2096 3054 ι

516 3072 676 3133 Illic:
711 3095 730 3130 ί
766 3075 1074 3143 Revertens
1109 3083 1325 3139 veniam
1364 3086 1431 3141 ad
1486 3095 1539 3142 te
1593 3097 1838 3160 tempore
1873 3093 2007 3160 isto;
2049 3103 2106 3150 et

515 3166 738 3223 habebit
763 3167 928 3225 ﬁlium
966 3170 1126 3239 Sara,
1164 3189 1302 3230 uxor
1332 3187 1424 3233 tua
1454 3179 1520 3235 ".
1558 3197 1579 3234 ι
1621 3181 1765 3239 llic:
1806 3203 1825 3238 t
1860 3183 2099 3255 Spiritus

516 3270 742 3320 sanctus
765 3264 1116 3335 superveniet
1137 3267 1194 3340 in
1221 3279 1311 3338 te;
1336 3280 1393 3327 et
1413 3259 1590 3332 virtus
1613 3275 1881 3334 Altissimi
1905 3279 2100 3335 obum-
2123 3255 2168 3314 θ

515 3357 698 3414 brabit
732 3358 826 3415 tibi
856 3359 923 3416 ⁸³.
959 3377 979 3413 ι
1020 3358 1219 3420 Notate
1263 3379 1420 3432 sane,
1483 3355 1548 3424 ut
1587 3377 1710 3439 post
1753 3370 2095 3443 digressum,

515 3463 828 3524 sancteque
878 3453 1167 3528 Trinitatis
1217 3459 1535 3530 hospitium,
1590 3462 1762 3523 lsaaci
1804 3477 2098 3539 conceptus

509 3545 584 3602 sit
627 3556 980 3606 consecutus.
1027 3548 1149 3619 Quo
1194 3553 1364 3621 edito,
1408 3569 1514 3610 non
1563 3557 1677 3628 jam
1733 3558 2008 3618 Abraham
2065 3579 2094 3619 a

516 3639 628 3694 Deo
658 3641 892 3709 audivit,
945 3644 1088 3713 quod
1137 3643 1203 3700 de
1245 3643 1481 3704 Ismaele
1525 3647 1856 3708 ﬁrmandum
1907 3669 2094 3712 secum

508 3735 692 3792 l'mdus
746 3738 1006 3794 duratura
1053 3738 1171 3808 ejus
1219 3743 1577 3815 posteritate;
1633 3751 1728 3803 sed
1778 3760 1986 3822 patrem
2034 3768 2095 3810 se

509 3831 806 3884 multarum
841 3832 1086 3902 gentium
1117 3832 1370 3892 eﬁ'ectum
1409 3837 1498 3906 iri,
1532 3839 1736 3911 ingenti
1768 3843 1972 3904 sobolis
2005 3847 2094 3904 in-

508 3933 795 3982 cremento
821 3932 1066 3995 auctum,
1110 3927 1286 3987 lmdus
1320 3940 1501 3990 autem
1539 3950 1663 3991 cum
1705 3936 1894 3996 lsaaco
1931 3952 2092 3998 teter-

511 4032 642 4071 num
678 4016 1067 4089 paciscendum
1092 4017 1160 4078 ⁸⁸.
1203 4040 1221 4074 ι
1264 4023 1474 4081 Videtis
1508 4024 1812 4101 Synagogae
1855 4033 2091 4107 abroga-

507 4111 733 4176 tionem,
760 4126 824 4168 ac
857 4112 982 4168 novi
1007 4114 1189 4184 populi
1224 4119 1669 4187 perpetuitatem.
1710 4122 1817 4180 Sed
1868 4125 1978 4195 iam
2018 4126 2089 4185 ad

503 4202 805 4260 Abrahami
835 4220 1057 4276 quoque
1081 4207 1509 4268 immolationem
1541 4213 1728 4271 oculos
1759 4217 2084 4286 referamus.

502 4308 558 4354 et
591 4297 830 4354 lsaacum
861 4300 1145 4357 videamus
1185 4300 1454 4363 Dominici
1489 4307 1744 4380 supplicii
1776 4314 2084 4385 exemplum

2220 1963 2510 2037 collegium
2563 1970 2802 2027 concivit
2849 1989 2863 2029 :
2917 1974 3289 2046 adhibitisque
3338 1977 3545 2033 duobus
3597 1981 3814 2046 pueris,

2219 2060 2432 2119 duobus
2465 2077 2562 2120 seu
2592 2066 2827 2138 populis,
2860 2084 2958 2124 seu
2992 2071 3233 2141 regibus,
3268 2071 3443 2128 Pilato
3491 2083 3546 2129 et
3591 2072 3818 2133 Herode

2217 2154 2439 2225 (pueros
2473 2158 2622 2215 enim
2656 2175 2827 2217 sacrae
2867 2161 3092 2221 Littera:
3131 2165 3418 2236 imperitos
3463 2182 3662 2225 vocare
3714 2184 3816 2227 so-

2215 2249 2350 2321 lent)
2386 2260 2443 2307 et
2472 2252 2663 2310 Isaaco
2695 2253 2829 2324 ﬁlio,
2873 2257 3172 2328 profectus,
3227 2260 3392 2317 tcrtlo
3444 2273 3564 2333 post
3613 2263 3700 2319 die
3734 2264 3814 2321 ad

2216 2341 2418 2412 locum,
2450 2361 2612 2418 quem
2641 2350 2691 2404 ei
2723 2349 2941 2408 dixerat
2975 2354 3137 2423 Deus,
3175 2355 3450 2426 pervenit.
3488 2353 3626 2413 Nam
3672 2357 3808 2430 quia

2213 2449 2321 2491 non
2369 2450 2487 2494 erat
2537 2442 2843 2499 moriturus
2895 2443 3050 2502 Isaac
3105 2446 3304 2502 itinere
3353 2446 3626 2516 faciendo,
3679 2460 3810 2522 post

2213 2531 2454 2587 triduum
2489 2536 2948 2595 resurrectionem
2993 2539 3349 2612 signiﬁcavit.
3394 2541 3640 2599 Sublatis
3667 2558 3810 2600 ocu-

2211 2625 2315 2692 lis,
2366 2627 2642 2684 Abraham
2704 2631 2881 2687 locum
2945 2632 3135 2703 procul
3193 2635 3669 2705 animadverteris;
3745 2645 3808 2694 et

2182 2735 2363 2778 meus
2409 2721 2570 2779 Jesus
2616 2726 2947 2796 supplicium
2997 2742 3154 2783 suum
3199 2731 3267 2782 ab
3295 2729 3445 2784 omni
3491 2730 3804 2788 aeternitate

2208 2813 2519 2883 dedicavit;
2557 2818 2774 2875 famulis
2801 2820 2979 2891 jubet,
3017 2829 3077 2876 ut
3119 2821 3193 2877 ibi
3227 2836 3348 2878 cum
3385 2825 3540 2879 asino
3571 2833 3802 2895 praesto-

2206 2906 2410 2974 lentur,
2450 2909 2577 2965 dum
2615 2911 2730 2981 ipse
2760 2923 2815 2968 et
2842 2929 2980 2983 puer
3010 2914 3105 2970 illo
3137 2921 3289 2971 eant.
3343 2915 3534 2972 Itidem
3580 2927 3634 2973 et
3683 2918 3792 2977 suis

2205 2999 2491 3073 discipulis
2539 3017 2695 3059 meus
2748 3004 3003 3061 Salvator
3053 3015 3217 3080 atque
3262 3006 3406 3065 Deus
3439 3010 3559 3067 ait:
3596 3030 3615 3065 ι
3653 3011 3794 3068 Ecce

2203 3097 2356 3152 venit
2406 3097 2586 3167 hora,
2618 3096 2806 3168 etiam
2859 3101 3033 3167 venit,
3076 3110 3141 3169 ut
3174 3104 3563 3175 dispergamiui
3618 3121 3797 3162 unus-

2205 3188 2440 3260 quisque
2491 3190 2544 3245 in
2588 3185 2845 3262 prepria‘;
2881 3202 2939 3248 ct
2985 3208 3077 3250 me
3117 3194 3302 3263 solum
3337 3195 3707 3268 relinquatis:
3740 3207 3798 3253 et

2204 3295 2310 3336 non
2362 3299 2502 3340 sum.
2539 3284 2706 3348 solus,
2740 3285 2864 3356 quia
2916 3283 3082 3342 Pater
3133 3301 3347 3342 mecum
3393 3297 3472 3346 est
3502 3287 3569 3343 ⁸⁷.
3612 3305 3634 3342 δ
3669 3285 3780 3346 Sed

2203 3386 2462 3450 tanquam
2518 3377 2785 3457 propheta
2815 3418 2832 3442 ,
2883 3378 2996 3434 illic
3048 3378 3374 3436 Abraham:
3426 3398 3445 3433 t
3485 3379 3787 3453 Postquam

2201 3471 2632 3540 adoraverimus,
2680 3481 3024 3528 revertemur
3055 3473 3122 3528 ad
3155 3487 3250 3530 vos
3276 3473 3345 3530 ".
3381 3491 3402 3526 ι
3437 3471 3539 3530 Hic
3572 3474 3793 3530 animo-

2201 3580 2324 3619 rum
2361 3572 2730 3636 perspector:
2767 3582 2788 3616 ε
2825 3563 3122 3636 Postquam
3165 3579 3548 3634 resurrcxero,
3581 3579 3791 3652 prece-

2199 3657 2323 3714 dam
2358 3671 2455 3715 vos
2483 3657 2539 3713 in
2569 3657 2849 3715 Galilaeam
2875 3658 2943 3715 ”.
2976 3675 2995 3710 ι
3043 3659 3223 3728 Atque
3272 3659 3346 3715 ita
3388 3660 3604 3730 quidem
3651 3658 3790 3718 Ser-

2196 3760 2380 3808 vator.
2414 3750 2691 3806 Abraham
2720 3764 2850 3805 vero
2875 3751 3274 3806 sacriﬁcalibus
3296 3750 3459 3821 lignis
3485 3749 3636 3808 Isaac
3668 3752 3784 3809 ﬁlio

2196 3861 2300 3902 suo
2326 3844 2600 3915 impositis
2625 3862 2642 3914 ;
2678 3855 2797 3902 erat
2820 3847 2966 3901 enim
2992 3845 3168 3902 dulcis
3195 3842 3351 3901 Iesus
3376 3860 3536 3902 suam
3559 3861 3782 3903 crucem

2195 3947 2551 4010 portaturus;
2587 3938 2705 4011 ipse
2745 3939 2922 4008 ignem
2976 3937 3190 3994 ferebat
3243 3955 3446 4007 manu;
3493 3939 3780 4029 conjuncta

2193 4031 2336 4088 enim
2365 4029 2694 4086 humanitati
2725 4031 2984 4088 divinitas
3026 4031 3177 4100 ibat;
3213 4032 3455 4103 gladium
3496 4050 3629 4091 vero
3658 4049 3778 4117 por-

2195 4126 2404 4183 tabat:
2457 4143 2480 4178 ε
2523 4123 2662 4195 Quia
2722 4141 2867 4182 unus
2922 4126 3160 4182 militum
3224 4126 3414 4184 lancea
3472 4128 3618 4186 latus
3660 4129 3778 4201 eius

2191 4220 2410 4290 aperuit
2431 4217 2505 4272 ⁸ο.
2543 4234 2564 4271 ι
2601 4216 2668 4272 Et
2715 4219 3016 4289 pergebant
3049 4217 3160 4273 duo
3206 4216 3409 4282 simul;
3453 4219 3628 4275 ambae
3675 4235 3769 4274 na-

2191 4321 2328 4368 tura
2375 4312 2432 4368 in
2491 4325 2602 4379 una
2649 4311 2856 4368 Christi
2899 4325 3176 4382 persona;
3228 4310 3589 4383 manebatque
3637 4313 3772 4369 divi-

504 4402 807 4462 gcrentem.
856 4391 992 4448 Nam
1044 4405 1107 4450 ut
1153 4395 1502 4457 Abrahantus
1549 4402 1644 4459 Dei
1685 4405 1870 4462 studio
1898 4416 2083 4464 natum
2188 4405 2335 4461 nitas
2383 4401 2636 4476 corporis
2687 4400 2958 4471 eﬁ‘ectrix,
3015 4403 3240 4459 immota
3272 4402 3518 4474 penitus,
3554 4413 3610 4460 et
3659 4404 3770 4461 sine

500 4486 855 4552 condonavit,
888 4486 961 4540 ita
992 4496 1046 4542 et
1077 4486 1221 4545 Deus
1247 4502 1349 4561 pro
1376 4506 1587 4548 summa
1619 4509 1717 4551 sua
1744 4497 2086 4557 humanitate
2187 4499 2384 4556 affectu
2406 4518 2420 4568 ;
2445 4499 2901 4570 quemadmodum
2927 4507 2981 4554 et
3004 4497 3302 4564 Abraham,
3334 4496 3508 4555 Isaac!
3535 4510 3769 4569 parens;

498 4587 665 4648 atque
699 4576 1078 4648 benevolentia
1129 4594 1256 4648 pro-
1285 4580 1443 4638 nobis
1473 4583 1860 4643 charissimam
1884 4588 2082 4648 Filium
2119 4615 2166 4672 ι)
2195 4592 2351 4651 Isaac
2397 4608 2528 4649 vero
2583 4592 2796 4664 parenti
2852 4593 3177 4663 suggerebat
3222 4607 3238 4647 :
3275 4609 3295 4644 ι
3345 4589 3487 4647 Ecce
3537 4590 3679 4662 ignis
3723 4601 3777 4647 et

498 4669 567 4724 ad
626 4685 817 4726 necem
882 4671 1100 4728 obtulit.
1162 4672 1278 4729 Illic
1329 4677 1646 4734 Abrahamo
1693 4680 1849 4750 jubet
1898 4681 2084 4741 Deus:

505 4780 524 4812 ‹
560 4761 714 4817 Tolle
749 4761 920 4818 ﬁlium
958 4771 1110 4820 tuum
1151 4767 1512 4838 unigenitum,
1544 4785 1706 4841 quem
1737 4773 1916 4844 diligis
1947 4775 2083 4848 (15),

499 4854 653 4912 lsaac
678 4856 743 4914 “.
780 4877 798 4911 ι
837 4857 1024 4929 Neque
1084 4862 1229 4917 enim
1262 4871 1469 4920 temere
1502 4863 1650 4919 illum
1685 4869 1947 4926 amabas:
1987 4871 2084 4927 sed

499 4953 592 5021 qui
625 4965 813 5006 amore
846 4951 1042 5022 dignus
1073 4963 1214 5021 erat,
1251 4953 1352 5011 abs
1404 4964 1456 5011 te
1509 4971 1726 5031 quoque
1773 4961 2081 5018 amabatur.

498 5045 599 5100 Hic
626 5045 878 5115 opiﬁcem
915 5059 1091 5100 meum
1126 5047 1433 5113 Christum,
1467 5050 1585 5121 ipse
1614 5053 1877 5122 assumpti
1913 5053 2079 5121 Dens,

497 5149 664 5208 atque
700 5138 842 5193 idem
875 5138 1172 5194 secundum
1213 5139 1553 5198 divinitatem
1581 5143 1699 5214 ejus
1730 5145 1915 5211 Pater,
1948 5163 2081 5203 con-

499 5235 733 5283 testatur
760 5230 1151 5286 charissintum
1184 5246 1341 5287 suum
1369 5225 1492 5291 esSe
1525 5233 1722 5291 Filium
1752 5255 1768 5292 :
1806 5257 1826 5291 ι
1868 5239 1966 5295 llic
1997 5253 2082 5297 est

499 5319 670 5376 Filius
705 5337 861 5378 meus
894 5321 1259 5392 dilectus,-in
1290 5341 1399 5396 quo
1441 5327 1571 5383 mihi
1620 5333 1922 5402 complacui
1950 5334 2017 5392 ³⁸.
2055 5353 2072 5387 ι

497 5413 614 5470 Non
649 5414 904 5483 delector,
961 5416 1158 5488 inquit,
1209 5418 1333 5476 Filii
1373 5437 1529 5489 nece,
1580 5425 1677 5480 sed
1725 5430 2082 5496 quantumvis

2197 4687 2373 4758 ligna:
2421 4687 2514 4742 ubi
2562 4697 2647 4742 est
2696 4685 2918 4742 victima
2969 4684 3336 4742 bolocausti“
3365 4685 3440 4740 it
3492 4685 3769 4751 Senator,

2193 4782 2381 4837 itidem
2432 4780 2701 4852 passionis
2745 4789 3034 4851 tempore:
3072 4799 3090 4833 ι
3128 4778 3288 4836 Pater
3322 4779 3419 4844 mi,
3471 4779 3681 4850 inquit,
3727 4778 3768 4835 si

2191 4873 2453 4946 possibile
2501 4883 2621 4937 est,
2675 4881 2923 4928 transeat
2967 4889 2998 4928 ι
3039 4888 3124 4928 me
3170 4873 3313 4929 calix
3361 4872 3505 4943 iste;
3539 4869 3766 4943 Spiritus

2187 4968 2407 5038 quidem
2437 4974 2720 5039 promptus
2747 4974 2830 5021 est
2850 5005 2868 5032 ,
2917 4979 3049 5020 caro
3079 4973 3260 5020 autem
3295 4962 3515 5020 inﬁma
3539 4962 3606 5020 “.
3639 4982 3661 5020 ι

2757 5099 2987 5159 CAPUT
3039 5098 3203 5157 XVII.

2287 5217 2447 5275 Isaae
2476 5217 2833 5273 immolandas
2867 5214 3070 5272 Christi
3106 5213 3356 5282 cruciﬁxi
3380 5224 3540 5288 typus
3576 5226 3675 5274 at.

2260 5334 2543 5407 Progressi
2570 5341 2749 5387 autem
2777 5332 2974 5398 ambo;
3011 5332 3063 5385 id
3091 5339 3200 5398 est,
3233 5331 3374 5388 Deus
3402 5331 3563 5388 homo
3587 5329 3760 5403 Iesus,

2192 5432 2244 5486 in
2279 5431 2455 5486 locum
2484 5434 2867 5500 pervenerunt,
2895 5424 3108 5481 scilicet
3148 5424 3436 5497 Golgotha.
3469 5426 3648 5498 Atque
3693 5427 3759 5483 ibi

565 5597 610 5628 ’⁷
652 5594 786 5651 Gen.
824 5614 936 5662 xxi,
978 5598 1065 5653 ρο.
1147 5599 1191 5632 ’⁸
1229 5600 1363 5657 Gen.
1392 5619 1520 5658 xvut
1553 5643 1570 5667 ,
1615 5604 1702 5658 Ii.
1776 5607 1821 5637 ¹⁹
1862 5604 1994 5660 Gcn.
2035 5623 2098 5661 xv

2224 5608 2309 5661 l5.
2389 5606 2435 5638 ’°
2476 5605 2610 5665 Luc.
2649 5624 2686 5663 l.
2722 5605 2811 5662 57.
2888 5605 2932 5636 ⁸⁸
2972 5604 3106 5660 Gen.
3188 5621 3342 5667 xvttt.
3386 5607 3473 5662 l0.
3551 5607 3597 5640 δ’
3635 5607 3755 5665 an.

496 5685 546 5728 t.
592 5669 683 5726 55.

499 5741 544 5771 ⁵³
582 5740 715 5796 Gen.
767 5757 917 5808 uti,
965 5741 1020 5797 5.

495 5829 620 5868 xxv:
641 5853 657 5879 ,
682 5813 782 5883 ‘59.

790 5669 833 5701 ”
871 5669 1007 5744 Gen.
1054 5687 1184 5736 xvn,
1227 5672 1262 5726 5
1313 5690 1463 5744 seqq.

1089 5745 1133 5775 ³³
1177 5745 1367 5802 Matth.
1407 5762 1557 5814 xx“,
1606 5747 1712 5814 5'2;
1756 5747 1919 5804 Marc.
1957 5764 2064 5814 xlv,
2130 5749 2220 5804 ἓν.

1554 5673 1611 5706 ³⁸
1650 5675 1799 5748 Gen.
1829 5693 1961 5738 χχιι,
2005 5677 2056 5731 8.

2209 5679 2376 5733 llatth.
2418 5695 2494 5744 Ill,
2545 5679 2629 5732 17.
2679 5675 2723 5708 ³⁸
2763 5676 2903 5731 Gen.
2947 5692 3078 5742 xxn,
3111 5675 3165 5733 2.
3248 5678 3293 5711 ³⁷
3334 5677 3490 5735 Joau.
3526 5695 3640 5748 xvr,
3671 5681 3759 5740 59.

2301 5750 2345 5782 ⁸⁸
2383 5748 2538 5807 Joan.
2589 5765 2699 5815 six,
2741 5748 2829 5804 5i.
2906 5748 2950 5782 ⁴¹
2993 5748 3130 5805 Gen.
3176 5765 3314 5818 xm,
3362 5749 3414 5808 7.
3490 5752 3536 5784 "
3571 5751 3756 5812 Matth.

568 5957 681 6027 (l5)
729 5954 870 6013 LXX
915 5955 1226 6030 ἠγάπησας,
1265 5961 1330 6015 ad
1374 5959 1515 6031 quod
1563 5960 1744 6017 forsan
1792 5961 1976 6019 alludit
2013 5961 2065 6019 in
2107 5977 2260 6030 seqq.
