4082 6294
174 418 289 484 821:

1258 416 1647 480 DIAI.OGUS
1690 412 1995 475 CONTRA
2032 418 2372 482 ΠΗ)ᾸίΟᾶ

3335 400 3466 469 822

179 541 461 595 Abraham
509 541 785 595 exstruxit
839 554 1030 605 aram;
1089 540 1167 596 uti
1201 549 1256 597 et
1286 541 1376 596 hic
1402 542 1724 598 lithostrotos
1752 573 1765 597 ν
1795 528 1845 589 Α
1875 525 2239 609 perspectum,
2276 535 2737 609 quemadmodum
2771 549 2837 589 ex
2867 548 2962 590 sua
2999 528 3129 587 olim
3162 530 3330 600 stirpe
3358 544 3455 601 per

180 631 477 686 tribunalis
521 632 675 688 locus
721 632 900 700 lapide
931 642 1294 703 prtestructus
1324 634 1542 698 fuerat;
1588 637 1769 704 impo-

182 726 421 795 sitisque
453 726 645 796 lignis;
675 727 755 780 sic
802 727 950 781 enim
1001 737 1058 782 et
1107 727 1159 780 in
1215 708 1462 784 Ca'lvaria'
1500 746 1634 785 crux
1687 737 1768 784 est

182 819 404 886 defixa;
454 818 605 874 lsaac
644 810 828 875 filium
887 832 1057 875 suum.
1095 821 1497 892 constringens,
1556 823 1608 877 id
1661 832 1767 887 est,

182 904 447 967 Christus
498 914 561 967 ad
618 916 903 983 tegendam
955 914 1301 970 divinitatem
1357 932 1589 985 corpore
1636 915 1774 972 ami-

183 1017 350 1070 Ctus;
389 1005 545 1075 lignis
571 1005 623 1059 in
645 1022 737 1061 ara
763 1008 1111 1077 superponit;
1154 1022 1220 1064 eo
1254 1010 1398 1081 quod
1436 1011 1488 1066 in
1521 1011 1682 1081 ligno,
1739 1025 1774 1066 ο

187 1098 516 1152 miraculum
550 1099 564 1154 !
609 1100 963 1170 suspenditur
1001 1102 1110 1172 ille,
1147 1107 1238 1178 qui
1260 1106 1525 1161 Adamum
1568 1104 1773 1173 lapsum

190 1207 295 1261 per
346 1192 545 1259 lignum
581 1207 699 1251 erat
744 1202 1129 1269 restituturus,
1162 1212 1216 1257 et
1241 1200 1417 1272 quiin
1445 1215 1569 1255 που
1601 1199 1775 1269 ιῖεηεει

195 1283 314 1341 Noe
342 1302 545 1349 tutatus
581 1296 782 1350 fuerat.
822 1294 1028 1349 Deinde
1068 1293 1212 1350 ferro
1245 1308 1464 1347 manum
1504 1291 1773 1355 admovet,

193 1390 266 1447 ad
302 1388 475 1443 (ilium
511 1403 669 1442 suum
725 1387 1116 1443 immolandum
1152 1404 1167 1442 :
1200 1402 1327 1441 nam
1384 1386 1470 1441 his
1522 1386 1778 1441 omnibus

189 1480 487 1552 patrandis
517 1478 794 1535 Abraham
836 1478 1249 1549 inaspeCtabilis
1280 1477 1460 1533 Patris
1490 1479 1557 1532 de
1588 1468 1779 1544 unige-

189 1575 315 1631 nito
368 1573 509 1629 Filio
563 1574 839 1629 decretum
893 1582 1057 1643 atque
1106 1574 1444 1627 voluntatem
1494 1571 1774 1625 ostendit:

196 1684 222 1718 ς
266 1663 333 1720 Et
358 1679 487 1721 ecce
514 1663 739 1732 angelus
773 1663 984 1718 Domini
1018 1663 1084 1718 de
1113 1662 1253 1719 ccelo
1279 1662 1537 1719 clamavit
1558 1661 1779 1726 dicens;

193 1757 499 1820 Abraham,
556 1756 853 1810 Abraham.
910 1753 1011 1821 Qui
1062 1758 1340 1826 respondit
1373 1772 1388 1810 :
1420 1756 1625 1811 Adsum
1650 1754 1717 1809 ⁸³.
1758 1772 1776 1805 s

194 1844 305 1904 Hic
352 1849 571 1918 angelus
616 1864 647 1906 e
697 1850 837 1905 coelo
867 1866 989 1905 cum
1018 1848 1297 1905 Abraham
1345 1850 1781 1918 sermocinatur;

196 1943 259 1997 in
315 1944 599 2000 Dominico
653 1943 941 2015 supplicio,
1004 1946 1186 2015 magni
1236 1947 1451 2003 consilii
1510 1944 1784 2019 Angelus,

203 2035 377 2090 Deum
428 2044 484 2089 et
531 2033 746 2091 Patrem
807 2035 1122 2093 inclamavit
1159 2055 1174 2093 :
1207 2058 1227 2092 ί
1264 2038 1375 2104 Eli,
1413 2038 1534 2107 Eli,
1588 2041 1790 2096 lamnta

200 2129 541 2186 sabactani?
576 2131 679 2188 hoc
706 2139 828 2200 est;
865 2130 1007 2188 Deus
1055 2146 1238 2197 meus,
1290 2134 1432 2192 Deus
1484 2149 1677 2201 meus,
1731 2142 1791 2190 ut

198 2223 339 2293 quid
374 2224 712 2295 dereliquisti
743 2241 831 2282 me
849 2225 941 2283 “i
972 2246 990 2279 ι
1023 2227 1090 2284 Et
1117 2226 1355 2300 Angelus
1378 2231 1445 2285 ad
1472 2228 1747 2285 Abraham
1774 2248 1788 2285 :

207 2335 230 2368 s
270 2316 391 2373 Non
419 2319 686 2375 extendas
715 2334 938 2375 manum
972 2329 1118 2376 tuam
1138 2334 1318 2392 super
1341 2337 1591 2392 puerum,
1618 2339 1794 2394 neque

204 2410 383 2467 facias
434 2412 511 2467 illi
561 2413 893 2484 quidquam;
947 2430 1095 2472 nunc
1134 2418 1383 2487 cognovi,
1436 2419 1579 2489 quod
1634 2421 1794 2478 times

207 2506 382 2562 Deum
408 2507 475 2562 ”.
516 2528 535 2560 ο
569 2509 659 2591 Ait
688 2524 863 2565 vero:
898 2531 915 2561 ι
956 2510 1112 2569 Nunc
1161 2512 1425 2583 cognovi,
1456 2533 1476 2567 ι
1530 2529 1627 2585 pro
1664 2514 1793 2581 illo,

216 2599 615 2657 demonstrasti
670 2600 784 2671 jam
833 2603 1012 2660 mihi:
1052 2620 1158 2660 non
1190 2607 1353 2663 'enim
1400 2607 1624 2678 ignarus
1677 2617 1797 2665 erat

213 2692 524 2752 Dominus:
570 2714 589 2749 ι
624 2697 694 2752 Ει
731 2713 835 2757 non
886 2701 1175 2771 pepercisti
1219 2703 1497 2773 unigenito
1548 2705 1661 2761 lilio
1704 2715 1797 2763 tuo

210 2798 441 2860 propter
471 2805 578 2846 me.
614 2808 633 2843 ι
667 2791 838 2862 Igitur
861 2791 1140 2849 Abraham
1172 2797 1463 2853 mactaudo
1498 2796 1611 2854 ﬁlio
1641 2814 1819 2855 suam

209 2896 349 2951 erga
384 2879 553 2937 Deum
588 2883 994 2941 observantiam
1035 2890 1276 2944 ostendit
1305 2907 1321 2946 :
1354 2890 1441 2947 ille
1472 2906 1602 2948 vero
1643 2891 1801 2949 Anti-

211 2988 361 3043 quos
393 2972 602 3028 dierum
632 2975 678 3006 ⁵⁸
714 2974 854 3030 Deus
899 2992 1029 3048 erga
1080 2978 1328 3037 homines
1359 2996 1598 3038 amorem
1640 2998 1798 3041 suum

216 3067 473 3137 probavit
504 3067 838 3125 immolando
864 3071 1150 3143 unigenito
1182 3071 1341 3132 Filia.

780 3208 1013 3265 CAPUT
1050 3209 1238 3266 XVIII.

293 3323 589 3380 Aristonus
622 3325 881 3381 cornibus
908 3326 1046 3383 inter
1077 3345 1258 3400 vepres
1293 3330 1420 3400 quid
1451 3331 1731 3401 signiﬁcet.

293 3436 830 3527 Tom'Abrahamus
878 3442 1078 3520 erectis
1124 3442 1297 3499 oculis
1344 3460 1486 3515 pone
1526 3447 1809 3514 conSpexit

210 3537 472 3591 arietem.
525 3536 681 3591 Aries
730 3534 820 3591 hic
855 3535 1004 3590 verbi
1050 3546 1392 3606 assumptum
1446 3538 1806 3609 intelligatur.

212 3630 361 3685 Nam
394 3628 461 3685 de
489 3643 554 3684 eo
582 3628 663 3684 sic
696 3629 873 3699 prodit
904 3628 1075 3685 isaias
1108 3646 1122 3685 :
1159 3648 1177 3682 ι
1214 3631 1367 3686 Sicut
1409 3634 1526 3687 ovis
1565 3633 1631 3686 ad
1662 3633 1811 3690 occi-

212 3725 436 3780 sionem
488 3723 808 3779 ducetur".
849 3740 870 3776 ο
926 3722 1232 3779 Haerentem
1282 3726 1561 3791 cornibus,
1609 3726 1662 3781 id
1704 3733 1809 3795 est,

209 3816 667 3881 cruciamxum,
724 3816 777 3870 in
832 3814 1028 3871 frutice
1121 3816 1321 3883 Sabec,
1367 3819 1510 3887 quod
1590 3829 1675 3875 est
1726 3835 1814 3874 re-

224 3912 428 3967 missio
469 3931 483 3969 :
533 3910 676 3979 apud
724 3909 982 3966 Hebraeos
1040 3912 1185 3966 enim
1238 3909 1414 3968 Sabec
1457 3914 1811 3968 remissionem

211 4006 380 4054 notat
415 4016 432 4053 :
466 4012 859 4069 aggressusque
892 3998 1196 4067 Abraham,
1227 3999 1292 4055 id
1340 4010 1446 4068 est,
1500 4002 1816 4073 unigenitus

217 4092 324 4147 Dei
359 4090 548 4158 Filius,
584 4093 1038 4163 comprehensum
1071 4094 1320 4159 arietem,
1343 4115 1347 4118 ~
1369 4096 1421 4150 id
1466 4105 1568 4161 est,
1602 4112 1815 4152 assum-

219 4197 386 4256 ptum
442 4200 642 4257 corpus
688 4187 744 4241 in
803 4186 1180 4244 holocaustum
1230 4188 1465 4257 obtulit;
1518 4190 1814 4261 supplicio;

215 4290 385 4354 puta,
422 4279 643 4352 objecit,
672 4296 769 4351 pro
799 4280 930 4347 lilio,
956 4280 1167 4337 Adamo
1199 4281 1409 4338 scilicet
1439 4283 1612 4353 lapso.
1644 4286 1819 4357 Atque

224 4376 341 4431 ista
375 4389 505 4429 vera
546 4389 688 4440 esse,
712 4374 898 4430 audite
921 4388 1043 4430 cum
1078 4375 1387 4431 Abrahamo
1418 4376 1817 4448 colloquentem

226 4470 408 4524 Deum
437 4483 453 4521 :
491 4484 509 4518 ‹
552 4465 658 4521 Per
721 4466 1099 4536 memetipsum
1122 4466 1325 4536 iuravi,
1358 4469 1491 4524 dicit
1518 4466 1817 4528 Dominus:

224 4561 370 4631 quia
408 4559 586 4615 fecisti
631 4560 773 4615 hanc
812 4575 947 4623 rem,
996 4568 1051 4615 et
1086 4575 1192 4615 non
1240 4562 1531 4632 pepercisti
1581 4562 1689 4617 lilio
1732 4576 1821 4619 tuo

224 4658 525 4730 unigenito
564 4668 784 4726 propter
829 4672 953 4710 me:
992 4655 1309 4712 benedicam
1363 4658 1480 4721 tibi,
1531 4669 1586 4715 et
1636 4661 1821 4714 multi-

222 4753 456 4825 plicabo
502 4765 689 4806 semen
743 4760 893 4805 tuum
918 4750 984 4806 ".
1026 4768 1045 4804 ι
1092 4750 1156 4805 Et
1186 4764 1307 4823 post
1336 4768 1507 4823 pauca
1543 4771 1557 4808 :
1593 4773 1611 4804 ι
1650 4753 1823 4811 Bene—

223 4848 497 4905 dicentur
527 4845 584 4901 in
619 4845 829 4901 semine
879 4854 973 4901 tuo
1022 4860 1214 4902 omnes
1264 4856 1451 4917 gentes
1506 4850 1757 4906 terrae“.
1799 4869 1818 4903 ι

231 4940 487 5007 Quorum
516 4936 809 4994 verborum
848 4938 964 4993 haec
1003 4949 1087 4992 est
1120 4938 1388 4992 sententia
1429 4964 1444 4995 :
1478 4939 1559 4994 Ex
1605 4942 1678 4996 tui
1732 4941 1824 4996 lilii

237 5030 584 5102 posteritate,
621 5028 836 5085 scilicet
880 5025 1052 5093 lsaac,
1094 5028 1185 5097 qui
1222 5028 1323 5083 mei
1362 5028 1481 5085 Filii
1518 5040 1600 5086 est
1642 5041 1824 5103 typus,

240 5135 403 5175 meus
445 5131 639 5175 natura
694 5120 828 5174 mihi
879 5120 1206 5191 coniunctus
1238 5119 1408 5178 Filius
1437 5122 1695 5192 prodibit,
1730 5142 1826 5195 per

235 5226 405 5282 quem
436 5227 626 5270 omnes
661 5214 809 5269 orbis
848 5222 1114 5269 terrarum
1154 5223 1341 5284 gentes
1390 5217 1823 5287 sospitabuntur.

240 5305 619 5362 Abrahamum
682 5322 819 5362 vero
871 5310 1195 5367 mconomia:
1250 5326 1512 5369 arcanum
1568 5313 1828 5371 habuisse

1877 629 2029 685 Isaac
2060 640 2116 687 et
2158 629 2329 685 Jacob
2368 628 2465 684 Dei
2518 622 2689 684 Filius
2726 623 3097 682 incarnandus
3135 631 3303 690 esset,
3334 623 3454 678 evi-

1878 725 2010 780 dens
2041 731 2125 779 est
2158 738 2222 778 ex
2253 737 2318 779 eo
2360 720 2501 791 quod
2531 720 2615 776 sui
2652 719 2871 791 generis
2903 731 3101 773 uxores
3136 715 3451 772 asciverint.

1877 815 2014 872 Nam
2075 815 2187 885 ipse
2243 821 2465 885 accepta
2521 811 3059 883 sua'consanguinea
3084 809 3153 876 '°,
3208 808 3456 865 lsaacum

1880 925 2096 981 quoque
2130 910 2380 979 accipere
2414 907 2759 978 permisit",
2793 907 3017 977 parique
3046 903 3207 963 modo
3238 903 3459 957 lsaacus

1878 1007 2144 1064 Iacobum
2168 1006 2243 1072 ⁸¹;
2292 1004 2387 1061 sed
2425 1004 2734 1059 Rebeccam
2774 1000 2941 1056 misso
2988 1012 3148 1077 servo
3173 996 3457 1067 coniugem

1882 1099 2143 1170 petiit”;
2178 1100 2250 1153 ita
2281 1098 2427 1155 enim
2462 1106 2517 1153 et
2556 1097 2701 1152 Deus
2734 1098 2829 1165 per
2878 1092 3064 1148 Mosen
3119 1091 3460 1163 SynagOgam

1884 1193 2231 1249 instauravit.
2268 1188 2555 1257 Iacobum,
2588 1188 2682 1260 qui
2726 1187 2929 1245 Christi
2966 1183 3285 1253 exemplum
3317 1182 3464 1237 fere-

1886 1287 2017 1353 bat,
2052 1288 2117 1341 ad
2151 1301 2282 1342 suos
2311 1283 2545 1353 gentiles
2575 1282 2730 1339 isaac
2759 1279 3013 1351 privatim
3048 1264 3296 1339 dimisit,
3327 1277 3463 1331 duas

1886 1382 2014 1437 inde
2073 1396 2272 1437 uxores
2321 1379 2535 1436 duriter
2584 1383 2638 1433 et
2666 1370 2938 1433 laboriose
2971 1383 3028 1426 ut
3077 1372 3179 1427 sibi
3218 1371 3462 1426 duceret.

1886 1480 2075 1535 itidem
2097 1486 2153 1534 et
2182 1475 2348 1531 Pater
2377 1475 2443 1530 ab
2473 1472 2620 1528 omni
2646 1470 2953 1527 aatemitate
2993 1466 3283 1538 unigenam
3308 1478 3465 1519 suum

1888 1571 2082 1628 Filium
2108 1568 2175 1625 ad
2200 1576 2511 1624 creaturam
2536 1578 2712 1630 suam,
2741 1562 2794 1616 id
2824 1572 2909 1617 est
2935 1560 3203 1623 homines,
3237 1555 3466 1615 dimisit,

1891 1678 1950 1723 ut
1986 1665 2113 1722 inde
2142 1678 2362 1719 carnem
2402 1674 2711 1724 assumens,
2747 1672 2844 1727 per
2870 1654 3228 1725 supplicium,
3265 1661 3321 1705 et
3363 1649 3469 1703 Do-

1892 1758 2091 1814 minica
2128 1754 2395 1811 miracula
2440 1752 2578 1808 duas
2621 1748 2893 1805 Ecclesias
2922 1746 3067 1802 velut
3113 1755 3337 1813 nuptum
3374 1756 3471 1798 ac-

1892 1855 2116 1921 ciperet.

2473 1940 2703 2000 CAPUT
2745 1938 2889 1995 XIX.

2246 2038 2593 2109 Comparatio
2630 2035 2819 2091 Jacobi
2858 2042 2908 2088 et
2952 2031 3117 2087 Esau.

1965 2134 2121 2205 Quod
2152 2134 2224 2191 ita
2259 2149 2319 2189 se
2350 2134 2576 2197 habere,
2608 2128 2794 2184 audite
2828 2125 2920 2180 Dei
2954 2123 3022 2178 ad
3054 2121 3355 2178 Rehecca'm
3392 2133 3479 2175 re-

1894 2245 2150 2301 sponsum
2181 2246 2198 2285 :
2239 2246 2257 2282 ι
2299 2228 2427 2284 Duae
2456 2234 2644 2296 gentes
2698 2230 2825 2278 sunt
2857 2220 2908 2274 in
2946 2226 3100 2274 utero
3131 2226 3222 2271 tuo
3261 2221 3317 2269 et
3355 2214 3463 2266 duo

1897 2323 2078 2395 populi
2118 2337 2184 2377 ex
2223 2329 2417 2377 ventre
2450 2329 2549 2375 tuo
2584 2316 2918 2381 dividentur,
2957 2333 2976 2367 ι
3014 2308 3223 2366 scilicet
3263 2305 3482 2363 Iudaeo-

1898 2431 2015 2472 rum
2047 2430 2210 2481 unus,
2240 2414 2380 2470 alter
2410 2420 2764 2478 exterorum;
2798 2426 2817 2461 ι
2855 2405 3191 2478 pepulusque
3221 2400 3481 2471 pOpulnm

1896 2510 2196 2585 superabit,
2224 2518 2279 2565 et
2303 2508 2477 2581 major
2501 2505 2707 2565 serviet
2734 2502 2937 2559 minori
2966 2502 3037 2555 ".
3071 2516 3092 2551 ι
3122 2496 3229 2566 Qui
3265 2510 3327 2551 se
3350 2502 3485 2549 natu

1899 2609 2163 2681 majorem
2196 2607 2406 2677 jactat,
2455 2603 2618 2661 alteri
2660 2609 2783 2674 post
2832 2608 2963 2654 nato
3010 2595 3246 2660 serviet;
3296 2589 3349 2647 id
3377 2596 3482 2654 est,

1899 2702 2123 2759 Iudaica
2162 2716 2295 2773 gens
2328 2697 2585 2755 Ecclesiae
2612 2710 2675 2751 ex
2704 2693 2959 2765 gentibus
2988 2688 3233 2746 collectae
3258 2683 3482 2740 serviet.

1900 2799 2080 2871 Atque
2112 2798 2163 2853 id
2199 2805 2252 2853 et
2286 2794 2379 2851 Dei
2401 2791 2630 2864 angelus
2652 2788 2766 2864 (16)
2792 2788 2881 2844 bis
2910 2786 2980 2843 ad
3010 2783 3123 2840 Heli
3168 2779 3484 2871 pontificem

1900 2867 2086 2949 verbis
2117 2890 2405 2946 confirmat
2434 2903 2450 2942 :
2482 2884 2560 2941 Te
2593 2893 2849 2954 tuamque
2884 2877 3117 2949 patriam
3145 2874 3367 2932 domum
3404 2867 3488 2926 sio

1901 2984 2219 3043 exscindam
2246 2997 2261 3036 :
2287 3000 2305 3033 ί
2332 2980 2404 3035 Et
2428 2975 2707 3034 suscitabo
2731 2973 2862 3029 mihi
2882 2969 3221 3028 sacerdotem
3247 2962 3487 3029 ﬁdelem,

1904 3080 1995 3150 qui
2046 3078 2199 3148 juxta
2242 3090 2339 3130 cor
2377 3085 2556 3127 meum
2611 3076 2665 3125 et
2720 3067 2957 3123 animam
3013 3074 3188 3121 meam
3242 3057 3424 3113 faciet.
3462 3074 3486 3138 s

1906 3147 2061 3230 Stane
2087 3172 2179 3239 qui
2210 3167 2392 3225 omnia
2432 3178 2499 3220 ex
2530 3161 2749 3234 ingenio
2784 3159 3076 3226 animoque
3111 3152 3223 3215 Dei,
3244 3151 3395 3216 facit,
3440 3147 3489 3206 is

1830 3264 1874 3325 ϐ
1908 3284 1973 3325 ex
2026 3268 2138 3323 Deo
2180 3273 2284 3328 est,
2341 3272 2395 3318 et
2439 3261 2640 3317 iterum
2695 3254 2980 3327 Angelus:
3011 3270 3029 3303 ί
3069 3249 3139 3306 Ει
3188 3243 3491 3301 ambulabit

1912 3376 2097 3419 coram
2132 3344 2355 3415 Christo
2390 3370 2508 3410 meo
2544 3351 2759 3409 cunctis
2788 3347 3001 3425 diebus,
3038 3362 3057 3399 ι
3101 3341 3154 3398 id
3190 3336 3497 3409 est,'usque

1911 3458 1977 3510 ad
2020 3450 2569 3513 consummationem,
2604 3455 2769 3515 atque
2800 3442 2985 3497 itidem
3014 3456 3029 3494 :
3064 3456 3082 3490 ι
3113 3435 3381 3492 Futurum
3407 3438 3493 3487 est

1913 3559 2091 3604 autem
2120 3587 2135 3613 ,
2182 3554 2239 3600 ut
2282 3544 2597 3615 quicunque
2646 3533 2970 3595 remanserit
3003 3533 3056 3587 in
3101 3530 3265 3585 domo
3300 3538 3388 3583 tua
3413 3565 3430 3592 ,
3463 3540 3488 3575 ι

1912 3639 2362 3701 internecionem,
2415 3641 2510 3689 aut
2560 3629 2929 3700 captivitatem
2972 3620 3315 3695 ell‘ugiendo;
3348 3636 3369 3671 ‹
3398 3629 3495 3672 ve-

1914 3736 2027 3790 niat
2055 3740 2115 3788 ut
2143 3740 2331 3787 oretur
2359 3741 2591 3799 pro'eo,
2626 3734 2681 3780 et
2727 3721 2922 3778 oﬂ'erat
2969 3729 3254 3773 nummum
3294 3723 3495 3779 argen-

1915 3837 2085 3891 teum,
2118 3824 2370 3893 dicatque
2400 3840 2415 3877 :
2452 3818 2675 3876 Dimitte
2700 3830 2785 3871 me
2813 3814 3048 3870 obsecro
3083 3808 3149 3864 ad
3174 3820 3343 3863 unam
3371 3816 3497 3872 par-

1915 3912 2023 3979 tem
2054 3917 2467 3982 sacerdotalem,
2487 3911 2845 3970 utcomedam
2880 3904 3183 3964 buccellam
3211 3900 3367 3974 panis
3386 3898 3491 3951 ⁸⁸.»

1916 4015 2068 4085 Quod
2103 4012 2280 4083 angeli
2311 4010 2378 4066 ad
2418 4007 2761 4065 sacerdotem
2809 4001 3037 4072 aenigma
3072 3992 3341 4064 ejusmodi
3370 4000 3496 4048 est:

1917 4084 2160 4178 Inopem,
2187 4104 2383 4161 Judaeae
2416 4102 2533 4160 solo
2565 4099 2878 4162 multatum,
2903 4101 3190 4151 venturum
3221 4091 3287 4143 ad
3313 4084 3499 4143 Eccle-
3567 4160 3574 4167 .

1917 4202 2054 4258 siam
2080 4216 2145 4255 ex
2178 4199 2429 4270 gentibus
2458 4192 2831 4256 constitutam,
2865 4198 3147 4242 nummum
3178 4185 3498 4253 argenteum

1917 4297 2147 4366 petitum
2170 4307 2191 4348 τ’
2210 4301 2265 4348 et
2292 4292 2409 4345 viro
2441 4284 2666 4343 illustris
2691 4299 2756 4339 ac
2778 4278 3047 4354 pontiﬁcii
3076 4272 3293 4349 generis
3316 4272 3497 4366 dicet:

1920 4362 2039 4444 Non
2068 4386 2247 4442 ambio
2288 4376 2420 4439 mihi
2457 4376 2843 4438 sacerdotium,
2884 4383 3065 4442 neque
3096 4382 3321 4439 regnum
3349 4362 3502 4422 desi-

1924 4481 2076 4545 dero,
2119 4476 2213 4533 sed
2240 4484 2299 4531 ut
2326 4476 2378 4530 in
2408 4471 2625 4543 aliquod
2649 4466 3012 4526 sacerdotium
3036 4461 3279 4534 rejiciar,
3310 4468 3365 4516 et
3391 4460 3509 4513 non.

1929 4583 1986 4628 ut
2016 4570 2347 4633 ministrent,
2378 4564 2523 4620 velut
2548 4563 2719 4634 prius,
2768 4558 2864 4615 sed
2898 4566 2957 4611 ut
2984 4568 3177 4628 panem
3207 4550 3503 4607 minimum

1929 4670 2125 4725 lucrer.
2165 4663 2424 4730 Idemque
2457 4657 2620 4714 David
2650 4653 2979 4725 praesagiens
3004 4648 3122 4703 ait:
3158 4666 3183 4698 «η
3212 4643 3357 4714 Elegi
3390 4639 3488 4696 ab.

1923 4763 2101 4834 jectus
2131 4772 2251 4814 esse
2280 4757 2333 4809 in
2368 4753 2529 4809 domo
2561 4748 2653 4805 Dei
2688 4747 2815 4810 mei,
2848 4742 3018 4814 magis
3049 4755 3213 4813 quam
3253 4736 3504 4793 habitare

1930 4860 1983 4913 iu
2017 4848 2379 4911 tabernaculis
2412 4855 2758 4916 peccatorum
2783 4840 2848 4895 ⁸⁸.
2892 4858 2910 4891 ι
2950 4836 3039 4892 Dei
3087 4836 3305 4891 domum
3348 4837 3503 4885 vates

1931 4946 2225 5004 Ecclesiam
2246 4957 2308 4997 ex
2339 4936 2590 5009 gentibus
2619 4944 2810 5001 notat;
2839 4929 3125 4998 impiorum
3152 4916 3504 4980 tabernacula

1928 5041 2235 5096 .ludaaorum
2275 5036 2416 5089 fana.
2450 5032 2589 5087 Vere
2619 5027 2764 5084 enim
2802 5023 3048 5079 Judmum
3088 5031 3283 5074 nomen
3314 5014 3369 5069 in
3406 5028 3504 5069 ex,-

1931 5141 2043 5187 tera
2080 5125 2315 5182 Ecclesia
2363 5123 2629 5192 abiectum
2683 5125 2739 5174 et
2786 5115 3009 5176 infame,
3052 5108 3279 5173 nudum,
3325 5103 3503 5172 exsul,

1932 5239 2096 5296 regno
2128 5222 2273 5278 omni
2315 5229 2368 5275 et
2421 5213 2727 5273 sacerdotio
2773 5219 3017 5266 exutum.
3064 5204 3243 5273 Atque
3282 5199 3398 5255 haec
3425 5196 3508 5254 sic

1931 5290 2155 5380 habere,
2188 5328 2251 5369 ex
2288 5310 2354 5366 iis
2392 5324 2511 5379 qua:
2542 5313 2660 5375 post
2694 5302 2961 5364 dicentur,
2994 5290 3287 5353 constabit.

322 5542 369 5573 “
404 5540 540 5595 Gen.
578 5556 711 5601 uti.
757 5543 846 5597 ll.
920 5542 966 5575 “
1006 5542 1191 5598 Matth.
1230 5559 1401 5611 xxvu,
1432 5543 1521 5598 46.
1597 5544 1644 5578 ⁸⁵
1685 5544 1818 5601 Gen.
1866 5561 1994 5609 XXII,
2032 5544 2115 5599 l2.
2195 5543 2239 5573 “
2283 5541 2414 5594 Dan.
2456 5556 2555 5601 vn,
2598 5538 2651 5593 9.
2704 5532 2774 5611 _"
2826 5533 2948 5611 _l_sa;
2993 5544 3110 5593 LIII.
3150 5527 3203 5581 7-
3365 5518 3505 5577 σου·

251 5628 390 5672 xxu,
434 5612 520 5667 16.
595 5612 641 5644 δ’
681 5613 812 5667 ibid.
848 5615 932 5668 l3.
1009 5613 1055 5645 ⁸⁸
1089 5614 1226 5669 Gen.
1268 5631 1414 5676 xxiv.
1456 5616 1510 5672 4.

250 5682 303 5719 ⁸⁵
338 5684 475 5739 Ceu.
518 5699 642 5749 xxv,
680 5685 770 5741 25.

1599 5616 1643 5648 ⁸¹
2198 5614 2243 5646 ⁸¹
2278 5614 2413 5668 Gul).
2462 5594 2651 5675 xxviii,
2693 5607 2747 5660 3.
2825 5605 2871 5638 ⁸⁸
2909 5602 3045 5659 Gen.
3088 5613 3237 5664 xxix,
3269 5594 3335 5649 2l
3379 5605 3506 5664 sqq.

848 5686 892 5718 “
935 5686 955 5740 ι
999 5684 1129 5756 Reg.
1170 5701 1227 5752 ll,
1267 5686 1359 5754 55,
1402 5687 1491 5743 36.
1567 5687 1615 5718 "
1655 5686 1800 5743 Psal.
1842 5702 2072 5755 Lxutn,
2122 5688 2204 5742 ll.
2968 5716 2971 5717 ν

328 5875 443 5945 (l6)
476 5874 536 5928 in
567 5872 826 5939 llehrzco,
862 5883 939 5927 ut
988 5872 1125 5930 etin
1163 5872 1373 5941 Graeco,
1425 5878 1491 5932 ad
1534 5875 1756 5932 verbum
1809 5880 1912 5941 est,
1968 5875 2047 5928 vir
2076 5873 2190 5942 Dei,
2237 5873 2287 5929 id
2319 5879 2402 5929 est
2435 5871 2648 5926 divinus
2692 5874 2873 5932 vates,
2917 5856 3188 5933 quomodo
3234 5850 3394 5912 vertit
3436 5858 3492 5931 et

259 5947 563 6005 Chaldaeus.
