4082 6294
589 412 697 477 8:23

1770 412 2203 478 ANDRONICI
2243 411 2599 475 COMNENI

657 536 736 590 Ac
766 534 961 605 prioris
987 534 1205 604 quidem
1237 535 1416 604 pepuli
1452 534 1736 605 figurarest
1760 532 1934 602 Esau;
1966 542 2150 603 poste-
2177 526 2233 588 Α

586 628 749 684 rioris
775 628 965 682 Jacob.
999 628 1181 698 Neque
1214 628 1493 682 enimvero
1515 634 1737 699 prepter
1759 624 2067 695 exemplum
2090 622 2160 678 ad

588 732 796 773 natura:
824 733 1043 789 quoque
1071 720 1341 774 excidium
1390 720 1473 775 fas
1513 727 1598 789 est
1633 718 1871 789 grassari
1900 734 1915 771 :
1951 733 1971 769 t
1999 715 2163 771 Post-

583 827 747 879 quam
784 819 1004 881 tempus
1052 811 1294 878 pariendi
1343 812 1636 867 advenerat
1670 815 1829 881 (nam
1880 808 2163 878 superiora

588 900 784 955 iterum
822 901 1154 970 tractemus)
1192 902 1283 969 qui
1334 900 1483 971 prior
1529 913 1785 971 egressus
1834 909 1953 965 est,
2010 897 2162 952 rufus

584 1002 724 1057 erat,
757 1003 813 1047 et
845 1001 988 1048 totus
1019 993 1071 1047 in
1111 1008 1319 1049 morem
1368 993 1524 1064 pellis
1568 993 1856 1061 hispidus:
1882 997 2165 1046 vocatum-

583 1100 689 1152 que
707 1095 792 1140 est
816 1071 1013 1139 nomen
1046 1084 1164 1153 eius
1182 1086 1324 1139 Esau
1348 1084 1415 1139 ⁸⁷.
1454 1102 1475 1138 ι
1506 1083 1711 1140 irarum
1735 1094 1788 1140 et
1814 1079 2165 1138 immanitatis

584 1177 972 1245 plenusEsau
1026 1179 1202 1233 vultus
1249 1190 1331 1233 est
1373 1191 1388 1233 :
1442 1177 1575 1235 tales
1612 1177 1757 1232 enim
1808 1185 1864 1231 et
1909 1174 2166 1231 lsraelitaa

591 1285 721 1328 sunt
750 1290 766 1328 :
796 1275 980 1345 itaque
1009 1283 1064 1330 et
1095 1274 1175 1330 sui
1206 1276 1423 1345 generis
1470 1282 1621 1330 vates
1665 1271 2076 1334 interfecerunt,
2111 1278 2168 1327 et

584 1367 804 1420 domum
888 1367 940 1421 in
989 1368 1165 1436 ipsum
1226 1367 1391 1421 etiam
1452 1364 1731 1421 Christum
1800 1364 2163 1421 admiserunt.

588 1476 606 1506 ι
646 1455 901 1512 Pretinus
932 1456 1069 1512 alter
1098 1456 1404 1525 egrediens,
1458 1456 1695 1527 plantam
1727 1455 1915 1510 fratris
1948 1455 2165 1510 tenebat

586 1564 771 1612 manu,
807 1557 860 1602 et
884 1549 1086 1604 idcirco
1112 1548 1401 1619 appellavit
1426 1564 1548 1604 eum
1572 1548 1739 1605 Jacob
1763 1548 1832 1617 ",
1867 1567 1887 1603 ι
1923 1565 1985 1605 ea
2015 1562 2073 1603 re
2095 1547 2169 1603 si-

586 1642 937 1713 gnifit-ans,et
959 1660 1019 1702 se
1040 1660 1105 1700 eo
1128 1645 1521 1714 potiturum,et
1539 1660 1752 1700 servum
1777 1660 1842 1700 ac
1861 1642 2166 1699 ministrum

587 1736 935 1803 habiturum;
970 1752 1094 1791 nam
1131 1738 1311 1793 calces
1342 1737 1545 1793 laboris
1573 1739 1900 1808 prcecipuum
1936 1747 2085 1802 sunt,
2113 1745 2168 1791 et

585 1829 875 1883 ministerii
906 1829 1142 1898 iudices.
1189 1830 1322 1884 Erat
1366 1840 1547 1885 autem
1584 1828 1753 1885 Jacob
1788 1828 1970 1889 laevis:
2018 1831 2165 1901 quod

584 1921 836 1975 humanm
882 1923 1316 1977 mansuetudinis
1372 1925 1588 1991 tignum
1630 1931 1753 1989 est;
1804 1921 2035 1991 talisque
2079 1932 2164 1977 est

586 2013 690 2068 tlde
720 2027 912 2068 recens
950 2014 1248 2069 instructus
1287 2014 1537 2085 populus,
1576 2014 1748 2078 mitis,
1786 2028 1851 2069 ac
1890 2013 2012 2069 sine
2057 2014 2159 2071 ira.

584 2104 852 2160 Venustas
902 2105 1075 2174 enim}
1106 2107 1354 2177 corporis
1402 2116 1780 2177 argumentum
1829 2106 1994 2162 habet
2040 2105 2158 2176 pul-

582 2195 909 2251 chritudinis
932 2196 1181 2263 internae,
1202 2205 1257 2253 et
1284 2212 1405 2268 quae
1426 2206 1609 2255 mente
1628 2206 1902 2253 teneatur.
1926 2197 2164 2267 Eratque

585 2289 725 2342 Esau
760 2288 990 2345 venandi
1018 2290 1223 2359 peritus
1250 2305 1413 2357 gnam
1444 2289 1701 2347 lsraelitaz
1728 2305 1924 2347 cruore
1951 2299 2005 2346 et
2035 2291 2162 2346 bru-

584 2382 787 2437 tiridiis
817 2384 1088 2453 gaudent;
1114 2381 1281 2439 Jacob
1310 2384 1527 2455 quietus
1558 2384 1755 2441 aedium
1781 2383 2058 2441 habitator
2078 2383 2159 2438 ”:

583 2477 719 2532 tales
746 2485 874 2531 sunt
898 2475 1063 2531 etiam
1097 2476 1151 2531 in
1183 2476 1289 2532 llde
1321 2477 1470 2543 novi,
1519 2492 1725 2546 comes,
1758 2485 2013 2548 expertes
2044 2477 2161 2543 iraa,

582 2578 639 2625 et
667 2569 837 2624 solam
867 2570 1123 2638 pietatem
1153 2568 1297 2625 docti
1326 2583 1533 2625 amare.
1574 2569 1683 2626 Sed
1710 2566 1861 2626 lsaac
1907 2568 2165 2642 diligebat

580 2661 798 2729 quidem
834 2659 1000 2727 Esau,
1045 2676 1150 2716 non
1189 2667 1249 2717 ut
1285 2661 1463 2715 virum
1500 2661 1729 2727 bonum,
1777 2671 1834 2718 et
1871 2662 2166 2719 voluntatis

581 2754 677 2810 Dei
723 2754 1031 2821 conscium,
1067 2754 1163 2809 sed
1208 2754 1443 2809 venandi
1486 2754 1813 2811 studiosum.
1876 2755 2040 2823 ldqne
2090 2755 2162 2811 ita

580 2862 703 2903 esse
736 2857 793 2901 ut
816 2846 1460 2919 intelligeretur,causam
1490 2854 1728 2919 quoque‘
1750 2863 1921 2905 sacra:
1944 2846 2165 2905 Littera

579 2941 886 3013 adjiciunt,
930 2959 952 2996 ι
985 2954 1053 2997 eo
1076 2941 1221 3011 quod
1256 2942 1325 2998 de
1365 2942 1749 2999 venationibus
1791 2941 1932 2998 illius
1972 2957 2165 2998 vesce-

578 3047 787 3092 retur:
836 3044 891 3090 et
937 3034 1183 3115 Rebecca
1235 3034 1495 3107 diligebat
1552 3033 1720 3091 Jacob
1748 3036 1817 3091 ‘°.
1854 3053 1873 3089 ι
1930 3034 2034 3093 Ubi
2082 3043 2167 3092 est

580 3128 726 3183 enim
762 3143 871 3185 non
902 3129 1138 3184 mendax
1172 3128 1526 3200 promissum,
1567 3138 1623 3185 et
1654 3144 1818 3184 verus
1853 3143 2006 3185 amor
2033 3142 2166 3183 con-

582 3222 851 3293 sequitur.
885 3220 1028 3277 Esau
1060 3238 1189 3279 vero
1230 3238 1339 3279 non
1373 3233 1433 3278 ut
1468 3222 1643 3278 virum
1689 3223 1889 3278 bonum
1924 3238 1955 3277 a
2006 3230 2165 3292 patre
2191 3217 2235 3277 G
2270 3238 2515 3294 assidens

2195 1871 2240 1932 Β

3707 417 3800 483 824

2856 532 3085 591 CAPUT
3125 533 3244 591 XX.

2542 670 2733 729 Jacobi
2771 688 2852 729 res
2900 690 3022 729 cum
3075 672 3284 730 Christ
3330 672 3555 731 caltam.

2340 830 2361 865 ι
2402 808 2548 866 Tulit
2579 810 2645 867 de
2676 810 2950 881 lapidibus
2978 812 3069 881 qui
3112 810 3387 879 iacebant,
3426 819 3482 867 et
3524 825 3807 882 suppones:

2264 906 2428 973 capiti
2478 922 2577 963 suo
2618 907 2685 965 “.
2736 926 2756 960 ι
2804 904 3059 977 Lapidem
3100 904 3269 962 Jacob
3295 905 3546 975 sumpsit,
3575 905 3809 976 quoniam

2266 1004 2574 1051 exterarum
2617 995 2856 1067 gentium
2906 994 3133 1066 populus
3160 1008 3259 1064 per
3284 1003 3570 1063 augustum
3601 992 3737 1048 illum
3764 1001 3813 1048 et

2272 1106 2292 1143 ι
2330 1088 2642 1158 angularem
2680 1089 2935 1158 lapidem,
2971 1107 2990 1143 ι
3028 1088 3082 1144 id
3110 1098 3215 1153 est,
3242 1086 3538 1153 Christum,
3569 1086 3634 1141 ad
3666 1086 3813 1141 Deum

2266 1179 2616 1237 confluxerus
2640 1190 2777 1236 erat.
2804 1180 2971 1253 igitur
3000 1180 3090 1237 hic
3115 1194 3331 1251 quoque
3356 1188 3579 1250 auguste
3604 1179 3817 1248 lapidem

2268 1274 2335 1329 ad
2385 1283 2549 1343 caput
2581 1273 2831 1330 adhibuit
2882 1294 2902 1328 r
2948 1274 3213 1331 Dormivit
3241 1274 3297 1330 in
3327 1273 3520 1330 eodem
3556 1272 3672 1329 loco
3698 1272 3760 1327 “.
3795 1289 3814 1325 ι

2267 1366 2404 1423 Nam
2436 1367 2538 1423 etsi
2562 1380 2791 1439 corpore
2813 1368 3119 1425 dormiebat
3146 1365 3339 1430 Iacob;
3364 1375 3423 1421 at
3451 1364 3657 1421 lsraelis
3679 1380 3818 1421 mens

2268 1460 2660 1518 sollicitabatur
2691 1475 2708 1517 :
2743 1479 2766 1515 ‹
2797 1461 3050 1533 Yiditqne
3098 1462 3153 1517 in
3201 1462 3410 1518 somnis
3456 1459 3653 1517 scalam
3685 1468 3820 1517 stan-

2268 1564 2376 1611 tem
2421 1569 2586 1625 super
2618 1569 2841 1619 terram.
2886 1564 2943 1613 et
2991 1570 3251 1613 cacumen
3299 1555 3447 1613 illius
3473 1563 3692 1628 tangens
3724 1567 3822 1610 cte-

2270 1649 2380 1704 luut
2414 1647 2479 1704 “.
2522 1667 2542 1703 ι

2867 1760 3096 1819 CAPUT
3132 1761 3252 1818 XX.

2408 1904 2571 1964 Scala
2604 1903 2771 1961 Iacob
2802 1913 2954 2032 lggus
3103 1906 3363 2032 Vizgint’r,
3406 1913 3455 1960 et
3498 1904 3700 1976 reliqua

2896 1994 2991 2032 aco
3030 1994 3048 2032 t
3089 1993 3173 2032 aes
3202 1994 3257 2032 α.

2896 1993 3048 2032 acoot
3088 1993 3257 2048 gesta.

2340 2118 2554 2174 Scalam
2595 2118 2684 2175 hic
2717 2117 2852 2175 mihi
2896 2116 3172 2190 Virginem
3222 2117 3485 2191 intellige,
3540 2132 3636 2188 per
3678 2130 3825 2187 quam

2266 2212 2318 2267 in
2367 2212 2568 2268 caelum
2615 2227 2647 2269 e
2692 2198 2833 2268 terra
2882 2212 3230 2282 surrigimur.
3283 2230 3305 2266 ι
3340 2210 3579 2283 Angelos
3630 2223 3827 2282 quoque

2265 2302 2360 2360 Dei
2389 2305 2748 2361 ascendentes
2776 2314 2831 2362 et
2857 2304 3245 2363 descendentes
3277 2319 3373 2376 per
3401 2319 3549 2369 eam,
3581 2313 3633 2360 et
3669 2300 3829 2357 Domi-

2267 2413 2395 2452 num
2426 2396 2669 2452 innixum
2700 2397 2864 2454 scalae
2892 2398 2960 2455 ⁸⁸.
3001 2417 3021 2451 ι
3053 2396 3295 2454 Primum
3325 2398 3389 2453 ad
3417 2412 3541 2455 eam
3571 2394 3828 2453 descendit

2265 2489 2505 2558 Gabriel,
2537 2489 2824 2546 Dominum
2871 2490 3221 2547 nuntiaturus
3270 2491 3461 2546 eodem
3516 2488 3830 2546 faustissimo

2265 2583 2461 2640 nuntio
2492 2592 2810 2652 conceptum
2846 2582 2954 2647 iri,
2989 2597 3058 2639 ex
3100 2597 3273 2652 eaque
3300 2581 3523 2649 iamiam
3553 2579 3717 2637 Deum
3749 2578 3831 2633 ho-

2266 2676 2467 2732 minem
2518 2676 2881 2746 proditurum.
2918 2674 3117 2730 Deinde
3148 2683 3205 2730 et
3247 2672 3507 2740 ministri,
3548 2687 3616 2729 ac
3659 2670 3829 2728 salutis

2268 2778 2465 2828 nostrae
2496 2768 2773 2826 custodes.
2807 2768 3065 2824 Servatur
3091 2766 3236 2823 enim
3268 2780 3423 2821 meus
3466 2763 3526 2821 iu
3562 2762 3828 2842 Evangelio

2268 2862 2559 2918 confirmat
2594 2876 2610 2917 :
2643 2880 2664 2916 ι
2704 2859 2972 2916 Videbitis
3006 2859 3204 2917 ctelum
3243 2868 3512 2928 apertum,
3551 2864 3607 2913 et
3640 2855 3829 2928 angelos

2266 2957 2363 3013 Dei
2399 2957 2756 3013 ascendentes
2781 2963 2834 3011 et
2861 2951 3251 3009 descendentes
3297 2964 3463 3021 supra
3515 2949 3716 3005 Filium
3749 2948 3820 3003 bo-

2268 3050 2432 3106 minis
2469 3050 2535 3107 “.
2580 3068 2600 3103 ι
2648 3050 3017 3104 Ascendentes
3066 3047 3133 3100 ad
3183 3060 3340 3109 eum,
3390 3044 3483 3114 qui
3543 3043 3687 3099 Deus
3728 3054 3825 3122 cunt

2268 3151 2435 3207 esset,
2463 3143 2624 3198 homo
2651 3142 2812 3197 etiam
2849 3141 3046 3204 factus,
3080 3136 3453 3207 inaspectabili
3486 3134 3641 3192 Patri
3666 3134 3831 3191 dexter

2558 3255 2571 3291 :
2618 3235 3008 3291 descendentes
3056 3233 3122 3288 ad
3174 3231 3440 3298 homines,
3496 3226 3831 3302 procuranda

582 3324 846 3380 amatum,
895 3314 1027 3370 nulli
1077 3314 1303 3370 dubium
1332 3325 1456 3381 est;
1495 3316 1587 3384 qui
1630 3316 1789 3386 panis
1817 3314 2075 3386 pauxillo,
2106 3322 2164 3371 et

2268 3346 2452 3388 eorum
2482 3329 2671 3386 salutis
2700 3342 2883 3385 causa.
2914 3327 2970 3383 ld
3003 3325 3149 3382 enim
3175 3333 3228 3381 et
3256 3323 3478 3392 Paulus,
3511 3324 3619 3379 mei
3650 3318 3828 3379 Christi

580 3408 835 3463 conlecto
867 3422 930 3462 ex
974 3407 1121 3463 lente
1163 3396 1365 3477 edulio,
1412 3408 1592 3465 aetatis
1619 3407 2036 3481 praerogativam
2064 3411 2164 3464 ad-

581 3502 807 3557 dixerit.
830 3501 1012 3573 Atque
1042 3502 1119 3557 ita
1160 3517 1290 3558 sane
1320 3511 1377 3558 et
1408 3502 1691 3573 Synagoga
1716 3512 1938 3573 propter
1965 3500 2160 3557 exilem

2262 3439 2346 3488 os,
2386 3431 2612 3480 testatus
2640 3430 2742 3485 est,
2774 3420 2927 3491 cujus
2955 3420 3023 3477 de
3064 3419 3268 3489 angelis
3311 3418 3427 3474 haec
3470 3425 3604 3473 sunt
3634 3414 3826 3472 verba:

2270 3534 2292 3569 σ
2351 3514 2541 3572 Nonne
2588 3529 2777 3570 omnes
2832 3522 2958 3569 sunt
3007 3510 3454 3567 administratorii
3510 3510 3731 3580 spiritus
3780 3506 3826 3562 in

581 3594 849 3667 regnandi
879 3596 1214 3669 voluptatem
1245 3597 1537 3665 adoptione
1566 3596 1800 3664 excidit;
1823 3594 2026 3652 Jacobo
2048 3612 2167 3651 ωει-
2263 3606 2622 3664 ministerium
2654 3606 2800 3660 missi
2829 3616 3051 3675 propter
3078 3618 3171 3659 eos
3207 3602 3298 3673 qui
3333 3602 3706 3658 itaet-adiutem
3740 3614 3825 3657 ca-

581 3690 682 3745 tris
721 3705 930 3763 opera,
990 3690 1195 3762 ingenii
1259 3689 1562 3759 facilitate,
1627 3691 1796 3764 patris
1849 3691 2163 3748 felicitatem

579 3785 798 3854 adepto.
828 3784 910 3840 Ac
950 3786 1412 3854 quemadmodum
1464 3785 1711 3842 Rebecca
1746 3781 2035 3851 Jaéobum,
2087 3785 2163 3840 ita

579 3884 636 3932 et
665 3876 770 3931 mei
807 3875 1009 3932 Christi
1054 3876 1607 3933 incruenta‘victima
1652 3892 1857 3934 novum
1906 3876 2162 3950 populum

584 3968 697 4024 Deo
728 3976 781 4025 et
810 3965 961 4025 Patri
997 3969 1314 4025 conciliavit
1358 3979 1415 4026 et
1463 3970 1721 4043 placavit.
1766 3969 1872 4027 Sed
1907 3970 2163 4042 quoniam

581 4060 823 4133 reiectus
874 4078 903 4118 a
960 4062 1070 4132 Deo
1120 4074 1206 4120 est
1244 4065 1412 4130 Esau,
1455 4074 1510 4121 et
1560 4080 1661 4121 nos
1703 4064 1841 4121 adeo
1893 4066 2163 4122 hactenus

576 4157 649 4213 de
695 4173 762 4216 eo
808 4158 1184 4224 sermocinati,
1233 4159 1495 4229 deinceps
1540 4159 1757 4230 quaead
1784 4158 1950 4216 Jacob
1988 4159 2164 4218 solum

579 4258 831 4318 spectant
857 4264 1278 4321 prosequamur.
1317 4250 1429 4307 Etsi
1462 4249 1590 4310 illud
1637 4253 1789 4324 prius
1832 4268 2010 4323 operae
2039 4268 2165 4323 pre-

585 4345 718 4397 tiutn
755 4352 840 4400 est
871 4344 1161 4415 dispicere,
1213 4338 1313 4401 cur
1353 4344 1492 4404 Esau
1540 4346 1755 4418 paterni
1801 4348 1928 4404 boni
1967 4348 2167 4405 ominis

582 4450 773 4500 causa,
821 4436 1025 4503 ingenti
1072 4437 1221 4494 obito
1263 4438 1469 4505 labore,
1503 4438 1774 4496 dillicilem
1822 4454 1880 4496 se
1918 4442 2164 4510 praebens

578 4536 732 4596 pater
780 4528 1018 4599 graviter
1059 4528 1356 4597 eiulantem
1409 4529 1766 4584 benedixerit.
1826 4527 1945 4585 Hoc
1997 4530 2158 4592 laeto,

578 4622 795 4689 opimir,
830 4617 978 4677 lsaae
1009 4622 1463 4677 scelestissimam
1491 4621 1831 4694 Syuagogam
1858 4624 2039 4689 docet.
2058 4624 2159 4678 nisi

581 4716 650 4767 ad
688 4714 851 4769 Deum
890 4713 1164 4770 hominem
1203 4712 1413 4779 Iesum,
1458 4730 1618 4784 quem
1667 4717 1719 4770 in
1766 4731 1985 4771 crucem
2031 4718 2161 4787 egit,

581 4821 823 4871 reversa,
871 4821 995 4860 eum
1052 4808 1477 4876 regenerationis
1524 4807 1762 4873 lavacro,
1820 4808 2043 4877 perinde
2098 4824 2163 4865 ac

584 4896 725 4952 Esau
770 4908 978 4967 patrem
1025 4896 1303 4967 lacrytnis,
1340 4896 1618 4968 propitiet,
1668 4899 1889 4954 cceleste
1918 4898 2157 4969 [regnum

584 4992 848 5063 consequi
903 5006 1011 5047 non
1070 5006 1251 5061 posse.
1302 4991 1408 5047 Sed
1460 5008 1679 5047 rursum
1728 4994 1797 5048 ad
1845 4992 2161 5048 vaticinium

582 5102 893 5143 sermonem
942 5084 1267 5141 referamus.
1306 5104 1326 5137 ι
1364 5083 1530 5155 Igitur
1580 5100 1831 5157 egressus
1878 5084 2046 5141 Jacob
2095 5086 2163 5141 de

582 5179 850 5235 Bersabee
869 5179 1126 5250 pergebat
1152 5178 1354 5233 i‘laran.
1370 5180 1613 5250 Cumque
1634 5178 1865 5235 venisset
1889 5179 1955 5233 ad
1974 5194 2159 5249 quem-

584 5273 709 5327 dam
766 5272 966 5338 locum,
1001 5281 1056 5326 et
1097 5271 1255 5327 vellet
1302 5271 1355 5327 in
1401 5288 1466 5328 eo
1512 5277 1853 5343 requiescere
1884 5283 2001 5345 post
2032 5274 2163 5329 solis

584 5365 894 5421 occubitum
917 5366 985 5418 ἰ.
1019 5382 1038 5417 ι
1075 5363 1284 5420 iacebo
1328 5366 1480 5432 solis,
1537 5366 1626 5435 qui
1678 5376 1857 5421 mente
1889 5377 2159 5435 teneatur,

585 5460 755 5530 signis
802 5459 1065 5515 divinitus
1108 5458 1431 5521 erudiendo.
1485 5458 1741 5513 sensilem
1782 5458 1942 5515 condi
1990 5459 2160 5514 solem

586 5554 891 5621 Oportebat,
924 5561 985 5607 ιιι
1012 5567 1173 5622 quam
1204 5552 1482 5606 subiturus
1513 5548 1730 5623 quoque
1757 5561 1876 5607 erat
1907 5553 1961 5609 in
1990 5554 2163 5610 domi-

590 5648 710 5705 I'ico
742 5645 1011 5717 supplicio
1038 5644 1325 5716 caliginem
1359 5646 1697 5715 praesagiret.

656 5792 702 5825 "
743 5790 882 5846 Gen.
924 5804 1057 5854 xxv,
1097 5789 1191 5845 25.
1270 5788 1315 5822 "
1354 5787 1493 5846 Gen.
1537 5805 1587 5851 v,
1634 5788 1725 5843 26.
1801 5791 1846 5825 ⁵³
1887 5791 2017 5849 ibid.
2058 5794 2149 5849 27.
2224 5793 2271 5828 “
2314 5793 2453 5849 Gen.
2497 5806 2618 5856 xxv,
2658 5788 2750 5843 28.

596 5864 633 5903 ⁸
662 5860 797 5934 Gen.
847 5874 1053 5934 xxvttt._
1080 5859 1203 5934 ll.”
1243 5859 1290 5934 ‘3
1328 5860 1457 5934 ibid.
1491 5860 1611 5934 l2._
1654 5860 1700 5893 "
1729 5862 1862 5920 ibid.
1896 5862 1984 5922 15.
2061 5867 2107 5901 ⁸⁸
2132 5863 2289 5924 Joan.
2334 5880 2372 5934 t,
2414 5862 2502 5921 5|.

590 5936 632 5969 "
669 5933 861 5991 Matth.
900 5947 956 6004 x,
997 5927 1090 5989 28.
1165 5933 1211 5967 ⁷⁸
1248 5928 1391 5989 Psal.
1426 5946 1555 6001 xxx,
1588 5931 1643 5989 9.

2191 4582 2243 4643 Ι)

2262 3700 2415 3773 pient
2442 3698 2630 3755 salutis
2660 3698 2743 3752 "7
2776 3716 2796 3752 ι
2835 3697 2943 3754 Sed
2974 3696 3038 3752 ad
3074 3696 3388 3753 vaticinium
3424 3708 3781 3753 revertamur.

2340 3789 2520 3863 Atque
2554 3790 2644 3845 ille
2673 3806 2794 3846 eum
2826 3790 2905 3846 sic
2929 3799 3012 3846 est
3048 3788 3314 3846 allocutus
3343 3806 3357 3843 :
3393 3808 3414 3841 ι
3448 3788 3566 3857 Ego
3598 3804 3713 3844 sum
3741 3784 3832 3841 Do-

2266 3886 2448 3943 minus
2482 3884 2623 3941 Deus
2651 3882 2923 3941 Abraham
2956 3882 3123 3955 patris
3151 3883 3248 3947 tui,
3282 3894 3339 3939 et
3366 3881 3510 3939 Deus
3545 3884 3697 3937 lsaac
3718 3878 3779 3935 ⁸⁸.
3809 3894 3828 3930 t

2266 3980 2400 4052 Ego.
2436 3979 2606 4049 Quis?
2637 3978 2811 4035 Scalae
2845 3978 3157 4034 imminens.
3188 3975 3269 4032 Ne
3308 3983 3513 4040 metue,
3549 3974 3751 4029 scilicet
3776 3970 3834 4022 ab

2268 4075 2408 4132 Esau
2451 4076 2619 4129 fratre
2651 4081 2765 4128 tuo.
2798 4070 2988 4127 Itidem
3019 4080 3075 4127 et
3109 4067 3370 4126 Servator
3399 4083 3531 4124 suos
3558 4064 3836 4134 discipulos

2270 4167 2521 4225 monebat
2550 4185 2567 4226 :
2595 4186 2616 4220 ι
2644 4166 2825 4223 Nolite
2855 4166 3048 4222 timere
3078 4179 3193 4230 eos,
3223 4166 3311 4232 qui
3341 4163 3601 4218 occidunt
3630 4170 3829 4226 corpus.

2269 4264 2502 4321 animam
2535 4272 2718 4319 autem
2752 4275 2856 4316 non
2889 4264 3114 4330 possunt
3142 4254 3397 4312 occidere
3430 4253 3498 4308 ".
3539 4270 3560 4306 ι
3596 4247 3743 4318 Quod
3776 4258 3834 4301 eo

2267 4357 2598 4427 pertinebat,
2622 4361 2682 4408 ut
2706 4362 2969 4407 terrorem
2998 4349 3063 4405 iis
3084 4348 3374 4413 eximeret,
3400 4344 3491 4415 qui
3525 4344 3580 4399 in
3612 4358 3671 4398 se
3698 4350 3829 4409 apem

2267 4449 2561 4515 haberent;
2607 4443 2880 4516 quomodo
2923 4453 2977 4498 et
3025 4440 3220 4496 beatus
3257 4438 3423 4493 David
3472 4436 3685 4492 felicem
3733 4430 3833 4487 cla-

2270 4550 2380 4595 mat
2418 4540 2489 4605 ",
2539 4537 2628 4607 qui
2662 4537 2716 4592 in
2762 4550 2828 4591 eo
2874 4549 3024 4603 spem
3072 4532 3246 4603 ponit.
3302 4549 3321 4582 ι
3356 4528 3605 4591 Terram,
3641 4526 3692 4579 in
3739 4534 3830 4592 qua

2272 4629 2477 4687 dormis
2531 4629 2625 4684 tibi
2672 4627 2832 4694 dabo,
2867 4633 2923 4680 et
2951 4622 3141 4679 semini
3195 4629 3311 4675 tuo.
3360 4636 3380 4671 ›
3419 4618 3550 4686 Ejus
3600 4617 3830 4685 stirpem,

2272 4739 2375 4779 non
2424 4721 2596 4777 solum
2647 4734 2712 4775 ex
2763 4733 2828 4773 eo
2878 4726 3189 4787 prognatos.
3225 4716 3321 4769 sed
3370 4721 3588 4767 exteros
3635 4719 3832 4779 quoque

2273 4818 2412 4874 Deus
2450 4813 2703 4885 appellat.
2740 4811 2875 4865 Nam
2925 4819 2983 4865 ut
3010 4809 3175 4873 Esau,
3206 4807 3297 4877 qui
3334 4805 3475 4861 filius
3508 4805 3660 4859 Isaac
3707 4807 3830 4859 erat,

2270 4912 2322 4966 in
2376 4909 2676 4981 Syuagogae
2728 4903 2983 4958 felicitate
3042 4914 3327 4955 numerum
3386 4896 3590 4952 nullum
3646 4889 3831 4950 tenuit,

2270 5006 2410 5075 quod
2445 5001 2661 5058 virtutis
2688 5008 2746 5053 et
2787 4998 2880 5053 Dei
2919 4995 3123 5050 notitia:
3154 4995 3256 5049 iter
3291 5007 3393 5051 non
3442 4992 3739 5053 insisteret;
3769 4987 3830 5040 ita

2270 5097 2357 5163 qui
2390 5111 2485 5165 per
2520 5094 2608 5147 Dei
2641 5090 2889 5146 notitiam
2928 5098 2982 5143 et
3008 5086 3287 5150 virtutem,
3324 5084 3535 5139 etiamsi
3569 5097 3634 5137 ex
3672 5075 3832 5151 genti-

2272 5190 2371 5244 bus
2399 5187 2531 5253 sint,
2558 5184 2773 5241 Christo
2819 5196 2879 5238 se
2925 5179 3245 5249 adjungunt,
3280 5177 3373 5232 lilii
3402 5173 3620 5232 Israclis
3663 5178 3828 5226 erunt.

2272 5279 2547 5350 Siquidem
2575 5274 2788 5330 Israclis
2809 5274 3014 5327 notatio
3036 5280 3141 5335 est,
3167 5289 3186 5323 ι
3213 5284 3366 5325 mens
3383 5267 3551 5322 Deum
3577 5266 3777 5320 videns.
3803 5276 3823 5311 ι

2272 5374 2456 5441 Itaque
2487 5370 2577 5440 qui
2625 5376 2862 5423 mentem
2897 5364 3102 5420 habent
3141 5370 3445 5433 purgatam,
3488 5359 3558 5415 ad
3605 5356 3825 5412 divinum

2272 5468 2613 5541 Splendoretu
2668 5462 3098 5532 suscipiendum,
3146 5458 3346 5514 merito
3395 5454 3611 5510 lsraeiis
3657 5451 3741 5506 lilii
3776 5454 3825 5501 et

2272 5569 2421 5625 sunt,
2452 5565 2505 5612 et
2538 5554 2905 5610 nominantur.
2944 5552 3120 5621 Atque
3168 5550 3309 5605 hanc
3347 5557 3582 5605 nostram
3622 5552 3824 5600 senten-

2271 5655 2400 5709 tiam
2434 5649 2635 5721 reliqua
2675 5661 2844 5704 sacrae
2874 5644 3167 5718 Scripturze
3209 5642 3367 5700 facile
3395 5637 3818 5699 confirmabant:

2839 5788 2882 5822 “
2923 5786 3063 5844 Gen.
3110 5802 3300 5851 xxvm,
3346 5784 3429 5848 l0,
3472 5783 3561 5839 ll.
3635 5775 3814 5851 "ibid.

2614 5845 2658 5895 δ’
2690 5858 2855 5919 Hebr.
2904 5874 2980 5927 tt,
3040 5857 3127 5915 14.
3226 5845 3446 5914 ’θ’(ὶθιι.
3484 5866 3689 5918 xxvul,
3740 5845 3811 5901 i5-
