4082 6294
370 401 480 467 825

1426 419 1817 484 DIALOGUS
1851 416 2157 482 CONTRA
2196 417 2537 484 JUDEOS.

3504 414 3617 481 826

379 533 399 568 ι
440 515 664 587 Eritqne
695 534 880 578 semen
924 532 1071 582 tuum
1110 529 1265 599 quasi
1310 530 1484 600 pulvis
1518 540 1704 600 terrae;
1756 533 1948 588 dilata.
1976 542 2027 599 Α
2057 539 2369 586 exterarum
2417 538 2656 602 gentium
2685 530 2960 600 populum.
3012 529 3090 588 ita
3138 529 3281 590 enim
3318 545 3415 590 eos
3462 548 3617 592 meus

376 607 520 664 lteris
539 610 605 663 ad
626 609 969 672 Occidentem
998 627 1053 674 et
1078 619 1371 688 Orientem,
1399 633 1453 678 et
1478 624 1932 697 Septentrionem,

2035 617 2286 674 Christus
2338 620 2574 690 appellat
2619 636 2688 676 :t
2725 620 2839 691 Ego
2879 635 2999 675 sum
3049 631 3237 692 pastor
3286 622 3498 684 bonus.
3554 632 3610 678 ct

370 709 425 753 et
456 699 730 759 Meridiem
761 707 829 761 ".
862 728 882 763 ι
913 709 1102 767 Videte
1133 723 1191 768 ut
1220 724 1511 783 quaternas
1543 717 1727 771 mundi
1754 728 1936 786 partes
2037 723 2304 779 cognosco
2326 726 2455 768 oves
2484 728 2656 780 meas,
2689 723 2744 769 et
2785 723 3115 784 cognoscunt
3148 729 3234 770 me
3268 729 3420 771 mete.
3458 715 3613 772 Sicut

369 807 541 847 sacra:
584 796 800 854 Litterae
839 802 1307 873 complectantur?
1333 822 1460 862 cum
1501 805 1680 863 Judrea
1710 819 1933 877 quotum

2036 799 2181 854 novit
2208 816 2295 855 me
2323 802 2506 869 Pater,
2542 814 2598 859 et
2620 818 2721 876 ego
2747 820 2982 875 agnosco
3017 805 3266 873 Patrem;
3296 814 3351 862 et
3375 809 3610 862 animam

367 881 608 953 "i‘iuod,
638 896 692 942 et
722 890 1004 946 minimum
1045 898 1204 950 terrae
1248 888 1584 967 segmentum
1618 900 1709 953 sit.
1752 897 1935 966 Itaque
2035 906 2207 948 meam
2238 908 2381 965 pono
2406 910 2505 964 pro
2530 896 2724 952 ovibus
2754 898 2890 953 meis
2915 900 2990 955 ⁷⁸.
3024 917 3042 950 ι
3079 898 3273 955 Notate
3301 898 3610 970 diligenter.

368 974 422 1029 id
460 983 631 1048 magis
672 980 941 1039 illustrans
972 995 1141 1050 vates,
1172 988 1320 1044 addit
1350 1006 1364 1043 :
1398 1007 1417 1041 α
1452 990 1847 1045 Benedicentur
1877 991 1930 1046 in

368 1078 441 1134 te,
475 1082 530 1128 ct
579 1075 635 1129 in
668 1078 873 1132 semine
898 1086 1013 1143 tuo,
1046 1090 1255 1137 cunctae
1290 1083 1457 1138 tribus
1509 1092 1667 1139 terrae
1695 1085 1764 1139 τ’.
1805 1105 1824 1138 ι
1874 1084 1931 1140 Id

361 1174 470 1231 est,
504 1165 572 1221 ab
618 1172 812 1224 exorto
857 1171 982 1226 Iesu
1022 1173 1239 1229 Christo
1286 1174 1411 1229 Deo.
1449 1175 1542 1230 Sin
1590 1176 1643 1231 id
1689 1188 1931 1232 evertere

359 1259 661 1327 conamini,
690 1262 832 1317 nulla
863 1265 1002 1320 inter
1025 1280 1119 1319 vos
1147 1276 1199 1320 et
1228 1275 1414 1334 gentes
1447 1266 1673 1325 felicitas
1698 1277 1752 1324 et
1780 1284 1930 1323 com-

360 1352 549 1406 muuio
597 1355 734 1419 erit,
784 1358 878 1410 sed
924 1358 1208 1413 discidium
1257 1367 1419 1428 atque
1468 1360 1755 1415 dissensio.
1792 1358 1928 1416 Nam

359 1441 624 1499 hactenus
654 1448 797 1515 apud
847 1463 1033 1504 omnes
1077 1462 1264 1519 gentes
1307 1451 1625 1521 contempti,
1672 1460 1727 1507 et
1770 1450 1926 1508 invisi

358 1535 518 1593 estis.
545 1556 564 1591 ι
597 1537 662 1593 Et
690 1553 787 1597 ero
816 1550 1005 1597 custos
1026 1551 1172 1609 tuus,
1204 1558 1527 1615 quocunque
1557 1544 1875 1612 perrexeris.
1902 1564 1922 1597 ι

357 1626 540 1692 Quare
581 1640 763 1688 certus
810 1635 948 1689 Itane
992 1635 1060 1690 ab
1089 1644 1292 1691 aeterno
1330 1636 1687 1691 oeconomiam
1727 1637 1783 1691 in
1836 1646 1924 1691 tua

354 1718 530 1790 stirpe
567 1722 959 1792 complendam,
1006 1726 1111 1780 iter
1154 1741 1315 1781 omne
1363 1736 1514 1781 tuum
1560 1741 1784 1782 securus
1830 1729 1927 1784 de—

355 1823 540 1866 curre.
569 1831 589 1866 t
618 1811 683 1867 Et
714 1815 963 1871 reducam
996 1824 1050 1871 te
1082 1820 1139 1873 in
1172 1828 1369 1873 terram
1403 1819 1559 1885 hanc,
1600 1836 1619 1870 ι
1657 1818 1708 1873 id
1738 1827 1839 1885 est,
1870 1821 1923 1873 in

2032 977 2167 1036 Nam
2214 997 2281 1037 ex
2326 998 2392 1039 eo
2443 996 2604 1057 puteo
2656 986 3104 1058 adaquahantur.
3155 990 3605 1057 quemadmodum

2030 1074 2279 1132 Christus
2310 1077 2362 1131 itt
2396 1076 2687 1149 Evangelio
2716 1080 2790 1132 ait
2820 1094 2837 1133 :
2868 1095 2889 1130 ο
2926 1079 2982 1134 Si
3011 1079 3132 1150 quis
3168 1080 3301 1144 sitit,
3330 1079 3505 1134 veniat
3540 1081 3609 1135 ad

2034 1183 2139 1229 me,
2174 1178 2229 1225 et
2260 1166 2406 1226 bibat
2433 1170 2503 1226 '°.
2546 1190 2566 1223 ι
2604 1170 2747 1228 Oves
2779 1171 2888 1227 illic
2915 1172 3110 1239 bruta,
3160 1171 3258 1231 hic
3290 1171 3603 1228 rationales.

2038 1278 2059 1312 ι
2100 1259 2165 1315 Et
2213 1276 2275 1316 os
2320 1265 2436 1330 ejus
2465 1264 2659 1333 grandi
2694 1263 2871 1335 lapide
2904 1264 3280 1319 claudebatur.
3318 1284 3336 1317 ι
3374 1264 3421 1320 ls
3468 1265 3606 1336 lapis

2032 1354 2365 1408 monumenti
2432 1352 2740 1411 Servatoris
2798 1353 3000 1412 Christi
3062 1370 3257 1412 saxum
3334 1358 3601 1428 designat.

2030 1441 2231 1499 Eodem
2257 1460 2445 1501 omnes
2476 1463 2662 1518 greges
2685 1449 2971 1519 cogebant,
3006 1449 3216 1507 scilicet
3240 1451 3518 1521 prophetae
3546 1459 3601 1507 et

2028 1537 2292 1605 apostoli;
2324 1537 2646 1607 avolutoque
2694 1555 2824 1595 saxo
2855 1555 2984 1596 oves
3017 1542 3382 1611 adaquabant,
3412 1542 3464 1597 id
3495 1554 3601 1607 est,

2026 1627 2360 1698 explicandis
2408 1630 2580 1685 sacris
2618 1631 2840 1687 Litteris
2883 1633 3137 1703 populum
3176 1634 3385 1689 ccelesti
3423 1644 3605 1691 musto

2029 1721 2301 1790 rigabant.
2337 1721 2684 1793 Rursumque
2714 1738 2903 1777 saxum
2952 1723 3018 1778 ad
3054 1738 3118 1781 os
3165 1726 3309 1796 putei
3352 1726 3607 1782 advolve-

2028 1813 2176 1869 bant.
2202 1815 2405 1869 Saxum
2443 1822 2543 1871 hoc
2571 1816 2740 1885 putei,
2772 1818 2913 1887 quod
2944 1824 3133 1873 saxum”
3161 1828 3242 1873 est
3275 1820 3603 1874 monumenti

355 1904 630 1972 antiquam
655 1906 845 1963 Adami
870 1909 1202 1965 nobilitatem
1234 1913 1535 1966 restituam.
1565 1930 1586 1965 ι
1615 1911 1723 1967 Nec
1745 1911 1925 1967 dimit-
1957 1906 1998 1960 Β
2030 1905 2353 1962 immortalis
2376 1909 2522 1971 vim.
2552 1910 2861 1979 congregati
2889 1909 2993 1965 duo
3020 1911 3305 1981 pontiﬁces
3337 1912 3523 1965 Annas
3549 1920 3603 1967 et

356 2005 468 2049 tam
518 1997 621 2052 nisi
668 2000 1009 2069 complevero
1039 2005 1313 2069 universa,
1342 2019 1461 2074 qum
1494 2004 1603 2060 dixi
1638 2005 1705 2060 τι,
1748 2024 1767 2059 ι
1811 2005 1926 2061 Non
2028 1995 2261 2066 Caipbas
2303 2014 2426 2052 cum
2460 1999 2728 2065 custodia,
2775 2000 2841 2055 ad
2869 2016 2930 2056 os
2981 2004 3314 2057 monumenti
3351 2003 3606 2058 advolveo

353 2087 591 2150 delleiet,
615 2089 977 2161 inquit,tuam
1009 2095 1231 2165 stirpem
1254 2094 1501 2162 felicitas,
1520 2098 1648 2167 quin
1675 2110 1736 2152 es
1768 2111 1852 2162 ea,
1875 2096 1927 2154 id
2028 2096 2171 2146 runt.
2211 2089 2279 2145 Et
2310 2088 2477 2146 Iacob
2524 2092 2661 2147 duos
2704 2104 2948 2163 pastores
2994 2093 3280 2151 allocutus.
3323 2095 3433 2151 Illic
3468 2110 3599 2152 sane

350 2188 537 2242 cst,ex
556 2181 793 2253 Virgine,
813 2186 1052 2257 corporis
1068 2187 1224 2257 quasi
1254 2188 1543 2244 miscellam
1562 2203 1925 2258 assumpsero.

426 2268 579 2336 Quod
617 2272 663 2327 si
712 2276 834 2345 quis
861 2275 913 2331 id
958 2278 1198 2346 pressius
1236 2279 1533 2349 intelligere
1579 2280 1717 2347 vult,
1759 2278 1927 2337 Jacob

349 2359 534 2431 ipsum
569 2375 935 2433 percontetur.
967 2365 1132 2433 Cedo,
1165 2369 1319 2423 beate
1363 2367 1552 2435 Israel,
1588 2386 1834 2440 quaenam
1863 2387 1924 2427 ea

349 2463 504 2519 sunt,
540 2470 659 2525 quae
704 2460 963 2530 benignus
1007 2460 1244 2519 SahaOtb
1278 2462 1536 2519 Dominus
1568 2462 1834 2519 facturum
1867 2480 1926 2521 se

347 2546 717 2615 promittitis
754 2548 869 2604 Non
902 2551 1175 2607 auferetur
1220 2562 1494 2623 sceptrum
1542 2555 1611 2609 de
1657 2553 1826 2620 Juda,
1871 2565 1927 2611 et

345 2641 459 2694 dux
488 2639 555 2695 de
586 2640 787 2696 femore
810 2641 949 2711 ejus,
974 2645 1146 2699 donec
1171 2644 1352 2702 veniat
1380 2647 1472 2714 qui
1502 2646 1796 2701 mittendus
1817 2657 1920 2711 est,

346 2742 401 2785 et
434 2731 550 2801 ipse
570 2733 674 2787 erit
701 2734 1038 2804 exspectatio
1059 2738 1299 2807 gentium
1328 2737 1395 2792 ".
1435 2756 1453 2792 ι
1485 2737 1780 2793 Audivistis
1804 2752 1928 2808 pro-

346 2825 527 2893 phetae
550 2840 734 2880 vocem
761 2827 962 2884 nostris
986 2830 1165 2886 verbis
1193 2840 1553 2887 consentanea
1578 2830 1925 2903 loquentem?

345 2912 481 2968 Illud
525 2914 669 2968 enim
718 2917 861 2985 quod
894 2919 1243 2975 constitutum
1278 2929 1386 2987 est,
1430 2933 1747 2991 conceptum
1797 2934 1923 2977 ante

346 3005 545 3060 saecula
597 3021 855 3063 arcanum
906 3009 1201 3080 significat.
1254 3030 1273 3064 ι
1330 3011 1572 3082 Cumque
1615 3012 1923 3084 evigilasset

348 3100 515 3156 Jacob
548 3101 614 3156 de
643 3116 857 3170 somno,
893 3121 914 3155 ι
946 3103 998 3159 id
1023 3114 1126 3171 est,
1159 3105 1438 3161 scientiam
1468 3121 1680 3163 omnem
1710 3121 1917 3173 eorum,

353 3208 471 3261 qua
518 3193 660 3250 Deus
708 3196 969 3261 dixisset,
1019 3199 1284 3254 memoria
1334 3198 1690 3269 complexus:
1735 3218 1753 3252 ‹
1787 3202 1914 3256 Ait:

2024 2180 2194 2239 Jacob
2247 2184 2381 2237 duos
2430 2192 2697 2253 pastores,
2754 2186 2844 2241 hie
2912 2184 3161 2263 Salvator
3209 2196 3390 2241 noster
3437 2196 3602 2258 atque

2026 2272 2187 2339 Deus,
2216 2274 2363 2330 velut
2385 2275 2524 2330 alter
2548 2273 2741 2343 Iacob,
2771 2277 2905 2333 duos
2937 2277 3238 2348 pontifices.
3272 2278 3376 2346 En,
3406 2280 3600 2350 inquit,

2029 2364 2133 2419 diei
2160 2364 2384 2418 multum
2411 2365 2586 2421 adhuc
2608 2376 2725 2433 est;
2754 2367 2972 2437 longum
3000 2369 3296 2439 ptenitendi
3328 2371 3598 2439 spatium;

2026 2471 2128 2512 uec
2160 2466 2371 2527 tempus
2414 2466 2498 2513 est
2546 2459 2769 2530 cogendi
2820 2461 3047 2530 pecoris,
3098 2472 3309 2531 tempus
3352 2462 3481 2518 illud
3515 2478 3603 2519 se-

2024 2550 2189 2605 cundi
2232 2549 2335 2606 mei
2377 2551 2661 2616 adventus,
2688 2568 2795 2622 quo
2837 2568 2967 2608 oves
2999 2552 3068 2609 ab
3112 2554 3282 2608 ba-dis
3329 2568 3598 2623 separem.

2023 2640 2308 2711 Adaquate
2339 2655 2488 2706 oves,
2533 2639 2626 2696 Dei
2666 2642 2910 2697 notitiam
2945 2659 3042 2713 per
3076 2654 3230 2700 actus
3272 2644 3602 2713 pteuitentia:

2024 2731 2233 2795 docete,
2264 2739 2318 2786 et
2348 2740 2558 2802 pastum
2594 2730 2698 2799 ite;
2733 2732 2835 2787 hoc
2865 2740 2968 2799 est,
3008 2733 3061 2787 in
3101 2743 3302 2788 aeterna
3350 2733 3599 2787 taberna-

2021 2821 2143 2876 cula
2176 2820 2480 2877 concedite.
2528 2821 2609 2876 Ad
2655 2838 2815 2893 quem
2865 2822 2962 2889 illi,
2996 2821 3113 2879 Non
3155 2837 3461 2894 possumus,
3508 2823 3592 2878 ἰη-

2021 2916 2231 2985 quiunt.
2260 2914 2400 2971 Idem
2425 2930 2740 2983 responsum
2772 2926 2825 2971 et
2874 2916 3155 2987 pontifices
3185 2916 3364 2971 ovium
3395 2914 3599 2984 pastori

1986 3078 1987 3081 η
2021 3009 2308 3089 dederunt.
2341 3008 2461 3065 Non
2488 3025 2799 3081 possumus,
2849 3011 2941 3080 qui
2986 3011 3153 3065 Deum
3206 3009 3598 3076 interfecitnus,

2020 3104 2088 3159 ad
2124 3102 2328 3173 frugem
2358 3110 2412 3157 et
2442 3101 2819 3172 pteuitentiam
2853 3103 3065 3168 redire;
3103 3104 3203 3156 nisi
3251 3103 3452 3157 coactis
3483 3116 3599 3156 omo

2024 3196 2181 3253 nibus
2220 3196 2493 3266 gregibus,
2520 3195 2759 3264 gentium
2798 3195 3029 3262 scilicet,
3056 3204 3370 3249 amoveatur
3406 3207 3596 3247 saxum

351 3282 487 3343 Vere
533 3287 793 3345 Dominus
845 3298 926 3343 est
974 3288 1030 3345 in
1081 3290 1199 3345 loco
1252 3291 1390 3357 isto,
1442 3302 1497 3347 et
1554 3306 1656 3361 ego
1704 3294 1917 3349 nescie-
1945 3291 1988 3349 C.
2020 3287 2089 3343 ab
2110 3301 2205 3341 ore
2230 3285 2396 3355 putei,
2422 3301 2589 3340 sacra:
2618 3284 2909 3356 Scriptura:
2938 3293 3194 3354 tanquam
3228 3294 3595 3353 tegumentum

344 3378 469 3435 bam
500 3380 568 3435 ".
614 3399 635 3434 ι
673 3379 738 3435 Ει
784 3378 1190 3452 intelligentiam
1231 3384 1563 3441 subobscure
1610 3386 1818 3452 innuit,
1862 3394 1917 3442 et

339 3472 835 3544 contprehendendi
877 3475 1247 3545 impotentiam
1292 3475 1525 3546 fatetur;
1562 3494 1913 3550 pavensqtte:

346 3583 371 3617 ε
424 3563 595 3631 Quam
649 3564 906 3621 terribilis
953 3575 1073 3631 est,
1125 3566 1333 3637 inquit,
1397 3569 1552 3625 locus
1611 3570 1715 3626 iste
1760 3572 1838 3627 "i
1890 3592 1911 3626 a

338 3656 486 3712 Vere
517 3666 574 3713 tu
605 3658 850 3727 quidem,
870 3658 1181 3714 beatissime
1221 3660 1400 3717 Israel.
1434 3661 1604 3719 Valde
1633 3662 1775 3719 enim
1809 3673 1918 3721 ter-

340 3749 519 3806 ribilis
565 3758 650 3805 est
694 3748 789 3806 Dei
828 3752 902 3806 ad
949 3749 1203 3808 mortales
1248 3754 1567 3821 descensus.
1630 3772 1650 3807 ι
1685 3754 1800 3810 Non
1834 3766 1918 3811 est

340 3839 434 3896 hic
462 3839 632 3905 aliud,
650 3857 670 3893 ›
695 3838 899 3913 scilicet
928 3856 958 3897 e
988 3840 1155 3907 scala,
1176 3839 1227 3895 id
1252 3851 1357 3910 est,
1380 3858 1445 3897 ex
1478 3840 1695 3914 Virgine
1720 3842 1915 3912 Maria,

338 3942 717 4006 corporatum,
751 3953 771 3986 ι
809 3933 911 3989 nisi
940 3934 1131 3989 domus
1154 3934 1269 3998 Dei,
1308 3953 1328 3987 ›
1360 3950 1478 4005 qua:
1500 3946 1607 4003 est,
1640 3937 1917 4005 insepara-

339 4025 383 4082 ι)
408 4026 473 4081 iis
496 4024 639 4088 unio,
669 4042 689 4077 ‹
720 4033 773 4080 et
798 4026 911 4081 b:ec
933 4034 1082 4097 porta
1108 4025 1228 4080 cmli
1251 4024 1324 4081 ".
1348 4045 1367 4079 ι
1396 4026 1538 4090 Haec,
1556 4028 1722 4091 scala,
1756 4026 1920 4097 Virgo

339 4117 508 4175 simul
556 4128 611 4175 et
662 4117 913 4187 Deipara,
953 4117 1077 4173 caeli
1130 4127 1285 4188 porta
1332 4126 1438 4174 est.
1485 4116 1619 4173 Nam
1656 4134 1751 4188 per
1795 4134 1917 4175 eam

342 4202 639 4267 des'cendet
660 4224 757 4265 ceu
781 4210 831 4264 in
854 4208 1025 4265 vellus
1048 4210 1249 4279 pluvia,
1274 4210 1583 4282 unigenitus
1608 4210 1698 4265 Dei
1724 4211 1915 4270 Filius.

342 4305 479 4358 limo
521 4302 612 4372 qui
646 4302 873 4367 viderat,
924 4310 1086 4371 atque
1138 4302 1415 4371 explorate
1460 4305 1697 4367 tenebat,
1747 4304 1919 4361 nostis

339 4395 795 4465 quemadmodum
826 4409 983 4449 mane
1007 4408 1233 4465 surgens
1262 4392 1449 4461 Jacoh,
1485 4404 1539 4449 et
1582 4395 1813 4467 lapidem
1839 4398 1914 4462 ei,

340 4501 507 4558 quem
532 4492 907 4556 conspexerat,
934 4486 1229 4551 inunxerit,
1260 4496 1314 4543 et
1337 4494 1522 4543 votum
1549 4490 1873 4559 nuncuparit
1897 4505 1915 4546 :

340 4579 391 4635 si
422 4580 525 4634 hoc
545 4594 701 4633 suum
727 4581 829 4633 iter
850 4578 1107 4633 Dominus
1130 4579 1289 4633 scalae
1317 4579 1535 4635 innixus
1563 4580 1914 4647 fertur-asset,

2019 3391 2051 3431 a
2083 3377 2198 3449 lege
2221 3377 2500 3433 amolitum
2530 3376 2631 3442 sit;
2654 3387 2707 3432 et
2741 3378 2813 3432 ita
2841 3376 3172 3446 adaquentus
3197 3391 3407 3446 greges.
3432 3374 3587 3443 Nam,

2017 3479 2238 3527 auctore
2267 3469 2446 3525 Isaia:
2483 3488 2503 3523 ο
2542 3469 2677 3526 Cum
2714 3469 2986 3539 plenitudo
3024 3468 3263 3540 gentium
3286 3470 3584 3535 intraverit,

2018 3571 2144 3617 tunc
2173 3561 2350 3617 omnis
2382 3562 2544 3619 Israel
2573 3562 2870 3618 salvabitnr
2901 3562 2973 3617 ⁸⁸.
3008 3580 3029 3613 ι

2085 3653 2274 3709 Adhuc
2302 3669 2367 3709 eo
2400 3666 2521 3708 cum
2551 3652 2658 3709 illis
2686 3654 3045 3725 colloquente,
3069 3652 3122 3708 id
3151 3660 3252 3719 est,
3284 3650 3593 3709 Iudaeorum

2019 3744 2358 3816 Synagogam
2410 3746 2753 3801 commodum
2803 3746 3144 3816 castigante:
3177 3763 3196 3797 ε
3230 3745 3297 3800 Et
3323 3760 3454 3801 ecce
3491 3745 3595 3799 fta-

2015 3837 2135 3893 chel
2167 3837 2421 3892 veniebat
2466 3853 2591 3893 cum
2635 3838 2826 3894 ovibus
2870 3838 3040 3907 patris
3086 3839 3168 3894 sui
3200 3837 3279 3904 ⁸¹;
3322 3857 3342 3892 r
3386 3838 3595 3895 scilicet

2016 3931 2255 4001 gentium
2286 3929 2551 3986 Ecclesia.
2584 3928 2684 3988 Hic
2727 3932 3071 4003 conspicatus
3102 3930 3293 4000 Jacob,
3323 3932 3592 4001 Christus,

2016 4023 2258 4091 gentium
2321 4024 2647 4091 Ecclesium,
2710 4026 2894 4082 Laban
2948 4040 3059 4083 sure
3117 4027 3302 4083 matris
3351 4028 3591 4097 germani

2016 4114 2207 4183 ﬁliam,
2252 4116 2305 4172 id
2338 4126 2440 4183 est,
2472 4131 2539 4173 ex
2568 4117 2863 4190 Synagogze
2894 4134 3151 4190 germano
3176 4122 3420 4174 ascitam.
3454 4117 3589 4175 Nam

2020 4206 2073 4262 in
2122 4222 2314 4263 novam
2348 4207 2641 4266 Ecclesiam
2691 4220 3013 4281 cooptantur
3054 4212 3253 4281 partim
3297 4227 3361 4267 ex
3396 4226 3593 4281 genere

2018 4298 2188 4365 Esau,
2213 4300 2303 4355 alii
2332 4316 2400 4356 ex
2430 4302 2645 4367 lsmael,
2671 4303 2863 4373 partim
2897 4303 3004 4358 nati
3032 4318 3099 4357 ex
3127 4301 3361 4369 Nachor,
3389 4303 3584 4371 partim

2016 4406 2084 4447 ex
2132 4392 2254 4459 Lot,
2302 4393 2538 4464 itemque
2587 4410 2652 4450 ex
2703 4395 2827 4451 filiis
2862 4395 3106 4461 Ceturae;
3150 4397 3240 4465 qui
3294 4397 3593 4467 Synagoga:

2018 4490 2260 4556 germani
2289 4494 2437 4551 sunt,
2472 4488 2670 4558 quippe
2712 4502 2901 4543 omnes
2932 4488 3204 4542 Abraham
3241 4490 3409 4558 stirpe
3437 4490 3587 4544 editi.

2020 4576 2088 4632 Et
2131 4592 2385 4648 egressus
2415 4576 2605 4643 Jacoh,
2652 4578 2705 4634 id
2751 4586 2854 4643 est,
2900 4576 3156 4633 Dominus
3206 4589 3389 4633 noster
3434 4577 3590 4635 .Icsus

338 4688 469 4731 eum
511 4671 612 4727 sibi
644 4673 807 4727 Deum
851 4669 1002 4737 iure;
1035 4680 1089 4725 et
1124 4671 1225 4727 ltoc
1260 4685 1472 4739 saxum,
1507 4672 1648 4741 quod
1683 4673 1911 4742 figuram
1944 4658 1987 4713 Ῑ)
2014 4669 2263 4725 Christus
2291 4685 2357 4725 ex
2388 4672 2616 4727 mortuis
2657 4672 2944 4736 excitatus,
2976 4673 3192 4727 avoluto
3222 4688 3358 4726 saxo
3388 4674 3455 4726 ab
3493 4688 3587 4726 ore

338 4766 649 4821 contineret
697 4762 958 4833 impolluti
1018 4763 1135 4831 ejus
1186 4766 1449 4834 corporis,
1511 4764 1605 4819 Dei
1671 4767 1909 4823 domum.

338 4858 486 4926 Quin
530 4867 583 4915 et
630 4858 869 4915 decimas
914 4857 965 4913 ei
1009 4859 1259 4913 daturum
1291 4877 1305 4913 :
1334 4874 1438 4928 qua
1484 4874 1543 4913 re
1570 4858 1911 4932 Synagogam

340 4949 666 5015 instruebat,
714 4965 834 5019 quae
883 4949 1121 5004 omnium
1176 4950 1319 5004 domi
1377 4962 1623 5006 natorum
1674 4953 1913 5009 decimas

340 5041 639 5115 penderet;
670 5051 723 5095 et
750 5041 1081 5111 spiritualem
1114 5056 1177 5094 ac
1206 5057 1401 5096 novum
1428 5042 1680 5113 populum
1706 5042 1913 5114 signiti-

338 5128 522 5194 cabat,
557 5127 650 5197 qui
704 5129 864 5182 totius
913 5128 1090 5183 aetatis
1132 5144 1246 5184 sua:
1292 5140 1451 5199 atque
1500 5133 1623 5186 vitae
1674 5133 1911 5189 decimas

338 5228 705 5274 consecraret.
738 5217 919 5289 Itaque
949 5234 978 5271 a
1010 5219 1115 5273 Deo
1145 5218 1351 5275 itineris
1378 5234 1620 5290 compos,
1654 5232 1814 5292 atque
1841 5223 1909 5278 ad

339 5310 526 5367 Laltan
575 5309 858 5366 incolumis
909 5312 1223 5391 perductus.
1274 5330 1294 5365 ε
1348 5312 1492 5368 Vidit
1540 5310 1686 5384 (nam
1743 5313 1908 5370 Mosis

338 5404 539 5461 iterum
570 5404 732 5459 verba
760 5403 1069 5473 tractemus)
1102 5415 1315 5474 puteum
1348 5404 1399 5458 in
1426 5419 1573 5473 agro,
1603 5423 1621 5456 ι
1645 5404 1696 5458 id
1727 5414 1828 5468 est,
1856 5406 1906 5459 in

338 5510 567 5563 corpore
595 5495 796 5551 fontem
827 5493 1145 5550 immortalis
1170 5493 1311 5549 vitae.
1338 5514 1356 5546 ι
1398 5494 1536 5549 Duos
1563 5511 1774 5564 quoque
1788 5512 1907 5568 gre-

338 5603 436 5659 ges
463 5587 641 5640 ovium
677 5584 1001 5642 accubantes
1023 5587 1176 5657 juxta
1204 5601 1325 5641 eum
1352 5588 1418 5653 ⁷⁸,
1462 5605 1481 5640 ι
1515 5586 1820 5643 Judmorunt
1848 5599 1904 5646 et

2014 4761 2181 4831 putei,
2217 4762 2265 4815 id
2300 4770 2405 4830 est,
2437 4777 2467 4816 a
2510 4762 2715 4818 foribus
2758 4764 3116 4828 monumenti,
3149 4778 3212 4819 ac
3239 4765 3380 4833 quod
3416 4773 3497 4819 est
3531 4764 3583 4819 in

2012 4852 2130 4921 lege
2168 4852 2382 4922 pingue,
2419 4862 2475 4909 et
2526 4854 2833 4909 intricatum
2885 4856 3160 4919 amolitus,
3209 4870 3320 4910 suae
3372 4858 3582 4918 matris.

2013 4945 2331 5016 Syuagogze,
2355 4957 2410 5000 ut
2440 4945 2552 5014 jam
2578 4947 2837 5009 diximus,
2860 4949 3101 5016 germani
3123 4964 3252 5003 oves
3275 4950 3581 5018 adaquavit.

2012 5037 2440 5093 immortalitatis
2470 5038 2700 5109 vitaeque
2730 5038 2964 5108 ﬂuento;
2989 5050 3045 5093 ut
3072 5041 3123 5094 in
3152 5040 3444 5111 Evangelio
3468 5042 3581 5097 ait:

2026 5147 2044 5181 ι
2084 5129 2183 5196 Qui
2215 5131 2410 5187 biberit
2435 5147 2499 5186 ex
2530 5146 2689 5199 aqua.
2717 5145 2881 5201 quam
2904 5146 3003 5200 ego
3031 5131 3170 5186 dabo
3200 5132 3269 5199 ei,
3302 5147 3405 5186 non
3440 5133 3589 5187 sitiet

2018 5219 2071 5274 in
2117 5230 2377 5277 aeternum
2411 5239 2425 5275 :
2462 5221 2558 5277 sed
2591 5236 2753 5292 aqua,
2786 5238 2943 5293 quant
2976 5238 3074 5293 ego
3118 5224 3256 5277 dabo
3286 5222 3356 5290 ei,
3394 5222 3480 5278 flet
3532 5223 3585 5278 in

2017 5324 2084 5367 eo
2113 5309 2234 5367 fons
2266 5327 2419 5383 aquae
2446 5314 2692 5369 salientis
2723 5313 2774 5368 in
2802 5314 2962 5368 vitam
2986 5322 3241 5369 aeternam
3270 5313 3335 5365 ".
3370 5332 3389 5365 ι
3410 5312 3588 5383 Atque

2016 5404 2131 5459 haec
2162 5405 2380 5475 quidem
2421 5420 2573 5461 meus
2604 5421 2757 5460 amor
2794 5404 2971 5461 Jesus.
3011 5404 3175 5459 Jacob
3222 5421 3348 5459 vero
3385 5403 3590 5460 Rache-

2013 5496 2119 5552 lem
2165 5496 2509 5552 deosculatus
2556 5507 2671 5561 est;
2724 5496 2904 5552 itidem
2946 5506 3000 5553 et
3051 5512 3241 5551 novam
3290 5496 3585 5552 Ecclesiam

2012 5588 2103 5645 Dei
2138 5589 2460 5661 Unigenitus
2491 5588 2801 5659 complexus
2845 5596 2948 5644 est.

411 5721 457 5795 "_'
483 5718 618 5777 Gen.
650 5720 1003 5795 “smmis.
1077 5723 1125 5756 "
1157 5722 1288 5795 ibid.
1344 5724 1408 5795 7"
1440 5723 1687 5795 ibid._15.
1746 5726 1791 5759 ἠ
1824 5727 1958 5783 Cen.
1989 5743 2132 5794 xux,
2173 5729 2286 5786 l0.-
2332 5730 2380 5763 "
2409 5728 2543 5784 Ceu.
2578 5743 2770 5795 XXVIII,
2810 5726 2899 5783 16.
2974 5726 3021 5760 ⁷⁸
3047 5725 3156 5781 ibid
3205 5725 3291 5780 ΓΙ.
3367 5724 3411 5758 ⁷⁷
3445 5724 3578 5782 ibid.

335 5792 383 5865 ff
409 5790 544 5865 Cen.
576 5791 805 5865 “n.2,
879 5793 925 5825 τ’
948 5791 1101 5852 Joan.
1130 5810 1186 5865 x,
1218 5793 1305 5863 I4,
1335 5794 1421 5852 l5.
1496 5796 1541 5829 "
1569 5793 1728 5853 Joan.
1766 5812 1860 5865 vu,
1890 5796 1979 5855 57.

336 5863 385 5896 ⁸³
410 5860 570 5916 Joan.
613 5876 686 5929 tv,
723 5860 808 5917 14.

2075 5800 2121 5835 ⁸⁸
2152 5799 2252 5859 iss.
2282 5815 2395 5867 ιιι,
2433 5799 2538 5866 20;
2580 5797 2750 5869 Rom.
2796 5813 2875 5867 xt,
2925 5796 3018 5854 25.
3090 5797 3138 5831 “
3189 5796 3325 5854 Cen.
3386 5811 3464 5864 rx,
3520 5796 3581 5853 9.
