4006 6284
528 360 636 427 827

1096 480 1327 537 CAPUT
1372 481 1537 548 XXII.

744 566 1108 646 Dumhcabi
1155 609 1368 656 uxores,
1404 596 1532 661 quid
1577 597 1903 668 stgniﬁunl.

608 707 716 764 Sed
766 725 834 764 ne
878 710 1223 765 recensendis
1273 712 1501 783 singulis
1548 714 1787 783 prolixus
1816 718 2023 784 videar,
2058 728 2114 775 et

534 821 649 862 rem
680 806 745 859 ad
775 804 973 858 exitum
1016 806 1307 872 perducam
1336 827 1350 862 :
1379 806 1545 863 Jacob
1588 810 1671 863 his
1711 822 1914 880 septem
1948 830 2112 870 anno-

537 913 654 952 rum
704 898 928 953 servitio
976 900 1111 952 duas
1144 899 1401 968 conjuges
1438 904 1611 965 duxit,
1663 905 1896 974 priorem
1933 905 2108 973 Liam,

534 991 757 1044 alteram
794 989 1117 1058 Rachelem;
1168 1010 1394 1061 quarum
1447 996 1533 1050 illa
1585 996 1945 1070 Synagogam,
1995 1000 2109 1057 haec

531 1082 731 1136 Christi
782 1082 1072 1138 Ecclesium
1101 1090 1541 1157 rcprmsentahat.
1578 1090 1865 1148 Sciendum
1898 1107 1982 1152 est
2008 1112 2109 1151 au-

532 1183 660 1239 tem,
693 1175 928 1244 priorem
979 1181 1160 1233 studio
1205 1190 1257 1236 et
1306 1197 1489 1239 amore
1523 1186 1839 1251 posterioris
1877 1204 1903 1242 a
1936 1188 2109 1247 Iacob

531 1278 805 1336 acceptam
844 1271 1029 1329 fuisse.
1065 1273 1195 1329 Nam
1224 1276 1421 1333 Rachel
1455 1296 1577 1334 cum
1612 1281 1846 1338 formosa
1880 1298 2046 1351 esset,
2077 1303 2104 1342 a

526 1358 692 1418 Jacob
746 1366 1047 1433 attrahatur,
1105 1378 1162 1421 ut
1212 1386 1238 1423 a
1283 1371 1504 1426 Christo
1550 1376 1787 1443 gentium
1840 1378 2102 1435 Ecclesia.

525 1454 689 1523 ldqne
720 1473 904 1512 verum
950 1476 1093 1524 esse.
1128 1465 1254 1531 ipsm
1285 1480 1454 1522 sacrm
1486 1466 1703 1524 Littera:
1734 1471 2103 1528 testimonium

524 1549 712 1604 dicunt
744 1570 759 1606 :
791 1570 810 1605 ι
849 1551 944 1607 Lia
977 1569 1105 1610 vero
1153 1556 1316 1626 lippis
1362 1568 1481 1614 erat
1522 1561 1717 1625 oculis,
1775 1580 1793 1614 ι
1844 1577 1997 1633 reque
2041 1579 2106 1618 ac

526 1644 806 1716 Synagoga
838 1646 1104 1717 impotens
1134 1651 1201 1705 ad
1250 1656 1601 1719 spectandum
1635 1656 1879 1711 divinum
1926 1660 2109 1727 splen-

523 1740 712 1792 dorem
746 1756 760 1793 τ
793 1757 813 1792 ι
864 1739 1065 1796 Rachel
1117 1744 1310 1799 decora
1367 1745 1526 1810 facie,
1576 1761 1628 1803 et
1675 1759 1899 1805 venusto
1946 1768 2103 1823 aspe-

522 1840 611 1885 ctu
662 1831 730 1885 “.
789 1851 805 1884 ι
848 1832 915 1888 Ut
964 1834 1204 1902 gentium
1256 1837 1532 1903 Ecclesia,
1586 1840 1676 1895 Dei
1726 1843 2001 1912 agnitione
2048 1853 2102 1900 et
2139 1866 2181 1921 Β

522 1922 723 1978 virtute
776 1924 1123 1994 locupletata.
1175 1927 1243 1982 Et
1295 1946 1508 1985 rursum
1553 1949 1568 1987 :
1616 1951 1634 1984 ι
1684 1933 1922 1988 Servivit
1970 1952 2101 2006 ergo

520 2014 688 2069 Jacoh
722 2031 818 2084 pro
860 2015 1062 2073 Rachel
1113 2028 1318 2089 septem
1365 2022 1542 2085 anuis,
1574 2033 1625 2079 et
1651 2025 1975 2090 videbantur
2024 2030 2099 2085 illi

523 2106 679 2174 pauci
725 2108 844 2163 dies
889 2123 999 2177 prae
1033 2114 1234 2166 amoris
1276 2114 1645 2185 magnitudine
1674 2116 1740 2172 ⁸⁸.
1783 2136 1801 2169 ι
1842 2117 1907 2173 Ει
1942 2121 2102 2188 paulo

518 2209 643 2270 post
675 2215 690 2254 :
728 2218 747 2253 ι
790 2201 1041 2257 Amorem
1076 2205 1357 2272 sequentis
1385 2206 1549 2275 priori
1586 2209 1823 2276 praetulit
1852 2210 1917 2266 ⁸⁵.
1957 2231 1975 2264 ι
2023 2211 2098 2270 ita

518 2304 571 2347 et
600 2291 850 2348 Christus
882 2296 1124 2363 gentium
1174 2297 1474 2353 Ecclesium
1515 2299 1631 2370 plus
1668 2317 1831 2371 quam
1866 2302 2102 2376 Syuago-

519 2398 642 2455 gam
671 2386 890 2440 amavit.
925 2385 1056 2441 Nam
1088 2397 1142 2441 et
1176 2391 1313 2444 hanc
1335 2391 1437 2444 sibi
1464 2390 1848 2462 desponderat,
1877 2400 1971 2451 sed
2005 2413 2100 2465 per

516 2486 857 2546 sequestrum
892 2478 1101 2545 Mosen,
1141 2484 1594 2551 quemadmodum
1642 2494 1692 2538 et
1741 2484 1907 2542 Jacob
1948 2488 2095 2544 Liam

516 2580 706 2621 amore
733 2566 1014 2634 Rachelis;
1047 2585 1167 2624 cum
1196 2572 1438 2642 gentium
1475 2562 1713 2630 Ecclesia
1742 2576 2010 2643 Christus,
2041 2589 2099 2637 ut

513 2656 684 2715 Jacob
717 2676 837 2715 cum
884 2660 1145 2731 Rachele,
1181 2680 1241 2721 os
1263 2665 1443 2735 iunxit
1476 2685 1489 2723 :
1523 2672 1974 2740 quemadmodum
2006 2690 2100 2745 per

516 2765 696 2810 vatem
734 2754 874 2811 Deus
908 2758 960 2811 in
992 2758 1130 2813 hanc
1170 2764 1499 2817 sententiam
1543 2764 1797 2835 aperuit:
1834 2787 1852 2820 ι
1890 2768 1954 2823 Et
1989 2785 2097 2825 non

516 2848 734 2903 docebit
770 2849 911 2923 ultra
945 2851 1025 2906 vir
1058 2853 1366 2920 proximum
1418 2871 1599 2923 suum,
1636 2867 1690 2913 et
1736 2860 1822 2914 vir
1870 2860 2095 2919 fratrem

516 2951 674 2990 suum
721 2937 905 2993 dicens
948 2958 963 2996 :
1015 2940 1294 3012 Cognosce
1342 2946 1656 3013 Dominum;
1710 2964 1901 3020 omnes
1951 2956 2096 3011 enim

517 3042 847 3097 cognoscent
894 3049 979 3088 me
1025 3038 1326 3091 aminimo
1363 3053 1551 3095 eorum
1596 3058 1779 3122 usque.
1814 3049 1879 3111 ad
1921 3049 2096 3104 maxi-

515 3138 662 3179 mum
692 3124 761 3179 ⁸⁷.
799 3144 814 3177 ι
850 3127 1025 3195 Atque
1068 3129 1182 3184 haec
1218 3130 1269 3183 in
1312 3135 1598 3202 praesentia
1634 3138 1699 3193 de
1725 3136 1906 3195 ‘Jacob
1946 3142 2093 3197 sum-

510 3215 661 3271 ciant
688 3234 703 3271 :
738 3233 859 3272 nam
887 3220 954 3274 de
980 3236 1045 3276 eo
1077 3232 1126 3277 et
1162 3222 1211 3274 in
1248 3222 1511 3280 descensu
1539 3226 1590 3280 in
1616 3227 1934 3300 1E3yptum,
1965 3243 2012 3287 el
2042 3236 2093 3291 in
2114 3224 2167 3299 C

512 3310 797 3366 Pharaone
826 3313 1103 3369 adorando
1133 3316 1458 3372 mentionem
1491 3318 1773 3376 faciemus.

584 3402 752 3475 Igitur
784 3407 834 3459 in
873 3406 1062 3475 primis
1098 3408 1493 3466 observandum
1541 3422 1643 3476 est,
1693 3414 1970 3484 lsraelem,
2018 3419 2098 3487 gi-

513 3493 739 3562 gnendis
784 3494 1065 3550 duodecim
1104 3496 1455 3568 Patriarchis,
1503 3503 1804 3562 instituisse
1853 3507 2098 3585 Synago—

508 3601 628 3655 gam
663 3601 727 3641 ex
761 3585 869 3643 Liae
904 3589 1045 3644 natis
1076 3608 1090 3645 :
1124 3606 1223 3661 per
1254 3596 1589 3653 concubinas
1626 3612 1776 3663 vero,
1805 3613 2095 3659 extraneas

510 3680 767 3734 mulieres
815 3680 1181 3749 significasse,
1233 3699 1373 3755 quas
1420 3690 1603 3758 generl
1667 3705 1767 3745 suo
1812 3694 2095 3750 accenseri

510 3784 702 3849 passus
729 3772 831 3839 sit;
866 3788 961 3839 per
993 3773 1229 3833 Rachele
1259 3774 1427 3845 satos,
1461 3780 1666 3838 Christi
1711 3795 1765 3840 et
1798 3788 2096 3856 proditoris

502 3858 656 3917 Iudae
686 3865 933 3943 exempla
966 3869 1301 3937 notasse;,in
1324 3867 1819 3945 JosephoChristi,
1852 3877 1908 3936 in
1949 3878 2091 3937 Ben-

500 3952 671 4027 iamin
702 3955 853 4014 Iudae
884 3960 1199 4030 proditoris.

1059 4074 1294 4133 CAPUT
1334 4077 1527 4137 XXI".

717 4192 793 4247 De
825 4191 1057 4263 Joupho
1100 4192 1360 4265 allegoria
1406 4194 1614 4253 Christo
1657 4200 1878 4257 tributa.

572 4282 755 4353 Quare
782 4288 887 4342 hoc
909 4288 1128 4357 quidem
1147 4288 1285 4353 loco,
1314 4288 1535 4345 omissis
1555 4291 1766 4357 decem,
1801 4294 1866 4351 de
1888 4296 2089 4367 Ioseph

503 4388 557 4433 et
590 4377 868 4446 Beniamin
916 4381 1081 4435 verba
1126 4380 1411 4439 faciamus.
1452 4381 1558 4438 Sed
1600 4400 1775 4453 neque
1810 4387 1912 4445 hoc
1952 4404 2091 4458 prae-

504 4472 911 4547 termittendum
958 4482 1043 4527 est
1086 4472 1269 4538 nobis,
1304 4490 1402 4527 cur
1452 4490 1479 4529 a
1529 4488 1753 4545 parente
1800 4480 2087 4551 aufugiens

1730 363 2159 428 ANDRONICI
2192 364 2538 433 COMNENI
3664 381 3751 446 898

2141 484 2191 543 Α
2292 483 2560 541 Craterum
2583 490 2784 561 Joseph
2810 496 2947 561 apud
2977 494 3394 552 fratresiuvidia
3424 495 3751 553 lahorabat"_

2218 585 2276 630 ut
2316 587 2369 633 et
2400 582 2540 648 apud
2570 580 2783 639 .lndmos
2832 595 2949 654 post
2982 569 3233 641 Christus
3267 602 3281 642 :
3315 585 3393 659 sic
3422 587 3559 643 enim
3597 588 3758 643 scribit

2216 666 2269 723 in
2322 672 2611 743 Evangelio
2660 673 2887 731 dilectus
2940 676 3027 732 ille
3074 675 3309 733 Joannes
3354 694 3369 732 :
3409 698 3427 730 ι
3480 676 3533 730 lu
3575 682 3759 748 propria

2213 764 2383 829 venit,
2415 775 2468 820 et
2502 767 2583 821 sui
2626 784 2749 821 eum
2800 784 2904 823 non
2942 781 3263 842 receperunt
3297 774 3367 827 ⁶⁰.
3409 790 3428 824 ι
3467 770 3541 825 llli
3578 784 3763 843 propter

2215 856 2414 913 factam
2445 860 2492 912 ei
2525 876 2551 913 ιι
2583 870 2738 930 patre
2767 862 3151 924 versicolorem
3186 865 3444 930 tunicam,
3477 875 3530 920 et
3559 869 3760 931 setnnia,

2212 948 2437 1005 oderant
2469 951 2691 1008 fratrem
2714 970 2730 1021 ;
2756 952 2923 1013 Judaei
2952 954 3229 1024 Christum
3263 966 3480 1027 propter
3502 958 3757 1025 quamdam

2211 1045 2500 1099 mentalcm
2535 1047 2687 1115 quasi
2735 1065 3051 1119 purpuram,
3085 1066 3205 1120 quae
3253 1051 3302 1107 ei
3335 1050 3569 1106 scelestis
3607 1050 3763 1107 Patris

2212 1135 2542 1207 benignitate
2566 1140 2675 1209 jam
2707 1156 2773 1196 ex
2804 1143 3072 1212 virgineo
3112 1154 3327 1211 ventre,
3371 1142 3597 1198 tinctura
3642 1144 3767 1200 velut

2210 1225 2463 1282 discolori
2511 1238 2767 1285 contexta
2790 1216 3011 1297 fuerat,
3040 1247 3104 1286 ac
3135 1236 3349 1289 demum
3384 1244 3602 1304 propter
3627 1235 3764 1289 luctt-

2208 1318 2353 1374 lenta
2405 1321 2567 1375 etiam
2620 1323 2903 1389 miracula,
2960 1326 3443 1395 persequebantur.
3507 1326 3579 1380 Illi
3631 1328 3765 1381 fratri

2209 1410 2512 1467 invidentes
2557 1430 2797 1484 quaerere
2835 1435 2849 1472 :
2897 1437 2916 1470 ι
2969 1418 3218 1489 Nunquid
3275 1436 3369 1474 rex
3418 1433 3596 1477 noster
3640 1422 3766 1478 eris?

2208 1512 2303 1559 aut
2350 1505 2701 1573 subjicientttr
2739 1510 2928 1567 ditioui
2988 1522 3093 1568 tuae
3153 1514 3237 1568 ἰτ
3272 1533 3292 1567 ι
3354 1513 3523 1571 Judaei
3560 1531 3680 1571 vero
3719 1517 3766 1571 in

2208 1600 2414 1669 porticu
2467 1601 2775 1661 Salomonis
2832 1609 3309 1667 circumdederunt
3361 1609 3767 1677 Emtnanuelem,

2206 1702 2259 1746 et
2290 1692 2542 1748 dicebant
2583 1698 2632 1751 ei
2663 1715 2677 1751 :
2719 1716 2739 1748 ‹
2771 1697 3061 1769 Quousque
3084 1702 3322 1756 animam
3346 1713 3584 1757 nostram
3610 1704 3771 1758 tollis?

2212 1785 2267 1841 Si
2298 1794 2352 1841 tu
2378 1801 2437 1842 es
2467 1788 2743 1856 Christus,
2768 1791 2855 1848 dic
2894 1794 3047 1849 nobis
3075 1795 3249 1871 palam
3284 1796 3352 1851 θ’.
3390 1816 3409 1849 ι
3452 1795 3531 1851 Illi
3564 1799 3770 1865 missum

2207 1879 2273 1933 ad
2308 1894 2369 1935 se
2417 1883 2485 1935 ab
2520 1891 2743 1949 parente
2791 1882 3014 1942 fratrem
3064 1888 3384 1957 conspicati,
3429 1889 3573 1944 inter
3609 1905 3665 1944 se
3697 1890 3771 1959 ja-

2207 1983 2403 2029 ctare:
2442 1991 2459 2025 t
2496 1973 2636 2030 Ecce
2684 1976 2987 2033 somniator
3018 1982 3193 2044 venit;
3239 1983 3421 2036 venite
3472 1982 3769 2037 occidamus

2203 2080 2349 2130 eum,
2378 2075 2432 2122 et
2472 2067 2749 2125 mittamus
2782 2070 2832 2127 in
2859 2072 3149 2134 cisternam
3177 2082 3412 2129 veterem
3440 2075 3512 2129 ".
3549 2093 3568 2127 t
3618 2073 3770 2131 Judal

2203 2160 2451 2230 opificem
2482 2178 2636 2219 suum
2667 2161 2736 2217 ab
2774 2163 3148 2235 inaspectabili
3194 2166 3355 2223 Patre
3398 2168 3623 2224 missum
3666 2183 3771 2224 cer-

2204 2261 2418 2317 nentes,
2462 2255 2685 2314 dicere:
2720 2277 2739 2312 ι
2782 2259 2876 2314 llic
2908 2268 2990 2314 est
3020 2260 3217 2325 haeres,
3253 2261 3433 2317 venite
3476 2260 3769 2317 occidamnt

2203 2360 2349 2413 eum,
2385 2355 2439 2403 et
2470 2348 2788 2406 habebimus
2819 2351 3187 2407 haereditatem
3215 2352 3332 2423 ejus
3363 2354 3431 2409 “.
3474 2373 3494 2406 ι
3533 2353 3611 2409 illi
3644 2352 3769 2421 apud

2204 2449 2410 2506 patrem
2444 2438 2833 2507 defensionem,
2865 2444 2918 2499 lti
2949 2445 3090 2512 apud
3120 2444 3351 2501 Pilatum
3382 2446 3635 2501 meditari
3666 2465 3678 2500 :
3707 2444 3770 2499 illi

2202 2530 2271 2585 ab
2302 2530 2522 2587 immani
2558 2532 2669 2591 fera
2694 2534 3009 2591 devoratum
3039 2536 3398 2606 conﬁrmare;
3435 2538 3491 2593 hi
3523 2555 3537 2593 :
3574 2557 3593 2590 ι
3636 2537 3770 2593 Hunc

2203 2620 2508 2681 invenimus
2540 2625 2943 2681 subvertentem
2974 2638 3189 2697 gentem
3218 2636 3490 2697 nostram,
3525 2639 3579 2687 et
3608 2629 3770 2700 prohi-

2200 2710 2416 2769 bentem
2454 2714 2661 2771 ,trihuta
2699 2715 2830 2771 dare
2859 2715 3086 2784 Caesari,
3136 2728 3191 2775 et
3242 2720 3513 2775 dicentem
3546 2737 3604 2801 se
3629 2720 3769 2777 Chri-

2199 2813 2342 2859 stum
2393 2820 2573 2875 regem
2619 2820 2738 2861 esse
2765 2808 2836 2862 ”.
2880 2826 2898 2859 ι
2938 2808 3050 2864 illic
3079 2806 3268 2865 Ruben
3304 2811 3514 2866 hortari
3542 2810 3576 2867 ὲ
3602 2832 3620 2866 ι
3666 2811 3768 2868 Non

2200 2896 2538 2955 interficietis
2559 2901 2793 2957 animam
2819 2904 2961 2974 ejus,
2992 2920 3089 2961 nec
3110 2905 3399 2962 θΠιιιιϐαιίε
3426 2908 3767 2975 sanguinem,

2198 2990 2290 3046 sed
2325 2991 2568 3060 projicite
2589 3008 2712 3049 eum
2747 2995 2798 3049 in
2832 2996 3120 3051 cisternam
3158 2997 3299 3053 hanc
3327 2998 3404 3063 ";
3449 3017 3470 3051 ι
3499 2999 3701 3055 scilicet
3722 3010 3769 3053 ut

2200 3098 2322 3140 cum
2360 3086 2604 3141 manibus
2638 3102 2825 3142 eorum
2856 3090 3113 3159 eriperet.
3151 3090 3248 3147 ilic
3282 3090 3513 3159 Pilatus,
3542 3080 3769 3147 ut-Chri-

2203 3187 2342 3233 stum
2372 3194 2401 3233 e
2425 3177 2733 3234 Iudaeorum
2763 3182 3009 3237 manibus
3036 3183 3291 3251 eriperet,
3324 3199 3531 3255 negare
3558 3201 3574 3240 :
3605 3204 3624 3237 ι
3661 3183 3769 3240 ΝιιΙο
3809 3215 3812 3218 ~

2206 3268 2307 3322 lam
2338 3284 2565 3325 causam
2609 3273 2800 3327 mortis
2848 3273 3070 3330 invenio
3104 3276 3157 3331 in
3191 3291 3300 3331 eo:
3332 3279 3625 3351 corripiam
3659 3290 3769 3349 ergo

2198 3360 2347 3416 illum
2383 3373 2438 3419 et
2484 3364 2750 3420 dimittam
2782 3367 2851 3422 ’⁷.
2891 3386 2911 3421 ι
2949 3368 3060 3424 lllic
3098 3370 3303 3425 llubeni
3336 3371 3544 3429 fratres
3576 3372 3771 3429 obtemc

2198 3471 2419 3523 perare;
2459 3459 2547 3515 hic
2590 3459 2785 3525 Judaei,
2818 3471 2877 3515 ut
2912 3464 3153 3517 omnium
3203 3466 3596 3534 cruentissimi,
3628 3463 3767 3521 Pilati

2196 3549 2360 3621 verba
2393 3550 2649 3608 refutare.
2681 3552 2787 3617 Sed
2833 3554 2943 3610 illic
2975 3555 3160 3611 Ruben
3202 3569 3420 3627 propter
3449 3560 3764 3623 orationem,

2196 3639 2450 3699 fraterna
2500 3645 2825 3713 proditionis
2870 3647 3013 3702 haud
3047 3662 3179 3704 sane
3224 3649 3414 3705 insons
3454 3660 3572 3718 est;
3608 3663 3767 3717 neque

2195 3731 2284 3788 hic
2313 3732 2519 3792 Pilatus
2551 3754 2581 3793 a
2614 3737 2907 3813 Dominicae
2932 3740 3093 3797 caedis
3121 3742 3351 3803 crimine
3384 3744 3548 3802 liber.

2272 3826 2468 3883 Verum
2498 3845 2567 3886 ne
2598 3831 2809 3899 dicendi
2856 3832 3120 3891 brevitate
3169 3836 3345 3893 minus
3373 3839 3662 3909 perspicue
3684 3836 3765 3894 Jo-

2195 3921 2350 3992 scplti
2397 3932 2776 3993 argumentum
2816 3941 3140 3997 proponam,
3183 3930 3418 4001 ipsamet
3465 3933 3766 4004 prophetica

2196 4012 2361 4068 verba
2396 4014 2452 4081 in
2490 4016 2727 4087 medium
2780 4020 3042 4089 producta
3092 4022 3333 4079 inaudito.
3365 4041 3379 4079 :
3425 4043 3446 4077 ι
3481 4022 3764 4081 Confestim

2194 4104 2379 4175 igitur,
2407 4116 2466 4161 ut
2492 4109 2747 4179 pervenit~
2766 4110 2833 4167 ad
2872 4111 3077 4170 fratres
3102 4128 3252 4181 suos,
3280 4116 3625 4177 nudaverant
3655 4128 3764 4174 eum

2194 4202 2374 4256 tunica
2404 4201 2472 4258 ³⁸.
2509 4221 2527 4255 ι
2559 4203 2641 4258 llli
2674 4205 2947 4275 dereptam
2982 4207 3219 4265 tunicam
3252 4211 3395 4281 patri
3430 4221 3682 4276 servant;
3717 4205 3763 4263 bi

2192 4292 2465 4350 detractas
2493 4295 2711 4353 Christo
2738 4310 2917 4355 vestes
2948 4302 3277 4370 partiuntur.
3313 4302 3377 4358 Et
3417 4304 3758 4375 accipientes.

2198 4407 2216 4439 ι
2257 4385 2521 4443 Miserum
2554 4389 2610 4445 in
2643 4390 2937 4448 cisternam
2964 4394 3047 4459 ⁹⁹;
3080 4410 3101 4446 ι
3142 4394 3220 4450 illi
3258 4404 3540 4465 arreptum
3571 4397 3622 4451 in
3645 4408 3761 4465 spe-

2192 4494 2317 4534 cum
2362 4480 2686 4547 deturbant,
2740 4482 3217 4540 hi~exanimatum
3270 4487 3323 4540 in
3368 4496 3759 4542 monumentum

507 4563 730 4630 Rachel,
761 4565 877 4635 ejus
907 4566 1045 4621 idola
1080 4568 1405 4637 surripuerit
1428 4568 1475 4601 ⁸⁸
1517 4569 1678 4625 Certe
1708 4586 1817 4626 non
1856 4584 1913 4628 ut
1944 4573 2083 4629 clam
2115 4589 2163 4649 υ
2192 4572 2491 4642 deponunt.
2520 4573 2587 4628 Et
2617 4575 2854 4629 cisterna
2882 4584 3001 4631 erat
3026 4565 3220 4642 vacua,
3246 4593 3368 4649 qua:
3403 4595 3513 4635 non
3547 4578 3757 4634 habebat

503 4654 749 4726 haberet,
772 4658 866 4711 sed
903 4666 960 4711 ut
981 4657 1240 4715 aboleret.
1265 4660 1346 4713 An
1383 4659 1593 4716 scilicet
1624 4677 1743 4731 quae
1767 4663 1970 4722 Christi
1994 4665 2094 4722 Ec-

504 4750 679 4805 clesia
718 4753 1023 4819 exemplum
1055 4754 1379 4815 centineret.
1416 4765 1645 4826 paterno
1672 4774 1891 4830 quoque
1922 4762 2090 4821 simu-

505 4843 772 4898 lacrorum
826 4847 971 4900 cultu
1016 4847 1257 4913 dimisso,
1312 4850 1603 4906 simulacra
1642 4853 1807 4909 exitio
1838 4872 1896 4912 se
1930 4858 2091 4913 datu-

506 4947 621 4986 ram
664 4934 875 4987 innuit?
924 4934 1057 4991 Nam
1097 4948 1209 4990 uta
1242 4939 1408 4993 Jacolt
1439 4942 1701 5011 vestigata
1737 4946 1875 5002 haud
1916 4951 2090 5005 tenuit

504 5024 735 5090 Rachel;
777 5026 849 5080 ita
882 5033 937 5081 et
972 5026 1141 5082 altero
1173 5028 1361 5094 Jacob,
1398 5032 1680 5090 Salvatore
1713 5052 1834 5093 meo
1866 5038 2087 5095 Christo

502 5128 716 5183 exorto,
751 5121 989 5188 gentium
1024 5121 1283 5190 Ecclesia,
1318 5136 1597 5192 paternam
1632 5144 1786 5183 suam
1831 5131 2087 5202 impieta-

507 5220 612 5265 tem
646 5212 950 5281 ignominia:
980 5222 1034 5268 et
1066 5216 1281 5270 excidio
1312 5218 1481 5275 dedit.
1515 5221 1589 5277 Ac
1624 5224 2086 5292 quemadmodum

504 5302 628 5358 illos
662 5319 727 5359 ex
761 5306 1009 5375 gentibus
1040 5307 1293 5366 Christus
1342 5326 1445 5365 non
1492 5313 1727 5368 admittit
1763 5331 1882 5369 cum
1915 5318 2084 5373 simu-

507 5395 688 5459 lacris,
719 5395 791 5449 ita
825 5410 926 5451 nec
954 5396 1292 5470 Synagogam
1319 5416 1441 5455 cum
1472 5400 1714 5460 .lndaicis
1740 5407 1996 5472 victimis,
2026 5424 2089 5465 ac

504 5490 942 5548 circumcisione.
1000 5492 1175 5561 Atque
1210 5493 1325 5550 haec
1359 5496 1577 5564 quidem
1613 5497 1693 5552 sic
1722 5500 1942 5556 habent.

577 5651 623 5683 “
674 5650 812 5707 Gen.
877 5666 1027 5715 xm,
1060 5652 1145 5709 l7.
1219 5653 1266 5685 "
1298 5652 1426 5707 ibid.
1454 5653 1543 5709 20.
1621 5653 1667 5683 "
1701 5653 1829 5709 ihid.
1858 5654 1948 5709 50.

507 5723 553 5756 ’θ
582 5722 736 5776 Joan.
782 5737 822 5778 t.
852 5720 936 5773 Η.

510 5809 557 5842 c.
594 5808 747 5849 χχιιι,
785 5790 834 5843 Ξ.
914 5793 960 5823 ⁸⁸
994 5792 1130 5848 Gvn.
1188 5810 1332 5850 xxxv.

512 5864 531 5901 ³
558 5862 711 5918 Joutt.
746 5877 896 5928 xvut,
928 5862 1018 5916 9.8.

1438 5812 1499 5862 tt,
1530 5794 1618 5850 Ἡ.

1015 5694 1027 5715 ,
1060 5654 1145 5709 l7.
1219 5654 1266 5685 "
1298 5654 1426 5707 ibid.
1454 5654 1543 5709 20.
1621 5654 1667 5683 "
1701 5654 1829 5709 ihid.
1858 5654 1948 5709 30.
2053 5654 2100 5688 ⁸⁷
2145 5654 2342 5712 Jcrem.
2377 5673 2525 5724 aut,
2550 5660 2639 5715 '54.
2734 5659 2788 5691 ’³⁸
2814 5660 2940 5715 ibid.
2972 5660 3059 5715 59..
3166 5662 3209 5694 "
3261 5660 3393 5719 Gen.
3462 5674 3664 5723 ,nxvtt,
3692 5656 3733 5711 Α.

1015 5725 1058 5799 ξι
1089 5724 1223 5778 Gen.
1264 5738 1469 5791 xxtvtt,
1503 5725 1593 5799 8ΣΔ
1632 5725 1679 5757 ⁸⁸
1708 5724 1861 5799 inuti.
1914 5741 1965 5793 ιι,
1994 5726 2086 5781 (24.
2160 5728 2206 5799 fi
2232 5727 2365 5784 Gen.
2404 5744 2610 5796 χχχιιι,
2644 5731 2731 5796 19,
2774 5730 2863 5785 20.
2942 5731 2991 5764 "
3020 5731 3207 5786 Matth.
3246 5748 3357 5799 ut,
3389 5733 3474 5790 38.
3548 5735 3593 5769 κ-
3622 5730 3733 5799 Luc.

1429 5767 1618 5862 33,32.
1709 5767 2124 5865 'vmﬁucf'xiiii,
2151 5767 2365 5853 22)Ἳῖ
2403 5767 2945 5861 ὃέἷιῗὲιέίὲίιῗνὲδμ
3004 5767 3357 5863 {Titias}:
3389 5767 3595 5860 υἷ’ἰιιιςιζ
3622 5767 3730 5854 "si:

2198 4678 2417 4733 aquam.
2452 4666 2919 4732 Quemadmodum
2948 4667 3060 4724 illic
3093 4684 3286 4739 specus
3320 4686 3515 4740 aquam
3544 4687 3649 4727 non
3678 4672 3759 4724 bav

2198 4754 2394 4822 hcbat,
2443 4758 2514 4811 ita
2576 4773 2750 4829 neque
2799 4758 2887 4814 hic
2936 4772 3344 4817 monumentum
3398 4762 3591 4817 mortis
3642 4764 3757 4818 vim.

2200 4865 2219 4899 ι
2262 4846 2325 4902 Et
2354 4849 2606 4904 sedentes
2638 4860 2697 4905 ut
2727 4850 3072 4907 comederunt
3102 4866 3292 4922 panem
3325 4853 3381 4918 ις
3421 4872 3439 4905 ι
3480 4852 3576 4919 illi,
3614 4869 3673 4908 eo
3710 4852 3754 4905 in

2195 4954 2417 5008 specum
2444 4942 2683 5007 detruso,
2710 4943 2898 4997 sedent
2925 4942 2991 5015 ad
3015 4942 3195 4999 cibum
3224 4944 3545 5013 capiendum
3566 4965 3581 5011 ;
3601 4940 3754 5003 Judaei

2194 5041 2315 5103 post
2351 5032 2686 5089 Dominicam
2719 5035 2921 5091 caedem
2953 5036 3159 5093 Pascha
3212 5038 3437 5094 faciunt.
3491 5038 3581 5093 Sic
3623 5038 3753 5092 enim

2195 5127 2354 5182 habet
2406 5124 2745 5196 Evangelista
2794 5144 2810 5184 :
2857 5144 2875 5178 ι
2914 5127 2981 5182 Ει
3024 5131 3125 5199 ipsi
3175 5145 3282 5185 non
3342 5131 3661 5186 introierunt
3702 5127 3750 5181 in

2193 5218 2531 5288 przetorium,
2557 5228 2641 5285 ,ιιι
2689 5234 2796 5276 non
2829 5223 3351 5292 contaminarentur,
3385 5224 3481 5280 sed
3528 5232 3585 5277 ut
3614 5236 3749 5276 man-

2192 5312 2454 5368 ducarent
2504 5311 2712 5367 Pascha
2756 5313 2798 5369 ’.
2849 5332 2867 5366 ι
2906 5313 3099 5371 Notate
3147 5316 3429 5385 diligenter
3477 5315 3787 5385 Scriptum-

2198 5417 2453 5461 mcntem.
2483 5406 2723 5464 Sublatis
2755 5410 2929 5465 oculis
2978 5409 3437 5465 animadvertunt.
3482 5409 3609 5464 Nam
3642 5412 3748 5474 post

2195 5506 2464 5567 sumptum
2492 5515 2519 5551 a
2556 5495 2687 5553 Juda
2723 5497 3056 5555 Dominicum
3085 5515 3279 5572 panem
3318 5501 3537 5555 intravit
3559 5499 3612 5559 in
3636 5509 3743 5552 eum

2734 5659 2788 5691 ’³⁸
2814 5660 2940 5715 ibid.
2972 5660 3059 5715 59..
3166 5662 3209 5694 "
3261 5660 3393 5719 Gen.
3462 5656 3737 5723 surint.
