4006 6284
314 408 424 475 829
511 433 514 436 ’

314 618 599 678 ismaelitte
648 618 697 673 vi
741 629 886 675 tores
945 632 1219 679 venerunt
1278 625 1347 681 de
1400 624 1627 682 Galaad.
1675 623 1894 697 Iosephi

312 712 483 776 enim,
517 720 577 766 at
604 720 661 767 et
686 712 908 779 Christi.
941 712 1227 785 emptores
1260 732 1331 773 ex
1371 717 1731 774 circumsione
1773 732 1895 775 esse

306 806 615 874 Oportebat.

866 895 1099 954 CAPUT
1140 898 1330 958 XXIV.

515 1032 764 1089 Camelus
792 1034 845 1089 in
876 1033 1156 1107 Scriptura
1186 1034 1367 1093 odium
1400 1038 1683 1111 significat.

382 1168 450 1223 Et
475 1167 665 1224 cameli
695 1184 880 1226 eorum
916 1179 1180 1237 aromate,
1212 1184 1267 1229 et
1302 1176 1500 1241 resina,
1529 1186 1692 1245 atque
1718 1184 1889 1232 stacte

304 1259 490 1316 onusti
539 1272 713 1317 erant.
748 1262 997 1319 Cameios
1038 1268 1344 1334 nominans,
1377 1267 1546 1323 Anum
1577 1280 1632 1322 et
1665 1268 1887 1339 Caiphae

299 1371 559 1426 corpora,
591 1357 883 1429 pontiﬁcali
933 1357 1071 1412 stola
1104 1359 1323 1426 amicta,
1372 1370 1543 1415 notat.
1577 1361 1675 1415 Est
1703 1370 1881 1415 autem

298 1452 633 1508 camelorum
663 1465 833 1521 genus
864 1449 1187 1518 iniuriarum
1229 1452 1732 1509 retinentissimum.
1779 1451 1884 1507 ita-

300 1560 410 1614 que
437 1545 607 1616 iigura
651 1558 865 1613 quoque
894 1542 1078 1598 odium
1118 1543 1376 1600 adversus
1418 1544 1700 1601 veritatem
1738 1544 1885 1601 desi-

301 1638 524 1708 gnabat.
557 1636 657 1703 Qui
688 1651 750 1693 ea
777 1638 830 1691 in
858 1636 1148 1709 Egyptum
1176 1634 1523 1705 importatum
1556 1637 1723 1703 ibant,
1754 1652 1883 1709 per-

303 1730 433 1786 inde
474 1744 538 1785 ac
598 1729 675 1785 illi
707 1729 1014 1786 circumcisi
1059 1718 1279 1800 operam
1324 1728 1549 1797 dabant,
1593 1739 1652 1784 ut
1705 1729 1873 1785 Deum

297 1823 574 1880 hominem
626 1825 809 1880 desum
855 1825 920 1880 ad
970 1824 1174 1880 inferos
1223 1824 1588 1881 demitterent.
1665 1842 1689 1878 ι
1731 1823 1876 1880 Dixit

295 1929 430 1985 ergo
473 1914 640 1973 Judas
675 1916 931 1973 fratribus
978 1916 1094 1974 suis
1131 1936 1147 1972 :
1179 1914 1320 1984 Quid
1356 1914 1510 1973 nobis
1557 1917 1793 1987 prodest,
1828 1918 1876 1974 si

295 2005 658 2061 occiderimus
695 2004 919 2065 fratrem
967 2016 1232 2074 nostrum,
1266 2016 1322 2063 et
1360 2006 1713 2065 ceiaverimus
1749 2023 1877 2065 san-

296 2098 513 2169 guinem
550 2100 754 2169 ipsius?
786 2100 979 2158 Melius
1001 2107 1106 2165 est,
1138 2112 1193 2156 ut
1233 2102 1592 2158 venumdetur
1634 2099 1878 2158 ismaeli-

293 2191 388 2259 tis,
425 2202 481 2248 et
527 2208 717 2248 manus
761 2203 962 2249 nostra:
991 2209 1098 2250 non
1141 2194 1492 2264 polluantur:
1524 2195 1692 2251 frater
1729 2197 1874 2253 enim

288 2294 349 2341 et
390 2299 521 2341 caro
548 2298 735 2342 nostra
782 2296 863 2344 est
892 2288 935 2344 ⁸.
976 2304 996 2341 ι
1029 2287 1323 2358 Oportebat
1359 2299 1470 2345 tum
1504 2305 1720 2360 quoque
1744 2305 1874 2346 ven-

290 2375 558 2432 ditionem
605 2392 703 2447 per
734 2376 927 2434 ludam
961 2379 1097 2445 fieri,
1129 2381 1385 2450 quoniam
1418 2390 1473 2437 et
1503 2398 1647 2438 nunc
1679 2382 1875 2437 Serva-

288 2470 429 2524 toris
456 2471 692 2526 venditio
719 2487 812 2542 per
851 2469 1043 2528 Judam
1079 2474 1408 2543 proditorem
1443 2474 1582 2532 facta
1617 2486 1723 2534 est.
1764 2474 1871 2531 Sed

286 2559 380 2629 ille
408 2558 631 2617 fratrem
664 2563 892 2619 liberare
913 2566 1118 2633 volens,
1152 2567 1515 2623 venditionem
1542 2567 1624 2624 eis
1650 2569 1820 2625 suasit
1852 2582 1870 2623 :

285 2653 504 2726 duobus
528 2655 671 2711 enim
697 2657 855 2713 malis
877 2660 1278 2729 comparandis,
1310 2660 1490 2718 minus
1512 2662 1699 2735 elegit;
1725 2664 1875 2720 isca-

292 2747 497 2825 riotes,
528 2749 617 2820 qui
660 2749 901 2807 doctoris
934 2751 1134 2808 caedem
1183 2754 1433 2823 spiraret,
1468 2771 1569 2811 nec
1610 2757 1875 2825 perﬁcere

280 2823 497 2911 posset,
518 2840 860 2911 pontiﬁcibus
880 2857 1004 2898 eum
1031 2847 1342 2902 venumdat.
1376 2846 1540 2918 idque
1564 2823 1726 2906 etiam
1756 2852 1877 2909 Sal-

284 2938 445 2989 vator
477 2947 627 2991 meus
663 2933 833 2991 Pilato
862 2936 1244 2994 demonstrans
1270 2940 1343 2995 ait
1369 2957 1383 2996 :
1416 2958 1435 2993 ι
1465 2940 1750 3008 Propterea
1776 2948 1868 3017 qui

282 3040 371 3083 me
402 3026 626 3081 tradidit
668 3026 788 3093 tibi,
846 3028 1020 3101 majus
1070 3041 1348 3095 peccatum
1400 3032 1561 3089 habet
1594 3035 1637 3091 ⁵.
1672 3054 1692 3088 ι
1729 3037 1872 3095 Proh

281 3118 579 3193 proditoris
611 3120 915 3189 audaciam,
946 3131 1001 3177 et
1044 3122 1282 3180 doctoris
1330 3123 1759 3186 humanitatem!

1388 418 1678 499 DIALOG
1690 419 1788 484 US
1828 418 2488 494 CONTRA'IUDEOS.

313 530 564 591 Satanas,
599 534 657 580 ut
702 525 758 581 in
795 521 1088 600 Evangetiu
1122 529 1356 589 Joannes
1396 533 1553 589 docet
1596 533 1640 592 ³.
1674 532 1741 589 Ει
1770 548 1896 591 ecce
1920 530 1981 595 Α

2615 481 2619 484 -
3467 439 3577 511 830

2559 543 2788 603 CAPUT
2840 547 2934 604 XX
2944 547 3009 606 V.
3060 600 3062 604 _

2452 658 2687 732 Invidia,
2718 664 2834 734 fere
2865 666 3114 739 crudelis.

2070 768 2366 827 Observato
2390 773 2591 844 ﬁguras
2619 794 2634 831 :
2691 795 2713 830 ι
2750 776 2883 833 Cum
2911 781 3253 850 cognovisset
3280 791 3431 850 pater
3454 783 3524 837 ait
3551 799 3569 838 :

1998 856 2205 931 Tunica
2232 860 2323 915 lilii
2351 866 2453 919 mei
2484 873 2588 933 est,
2617 864 2727 922 fera
2758 869 2994 937 pessima
3027 873 3262 927 comedit
3294 889 3414 928 eum
3445 875 3507 927 ²³.
3543 894 3564 929 s

1996 938 2204 1005 Etenim
2237 966 2361 1008 vere
2392 954 2777 1012 immanissima
2811 959 2919 1014 fera
2945 970 3026 1016 est
3059 961 3281 1028 invidia,
3313 980 3383 1029 ac
3403 967 3569 1022 multo

1991 1043 2153 1096 etiam
2206 1044 2345 1114 plus.
2396 1045 2529 1103 Nam
2578 1048 2706 1105 ferte
2756 1052 3033 1107 hominum
3085 1064 3288 1109 tantum
3340 1073 3567 1129 corpora

1996 1130 2249 1191 mandunt
2273 1156 2288 1206 ;
2316 1138 2427 1194 haec
2453 1156 2574 1195 cum
2600 1132 2916 1213 corporibus
2940 1146 3147 1201 animos
3168 1148 3330 1203 etiam
3367 1153 3604 1219 prodit.“

1990 1226 2101 1283 Nec
2148 1229 2320 1285 solum
2366 1229 2551 1288 Jacobi
2602 1234 2760 1297 lilios,
2793 1236 2905 1290 han:
2940 1239 3137 1293 invidia
3170 1239 3349 1297 fratris
3380 1245 3568 1300 vendi-

1991 1326 2159 1382 tores,
2212 1321 2302 1374 sed
2343 1318 2557 1377 Iudaeos
2586 1339 2797 1395 quoque
2832 1326 2923 1381 Dei
2957 1343 3302 1397 percussores
3361 1333 3559 1391 ell'ccit.

1994 1428 2013 1461 ι
2058 1411 2361 1481 Scissisque
2409 1416 2681 1482 vestibus,
2732 1419 2948 1476 indutus
2996 1431 3081 1476 est
3125 1424 3338 1490 cilicio,
3374 1424 3564 1496 lugens

1991 1501 2156 1556 filium
2193 1520 2345 1558 suum
2382 1507 2547 1564 multo
2592 1517 2832 1578 tempore
2865 1511 2924 1567 ".
2966 1531 2985 1565 ι
3022 1511 3086 1566 Ει
3132 1514 3220 1569 hic
3252 1516 3433 1573 videre
3477 1528 3562 1573 est

1990 1606 2095 1647 non
2131 1595 2387 1651 mediocri
2429 1599 2613 1653 dolore
2646 1601 2918 1657 caelestem
2956 1603 3117 1657 Deum
3153 1616 3207 1660 et
3229 1606 3464 1673 Patrem,
3491 1624 3557 1666 ex

1987 1683 2089 1739 hac
2116 1682 2315 1741 Christi
2350 1686 2541 1758 iniuria
2568 1700 2733 1761 atque
2784 1692 2932 1748 caede
2962 1692 3227 1749 allectum.
3264 1716 3279 1748 ι
3321 1697 3561 1769 Congre—

1985 1778 2125 1845 gatis
2151 1787 2330 1833 autem
2363 1783 2571 1838 cunctis
2598 1783 2782 1839 liberis
2810 1785 2949 1855 ejus,
2978 1795 3034 1840 ιιι
3062 1787 3289 1844 lenirent
3316 1791 3555 1847 dolorem

1860 1861 1876 1946 ξ
1904 1861 1950 1918 Β
1978 1871 2148 1939 patris
2182 1871 2246 1929 "..
2283 1891 2301 1927 ι
2345 1873 2419 1931 Es
2446 1875 2593 1931 omni
2626 1880 2907 1946 memoria,
2945 1878 3053 1935 Deo
3084 1881 3276 1939 charos
3309 1884 3471 1940 simul
3503 1896 3559 1943 et

1974 1962 2168 2018 charas
2203 1962 2483 2037 Scriptura
2530 1969 2816 2039 signiﬁcat.
2860 1990 2879 2024 ε
2912 1970 3095 2027 Noluit
3129 1974 3555 2034 consolationem

1973 2052 2218 2123 accipere
2253 2054 2331 2123 1‘;
2379 2075 2399 2109 ι
2431 2066 2537 2111 tam
2560 2059 2797 2128 graviter
2823 2062 2965 2115 enim
2994 2060 3163 2118 Judaei
3192 2060 3551 2137 oiTenderuut,

1974 2153 2034 2198 ut
2066 2144 2501 2215 deprecationem
2546 2159 2784 2221 respuat,
2818 2157 3163 2223 quantumvis
3198 2157 3437 2213 animum
3470 2160 3554 2217 in-

1974 2238 2134 2292 ducat
2181 2239 2305 2310 quis
2352 2243 2561 2311 precari
2644 2259 2740 2313 pro
2787 2246 2871 2302 iis.
2946 2245 3001 2301 id
3051 2248 3192 2318 quod
3235 2266 3329 2319 per
3375 2265 3552 2310 vatem

1974 2327 2119 2385 Deus
2145 2340 2373 2409 testatur
2408 2333 2462 2388 in
2506 2335 2619 2389 haec
2648 2336 2853 2391 verba:
2888 2357 2907 2391 ι
2952 2336 3008 2394 Si
3046 2340 3259 2398 steterit
3290 2341 3472 2405 Moses
3496 2355 3555 2405 et

1976 2419 2192 2477 Samuel
2221 2437 2402 2479 coram
2437 2442 2540 2493 me,
2579 2443 2683 2483 non
2715 2438 2799 2485 est
2828 2430 3008 2486 anima
3040 2448 3157 2489 mea
3199 2436 3266 2492 ad
3296 2439 3548 2508 populum

1973 2515 2137 2570 istum
2179 2517 2248 2582 ",
2288 2535 2308 2566 ι
2345 2531 2443 2572 nec
2475 2520 2762 2576 exaudiam
2798 2537 2914 2589 eos,
2956 2539 3307 2593 exposcentes
3339 2545 3437 2602 pro
3479 2530 3549 2591 iis

1975 2622 2181 2675 pacem,
2204 2620 2264 2663 ut
2288 2619 2434 2666 ante.
2496 2608 2571 2665 ita
2600 2621 2660 2666 ut
2684 2629 2802 2683 (tua:
2832 2614 2884 2670 in
2914 2617 3088 2673 medio
3114 2628 3240 2675 sunt
3260 2620 3547 2697 dimittam,

1969 2695 2264 2770 Josephum
2290 2700 2344 2755 in
2368 2698 2665 2773 Aigyptum
2692 2705 3031 2765 abduxerunt
3058 2710 3128 2767 η.

2534 2815 2762 2874 CAPUT
2802 2818 2991 2878 XXVI.

2020 2928 2217 2998 Ioseph
2254 2931 2306 2985 in
2344 2930 2577 3004 digypto
2615 2934 2683 2988 ad
2723 2953 2955 2992 summos
2995 2938 3216 2997 honores
3255 2954 3480 3004 evectus.

2041 3043 2142 3111 ibi,
2172 3046 2323 3102 scitis
2349 3061 2537 3131 omnes
2584 3048 2902 3122 legisperiti,
2943 3052 3241 3113 Pharaonis
3283 3060 3546 3133 magistro

1974 3136 2215 3206 equitum
2256 3138 2511 3203 veniisse,
2560 3154 2795 3211 eumque
2839 3142 3111 3201 hominem
3159 3150 3405 3207 denrum
3443 3156 3543 3210 de-

349 3233 524 3307 lgtmr
569 3235 686 3306 ei";
744 3234 938 3295 mire,
1000 3247 1302 3296 εχιηεωω
1360 3242 1721 3314 eductumque
1787 3258 1854 3301 εχ
1891 3214 1934 3276 C
1968 3227 2311 3297 prehensum,
2343 3229 2487 3285 omni
2518 3245 2628 3288 suae
2648 3230 2885 3297 familiai,
2932 3237 3248 3310 cunctisque
3284 3242 3544 3302 domesti-

278 3329 518 3387 cisterna
546 3327 863 3399 Josepbum,
896 3329 1181 3389 lsmaelitis
1223 3333 1461 3402 vendunt
1487 3334 1540 3390 in
1568 3334 1860 3409 Egyptum

275 3420 675 3478 abducendum.
714 3421 795 3477 Illi
840 3422 1058 3494 quidem
1092 3426 1193 3481 sic.
1241 3424 1409 3481 Judaei
1456 3426 1639 3484 Jesum
1694 3428 1863 3487 Pilato

278 3512 561 3581 traditum,
594 3515 648 3571 in
697 3530 1024 3588 crucemque
1070 3519 1368 3587 sublatum,
1415 3520 1578 3578 morti
1627 3524 1863 3580 demise—

277 3616 430 3664 runt.
465 3608 716 3678 Acceptis
744 3606 813 3663 ab
843 3608 911 3666 iis
941 3610 1127 3668 aureis
1170 3612 1381 3686 viginti.
1417 3614 1501 3670 illi
1536 3610 1731 3695 aureos
1774 3617 1861 3674 vi-

277 3700 454 3773 ginti;
482 3701 725 3770 proditor
757 3709 1041 3773 argenteos
1074 3702 1289 3775 triginta
1322 3705 1543 3776 accipit.
1603 3722 1627 3760 ι
1660 3705 1865 3763 Rever-

272 3807 373 3849 sus
402 3789 592 3848 Buben
637 3791 706 3849 ad
735 3792 1051 3874 cisternam,
1095 3809 1205 3851 non
1252 3795 1456 3852 invenit
1488 3812 1713 3868 puerum
1748 3799 1791 3855 ⁸.
1831 3817 1853 3854 ι

277 3884 401 3943 Ηοο.
448 3883 757 3943 Senatoris
808 3902 838 3942 a
892 3887 1127 3945 mortuis
1178 3891 1631 3948 resurrectionem
1679 3900 1859 3949 notat.

270 3976 410 4033 Nam
443 3986 503 4032 ut
531 3976 646 4034 illic
690 3977 883 4045 Ruben
909 3976 1205 4049 Josepbum
1240 3995 1349 4036 non
1381 3980 1609 4061 invenit,
1640 3981 1715 4039 ita
1755 3998 1857 4040 nec

268 4069 466 4128 Petrus
489 4070 764 4129 Christum
798 4072 851 4126 in
880 4082 1229 4129 monumento
1252 4074 1294 4130 '.
1328 4092 1350 4129 ι
1380 4072 1644 4132 Tuierunt
1670 4086 1853 4134 autem

271 4159 517 4235 tunicam
548 4159 771 4232 ioseph,
805 4173 860 4217 et
902 4163 957 4219 in
1002 4165 1266 4236 sanguine
1311 4164 1470 4234 haedi,
1514 4182 1676 4238 quem
1705 4170 1857 4226 occi-

266 4252 513 4319 derant,
549 4246 823 4309 tinxerunt
861 4254 906 4309 ⁸.
960 4272 982 4306 s
1027 4254 1105 4311 illi
1139 4264 1363 4326 accepto
1406 4272 1571 4329 capro
1616 4260 1852 4317 tunicam

267 4362 466 4403 cruore
512 4347 762 4417 imbuant
788 4366 804 4403 :
835 4348 924 4405 hic
948 4363 1114 4420 caper
1156 4358 1321 4420 atque
1365 4352 1542 4407 tunica
1574 4350 1737 4409 Verbi
1767 4368 1857 4409 as-

267 4448 541 4512 sumptum
595 4439 997 4513 intelligendum
1063 4452 1149 4498 est
1199 4459 1215 4498 :
1268 4457 1377 4513 quo
1437 4444 1851 4515 interﬁciendo,

264 4533 438 4593 Judaei
483 4549 684 4604 corpus
731 4536 848 4605 ejus
891 4545 1261 4596 cruentarunt.
1311 4534 1741 4622 Jeremimenlm
1782 4556 1850 4598 ex

1965 3319 2045 3375 cis
2074 3334 2102 3374 a
2145 3318 2443 3390 Putipbare
2476 3323 2789 3393 praefectum
2825 3327 3028 3396 fuisse;
3059 3330 3244 3386 heram
3294 3347 3443 3401 vero,
3484 3345 3544 3393 ut

1960 3409 2263 3466 iormosum
2307 3426 2429 3468 esse
2470 3415 2783 3482 conspicata
2828 3415 2952 3485 fuit,
2996 3433 3118 3474 eum
3162 3435 3410 3490 amasse;
3444 3426 3540 3481 scd

1961 3512 2251 3573 negantem
2303 3518 2491 3560 secum
2540 3506 2809 3577 nequitias
2860 3509 3062 3577 facere,
3110 3521 3323 3582 arrepta
3364 3526 3537 3583 veste,

1961 3614 2069 3671 quo
2098 3602 2266 3670 proba
2301 3602 2601 3669 videretur,
2629 3605 2825 3660 marito
2854 3608 3179 3677 prodidisse.
3208 3607 3286 3664 ita
3323 3593 3455 3665 sane
3482 3618 3541 3665 et

1960 3689 2244 3765 Sybagoga
2298 3692 2575 3750 Christum
2628 3697 2780 3767 prius
2824 3698 3048 3765 dilexit,
3106 3701 3247 3758 inter
3291 3701 3539 3758 homines

1948 3784 2121 3857 longe
2149 3785 2603 3843 famosissimum
2630 3790 2713 3857 “;
2743 3804 2864 3845 cum
2898 3806 3019 3847 eum
3050 3800 3103 3846 et
3126 3794 3439 3864 pontificem,
3468 3793 3538 3852 ad

1960 3880 2226 3936 rationem
2256 3878 2677 3938 Melchisedechi
2706 3886 2982 3954 cooptavit
3013 3884 3082 3953 ”,
3117 3894 3173 3941 et
3206 3889 3327 3943 sine
3363 3899 3539 3944 matre

1958 3973 2016 4028 in
2044 3974 2213 4041 creto,
2238 3974 2358 4030 sine
2386 3984 2538 4046 patre
2566 3974 2619 4031 in
2648 3985 2793 4032 terra
2824 3977 3173 4035 confirmavit
3196 3978 3264 4034 “.
3292 3980 3398 4038 Sed
3435 3996 3537 4039 nec

1956 4080 2077 4136 qua
2115 4060 2411 4140 Synsgogae
2451 4065 2747 4138 placerent,
2785 4070 2966 4128 facere
2994 4073 3288 4140 volentem,
3314 4083 3368 4131 et
3397 4068 3535 4133 assi-
3620 4119 3622 4122 μ

1954 4160 2063 4216 due
2108 4159 2474 4217 incessentem
2518 4170 2574 4217 et
2603 4163 2986 4234 castigantem,
3023 4175 3082 4220 ut
3112 4166 3187 4221 ait
3222 4166 3535 4226 Salomonis

1956 4253 2238 4324 Sapientia
2269 4272 2284 4309 :
2324 4270 2346 4307 ι
2377 4251 2658 4325 Tanquam
2695 4271 2932 4327 nugaces
2967 4258 3219 4315 aestimati
3244 4274 3431 4317 sumus
3463 4261 3534 4319 ab

1954 4346 2069 4413 illo,
2104 4356 2161 4402 et
2204 4346 2444 4403 abstinet
2472 4362 2532 4403 se
2562 4363 2594 4402 a
2638 4347 2742 4403 viis
2787 4349 3014 4418 nostris,
3046 4360 3303 4423 tauquam
3334 4351 3403 4409 ab
3432 4352 3528 4408 im-

1953 4441 2236 4495 munditiis
2281 4440 2357 4506 “;
2430 4459 2453 4493 ι
2507 4448 2616 4496 ιιιιιι
2653 4457 2783 4498 vero
2835 4444 3172 4499 vestimentis
3222 4434 3531 4501 emendum

1954 4532 2128 4590 Pilato
2179 4532 2423 4601 tradidit,
2468 4534 2798 4591 sacriﬁcium
2832 4550 2893 4591 se
2925 4535 3033 4592 Deo
3060 4536 3240 4593 facere
3275 4539 3527 4597 credens.

263 4592 472 4683 Christi
507 4592 737 4697 persona
758 4592 899 4683 ⁷Ιιιιιλιι
944 4636 1070 4683 sunt
1118 4592 1282 4683 verba
1322 4592 1850 4703 4ζῖιρέεῖ
1880 4592 1929 4650 υ
1955 4625 2066 4687 Illic
2111 4592 2679 4699 Putiphari'iﬁgyptia
2719 4625 2785 4684 τι
2822 4592 3373 4685 Adduxistiiservum

264 4736 437 4792 agnus
466 4730 802 4786 mansuetus,
832 4721 921 4792 qui
946 4731 1192 4792 portatur
1217 4724 1281 4778 ad
1310 4725 1623 4790 victimam;
1659 4735 1843 4783 etnon

260 4813 513 4885 cognovi,
544 4812 668 4883 quia
702 4816 1076 4883 cogitaverunt
1116 4830 1282 4885 super
1329 4831 1418 4873 me
1461 4817 1691 4876 consilia
1720 4820 1765 4874 ’.
1818 4836 1840 4871 s

264 4901 456 4961 Videte
484 4913 543 4960 ut
570 4904 688 4960 ovis
713 4903 915 4976 ubique
945 4906 1112 4973 ipsius
1148 4908 1411 4977 assumpti
1439 4910 1665 4980 ﬁguram
1704 4910 1845 4966 desi-

259 5008 391 5069 gnet
421 4998 489 5053 “.
520 4997 844 5068 Missamque
888 5001 1267 5056 versicolorem
1312 5003 1550 5058 tunicam
1584 5006 1723 5074 putri
1757 5019 1842 5060 re-

260 5098 609 5162 praesentant.
649 5091 781 5147 Nam
834 5092 1077 5163 unigena!
1123 5095 1359 5149 tunicam
1402 5094 1547 5150 Deus
1578 5106 1634 5149 et
1676 5095 1842 5150 Pater

258 5194 540 5241 cruentam
570 5185 801 5256 accepit.
842 5187 911 5242 Et
950 5188 999 5242 ei
1044 5187 1355 5257 signiﬁcant
1388 5205 1402 5243 :
1439 5207 1458 5243 s
1500 5186 1651 5245 Hanc
1680 5188 1838 5245 inve-

258 5279 439 5334 nimus
472 5294 488 5333 :
543 5277 666 5334 vide
696 5287 875 5334 utrum
923 5280 1107 5335 tunica
1142 5279 1236 5335 filii
1265 5280 1340 5335 tui
1374 5281 1465 5348 sit,
1498 5294 1675 5337 annon
1707 5282 1771 5337 “.
1811 5300 1832 5334 ι

258 5372 451 5429 itidem
482 5381 539 5429 et
564 5371 737 5428 Judaei
772 5377 837 5429 de
870 5374 1086 5431 Christo
1128 5376 1381 5432 dicebant
1409 5394 1425 5431 :
1462 5394 1483 5430 ι
1515 5374 1751 5433 Conlldit
1781 5378 1833 5433 in

259 5464 413 5522 Deo:
448 5464 637 5521 liberet
666 5481 825 5535 nunc,
860 5467 906 5521 si
940 5468 1051 5522 vult
1091 5482 1213 5522 eum
1247 5468 1312 5522 η.

331 5652 353 5684 ³
383 5648 541 5704 Joan.
575 5663 696 5710 snt,
759 5647 850 5702 27.

259 5726 280 5755 ⁸
309 5720 446 5777 Gen.
479 5734 690 5785 sum,
725 5717 814 5774 51.
888 5722 909 5753 ⁹
939 5719 1139 5775 Jerem.
1174 5738 1235 5787 tt,
1275 5721 1358 5777 i9.
1438 5720 1483 5753 ¹⁶
1523 5721 1628 5776 lsa.
1662 5737 1775 5783 Lill,
1808 5719 1858 5772 7.

1969 5719 1979 5749 ¹
2010 5717 2143 5772 Gen.
2212 5733 2418 5787 xxxvii.
2452 5717 2539 5771 52.

1501 5792 1543 5823 ⁸⁸
1590 5795 1715 5847 ibid.
1796 5790 1839 5821 ¹⁷
1869 5788 2067 5845 Jerem.
2098 5803 2185 5851 ιν,
2221 5788 2273 5842 i.

262 5787 487 5845 xvxvtt.‘
520 5790 607 5843 35.
689 5788 734 5821 ³⁸
764 5790 887 5844 ibid.
923 5791 1015 5847 51.
1091 5794 1133 5825 ’⁸
1164 5796 1289 5847 ibid.
1330 5792 1419 5847 ‘55.

257 5860 311 5915 5.
386 5860 432 5892 ’⁸
475 5858 766 5932 Psal._ctx,
809 5863 861 5919 ι.
940 5864 980 5895 ³¹
1024 5862 1189 5919 Hebr.
1232 5879 1326 5930 vit,
1372 5863 1458 5919 i7.
1535 5864 1580 5895 ¹²
1622 5864 1746 5932 Sap.
1790 5877 1847 5927 ιι,
1890 5859 1975 5915 16.

259 5945 444 5999 xxxix,
480 5928 587 5997 20,
626 5929 712 5985 22.

951 5648 971 5681 ³
1002 5649 1137 5707 Gen.
1167 5666 1377 5714 xxxvii,
1405 5648 1495 5714 S6,
1526 5649 1613 5706 27.
1694 5653 1715 5684 ⁸
1742 5647 1898 5703 Joan.
1948 5663 2059 5708 ns.
2112 5647 2198 5702 ii.
2273 5647 2293 5679 '
2327 5647 2459 5703 Gen.
2523 5659 2726 5707 xxxv".
2773 5644 2863 5700 29.

1952 4717 2177 4782 brutum,
2201 4729 2261 4773 ut
2290 4718 2537 4775 illuderet
2562 4720 2692 4774 mihi
2716 4719 2783 4775 ".
2824 4738 2843 4771 ι
2870 4720 2967 4775 llic
2993 4720 3279 4792 Synagoga
3311 4720 3483 4777 Pilato
3510 4738 3529 4780 :

1959 4829 1979 4863 ι
2008 4807 2343 4879 improperat
2364 4809 2518 4867 nobis
2550 4820 2775 4880 peccata
2809 4811 2965 4882 legis,
2990 4824 3043 4868 et
3074 4813 3318 4872 diﬂ'amat
3350 4819 3402 4873 in
3430 4835 3526 4875 nos

1948 4913 2169 4977 peccata
2213 4905 2509 4975 disciplina:
2552 4915 2750 4963 nostra;
2783 4907 2854 4958 “.
2896 4926 2919 4960 ι
2961 4906 3073 4963 illic
3111 4909 3371 4978 Putiphar
3407 4920 3525 4966 eor-

1948 5003 2161 5067 reptum
2205 4994 2497 5067 Iosephum
2546 4997 2601 5052 in
2652 5012 2923 5052 carcerem
2971 5000 3257 5068 compegit,
3319 5016 3426 5066 quo
3471 5001 3523 5056 in

1946 5091 2067 5146 ioco
2099 5089 2265 5143 vincti
2297 5089 2437 5157 regis
2466 5090 2791 5144 tenebantur
2822 5091 2866 5121 "
2895 5105 2909 5142 :
2938 5088 3027 5143 hic
3080 5089 3283 5145 Pilatus
3312 5089 3523 5147 Domini

1947 5182 2053 5238 mei
2090 5181 2286 5252 captivi
2328 5181 2565 5236 animam
2606 5184 2672 5234 ad
2714 5179 2914 5235 inferos
2946 5181 3200 5248 demisit;
3240 5182 3328 5237 ubi
3361 5182 3413 5237 iu
3443 5192 3524 5238 te-

1945 5276 2131 5331 nebris
2149 5275 2260 5344 jam
2286 5274 2415 5331 olim
2459 5284 2772 5329 sanctorum
2807 5290 2994 5329 manes
3028 5276 3371 5332 tenebantur.
3406 5275 3522 5335 illic

1943 5367 2204 5423 custodiat
2228 5367 2482 5439 magister
2502 5366 2742 5437 Josepho
2768 5382 3045 5421 carcerem
3079 5369 3132 5423 in
3162 5385 3351 5425 manus
3376 5385 3521 5426 com-

1944 5462 2116 5527 misit,
2151 5477 2257 5517 nec
2286 5460 2353 5517 de
2381 5463 2445 5515 iis
2471 5476 2588 5529 qua:
2623 5460 2755 5516 inibi
2785 5461 2997 5526 ﬁerent,
3028 5472 3148 5530 post
3172 5478 3293 5518 eum
3318 5479 3517 5533 cogno-

2978 5647 2993 5675 '
3024 5643 3180 5697 Joan.
3226 5657 3318 5703 xx,
3374 5643 3426 5707 6,
3457 5645 3512 5700 Ἰ.

2635 5715 2677 5747 ι’
2706 5714 2889 5771 Matth.
2938 5729 3105 5774 xsvn,
3138 5712 3226 5770 43.
3306 5715 3348 5747 ¹³
3372 5715 3512 5772 Gen.

2352 5786 2395 5819 "
2424 5788 2557 5842 Gen.
2598 5799 2783 5848 xxxix,
2830 5784 2860 5837 7
2912 5800 3063 5854 seqq.
3101 5784 3145 5817 ι’
3184 5782 3325 5838 Psal.
3367 5792 3515 5854 serv,

2074 5860 2117 5892 "
2157 5857 2288 5913 Gen.
2332 5873 2516 5925 xxxix,
2572 5855 2655 5911 i7.
2732 5856 2777 5886 "
2819 5855 2948 5926 Sap.
2988 5852 3210 5925 tt,"i2.
3288 5854 3333 5887 "
3368 5852 3507 5911 Gen.
