4082 6294
487 389 589 453 881

1651 382 1959 446 ANDRON
1972 382 2071 441 lCl
2113 383 2458 446 COMNENI

3629 360 3733 424 832

485 503 702 564 scebat;
736 501 824 555 hic
853 513 1007 554 meus
1036 497 1285 554 Salvator
1311 505 1473 566 atque
1511 494 1674 560 Dens,
1700 493 1944 564 abruptis
1981 492 2066 544 in-
2093 492 2142 552 Α
2170 495 2631 559 misericordiam;
2695 508 2712 542 ν
2765 503 2882 543 mea
2918 497 3020 553 ope
3067 481 3119 538 in
3171 478 3368 536 fratres
3416 475 3736 545 benignitate

491 593 728 647 ferorum
755 593 1008 656 vinculis,
1066 590 1380 659 calcatoqne
1414 588 1640 643 custode
1671 586 1908 649 diabolo,
1943 599 2069 639 san—

487 694 697 740 ctorum
727 683 936 739 animas
965 684 1235 738 liberavit.

575 818 592 850 ι
636 799 728 852 llis
758 799 831 852 ita
852 799 1036 868 gestis,
1062 797 1261 853 accidit
1287 808 1343 850 ut
1369 804 1658 866 peccarent
1679 796 1785 849 duo
1809 793 2070 858 eunuchi,

492 891 753 961 pitu-.erna
793 890 934 957 regis
968 888 1210 961 Aigypti,
1243 899 1296 942 et
1330 889 1520 961 pistor,
1562 889 1781 942 domino
1811 903 1910 941 suo
1945 887 2012 952 “,
2049 904 2069 938 ι

497 982 548 1035 id
584 994 684 1045 est,
724 992 1030 1034 exterarum
1073 982 1314 1050 gentium
1363 989 1417 1033 et
1465 977 1770 1032 Iudaeorum
1827 978 2073 1047 populus.

497 1076 636 1130 Nam
671 1074 817 1142 prior
843 1085 954 1127 erat
980 1074 1243 1143 gentium,
1270 1073 1382 1142 qui,
1422 1081 1479 1123 ut
1505 1069 1787 1124 idololatra
1819 1068 2017 1131 factus,
2048 1084 2076 1120 a

501 1165 608 1220 Deo
645 1163 863 1226 defecit,
909 1175 1035 1217 tunc
1069 1161 1350 1217 Iudaicum
1388 1162 1637 1232 populum
1670 1176 1767 1231 per
1804 1160 2078 1214 Abraham

499 1255 833 1311 sacriﬁcium
870 1255 1124 1309 instituit.
1165 1273 1185 1306 ι
1222 1253 1590 1324 Videruntque
1619 1254 1781 1307 ambo
1810 1251 2081 1308 somnium

499 1360 662 1403 nocte
708 1363 812 1401 una
860 1347 927 1413 ³⁷,
986 1366 1003 1399 ι
1058 1349 1109 1402 id
1151 1358 1257 1413 est,
1305 1348 1398 1404 Dei
1430 1359 1656 1403 mortem
1688 1349 2083 1416 recogitarunt.

501 1441 610 1495 Sed
639 1440 748 1494 illic
774 1455 802 1493 a
834 1439 1066 1507 Iosepho
1097 1440 1376 1495 dissolutio
1406 1452 1509 1506 est,
1552 1443 1639 1496 hic
1678 1455 1706 1494 a
1737 1439 1868 1494 Deo.
1906 1439 2088 1503 Quare

505 1533 699 1587 merito
728 1530 1034 1602 Iosephus:
1078 1552 1097 1585 ι
1139 1531 1409 1604 Nunquid]
1441 1549 1547 1588 non
1577 1532 1670 1588 Dei
1716 1541 1800 1586 est
1827 1532 2092 1602 interpre—

505 1626 637 1680 tatio
675 1625 761 1679 "‘l
808 1644 825 1677 ι
861 1621 1059 1678 Verum
1102 1637 1319 1694 praestat
1352 1641 1410 1678 ea
1459 1626 1691 1688 somnia,
1721 1639 1838 1692 qua:
1870 1624 2087 1692 quidem

505 1717 750 1787 exempla
807 1721 1008 1772 habent
1067 1733 1246 1771 rerum
1299 1715 1650 1783 futurarum,
1709 1715 1875 1771 verbo
1936 1725 2092 1771 tenus

509 1826 815 1866 recensere.
848 1809 982 1864 Tum
1016 1809 1250 1879 Iosepho
1285 1829 1302 1862 ι
1347 1811 1616 1865 somnium
1655 1825 1814 1864 suum
1850 1808 2092 1863 narravit

512 1904 663 1972 prior
711 1902 1031 1972 praepositus
1085 1902 1492 1970 pincernarum,
1557 1901 1812 1955 iscilicet
1855 1899 2093 1969 gentium

512 1994 736 2063 ﬁguram
785 1993 963 2048 ferens
1006 2011 1021 2050 :
1067 2012 1085 2046 ς
1118 1992 1382 2047 Videbam
1417 2008 1598 2048 coram
1637 2006 1722 2048 me
1775 1993 1939 2047 vitem
1971 1993 2039 2046 η.
2071 2009 2092 2044 ι

514 2088 690 2142 Vitem
728 2087 816 2142 hic
856 2086 1093 2157 intellige
1137 2087 1347 2141 dulcem
1381 2084 1597 2152 Iesum;
1643 2086 1723 2141 sic
1759 2086 1902 2140 enim
1936 2084 2013 2140 ait
2041 2085 2097 2139 in

517 2177 811 2245 Evangelio
841 2194 857 2232 :
894 2195 912 2228 ι
943 2177 1054 2246 Ego
1091 2192 1210 2230 sum
1237 2176 1382 2242 vitis,
1412 2181 1465 2230 et
1492 2174 1653 2230 Pater
1679 2189 1830 2230 meus
1861 2175 2096 2245 agricola

513 2279 617 2325 est.
647 2269 873 2325 Omnem
907 2268 1180 2338 palmitem
1213 2266 1266 2322 in
1299 2281 1384 2321 me
1417 2282 1521 2321 non
1552 2268 1811 2320 terentem
1835 2264 2096 2332 fructum,

514 2364 666 2418 tollet
713 2377 833 2417 eum
871 2372 966 2417 :et
1015 2375 1254 2426 onmem,
1310 2360 1397 2431 qui
1450 2357 1558 2415 fert
1607 2359 1870 2429 fructum,
1902 2374 2101 2430 purga-

515 2455 594 2510 hit
638 2471 784 2520 eum,
829 2464 886 2507 ut
926 2455 1156 2508 fructum
1205 2453 1324 2523 plus
1365 2451 1553 2508 aiferat
1587 2454 1652 2508 ”.
1694 2472 1713 2506 ›
1747 2454 1950 2510 Contra
1988 2467 2096 2519 me,

514 2546 568 2601 id
619 2555 722 2611 est,
779 2547 1074 2610 contraria,
1129 2553 1186 2599 et
1243 2545 1295 2599 in
1345 2544 1628 2600 Christum
1682 2544 1847 2614 impie
1893 2543 2100 2600 aii‘ectae

514 2648 671 2694 erant
688 2648 894 2710 gentes.
927 2658 944 2691 ι
969 2638 1032 2692 Ει
1062 2637 1248 2693 invite
1281 2646 1438 2692 erant
1471 2647 1584 2694 tres
1619 2639 1941 2708 prepagines
1967 2637 2034 2704 ³¹,
2071 2655 2092 2690 ι

516 2747 688 2801 eaque
713 2734 1058 2801 germinans;
1098 2746 1220 2784 nam
1270 2738 1389 2798 post
1421 2729 1655 2785 triduum
1687 2729 1886 2785 Christi
1912 2744 2099 2786 resur-

519 2825 694 2880 rectio
717 2824 957 2880 emicuit.
999 2823 1210 2878 Florem
1258 2823 1529 2889 eliciebat,
1570 2824 1844 2894 apostolos
1875 2832 1927 2879 et
1957 2838 2102 2879 mar-

521 2925 689 2986 tyres,
742 2917 884 2969 unde
918 2929 1143 2971 uvarum
1192 2916 1392 2970 racemi
1447 2917 1906 2982 meturescebant,
1956 2933 2099 2970 mar-

520 3017 695 3078 tyrum
747 3007 1352 3078 sanguine-rubebant.
1443 3025 1462 3060 ς
1529 3007 1876 3078 Calicemque
1961 3009 2101 3064 Pha-

522 3102 706 3156 raonis
743 3101 798 3154 in
827 3117 988 3156 manu
1014 3116 1132 3156 mea
1161 3119 1174 3156 :
1208 3101 1302 3156 tuli
1334 3116 1465 3173 ergo
1497 3117 1650 3168 uvas,
1684 3109 1738 3157 et
1770 3103 2011 3172 expressi
2047 3103 2097 3156 in

2178 591 2364 653 utitor,
2419 589 2468 642 id
2517 595 2621 650 est,
2670 581 3006 638 sanationum
3053 574 3297 646 prodigia
3338 578 3567 638 patrato.
3608 586 3626 619 ι
3669 567 3736 623 Ut

2177 696 2437 753 suggeras
2464 675 2735 734 Pharaoni
2767 677 2834 727 O‘.
2870 692 2888 724 ι
2918 671 3111 725 Notate
3146 665 3425 734 diligenter
3459 660 3743 753 Scriptura;

2181 752 2440 831 mentem.
2487 773 2579 827 llla
2627 771 2739 842 (ιτ)
2767 769 2832 824 ad
2867 765 3224 832 dignitatem;
3267 758 3386 812 haec
3414 755 3481 808 ad
3514 752 3745 825 martyrii

2184 867 2525 922 tolerantiam
2557 864 2852 935 pertinent.
2882 859 3016 916 Nam
3059 857 3200 928 quod
3234 855 3327 919 ait,
3355 849 3616 920 ejusmodi
3648 857 3745 902 est.

2185 956 2458 1013 Deductus
2486 958 2551 1009 ad
2584 954 2856 1025 principes
2885 961 2941 1007 et
2988 963 3162 1020 reges,
3209 960 3449 1001 meorum
3494 942 3748 995 dicturum

2187 1049 2496 1104 recordator
2545 1065 2559 1102 :
2597 1066 2617 1100 ι
2664 1046 2856 1102 Ponite
2893 1045 2948 1098 in
2985 1042 3241 1098 cordibus
3273 1034 3465 1092 vestris
3495 1047 3596 1087 non
3626 1045 3753 1098 prte-

2189 1141 2471 1205 meditari,
2520 1139 2971 1210 quemadmodum
3021 1131 3413 1202 respondeatis.
3467 1125 3574 1194 Ego
3619 1123 3756 1178 enim

2190 1233 2330 1287 dabo
2359 1231 2516 1286 vobis
2546 1243 2608 1284 os
2649 1237 2703 1283 et
2747 1226 3090 1297 sapientiam,
3123 1223 3208 1278 cui
3255 1237 3358 1276 non
3411 1224 3656 1290 poterunt
3681 1228 3760 1267 re-

2192 1325 2412 1386 sistere,
2437 1329 2489 1376 et
2513 1319 2888 1376 contradicere
2909 1332 3097 1372 omnes
3126 1313 3423 1370 adversarii
3453 1313 3614 1366 vestri
3649 1311 3710 1362 ³⁸.
3735 1327 3753 1359 ι

2195 1411 2471 1468 Hactenus
2515 1409 2795 1466 Servator.
2835 1428 2855 1464 ι
2908 1407 2976 1465 Ut
3019 1409 3218 1465 educat
3266 1420 3352 1460 me
3395 1403 3465 1459 de
3506 1404 3609 1457 isto
3648 1416 3763 1457 car-

2193 1518 2318 1559 cere
2340 1503 2405 1558 ".
2445 1521 2464 1556 ι

2740 1591 2970 1650 CAPUT
3020 1589 3230 1648 XXVII.

2663 1710 2957 1768 Calumniw
2991 1709 3066 1764 vis
3101 1716 3322 1781 quanta.

2269 1805 2387 1863 illic
2418 1804 2684 1876 Iosephus
2712 1820 2741 1860 a
2779 1811 3226 1874 prmgustalorum
3261 1799 3524 1871 magistro
3548 1805 3766 1853 conten-

2201 1901 2302 1966 dit,
2337 1911 2393 1954 ut
2424 1914 2482 1954 se
2513 1914 2579 1953 ex
2614 1913 2834 1952 carcere
2874 1898 3065 1951 educat
3099 1910 3115 1948 :
3151 1893 3238 1947 hic
3281 1891 3525 1974 clemens
3559 1888 3713 1944 Iesus
3739 1903 3766 1942 ι

2203 1993 2404 2066 populo
2427 2007 2457 2047 e
2482 1991 2736 2062 gentibus
2763 1999 2994 2056 asserto,
3025 1997 3085 2043 ut
3106 2002 3166 2043 se
3186 2000 3213 2039 a
3238 1986 3552 2041 Iudaeorum
3580 1983 3772 2038 calum-

2199 2089 2304 2144 niis
2353 2086 2642 2141 viudicet:
2694 2098 2822 2140 vere
2869 2082 3013 2137 enim
3076 2081 3280 2151 grande
3327 2080 3551 2135 sceleris
3600 2074 3773 2148 praesi-

2200 2179 2345 2234 dium
2378 2161 2490 2250 (l8)
2529 2175 2825 2231 calumnia.
2855 2173 3066 2229 ΝΜ)ιεὶ
3086 2172 3174 2227 vel
3208 2172 3272 2225 ad
3298 2171 3578 2226 Christum
3605 2184 3771 2224 meum

2201 2270 2437 2339 grassari
2475 2277 2554 2326 est
2584 2282 2740 2334 ausa,
2770 2267 2895 2338 quis
2923 2281 3055 2322 vero
3083 2280 3202 2321 eam
3247 2263 3406 2320 facile
3433 2260 3773 2319 contemnat?

2199 2363 2381 2433 Atque.
2419 2361 2477 2415 id
2529 2375 2720 2416 verum
2760 2374 2905 2425 esse,
2960 2357 3250 2430 sequentia
3296 2357 3480 2410 audite
3527 2372 3542 2410 :
3585 2373 3602 2405 ι
3646 2351 3772 2418 Quia

2202 2454 2347 2510 furto
2387 2451 2633 2510 sublatus
2674 2467 2792 2509 sum
2837 2451 2902 2508 de
2953 2460 3096 2507 terra
3130 2447 3484 2504 Hebraeorum
3517 2450 3582 2500 ³⁷.
3619 2466 3636 2498 ι
3674 2445 3774 2501 llcc

2202 2556 2306 2613 est,
2337 2545 2516 2601 Pilato
2555 2561 2586 2600 a
2613 2544 2816 2601 Iudaeis
2846 2542 3113 2622 calumnia
3142 2541 3408 2612 proditus.
3439 2538 3513 2593 Ea
3547 2554 3665 2610 quae
3692 2539 3774 2603 sit,

2202 2642 2439 2712 explicat
2465 2638 2797 2710 evangelista
2831 2655 2846 2694 :
2873 2654 2893 2689 ι
2924 2636 3022 2692 ilic
3044 2635 3183 2690 dixit
3210 2651 3226 2690 :
3253 2633 3478 2690 Possum
3509 2634 3778 2688 destruere

2207 2731 2465 2802 templum
2494 2730 2613 2792 Dei.
2645 2739 2700 2785 et
2731 2736 2851 2800 post
2882 2728 3120 2783 triduum
3150 2723 3488 2781 reaediiicare
3515 2723 3646 2780 illud
3668 2723 3729 2777 ³⁸.
3756 2741 3772 2776 i

2204 2825 2392 2896 itaque
2455 2822 2742 2879 calumnia).
2804 2819 3190 2891 impudentiam
3244 2818 3541 2882 videntes,
3604 2831 3778 2872 eorum

2204 2919 2428 2975 sceleris
2481 2916 2858 2972 excellentiam
2913 2912 3207 2967 miramini.
3258 2909 3445 2980 Neque
3503 2910 3591 2965 hic
3639 2909 3781 2978 quid-

2203 3028 2362 3083 quam
2405 3009 2530 3074 ieci,
2580 3008 2706 3064 mali
2757 3006 2986 3070 scilicet,
3023 3003 3373 3074 quamobrem
3413 3019 3497 3058 me
3550 3003 3603 3057 in
3655 3003 3779 3058 hanc

2205 3120 2422 3174 specum
2484 3102 2830 3158 dctruderent
2869 3117 2882 3155 ε
2927 3099 3038 3154 illic
3077 3096 3369 3167 Iosepltum
3420 3097 3474 3150 in
3533 3108 3777 3168 specum;

524 3193 748 3248 calicem
782 3209 941 3263 quem
993 3195 1260 3260 tenebam,
1308 3205 1361 3249 et
1417 3195 1610 3250 tradidi
1666 3196 1914 3266 poculum
1960 3195 2094 3251 Pha-
2129 3197 2176 3260 (ἶ
2210 3199 2300 3253 hic
2331 3195 2515 3252 Iesum
2544 3196 2596 3250 in
2630 3205 3061 3249 monumentum.

522 3287 677 3341 raoni
704 3286 770 3343 ³’.
800 3286 912 3342 lloc
939 3289 1279 3343 incruentum
1312 3303 1462 3343 novre
1492 3288 1748 3343 Ecclesia:
1771 3290 2102 3345 sacriticinm

525 3386 700 3434 notat.
774 3397 792 3431 ι
831 3378 1132 3448 Respondit
1168 3377 1367 3449 Ioseph
1405 3398 1417 3434 :
1455 3378 1694 3435 [ἷκε-εει
1734 3380 2106 3452 interpretatio

524 3471 718 3526 somnii
757 3487 772 3524 :
807 3470 942 3526 Tres
984 3472 1323 3542 pr0pagines,
1381 3482 1494 3527 tres
1547 3474 1724 3529 adhuc
1769 3473 1886 3529 dies
1933 3481 2104 3531 sunt:

526 3573 650 3632 post
694 3577 831 3632 quos
877 3565 1253 3619 recordabitur
1304 3563 1514 3618 Pharao
1558 3564 1848 3620 ministerii
1899 3566 1995 3630 tui,
2055 3573 2109 3620 et

529 3655 783 3709 restituet
813 3665 865 3710 te
891 3657 944 3709 in
971 3656 1191 3726 gradum
1227 3658 1512 3727 pristinum
1557 3676 1573 3711 :
1603 3657 1864 3727 dabisque
1897 3657 1948 3714 ei
1981 3658 2109 3713 cali-

527 3761 646 3802 cem
690 3747 846 3815 juxta
896 3745 1129 3802 oiIicium
1176 3758 1347 3813 tuum,
1393 3749 1532 3804 sicut
1577 3758 1704 3805 ante
1750 3748 1928 3805 facere
1974 3765 2111 3804 cou-

532 3856 790 3896 sueveras
822 3839 892 3895 ³³.
949 3857 969 3893 ι
1023 3841 1103 3894 Ac
1153 3839 1375 3911 Iosephi
1415 3843 1632 3911 quidem
1679 3843 1745 3896 ad
1795 3843 2110 3909 pinccrnam

531 3935 648 3991 haec
675 3943 802 3990 sunt
854 3933 1041 3988 verba.
1074 3931 1220 3989 Meus
1265 3943 1446 3988 autem
1487 3934 1744 3989 Scrvator
1779 3946 1939 4004 atque
1971 3936 2113 3992 Deus

531 4026 781 4097 gentibus
801 4027 1017 4095 recipit,
1041 4040 1161 4082 sese
1182 4026 1306 4081 hinc
1327 4026 1393 4081 ad
1412 4027 1645 4082 triduum
1669 4045 1697 4083 a
1718 4033 2116 4086 resurrectione

535 4117 816 4188 discipulis
857 4119 973 4174 suis
1008 4128 1064 4173 et
1106 4119 1366 4186 apostolis
1409 4119 1809 4186 mandaturum,
1840 4121 1931 4191 qui
1961 4137 2117 4178 acce-

533 4221 657 4281 ptas
684 4211 894 4282 tingant
923 4212 975 4266 in
1021 4212 1240 4268 nomine
1279 4210 1457 4267 Patris
1505 4223 1558 4266 et
1588 4211 1735 4277 Filii,
1787 4227 1842 4269 et
1877 4213 2114 4283 Spiritus

535 4303 753 4360 ssncti:
793 4318 957 4373 seque
999 4303 1248 4359 daturum
1293 4321 1517 4375 regnum
1551 4315 1712 4376 atque
1751 4308 2113 4362 sacerdotium

538 4395 751 4461 iisdem,
783 4395 938 4464 cujus
968 4396 1284 4451 (economiae
1327 4397 1644 4468 ntySIerium
1679 4400 1904 4453 obiturae
1934 4409 2117 4454 essent

539 4491 592 4542 in
620 4501 760 4555 pane
789 4495 843 4541 et
872 4488 1023 4552 vino,
1056 4488 1198 4556 quod
1232 4488 1648 4553 Melchisedech,
1682 4491 1772 4561 qui
1804 4506 1834 4545 e
1863 4493 2112 4560 gentibus

2283 3291 2400 3360 Sed,
2427 3288 2539 3360 jam
2587 3299 2800 3356 tempus
2831 3298 2935 3356 est,
2965 3295 3019 3342 et
3060 3285 3328 3357 pistorum
3372 3282 3619 3354 magistri
3646 3295 3780 3336 som-

2209 3383 2392 3451 nium,
2434 3382 2528 3453 qui
2577 3379 2889 3437 Iudasorum
2945 3380 3126 3452 populi
3177 3377 3489 3449 exemplum
3540 3377 3776 3440 habetur,

2210 3489 2522 3532 recensere.
2551 3473 2724 3546 igitur
2757 3473 3020 3546 pistorum
3056 3471 3314 3542 magister
3346 3485 3362 3524 :
3398 3488 3418 3522 ι
3465 3470 3531 3525 Et
3559 3484 3656 3538 ego
3683 3463 3779 3520 vidi

2210 3570 2509 3625 somnium:
2536 3569 2686 3638 Quod
2713 3571 2812 3625 tria
2843 3568 3080 3625 canistra
3103 3563 3310 3620 farinae.
3334 3582 3354 3616 ι
3385 3561 3512 3618 Tria
3541 3561 3778 3625 canistra,

2215 3671 2327 3717 tres
2355 3660 2499 3731 quali
2530 3669 2680 3726 sunt,
2711 3677 2833 3731 qum
2862 3660 2960 3714 tria
2991 3657 3175 3729 gravia
3202 3655 3574 3711 israelitarum
3601 3651 3782 3721 ﬂagitia

2213 3761 2541 3820 censentur;
2574 3753 2838 3807 idolorum
2865 3751 3063 3816 cultus,
3087 3759 3272 3804 vatum
3296 3749 3495 3813 ctedes,
3525 3757 3576 3802 et
3598 3742 3783 3801 Christi

2213 3845 2438 3902 occisio.
2478 3864 2497 3899 ι
2551 3843 2821 3900 Haberent
2871 3858 3036 3914 super
3084 3853 3247 3913 Caput
3287 3854 3490 3905 meum,
3535 3858 3554 3894 ι
3603 3837 3653 3892 id
3692 3842 3783 3902 est,

2215 3954 2459 4011 gererem
2489 3952 2676 3994 eorum
2712 3937 2977 3992 facinora.
3016 3955 3034 3988 ι
3070 3936 3137 3990 Ει
3170 3935 3223 3989 in
3243 3949 3350 3989 uno
3376 3934 3637 3999 canistro,
3657 3926 3784 4000 quod

2215 4040 2332 4088 erat
2355 4031 2648 4094 excelsius,
2693 4047 2712 4081 ι
2744 4028 2950 4083 scilicet
2978 4041 3230 4096 supremo
3259 4025 3488 4096 ﬂagitio,
3521 4042 3541 4076 ι
3583 4031 3785 4094 portare

2218 4138 2302 4178 me
2350 4137 2541 4178 omnes
2583 4121 2756 4186 cibos,
2803 4120 2895 4190 qui
2957 4120 3093 4172 iiunt
3136 4126 3256 4172 arte
3302 4115 3553 4186 pistoria.
3607 4131 3624 4165 ι
3675 4110 3785 4165 ilzec

2215 4225 2416 4272 coetum
2455 4215 2506 4268 in
2551 4227 2645 4269 eos
2682 4228 2746 4267 ex
2803 4211 2935 4265 varii
2983 4209 3202 4281 generis
3245 4207 3556 4263 hominibus
3604 4215 3784 4274 cogen-

2219 4310 2344 4362 dum
2379 4307 2514 4376 (l9),
2548 4321 2646 4361 ceu
2685 4306 2748 4360 ad
2783 4320 2925 4375 opus
2957 4303 3154 4376 regalis
3189 4303 3465 4374 potentiae,
3499 4299 3784 4370 designant.

2223 4420 2240 4452 α
2276 4401 2525 4471 Avesque
2564 4397 2850 4453 comedere
2889 4411 2957 4450 ex
2998 4410 3066 4452 eo
3133 4395 3202 4449 ”.
3241 4413 3258 4446 1
3295 4393 3486 4449 Excisa
3534 4392 3672 4446 enim
3714 4394 3785 4442 est

2220 4504 2439 4563 propter
2505 4491 2709 4547 crimen
2766 4487 3034 4544 interfecti
3116 4486 3317 4542 Christi
3387 4495 3442 4540 et
3496 4483 3781 4539 Iudaeorum

538 4551 706 4646 esset,
746 4596 841 4651 per
870 4551 1093 4651 ﬁguram
1133 4581 1442 4636 Abrahamo
1476 4551 1915 4650 reprzesentavii;
1947 4599 2118 4654 eaque
2146 4551 2193 4611 θ
2219 4551 2412 4657 graves
2442 4584 2676 4640 oifensas
2716 4582 3116 4653 Hierosolyma.
3154 4599 3175 4634 ‹
3216 4579 3516 4649 Respondit
3558 4574 3780 4645 Ioseph:

539 4673 662 4728 ideo
688 4687 747 4728 se
777 4673 1045 4728 iacturum
1076 4673 1272 4741 populo
1316 4687 1381 4726 ex
1415 4675 1660 4743 gentibus
1703 4689 1968 4730 converso
1998 4689 2122 4744 spo—

539 4766 751 4835 pondit,
783 4767 943 4837 quod
1000 4767 1045 4820 is
1089 4768 1362 4822 Christum
1420 4768 1666 4821 sontibus
1702 4768 2119 4824 adnumeratum

541 4859 914 4926 conspicatus,
949 4859 1116 4912 Deum
1154 4868 1328 4912 tamen
1366 4859 1645 4913 confessus
1674 4859 1882 4916 fuisset.
1910 4878 1929 4912 ί
1973 4861 2120 4916 Tan-

546 4960 660 5005 tum
689 4961 958 5005 memento
983 4951 1110 5015 mei,
1137 4965 1256 5006 cum
1295 4952 1388 5006 tibi
1414 4954 1550 5007 bene
1581 4951 1759 5009 fuerit.
1791 4973 1808 5005 ι
1835 4954 1943 5010 Hoc
1974 4973 2003 5010 a
2038 4971 2122 5011 me

544 5052 770 5112 accepto
819 5042 1105 5109 beneﬁcio,
1157 5044 1447 5112 sepulturae
1499 5055 1660 5115 atque
1709 5049 2120 5104 resurrectionis

543 5135 859 5191 memoriam
904 5134 1245 5192 iudelehiiem
1289 5136 1507 5194 habeto.
1549 5157 1567 5190 ί
1619 5139 1682 5194 Ει
1709 5138 1874 5195 facias
1909 5155 2115 5196 mecum

611 5322 658 5354 “
695 5321 829 5377 Gen.
873 5336 973 5383 XL,
1020 5322 1067 5377 ἰ.

1165 5322 1212 5357 ³⁷
1246 5320 1379 5379 Gen.
1424 5341 1510 5388 χι,
1553 5323 1606 5380 5.
1710 5326 1754 5357 ³⁸
1802 5325 1931 5384 ibid.
1972 5327 2024 5385 8.

2118 5328 2162 5361 ”
2204 5327 2334 5384 ibid.
2373 5327 2425 5393 9,
2467 5327 2556 5382 10.

2219 4679 2344 4734 llaec
2367 4691 2450 4732 εει
2485 4677 2864 4746 interpretatio
2907 4674 3128 4731 somnii.
3165 4693 3184 4727 ι
3215 4673 3294 4728 En
3332 4673 3620 4736 somnium,
3651 4669 3782 4737 ejus-

2217 4787 2323 4840 que
2371 4771 2874 4838 interpretationem
2923 4785 2938 4823 :
2987 4785 3007 4819 ι
3039 4767 3168 4822 Tria
3201 4766 3440 4821 canistra
3489 4775 3596 4818 tres
3623 4761 3781 4816 adhuc

2218 4865 2337 4919 dies
2364 4874 2508 4918 sunt.
2547 4881 2566 4915 ι
2608 4861 2821 4917 Abhinc
2856 4869 2965 4916 tres
2995 4861 3133 4926 dies,
3166 4860 3375 4915 scilicet
3400 4874 3428 4913 a
3459 4857 3584 4912 Iesu
3618 4867 3781 4909 resur-

2223 4958 2502 5020 rectione;
2534 4973 2552 5008 ι
2593 4964 2712 5025 post
2744 4971 2880 5023 quos
2909 4954 3119 5010 auferet
3147 4953 3359 5008 Pharao
3383 4961 3541 5019 caput
3566 4961 3726 5005 tuum.
3754 4962 3770 4995 ι

2226 5049 2341 5105 Illic
2363 5049 2572 5104 Pharao
2596 5049 2860 5118 pistorum
2892 5049 3248 5117 magistrum;
3277 5047 3362 5101 hic
3392 5046 3565 5114 capite
3586 5041 3776 5097 Iudzos

2231 5152 2446 5198 truncat
2497 5140 2771 5206 Christus,
2825 5141 2916 5212 qui
2956 5139 3208 5211 princeps
3257 5150 3419 5210 atque
3469 5145 3639 5193 rector
3675 5137 3773 5194 est;

2633 5327 2678 5360 ³⁸
2719 5327 2879 5381 Ioan.
2925 5340 3012 5386 xv,
3053 5325 3112 5389 i,
3151 5324 3209 5379 ‘2.
3307 5325 3349 5355 “
3391 5322 3525 5377 Gen.
3565 5336 3656 5380 XL,
3695 5316 3768 5389 i0.

544 5392 591 5426 ι’
634 5391 792 5466 ξιτεδ,⁸
838 5391 1054 5466 "ibid.
1099 5395 1295 5459 tl,i2.
1354 5396 1412 5466 ,ιι
1455 5397 1583 5451 una.
1615 5397 1696 5451 tt.
1774 5397 1816 5428 ιε
1860 5395 1992 5452 Luc.
2035 5415 2100 5452 xx

2205 5401 2278 5466 tt,
2320 5388 2422 5456 15;
2468 5400 2512 5431 ³·
2552 5396 2689 5453 Gen.
2734 5398 2927 5462 ιπηιιι.
3003 5397 3047 5430 ιτ
3087 5388 3221 5451 Gen.
3265 5411 3353 5464 ιι,
3398 5395 3484 5450 ts.
3525 5394 3566 5426 ³·
3603 5388 3765 5444 Matth.

544 5477 692 5529 ιινι,
733 5460 820 5517 61.
900 5464 942 5496 ⁸⁸
986 5466 1121 5523 Ceu.
1162 5483 1260 5529 XL,
1307 5465 1391 5532 16,
1435 5469 1518 5522 Π.

620 5649 996 5719 (i7).Petebat
1039 5650 1181 5707 enim
1224 5650 1517 5721 Iosephus.
1567 5664 1619 5705 ut
1676 5668 1736 5708 se
1767 5652 1923 5722 apud
1980 5651 2121 5704 Pha-

549 5735 771 5776 raonem
797 5722 849 5775 in
884 5725 1056 5791 gratia
1092 5730 1339 5794 poneret,
1372 5739 1399 5776 a
1438 5737 1545 5794 quo
1569 5725 1765 5778 deinde
1796 5727 1861 5777 ad
1889 5724 2123 5793 dignita-

550 5801 658 5847 tem
690 5794 1033 5847 eveheretur.

625 5862 737 5934 (i8)
772 5860 1082 5935 ὀχύρωμα,
1105 5863 1244 5936 quod
1265 5879 1458 5921 nomen
1490 5874 1784 5931 usurpatur
1811 5874 1863 5922 et
1887 5877 1981 5928 pro
2002 5878 2125 5922 car-

2219 5667 2364 5776 pere,
2396 5652 2446 5706 in
2485 5667 2645 5731 quem
2676 5652 2952 5721 coniectus
2975 5665 3056 5712 est
3081 5653 3374 5726 Iosephus,
3412 5647 3676 5706 undehaec
3699 5640 3764 5698 ai-

2243 5739 2361 5776 USIO
2390 5734 2583 5776 netttu.

2243 5739 2361 5776 usto
2390 5734 2583 5792 petitu.

2292 5789 2405 5867 (i9)
2449 5793 2663 5848 Manum
2687 5802 2753 5867 _et
2780 5797 3077 5855 exercitum
3123 5812 3152 5854 a
3185 5793 3515 5867 Vespasiano
3541 5789 3762 5847 Hieroso-

2221 5862 2818 5929 lytnisadmoveudum.
