4006 6284
272 304 377 369 833

1426 307 1814 370 DIALOGUS
1848 308 2151 370 CONTRA
2189 310 2510 375 JUDAEOS.

3406 309 3512 372 8'34

271 429 291 466 ι
313 430 375 467 ac
398 413 687 483 suspendet
716 423 765 472 te
790 415 842 470 in
863 429 1047 482 cruce,
1076 434 1094 470 ι
1126 415 1297 491 prohl
1331 417 1579 487 stirpitus
1613 419 1831 483 delebit,
1859 427 1906 483 Α
1935 421 2098 475 tionis
2126 421 2316 484 frenis.
2345 433 2506 491 atque
2542 421 2608 476 ad
2639 421 2755 493 eius
2785 430 2982 478 metam
3020 438 3295 479 sacrarum
3341 425 3515 482 Litte-

268 523 290 558 ε
319 517 372 561 et
391 505 708 562 lacerabunt
732 509 977 565 volucres
1009 524 1198 564 carnes
1221 521 1340 565 tuas
1371 509 1437 565 ‘°.
1480 531 1496 560 ›
1530 511 1587 563 In
1623 510 1835 565 Israeli-

261 605 438 650 tarum
489 597 824 665 captivitate,
873 609 929 654 ut
978 610 1101 653 ante
1143 601 1400 654 diximus.
1465 600 1649 670 anue
1709 617 1835 656 vera

263 701 409 753 esse,
443 690 621 742 audite
652 687 926 744 Christum
957 692 1096 746 inter
1123 693 1266 760 ipsos
1300 693 1571 746 cruciatus
1592 694 1835 749 mulieri.

261 779 365 835 bus
415 780 918 851 l'lierosolymitanis
961 784 1266 852 loqueutctn
1311 801 1326 839 :
1365 804 1384 836 ί
1436 783 1586 840 Filiae
1620 785 1838 841 Jerusa-

263 872 392 939 lem,
441 873 606 928 nolite
653 874 782 928 ﬁere
827 891 988 946 super
1038 893 1146 942 me,
1193 882 1286 932 sed
1339 894 1503 948 super
1555 893 1649 935 vos
1679 882 1837 948 ,ipsas

259 965 412 1031 ﬂete,
451 975 503 1017 et
533 981 696 1036 super
731 968 871 1023 ﬁlios
895 978 1108 1023 vestros
1141 974 1435 1038 :quoniam
1469 988 1594 1026 ecce
1623 974 1839 1026 venient

263 1058 400 1124 dies,
437 1059 486 1110 in
531 1061 729 1128 quibus
765 1060 945 1114 dicent
979 1079 992 1116 :
1031 1060 1206 1117 Beata:
1244 1063 1479 1127 steriles,
1513 1075 1567 1119 et
1595 1075 1835 1129 ventres,

259 1150 356 1217 qui
387 1165 492 1203 non
521 1164 854 1220 genuerunt,
886 1163 939 1206 et
969 1154 1134 1208 ubera
1170 1171 1289 1225 qua:
1325 1171 1428 1209 non
1462 1155 1792 1211 lactaverqu
1822 1173 1837 1212 :

262 1244 392 1311 quia
424 1243 468 1297 si
515 1244 567 1298 in
600 1245 757 1299 viridi
811 1245 954 1315 ligno
998 1248 1112 1302 haec
1157 1247 1381 1312 faciunt,
1422 1250 1475 1303 in
1520 1250 1670 1305 arido
1711 1250 1837 1316 quid

263 1335 358 1389 ﬁet
385 1335 466 1390 “7
501 1354 519 1387 ι
555 1335 611 1390 Si
653 1339 922 1392 insontem
956 1355 1061 1403 me,
1093 1342 1290 1410 inqttit,
1321 1341 1551 1396 Romani
1590 1343 1710 1397 neci
1745 1344 1840 1399 de-

261 1427 479 1492 derunt,
515 1430 644 1496 quid
689 1445 797 1483 non
851 1429 1051 1486 facient
1094 1448 1189 1501 per
1221 1448 1379 1488 omne
1425 1450 1594 1504 genus
1646 1434 1835 1504 ﬂagitii

264 1519 564 1574 volutatis?
608 1540 624 1572 ι
662 1521 864 1576 Exinde
889 1522 1003 1577 dies
1036 1524 1224 1578 tertius
1249 1526 1524 1581 natalitius
1543 1527 1842 1584 Pharaonis

188 1639 191 1643 -
261 1622 425 1665 erat:
479 1613 568 1681 qui
616 1611 827 1668 faciens
872 1614 1078 1684 grande
1127 1617 1432 1671 convivium
1480 1619 1662 1686 pueris
1703 1622 1840 1686 suis,

260 1704 580 1758 recordatus
610 1713 692 1759 est
723 1706 863 1762 inter
907 1709 1096 1775 epulas
1146 1710 1386 1778 magistri
1437 1712 1839 1781 pincernarum,

265 1807 322 1850 et
353 1798 611 1865 pistorum
636 1799 916 1869 principis.
944 1799 1303 1870 Restituitque
1327 1779 1557 1859 alterum
1586 1807 1636 1858 iu
1665 1779 1841 1861 locum
1875 1779 1918 1836 Β

260 1902 440 1953 suum,
475 1896 531 1940 ut
560 1889 859 1958 porrigeret
890 1892 936 1946 ei
971 1892 1221 1960 poculum
1250 1911 1262 1946 :
1296 1893 1524 1947 alterum
1561 1899 1848 1965 suspendit

258 1980 316 2035 in
351 1981 590 2048 patibulo
627 1982 694 2036 δ’.
731 2000 750 2034 t
778 1983 954 2054 Atque
985 1986 1098 2040 haec
1127 1987 1342 2054 quidem
1381 2002 1471 2041 rex
1511 1987 1723 2044 Pharao
1748 2006 1839 2044 na-

261 2072 354 2127 tali
384 2073 487 2128 sibi
517 2074 604 2128 die
635 2073 778 2128 inter
815 2090 942 2132 suos
973 2076 1292 2148 designavit.
1319 2080 1389 2135 At
1413 2079 1529 2135 Rex
1564 2097 1750 2155 regum
1779 2099 1842 2139 ex

258 2165 494 2219 mortuis
527 2166 717 2230 redux,
769 2167 912 2223 inter
949 2180 1168 2226 sanctos
1205 2187 1308 2226 una
1337 2172 1647 2240 suseitatos,
1699 2191 1838 2245 prae-

257 2266 542 2327 gustorum
581 2258 848 2328 magistri,
887 2259 937 2315 id
971 2272 1075 2328 est,
1110 2263 1233 2318 novi
1266 2265 1471 2334 populi,
1511 2266 1839 2321 mentionem

259 2349 425 2415 fecit;
463 2351 675 2405 scilicet
695 2367 758 2404 ex
784 2352 927 2422 quali
955 2355 1246 2424 impietatis
1270 2357 1567 2426 praecipitio
1588 2359 1653 2412 ad
1683 2360 1844 2428 quale

263 2443 358 2497 Dei
419 2445 624 2498 notitiae
667 2443 941 2513 fastigium
984 2449 1345 2514 pervasisset;
1389 2463 1711 2517 rursumque
1751 2448 1845 2502 Ju-

260 2533 430 2601 daiei,
491 2551 556 2590 ex
617 2536 766 2605 quali
829 2537 1133 2607 adoptionis
1187 2536 1404 2607 fastigio
1470 2540 1525 2593 in
1582 2542 1741 2609 quale
1785 2557 1844 2597 se

260 2622 462 2679 Christi
492 2628 653 2681 caedis
682 2626 998 2681 barathrum
1036 2626 1401 2684 deturbasset.
1445 2628 1656 2695 Quibus
1686 2631 1845 2689 rebus

262 2725 319 2773 et
347 2732 544 2773 novum
575 2719 848 2788 pepulum,
878 2729 935 2774 ut
960 2721 1070 2790 jam
1112 2722 1247 2786 dixi,
1283 2723 1497 2776 ornavit
1538 2736 1700 2792 atque
1723 2740 1844 2779 ser-

264 2809 436 2876 vavit,
478 2821 530 2864 et
558 2809 841 2866 Judaicum
877 2813 1185 2883 ignominiae
1225 2825 1276 2869 et
1319 2818 1528 2871 excidio
1563 2818 1678 2872 dari
1723 2834 1845 2888 per-

265 2902 438 2958 misit.
457 2900 551 2958 Sin
583 2903 725 2958 dicat
748 2905 1039 2974 quispiam,
1064 2917 1353 2977 utrumque
1377 2908 1537 2963 simul
1562 2918 1616 2963 et
1642 2909 1844 2978 pariter

265 3010 375 3050 non
405 2996 695 3065 contigisse
723 3013 736 3050 :
766 3006 917 3065 esto;
947 3005 1002 3052 at
1027 3013 1094 3054 ex
1146 3014 1210 3054 eo
1237 2999 1323 3054 die
1347 3010 1631 3071 utrumque
1649 3003 1844 3058 scitum

270 3100 626 3160 sanctumque
657 3099 760 3144 est.

803 3182 1031 3241 CAPUT
1070 3184 1311 3243 XXVI".

558 3276 726 3333 Mosi:
771 3278 993 3332 historia
1034 3282 1248 3350 mystice
1278 3281 1560 3348 explicata.

339 3368 446 3423 Sed
481 3367 596 3424 haec
624 3369 690 3424 tle
717 3368 951 3437 Josepho
983 3369 1272 3435 suﬁieiant,
1301 3385 1354 3426 et
1382 3371 1494 3439 jam
1521 3386 1685 3440 porro
1719 3385 1842 3440 pro.

263 3459 556 3529 phetarum
591 3471 858 3525 centrum,
895 3462 1180 3524 deiscitun,
1232 3474 1395 3531 atque
1428 3479 1458 3518 a
1495 3463 1606 3519 Deo
1651 3465 1846 3520 scitum

261 3561 322 3606 et
353 3553 627 3620 cognitum
677 3551 862 3607 Mosen
911 3555 1310 3621 aggrediamur.
1353 3555 1670 3623 Quanquam
1720 3556 1848 3613 illud

262 3656 485 3713 quoque
526 3644 881 3712 ignorandum
929 3660 1033 3698 non
1078 3654 1182 3709 est,
1213 3644 1431 3715 Josephi
1467 3649 1520 3700 in
1559 3646 1849 3718 Algyptum

262 3734 557 3790 adventum
602 3738 891 3800 secundam
942 3740 1280 3807 praesentiam
1331 3750 1542 3796 notare.
1589 3739 1725 3795 Nam
1794 3749 1851 3795 ttt

263 3829 363 3885 ille
399 3828 654 3885 fratribus
684 3845 740 3884 se
773 3832 1027 3900 prodidit,
1075 3833 1147 3885 ita
1188 3844 1243 3887 et
1276 3831 1447 3889 Judaei
1492 3838 1705 3891 tandem
1749 3836 1852 3891 ali-

261 3922 486 3993 quando
515 3921 790 3977 Christum
841 3933 1170 3994 agnoscent;
1202 3933 1259 3979 ut
1297 3926 1399 3980 fert
1441 3927 1543 3982 hoc
1574 3926 1853 3984 Zachariae

263 4014 548 4085 prophetae
592 4013 812 4070 eﬁ‘atum
865 4033 879 4070 :
919 4035 938 4068 ι
993 4015 1059 4071 Ει
1094 4018 1356 4088 aspicient
1389 4019 1455 4074 ad
1511 4036 1631 4087 me,
1692 4038 1850 4092 quem

263 4107 620 4158 conﬁxerunt
645 4103 712 4159 ⁸³.
749 4124 768 4157 ›
800 4106 859 4165 Ει
897 4107 1352 4175 quemadmodum
1378 4109 1501 4165 illos
1532 4113 1853 4180 paenitentia

264 4193 489 4262 ductos,
523 4211 589 4250 ex
618 4195 926 4252 Chattanzea
965 4199 1030 4253 ad
1067 4213 1123 4255 se
1166 4199 1545 4267 adventantes,
1588 4201 1856 4275 Josephus

269 4302 398 4342 cum
429 4290 577 4342 omni
610 4289 816 4344 familia
846 4290 1010 4358 aluit;
1040 4292 1121 4347 sic
1157 4303 1426 4363 quotquot
1456 4304 1568 4351 toto
1592 4297 1695 4352 hoc
1726 4299 1857 4353 orbe

269 4377 491 4435 Judaici
532 4381 769 4436 nominis
805 4395 955 4448 sunt,
995 4385 1038 4438 si
1067 4384 1393 4454 pmnitentes
1427 4385 1700 4442 Christum
1733 4404 1856 4444 vere

1939 527 2118 568 rarum
2157 523 2412 582 tanquam
2457 515 2730 568 curriculo
2774 516 3016 578 reducto,
3055 529 3155 584 pro
3184 515 3323 569 Vil'iii
3360 517 3517 571 auri-

1938 604 2077 676 gari.
2109 603 2276 673 Igitur
2299 604 2502 657 circum
2536 603 2716 656 Mosen
2753 620 2816 658 ac
2850 602 3164 674 Egyptum,
3193 615 3247 658 et
3275 603 3516 658 Pharao-

1941 710 2084 759 nem,
2112 696 2338 764 ejusque
2365 697 2528 748 duees
2563 710 2782 748 currum
2827 694 3063 760 ducturi,
3102 711 3197 764 age
3226 696 3278 749 in
3320 683 3513 764 primis

1941 788 2204 855 cujusque
2264 787 2715 855 signiﬁcationem
2772 787 3014 841 edamus.
3080 788 3367 843 Enimvero
3435 792 3515 842 sic

1942 878 2249 934 habendum
2277 888 2380 942 est,
2417 877 2600 933 Mosen
2638 879 2738 933 mei
2762 878 2960 932 Christi
2996 897 3058 934 ac
3090 881 3391 936 Servatoris
3423 882 3513 934 hei

1943 969 2171 1040 ﬁguram
2203 970 2622 1039 exemplumque
2666 969 2830 1034 ferre,
2879 968 3169 1040 Egyptum
3202 969 3348 1034 Orci,
3377 969 3516 1023 Pha-

1944 1077 2163 1115 raonem
2191 1061 2411 1127 diaboli,
2435 1061 2527 1130 qui
2559 1070 2733 1115 tuente
2764 1061 3088 1114 informatus
3117 1061 3268 1129 qua-i
3299 1061 3516 1129 quidam

1941 1150 2150 1204 Pharao
2175 1160 2277 1214 est,
2315 1166 2420 1205 non
2469 1152 2719 1220 equidem
2759 1152 3054 1206 secundum
3097 1152 3298 1220 regiam
3343 1151 3521 1220 digiti-

1945 1251 2143 1307 tatem,
2212 1242 2305 1307 sed
2363 1243 2612 1297 elationis
2669 1241 3110 1304 frustrationem,
3178 1244 3343 1296 duces
3400 1239 3519 1308 ejus

1943 1333 2160 1403 angelos
2220 1340 2276 1387 et
2332 1348 2548 1403 operas.
2611 1332 2731 1388 Jatn
2787 1335 2984 1403 ﬁguras
3035 1334 3228 1387 videte.
3287 1333 3419 1387 Nam
3463 1341 3522 1388 ut

1943 1427 2120 1482 Moses
2165 1441 2194 1480 a
2251 1426 2536 1481 Pharaone
2588 1425 2825 1494 profugit
2887 1425 2954 1493 δ’,
3014 1429 3094 1482 sic
3150 1425 3397 1481 Chritus
3456 1440 3524 1480 ex

1942 1517 2180 1590 AEgypto
2243 1519 2296 1572 in
2355 1517 2592 1573 Judaeam
2652 1518 2941 1584 concessit,
3006 1518 3144 1574 Osee
3199 1520 3341 1574 vatis
3379 1519 3524 1573 dicto

1945 1611 2411 1682 comprobandou
2439 1610 2514 1665 Ex
2534 1611 2769 1682 Egyplo
2796 1613 2978 1666 vocavi
3013 1610 3181 1666 ﬁlium
3204 1628 3380 1666 meum
3408 1611 3470 1667 “.
3499 1630 3520 1665 ι

1948 1705 2041 1760 ille
2094 1704 2160 1758 ad
2223 1703 2543 1760 Madianitas
2588 1705 2886 1773 ingressus,
2941 1705 3238 1759 secundum
3300 1714 3520 1773 puteum

1947 1799 2193 1854 consedit
2234 1797 2319 1852 ιτς
2369 1796 2525 1852 Jesus
2576 1813 2639 1853 ex
2693 1799 2886 1852 itinere
2933 1799 3186 1867 fatigatus
3228 1798 3522 1852 secundum

1950 1890 2149 1946 fontem
2204 1890 2270 1947 “.
2333 1890 2450 1945 lllie
2505 1889 2743 1959 pontifex
2803 1889 3089 1944 Madianita
3131 1895 3334 1959 septem
3389 1889 3527 1944 ﬁlias

1948 1983 2200 2048 habt-bat,
2230 1999 2349 2054 qua:
2383 1985 2500 2051 eius
2542 1999 2671 2039 oves
2722 1992 3011 2053 pascerent
3049 1982 3129 2048 Μλ;
3173 1982 3259 2036 hic
3287 1983 3527 2050 septenis

1947 2073 2182 2146 Spiritus
2234 2077 2413 2143 donis,
2445 2074 2558 2131 Deo
2585 2085 2637 2129 et
2665 2074 2824 2130 Patri-
2852 2074 3090 2144 gentium
3140 2072 3403 2136 Ecclesia,
3458 2087 3524 2128 ex

1949 2170 2086 2225 varii
2117 2169 2332 2241 generis
2357 2179 2521 2240 atque
2552 2169 2747 2238 linguae
2777 2169 3091 2223 mortalibus
3117 2177 3328 2229 coacta,
3355 2167 3529 2235 pasci-

1946 2271 2055 2326 tur,
2089 2261 2325 2316 demissa
2379 2259 2721 2316 haereditaria
2773 2261 3073 2328 impietate.
3117 2258 3236 2313 Illic
3274 2258 3531 2326 Raguelis

1945 2355 2070 2410 ﬁlia:
2115 2355 2170 2410 in
2212 2353 2400 2410 Mosen
2433 2353 2707 2419 incidunt;
2744 2353 2829 2407 hic
2865 2353 2918 2406 in
2954 2351 3230 2406 Christum
3263 2366 3326 2405 ex
3360 2351 3532 2420 genti-

1942 2449 2043 2505 bus
2093 2458 2252 2515 natae,
2313 2461 2539 2517 quarum
2575 2447 2744 2516 prima
2795 2445 2970 2500 adfuit
3015 2461 3046 2500 e
3112 2443 3380 2500 Samaria.
3419 2443 3532 2501 Illic

1943 2541 2222 2598 venientes
2286 2551 2537 2611 pastores
2591 2554 2686 2594 eas
2735 2539 3033 2608 pellebant;
3099 2539 3188 2594 hic
3237 2538 3532 2609 Synagnga’:

1943 2633 2249 2704 pontiﬁces,
2285 2641 2338 2688 et
2367 2642 2613 2703 pastores
2639 2641 2855 2688 exteras
2898 2631 3380 2700 persequebantur.
3410 2629 3525 2683 lllie

1945 2739 2174 2795 surgens
2208 2723 2405 2790 Moses,
2442 2723 2739 2795 proﬂigatis
2772 2723 3105 2793 pastoribus,
3139 2734 3194 2777 et
3226 2737 3420 2792 aquam
3451 2721 3532 2775 eis

1944 2819 2152 2884 hausit,
2185 2828 2238 2873 et
2274 2831 2439 2888 pecus
2467 2817 2758 2886 adaquavit
2784 2816 2854 2871 '°.
2888 2813 2988 2869 Hie
3012 2815 3260 2870 Christus
3289 2829 3352 2868 ex
3391 2829 3535 2868 mor-

1945 2910 2054 2966 tuis
2081 2925 2390 2979 resurgens,
2425 2908 2683 2964 scelestos
2729 2916 2783 2963 et
2810 2905 2975 2963 falsos
3005 2915 3251 2975 pastores
3290 2903 3524 2974 fugavit,

1941 3003 2153 3073 sibique
2207 3002 2366 3058 ﬁdem
2409 3001 2690 3066 habentes,
2739 2998 2878 3069 aqua
2927 3001 3070 3064 viva,
3112 2999 3163 3052 id
3209 3007 3314 3062 est,
3345 2999 3531 3053 divino

1870 3125 1919 3188 ο
1948 3111 2046 3151 suo
2080 3094 2399 3164 cmlesthue
2419 3095 2690 3162 praeconio
2721 3091 2953 3163 rigavit;
2984 3091 3191 3188 addens
3217 3108 3232 3145 :
3265 3108 3283 3142 ι
3406 3089 3531 3188 quis

1947 3188 2082 3251 sitit,
2118 3187 2300 3242 veniat
2330 3187 2395 3241 ad
2425 3201 2535 3250 me,
2565 3196 2619 3240 et
2650 3185 2802 3240 bibat
2827 3185 2893 3238 ¹¹.
2927 3203 2948 3237 ι
2983 3181 3093 3238 Illa:
3127 3183 3378 3253 Raguelis
3409 3182 3533 3238 ﬁliae

1947 3279 2013 3334 ad
2046 3290 2252 3351 patrem
2287 3295 2447 3335 suum
2475 3294 2758 3349 regresste,
2791 3277 2954 3332 Mosis
2985 3277 3220 3332 studium
3251 3291 3533 3331 commen-

1947 3371 2080 3428 dant
2142 3371 2226 3439 ";
2282 3371 2626 3426 Samaritana
2688 3370 2755 3425 ad
2817 3369 3057 3424 Natalem
3122 3383 3361 3435 reversa,
3425 3366 3533 3422 mei

1951 3463 2258 3520 Servatoris
2308 3462 2717 3533 amplitudinem
2753 3463 3035 3530 przedicat.
3091 3460 3291 3530 Raguel
3336 3460 3534 3529 quaerit

1951 3571 2015 3611 ex
2039 3556 2269 3621 ﬁliabus,
2297 3556 2383 3612 ubi
2410 3555 2516 3610 sit?
2539 3564 2889 3610 accerserent
2909 3553 3320 3622 hominern,quo
3354 3551 3535 3605 cibum

1951 3658 2190 3719 caperet.
2236 3648 2332 3703 Hic
2367 3649 2604 3704 caelestis
2650 3647 2846 3720 panis:
2894 3665 2912 3700 ι
2949 3647 3059 3717 Ego
3098 3646 3298 3711 cibum,
3335 3646 3536 3714 inquit,

1953 3741 2160 3809 habeo,
2222 3742 2575 3806 manducare,
2620 3755 2779 3810 quem
2833 3754 2929 3794 vos
2984 3739 3206 3794 nescitis
3248 3738 3312 3792 ⁵³.
3365 3737 3538 3792 Moses

1953 3833 2026 3889 ibi
2058 3833 2194 3901 apud
2222 3833 2493 3888 hominem
2537 3833 2701 3902 degit,
2734 3831 2891 3902 eique
2931 3830 3018 3886 ille
3046 3829 3342 3900 Sephoram
3375 3828 3534 3882 ﬁliam

1953 3920 2128 3979 elocat
2157 3923 2248 3979 ’δε
2312 3939 2464 3980 meus
2514 3922 2774 3979 Servator
2823 3923 2876 3977 in
2925 3921 3170 3976 Samaria
3225 3920 3536 3984 cunsidens,

1959 4029 2016 4068 et
2057 4031 2177 4070 eam
2226 4016 2570 4084 collustrans,
2619 4016 2811 4071 bellam
2852 4015 3093 4084 gentium
3127 4012 3419 4068 Ecclesiam
3447 4014 3544 4065 (ιθ-

1955 4118 2225 4178 sponsat:
2286 4123 2412 4162 nam
2468 4107 2715 4178 Sephora
2763 4106 2968 4162 Judzeis
3018 4106 3234 4169 bellam,
3285 4119 3381 4159 seu
3428 4101 3542 4158 col-

1955 4202 2326 4259 iustrationetu
2370 4212 2543 4256 notat.
2593 4200 2709 4255 Jam
2737 4215 2866 4255 vero
2901 4201 3037 4255 duos
3061 4197 3223 4253 Hosis
3266 4195 3404 4252 ﬁlios
3439 4195 3540 4250 ob-

1956 4305 2192 4361 servate,
2225 4295 2316 4362 qui
2352 4295 2418 4350 ad
2443 4296 2548 4348 duo
2578 4294 2782 4349 fcedera
2818 4295 3130 4358 trahuntur,
3170 4307 3404 4362 quorum
3451 4290 3540 4345 lex

1959 4385 2205 4442 Gcrsami
2238 4386 2456 4442 nomine
2485 4396 2793 4452 censeatur,
2825 4385 2915 4456 qui
2964 4386 3184 4455 quidem
3218 4383 3540 4455 peregrinus

273 4471 373 4526 Dei
435 4470 633 4536 Filium
689 4476 1082 4543 conﬁteantur,
1145 4492 1242 4532 eos
1301 4478 1510 4533 caelesti
1545 4490 1600 4534 et
1631 4481 1854 4536 immor-
1881 4468 1936 4528 D
1963 4479 2173 4546 fuerat;
2202 4480 2438 4533 nondum
2463 4478 2606 4534 enim
2632 4480 2683 4534 in
2706 4478 3026 4549 promissam
3049 4488 3247 4532 terram
3284 4476 3543 4531 Israelita:

275 4567 371 4621 tali
403 4581 541 4636 pane
577 4567 706 4634 alet,
742 4579 799 4621 ut
834 4569 886 4623 in
913 4569 1204 4641 Evangeiio
1230 4579 1498 4627 testatur:
1541 4591 1560 4626 ι
1598 4573 1710 4644 Ego
1735 4588 1856 4628 sunt

275 4659 437 4729 panis
479 4661 656 4724 vivus,
699 4660 791 4730 qui
837 4663 904 4716 de
936 4662 1074 4716 coelo
1103 4663 1380 4719 descendi.
1416 4665 1519 4731 Qui
1565 4666 1860 4722 ntanducat

276 4767 459 4807 meam
511 4767 754 4815 carnem,
808 4765 862 4808 et
904 4754 1044 4808 bibit
1097 4770 1274 4810 meum
1314 4759 1659 4828 sanguinem,
1701 4760 1860 4816 habet

275 4849 446 4900 vitam
494 4856 751 4900 aeternam
775 4886 791 4911 ,
829 4865 847 4900 ι
886 4858 939 4901 et
973 4849 1026 4901 in
1054 4848 1316 4919 judicium
1362 4867 1468 4906 non
1507 4853 1684 4907 veniet
1722 4852 1860 4922 (20),

279 4940 375 4994 sed
415 4959 432 4990 ι
476 4953 574 5009 ego
623 4941 959 4994 resnscitabo
1005 4957 1126 4996 eum
1175 4943 1228 4997 in
1281 4945 1577 4999 novissimo
1612 4947 1700 5002 die
1738 4945 1802 4999 “.
1836 4964 1856 4998 ι

280 5033 710 5086 Snseitationem
748 5033 833 5086 hic
859 5041 963 5087 nOn
984 5035 1127 5088 iliam
1157 5048 1517 5105 mortuorum,
1541 5055 1645 5108 qua
1675 5055 1865 5095 omnes

281 5124 584 5180 suscitandi
611 5133 759 5187 sunt,
795 5126 887 5178 sed
944 5124 1247 5181 decessoris
1277 5128 1492 5194 Atlatni,
1529 5130 1865 5199 signiﬁcans.

356 5217 465 5274 Sed
506 5227 720 5286 tempus
741 5214 853 5284 jam
888 5229 993 5283 est,
1025 5222 1198 5289 captis
1243 5220 1495 5278 Mosaicae
1537 5225 1866 5294 interpreta-

360 5405 406 5438 “
447 5404 616 5460 Exod.
660 5420 728 5463 tt.
772 5403 859 5458 15.

286 5479 332 5510 ⁸³
375 5475 506 5531 Gen.
551 5490 639 5536 ιι..
701 5478 788 5528 18.
886 5475 931 5508 ⁸⁸
972 5471 1108 5527 Osee
1149 5486 1234 5536 χι,
1277 5473 1327 5526 1.

288 5562 442 5618 seqq.
516 5547 560 5578 “
598 5545 755 5601 Joan.
803 5560 898 5611 vti,
936 5545 1026 5600 37.
1100 5543 1147 5577 ⁵³
1189 5543 1356 5598 Exod.
1401 5558 1458 5608 tt,
1503 5545 1586 5598 t9.

340 5729 475 5798 .(20)
516 5728 643 5784 Ηςιξο
680 5743 782 5782 non
816 5736 941 5784 sunt
971 5727 1026 5781 in
1059 5727 1308 5796 Vulgata.

953 5399 995 5433 “
1036 5399 1169 5456 Luc.
1213 5416 1365 5468 unt,
1403 5401 1493 5466 28,
1533 5402 1622 5456 29.
1698 5403 1742 5433 δ’
1781 5401 1848 5458 Ge

972 5471 1108 5527 Osee
1149 5486 1234 5536 χι,
1277 5473 1327 5526 ι.
1426 5473 1468 5505 ⁸⁷
1510 5473 1681 5527 Exod.
1724 5490 1796 5536 ιι,
1839 5478 1848 5526 ἐ

953 5545 1026 5599 57.
1100 5543 1147 5577 ⁵³
1189 5543 1356 5598 Exod.
1401 5558 1458 5599 tt.
1503 5545 1586 5598 i9.
1662 5546 1707 5576 ⁵⁵
1742 5545 1848 5599 Joal

1960 5416 2048 5463 XL,
2089 5401 2180 5456 9.0.
2257 5399 2305 5432 “
2343 5399 2508 5454 Zach.
2577 5418 2648 5457 xu
2675 5441 2688 5464 ,
2756 5401 2841 5454 10.
2917 5399 2961 5430 ⁵⁵
3000 5399 3157 5453 Joan.
3200 5413 3280 5462 vt,
3324 5399 3411 5461 5|,
3456 5399 3546 5454 δι.

2004 5473 2051 5503 ⁴⁸
2086 5471 2241 5527 Joan.
2285 5486 2357 5535 tv,
2401 5470 2453 5524 6.
2527 5470 2572 5503 δ’
2615 5474 2784 5526 Exod.
2831 5486 2888 5534 tt,
2930 5469 3014 5535 l6,
3058 5470 3142 5526 18.
3219 5471 3264 5504 ⁸³
3306 5471 3434 5524 ibid.
3478 5473 3546 5526 19

1949 5559 2019 5599 tv.
2058 5544 2146 5598 52.
2225 5543 2271 5573 "
2311 5541 2481 5595 Exod.
2525 5558 2585 5599 tt.
2625 5545 2716 5597 2i.

1777 5558 1901 5599 oan.
1945 5559 2019 5608 tv,
2058 5548 2146 5598 52.

1959 4569 2302 4634 invaserant;
2341 4566 2567 4623 Gersam
2622 4578 2801 4622 autem
2841 4566 3042 4624 Iudaeis
3082 4568 3224 4620 idem
3267 4577 3371 4631 est,
3399 4564 3542 4634 quod

1959 4663 2286 4732 peregrinus.
2331 4661 2500 4717 Porro
2549 4662 2758 4717 Eliezer
2797 4664 2919 4717 novi
2953 4662 3175 4718 hederis
3197 4660 3398 4717 Christi
3441 4660 3546 4713 Do-

1962 4755 2093 4810 mini
2132 4757 2298 4824 ﬁgura
2333 4766 2456 4822 est;
2504 4755 2705 4826 quippe
2746 4757 2849 4810 hoc
2879 4755 3082 4812 findere
3139 4754 3374 4809 ineundo
3403 4751 3547 4806 Deus

1963 4849 2123 4903 terris
2152 4847 2468 4917 Opitulatus,
2502 4862 2597 4903 eas
2623 4864 2650 4902 a
2679 4848 2865 4902 fraude
2901 4848 3013 4918 (2i)
3050 4847 3364 4902 vindicavit.
3411 4844 3542 4898 Nam

1967 4941 2178 4996 Eliezcr
2208 4939 2407 4996 Iudaeis
2429 4941 2652 5011 perinde
2681 4950 2764 4995 est
2797 4955 2860 4997 ac
2891 4945 2934 4994 si
2960 4942 3109 4996 dicas
3134 4939 3446 5010 epitulator.

2038 5036 2146 5091 Sed
2182 5043 2404 5104 prastat
2430 5032 2601 5089 Exodi
2622 5048 2836 5104 qucque
2863 5034 3177 5087 vaticinium
3205 5033 3367 5085 verbo
3391 5042 3549 5086 tenus

1963 5144 2271 5186 recensere.
2320 5147 2339 5180 ι
2392 5125 2519 5182 Post
2582 5124 2808 5180 multum
2849 5140 2974 5181 vero
3017 5126 3295 5195 temporis.
3334 5145 3352 5175 ›
3391 5125 3545 5189 Quod

1969 5221 2229 5291 temporis
2258 5217 2400 5287 longi
2439 5214 2678 5286 spatium
2713 5215 2968 5285 prepheta
3006 5215 3313 5286 signiﬁcat?
3357 5213 3547 5269 Dolieti

2257 5399 2305 5432 “
2343 5397 2508 5454 Zach.
2577 5418 2688 5464 xu,
2756 5401 2841 5454 10.
2917 5399 2961 5430 ⁵⁵
3000 5398 3157 5453 Joan.
3200 5413 3280 5462 vt,
3324 5399 3411 5461 5|,
3456 5398 3548 5454 δι.

2225 5543 2271 5573 ⁵⁵
2311 5541 2481 5595 Exod.
2525 5558 2585 5609 tt,
2625 5545 2716 5597 2L

361 5796 476 5871 (ξιξ
516 5802 740 5859 Scilicet
776 5801 1000 5867 diaboli,
1027 5801 1296 5868 quomodo
1322 5799 1481 5856 etiam
1513 5797 1762 5866 suspicor
1791 5796 2094 5863 legendum.
