4006 6284
410 300 523 367 835

1583 283 2016 352 ANDRONICI
2057 282 2406 347 COMNENI

3550 274 3651 339 836

408 412 679 473 mortalis.
720 429 739 465 ι
786 407 1213 479 litgemiscentes
1253 405 1344 471 lilii
1387 405 1580 472 Israel,
1611 424 1629 457 ο
1656 404 1710 459 Id
1740 412 1843 469 est,
1867 418 1993 458 san-
2020 403 2067 463 A
2097 402 2375 473 apparavi.
2415 421 2432 453 ι
2465 400 2530 457 Et
2561 400 2670 455 ait:
2720 397 2832 470 Ego
2869 414 2987 454 sum
3018 398 3161 456 Deus
3192 397 3363 470 patris
3386 397 3486 465 tui,
3520 397 3656 455 Deus

408 516 626 561 ciorum
648 517 855 568 manes,
886 500 1025 571 apud
1060 500 1264 555 inferos
1289 497 1511 569 captivi,
1536 514 1554 549 ι
1579 507 1800 568 propter
1830 510 1992 564 opera

412 595 697 653 vociferati
726 604 886 659 sunt;
914 592 1265 660 ascenditque
1294 590 1500 645 clamor
1517 604 1702 643 eorum
1730 589 1796 643 ad
1827 588 1991 642 Deum

410 690 487 745 ab
522 688 779 760 operibus
806 689 874 739 ".
911 706 929 739 ›
962 686 1079 741 Alio
1127 685 1379 740 dicente:
1413 701 1429 734 ι
1471 682 1615 736 Ειίιια
1653 680 1721 735 de
1750 681 1995 765 custodia

416 780 650 836 animam
688 794 860 833 meant
902 778 987 844 ";
1026 795 1043 830 i
1079 776 1185 830 alio
1219 794 1232 830 :
1282 792 1300 827 t
1342 772 1503 839 Dens,
1536 770 1763 828 OStentle
1802 769 1994 825 faciem

419 885 590 940 tuam,
640 886 693 928 et
741 872 873 927 salvi
920 873 1127 926 erimus
1165 869 1249 936 l"';
1304 885 1323 921 i
1360 869 1509 921 alio:
1558 884 1575 917 ι
1607 864 1680 919 De
1718 863 1997 934 profundis

413 966 650 1023 clamavi
713 964 779 1019 ad
840 974 912 1029 te,
970 961 1229 1025 Domine,
1272 958 1516 1023 Domine,
1554 956 1745 1012 exaudi
1809 969 1994 1009 vocem

402 1072 596 1113 'meam
627 1055 710 1117 ";
768 1055 871 1107 alio
906 1069 921 1106 :
975 1070 993 1101 ι
1042 1049 1200 1105 Fiant
1239 1062 1398 1104 aures
1430 1058 1532 1102 tua:
1576 1046 1916 1101 intendentes
1942 1045 1993 1099 in

420 1161 608 1202 vocem
665 1142 1063 1215 deprecationis
1114 1155 1245 1195 meae
1294 1138 1362 1194 ".
1428 1157 1447 1190 ι
1498 1138 1703 1191 Horum
1755 1137 1994 1189 omnium

417 1239 776 1311 querimonia:
803 1237 867 1291 ad
894 1230 1063 1291 Deum
1105 1240 1490 1303 pervenerunt.
1530 1248 1545 1281 ι
1578 1230 1657 1283 Ae
1684 1230 1997 1282 recordatus

416 1340 503 1389 est
536 1330 782 1396 lmderis,
818 1330 973 1400 quod.
999 1328 1200 1399 pepigit
1236 1340 1357 1381 cum
1399 1325 1697 1386 Abraham,
1733 1322 1908 1387 Isaac,
1945 1328 1998 1374 et

418 1422 589 1480 Jacob
621 1425 687 1479 '°.
712 1443 732 1479 ι
761 1422 872 1479 Illic
906 1438 1029 1479 cum
1057 1420 1391 1486 Abrabamn,
1414 1417 1501 1474 hic
1529 1434 1649 1473 cum
1678 1417 1999 1486 primigenio

419 1518 649 1576 Adamo.
708 1536 728 1571 ι
790 1516 855 1572 Et
905 1516 1146 1585 respexit
1208 1512 1469 1569 Dominus
1526 1506 1668 1566 Illios
1711 1508 1900 1572 Israel,
1944 1517 2001 1563 et

415 1610 678 1679 cognovit
704 1623 799 1665 eos
827 1609 911 1677 “;
955 1628 975 1661 ι
1023 1608 1212 1672 idest,
1243 1616 1429 1661 nostra
1471 1613 1721 1672 tanquam
1760 1600 1996 1656 miscella

416 1702 696 1760 Induenda
726 1702 887 1757 homo
914 1698 1087 1755 Iactus
1135 1709 1237 1763 est,
1266 1694 1441 1754 simile
1480 1696 1644 1752 simili
1674 1704 1998 1765 expurgatu-

2094 496 2391 559 Abraham,
2425 494 2563 547 Deus
2601 493 2770 558 Isaac,
2804 503 2861 547 et
2888 492 3030 548 Deus
3067 491 3256 547 Iacob.
3292 510 3310 543 ι
3348 491 3503 557 Quod
3532 491 3657 545 dicit

2095 587 2356 657 ejusmodi
2384 598 2510 645 est:
2548 586 2657 657 Ego
2702 586 2844 640 Deus
2888 586 3181 650 Abraham,
3210 584 3352 641 Deus
3387 585 3559 651 Isaac,
3604 593 3658 640 et

2098 681 2239 734 Deus
2286 677 2474 739 Iacob,
2529 679 2657 733 olim
2708 679 2761 733 in
2816 678 3051 746 Virginis
3108 687 3285 743 utero,
3334 679 3658 746 benignitate

2094 770 2281 826 interni
2309 771 2410 826 mei
2434 769 2631 835 Patris,
2656 781 2709 824 et
2741 779 2823 826 ter
2849 771 3019 824 sancti
3050 769 3283 839 Spiritus
3303 786 3403 841 ope
3443 772 3657 842 dcgam.

2101 881 2120 915 ι
2154 863 2449 942 Abscondit
2478 862 2649 919 Moses
2678 864 2867 919 facient
2896 880 3047 919 suam
3084 881 3098 917 :
3125 879 3228 918 non
3264 868 3405 919 enim
3437 865 3666 918 audebat

2097 957 2342 1023 aspicere
2365 962 2551 1010 contra
2585 958 2749 1010 Deum
2773 957 2839 1012 ⁸⁷.
2878 976 2895 1007 ι
2931 954 3102 1009 Diviui
3133 954 3289 1010 Verbi
3320 957 3386 1011 ad
3420 955 3681 1029 homines

2098 1051 2410 1120 degressum
2452 1060 2506 1104 et
2532 1050 2958 1106 incarnationem
2986 1050 3258 1119 stupebat,
3289 1060 3343 1105 et
3368 1053 3669 1105 admiraba-

2101 1150 2207 1195 tur.
2273 1159 2291 1192 ι
2331 1138 2428 1195 Cui
2466 1141 2540 1194 ait
2582 1141 2836 1217 Dominus
2878 1158 2892 1196 :
2926 1140 3042 1198 Vidi
3095 1140 3437 1197 aﬂlictionem
3486 1143 3667 1213 populi

2099 1230 2201 1283 mei
2244 1230 2296 1284 in
2340 1228 2599 1300 Egypto,
2632 1241 2688 1285 et
2729 1232 3024 1288 clamorem
3072 1231 3189 1301 ejus
3218 1234 3398 1288 audivi
3450 1244 3671 1303 propter

2098 1321 2353 1376 duritiam
2402 1339 2589 1379 eorum
2637 1324 2728 1394 qui
2767 1336 3006 1395 praesunt
3037 1324 3290 1396 operibus
3340 1326 3406 1382 ⁸³.
3461 1345 3483 1378 ι
3535 1327 3669 1395 Vidi,

2099 1414 2298 1484 inquit,
2330 1427 2551 1470 vexatos
2594 1418 2732 1485 apud
2764 1416 2965 1473 inferos
3015 1425 3331 1474 sanctorum
3364 1435 3577 1485 inanes.
3609 1424 3673 1478 ab

2098 1507 2330 1573 Infestis,
2365 1524 2464 1565 nec
2501 1510 2793 1580 quidquam
2845 1513 2911 1566 ad
2963 1514 3103 1567 mala
3147 1526 3309 1581 Opera
3359 1516 3674 1585 urgentibus

2100 1594 2366 1667 improbis
2415 1601 2753 1656 daemonibus
2799 1602 2957 1671 (quos
3006 1613 3060 1657 et
3088 1604 3268 1672 operis
3298 1616 3586 1662 exactores
3613 1622 3674 1663 eo

2101 1691 2318 1747 nomine
2369 1691 2661 1762 appellat);
2707 1694 2909 1748 etenim
2940 1708 3148 1761 revera,
3191 1712 3313 1751 cum
3356 1711 3385 1751 a
3435 1697 3545 1754 Deo
3583 1714 3675 1769 per

419 1796 540 1853 me.»
577 1813 596 1847 ι
634 1794 811 1850 Moses
842 1803 1018 1849 autem
1057 1790 1314 1862 pascebat
1334 1806 1463 1846 oves
1490 1789 1682 1846 Jetliro
1711 1788 1885 1843 soceri
1916 1784 1997 1841 sui
2030 1777 2072 1834 Β
2100 1783 2460 1852 ignorantiam
2496 1783 2731 1851 abimus,
2753 1795 2880 1839 tunc
2908 1785 2963 1839 in
2990 1789 3194 1855 peccati
3227 1782 3339 1843 luto
3369 1804 3673 1856 versamur,

424 1889 731 1944 sacerdotis
755 1887 1010 1953 Madian;
1061 1903 1081 1938 ι
1120 1884 1225 1939 illic
1264 1882 1444 1939 Moses
1489 1882 1675 1938 brutas
1708 1882 1883 1937 soceri
1917 1878 1997 1934 sui

425 1978 748 2043 sacerdotis,
808 1976 898 2034 blc
947 1975 1220 2042 Christus,
1280 1976 1417 2031 alter
1479 1974 1680 2039 Moses,
1711 1971 2000 2028 rationales

428 2070 621 2126 mterni
673 2067 853 2124 Patris
906 2083 1036 2125 oves
1070 2069 1342 2138 pascebat.
1390 2085 1409 2119 ι
1456 2063 1701 2135 Cumque
1746 2064 2004 2119 minasset

424 2174 644 2231 gregem
676 2159 743 2215 ad
772 2161 1028 2216 interiora
1058 2159 1276 2227 deserti,
1317 2157 1469 2214 venit
1512 2157 1579 2213 ad
1629 2167 1862 2212 montem
1909 2154 2002 2209 Dei

428 2254 616 2311 ‘lloreb
636 2255 719 2322 “;
752 2272 770 2308 ι
800 2248 920 2309 nam
946 2253 1226 2310 rationalis
1267 2251 1480 2322 pecoris
1510 2262 1695 2323 pastor
1728 2265 1791 2306 ac
1830 2251 2002 2312 Deus,

429 2366 493 2404 ea
521 2348 815 2419 impietatis
840 2346 1137 2403 solitudine
1176 2360 1305 2403 oves
1332 2346 1614 2410 abductas,
1646 2344 2004 2404 ad‘montem,

427 2438 523 2510 qui
555 2449 637 2495 est
675 2438 768 2493 Dei
808 2438 1037 2513 notitia,
1066 2446 1121 2491 et
1163 2437 1231 2493 ad
1278 2437 1552 2492 ccelestem
1593 2450 1658 2491 ac
1690 2444 2004 2506 perpetuam

435 2533 865 2605 Hierosolymam
896 2522 1177 2601 compulit.
1216 2549 1235 2584 ι
1277 2530 1645 2602 Apparuitque
1689 2526 1741 2581 ei
1789 2525 2007 2598 angelus

437 2625 650 2681 Demini
680 2625 733 2680 in
762 2624 978 2679 ﬂamma
1026 2624 1167 2695 ignis
1211 2624 1277 2680 de
1308 2621 1483 2679 medio
1509 2620 1627 2677 rubi
1662 2637 1676 2675 :
1713 2629 1767 2694 et
1792 2618 2011 2676 videbat

427 2716 576 2788 quod
621 2720 787 2773 rubus
820 2718 1059 2785 arderet,
1105 2725 1160 2773 et
1210 2729 1315 2771 non
1362 2700 1882 2779 combureretur“;
1909 2712 2011 2766 hoc

430 2810 722 2866 lndivisam
775 2819 947 2880 atque
1004 2792 1441 2880 impermutaiam
1480 2806 1638 2863 Verbi
1677 2805 1844 2862 divini
1887 2820 2009 2859 cum

434 2904 669 2958 bnmana
716 2902 1214 2980 natura_unionem
1264 2915 1332 2956 ex
1379 2900 1649 2956 charitate
1697 2908 2007 2969 susceptam

431 2995 704 3066 designat.
726 2991 862 3049 Nam
900 2992 1047 3051 velut
1076 3000 1267 3050 rubum
1297 2994 1436 3063 ignis
1472 2992 1750 3061 amplexus
1780 3000 1895 3056 est;
1937 2992 2011 3043 ita

433 3099 489 3147 et
522 3088 658 3145 Deus
684 3086 922 3143 Verbum
957 3087 1212 3158 subiecta:
1241 3089 1340 3142 sub
1374 3092 1655 3158 peccatum
1683 3082 1872 3176 Adami
1917 3081 2012 3137 de-
2037 3116 2083 3176 ο

434 3182 563 3237 licto
606 3190 811 3244 natura:
854 3182 1169 3237 societatem
1219 3178 1362 3244 iniit,
1393 3191 1589 3248 expers
1635 3173 1869 3247 peccati,
1903 3188 2010 3246 quo

435 3288 539 3330 nos
599 3287 816 3344 quoque
877 3283 1105 3344 peccato
1171 3270 1409 3327 invictos
1469 3278 1814 3341 compararet
1875 3267 2013 3322 alter

436 3368 702 3435 Adamus,
728 3375 783 3420 et
832 3353 1187 3421 recreationis
1215 3372 1416 3419 nostra!
1450 3360 1734 3442 princeps,
1761 3373 1913 3431 atque
1950 3373 2014 3415 ac

440 3446 601 3529 prior
634 3457 951 3513 creationis.
988 3474 1007 3509 ι
1052 3454 1195 3510 Dixit
1232 3468 1363 3523 ergo
1416 3452 1593 3509 Moses
1642 3470 1657 3507 :
1704 3450 1909 3507 Vadam
1960 3459 2015 3506 et

438 3550 635 3608 videbo
666 3550 934 3606 visionem
967 3550 1111 3605 hanc
1139 3564 1413 3619 magnam,
1449 3534 1619 3617 quare
1647 3561 1754 3601 non
1776 3546 2015 3603 combu-

439 3654 593 3702 ratur
638 3643 803 3699 rubus
852 3643 917 3697 “.
966 3660 988 3695 ι
1044 3641 1212 3697 Recte
1250 3641 1529 3709 obstupuit
1573 3639 1768 3704 Moses,
1810 3639 1901 3709 qui
1964 3639 2012 3692 id

441 3718 651 3795 tantum
678 3746 947 3793 ostentum
981 3750 1102 3791 esse
1129 3733 1355 3807 figuram
1396 3733 1640 3789 eventuri
1671 3733 1852 3786 arcani
1892 3746 2017 3801 pro-

402 3890 405 3891 ν
441 3828 695 3903 spiceret,
742 3830 945 3900 liquido
996 3830 1402 3891 demonStrans,
1455 3827 1691 3881 divinam
1726 3821 1883 3878 Verbi
1922 3836 2018 3877 na-

441 3935 616 3981 turam
660 3939 779 3979 cum
829 3921 1179 3977 humanitatis
1229 3920 1419 3985 modo,
1472 3918 1519 3973 si
1571 3918 1789 3988 quidem
1833 3917 2013 3985 vellet,

440 4016 796 4088 copulandam
834 4032 853 4071 :
885 4031 1010 4071 nam
1048 4014 1097 4071 ei
1136 4015 1354 4086 quidem
1401 4025 1596 4070 cuncta
1656 4010 1890 4069 faciendi
1934 4021 2019 4066 est

426 4110 708 4188 potentia,

517 4223 539 4258 ι
571 4206 817 4260 Cernens
838 4209 1017 4257 autem
1049 4198 1331 4266 Dominus,
1369 4197 1509 4269 quod
1552 4206 1804 4270 pergeret
1844 4198 1908 4254 ad
1942 4198 2023 4252 vi-

445 4297 708 4363 dendum,
736 4296 950 4350 vocavit
982 4308 1103 4348 eum
1132 4293 1198 4349 de
1230 4291 1405 4348 medio
1435 4278 1581 4357 rubi,
1611 4302 1664 4347 et
1687 4291 1782 4346 ait.
1847 4310 1867 4344 ι
1906 4289 2020 4347 Illic

448 4392 711 4447 Dominus
734 4386 908 4458 angeli
939 4387 1118 4459 specie
1155 4387 1303 4441 visus
1351 4384 1534 4440 Mosen
1566 4385 1903 4452 inclamavit;
1933 4383 2021 4439 hic

2101 1870 2559 1944 exactoribusque
2592 1874 2812 1931 obnoxii
2849 1891 3056 1933 sumus.
3087 1880 3156 1932 At
3211 1878 3303 1934 Dei
3334 1879 3589 1935 notitiam
3620 1880 3678 1934 Ii-

2101 1962 2329 2018 bertatis
2362 1954 2531 2034 gratia
2572 1964 2947 2033 consequitur.
3004 1984 3022 2018 ¢
3064 1966 3129 2021 Et
3166 1968 3419 2023 descendi
3461 1981 3520 2023 ut
3548 1969 3681 2025 libe-

2106 2073 2218 2112 rem
2245 2072 2368 2114 eum
2400 2060 2465 2113 de
2497 2062 2744 2116 manibus
2773 2059 3168 2133 Egyptiorum.
3207 2082 3226 2115 ι
3262 2063 3534 2123 Conscius
3561 2069 3679 2122 vani

2106 2151 2383 2206 hominum
2416 2153 2580 2207 studii
2622 2167 2746 2222 erga
2800 2153 3079 2210 immolata
3126 2156 3301 2223 idolis,
3357 2160 3615 2215 descendi
3651 2174 3679 2214 a

2106 2242 2272 2300 Patre
2300 2260 2647 2315 nequaquam
2682 2256 2986 2317 separatus,
3021 2249 3088 2302 ad
3118 2248 3456 2324 eripiendum
3486 2250 3684 2306 daemo-

2108 2337 2267 2392 nibus
2290 2338 2476 2394 orbem
2498 2346 2791 2394 terrarum.
2831 2357 2851 2393 ‹
2889 2339 2950 2395 Et
2977 2343 3201 2396 educam
3235 2343 3301 2396 de
3331 2352 3479 2397 terra
3513 2342 3624 2409 illa;
3658 2361 3676 2396 ι

2107 2422 2459 2486 contumaciae
2483 2443 2537 2485 et
2565 2434 2930 2499 mortalitatis,
2953 2453 2970 2486 ι
2995 2434 3046 2488 in
3068 2444 3266 2490 terram
3295 2436 3519 2501 bonam,
3542 2456 3560 2487 ι
3582 2439 3683 2493 sci-

2109 2521 2236 2578 licet
2264 2524 2705 2595 immortalitatis,
2735 2537 2785 2583 et
2822 2525 2914 2582 Dei
2946 2529 3171 2593 notitiae,
3203 2549 3222 2582 ι
3253 2546 3372 2600 quae
3393 2531 3516 2586 ﬂuit
3546 2532 3681 2588 lacte

2110 2627 2161 2671 et
2190 2616 2346 2672 melle
2372 2616 2440 2672 “.
2481 2634 2501 2670 ι
2535 2615 2611 2671 Ex
2645 2632 2706 2673 ea
2739 2627 2882 2674 terra
2915 2620 2997 2676 Iac
3028 2629 3082 2675 et
3106 2620 3247 2677 mel:
3290 2638 3353 2677 ex
3403 2624 3683 2681 Dominico

2110 2724 2335 2778 corpore
2362 2724 2502 2781 aqua
2526 2720 2581 2765 et
2602 2712 2821 2784 sanguis
2846 2715 3171 2771 scaturiunt.
3212 2714 3267 2771 Id
3292 2716 3442 2773 enim
3473 2728 3529 2773 et
3552 2718 3685 2787 ignis

2111 2815 2235 2855 cunt
2265 2802 2401 2857 rubo
2440 2805 2630 2873 copula
2665 2806 2945 2875 designat;
2978 2821 3075 2876 per
3100 2807 3347 2864 ardorem
3378 2810 3604 2881 patibile
3635 2822 3686 2868 et

2115 2888 2339 2951 mortale
2368 2911 2587 2967 corpus,
2644 2912 2742 2968 per
2773 2899 3198 2957 incolumitatem
3225 2917 3290 2959 ex
3314 2910 3534 2971 ardore,
3568 2904 3688 2962 Dei-

2114 2993 2458 3057 tateut,'qute
2496 2989 2713 3053 invicta,
2758 2990 2975 3046 iisliaud
3001 2992 3211 3064 longum
3245 2979 3685 3059 vincendaesset.

2189 3098 2208 3131 ι
2251 3080 2471 3136 Clamor
2500 3097 2629 3151 ergo
2676 3084 2909 3138 filiorum
2949 3083 3110 3140 Israel
3155 3088 3299 3141 venit
3333 3087 3401 3144 ad
3436 3106 3524 3144 me
3555 3090 3622 3145 ⁷⁸.
3661 3110 3679 3144 ι

2115 3171 2226 3229 Illic
2249 3186 2470 3243 accepta
2499 3174 2865 3231 Israelitarum
2900 3177 3301 3247 imploratione,
3333 3181 3421 3235 hic
3449 3185 3685 3238 omnium

2112 3287 2179 3325 ex
2211 3270 2420 3325 Adamo
2449 3281 2727 3335 natorum,
2758 3252 3147 3345 perspectaqne
3176 3274 3452 3343 violentia,
3492 3294 3595 3350 qua
3624 3282 3688 3338 ab

2112 3364 2384 3437 Ailgyptiis
2440 3377 2734 3434 urgentur;
2787 3382 2891 3422 non
2948 3368 3124 3424 solum
3182 3382 3322 3439 post,
3381 3375 3480 3429 sed
3530 3373 3687 3430 etiam

2116 3468 2244 3514 ante
2284 3456 2725 3525 implorationem
2781 3458 3017 3529 (animos
3050 3461 3191 3516 enim
3222 3469 3461 3532 scrutor)
3495 3465 3689 3519 diente-

2115 3565 2240 3604 num
2272 3549 2584 3606 violentiam
2619 3549 2766 3607 novi.
2802 3568 2822 3603 t
2864 3552 2970 3608 Sed
3014 3553 3162 3619 veni,
3208 3563 3264 3609 et
3297 3557 3507 3613 mittam
3546 3570 3597 3614 te
3627 3560 3688 3613 ad

2114 3638 2477 3695 Pharaonem.
2524 3658 2543 3692 ι
2584 3641 2698 3695 Hoc
2746 3640 2925 3698 Patris
2967 3642 3356 3715 benignitatem
3404 3658 3689 3704 monstrat.

2120 3753 2140 3787 ι
2174 3731 2245 3790 Ut
2268 3734 2748 3814 educas'pqpulum
2784 3750 2987 3803 meum,
3039 3735 3178 3792 Illios
3204 3735 3370 3792 Israel
3412 3738 3483 3795 ".
3528 3757 3551 3793 ι
3586 3738 3691 3795 Illic

2114 3826 2431 3893 Israelitas;
2491 3828 2579 3883 hic
2625 3842 2843 3883 omnem
2896 3829 3174 3885 hominum
3222 3840 3424 3886 coetum
3461 3849 3527 3889 ex
3570 3833 3690 3898 Orci

2116 3917 2369 3975 vinculis.
2431 3916 2561 3974 Nam
2609 3919 2783 3976 Orcus
2835 3920 3061 3980 insonte
3110 3938 3175 3979 ac
3218 3922 3434 3981 vivitico
3473 3939 3692 3996 corpore

2116 4025 2353 4087 gustato,
2377 4013 2538 4071 etiam
2567 4030 2704 4086 quos
2721 4016 2869 4087 juste
2910 4020 3156 4086 captivos
3190 4017 3441 4085 habebat,
3471 4021 3687 4077 dimisit.

2122 4124 2143 4159 ι
2197 4108 2451 4177 Dixitque
2506 4107 2685 4164 Moses
2744 4109 2808 4163 ad
2864 4108 3085 4165 Deum:
3126 4110 3259 4178 Quis
3292 4128 3427 4168 sum—
3461 4129 3582 4180 ego,
3634 4122 3689 4169 ut

2117 4201 2311 4255 vadam
2348 4202 2413 4255 ad
2460 4199 2818 4268 Pharaonem,
2872 4213 2928 4257 et
2960 4205 3191 4259 educam
3244 4206 3385 4263 ﬁlios
3426 4206 3588 4265 Israel
3629 4208 3690 4261 de

2117 4291 2352 4365 Egypto
2404 4294 2489 4348 ⁷ίῖ
2552 4311 2573 4352 ι
2605 4291 2719 4349 Hoc
2771 4296 2915 4349 velut
2968 4309 3036 4351 ex
3081 4312 3308 4367 persona
3354 4300 3594 4370 corporis
3627 4297 3686 4352 ad

2122 4388 2463 4443 divinitatem
2510 4403 2630 4443 cum
2685 4404 2750 4443 eo
2791 4390 3095 4459 copulatam
3144 4393 3400 4461 prOpheta
3433 4393 3590 4447 dixit.
3630 4389 3688 4444 Et

444 4482 695 4539 Gabriele
724 4480 1001 4553 Virginem
1044 4480 1299 4545 allocuto,
1342 4479 1396 4533 in
1429 4494 1547 4534 eam
1582 4466 1720 4535 Deus
1755 4479 2026 4548 immigra-
2055 4486 2100 4541 ι)
2129 4482 2256 4538 ille:
2291 4501 2311 4535 ι
2341 4484 2408 4536 At
2436 4492 2608 4536 tecum
2635 4497 2738 4551 ego
2774 4482 3127 4547 descendam,
3164 4499 3489 4553 rursumque
3514 4498 3688 4539 ascen-

449 4576 547 4630 vit.
587 4592 606 4626 (
645 4573 841 4641 Moscs,
881 4572 1053 4629 Moses
1094 4574 1172 4640 ⁶⁸;
1198 4592 1215 4623 ι
1263 4588 1453 4626 nomen
1496 4572 1809 4641 ingeminat,
1846 4582 1902 4627 ut
1937 4582 2019 4627 at-

454 4668 675 4731 tentias,
707 4682 828 4735 quae
872 4668 1206 4731 dicerentur,
1255 4665 1487 4720 audiret.
1518 4664 1655 4733 Quid
1698 4660 1814 4719 est?
1848 4648 2019 4736 inquit

448 4760 555 4815 ille.
598 4777 616 4811 ι
672 4760 745 4813 Ne
789 4760 1095 4829 apprOpies,
1144 4758 1318 4827 inquit
1363 4756 1639 4823 Dominus,
1677 4757 1825 4810 huc:
1870 4758 2019 4810 solve

450 4851 875 4904 calceamentum
909 4849 973 4902 de
1002 4848 1227 4918 pedibus
1254 4847 1375 4902 tuis.
1419 4865 1436 4898 ι
1470 4844 1637 4902 Nemo
1675 4846 1901 4916 impuris
1928 4860 2020 4917 pe—

450 4944 608 4997 dibus
636 4943 702 4995 ad
742 4943 1133 4996 decurrendum
1164 4927 1309 5009 pacis
1335 4941 1675 5011 Evangelium
1705 4948 2017 5005 comendat,

454 5046 545 5091 aut
574 5036 773 5091 calceis
801 5035 1038 5100 indutus,
1065 5036 1453 5105 exsanguibus,
1482 5037 1722 5105 inquam,
1754 5036 2021 5105 pellibus;

456 5144 551 5199 per
577 5142 714 5197 quas
749 5127 1049 5193 concitata),
1086 5139 1247 5195 atque
1276 5128 1504 5191 vitiosae,
1542 5138 1592 5182 et
1617 5129 1793 5190 laedas,
1830 5128 2021 5182 mortis

452 5234 722 5287 auctores,
776 5222 1133 5293 cogitationes
1168 5232 1448 5287 notantur,
1492 5222 1725 5291 Virginis
1763 5236 2021 5275 arcanum

455 5313 761 5385 investiget.
808 5332 825 5365 ι
871 5314 1047 5369 Locus
1078 5315 1224 5369 enim
1268 5315 1319 5369 in
1349 5330 1457 5384 quo
1488 5327 1621 5382 stas,
1660 5325 1800 5369 terra
1832 5322 2022 5369 sancta

451 5418 539 5462 est
565 5407 629 5463 “.
674 5427 692 5461 ι
728 5408 857 5463 Nam
891 5418 1273 5479 prtesacratum
1308 5424 1485 5464 meum
1526 5410 1729 5481 regium
1770 5410 2022 5480 palatium

524 5573 573 5603 “
610 5569 778 5627 Exod.
820 5588 881 5638 tt,
917 5572 1007 5629 25.
1071 5574 1119 5606 "
1151 5573 1292 5630 Psal.
1329 5590 1471 5640 csLt,
1513 5575 1565 5630 8.

455 5657 519 5705 tt,
552 5643 643 5698 24.
720 5644 761 5675 ⁸⁸
807 5646 935 5698 ibid.
1012 5645 1057 5676 "
1088 5645 1271 5701 .Exod.
1313 5662 1395 5711 tit,
1435 5648 1485 5702 ί.

1650 5576 1693 5606 "
1735 5574 1875 5632 Psal.
1912 5590 2097 5640 Lxxtx,
2136 5574 2192 5629 4.
2253 5574 2301 5607 ⁸⁸
2340 5573 2481 5629 Psal.
2524 5591 2655 5643 vni,
2697 5579 2787 5633 20.
2848 5580 2927 5611 ‘”
2967 5578 3110 5633 Psal.
3150 5593 3275 5636 cxx.
3319 5576 3371 5633 I.

1562 5646 1606 5678 ”
1645 5647 1771 5703 ibid.
1814 5646 1867 5701 2.
1947 5647 1993 5677 ⁵⁸

2110 5648 2163 5701 d.
2206 5646 2258 5701 5.
2335 5645 2379 5677 ⁸⁸
2420 5646 2547 5700 ibid.
2587 5648 2639 5702 4.
2718 5650 2758 5682 ⁸⁸
2802 5651 2929 5707 ibid.
2974 5648 3028 5704 5.
3096 5649 3138 5680 "
3180 5648 3311 5705 ibid.
3352 5648 3407 5704 6.

456 5713 515 5770 7.
586 5716 629 5748 "
671 5716 797 5771 ibid.
838 5714 891 5770 8.
965 5715 1010 5748 '°
1052 5716 1185 5773 ibid.
1224 5718 1279 5773 9.
1352 5717 1397 5749 ”
1439 5718 1569 5773 ibid.
1612 5718 1697 5773 I0.
1773 5718 1820 5749 "
1872 5717 2001 5774 ibid.
2048 5718 2135 5774 Il.

2124 4577 2245 4631 dant
2270 4576 2337 4629 ⁷⁸.
2383 4593 2402 4627 ›
2435 4576 2800 4630 IlocviciSsim
2827 4576 3029 4631 dictum
3058 4592 3086 4631 a
3121 4576 3228 4632 Deo
3258 4578 3323 4633 ad
3354 4592 3552 4648 corpus
3571 4591 3682 4632 cum

2122 4669 2406 4726 divinitate
2452 4670 2758 4739 copulatum
2822 4670 3073 4741 accipite.
3103 4667 3236 4724 Nam
3281 4676 3334 4724 et
3368 4669 3434 4724 ad
3498 4668 3684 4724 inferos

2126 4762 2268 4817 Deus
2316 4777 2437 4817 cum
2486 4761 2665 4816 anima
2700 4762 3000 4826 descendit,
3038 4771 3093 4817 et
3132 4764 3272 4833 quod
3318 4764 3454 4817 Deus
3491 4775 3686 4817 assum-

2124 4865 2330 4927 pserat,
2378 4872 2498 4911 cum
2531 4871 2595 4911 eo
2629 4872 2732 4911 non
2783 4855 2957 4912 solum
2985 4872 3051 4911 ex
3093 4855 3231 4911 Orco
3263 4859 3313 4912 in
3346 4866 3561 4922 terram,
3597 4851 3679 4910 sed

2129 4966 2197 5004 ex
2241 4962 2382 5007 terra
2435 4966 2646 5021 quoque
2707 4952 2757 5005 in
2813 4952 3034 5015 oculum,
3078 4950 3333 5007 omnibus
3383 4949 3678 5006 coelestibus

2130 5043 2298 5113 copiis
2332 5043 2586 5113 stipatum
2614 5043 2879 5098 ascendit.
2908 5046 2985 5095 Ac
3012 5058 3079 5097 nc
3110 5044 3487 5111 disputationis
3511 5042 3677 5100 suavi-

2131 5146 2294 5212 tatem
2322 5137 2610 5191 verborum
2649 5134 2969 5191 assiduitate
3003 5136 3268 5206 ingratam
3305 5146 3675 5205 comparemus,

2130 5245 2249 5301 age,
2285 5230 2564 5286 historiam
2591 5241 2805 5283 omnem
2828 5228 2995 5285 Mosis
3015 5230 3351 5299 compendio,
3372 5238 3424 5286 et
3451 5238 3672 5299 tauquam

2130 5322 2300 5392 digito
2332 5331 2599 5376 notemus.

2206 5414 2375 5483 Igitur
2423 5415 2597 5470 Moses
2644 5416 2697 5470 in
2733 5414 3025 5488 Egyptum
3068 5415 3357 5485 degressus
3390 5425 3499 5479 est;
3526 5406 3673 5468 dulcis

3449 5574 3493 5609 “
3526 5568 3667 5627 Exod.

3484 5647 3524 5679 ⁸³
3557 5640 3663 5698 ibid.

2210 5718 2256 5751 ⁷³
2297 5716 2427 5773 ibid.
2470 5717 2556 5774 12.
