4006 6284
175 367 276 434 B37

1295 359 1679 425 DIALOGUS
1714 361 2019 423 CONTRA
2064 363 2395 427 JUDEOS.

3338 367 3441 433 838

181 485 340 542 Iesus
383 487 449 541 ad
506 485 730 544 inferos.
789 483 880 541 Ille
934 485 989 540 in
1026 483 1365 540 Pharaonem
1424 482 1749 547 insurrexit;
1781 479 2210 550 Acogitzttioues
2266 485 2555 547 Inhmrent,
2611 484 2661 538 in
2715 485 2779 539 iis
2815 483 2978 540 etiam
3030 500 3221 540 earum
3279 485 3442 542 t‘wtor

183 579 425 633 divinum
484 578 797 635 Servatoris
853 577 956 632 mei
1012 593 1226 644 corpus
1264 578 1467 633 inferos
1519 575 1765 645 diripuit.

181 671 451 726 Caeterum
493 673 658 742 quod,
700 671 875 727 Moses
931 686 1054 724 cum
1102 671 1318 727 Aarone
1363 687 1467 727 suo
1499 671 1664 725 fratre
1701 669 1767 724 ad

182 763 524 819 Pharaonem
569 764 724 828 abiit,
765 763 1140 818 haereticorum
1185 764 1513 834 impietatem
1551 763 1765 828 evertit,

183 856 570 911 aliirmantinm
613 855 758 924 (22),
806 857 857 907 in
906 855 1103 910 Christi
1147 859 1252 909 mei
1288 870 1536 925 corpore,
1576 855 1771 909 animze

183 945 358 998 vicem
392 945 637 1002 suiiicere
675 945 1057 1013 divinitatem;
1093 957 1252 1017 atque
1289 947 1357 1001 ita
1400 947 1538 1001 male
1569 948 1770 1002 docen-

187 1035 344 1096 tium,
381 1053 484 1090 non
528 1036 695 1090 fuisse
737 1037 1038 1104 perfectum
1077 1038 1376 1094 hominem.
1405 1039 1550 1092 Nam
1573 1050 1633 1095 ut
1663 1040 1771 1094 illic

186 1143 284 1196 per
318 1127 498 1182 Mosen
548 1140 602 1182 et
632 1129 902 1183 Aaronem
941 1147 1060 1184 cum
1107 1131 1396 1186 Pharaone
1429 1132 1644 1189 locutus
1690 1144 1774 1187 est

187 1216 361 1285 Deus;
395 1220 467 1273 ita
494 1227 549 1275 et
595 1219 854 1274 Servator
893 1236 1044 1277 meus
1090 1235 1250 1289 atque
1283 1221 1444 1288 Deus,
1473 1225 1651 1278 anima
1687 1226 1774 1279 in-

190 1309 482 1380 telligente.
534 1311 679 1365 velut
724 1321 1028 1381 sequestra,
1076 1313 1217 1368 inter
1268 1297 1522 1370 deitatem
1567 1325 1620 1370 et
1653 1329 1774 1369 cor-

192 1403 342 1471 poris
395 1401 705 1456 crassitiem
749 1403 1094 1471 interposita,
1145 1404 1240 1458 Dei
1279 1413 1336 1458 et
1374 1404 1650 1459 hominum
1693 1419 1775 1458 se-

191 1506 409 1563 quester
447 1492 622 1548 factus
665 1505 769 1554 est.
820 1495 930 1549 illic
976 1495 1150 1552 Moses
1186 1497 1242 1552 'et
1285 1497 1466 1552 Aaron
1505 1497 1772 1554 Pharaoni

193 1601 316 1642 sese
361 1603 390 1639 a
438 1586 1048 1643 Dominoilebraeorum
1099 1589 1205 1644 Deo
1261 1589 1460 1645 missos
1505 1591 1770 1657 dicentes,

195 1676 328 1733 illud
349 1678 416 1730 ab
437 1693 503 1731 eo
535 1680 762 1733 audiunt
793 1696 806 1732 :
837 1698 856 1731 ι
891 1680 1026 1746 Quis
1048 1689 1131 1734 est
1158 1679 1437 1745 Dominus,
1472 1691 1528 1734 ut
1560 1684 1773 1735 audiam

194 1785 354 1827 voces
378 1771 495 1838 ejus
523 1771 604 1824 "2
637 1789 656 1824 ι
692 1772 881 1827 Itidem
915 1781 969 1826 et
995 1772 1046 1826 in
1080 1770 1240 1836 Orco,
1274 1774 1579 1829 coelestibus
1606 1775 1803 1844 copiis.

194 1861 559 1919 clamantibus
588 1881 604 1917 :
641 1880 660 1916 ι
717 1863 958 1919 Attollite
979 1873 1186 1934 portas,
1220 1865 1515 1936 principes,
1548 1877 1774 1933 vestras,

192 1963 248 2010 et
284 1955 593 2020 elevamini,
623 1965 793 2024 portae
821 1956 1130 2020 aeternales,
1158 1967 1213 2012 et
1242 1959 1484 2014 introibit
1511 1960 1624 2016 Rex
1663 1961 1778 2032 gie-

195 2046 329 2111 τῖες
378 2065 398 2099 ›
453 2048 812 2116 intelligibiiis
847 2049 1056 2103 Pharao
1091 2051 1422 2118 respondet:
1459 2071 1476 2104 ι
1513 2051 1648 2119 Quis
1694 2045 1779 2110 "eu

195 2135 297 2196 iste
321 2157 416 2196 rex
442 2142 626 2213 gloriae
649 2143 736 2198 ’⁵2
762 2161 780 2195 ι
814 2144 990 2213 Atque
1014 2143 1099 2198 hic
1125 2144 1199 2216 (in
1222 2143 1436 2202 Christo
1462 2158 1516 2202 et
1542 2149 1776 2222 diabolo)

193 2233 455 2304 quiddam
495 2236 750 2305 amplius,
784 2251 946 2306 quam
985 2236 1038 2291 in
1088 2237 1240 2293 Mose
1280 2249 1444 2310 atque
1493 2238 1779 2298 Pharaone

193 2328 546 2399 cogitandum
589 2337 696 2385 est.
747 2328 863 2387 Illic
914 2333 1060 2388 enim
1108 2334 1284 2391 Moses
1323 2336 1502 2392 'semei
1551 2340 1778 2408 patratis

195 2418 390 2474 decem
447 2421 769 2487 miraculis,
829 2425 996 2478 semel
1060 2427 1369 2481 sensiltilem
1438 2425 1776 2483 Pharaonem

194 2513 360 2581 aquis
423 2515 643 2580 obruit;
679 2527 732 2570 at
775 2531 928 2572 meus
971 2517 1231 2573 Servatur
1279 2530 1442 2590 atque
1491 2520 1630 2576 Deus
1668 2537 1775 2578 non

194 2609 312 2678 ipse
366 2607 545 2665 solum
599 2611 666 2666 de
714 2611 1044 2681 intelligibili
1104 2611 1387 2668 Pharaone
1443 2615 1776 2688 triumphum

195 2702 346 2771 egit;
385 2703 479 2757 sed
509 2704 674 2760 etiam
709 2703 762 2759 in
797 2720 854 2760 se
882 2707 1242 2762 credentibus
1268 2717 1458 2763 contra
1490 2724 1611 2765 eum
1644 2725 1778 2781 quo-

195 2796 330 2851 tidie
378 2796 524 2853 vires
567 2797 817 2866 largitur,
855 2799 908 2854 id
955 2801 1097 2870 quod
1145 2805 1440 2857 notandum
1491 2803 1778 2875 diligenter

190 2897 301 2945 est.
337 2885 474 2944 Nam
506 2899 565 2944 ut
609 2890 718 2944 illic
763 2891 910 2947 Hose
941 2903 994 2946 et
1024 2894 1235 2948 Aarone
1264 2892 1532 2950 Pharaoni
1568 2897 1775 2952 instan-

190 2983 364 3048 tibus,
413 2983 711 3038 dimitteret
749 2984 1006 3053 populum
1061 2969 1224 3042 ιτῖὂυί
1272 2987 1394 3053 iter,
1443 2987 1668 3044 colendo
1706 2988 1777 3044 ab

193 3075 265 3130 iis
303 3075 555 3142 Domino,
579 3091 767 3131 eorum
803 3075 946 3145 Deo;
999 3077 1088 3134 ille
1120 3093 1298 3148 neque
1339 3095 1434 3136 eos
1470 3082 1693 3150 dimisit,
1723 3091 1777 3138 et

1870 587 2169 644 permanet,
2205 591 2424 632 auctore
2458 579 2654 632 Davide
2691 596 2703 632 :
2755 597 2771 630 ι
2831 579 3181 642 Putruerunt,
3231 588 3284 632 et
3325 595 3445 635 cor-

1871 677 2041 734 ruptae
2099 677 2224 721 sunt
2284 668 2568 723 cicatrices
2616 685 2768 745 luem,
2834 688 2860 724 a
2928 671 3067 725 facie
3118 672 3443 742 insipientia:

1871 772 2004 812 mem
2046 758 2114 815 τ’.
2174 780 2192 814 ι
2233 761 2326 816 Sin
2375 763 2438 816 ad
2488 763 2723 818 divinant
2778 766 3004 833 gratiam
3055 780 3206 820 mens
3256 769 3443 820 eadem

1873 865 2066 926 pravas
2090 854 2450 924 cogitationes
2483 856 2547 908 ah
2577 871 2632 909 se
2656 857 2898 924 repellat,
2936 857 3000 910 ad
3051 858 3440 924 intclligibiiem

1880 943 2215 998 Pharaonem
2256 944 2417 999 [αξιοι-
2465 945 2686 1014 pestifer
2731 948 3010 1012 redundat,
3050 956 3188 1002 teste
3234 965 3445 1003 rursum

1873 1037 2060 1092 eodem
2117 1037 2441 1104 Deiparente
2489 1057 2503 1092 :
2567 1058 2583 1090 ι
2629 1038 2684 1091 in
2741 1040 3002 1092 matutino
3059 1039 3446 1094 interﬁt-iebam

1875 1147 2061 1186 omnes
2094 1143 2404 1202 peccatores
2439 1142 2595 1186 terra?
2633 1132 2698 1186 ".
2746 1151 2762 1183 ι
2807 1131 2906 1187 Ubi
2942 1133 3257 1188 matutinum
3294 1133 3447 1197 dicit,

1877 1225 2005 1279 solis
2035 1226 2395 1294 splenderem,
2430 1229 2517 1294 qni
2553 1237 2784 1280 mentem
2829 1227 3094 1292 iiiustret;
3138 1237 3449 1296 peccatores

1878 1329 2054 1371 autem
2106 1327 2285 1381 terrm,
2335 1319 2631 1380 dzemones,
2682 1334 2977 1389 eorumque
3035 1320 3447 1388 antesignanum

1877 1409 2241 1464 Pharaonem.
2292 1408 2396 1463 Sed
2451 1411 2714 1464 mendacii
2763 1421 2940 1465 satore
2989 1413 3158 1480 magis
3189 1413 3350 1466 etiam
3381 1415 3448 1466 ad

1878 1501 2018 1554 hanc
2065 1500 2270 1554 cladem
2321 1500 2558 1565 irritato,
2596 1500 2945 1555 Christianus
2988 1493 3041 1556 in
3073 1517 3197 1556 eum
3231 1503 3450 1557 tertium

1876 1590 2095 1645 adhibet
2145 1599 2513 1659 tormentum;
2564 1608 2684 1645 nam
2736 1603 2790 1645 ut
2832 1593 2941 1647 illic
2984 1609 3012 1647 a
3058 1592 3202 1648 Mose
3235 1593 3452 1661 vapulat

1875 1685 2160 1755 pedicuits,
2197 1685 2266 1740 ita
2302 1686 2388 1740 hic
2441 1701 2470 1738 a
2529 1685 2614 1751 pio
2647 1685 2860 1755 vapulat
2896 1685 3148 1756 precibus
3195 1687 3454 1744 scelestus

1879 1779 1969 1834 ille
1991 1789 2052 1834 'et
2093 1779 2463 1835 exsecrandus
2497 1775 2728 1840 Pharao,
2763 1788 2816 1833 et
2844 1779 3293 1850 quemadmodum
3344 1779 3454 1836 illic

1882 1883 2035 1929 terra
2055 1883 2111 1928 et
2130 1885 2223 1927 aer
2248 1870 2512 1941 pedicuiis
2538 1871 2758 1938 referta,
2790 1863 3038 1942 magnam
3060 1871 3276 1943 Egypti
3301 1873 3452 1927 duci-

1878 1965 1977 2022 bus
2024 1965 2236 2021 cladem
2281 1965 2574 2020 attulerunt
2614 1964 2691 2033 ⁸¹;
2741 1964 2813 2018 ita
2846 1979 2969 2019 cum
3017 1966 3193 2019 omnia
3243 1967 3452 2035 piorum

1881 2061 2156 2118 hominum
2191 2059 2442 2129 precibus
2478 2059 2772 2128 replentur,
2800 2060 2867 2114 ab
2913 2059 2995 2112 his
3041 2067 3122 2112 ter
3161 2058 3455 2112 seeieratus

1881 2155 1970 2210 ille
2007 2170 2129 2209 cum
2177 2153 2474 2207 inferorum
2529 2150 2796 2215 ducibus,
2858 2149 3070 2205 medius
3115 2151 3354 2221 cingitur
3403 2161 3453 2207 et

1881 2254 2183 2314 torquetur.
2237 2237 2509 2314 Siquidem
2566 2258 2688 2298 cum
2742 2241 2851 2296 sint
2904 2242 2982 2296 hae
3036 2256 3221 2312 preces
3265 2237 3453 2315 agiles,

1879 2338 2204 2410 quihusdam
2239 2336 2392 2406 quasi
2423 2335 2520 2390 alis
2543 2335 2722 2391 omnia
2749 2343 3064 2406 pererrant.
3347 2343 3350 2348 '

1950 2432 2029 2488 Ac
2076 2446 2142 2487 ne
2173 2431 2257 2484 his
2289 2430 2502 2499 quidem
2543 2428 2766 2493 mollito,
2793 2429 2847 2482 in
2894 2441 3017 2482 eum
3045 2427 3165 2498 pius
3193 2426 3447 2498 tanquam

1878 2524 2218 2598 eynomyiam
2257 2530 2428 2577 armat
2491 2521 2583 2576 Dei
2609 2520 2952 2575 charitatem.
3004 2511 3204 2574 Verum
3234 2529 3454 2589 prastat

1878 2616 2184 2675 sensibilem
2217 2613 2366 2685 prius
2397 2611 2600 2669 cladem
2637 2610 2885 2681 exsequi,
2921 2620 2976 2662 ut
3006 2625 3067 2665 ex
3101 2609 3330 2682 imagine
3360 2628 3454 2665 Ve-

1879 2714 2096 2770 ritatem
2125 2708 2444 2779 explicatam
2474 2717 2775 2763 statuamus
2797 2705 2861 2758 δ’.
2903 2703 2969 2760 Ut
3014 2707 3300 2779 'cynomyia
3349 2707 3454 2760 ali-

1877 2813 1990 2862 tum
2027 2803 2247 2859 minima
2299 2811 2403 2867 cst,
2435 2800 2530 2855 sed
2566 2814 2685 2867 quae
2703 2797 2822 2853 cani
2862 2797 3214 2852 intolerabile
3243 2797 3456 2867 pondus

1877 2897 2102 2961 atl'erat;
2143 2910 2262 2948 nam
2293 2889 2666 2964 illapsa'piane
2698 2891 2993 2960 inquietum
3019 2890 3223 2944 animai
3254 2890 3456 2958 reddit,

1877 3005 1977 3047 nec
2012 2989 2278 3044 volentem
2312 3000 2532 3041 currere
2558 2983 2720 3056 cogit,
2760 2997 2822 3038 ac
2851 2983 2994 3037 serio
3027 2983 3325 3038 mandenda
3355 2995 3456 3038 sua

1881 3084 2052 3156 ipsius
2084 3083 2253 3140 cauda
2286 3095 2344 3136 se
2386 3078 2680 3142 inﬂectere,
2714 3075 2986 3133 interdum
3035 3089 3165 3130 vero
3205 3076 3370 3130 etiam
3397 3074 3453 3129 in

136 3166 140 3167 ⁷
197 3163 382 3234 paleas
409 3180 626 3235 quoque
658 3167 930 3222 subtraxit
962 3167 1027 3223 ⁷⁸.
1081 3167 1172 3224 Sic
1195 3185 1318 3226 cum
1353 3172 1534 3241 homo,
1561 3174 1652 3245 qui
1692 3183 1774 3230 est
1801 3177 1846 3239 ο
1875 3187 2084 3233 terram
2131 3175 2414 3231 deciduum
2442 3171 2672 3243 gramini
2719 3170 2937 3224 assidue
2964 3165 3454 3231 aﬂricare,-muscze

204 3260 558 3314 mnstitutum
600 3259 874 3329 quoddam
918 3277 984 3316 ex
1024 3262 1204 3318 animo
1233 3274 1287 3320 et
1315 3282 1541 3336 corpore
1574 3277 1778 3340 tempe-

206 3361 541 3420 ramentum,
599 3352 921 3423 inteliigibili
969 3351 1239 3410 Pharaoni
1288 3357 1546 3428 instabat,
1582 3362 1782 3418 sineret

193 3462 256 3504 se
283 3446 544 3503 concordi
567 3447 748 3500 studio
777 3447 914 3500 citra
943 3446 1208 3502 odensam
1242 3457 1296 3504 et
1326 3453 1541 3518 putidas
1568 3454 1777 3522 cogita-

197 3543 377 3597 tiones
431 3539 532 3596 SS.
587 3538 851 3595 Deitatem
905 3542 1184 3608 venerari;
1238 3543 1653 3600 scelestissimus
1693 3547 1782 3604 ille

192 3638 336 3690 adeo
399 3649 504 3688 non
565 3643 649 3688 est
708 3649 899 3703 passus
955 3634 1226 3689 hominem
1276 3637 1341 3691 ad
1394 3639 1779 3706 perfectionem

194 3729 452 3793 evadere,
487 3738 543 3782 ut
582 3727 664 3780 vel
694 3728 884 3795 exigua
915 3726 1077 3780 etiam
1107 3728 1306 3782 virtute
1346 3728 1620 3796 aﬂ‘ectum,
1660 3741 1780 3785 tan-

198 3837 364 3892 quam
422 3819 596 3888 palea,
649 3820 1000 3888 despoliaret.
1050 3821 1235 3888 Itaque
1280 3819 1478 3875 Christi
1539 3825 1782 3877 studioso

198 3914 402 3981 cuique
444 3926 472 3964 a
518 3910 624 3964 Deo
654 3911 777 3965 data
821 3920 903 3965 est
950 3911 1030 3964 vis
1062 3911 1250 3964 decem
1289 3911 1470 3966 clades
1516 3912 1778 3968 inl‘etendi

198 4007 330 4062 huic
363 4003 635 4058 Pharaoni
668 4002 1009 4070 ittteliigibiii.

272 4096 421 4164 Quas
473 4097 764 4151 observate
827 4109 1012 4163 porro,
1071 4104 1122 4149 et
1183 4093 1436 4163 utrinque
1499 4111 1778 4150 numerum

200 4191 354 4247 inite.
387 4188 853 4257 Quemadmodum
892 4186 1002 4241 illic
1040 4187 1326 4242 obﬁrmato
1356 4187 1638 4244 Pharaone
1668 4188 1784 4243 Mo-

196 4301 290 4342 res
331 4297 530 4353 aquam
562 4282 621 4336 in
665 4282 985 4350 sanguinem
1037 4290 1352 4333 conversam
1408 4279 1473 4346 ",
1518 4279 1785 4350 [Egyptiis

199 4377 426 4431 minime
469 4373 658 4428 utilem
706 4371 974 4434 reddidit;
1010 4370 1081 4425 ita
1126 4370 1212 4424 hic
1245 4369 1455 4426 Christi
1502 4376 1789 4428 mandato-

199 4481 326 4520 rum
363 4463 642 4518 studiosus
669 4474 808 4529 aqua
843 4459 1040 4514 divinae
1074 4460 1294 4529 piscinae
1323 4470 1466 4516 totus
1504 4462 1783 4527 lustratus,

201 4555 440 4623 inferni,
510 4562 566 4609 et
633 4552 985 4622 intelligibiiis
1049 4551 1348 4608 Pharaonis
1403 4554 1569 4609 duces
1627 4564 1785 4624 atque

199 4652 506 4718 stipatores
531 4648 862 4716 impotentes
897 4645 1090 4709 reddit,
1134 4660 1204 4701 ne
1241 4645 1528 4717 voluptatis
1560 4649 1685 4700 vitia
1722 4664 1786 4701 ex

199 4740 396 4795 innato
435 4739 650 4807 corpori
707 4738 971 4811 sanguine
1025 4738 1090 4793 ad
1132 4751 1192 4792 se
1233 4738 1499 4794 derivent.
1546 4739 1788 4810 Cumque

198 4833 318 4888 illic
347 4832 624 4887 sensibilis
649 4833 706 4886 in
732 4831 1035 4900 impietate,
1074 4831 1162 4884 hic
1193 4829 1552 4899 intelligibilis
1581 4831 1788 4887 Pharao

198 4928 260 4981 In
305 4925 515 4980 malitia
555 4926 892 4995 persisteret,
931 4924 1009 4978 uti
1039 4935 1151 4978 tum
1198 4941 1293 4995 per
1327 4924 1532 4993 Mosen,
1571 4927 1788 4999 Egypti

199 5020 386 5075 solum
424 5035 582 5074 ranas
613 5019 838 5090 protulit
873 5017 958 5087 7°;
989 5020 1062 5074 ita
1106 5035 1248 5074 nunc
1271 5018 1471 5074 Christi
1515 5025 1793 5076 studiosus

201 5113 515 5170 concitatas
537 5121 590 5166 et
619 5111 816 5166 noxias
836 5111 1192 5180 cegitationes
1219 5127 1287 5166 ex
1317 5111 1499 5166 animo
1521 5113 1790 5179 amolitus,

203 5222 399 5262 earum
455 5205 648 5260 foetore
693 5203 1085 5275 intelligibiiem
1137 5204 1473 5260 Pharaonem
1530 5203 1794 5260 suiI‘ocare

206 5298 430 5354 nititur.
478 5294 688 5366 Quippe
740 5295 794 5351 in
850 5310 1082 5364 quorum
1138 5295 1418 5350 hominum
1470 5297 1666 5352 animis
1712 5298 1792 5352 lue

285 5522 333 5555 "
368 5522 536 5578 Exod.
568 5538 622 5586 ν,
661 5521 717 5574 2.
791 5519 836 5552 ⁷³
875 5519 1017 5574 Psai.
1062 5537 1218 5586 xxttt,
1263 5521 1314 5585 9,
1358 5521 1443 5576 I0.
1515 5523 1561 5554 "
1605 5521 1772 5577 Exod.
1809 5535 1864 5582 γ,
1895 5521 1950 5578 7.

595 5594 642 5624 ”
684 5593 823 5647 Psal.
868 5608 918 5656 c,
957 5593 1009 5646 8.
1083 5594 1128 5624 ³¹
1172 5594 1339 5648 Exod.
1379 5608 1504 5662 ult,
1543 5592 1634 5649 24.
1710 5591 1754 5625 ⁸¹

1881 5595 1928 5648 LI.
1972 5592 2058 5650 I7.
2131 5593 2179 5626 ⁸³
2229 5592 2392 5648 Exod.
2435 5609 2518 5656 rx,
2561 5592 2611 5646 6.
2689 5589 2738 5622 “
2771 5592 2929 5649 Prov.
2973 5607 3048 5658 γι,
3089 5588 3272 5646 50-52.

208 5605 427 5661 xxxvn,
466 5593 524 5650 6.

286 5797 404 5863 (2‘2)
449 5798 586 5856 Vitio
616 5798 872 5854 Nananz.
906 5799 1328 5856 adClcdonium.

1883 3280 2083 3326 coetum
2122 3281 2186 3322 ac
2219 3265 2602 3322 commercium
2638 3261 2782 3315 nullo
2833 3261 2992 3316 modo
3025 3259 3282 3315 ferentem
3315 3277 3330 3314 :
3364 3258 3454 3312 iti-

1883 3361 2006 3417 dem
2065 3368 2120 3415 et
2165 3360 2283 3430 pios
2345 3357 2604 3413 adversus
2668 3352 3059 3421 intcliigihilem
3116 3350 3456 3407 Pharaonem

1884 3452 2168 3511 charitatis
2227 3464 2374 3504 arma
2436 3447 2672 3518 expedit.
2703 3445 2851 3511 Quod
2907 3443 2952 3500 si
3011 3442 3210 3499 animal
3265 3442 3459 3512 reptile

1877 3559 2086 3604 muscae
2111 3541 2492 3598 commercium
2521 3543 2781 3594 detrectat
2807 3555 2822 3603 ;
2849 3547 3051 3606 quanto
3083 3535 3251 3605 magis
3276 3534 3457 3589 chari-

1883 3641 2014 3696 tatis
2035 3637 2141 3693 vim
2164 3634 2273 3692 odii
2301 3631 2631 3690 architectus
2654 3629 2922 3686 diabolus?
2943 3628 3124 3698 Neque
3145 3629 3288 3683 enim
3311 3628 3456 3685 ferre

1884 3731 2106 3788 omnino
2154 3736 2352 3800 potest,
2377 3725 2468 3792 qui
2520 3733 2604 3779 est
2657 3724 2770 3792 ipsa
2821 3721 2979 3793 quasi
3031 3729 3220 3775 natura
3252 3719 3454 3784 invida.

1884 3823 2270 3889 hominumque
2301 3833 2447 3883 osor,
2479 3831 2578 3870 nos
2600 3815 2883 3869 inferiores
2916 3827 3080 3883 supra
3109 3819 3315 3876 tenere,
3340 3811 3458 3880 ipse

1882 3933 1913 3974 e
1955 3913 2172 3970 sublimi
2206 3913 2406 3978 lapsus,
2438 3921 2489 3965 et
2517 3908 2754 3964 tenebras
2785 3923 2882 3979 pro
2919 3908 3036 3961 luce
3065 3904 3308 3961 eﬂ‘ectus.
3347 3904 3456 3960 Sed

1886 4008 1950 4063 iis
1981 4005 2136 4061 malis
2162 4003 2420 4059 multatus
2453 4003 2588 4056 adeo
2624 4000 2940 4070 pudefactus
2975 4009 3090 4054 non
3121 4000 3349 4076 quievit,
3397 4008 3460 4054 ut

1883 4098 2126 4166 asperior
2178 4095 2338 4150 etiam
2373 4095 2615 4150 redditus
2641 4091 2732 4148 sit.
2768 4092 2957 4162 Itaque
3004 4091 3112 4147 illic
3147 4091 3458 4159 quadrupe-

1887 4191 2011 4245 dum
2041 4199 2247 4257 strages
2275 4185 2497 4252 l'acta”;
2528 4185 2611 4240 hic
2631 4184 2834 4253 jejunio
2858 4183 3084 4238 beliuina
3107 4190 3268 4253 atque
3299 4183 3457 4238 bruta

1888 4285 2052 4340 animi
2084 4285 2210 4339 vitia
2247 4294 2539 4354 prosarata.
2576 4282 2710 4337 Sunt
2746 4284 2896 4335 enim
2933 4280 3083 4345 vitia,
3106 4295 3224 4349 quae
3250 4281 3458 4333 ratione

1886 4383 1939 4430 et
1967 4376 2118 4440 ﬂant,
2152 4385 2206 4430 et
2232 4386 2506 4440 curentur,
2558 4388 2886 4442 rursumque
2932 4386 2961 4424 a
3009 4372 3217 4425 ratione
3281 4371 3454 4425 aliena

1889 4478 1942 4523 et
1973 4467 2312 4533 incurabilia,
2347 4466 2799 4536 quemadmodum
2850 4452 3456 4533 Salomonis-sapientia

1892 4562 2131 4616 declarat
2157 4561 2211 4617 in
2243 4566 2355 4616 haec
2407 4561 2565 4616 verba
2593 4577 2607 4614 :
2651 4577 2668 4610 ι
2706 4557 2792 4612 Fit
2824 4559 2969 4612 enim
3002 4567 3062 4612 ut
3092 4556 3458 4626 deprehensus

1893 4654 1979 4708 fur
2011 4653 2220 4707 furatus
2249 4665 2340 4716 διε,
2373 4661 2427 4704 ut
2453 4649 2774 4705 esurientem
2807 4649 3026 4718 impleat
3049 4649 3282 4704 animam
3323 4665 3336 4703 :
3367 4651 3455 4720 qui

1892 4756 2070 4800 autem
2108 4743 2315 4798 adulter
2367 4752 2467 4806 est,
2497 4751 2717 4810 propter
2749 4741 2932 4795 cordis
2981 4741 3240 4812 inopiam,
3269 4741 3475 4811 perdet.

1892 4841 2126 4894 animam
2160 4853 2314 4892 suam
2345 4836 2411 4891 “.
2455 4855 2472 4888 ι
2505 4840 2680 4905 Atque
2731 4835 2840 4888 tilic
2881 4843 2938 4888 ut
2994 4845 3114 4905 post
3163 4837 3457 4905 cynomyéae

1891 4928 2560 4999 cladem,‘quadrupedum
2609 4927 2850 4980 omnium
2910 4925 3205 4980 internecio
3247 4936 3329 4979 est
3368 4923 3454 4978 se-

1891 5033 2046 5090 cuta;
2085 5025 2151 5076 ita
2181 5031 2296 5092 post
2319 5021 2580 5092 jejunium
2617 5021 2720 5083 hic,
2759 5019 3110 5072 beiiuinorum
3148 5028 3309 5085 atque
3329 5018 3455 5070 hru-

1891 5124 2064 5167 torum
2095 5114 2342 5167 vitiorum
2392 5112 2674 5174 interitus;
2719 5126 2837 5178 quae
2862 5110 3077 5175 quidem
3125 5107 3271 5161 nuilo
3319 5123 3456 5174 prac-

1891 5205 2115 5262 sentiori
2166 5203 2422 5269 remedio,
2458 5217 2616 5270 quam
2639 5202 2846 5271 jejunio
2884 5215 2946 5254 ex
2983 5199 3163 5252 animo
3196 5197 3457 5252 extermi-

1893 5309 2109 5356 nantttr.

2026 5521 2070 5553 "
2110 5523 2278 5577 Exod.
2322 5537 2416 5586 vn,
2464 5522 2546 5574 l7.
2621 5519 2667 5552 ⁷⁸
2709 5520 2874 5574 Exod.
2919 5536 3034 5583 vm,
3066 5518 3119 5573 5.
3229 5519 3276 5551 τ’
3312 5517 3456 5574 Psai.
