4082 6294
523 297 634 362 839
1721 288 2154 354 ANDRONICI
2189 288 2543 353 COMNENI
3680 290 3777 356 840

604 411 802 466 Verum
836 425 1012 482 neque
1038 411 1138 466 hoc
1165 410 1307 465 facto
1339 405 1598 464 scelestus
1617 402 1832 460 Pharao
1860 403 2113 473 resipuit.
2144 409 2193 468 Α
2221 420 2417 476 corpus
2446 420 2660 463 omnem
2699 416 2965 461 terrarum
2996 404 3180 462 orbem
3196 403 3262 459 ab
3294 403 3607 475 ignorantia:
3640 415 3777 462 tene-

524 508 705 574 Quare
762 506 871 561 illic
932 505 1151 576 quidem
1209 500 1435 571 pustulae
1497 499 1768 552 ferventes
1819 494 2122 564 (maleficos
2225 500 2338 555 bris
2367 499 2432 554 ad
2462 497 2555 552 Dei
2591 496 2995 552 notitiarlumen
3031 495 3230 552 erudit.
3261 497 3433 565 Atque
3473 496 3596 552 illuc
3624 513 3782 567 popu-

522 595 900 666 lorquebant),
958 594 1047 648 hic
1085 588 1310 663 impium
1352 588 1645 643 intestinus
1675 585 1850 654 ignis;
1893 593 1945 638 et
1971 582 2125 636 ﬂum-
2228 591 2310 645 Ius
2343 590 2564 657 trajecto
2599 589 2732 643 mari
2768 587 2975 655 Rubro,
3011 588 3266 659 Aﬁgypm,
3297 589 3522 658 ejusque
3567 589 3781 658 principi

533 702 675 740 mam
708 700 922 739 omnem
958 699 1217 750 superans
1248 681 1417 746 zelus,
1455 680 1507 733 itt
1537 677 1879 733 Pharaonem
1922 674 2125 728 ittteIIi-
2227 679 2495 736 Pharaoni
2522 679 2758 748 elapsus,
2799 680 2995 734 fastum
3026 680 3257 751 agitans,
3288 681 3604 747 promissam
3639 693 3787 747 porro

525 778 749 850 g‘bilem
782 774 1081 843 insurgil”
1117 789 1132 838 ἱ
1169 771 1465 827 secundum
1520 768 1911 840 Philosophum
1943 766 2128 821 άίεθη·
2229 785 2428 831 terram
2453 789 2550 844 pro
2583 774 2718 829 viris
2760 775 3012 829 invadere
3065 774 3297 842 sategit;
3329 773 3416 827 hic
3449 772 3672 827 mundus
3705 787 3793 842 per

528 887 637 926 tem
682 868 840 938 (-25):
879 866 1018 921 Iram
1066 867 1116 920 in
1152 865 1323 919 solum
1383 872 1695 932 serpentem
1735 866 1971 926 ;exerce.
2004 857 2123 912 Jam
2230 867 2565 921 Dominicum
2599 866 2917 934 sanguinem
2970 873 3023 919 et
3068 879 3263 935 aquam
3312 864 3431 918 diro
3464 878 3527 919 ac
3575 876 3795 930 scquace

536 973 685 1024 νεῖον
720 967 778 1011 υι
820 956 929 1011 “ne
973 953 1216 1010 δθηείδηί
1244 954 1547 1016 Pharao“,
1582 952 1845 1022 Promissa
1884 963 2001 1018 qua?
2031 949 2125 1003 de‘
2228 965 2474 1029 peccato,
2503 965 2556 1011 et
2581 958 2884 1021 Pharaone,
2913 958 3112 1010 acerbo
3148 966 3308 1026 atque
3337 954 3591 1010 invisibili
3628 965 3800 1025 tyran-

529 1052 724 1117 disset,
772 1049 1008 1112 fallente,
1065 1047 1269 1118 grando
1313 1059 1433 1099 cum
1492 1043 1601 1114 igni
1654 1042 1895 1106 exstilii;
1930 1039 2001 1094 ila
2039 1038 2128 1092 hic
2228 1065 2321 1118 no,
2355 1065 2476 1104 cum
2503 1049 2716 1104 acerbis
2747 1048 3116 1113 exactoribus,
3150 1048 3431 1113 liberatus,
3465 1047 3656 1101 itinere
3685 1054 3800 1100 tau-

536 1157 752 1211 quoque
809 1139 1151 1208 intelligibili,
1188 1137 1279 1206 qui
1327 1150 1355 1190 a
1401 1134 1487 1205 pio
1537 1118 1780 1204 deiectus
1829 1140 1996 1194 esset,
2047 1127 2127 1183 fu-

2229 1158 2390 1212 quam
2427 1141 2761 1213 postliminio
2787 1144 2852 1195 ad
2882 1141 3159 1196 cmlestem
3187 1143 3445 1195 mundum
3477 1139 3801 1204 adornando,

531 1246 711 1298 rente,
751 1233 916 1288 divini
965 1233 1103 1299 ignis
1157 1243 1420 1298 perennes
1454 1228 1506 1282 in
1557 1229 1736 1280 animo
1779 1224 2047 1291 scintillze,
2075 1233 2128 1279 et
2231 1231 2458 1288 Domino
2511 1233 2621 1287 Deo
2666 1241 2850 1287 nostro
2875 1232 2987 1303 (24)
3032 1231 3273 1287 liberalia
3319 1234 3450 1302 agit,
3482 1246 3590 1286 non
3638 1243 3802 1284 tamen

537 1325 674 1394 iugis
707 1323 879 1378 imber
912 1323 1272 1392 lacrymarum
1322 1336 1387 1374 ex
1431 1319 1602 1374 oculis
1636 1318 1812 1373 ﬂuens
1855 1331 1918 1370 ac
1944 1325 2128 1371 8031"“
2232 1326 2594 1397 improbitatis
2646 1327 2971 1396 malitiazque
3016 1325 3302 1394 fermento,
3361 1327 3455 1382 sed
3505 1327 3807 1382 sinceritate

541 1417 689 1470 rieus
739 1413 971 1470 exstitit.
1007 1412 1140 1466 Nam
1190 1410 1649 1481 quemadmodum
1681 1408 1964 1465 settsibiles
1996 1422 2126 1462 ocu-
2231 1434 2292 1473 ac
2326 1419 2578 1488 puritate,
2620 1413 2775 1490 quas;
2822 1420 3147 1490 quibusdam
3193 1420 3422 1488 panibus
3462 1420 3806 1475 ίηῑετηιεηιε-

536 1511 712 1564 lorum
760 1510 972 1580 pupilla:
1001 1508 1257 1575 ealigant,
1294 1505 1422 1565 fumi
1486 1505 1840 1559 acrimoniam
1899 1519 2008 1558 non
2049 1503 2126 1556 ΓΘ·
2232 1511 2325 1574 tis.
2365 1509 2495 1564 nihil
2528 1509 2864 1580 Aﬁgyptiacae
2887 1523 3047 1582 atque
3078 1511 3255 1582 impia:
3285 1525 3476 1566 massae
3501 1498 3805 1582 exportans.

543 1611 750 1668 rentes,
789 1613 953 1672 atque
1010 1601 1132 1654 ideo
1183 1603 1589 1668 lacrymantur;
1634 1599 1705 1651 ita
1764 1594 2128 1663 intelligibilcs
2231 1602 2368 1659 Tum
2402 1603 2614 1659 Pharao
2650 1606 2861 1676 insequi
2904 1621 3087 1671 ausus,
3123 1620 3245 1661 cum
3278 1608 3423 1661 omni
3450 1589 3693 1664 e'xercim
3722 1609 3808 1662 de.

542 1695 747 1748 mentis
801 1693 968 1756 oculi,
1003 1692 1210 1762 peccati
1266 1691 1562 1746 acrimonia
1613 1689 1775 1743 morsi
1798 1729 1814 1754 ,
1857 1689 2124 1743 internam
2158 1752 2198 1767 ἢ
2233 1697 2372 1753 lctus
2397 1685 2481 1752 es],
2514 1716 2529 1754 ε
2565 1698 2749 1752 itidem
2776 1709 2830 1752 et
2865 1697 3184 1767 illlelligibili
3223 1697 3504 1754 Pharaone
3537 1699 3590 1752 in
3624 1698 3810 1754 Serva.

535 1783 957 1838 sollicitudinem
1018 1794 1178 1852 atque
1265 1780 1697 1836 emendationem
1761 1779 2122 1850 Iacrymarutn
2158 1752 2200 1808 Β
2234 1800 2407 1847 iorem
2440 1806 2620 1847 meum
2650 1792 2934 1862 insurgere
2984 1806 3144 1856 auso,
3177 1791 3599 1862 intelligihilium
3625 1790 3811 1846 draco-

542 1875 760 1933 deﬂuxu
796 1887 1081 1931 testantur.
2231 1901 2362 1940 num
2393 1885 2570 1954 capita
2598 1900 2694 1955 per
2715 1900 2926 1940 sacram
2956 1887 3274 1943 tinctionem
3298 1886 3577 1941 confracta
3612 1886 3810 1940 sunt".

619 1988 723 2044 Sed
757 1989 822 2043 iis
870 1989 1034 2042 rebus
1083 1998 1316 2057 utroque
1365 1986 1652 2042 obfirmato
1683 1997 1956 2052 manente,
1995 1998 2131 2055 opus
2232 1976 2291 2034 Id
2320 1979 2463 2035 enim
2493 1987 2547 2035 et
2582 1993 2811 2052 magnus
2843 1979 2931 2035 ille
2962 1979 3161 2036 Paulus
3201 1980 3254 2036 in
3308 1981 3448 2036 hanc
3491 1980 3812 2035 sententiain

551 2094 673 2138 erat
702 2097 863 2150 porro
888 2082 951 2135 ad
1003 2081 1208 2151 frugem
1259 2080 1381 2136 aliis
1432 2091 1694 2150 prmterea
1741 2080 2009 2144 cladibus,
2049 2088 2128 2144 ut,
2233 2070 2496 2142 praedicat
2531 2087 2548 2126 :
2589 2090 2608 2124 ‹
2656 2071 2789 2127 Nolo
2837 2086 2931 2128 vos
2981 2072 3255 2142 ignorare,
3306 2072 3530 2138 fratres,
3573 2073 3812 2140 queuiam

546 2175 642 2244 qui
693 2173 970 2229 beneficiis
1023 2170 1197 2227 aﬂ‘ecti
1245 2187 1354 2226 non
1403 2186 1460 2226 se
1499 2180 1679 2239 gratos
1728 2169 2132 2241 praestitissent,
2234 2173 2418 2232 patres
2468 2163 2640 2219 nostri
2694 2179 2888 2220 omnes
2925 2166 3027 2222 sub
3068 2166 3210 2221 nube
3254 2166 3493 2230 fuerunt,
3539 2176 3594 2222 et
3642 2182 3818 2222 omnes

552 2265 677 2336 plus
726 2267 1155 2336 castigarentur;
1191 2274 1247 2320 et
1295 2265 1569 2335 castigati,
1603 2279 1671 2320 ex
1721 2265 1786 2319 iis
1841 2277 1960 2332 qua:
1986 2271 2135 2334 pate-
2238 2270 2388 2310 mare
2421 2256 2775 2321 transierunt,
2805 2264 2860 2312 et
2890 2273 3080 2314 omnes
3109 2259 3165 2314 in
3202 2258 3351 2316 Mose
3389 2261 3654 2330 baptizati
3703 2267 3817 2316 sunt

551 2368 762 2422 rentur,
800 2358 1045 2411 divinam
1088 2359 1196 2411 vim
1246 2364 1623 2428 agnoscerent.
1671 2357 1840 2428 Igitur
1879 2370 2002 2411 cum
2033 2369 2135 2410 nec

2235 2343 2290 2400 in
2316 2347 2459 2402 nube
2492 2356 2551 2402 et
2580 2348 2632 2402 in
2661 2349 2796 2405 mari
2828 2350 2898 2403 θ’.
2929 2367 2949 2402 ι
2985 2348 3122 2404 Nam
3156 2363 3213 2405 ut
3251 2350 3431 2408 Moses
3471 2354 3728 2423 pupulum
3771 2353 3815 2407 iu

552 2450 742 2505 afﬂicti
799 2461 1177 2520 agnoscerent,
1219 2450 1401 2504 addita
1451 2449 1672 2505 locustae
1719 2450 2001 2506 calamitas
2030 2459 2130 2514 est,

2236 2437 2557 2507 promissam
2591 2444 2792 2494 terram
2833 2439 3090 2497 inducere
3119 2451 3204 2498 est
3251 2445 3585 2513 prohibitus,
3613 2454 3817 2516 propter

550 2558 672 2614 quae
702 2529 964 2613 quidquid
1020 2551 1125 2597 tota
1159 2541 1391 2614 Aigypto
1427 2542 1598 2598 viride
1641 2550 1808 2608 esset,
1849 2555 2134 2598 consume-

2242 2525 2358 2584 leve
2401 2528 2673 2598 quoddam
2718 2546 2967 2586 murmur
3015 2531 3188 2603 (num,
3225 2536 3450 2605 putatis,
3479 2537 3683 2607 inquit,
3711 2554 3728 2588 ι
3763 2537 3818 2590 de

551 2645 654 2691 ret.
688 2636 766 2689 Ac
809 2634 982 2690 Moses
1015 2634 1235 2703 quidem
1294 2634 1558 2688 locustam
1602 2635 1801 2690 excivit
1823 2635 1894 2702 ⁸⁶;
1927 2645 1981 2690 at
2015 2638 2134 2706 pius

2238 2628 2390 2689 petra
2415 2620 2515 2675 hac
2541 2621 2695 2676 vobis
2726 2635 2921 2692 aquam
2945 2624 3243 2692 poterimus
3272 2625 3470 2681 elicere
3492 2627 3544 2660 ’³
3567 2628 3634 2682 ii
3663 2627 3704 2699 ),
3738 2627 3817 2682 sed

553 2726 790 2779 iucunda
820 2724 968 2779 omni
1005 2724 1132 2778 vita:
1156 2723 1392 2779 duritate
1427 2739 1643 2779 onmem
1687 2727 1928 2797 corporis
1962 2743 2136 2784 venu-
2238 2725 2357 2766 eam
2387 2726 2484 2782 Per
2519 2712 2748 2768 νίοπίοε
2785 2714 3070 2784 "Diniam
3110 2723 3164 2770 θῑ
3196 2732 3531 2785 Cognoscere
3564 2719 3818 2784 minii";

552 2826 747 2870 statem
788 2816 1007 2886 frangit.
1052 2813 1188 2870 Nam
1236 2824 1293 2869 ut
1326 2815 1437 2870 illic
1489 2815 1738 2872 viriditas
1781 2818 2005 2874 locustis
2036 2835 2134 2889 pa-

2240 2806 2322 2862 sic
2373 2806 2612 2862 Adamus
2650 2807 2746 2863 Dei
2798 2821 3070 2882 praecepto
3116 2827 3223 2868 non
3277 2814 3588 2883 subnixus,
3633 2815 3817 2886 ample-

555 2911 742 2964 hulum
776 2918 880 2975 est,
920 2909 993 2964 ita
1025 2909 1116 2963 hic
1147 2909 1397 2980 corporis
1421 2918 1674 2965 venustas
1721 2910 1898 2967 brutis
1929 2912 2138 2968 affecti-

2244 2900 2404 2953 tendo
2433 2899 2704 2969 serpentis
2723 2902 2971 2970 consilio,
2991 2904 3355 2960 immortalem
3387 2907 3554 2960 vitam
3583 2908 3817 2978 perdidit.

555 3001 678 3056 bus.
713 3003 887 3071 Atque
922 3001 1144 3056 interim
1186 3002 1459 3056 obstinato
1495 3017 1706 3057 rursum
1744 3002 2052 3072 Pharaone,
2083 3007 2135 3060 in

2242 2990 2412 3061 Igitur
2441 2991 2550 3047 illic
2599 2991 2783 3059 Jesus,
2836 2991 2985 3050 Nave
3023 2995 3188 3060 ﬁlius,
3219 2996 3490 3054 Israelitas
3535 3000 3591 3054 in
3639 3009 3819 3057 terram

558 3091 852 3162 ﬂgyptum
889 3091 1013 3146 aliis
1051 3107 1267 3163 quoque
1314 3092 1558 3147 cladibus
1597 3095 1838 3148 saevitum
1873 3105 1977 3161 est,
2011 3096 2170 3160 sub-l

2208 3083 2564 3164 promissam
2601 3084 2816 3140 induxit
2860 3088 3077 3157 salvos;
3131 3088 3219 3142 hic
3255 3091 3440 3145 aeterni
3491 3100 3554 3148 et
3605 3093 3820 3149 exsertis

555 3185 827 3252 ductaque
854 3182 974 3237 luce
1003 3182 1235 3238 tenebrae
1274 3183 1585 3239 tractabiles
1612 3183 1844 3241 inductae
1865 3184 1937 3239 ".
1955 3185 2024 3239 At
2061 3184 2147 3241 hic
2248 3179 2498 3252 principii
2524 3179 2703 3239 Patris
2742 3181 2932 3250 Filius,
2965 3197 3118 3239 meus
3151 3180 3304 3238 amor
3327 3182 3518 3254 Iesus,
3561 3195 3823 3256 assumpto

557 3277 701 3347 pius,
739 3276 825 3344 qui
860 3275 1157 3329 exteriores
1191 3275 1441 3330 tenebras
1478 3273 1818 3346 reformidat,
1850 3277 2148 3334 scelerum-
2248 3271 2444 3326 Adami
2474 3282 2924 3344 temperamento,
2950 3275 3054 3331 sibi
3081 3275 3366 3331 credentes
3392 3277 3445 3331 in
3472 3279 3750 3335 caelestem
3769 3291 3823 3334 ac

556 3381 664 3437 que
697 3367 1066 3435 lippitudinem
1100 3381 1167 3421 ex
1198 3366 1398 3431 animo,
1432 3365 1526 3421 Dei
1553 3368 1761 3422 notitiae
1791 3383 1928 3438 aqua
1949 3368 2143 3435 diluit;
2247 3377 2540 3431 porennem
2616 3362 3045 3436 Hierosolymam
3103 3367 3371 3436 perduxit.
3433 3367 3663 3426 VidiStia
3709 3369 3823 3427 olim

563 3461 826 3532 principis
857 3462 1310 3530 sempiternumque
1334 3459 1472 3515 lucis
1511 3461 1695 3516 radios
1725 3477 1890 3531 puros
1920 3462 2139 3531 accipit.
2249 3451 2472 3523 θευτεε.
2507 3469 2651 3510 nunc
2677 3471 2794 3510 rem
2828 3472 3012 3511 Veram
3047 3461 3272 3515 cernite.

563 3556 672 3609 Sed
721 3554 787 3607 ad
836 3565 1148 3622 utrumque,
1196 3567 1322 3606 cum
1359 3555 1869 3624 tergiversarcntur,
1899 3554 2144 3611 cladibus
2810 3550 3039 3606 CAPUT
3078 3551 3272 3608 XXIX.

560 3647 1008 3711 terrendum,illa
1046 3648 1261 3701 tandem
1295 3646 1486 3703 ordine
1518 3650 1734 3717 quidem
1770 3658 2030 3716 extrema,
2052 3649 2147 3705 sed
2568 3639 2678 3697 Cur
2709 3643 2803 3698 Dei
2831 3642 3008 3700 Filius
3036 3647 3192 3701 homo
3224 3649 3399 3716 [actus
3434 3650 3531 3706 sit.

560 3754 683 3808 qua
708 3738 896 3793 dolore
925 3751 988 3791 ac
1019 3736 1359 3792 vehementia
1386 3737 1545 3792 facile
1579 3740 1748 3808 prima
1775 3749 1938 3805 esset,
1965 3743 2020 3796 id
2042 3748 2144 3805 est,
2317 3728 2441 3787 JUD-
2474 3731 2617 3790 Belle
2655 3743 2711 3790 el
2738 3747 3108 3796 consentanee
3148 3740 3244 3798 Dei
3295 3742 3435 3799 vatis
3471 3747 3694 3802 oracula
3745 3761 3827 3802 su-

566 3830 1052 3901 pritnogenitorum
1102 3844 1252 3887 mors
1311 3830 1640 3885 succedit“.
1702 3825 1879 3900 Atque
1929 3843 1986 3887 ut
2034 3833 2146 3888 illic
2249 3827 2397 3883 blimi
2440 3844 2603 3886 sensu
2640 3835 2923 3903 aperuisti,
2968 3853 3200 3909 vereque
3239 3842 3488 3910 antiquas
3530 3845 3822 3898 futurorum

562 3923 718 3992 plaga
750 3922 865 3976 haec
911 3931 1187 3990 postrema
1222 3922 1566 3977 Pharaonem
1602 3921 1798 3993 p0pulo
1834 3925 2144 3979 missionem
2250 3923 2472 3980 umbras
2504 3936 2560 3979 et
2592 3927 2790 3996 figuras
2823 3928 3076 3987 docuisti.
3127 3933 3235 3989 Sed
3265 3950 3386 4006 quae
3411 3945 3496 3993 est
3526 3948 3707 3994 autem
3738 3953 3821 3994 ne-

516 4083 519 4087 .
564 4011 747 4067 facere
778 4012 973 4080 coegit,
996 4015 1061 4065 ad
1091 4011 1376 4066 colendum
1405 4013 1572 4066 Deum
1605 4013 1892 4081 procul,ac
1919 4016 2143 4071 seorsim
2249 4015 2497 4082 cessitas,
2527 4031 2706 4086 quave
2737 4023 2911 4091 gratia
2954 4022 3048 4078 Dei
3079 4022 3276 4082 Filium
3328 4028 3607 4086 hominem
3638 4032 3822 4086 factum

565 4122 595 4158 ο
631 4104 971 4158 deaxtrorum
999 4106 1192 4166 sacris.
1216 4112 1271 4159 et
1290 4104 1680 4171 cadaveribus;
1717 4106 1790 4160 ita
1824 4107 1911 4162 hic
1932 4121 2146 4177 quoque
2248 4104 2473 4162 dicitis?

564 4206 833 4263 postrema
881 4193 1271 4265 intelligibilem
1320 4193 1662 4250 Pharaonem
1721 4197 2005 4266 compulit,
2050 4211 2146 4252 ex-
2319 4201 2545 4258 Cuntsr.
2575 4204 2730 4271 Quod
2774 4205 2819 4262 si
2868 4209 3114 4275 omnino,
3150 4212 3507 4282 quamobrem
3541 4214 3684 4273 Deus
3722 4229 3825 4270 ccc-

565 4284 766 4354 templo
796 4286 941 4354 pium
971 4285 1153 4339 sinere
1199 4282 1301 4340 SS.
1325 4284 1650 4341 Trinitatem
1685 4289 1960 4353 venerari,
1991 4287 2147 4359 longe
2249 4291 2412 4350 Iestes
2444 4295 2650 4365 copias,
2681 4308 2735 4352 et
2763 4299 3030 4356 Adamum
3063 4304 3355 4369 creaverit,
3389 4321 3485 4362 vos
3531 4309 3821 4378 exponens.

564 4375 1083 4433 aconcitatisnoxiis
1108 4375 1529 4447 cogitationibus
1560 4379 1925 4434 remotum.Et
1952 4396 2145 4450 quem-
2179 4452 2219 4469 ﬁ
2250 4381 2412 4440 facile
2446 4396 2522 4454 et.
2544 4384 2811 4458 Unigeniti
2849 4391 3281 4449 incarnationem
3313 4375 3617 4467 explorate
3638 4414 3824 4469 cogno-

563 4469 855 4523 admodum
935 4469 1084 4523 illum
1145 4470 1213 4524 ad
1279 4485 1471 4525 omnes
1547 4472 1729 4526 clades
1787 4452 2460 4540 obstinatum,Dveritis.

564 4561 1046 4631 primogenitorum
1103 4562 1358 4617 interitus
1415 4562 1642 4618 emolliit
1694 4575 1748 4619 et
1797 4563 2040 4633 inﬂexit;
2078 4566 2151 4620 ita
2326 4565 2574 4625 Jun.Per
2600 4570 2916 4640 bonitatem,
2944 4583 2998 4629 et
3022 4575 3218 4642 solam,
3241 4579 3480 4636 universi
3509 4586 3822 4640 creationem

566 4653 929 4721 huncfraugit
954 4668 1017 4707 ac
1043 4653 1287 4707 debilitat
1317 4653 1483 4708 animi
1512 4656 1838 4722 submissio;
1870 4657 2015 4712 omni
2037 4655 2154 4727 ejus
2255 4662 2422 4716 Deum
2479 4664 2691 4728 fecisse,
2745 4681 2811 4722 ex
2861 4669 3198 4737 sapientibus
3256 4675 3458 4730 nostris
3511 4677 3822 4741 didicimus;

569 4745 906 4817 primogenio
943 4748 1096 4810 vitio,
1132 4747 1184 4800 id
1207 4757 1310 4811 est,
1335 4748 1644 4815 arrogantia
1675 4755 1839 4817 atque
1886 4748 2023 4803 fastu
2055 4764 2155 4803 ex—
2257 4770 2382 4809 nam
2420 4756 2470 4809 in
2507 4757 2720 4812 Davidis
2766 4757 2996 4816 Psalmis
3029 4763 3143 4818 haec
3172 4776 3298 4819 sunt
3329 4769 3490 4822 verba
3521 4787 3536 4822 :
3580 4788 3598 4819 ‹
3635 4768 3826 4824 Secun-

566 4843 786 4896 stincto.
815 4842 1082 4896 Caeterum
1113 4849 1315 4893 mutata
1344 4839 1634 4906 sententia,
1661 4856 1782 4895 cum
1815 4841 2096 4895 dimissum
2121 4857 2152 4895 a
2258 4849 2384 4903 dum
2421 4849 2845 4905 misericordiam
2893 4862 3037 4908 tuam
3091 4867 3360 4912 memento
3390 4861 3493 4914 mei
3549 4871 3602 4914 tn
3623 4861 3686 4913 ⁸⁵.
3717 4880 3735 4911 ι
3765 4859 3825 4913 Et

567 4948 628 4986 se
677 4935 935 5003 pepulum
976 4942 1415 5001 persequerelur.
1449 4931 1614 4998 Deus.
1643 4933 1787 4987 M050
1842 4944 2148 5002 sequestro.
2260 4957 2492 4997 rursus:
2528 4963 2546 4995 ‹
2579 4942 2763 5000 Dulcis
2817 4955 2870 5000 et
2914 4960 3093 5002 rectus
3145 4950 3422 5019 Dominus,
3467 4965 3685 5024 propter
3733 4956 3824 5008 hoc

567 5037 731 5079 noctu
767 5026 911 5094 igne,
948 5023 1183 5080 interdiu
1216 5026 1359 5078 nube
1399 5022 1672 5079 Israelitas
1723 5025 1945 5079 deduxit
1965 5025 2033 5079 ⁸³.
2069 5025 2150 5079 Ad

1791 5025 1945 5079 dUXit
1965 5025 2033 5079 ⁸³.
2069 5025 2150 5079 Ad
2259 5033 2424 5105 legem
2454 5038 2599 5091 dabit
2633 5040 3070 5111 delinquentibus
3092 5044 3143 5098 in
3174 5046 3255 5098 via
3281 5047 3346 5100 ".
3382 5065 3399 5097 ι

566 5117 810 5172 eumdem
870 5117 1108 5180 modum,
1140 5115 1368 5168 scelesto
1419 5115 1682 5180 daemone,
1712 5115 1993 5186 profugum
2030 5131 2060 5169 a
2092 5132 2151 5172 se

2329 5128 2550 5182 Cuntsr.
2577 5127 2728 5194 Quod
2761 5132 2806 5185 si
2837 5147 2902 5186 ex
2937 5133 3198 5198 bonitate,
3225 5143 3280 5189 ut
3312 5146 3459 5192 certe
3486 5152 3551 5191 ex
3579 5138 3815 5200 bonitate,

566 5212 736 5281 pium,
763 5207 1159 5277 nrcquidquam
1182 5206 1406 5261 subdole
1435 5223 1642 5262 rursum
1663 5208 1998 5276 insequente,
2026 5207 2153 5265 Ser-

2262 5220 2404 5275 Deus
2435 5223 2703 5276 hominem
2735 5223 3030 5282 fabricatus
3059 5239 3178 5295 est;
3214 5239 3417 5298 quanto
3442 5233 3608 5301 magis
3636 5243 3814 5284 sariam

567 5313 719 5357 rator
751 5312 931 5355 noster
957 5309 1117 5369 atque
1145 5299 1288 5354 Deus
1312 5314 1406 5370 per
1431 5298 1773 5356 divinitatem
1803 5317 1952 5359 suam
1987 5311 2152 5373 atque
2262 5319 2457 5365 tectam
2497 5316 2633 5368 tueri
2665 5312 2926 5370 fabricam
2957 5317 3202 5384 decebat,
3244 5335 3341 5374 nec
3387 5298 3718 5377 committere
3767 5328 3815 5373 ut

633 5481 686 5572 ἵ
722 5483 887 5572 Exod.
932 5480 1166 5572 πλέος.
1227 5479 1554 5572 ⁸⁸⁵¹Εξοέξῖῌι
1582 5521 1618 5572 ,_.
1646 5484 1857 5572 IIIIS.“
1889 5485 1951 5572 ’ξ’
1992 5487 2120 5545 ibid.
2160 5497 2275 5572 22.
2330 5495 2582 5572 "ﬁxed.
2627 5514 2720 5572 xi,
2775 5497 2829 5572 5.
2880 5571 2891 5572 ί
2935 5500 2979 5532 θ’
3019 5499 3191 5558 Exod.
3248 5520 3340 5559 xm
3375 5544 3390 5568 .
3453 5504 3520 5558 22
3554 5522 3570 5570 ;
3612 5521 3727 5572 xlv,
3763 5503 3810 5560 8.

561 5554 607 5586 ’°
648 5553 818 5607 Exod.
862 5570 972 5618 xw,
1011 5553 1198 5608 217—51.
1276 5553 1319 5584 ⁹¹
1360 5553 1381 5608 I
1420 5553 1547 5609 Cor.
1590 5569 1644 5620 ι,
1691 5556 1740 5608 I.
1813 5557 1857 5586 "
1886 5557 2044 5613 Nunt.
2083 5578 2173 5636 xx,

2083 5578 2176 5636 xx,
2217 5553 2306 5627 Ii.
2381 5568 2426 5598 ⁸³
2461 5568 2589 5624 ibid.
2631 5553 2719 5624 1οί
2796 5571 2840 5603 ³³
2877 5553 3024 5627 Psal.
3064 5553 3211 5640 xittv,
3375 5553 3425 5608 δ’

627 5715 740 5800 ρῆ)
779 5718 919 5800 ξὶιιῃ
963 5729 1016 5772 et
1054 5721 1155 5775 hoc
1195 5718 1500 5800 philosophi
1534 5718 1712 5777 nescio
1747 5720 1893 5791 cuius
1919 5763 1935 5790 ,
1968 5724 2132 5780 etiam
2154 5723 2448 5798 Gregorius
2485 5727 2788 5800 Thcologus
2810 5738 2951 5787 orat.
2986 5729 3055 5786 In
3092 5746 3277 5789 novam
3300 5733 3643 5790 Dominicam.

633 5788 748 5852 (24)
778 5788 1032 5847 Nazianz.
1063 5788 1212 5848 orati
1234 5788 1300 5846 1η
1328 5791 1652 5846 tarditatem.
