4082 6294
286 323 393 390 δα
1345 315 1730 381 DIALOGUS
1771 313 1872 375 ΕΟ]

1974 313 2073 373 BA
2111 310 2144 374 ,Ι
2155 311 2202 370 U
2214 310 2441 370 DEOS.
3425 303 3530 369 8i?

289 433 593 510 corruptela
623 435 975 491 obrueretur?
1006 433 1080 489 De
1114 449 1285 502 eoque
1312 434 1473 490 etiam
1507 429 1758 488 Salvator
1793 427 1858 481 de
1888 429 1932 487 Α
1963 419 2029 477 ad
2065 421 2413 493 frangendum
2441 420 2658 492 maligni
2699 416 3012 510 potentiam,
3039 429 3182 473 mors
3212 429 3306 486 pro
3337 426 3532 510 morte,

292 527 482 597 ονξιιηε
527 527 593 582 ad
629 543 722 582 τος
770 528 1059 594 disserens,
1090 526 1162 580 ,ξι
1205 543 1272 583 ε,
1297 524 1456 580 pater
1511 537 1682 588 meus,
1715 518 1855 596 quod
1962 513 2198 569 tenebrat
2222 527 2317 582 pro
2343 512 2478 577 luce,
2507 513 2778 581 sepultura
2808 525 2907 580 pro
2934 509 2986 564 in
3012 524 3214 565 terram
3251 509 3533 576 reditione,

294 620 446 675 dedit
477 621 630 686 mihi,
662 621 833 690 majus
858 622 1108 675 omnibus
1143 629 1244 683 est,
1301 628 1352 672 et
1384 631 1538 672 nemo
1568 623 1745 684 potest
1774 628 1861 665 ra-
1963 620 2025 662 ac
2055 606 2266 660 (lenium
2317 604 2642 660 resurrecﬁo
2687 619 2782 673 pro
2827 603 2962 672 lapsi
2998 600 3409 656 resurrectione.
3445 603 3535 655 At-

297 711 518 777 perede
547 726 708 770 manu
741 710 918 766 Patris
953 716 1053 766 mei
1075 711 1142 764 ".
1176 729 1194 762 ι
1229 708 1388 763 'i‘ueri
1423 707 1565 763 enim
1597 703 1860 762 fabricam
1965 712 2069 765 line
2104 697 2217 751 ιιωο
2247 696 2428 750 omnia
2466 693 2605 749 Deus
2635 695 2788 749 "0N3
2818 694 3091 759 curandis:
3121 695 3186 747 ad
3235 696 3538 763 nostraeque

297 803 454 874 lange
503 805 680 875 majus
725 814 807 860 est
857 814 1017 874 atque
1062 803 1341 868 illustrius,
1386 815 1545 869 quam
1589 784 1862 854 fabricari.
1967 787 2352 875 imbecillitatis
2406 788 2666 842 medelam
2714 787 3080 856 comparavit.
3140 800 3246 855 quo
3302 795 3536 840 veterem

291 873 412 950 Nec
434 911 563 952 sane
592 873 814 967 perinde
835 873 1115 951 estDDeum
1163 895 1431 952 hominem
1485 890 1758 957 fabricari,
1803 903 1866 944 ac

1969 873 2254 946 Adamnm,
2283 881 2422 934 unde
2451 881 2746 942 exciderat,
2775 881 3072 945 reduceret,
3091 893 3154 934 ac
3181 878 3326 934 vitali
3360 879 3538 933 arbori

294 990 568 1044 hominem
599 989 833 1058 denique
865 988 1030 1043 Deum
1069 990 1205 1042 ﬂeri.
1241 986 1403 1055 quue
1441 985 1518 1039 sic
1557 984 1755 1038 habere
1803 984 1868 1037 de

1969 972 2279 1025 admoveret
2305 968 2440 1040 (27),
2464 983 2623 1040 quem
2659 970 2860 1023 notitiae
2885 971 3045 1022 arbor
3086 969 3286 1040 inepte,
3315 985 3412 1023 nec
3444 983 3542 1025 suo

292 1081 626 1151 principibus
656 1081 858 1136 nostris
890 1080 1291 1146 intelleximus;
1321 1077 1447 1131 dicit
1471 1076 1613 1132 enim
1649 1074 1868 1144 quidam

1975 1072 2220 1135 tempore
2242 1075 2524 1137 percepta,
2548 1066 2802 1135 paradiso
2824 1075 3098 1134 exegerat.

287 1171 579 1242 primatum
629 1184 937 1228 nostrorum
985 1175 1150 1230 Deum
1195 1179 1326 1225 tunc
1369 1168 1712 1240 praestantius
1741 1182 1872 1222 cono

2041 1181 2165 1235 Jun.
2191 1178 2344 1248 Quod
2375 1178 2420 1233 si
2444 1180 2512 1234 ad
2533 1177 2802 1234 diabolum
2829 1193 2986 1234 suum
3017 1178 3380 1248 dejiciendum
3404 1179 3546 1237 Deus

290 1265 481 1320 tulisse
526 1263 662 1336 (95).
712 1281 853 1322 nunc
897 1265 1140 1321 deterius
1192 1264 1498 1329 asciscere.
1539 1261 1642 1316 hoc
1705 1258 1874 1330 priori
1975 1271 2136 1327 homo
2163 1271 2337 1326 factus
2370 1281 2471 1337 est,
2510 1286 2590 1328 me
2634 1271 2686 1326 id
2728 1272 2903 1340 potius
2941 1272 2992 1326 in
3031 1271 3271 1326 fraudem
3302 1272 3543 1326 Numinis

291 1352 551 1418 divinius,
585 1363 656 1421 et,
692 1355 735 1412 si
761 1364 905 1412 recte
940 1355 1237 1424 judicetur,
1263 1351 1547 1408 sublimius
1574 1365 1712 1407 esse.
1737 1349 1871 1405 Nam
1976 1364 2072 1420 sit,
2106 1363 2237 1418 Nam
2275 1364 2321 1419 εξ
2363 1363 2526 1420 homo
2549 1363 2724 1420 τεειυε
2752 1364 3044 1434 malignum
3073 1366 3366 1420 (immanem
3396 1365 3546 1431 vim,

289 1457 578 1518 postquam
601 1448 879 1503 terrestris
905 1445 1102 1502 diaboli
1143 1445 1372 1512 invidia,
1396 1454 1447 1499 ει
1478 1445 1661 1499 uxoris
1683 1441 1875 1499 fraude
1978 1457 2146 1511 multo
2176 1456 2350 1527 magis
2397 1467 2456 1512 υι
2506 1457 2646 1511 Deus
2685 1465 2738 1511 el,
2786 1457 3002 1513 vincere
3041 1466 3256 1528 ροιοιιεί
3288 1468 3342 1513 ει
3378 1457 3547 1515 exilio

289 1539 572 1596 caleatem
597 1555 656 1596 se
683 1541 860 1596 vocari
887 1555 990 1594 non
1011 1541 1328 1603 observans,
1357 1552 1456 1608 pro
1489 1536 1596 1591 vita
1624 1544 1872 1601 mortem,

1979 1549 2107 1603 dare
2141 1567 2154 1602 :
2190 1564 2351 1604 nemo
2405 1559 2488 1605 est
2531 1530 2678 1605 enim
2711 1547 2822 1605 Deo
2865 1549 3078 1605 fortior.
3126 1547 3312 1622 itaque
3351 1551 3548 1607 clamat

289 1642 400 1683 non
431 1629 530 1685 sibi
561 1631 740 1697 modo,
768 1632 861 1686 sed
880 1631 974 1686 toti
1005 1630 1141 1687 adeo
1171 1629 1354 1702 generi
1386 1627 1692 1694 conscivit;
1716 1642 1876 1697 opor-

292 1725 438 1780 tebat
466 1739 626 1794 porro
649 1725 925 1780 scelestem
958 1732 1015 1778 et
1043 1723 1401 1781 immortalem
1425 1721 1614 1788 Deum,
1643 1719 1866 1776 Gabrieo

289 1817 360 1871 lis
401 1830 564 1884 opera
599 1830 664 1872 es
691 1816 1110 1872 incontaminata
1143 1826 1198 1871 et
1229 1816 1506 1888 impolluta
1539 1813 1739 1870 femina
1773 1828 1867 1868 na-

289 1904 408 1972 sci;
439 1905 892 1975 quemadmodum
947 1908 1013 1963 de
1066 1907 1184 1963 viro
1248 1907 1366 1961 sine
1417 1904 1643 1960 muliere
1695 1902 1868 1960 cilicia

290 1996 488 2053 mulier
515 2008 620 2064 est,
653 1997 733 2054 sic
759 2012 791 2054 e
822 1999 1048 2056 muliere
1093 1999 1211 2054 sine
1243 1999 1359 2054 viro
1394 1995 1563 2052 Deum
1596 1997 1870 2052 hominem

291 2088 469 2144 virum
500 2089 740 2160 prodire,
775 2097 830 2144 ut
856 2090 1064 2162 peccati
1088 2097 1333 2160 repertor
1366 2087 1784 2160 insuperabilem
1812 2103 1872 2144 se

291 2180 611 2248 arbitratus,
649 2183 804 2238 nobis
852 2199 946 2254 spe
994 2181 1240 2238 Numinis
1286 2181 1564 2244 inescatis,
1595 2188 1872 2250 assumpto

291 2275 532 2333 vicissim
563 2290 793 2348 corpore
835 2275 1194 2342 inescaretur,
1232 2287 1342 2346 quo
1372 2272 1562 2340 Deum,
1594 2289 1690 2329 ceu
1724 2273 1868 2328 Ada-

293 2383 471 2436 mum,
504 2366 747 2434 adortus,
779 2367 1125 2426 occumberet
1155 2367 1290 2440 (‘26).
1324 2367 1509 2438 itaque
1538 2367 1869 2421 exinanitum

289 2455 501 2514 Numen
550 2470 671 2512 cum
731 2467 1007 2530 assumpto
1055 2472 1283 2528 corpore
1323 2456 1629 2526 COplllalllln
1681 2464 1785 2521 est,
1819 2462 1871 2508 et

295 2547 516 2604 insolito
564 2557 987 2618 temperamento
1040 2547 1182 2602 Deus
1223 2555 1278 2602 et
1311 2548 1472 2601 homo
1531 2561 1595 2599 ex
1647 2555 1872 2612 utroque

292 2652 482 2703 unum,
505 2649 563 2695 et
584 2654 679 2710 per
708 2654 870 2696 unum
901 2649 1190 2710 utrumque
1213 2638 1409 2702 factus,
1443 2636 1563 2693 Deo
1596 2652 1716 2691 cum
1749 2645 1873 2691 cor-

292 2747 428 2804 pore
448 2733 712 2804 permiato
764 2741 929 2804 atque
977 2733 1250 2798 devincta,
1287 2742 1348 2786 ut
1377 2747 1495 2803 qua:
1524 2730 1866 2796 dissiderent,

290 2825 575 2896 cujusdam
605 2832 864 2895 tanquam
899 2825 1062 2881 medii
1092 2825 1420 2880 commercio
1442 2826 1497 2878 in
1533 2839 1696 2879 unum
1718 2839 1868 2879 com-

291 2924 538 2989 poneret.

859 3053 1088 3114 CAPUT
1128 3057 1294 3113 XXX.

577 3186 687 3244 Cur
712 3187 952 3245 Christus
978 3191 1133 3246 homo
1159 3191 1317 3246 simul
1343 3200 1392 3247 et
1425 3191 1583 3248 Deus.

370 3303 540 3375 igitur
570 3320 708 3362 unus
740 3322 803 3363 es
855 3318 1087 3378 utroque
1119 3323 1216 3378 pro
1257 3323 1366 3364 uno
1412 3309 1719 3375 decessore,
1753 3323 1869 3377 seu,

292 3408 358 3454 ut
386 3399 564 3455 verius
599 3399 800 3468 dicam,
832 3415 930 3471 pro
958 3402 1210 3458 omnibus
1239 3401 1441 3471 factus,
1471 3403 1524 3459 in
1553 3411 1752 3459 terram
1783 3419 1873 3460 ve-

290 3493 400 3559 nit,
435 3491 616 3548 animo
648 3493 904 3564 praeditus
933 3503 1153 3565 propter
1179 3494 1420 3552 animum
1450 3499 1706 3568 praecepti
1737 3512 1872 3554 cono

293 3592 647 3656 temptorem,
679 3599 874 3654 corpus
909 3595 1129 3655 gestans
1182 3593 1402 3656 propter
1450 3600 1648 3659 corpus
1693 3586 1872 3642 delicti

289 3677 704 3742 administrum.
752 3676 1019 3748 simulque
1071 3677 1407 3745 damnatum,
1439 3685 1662 3748 peccato
1714 3677 1873 3734 altior

289 3785 364 3824 ac
384 3770 705 3838 sublimior;
741 3770 937 3835 luteus,
974 3777 1192 3840 propter
1219 3768 1486 3826 Adamum
1533 3769 1636 3826 sub
1678 3783 1871 3841 pecca-

290 3870 414 3917 tum
437 3861 761 3933 subjectum,
785 3875 966 3918 vetere
991 3876 1117 3917 cum
1139 3876 1299 3928 novo,
1326 3861 1380 3915 id
1407 3869 1513 3930 est,
1538 3861 1873 3918 humanitate

288 3969 427 4010 cum
460 3954 740 4010 divinitate
767 3954 1115 4023 conferenda,
1152 3963 1208 4009 et
1232 3953 1325 4025 qui
1378 3969 1569 4024 passus
1610 3964 1776 4022 esset,
1809 3969 1873 4012 eo

291 4061 400 4118 per
428 4049 734 4118 passionem
785 4045 1111 4109 revocando,
1141 4060 1206 4100 ac
1252 4059 1350 4116 pro
1383 4057 1690 4103 nostrorum
1735 4061 1870 4101 uno-

295 4155 521 4211 quoque
571 4139 798 4211 singulis
840 4138 1082 4196 vicissim
1127 4139 1262 4206 ejus,
1302 4139 1390 4208 qui
1423 4153 1520 4209 pro
1552 4139 1708 4193 nobis
1726 4137 1875 4207 obji-

291 4239 536 4299 oeretur,
559 4229 901 4300 praestandis,
929 4237 1090 4300 atque
1116 4231 1216 4284 hac
1245 4228 1472 4300 benigna
1495 4228 1633 4300 lapsi
1653 4235 1874 4301 propter

291 4324 702 4380 contumaciam
744 4325 1151 4395 procuratione,
1203 4337 1342 4376 novo
1391 4320 1622 4391 quodam
1671 4335 1873 4376 arcano

290 4417 621 4473 exhibendo.
651 4414 787 4473 ilinc
817 4426 968 4473 ortus
993 4427 1156 4486 atque
1190 4416 1370 4486 Virgo,
1406 4415 1529 4470 hinc
1553 4427 1792 4485 praesepe
1817 4423 1873 4469 et

294 4508 603 4573 Batbleem,
641 4521 792 4564 ortus
840 4524 939 4578 pro
981 4508 1275 4573 creatione,
1301 4523 1398 4563 seu
1429 4505 1613 4578 potius
1656 4519 1874 4563 recrea-

298 4603 472 4668 tione,
519 4598 682 4672 Virgo
721 4617 819 4671 pro
864 4602 1110 4666 muliere,
1157 4601 1306 4657 salve
1334 4615 1433 4673 pro
1460 4598 1666 4664 dolore,
1707 4594 1872 4653 Beth-

295 4693 444 4749 leem
474 4709 571 4765 pro
609 4693 798 4758 ﬁdem,
823 4707 1063 4764 praesepe
1097 4709 1194 4764 pro
1225 4693 1492 4762 pomario,
1525 4689 1739 4747 Gabriel
1775 4703 1875 4761 pro

297 4793 592 4853 serpente,
636 4783 800 4838 arbor
840 4798 936 4852 pro
983 4785 1205 4848 arbore,
1253 4783 1308 4837 in
1368 4797 1587 4839 crucem
1636 4789 1875 4838 extensae

298 4893 500 4933 manus
533 4893 630 4947 pro
661 4877 798 4932 male
828 4884 1142 4948 exporrecta
1172 4892 1356 4941 manu,
1393 4873 1462 4931 fel
1492 4891 1590 4947 pro
1623 4875 1761 4931 dulci
1788 4893 1877 4932 sa-

297 4983 458 5039 pore,
490 4983 687 5024 corona
716 4984 812 5038 pro
842 4967 1161 5036 dejectione,
1197 4968 1381 5024 lateris
1414 4967 1600 5024 lancea
1631 4981 1728 5037 pro
1746 4981 1878 5023 ense

299 5059 569 5130 paradisi,
613 5067 880 5128 unguenta
930 5073 1026 5127 pro
1072 5058 1559 5129 iacrymis,sindon
1604 5073 1701 5129 pro
1734 5057 1880 5113 licui-

299 5151 428 5206 neis
457 5149 620 5216 foliis,
658 5151 874 5206 auditas
909 5166 1006 5219 pro
1041 5150 1266 5206 scorteis
1300 5150 1554 5218 vestibus,
1584 5151 1718 5206 clavi
1747 5165 1875 5223 pro.

301 5251 433 5314 pter
464 5242 672 5298 ruinam
704 5250 758 5296 et
783 5241 1043 5307 lamenta,
1082 5241 1283 5297 erectio
1324 5257 1421 5314 pro
1447 5241 1621 5312 lapsu,
1662 5239 1873 5298 arundo

380 5422 427 5456 ’⁸
464 5420 624 5477 Joan.
669 5437 727 5484 χ.
765 5421 856 5479 9.9.
934 5422 1000 5455 ³⁸·
1043 5421 1148 5474 lsa.
1191 5436 1268 5486 Ix,
1309 5421 1366 5476 6.

385 5626 496 5700 (25)
544 5622 904 5700 manipulis
955 5618 1223 5684 Natalem,
1269 5633 1324 5690 ι).
1382 5617 1509 5686 251,
1560 5617 1653 5685 20,
1710 5627 1755 5672 et
1811 5615 1872 5672 S.

301 5693 541 5761 Pascha,
578 5712 630 5766 p.
649 5693 783 5766 254.
812 5693 900 5748 55.

385 5768 497 5842 βε)
529 5760 784 5821 Nazianz.
808 5766 1047 5820 imitatur
1067 5761 1340 5834 Apologet.
1359 5761 1456 5829 _l8,
1485 5761 1572 5828 l4,
1591 5769 1646 5831 et
1669 5760 1876 5832 aliquot

590 5863 860 5924 Parnon.
893 5861 1010 5926 Gn.
1050 5860 1376 5925 CXXXIII.

1979 1638 2146 1696 Isaias
2179 1658 2192 1695 :
2230 1659 2248 1693 ι
2291 1639 2435 1697 Deus
2462 1639 2620 1696 fortis
2651 1640 3022 1713 (prapotens),
3055 1639 3218 1697 Pater
3248 1641 3414 1698 futuri
3443 1658 3544 1699 sae-

1980 1732 2105 1798 culi,
2143 1728 2397 1800 Princeps
2425 1731 2587 1787 fnturi
2620 1733 2800 1788 saeculi
2833 1735 2925 1790 “‘.
2958 1751 2978 1787 ›

2045 1851 2269 1907 Cumsr.
2302 1851 2473 1906 Recte
2503 1850 2654 1907 lsaiae
2681 1853 2844 1908 verba
2880 1853 2931 1908 in
2958 1855 3194 1912 medium
3224 1858 3542 1927 protulistis.

1975 1943 2084 2000 Sed
2117 1957 2224 1999 neu
2257 1955 2365 2000 tam
2392 1941 2494 1999 Dei
2544 1948 2794 2014 potentiae
2825 1945 3118 2017 gloriosum
3144 1959 3252 2016 est,
3287 1951 3540 2006 adversa-

1977 2039 2116 2093 rium
2152 2038 2368 2103 vicisse,
2403 2053 2501 2092 nec
2524 2039 2753 2092 daemoni
2780 2039 3110 2107 pudendum,
3140 2057 3171 2095 a
3203 2041 3311 2096 Deo
3341 2041 3540 2098 victum

1973 2147 2113 2200 esse,
2150 2148 2310 2205 quam
2354 2132 2563 2204 insigne
2598 2133 2690 2190 Dei
2733 2136 3012 2205 potentiae,
3055 2144 3108 2190 et
3131 2137 3365 2208 maligno
3396 2151 3543 2193 sum-

1976 2242 2119 2281 mum
2153 2227 2388 2282 dedecus
2422 2237 2528 2291 est,
2578 2241 2675 2297 per
2707 2241 2927 2283 carnem
2956 2229 3155 2285 victum
3187 2244 3329 2297 esse,
3369 2245 3428 2286 ac
3464 2231 3538 2286 lu-

1975 2326 2140 2382 teum,
2193 2315 2471 2372 caelestem
2527 2315 2764 2383 factum;
2817 2327 2875 2375 et
2917 2332 3077 2388 quem
3123 2320 3418 2378 divinitatis
3449 2335 3542 2394 spe

1974 2408 2438 2478 supplantaverat,
2493 2422 2560 2464 eo
2607 2425 2704 2478 per
2743 2409 3138 2466 humanitatem
3185 2411 3435 2468 deiﬁcato
3464 2412 3542 2468 vi-

1974 2505 2161 2559 cissim
2194 2504 2471 2559 cernendo
2494 2503 2852 2574 supplantari.
2885 2501 3017 2558 Nam
3044 2513 3104 2560 ut
3129 2504 3458 2574 sanguinaril
3487 2516 3542 2562 et

1974 2594 2207 2665 improbi
2256 2593 2506 2650 homines
2549 2596 2887 2650 mundanum
2933 2595 3036 2650 hoc
3081 2609 3302 2664 regnum
3340 2595 3544 2666 perﬁde

1975 2687 2327 2758 refugientes,
2351 2697 2514 2758 atque
2551 2687 2603 2744 in
2634 2688 2910 2744 montibus
2957 2697 3012 2744 et
3053 2689 3276 2760 rupibus
3307 2687 3541 2746 inediam

1976 2778 2296 2844 tolerantes,
2347 2779 2493 2835 haud
2543 2794 2675 2835 sane
2711 2794 2888 2850 regem
2933 2779 3242 2847 latuerunt;
3288 2781 3415 2851 quin
3458 2780 3546 2839 ille

1975 2873 2165 2937 misso,
2194 2886 2354 2941 quem
2391 2872 2620 2927 habebat
2653 2873 3145 2944 unigenitum,cum
3171 2870 3544 2945 jurejurando,

1971 2972 2025 3022 et
2054 2963 2370 3022 liberalibus
2400 2965 2710 3038 promissis,
2742 2968 2808 3020 ad
2852 2964 3059 3038 frugem
3088 2969 3362 3024 redituros
3388 2983 3548 3028 revo-

1973 3067 2064 3113 cat
2093 3057 2209 3130 (28)
2235 3075 2253 3127 ;
2279 3058 2476 3131 quibus
2501 3072 2606 3114 non
2637 3059 2809 3115 solum
2845 3061 3008 3116 verba
3038 3061 3172 3132 regii
3206 3059 3298 3116 lilii
3325 3077 3429 3119 non
3460 3077 3546 3120 re-

1896 3140 1941 3202 (Γ.
1978 3151 2187 3218 veritis,
2220 3149 2317 3208 sed
2338 3165 2462 3207 eum
2484 3166 2704 3223 quoque
2733 3150 2976 3208 cruentis
3005 3152 3254 3210 manibus
3278 3153 3546 3210 trucidare

1973 3243 2269 3314 aggressis,
2319 3259 2418 3300 rex
2455 3243 2631 3301 factus
2679 3243 2903 3312 certior,
2953 3252 3007 3300 et
3036 3243 3117 3300 ira
3148 3244 3424 3314 incensus,
3449 3261 3544 3303 eos

1973 3338 2378 3393 excusationem
2426 3337 2626 3393 nullam
2661 3337 2863 3393 habere
2891 3336 3163 3408 cogitans,
3209 3336 3389 3394 missis
3429 3335 3546 3395 suis

1972 3428 2149 3502 copiis
2177 3429 2398 3486 delevit.
2426 3429 2615 3484 itidem
2660 3442 2794 3486 sane
2821 3438 2876 3483 et
2899 3427 3042 3484 Deus
3077 3439 3133 3484 et
3157 3426 3320 3486 Pater
3349 3429 3546 3487 Serva-

1974 3523 2111 3579 toris
2146 3523 2252 3578 mei
2295 3520 2522 3586 Christi,
2574 3520 2760 3578 volens
2790 3519 2990 3578 Judaeis
3035 3507 3346 3577 vaticidium
3385 3537 3546 3580 omne

1972 3629 2038 3672 ac
2073 3615 2326 3673 delictum
2359 3614 2656 3671 clementer
2705 3613 3035 3682 condonare,
3067 3613 3354 3687 unigeuam
3387 3630 3542 3674 suum

1971 3707 2194 3774 Filium,
2218 3709 2302 3764 sui
2334 3715 2499 3779 atque
2540 3707 2755 3765 illorum
2787 3714 3125 3778 sequestrum
3162 3707 3398 3766 demisit.
3423 3706 3541 3776 Quo

1971 3800 2344 3859 beneﬁcentia:
2383 3813 2496 3856 suae
2536 3798 2715 3855 studio
2749 3810 2854 3854 non
2905 3798 3080 3856 solum
3113 3797 3417 3868 repudiato.
3447 3801 3542 3857 sed

1974 3890 2067 3948 illo
2089 3903 2306 3963 quoque
2327 3888 2495 3960 impie
2525 3889 2578 3944 in
2611 3902 2828 3944 crucem
2861 3896 3001 3953 acto,
3035 3888 3211 3944 missis
3237 3888 3544 3946 cmlestibus

1972 3984 2180 4055 copiis,
2237 3981 2388 4037 velut
2433 3980 2582 4036 omni
2633 3979 2948 4038 defensione
2999 3980 3289 4049 carentes,
3343 3990 3544 4039 aeterno

1973 4075 2120 4146 igne,
2157 4071 2393 4138 diabolo,
2427 4070 2653 4143 ejusque
2688 4072 2894 4143 angelis
2926 4081 3137 4144 parato,
3173 4086 3362 4128 severe
3392 4073 3545 4130 dam-

1971 4168 2139 4224 navit.
3322 4171 3324 4174 ’

2045 4281 2224 4349 Quare
2267 4295 2362 4336 vos
2420 4278 2674 4349 accipite.
2726 4273 2975 4347 obsecro,
3018 4280 3156 4350 frugi
3205 4281 3539 4340 consilium:

1972 4386 2100 4428 nam
2135 4371 2460 4442 resipiscere
2507 4366 2731 4440 potestis
2775 4371 2953 4431 adhuc
2999 4375 3335 4441 superstites,
3383 4373 3545 4443 atque

1901 4498 1947 4560 Β
1977 4462 2032 4518 in
2069 4461 2273 4518 mundo
2315 4463 2592 4532 degentes,
2644 4460 2811 4531 fugite
2858 4460 3060 4515 erroris
3090 4457 3361 4526 tenebras,
3394 4469 3449 4515 ct
3478 4462 3545 4516 ad

1981 4553 2225 4610 veritatis
2266 4553 2441 4608 lucem
2492 4552 2800 4618 convenite,
2851 4565 3177 4623 operamque
3221 4551 3368 4613 date.
3417 4557 3542 4604 uta

1976 4646 2234 4704 deteriori
2295 4648 2441 4701 statu
2497 4661 2560 4700 ac
2609 4644 2739 4699 laeva
2786 4645 3062 4702 hmdorum
3104 4657 3260 4698 manu
3305 4642 3370 4698 ad
3420 4640 3544 4706 Ser-

1975 4739 2180 4796 vatoris
2233 4738 2338 4793 mei
2392 4739 2635 4794 dextram
2691 4751 2815 4794 cum
2875 4735 3064 4791 oribus
3120 4734 3332 4794 satituri
3366 4744 3545 4791 trans-

1976 4833 2136 4889 eatis.

2051 4965 2173 5023 Jun.
2205 4965 2495 5022 Enimvero
2523 4973 2578 5020 et
2608 4979 2705 5021 nos
2726 4961 3042 5035 prophetam
3069 4975 3343 5030 magnum,
3367 4957 3546 5014 eiiicaa

1978 5073 2120 5123 cem,
2151 5074 2181 5112 a
2225 5057 2336 5114 Deo
2360 5063 2579 5111 unctum
2621 5064 2960 5125 exspectare,
3005 5051 3058 5108 id
3091 5065 3276 5108 verum
3304 5052 3418 5120 est;
3442 5048 3544 5106 Dei

1977 5148 2176 5205 Filium
2229 5161 2329 5203 nec
2379 5145 2591 5202 cmlitus
2639 5145 2974 5215 degressum,
3035 5159 3065 5197 a
3122 5141 3396 5213 prophetis
3445 5153 3543 5195 au-

1984 5233 2203 5306 diimus,
2241 5252 2341 5294 nec
2370 5236 2426 5293 in
2457 5237 2653 5293 ciuium
2685 5251 2901 5292 rursum
2934 5234 3269 5292 ascendisse.

1978 5616 2353 5699 sequentibus.
2489 5689 2499 5698 .
2659 5690 2670 5700 .
2820 5691 2829 5700 η

2054 5687 2168 5738 (9'7)
2199 5688 2450 5738 Nazianz.
2483 5705 2534 5738 ιη
2569 5687 2829 5738 Enmham

2054 5687 2168 5758 (επ)
2199 5688 2450 5743 Nazianz.
2483 5689 2534 5742 in
2569 5687 2941 5757 Epiphaniam.

2057 5757 2171 5832 (9.8)
2207 5760 2402 5816 Alludit
2433 5760 2496 5814 ad
2532 5761 2840 5829 parabolam
2872 5760 3060 5818 Matth.
3094 5775 3207 5826 XXI,
3236 5763 3330 5820 35.

3120 5854 3188 5918 27
