4006 6284
584 321 689 388 8ιὸ
1075 339 1078 342 ’
1806 331 2145 392 ANDRONI

2262 333 2571 396 COMNEN
2580 338 2607 397 Ι
3699 346 3783 412 844

650 436 875 494 Cuntsr.
912 437 1097 506 itaque
1130 452 1313 507 porro,
1351 446 1405 501 ut
1440 439 1668 509 videtur,
1701 440 1991 513 prOpltetas
2026 446 2158 499 dici-
2188 484 2233 545 Α
2263 448 2537 513 abstersit,
2574 449 2857 507 manifeste
2910 453 3245 524 unigenitum
3282 456 3373 511 Dei
3408 455 3589 513 Filium
3618 460 3787 516 incom-

583 530 673 596 tis,
706 544 813 584 non
840 530 902 583 de
933 529 1041 585 Deo
1065 532 1379 615 prophetias
1400 533 1658 599 edidisse,
1691 535 1784 588 sed
1816 538 1883 589 de
1930 535 2151 591 homine
2188 529 2233 545 ⁸⁸
2260 548 2519 596 mtttatum
2580 544 2850 597 hominem
2892 546 3124 618 denique
3173 546 3375 602 factum
3418 553 3786 619 dentenstrans;

582 623 770 679 mero?
2257 633 2352 686 sed
2408 637 2551 704 quod
2609 633 2887 705 Sapientia
2942 637 3247 695 Salomonis
3293 640 3550 707 declarat,
3594 643 3786 699 dicens:

649 712 771 769 Jun.
815 714 887 767 Ita
929 724 1034 771 est.
2263 744 2281 777 ι
2319 724 2453 780 Cum
2486 742 2661 781 meum
2710 729 2875 782 lilium
2926 747 3028 785 non
3065 732 3360 799 audierint,
3421 748 3516 787 vos
3560 733 3643 788 Dei
3692 736 3789 789 Filii

647 805 874 864 CIIRIS'I‘.
926 808 971 863 Ο
1020 811 1424 877 stupiditatem!
1466 812 1534 867 Et
1568 814 1687 882 quis
1728 830 1855 872 vero
1900 832 1964 871 ex
2010 816 2153 871 omni
2254 815 2515 873 honorem
2586 821 2854 891 intrepide
2917 822 2983 877 ad
3057 838 3153 879 vos
3211 826 3426 881 trahere
3480 806 3783 882 conatuum...

2257 909 2578 978 Quanquam
2636 928 2741 969 non
2790 923 2846 967 ut
2904 914 3179 985 Sapientia
3236 915 3403 971 ﬁlium
3464 920 3679 988 appellat
3716 922 3790 976 Dei

2261 1000 2479 1069 Filium,
2509 1004 2693 1059 itidem
2714 1015 2769 1061 et
2790 1020 2886 1061 vos
2921 1006 3083 1062 Isaias
3103 1010 3219 1079 (30)
3241 1010 3476 1080 appellat
3502 1021 3667 1075 natos,
3692 1029 3792 1066 cum

2256 1098 2381 1150 ait:
2426 1114 2444 1149 t
2502 1096 2902 1168 Primogenitus
2948 1117 3098 1156 meus
3145 1102 3420 1169 Israelita;
3469 1123 3489 1157 δ
3528 1108 3617 1160 sed
3669 1107 3793 1160 illum

2257 1190 2599 1258 naturalem,
2646 1207 2743 1246 vos
2795 1194 3103 1263 adoptivos.
3154 1195 3288 1250 Nam
3344 1212 3444 1253 nos
3481 1199 3799 1268 primigenius

2256 1298 2448 1339 sumus
2476 1285 2698 1340 secundi
2730 1283 2943 1340 lsraelis
2970 1287 3238 1358 (Christi).

2808 1396 3036 1454 CAPUT
3073 1398 3291 1467 XXXII.

2530 1512 2666 1579 Gens
2711 1515 2926 1583 duplex,
2967 1519 3176 1587 gentilis
3212 1527 3262 1573 et
3302 1516 3547 1571 Hebrum.

582 900 858 964 memoria,
892 916 1074 969 regum
1101 904 1273 957 servis
1305 920 1596 961 conservos
1625 907 1925 976 praemittit,
1960 922 2021 962 ac
2047 923 2154 962 non

579 994 763 1063 potius
799 993 892 1047 lilii
922 994 1187 1048 adventus
1224 997 1480 1064 praevios.
1516 1006 1570 1051 et
1598 1000 1914 1066 prmcones?
1946 1000 2050 1055 Sed
2077 1011 2156 1055 ta-

581 1101 702 1139 men
737 1085 1031 1155 prophetas
1070 1102 1212 1140 nunc
1254 1103 1468 1158 quoque
1502 1094 1835 1158 evolvamus,
1868 1104 2027 1161 atque
2055 1094 2155 1149 ite-

578 1193 696 1243 rum
719 1191 817 1232 vos
842 1177 1041 1242 veritas
1065 1179 1301 1234 docebit.

1131 1290 1361 1348 CAPUT
1402 1291 1594 1350 XXXI.

778 1407 888 1462 Cur
920 1407 1161 1463 Christus
1192 1426 1256 1464 ea;
1290 1409 1499 1482 Virgine
1527 1414 1675 1468 nasci
1706 1414 1950 1471 voluerit.

643 1519 765 1575 Jun.
798 1520 1247 1604 Quandoquidem
1284 1525 1441 1581 nobis
1484 1536 1665 1582 ortum
1711 1530 1832 1583 sine
1885 1538 2152 1602 tempore,

576 1628 673 1669 seu
732 1614 911 1667 verius
968 1628 1131 1683 supra
1192 1625 1423 1685 tempus,
1483 1618 1696 1685 erudite
1750 1624 2152 1690 comprobasti;
2326 1624 2384 1680 In
2423 1642 2587 1697 quam
2624 1630 2951 1692 sententiam
2990 1642 3072 1687 est
3104 1642 3292 1690 notum
3329 1633 3458 1687 illud
3493 1634 3585 1689 Dei
3618 1634 3679 1687 ad
3707 1632 3798 1688 lie-

574 1721 693 1776 age,
747 1706 1053 1759 amabimus
1109 1717 1182 1772 te,
1232 1717 1288 1763 et
1335 1706 1427 1762 Dei
1483 1711 1699 1765 ctelitus
1751 1714 1817 1766 ad
1877 1715 2151 1786 Virginem
2256 1719 2477 1775 hecoam
2511 1721 2736 1777 eﬂ‘atum
2772 1739 2786 1776 :
2828 1741 2847 1782 ι
2898 1721 3026 1781 Dute
3056 1734 3244 1793 gentes
3273 1722 3487 1780 suntin
3523 1739 3668 1781 utero
3697 1736 3802 1793 tuo;

573 1800 890 1854 descensum
916 1800 1167 1868 CXplatta,
1206 1810 1261 1855 et
1287 1802 1379 1871 qui
1417 1803 1694 1873 prophetae
1728 1806 1790 1860 de
1825 1822 1890 1861 eo
1924 1812 2155 1878 apertis-
2182 1860 2223 1915 Β
2256 1822 2310 1867 et
2358 1815 2533 1885 major
2585 1815 2788 1871 serviet
2834 1817 3032 1872 minori
3059 1817 3149 1869 ’7‘.
3204 1834 3223 1869 ›
3258 1815 3320 1873 Ει
3349 1816 3418 1873 de
3451 1819 3625 1872 Pbare
3665 1832 3803 1887 atque

573 1890 711 1915 ..ἴ-νιιι
750 1890 1012 1915 Αεηηιι---ι
2256 1902 2290 1915 η
2432 1911 2436 1914 .
2477 1905 2489 1915 .
2606 1914 2611 1915 ,
2653 1907 2664 1915 .
2787 1907 2793 1915 .
2988 1906 3017 1915 Α
3218 1907 3250 1915 ..
3297 1907 3308 1915 .

573 1890 719 1969 sime.
749 1890 1038 1945 disserant.
2182 1890 2223 1915 υ
2254 1902 2392 1958 Zara
2432 1905 2702 1961 obstetrix
2750 1907 2828 1961 ait
2872 1928 2884 1961 :
2926 1926 2944 1957 ι
2981 1906 3160 1972 Quare
3200 1907 3372 1963 divisa
3415 1919 3498 1963 est
3529 1918 3731 1978 propter
3760 1916 3803 1960 te

640 1981 867 2037 Cnstsr.
915 1982 1118 2039 Audite
1165 1982 1481 2051 Jeretniam,
1530 1986 1802 2042 dicentem
1842 2006 1855 2042 :
1895 2007 1913 2040 ι
1944 1988 2043 2045 Hic
2070 1999 2152 2046 est
2255 1996 2488 2050 maceria
2519 1996 2607 2050 ἐἳ
2649 2015 2667 2048 ι
2715 1997 2820 2053 Sed
2861 2014 2927 2051 ne
2954 2000 3081 2067 quid
3122 2000 3335 2057 interitu
3361 1999 3449 2058 hic
3486 1999 3695 2054 veridici
3731 2000 3801 2052 vi-

573 2074 714 2131 Deus
769 2086 985 2141 noster,
1033 2086 1087 2131 et
1145 2092 1249 2130 non
1302 2076 1659 2134 testimabitur
1710 2080 1849 2134 alius
1897 2081 2151 2137 adversus
2254 2090 2511 2157 deamini,
2570 2088 2725 2153 Isaia:
2769 2091 2837 2146 de
2896 2093 3050 2146 vobis
3099 2094 3435 2164 prophetiam
3489 2094 3542 2148 in
3595 2094 3803 2148 medium

570 2188 713 2227 eum.
750 2171 847 2227 llic
876 2174 1155 2228 adinvenit
1187 2189 1402 2229 onmem
1438 2176 1577 2229 viam
1608 2177 1926 2248 disciplinae,
1955 2189 2007 2233 et
2038 2187 2150 2234 tras
2251 2180 2618 2251 proferamus.
2653 2182 2784 2237 Nam
2822 2182 2926 2238 etsi
2974 2201 3068 2254 per
3100 2185 3414 2253 prophetam
3463 2187 3602 2241 Deus
3634 2186 3804 2239 contir-

570 2268 705 2321 didit
736 2268 879 2321 illam
927 2266 1097 2323 Jacob
1127 2283 1295 2338 puero
1330 2284 1449 2335 Suo,
1497 2279 1550 2324 et
1594 2271 1759 2325 Israel
1802 2272 1996 2328 dilecto
2030 2290 2148 2331 suo.
2255 2284 2366 2333 mat
2406 2292 2419 2329 :
2458 2293 2476 2326 ι
2515 2275 2916 2344 l‘rimogenitus
2951 2294 3102 2332 meus
3130 2288 3290 2334 natus
3322 2279 3565 2334 Israelita
3610 2280 3680 2344 ης
3710 2297 3725 2329 ι
3759 2290 3804 2333 at

572 2358 697 2414 Post
722 2359 836 2414 haec
864 2359 915 2413 in
942 2361 1100 2414 terris
1127 2362 1271 2414 visus
1306 2370 1408 2425 est,
1439 2371 1643 2417 etcum
1679 2365 1991 2419 hominibus
2020 2381 2153 2421 con-
2255 2366 2439 2419 audite
2489 2381 2608 2435 qua:
2663 2367 2823 2435 paulo
2873 2377 2998 2430 ante
3059 2385 3121 2424 ac
3179 2377 3300 2440 post
3345 2378 3743 2438 consequuntur
3790 2388 3803 2423 :

572 2465 817 2508 versatus
841 2465 924 2508 est
948 2455 1018 2507 ⁸⁷.
1059 2472 1075 2505 ι
1107 2482 1177 2492 -—
1209 2472 1227 2505 ι
1262 2453 1362 2509 llic
1396 2453 1537 2510 Deus
1570 2465 1773 2512 noster.
1808 2477 1825 2511 ι
1861 2457 2031 2525 Quis?
2060 2461 2151 2530 qui
2259 2474 2276 2507 ι
2319 2457 2436 2511 Duo
2470 2458 2609 2511 mala
2640 2458 2768 2513 fecit
2797 2459 3023 2527 populus
3055 2473 3208 2513 meus
3238 2479 3253 2514 :
3284 2474 3369 2513 me
3399 2459 3807 2529 dereliquerunt.

570 2547 636 2598 ab
694 2550 837 2600 etnni
887 2548 1192 2600 aeternitate
1227 2556 1310 2601 est
1354 2557 1408 2601 et
1442 2548 1495 2601 in
1540 2563 1753 2602 onmem
1796 2551 2149 2605 aeternitatem
2254 2542 2455 2599 Ῑοηιεευ
2482 2560 2636 2611 aquae
2660 2546 2813 2613 νίντεν
2842 2557 2898 2601 ει
2925 2546 3304 2605 ῖοάθνυιηείυί
3332 2550 3621 2610 είδιθτηδάι
3646 2552 3809 2604 οἱδιθτ¹

570 2638 840 2705 perdurat.
894 2653 913 2686 ι
974 2635 1039 2689 ιιι
1108 2652 1211 2688 tton
1274 2637 1636 2692 azstimabitur
1705 2639 1842 2695 alius
1895 2641 2153 2697 adversus
2257 2652 2353 2690 nas
2392 2636 2687 2707 dissipatas
2718 2638 2770 2704 ¹;
2813 2657 2833 2689 ι
2866 2648 2921 2693 et
2957 2655 3169 2695 rursum
3204 2658 3219 2694 :
3256 2659 3275 2692 ι
3317 2639 3489 2695 Filios
3515 2642 3735 2697 enutrivi
3764 2649 3808 2697 ct

568 2745 714 2784 eum.
752 2748 770 2780 ι
808 2729 943 2796 Quis
973 2729 1113 2783 alius
1151 2746 1252 2783 non
1291 2731 1691 2787 mstintabitur?
1718 2735 1809 2804 qui
1849 2736 2058 2790 scilicet
2085 2738 2152 2791 ah
2253 2728 2543 2793 θιθιιιινῖγ
2573 2728 2676 2799 ipsi
2732 2739 2911 2784 autem
2961 2743 3285 2798 spreverunt
3344 2746 3430 2787 me
3482 2732 3523 2786 ³.
3569 2749 3590 2784 ›
3646 2731 3808 2786 Omnis

572 2825 821 2883 Hebraeis
856 2843 952 2897 pro
986 2828 1079 2882 Dei
1115 2825 1253 2881 Filio
1275 2838 1647 2899 exspectatur.
1686 2848 1704 2882 ι
1745 2830 1845 2887 llic
1877 2833 2146 2889 adinvenil

2253 2821 2451 2892 quippe
2499 2832 2694 2883 natura
2738 2821 2913 2887 ﬁlius,
2972 2830 3030 2886 ut
3083 2822 3300 2878 deﬁciat
3328 2838 3357 2885 a
3385 2835 3561 2893 patre,
3590 2837 3807 2879 naturam

571 2935 786 2975 omnem
818 2924 957 2972 viam
1001 2919 1321 2989 disciplinae.
1364 2939 1382 2971 ›
1417 2919 1531 2976 Non
1562 2923 1807 2992 profecto
1838 2924 2146 2983 fullonicam

2253 2925 2401 2970 certe
2432 2929 2536 2969 non
2561 2915 2784 2969 amittit.
2812 2914 3110 2984 Adoptivus
3133 2926 3337 2982 autem,
3373 2918 3467 2987 qui
3494 2918 3549 2972 in
3584 2928 3808 2972 naturam

571 3026 636 3067 ac
669 3012 913 3066 fabrilem
961 3023 1155 3078 artem,
1189 3023 1280 3067 aut
1320 3029 1439 3084 quae
1476 3014 1695 3088 reliqua:
1746 3027 1873 3072 sunt
1901 3018 2022 3087 ejus
2055 3034 2146 3091 ge-

2251 3009 2406 3077 quasi
2456 3008 2509 3061 vi
2560 3008 2840 3072 invaserit,
2891 3010 3063 3063 donec
3116 3010 3254 3078 patri
3308 3009 3649 3079 obsequitur,
3687 3009 3809 3063 filius

570 3106 716 3159 neris
747 3104 925 3157 futiles
951 3121 964 3171 ;
998 3104 1091 3159 sed
1133 3118 1308 3159 rerum
1339 3106 1607 3172 notitiam,
1640 3122 1671 3162 e
1697 3118 1836 3163 terra
1864 3110 1919 3163 in
1948 3096 2147 3166 ctelum
2253 3101 2567 3154 ηοηὶίηδιυΐ
2596 3116 2611 3153 ³
2642 3098 2726 3155 δίη
2760 3116 2908 3168 eum.
2939 3101 3025 3155 ουί
3062 3101 3282 3157 additus
3318 3102 3410 3165 είιι
3445 3113 3684 3171 respui“.
3713 3100 3808 3169 ei“

568 3195 675 3250 iter
707 3203 764 3249 et
820 3210 1103 3249 ascensum
1136 3235 1150 3256 ,
1187 3197 1627 3265 suprat-wlestem
1673 3200 2146 3269 pulchritudinem,

2255 3208 2352 3246 nec
2388 3192 2534 3255 lilius
2559 3194 2775 3262 quidem
2813 3203 3061 3250 vocatur.
3112 3192 3194 3248 Ad
3230 3196 3483 3252 eumdem
3517 3195 3745 3258 modum,
3765 3202 3808 3246 et

568 3304 633 3345 ac
660 3288 749 3342 Dei
770 3288 1331 3358 comprehensionem,
1355 3292 1588 3362 denique
1631 3305 1685 3348 et
1708 3295 2146 3363 iliusuatiouem,

2252 3294 2507 3356 parentes
2528 3286 2715 3352 vestri,
2750 3289 2840 3363 qui
2870 3286 3038 3341 Deum
3070 3286 3391 3357 reliquerint
3420 3303 3485 3340 ac
3507 3287 3805 3358 respuerint,

568 3383 620 3434 in
652 3390 912 3450 quantum
943 3396 999 3435 se
1030 3382 1262 3450 quisque
1294 3382 1361 3436 ad
1399 3382 1450 3437 id
1484 3398 1882 3459 comparasset.
1923 3402 2016 3442 seu
2049 3402 2147 3459 po-
2249 3387 2309 3431 υῑ
2336 3374 2504 3432 Isaias
2548 3377 2643 3444 alii
2684 3366 3019 3449 άωέιιοηίϋυβ
3068 3379 3260 3453 additi.
3301 3393 3431 3434 vere
3480 3378 3694 3433 Salamﬁ
3730 3376 3805 3432 ﬁlii

568 3474 673 3528 tius
705 3472 895 3542 Opifex
933 3473 1156 3541 largitus
1187 3483 1351 3528 esset.
1392 3474 1555 3546 Igitur
1584 3476 1669 3531 hic
1701 3479 1787 3533 ille
1820 3479 2006 3549 Opifex
2044 3477 2146 3545 est,
2251 3480 2400 3527 Sum-
3078 3538 3079 3541 η
3129 3482 3135 3488 ’
3347 3492 3350 3495 ‘

567 3564 657 3634 qui
686 3566 800 3619 haec
834 3583 851 3615 ι
889 3564 1110 3619 tradidit
1130 3561 1302 3618 Jacob
1338 3580 1502 3634 puero
1530 3583 1649 3635 soo,
1683 3581 1735 3625 et
1760 3571 1921 3626 lsrael
1954 3571 2150 3627 dilecto
2320 3560 2593 3617 celerum
2613 3560 2877 3623 Jercmias
2897 3571 3018 3634 Ροει
3046 3562 3097 3615 id
3131 3562 3337 3616 ἀίειιιῐη
3368 3578 3422 3616 τί
3458 3562 3559 3625 Hic
3582 3572 3660 3621 εει
3690 3566 3805 3617 DNS

567 3673 683 3713 suo.
708 3676 727 3709 ι
766 3657 938 3711 Macte
972 3657 1149 3712 verbis
1178 3665 1229 3710 et
1256 3660 1536 3727 prophetia
1573 3673 1709 3726 esto,
1743 3662 1998 3718 Jeremia.
2031 3663 2146 3719 Non

2252 3663 2435 3709 noster
2483 3662 2537 3709 et
2591 3655 2645 3709 in
2699 3654 2860 3709 terris
2905 3654 3051 3710 visus
3092 3665 3196 3729 est,
3246 3663 3301 3709 et
3350 3669 3471 3707 cum
3528 3653 3805 3708 [nominibus

570 3753 711 3807 enim
769 3755 861 3818 ait,
892 3755 1191 3813 Postremis
1223 3759 1555 3829 temporibus
1589 3758 1925 3827 comparebit
1957 3758 2010 3812 in
2042 3767 2152 3813 ter-
2251 3757 2605 3813 ουηνθτευιυει
2633 3747 2788 3815 es";
2817 3747 3044 3835 {subdit
3073 3764 3133 3802 1‘
3159 3744 3256 3801 Hic
3288 3745 3425 3801 "be"
3453 3746 3803 3801 "‘m'damm'"

568 3849 666 3913 ris,
718 3857 772 3901 et
820 3849 961 3917 apud
1012 3851 1259 3906 homines
1307 3852 1630 3916 versabitur,
1678 3850 1772 3905 sed
1818 3852 1908 3919 qui
1966 3850 2149 3907 futura
2251 3840 2346 3896 Πθί
2376 3844 2418 3895 ⁸-
2465 3860 2482 3893 ³
2520 3839 2688 3913 Quis?
2735 3840 2902 3907 Quem
2946 3840 3057 3910 iam.
3086 3842 3272 3896 dixit:
3311 3858 3329 3893 ι
3371 3839 3439 3895 El
3490 3841 3575 3893 Ιυι
3606 3853 3717 3909 quae
3737 3843 3806 3891 εει

564 3939 845 4010 explorata
883 3942 933 3994 in
964 3957 1022 3996 se
1052 3944 1375 4008 contineret,
1409 3942 1586 3995 futura
1621 3952 1876 4011 tanquam
1909 3958 2146 4013 praesen-
2252 3934 2303 3988 ίη
2329 3944 2590 3988 εειετηυιη
2629 3952 2643 3988 ε
2677 3949 2867 3987 omnes
2897 3933 2988 4003 qui
3025 3942 3209 3993 lenem
3238 3947 3377 4000 eam.
3416 3931 3725 4001 ρθτνθηίεηι
3752 3927 3805 4005 aii

570 4032 640 4086 tia
673 4034 1000 4102 praesagivit.
1029 4034 1095 4089 Et
1129 4036 1420 4105 Sapientiae
1444 4038 1556 4091 tunc
1590 4046 1673 4091 est
1705 4054 1721 4093 ς
1750 4056 1768 4088 ‹
1808 4038 1940 4093 Cum
1970 4052 2144 4091 meum
2250 4028 2416 4082 vitam
2442 4044 2456 4082 :
2482 4028 2571 4095 qui
2596 4036 2777 4081 autem
2811 4026 3217 4104 dereliquerunt
3238 4027 3454 4093 eam,iu
3484 4034 3703 4089 mortem
3722 4020 3758 4073 ⁸.
3785 4036 3799 4068 ι

568 4121 764 4180 pinum
809 4142 919 4181 ηοη
972 4128 1264 4197 audierim,
1303 4144 1401 4200 ego
1452 4145 1665 4199 quoque
1696 4145 1791 4186 eos
1829 4145 1937 4185 non
1981 4144 2147 4184 εχαιι-
2249 4119 2329 4173 En
2360 4119 2512 4175 vobis
2542 4120 2840 4172 naturalem
2882 4116 3115 4184 Filium;
3154 4133 3327 4195 neque
3361 4118 3508 4173 enim
3542 4121 3803 4178 contentus

565 4214 732 4278 diam,
774 4219 950 4287 inquit
985 4220 1247 4276 Dominus
1277 4222 1641 4291 omnipotens.
1692 4242 1708 4271 ο
2249 4223 2335 4269 ρει
2362 4211 2624 4294 propheta
2663 4212 2866 4268 diXisse
2902 4230 2916 4267 ἒ
2953 4230 2971 4264 ί
3020 4210 3116 4267 ΙΙῖο
3138 4224 3223 4297 εει
3257 4211 3397 4265 Deus
3442 4221 3648 4275 ηοεῑθῖι
3683 4216 3731 4261 ει
3759 4204 3804 4256 in

635 4306 760 4363 Jun.
791 4308 1034 4367 insolens
1084 4313 1237 4367 nobis
1289 4328 1391 4366 non
1424 4315 1658 4378 videtur,
1695 4322 1915 4367 unctum
1949 4328 1976 4366 a
2018 4327 2149 4382 pro-
2252 4306 2413 4361 terris
2434 4307 2583 4371 visus
2601 4314 2707 4371 εει,
2735 4314 2927 4371 etcqu
2958 4304 3269 4358 hominibus
3291 4311 3649 4365 conversatus
3670 4306 3761 4363 εει,
3782 4311 3801 4346 ⁸

570 4402 769 4470 phetis,
820 4404 1049 4456 Puerum
1097 4414 1152 4459 et
1203 4404 1399 4459 Filium
1452 4406 1540 4459 Dei
1579 4406 1781 4460 vocari.
1830 4402 1964 4458 Nam
1998 4416 2050 4460 et
2078 4405 2148 4461 de
2249 4399 2342 4463 sed
2369 4396 2460 4465 Dci
2496 4410 2887 4467 praceptorum
2916 4401 3076 4483 etiam
3104 4397 3301 4452 librum
3334 4395 3648 4483 θρρβηδνίίο
3682 4389 3805 4483 δέη·

569 4492 724 4547 nobis
759 4493 927 4548 lsaias
959 4496 1153 4549 eﬂatur
1199 4496 1309 4567 (9.9)
1345 4516 1359 4551 :
1402 4514 1419 4548 ς
1470 4497 1723 4567 Ephraim
1759 4498 2146 4570 primogenitus
2183 4567 2207 4570 _
2251 4498 2337 4545 σει
2368 4491 2481 4556 θεῖ,
2514 4501 2569 4545 ει
2597 4489 2797 4563 Ρίὶίνῖερ
2835 4501 2888 4563 ει
2924 4490 2975 4542 i"
3024 4482 3341 4556 νέετυειυυηι
3394 4480 3707 4541 δυτδίυηηδ
3740 4480 3802 4532 ιε’

568 4596 719 4634 meus
751 4594 850 4636 est.
890 4602 910 4635 ι
1945 4567 1960 4570 ⁷
2178 4567 2225 4623 Ῐ)
2253 4598 2396 4653 gem,
2428 4583 2477 4638 id
2502 4592 2603 4648 est,
2635 4596 2948 4652 perennem,
2983 4583 3101 4648 sine
3134 4580 3502 4642 successione,
3538 4573 3801 4645 impatien-

635 4676 862 4735 Cnatsr.
917 4679 1091 4735 Dixin’
1136 4680 1308 4749 vobis,
1364 4684 1497 4754 legis
1549 4692 1910 4754 tegumentum
1956 4700 2062 4740 non
2115 4700 2145 4741 e

2249 4684 2352 4742 tem
2391 4674 2727 4745 ﬁnis..Addit
2768 4690 2782 4727 :
2823 4692 2841 4725 ι
2881 4673 2981 4740 Qui
3021 4683 3205 4728 tenent
3240 4688 3383 4736 eam,
3411 4672 3719 4740 pervenient
3746 4664 3801 4717 ad

568 4767 783 4834 litteris,
811 4771 902 4823 sed
933 4776 1317 4841 vestigatorum
1337 4783 1388 4827 et
1411 4774 1758 4843 quaesitorum
1793 4774 2144 4844 intelligentia
2244 4766 2433 4830 vitam,
2471 4785 2493 4817 ι
2533 4774 2791 4824 aeternam
2838 4765 3027 4835 procul
3076 4764 3260 4833 dubio.
3302 4762 3435 4816 Nam
3489 4764 3579 4832 qui
3625 4770 3802 4814 aeterno

569 4858 820 4912 censeri?
848 4856 919 4913 Ut
951 4861 1092 4914 enim
1125 4870 1234 4915 tum
1268 4876 1373 4915 non
1400 4877 1586 4918 omnes
1614 4877 1743 4917 sane
1777 4862 1952 4916 vultus
1985 4862 2145 4916 Mosis

572 4950 912 5019 splendorem
949 4951 1201 5023 irretorte
1235 4952 1605 5020 intuebantur,
1636 4952 1730 5007 sed
1760 4953 1857 5007 soli
1892 4950 2144 5009 divinitus

567 5042 759 5105 electi;
795 5042 866 5095 ita
899 5044 985 5101 hic
1011 5058 1226 5115 quoque
1257 5046 1451 5098 metuis
1476 5046 1650 5100 oculis
1683 5048 1845 5115 capti,
1882 5046 1947 5100 ad
1977 5061 2143 5099 sacrae

572 5132 866 5205 Scriptura:
899 5134 1071 5199 lucem
1100 5126 1417 5203 cdacutiunt,
1453 5146 1507 5191 ut
1539 5148 1593 5191 et
1615 5153 1709 5192 vos
1743 5137 1799 5207 in
1836 5138 2140 5206 praesentia.

570 5223 752 5292 Neque
796 5227 939 5280 enim
990 5228 1298 5303 Salomonis
1351 5232 1663 5286 vaticinium
1723 5233 1921 5289 mentis
1956 5242 2145 5286 vestrae

572 5303 849 5372 oculorum
907 5320 1283 5389 lippitudinem
1349 5324 1414 5377 ad
1473 5326 1800 5378 cernendam
1861 5326 2143 5379 veritatem

640 5508 686 5539 ’⁷
724 5507 961 5563 Baruch.
1007 5523 1087 5570 ιιι,
1127 5506 1315 5563 56-58.

573 5579 592 5609 ⁸
630 5577 739 5636 lsa.
782 5596 818 5646 ι,
862 5581 917 5635 ‘2.
993 5580 1012 5612 ³
1052 5579 1284 5633 Baruch.
1329 5593 1422 5639 tu,
1467 5579 1553 5633 58.
1630 5578 1651 5609 δ
1689 5576 1920 5633 Baruch.
1963 5593 2038 5646 tv,
2080 5580 2129 5632 1.

638 5735 750 5807 (29)
783 5735 894 5790 lino
925 5731 1188 5790 Jeremias
1215 5732 1449 5807 “3579.

1392 5505 1631 5563 “‘.Gen.
1673 5522 1799 5571 xxv,
1862 5505 1953 5560 23.
2028 5507 2074 5539 ⁸⁸
2115 5505 2249 5561 Gen.
2293 5522 2524 5575 xxxvut,
2565 5506 2653 5563 29.

1409 5619 1422 5634 .
1467 5579 1553 5633 58.
1630 5578 1651 5609 δ
1689 5576 1920 5633 Baruch.
1963 5593 2038 5634 tv.
2080 5580 2129 5632 1.
2208 5579 2228 5609 ⁸
2270 5578 2404 5634 ibid.

2244 4860 2504 4924 servient,
2526 4868 2786 4928 teternuni
2808 4872 2912 4910 uua
2939 4857 3100 4910 etiam
3126 4855 3444 4924 regnabunt.
3478 4874 3496 4906 ι
3529 4855 3797 4920 Quintilem

2244 4949 2651 5020 dereliquerunt
2698 4963 2839 5011 eam,
2890 4948 2943 5001 in
2987 4957 3250 5013 mortem;
3293 4964 3309 4997 ι
3345 4946 3397 5013 in
3431 4957 3656 5001 mortem
3687 4954 3799 5001 sane

2241 5020 2352 5105 non
2399 5044 2539 5097 hanc
2587 5057 2647 5115 se
2680 5041 2937 5101 inducent
2969 5041 3299 5109 corporalem
3344 5037 3524 5109 (nemo
3560 5047 3636 5092 est
3669 5034 3792 5090 enim

2243 5138 2517 5203 hominum
2575 5136 2762 5199 mortis
2816 5134 3057 5209 expers),
3110 5135 3202 5187 sed
3256 5132 3458 5199 animi;
3505 5144 3619 5211 qua:
3661 5134 3708 5181 et
3748 5126 3791 5183 in

2245 5230 2510 5289 exstincto
2548 5230 2672 5301 igne
2702 5242 2920 5304 semper
2964 5230 3172 5293 ardeat,
3207 5236 3261 5281 ct
3309 5239 3581 5293 nunquam
3614 5234 3787 5279 consu-

2247 5330 2445 5376 matur.
2500 5320 2654 5386 Quod
2706 5320 2751 5374 si
2798 5335 2865 5375 ex
2899 5319 3049 5373 lsaia:
3083 5332 3299 5388 quoque
3330 5316 3585 5371 vaticinio
3619 5309 3788 5367 intelli-

2731 5509 2776 5540 ⁹⁹
2816 5505 2985 5564 Exod.
3021 5522 3095 5576 tv,
3136 5506 3224 5560 92.
3307 5486 3336 5533 'V
3362 5500 3561 5557 Jerem.
3603 5517 3667 5566 ιι,
3708 5492 3779 5551 l3.

639 5798 751 5880 {50)
788 5808 899 5863 lino
929 5808 1098 5862 Exod.
1138 5822 1213 5873 vr,
1243 5798 1460 5861 22(Sic
1500 5819 1528 5859 a
1564 5803 1622 5861 S.
1660 5804 1829 5863 Paulo
1857 5805 2123 5863 secundus
2170 5804 2340 5861 Adam
2369 5810 2421 5858 et
2460 5800 2673 5856 futurus
2706 5798 2923 5855 dicitur.
