4006 6284
283 374 399 437 845

1362 368 1747 430 DIALOGUS
1787 365 2090 428 CONTRA
2139 365 2474 427 JUDEOS.

3429 368 3537 431 846

288 504 419 555 gere
454 488 617 543 vultis
647 489 778 559 quid
810 488 876 544 de
905 486 1195 561 Unigenito
1214 494 1453 549 censeat,
1484 486 1664 540 audite
1685 484 1859 553 palam
1891 488 1937 546 Α
1966 490 2172 551 naturae
2222 480 2338 553 lege
2393 482 2731 551 desperatum
2779 490 2885 540 est.
2928 501 2947 535 r
3010 483 3329 554 Requiescet
3380 501 3543 557 super

289 572 677 629 vociferantem
716 592 730 628 :
769 592 787 624 ι
827 569 1089 627 Parvulos
1126 580 1283 625 natus
1319 577 1402 625 est
1428 570 1606 635 nobis,
1638 578 1692 623 et
1724 568 1867 621 illius

284 668 450 723 datus
472 678 551 734 est
580 668 761 730 nobis,
799 679 850 723 et
883 669 1056 721 lactus
1081 677 1161 721 est
1197 666 1535 736 principatus
1574 679 1737 734 super
1764 663 1863 717 hu-

287 777 499 817 merum
526 762 645 828 ejus
668 762 711 816 ⁸.
754 780 772 813 ι
809 760 1048 828 Quorum
1101 760 1387 814 verborum
1438 759 1551 813 haec
1591 757 1860 812 sententia

282 864 370 909 est
401 871 416 910 :
448 853 641 925 Opifex
692 855 783 910 ille
830 853 995 908 futuri
1038 867 1102 908 ac
1127 851 1383 923 perennis
1410 852 1531 917 aevi,
1567 852 1731 915 Deus,
1766 862 1862 917 po-

282 958 452 1011 tens,
513 948 763 1017 princeps
820 947 973 1016 pacis
1037 956 1200 1015 atque
1250 952 1474 1008 custos,
1541 941 1863 1011 Unigenitus

281 1040 500 1102 aeterni,
524 1048 577 1094 et
605 1042 727 1096 sine
757 1038 1023 1108 principio
1054 1036 1253 1100 Patris,
1290 1034 1577 1105 postremis
1607 1034 1862 1103 tempori-

286 1137 389 1188 bus
439 1134 557 1188 sine
599 1132 899 1186 mutatione
943 1144 1174 1201 corpore
1227 1130 1471 1192 indutus,
1512 1127 1653 1182 Puer
1707 1127 1862 1181 nobis

284 1233 467 1289 natus,
508 1223 676 1279 Filius
732 1225 889 1281 nobis
942 1223 1101 1278 datus
1140 1233 1226 1288 est
1268 1242 1282 1279 :
1337 1225 1495 1279 datus
1539 1223 1681 1293 quod
1721 1230 1859 1288 erat,

281 1315 457 1384 Deus;
495 1330 652 1372 natus
678 1318 821 1389 quod
870 1334 974 1373 non
1022 1330 1157 1385 erat,
1194 1319 1376 1372 homo.
1410 1335 1429 1369 t
1470 1316 1539 1371 Et
1571 1315 1745 1370 factus
1779 1321 1861 1370 est

278 1410 625 1479 principatus
672 1425 830 1477 super
876 1410 1160 1465 humerum
1197 1409 1352 1481 ejus;
1403 1427 1424 1463 ο
1461 1423 1591 1464 crus
1632 1406 1857 1471 scilicet,

282 1502 530 1558 victoriae
561 1512 614 1558 et
641 1502 975 1573 principatus
1003 1504 1237 1572 signum.

354 1592 475 1651 1am
510 1594 748 1650 Michzeaa
775 1595 886 1650 haec
912 1606 1040 1649 sunt
1084 1595 1241 1648 verba
1272 1610 1329 1651 ιι
1371 1592 1435 1648 Ει
1465 1601 1520 1646 tu
1557 1589 1857 1653 Bethleem,

279 1698 429 1742 terra
462 1686 621 1753 Juda,
663 1701 1000 1757 nequaquam
1060 1686 1282 1741 minima
1322 1700 1383 1741 es
1431 1686 1483 1739 in
1529 1682 1860 1754 principibus

275 1777 461 1833 Juda:
504 1793 568 1832 ex
605 1788 657 1834 te
702 1780 847 1832 enim
893 1776 1037 1833 eiiet
1086 1777 1215 1839 dux,
1267 1778 1359 1846 qui
1411 1787 1560 1847 regat
1605 1774 1857 1845 populum

1968 590 2089 631 eum
2117 575 2355 645 Spiritus
2389 573 2622 630 Domini.
2662 591 2682 628 ι
2721 577 2896 646 Super
2924 578 3118 647 quem?
3144 594 3307 649 super
3341 581 3540 637 radicis

1967 669 2179 723 scilicet
2206 670 2417 729 ﬂorem.
2464 680 2517 723 et
2547 668 2786 739 Virginis
2832 679 3038 734 natum.
3078 670 3210 725 Nam
3247 674 3424 729 simile
3461 676 3537 730 si-

1970 760 2080 815 mili
2108 760 2391 815 coalescit.
2427 760 2640 830 Septem
2688 776 2815 817 vero
2854 761 3087 832 Spiritus
3136 774 3340 835 septem
3398 767 3536 823 dona

1966 850 2202 923 Spiritus
2233 852 2492 922 intelligc.
3212 849 3218 853 ⁴

2020 949 2198 1003 Αόόὶι
2247 961 2409 1016 porro
2446 964 2459 999 :
2503 945 2660 1000 «Non
2694 948 2991 1002 secundum
3044 950 3305 1005 visionem
3348 950 3535 1003 oculo-

1968 1057 2087 1095 rum
2130 1040 2439 1108 iudicabit,
2478 1056 2649 1109 neque
2693 1040 2988 1094 secundum
3042 1042 3275 1095 auditum
3323 1044 3533 1096 aurium
3615 1071 3619 1077 -

1968 1144 2195 1204 arguet;
2225 1153 2244 1185 ι
2306 1134 2551 1188 homines
2584 1132 2727 1186 enim
2781 1148 2887 1187 non
2944 1150 3009 1187 ex
3044 1149 3221 1204 aequo,
3262 1146 3316 1189 et
3351 1138 3536 1204 explo-

1967 1234 2085 1277 rata
2119 1224 2369 1285 veritate,
2416 1224 2510 1277 Sf‘tl
2564 1238 2627 1277 ex
2679 1227 2960 1293 apparenti
3014 1240 3169 1294 aquo
3200 1236 3247 1277 et
3305 1227 3535 1281 veritate

1959 1318 2227 1389 jndicant.
2268 1316 2421 1384 Quod
2448 1319 2781 1387 perstricieus
2814 1318 3009 1382 David,
3039 1330 3159 1372 orat
3209 1336 3222 1371 :
3281 1339 3299 1370 ς
3334 1318 3525 1376 Judica

1954 1428 2070 1476 me,
2108 1412 2354 1473 Domine,
2399 1410 2979 1474 secttndumjustitiam
2998 1411 3231 1476 meam’,
3268 1430 3285 1463 t
3323 1428 3425 1467 non
3467 1427 3533 1467 ex

1967 1501 2226 1557 ittcﬂaltili
2272 1511 2328 1555 et
2374 1502 2641 1555 immenso
2685 1500 2915 1570 justitite
2960 1512 3062 1556 tute
3105 1504 3317 1575 pelago.
3356 1504 3534 1573 Atque

1965 1594 2018 1647 id
2052 1608 2239 1646 verum
2299 1605 2419 1647 csse
2450 1591 2729 1646 declarant
2764 1607 2883 1659 quae
2932 1602 3255 1661 sequuntur,
3300 1596 3536 1663 prophe-

1966 1694 2035 1741 ιω
2067 1684 2281 1739 verba:
2325 1703 2344 1735 t
2383 1681 2488 1737 Sed
2531 1681 2801 1751 judicabit
2853 1683 2903 1735 itt
2929 1682 3143 1752 justitia
3179 1699 3463 1752 pauperes,
3508 1704 3527 1735 ι

1966 1779 2018 1832 id
2072 1789 2156 1833 est
2208 1778 2392 1831 animo
2439 1776 2670 1831 humiles
2718 1791 2817 1846 pro
2847 1775 3059 1845 justitia
3106 1792 3203 1832 sua
3254 1777 3530 1846 explorata

280 1883 463 1923 meum
513 1868 702 1934 “€301,
742 1878 797 1923 ει
828 1882 1080 1940 egressus
1120 1867 1239 1938 eius
1278 1868 1348 1922 ab
1396 1866 1570 1930 illiti".
1607 1880 1636 1919 3
1666 1865 1855 1920 diebus
1886 1854 1932 1916 Β
1962 1871 2276 1936 coronabit;
2326 1869 2779 1939 quemadmodum
2824 1869 2889 1922 de
2947 1868 3050 1924 hoc
3096 1886 3313 1941 quoque
3365 1869 3529 1926 David

275 1962 602 2016 aeternitatis
619 1961 661 2015 ⁷.
704 1980 722 2013 ι
758 1962 912 2029 Quod
937 1960 981 2015 si
1015 1960 1082 2015 ab
1119 1960 1337 2015 retentis
1366 1959 1699 2027 temporibus
1741 1960 1857 2026 ejus

272 2056 433 2124 origo
478 2063 581 2121 est,
630 2054 796 2123 igitur
832 2053 924 2123 qui
979 2062 1138 2106 natus
1178 2062 1285 2116 est,
1338 2052 1477 2106 Deus
1507 2061 1610 2117 est,
1662 2049 1857 2105 nullius

271 2148 426 2205 enim
461 2147 601 2200 meri-
633 2146 869 2201 hominis
902 2146 954 2201 in
987 2147 1137 2201 omni
1168 2146 1425 2201 memoria
1466 2155 1549 2201 est
1589 2145 1658 2200 ah
1699 2155 1858 2201 aeter-

272 2240 365 2292 nis
420 2238 749 2307 temporibus
795 2238 945 2309 origo
1001 2238 1228 2304 audita,
1283 2238 1385 2293 sed.
1429 2237 1563 2303 Dei,
1622 2236 1855 2292 hominis

274 2329 427 2393 facti.
537 2328 543 2334 ’

808 2443 1035 2501 CAPUT
1088 2443 1323 2499 XXXI”.

502 2579 667 2635 Isaia:
707 2578 1013 2649 vaticinium
1052 2580 1252 2649 egregie
1289 2577 1632 2661 explicatum.

351 2696 584 2751 Rursum
638 2694 829 2752 scribit
878 2693 1043 2749 Isaias
1086 2712 1100 2748 :
1140 2711 1161 2745 ι
1215 2692 1533 2765 Egredietur
1580 2693 1728 2761 virga
1786 2692 1855 2747 de

277 2792 461 2845 radice
501 2789 676 2855 Jesse,
726 2799 779 2843 et
826 2786 923 2843 llos
970 2787 1036 2842 de
1083 2785 1263 2841 radice
1296 2786 1415 2855 ejus
1455 2786 1738 2845 ascendet.
1788 2782 1853 2843 Et

280 2883 585 2953 requiescet
637 2895 803 2950 super
847 2894 971 2943 eum
1026 2876 1261 2947 Spiritus
1310 2873 1521 2933 Domini
1560 2892 1575 2930 :
1618 2874 1852 2946 Spiritus

273 2977 583 3046 sapientiai,
615 2985 669 3033 et
707 2972 1040 3039 intellectus,
1079 2967 1316 3040 Spiritus
1350 2967 1584 3035 consilii,
1616 2978 1669 3025 et
1698 2966 1852 3030 forti-

273 3068 507 3131 tudinis,
558 3066 792 3137 Spiritus
840 3064 1102 3128 scientiae,
1146 3070 1200 3117 et
1248 3060 1486 3130 pictatis,
1536 3068 1591 3119 et
1624 3060 1851 3129 repleuit

273 3178 401 3215 cum
437 3160 674 3229 Spiritus
713 3158 921 3214 timoris
965 3154 1179 3213 Domini
1227 3172 1242 3223 ς
1285 3169 1403 3213 ηαη,
1439 3153 1733 3212 secundum
1768 3154 1846 3210 vi-

273 3214 493 3310 sionem.
518 3220 797 3319 oculorum
824 3248 1112 3319 iudicabit,
1148 3261 1322 3319 neque
1357 3246 1653 3307 secundum
1688 3246 1848 3305 audio
1874 3214 1919 3274 θ

270 3354 389 3401 tum
419 3344 631 3399 aurium
673 3353 860 3413 arguet
891 3361 905 3396 :
931 3342 1025 3396 sed
1046 3340 1312 3411 judicabit
1338 3341 1388 3397 in
1408 3337 1615 3419 justitia
1646 3353 1848 3409 paupev

272 3433 389 3507 res,
425 3450 480 3495 et
510 3448 701 3509 arguet
733 3439 785 3492 in
816 3438 1069 3505 equitate
1104 3451 1202 3507 pro
1232 3433 1529 3490 mansuetis
1560 3440 1719 3488 terrae
1749 3450 1763 3485 :
1796 3443 1852 3487 et

269 3534 543 3607 percutiet
573 3543 777 3587 terram
805 3532 956 3601 virga
983 3530 1097 3585 Oris
1126 3530 1234 3595 sui,
1265 3538 1322 3584 et
1351 3528 1548 3597 spiritu
1581 3527 1846 3581 labiornm
1878 3550 1883 3553 -

272 3629 565 3685 interticiet
588 3626 835 3697 impium.
872 3623 936 3678 Et
974 3624 1075 3678 erit
1098 3623 1308 3692 jttstitia
1334 3620 1609 3691 cingulum
1641 3616 1851 3675 lumbo-

273 3737 396 3775 rum
420 3720 559 3791 ejus,
590 3728 643 3774 et
673 3719 807 3773 ﬁdes
834 3716 1161 3771 cinctorium
1189 3729 1379 3769 renum
1407 3702 1544 3782 ejus.
1577 3710 1860 3777 Habitabit

272 3815 439 3885 lupus
469 3828 593 3867 cum
627 3824 808 3880 agno:
841 3819 898 3865 et
928 3808 1129 3879 pardus
1162 3820 1283 3863 cum
1324 3808 1479 3862 IIme
1519 3806 1804 3861 accubabit
1834 3822 1849 3859 :

272 3908 486 3963 vitulus
513 3918 567 3961 et
595 3899 699 3971 leo,
729 3914 784 3958 et
826 3906 943 3959 oris
990 3902 1151 3957 simul
1200 3902 1571 3966 morabuntur,
1618 3910 1672 3956 et
1719 3916 1852 3970 puer

276 4003 547 4074 parvulus.
569 4000 800 4055 minabit
828 4012 943 4054 eos.
984 3995 1195 4051 Vilulus
1237 4004 1291 4050 et
1321 4010 1479 4049 ursus
1516 4007 1803 4063 pascentur
1833 4012 1847 4050 :

274 4096 444 4153 simul
475 4095 815 4163 requiescent
865 4089 1027 4145 catuli
1068 4103 1255 4143 eorum
1303 4105 1317 4141 :
1364 4098 1417 4141 et
1456 4086 1538 4141 leo
1568 4088 1719 4155 quasi
1754 4089 1851 4144 bos

270 4191 523 4246 comedet
572 4188 777 4257 paleas.
838 4186 901 4239 Et
951 4182 1307 4239 delectabitur
1354 4180 1531 4236 infans
1575 4182 1643 4236 ab
1688 4180 1851 4237 ubere

276 4297 447 4351 super
488 4280 753 4336 foramine
788 4278 990 4349 aspidis
1022 4294 1035 4330 :
1077 4287 1131 4330 et
1162 4277 1213 4328 in
1255 4289 1485 4329 caverna
1532 4273 1721 4345 reguli,
1759 4273 1850 4342 qui

277 4375 590 4431 ablactatus
616 4370 797 4437 fuerit,
840 4384 1063 4426 manum
1102 4384 1259 4423 suam
1296 4369 1493 4422 mittet.
1540 4365 1657 4419 Non
1689 4380 1849 4420 noce-

275 4460 432 4537 bunt,
475 4477 529 4519 et
582 4480 687 4517 non
734 4463 983 4517 occident
1032 4462 1085 4515 in
1138 4462 1391 4515 universo
1438 4470 1620 4512 monte
1662 4468 1852 4512 sancto

1958 1966 2273 2033 proﬁtetur:
2302 1981 2319 2013 t
2347 1961 2413 2015 Et
2441 1962 2668 2016 humiles
2687 1962 2875 2030 spiritu
2902 1963 3153 2026 salvabit,
3182 1974 3235 2017 et
3264 1975 3527 2020 terrarum

1960 2053 2196 2108 illustres
2260 2068 2322 2107 ex
2371 2069 2528 2124 aequo
2593 2055 2824 2124 corriget
2874 2054 2951 2120 “;
2990 2074 3007 2105 ι
3078 2066 3343 2109 terrarum
3402 2057 3524 2111 illu.

1958 2159 2097 2205 διε-βε
2124 2147 2213 2205 hic
2249 2151 2523 2202 ttaetttoncs
2559 2148 3013 2217 cogitandisunt,
3044 2158 3096 2203 et
3125 2165 3314 2203 eorum
3352 2149 3529 2206 admi-

1960 2242 2161 2296 nistri:
2213 2241 2409 2295 merito
2456 2240 2623 2305 enim,
2672 2241 2764 2310 qui
2816 2244 2999 2295 mundi
3055 2241 3328 2311 principes
3379 2252 3529 2307 sunt,

1958 2345 2114 2393 terra;
2142 2348 2361 2403 quoque
2390 2333 2624 2391 illustres
2647 2342 2796 2398 sunt,
2824 2334 2887 2386 de
2923 2334 3097 2402 iisque
3131 2345 3184 2387 et
3214 2334 3380 2388 David
3411 2334 3526 2388 ait:

1961 2442 1980 2475 ι
2013 2428 2243 2495 Arguam
2284 2436 2356 2484 te.
2385 2434 2438 2477 et
2468 2436 2701 2475 statuam
2737 2432 2923 2476 contra
2960 2423 3153 2478 facient
3206 2434 3351 2479 tuam
3400 2426 3466 2478 ¹¹.
3504 2445 3522 2477 ι

1956 2515 2110 2581 Quod
2137 2512 2287 2567 addit
2322 2530 2335 2567 :
2374 2532 2391 2564 ι
2440 2511 2719 2567 Percutiet
2770 2524 2970 2566 terram
3009 2515 3157 2582 virga
3202 2516 3316 2567 oris
3362 2516 3468 2576 sui,
3500 2534 3521 2567 ι

1955 2609 2258 2670 daemonum
2311 2606 2608 2675 perniciem
2639 2615 2809 2660 notat.
2844 2604 2976 2658 Nam
3014 2617 3069 2659 ut
3103 2605 3171 2659 de
3214 2607 3333 2661 caeli
3370 2609 3527 2662 moli-

1958 2701 2101 2757 tione
2128 2702 2318 2762 scribit
2347 2700 2511 2755 David
2545 2716 2560 2752 :
2618 2719 2636 2751 ο
2670 2696 2847 2754 Verbo
2898 2700 3108 2755 Demitti
3154 2700 3274 2753 coeli
3330 2699 3527 2756 firmati

1956 2802 2105 2856 sunt,
2131 2800 2187 2846 ct.
2214 2792 2406 2862 spiritu
2442 2792 2554 2846 oris
2586 2790 2703 2861 ejus
2739 2792 2919 2845 omnis
2952 2790 3123 2849 virtus
3152 2806 3342 2847 eorum
3369 2794 3449 2858 ";
3502 2812 3521 2842 ι

1955 2886 2027 2940 ita
2055 2897 2109 2941 et
2138 2885 2301 2941 Isaias
2336 2894 2389 2940 et
2416 2887 2717 2945 dastnonum
2745 2886 3036 2956 perniciem
3064 2886 3523 2955 atqueinteritum

1956 2978 2299 3044 vaticinans,
2352 2989 2554 3033 terram
2604 2980 2686 3033 sui
2736 2978 2848 3034 oris
2885 2977 3063 3033 effatis
3114 2978 3521 3034 verberaturum

1955 3068 2217 3139 praedicit.
2255 3086 2275 3119 ι
2306 3066 2539 3123 Verbum
2580 3070 2718 3134 oris,
2749 3086 2770 3120 ο
2822 3069 3157 3139 unigenitum
3195 3068 3394 3124 Filium
3430 3082 3523 3126 νο.

1953 3177 2107 3217 cans.
2144 3181 2162 3214 t
2199 3161 2261 3219 Et
2301 3162 2495 3233 spiritu
2523 3162 2787 3217 labiorutn
2834 3177 3056 3218 suorum
3092 3162 3381 3219 interliciet
3416 3162 3520 3217 itu-

1955 3256 2137 3324 pium;
2173 3272 2191 3305 ι
2233 3255 2320 3309 hic
2348 3268 2561 3309 rursum
2593 3254 2883 3315 dammues,
2917 3262 2973 3307 et
2996 3266 3186 3306 eorum
3219 3252 3522 3307 administri

1953 3342 2253 3413 accipiendi
2280 3352 2428 3409 sunt,
2476 3358 2613 3412 quos
2663 3342 2822 3410 paulo
2867 3352 2993 3409 ante
3057 3362 3076 3394 ι
3110 3341 3388 3395 illustres»
3430 3357 3524 3397 no-

1954 3436 2198 3491 minarit.
2234 3434 2412 3503 Atque
2458 3436 2508 3492 ei
2551 3444 2749 3501 nostra:
2801 3433 3032 3505 orationi
3083 3434 3241 3489 [idem
3294 3433 3520 3499 faciunt,

1953 3527 2152 3582 Christi
2178 3526 2283 3581 mci
2320 3528 2371 3580 in
2394 3524 2625 3581 furiosos
2651 3524 2907 3585 miracula
2932 3522 3218 3580 luculenta.
3270 3541 3288 3575 ι
3321 3524 3387 3578 Ει
3417 3523 3524 3579 erit

1946 3616 2156 3687 justitia
2206 3617 2481 3693 cingulum
2518 3616 2819 3673 lumborum
2863 3616 3000 3691 ejus,
3051 3622 3105 3671 et
3147 3614 3279 3681 fides
3311 3617 3517 3687 cincto-

1954 3711 2089 3764 rium
2118 3725 2305 3763 renum
2333 3710 2479 3781 ejus;
2510 3729 2529 3762 ›
2562 3708 2771 3771 lumbos
2791 3718 2847 3783 ct
2878 3709 3044 3763 latera
3069 3709 3281 3776 dicens,
3307 3726 3519 3783 omnem

1952 3810 2201 3877 corporis
2232 3807 2753 3877 coagmentationetn
2798 3807 2994 3871 innuit,
3037 3798 3095 3873 et
3145 3823 3325 3877 meum
3358 3808 3520 3863 Chri-

1952 3913 2096 3968 stum
2148 3903 2477 3976 ipsissimam
2530 3917 2651 3959 esse
2719 3902 2986 3971 justitiam
3034 3912 3086 3955 et
3136 3902 3334 3972 iidem;
3378 3896 3519 3973 quod

1953 4000 2281 4070 praesagiens
2309 4009 2361 4065 et
2399 3996 2565 4059 David
2604 4000 2721 4057 ait:
2776 4018 2795 4050 ι
2829 3985 3050 4059 ,Ιυέιίιίε
3092 4011 3178 4052 tua
3213 4000 3421 4068 iustitia
3464 3999 3518 4053 in

1953 4104 2242 4157 aeternum,
2277 4104 2331 4157 et
2358 4093 2439 4151 lex
2475 4108 2563 4153 tua
2589 4094 2789 4156 veritas
2827 4094 2887 4145 *³.
2930 4114 2948 4145 ι

2022 4183 2179 4257 Quod
2228 4186 2413 4240 subdit
2456 4202 2469 4237 :
2513 4185 2843 4247 qliabitabit
2898 4187 3053 4255 lupus
3106 4202 3226 4247 cum
3279 4204 3418 4259 agno
3466 4200 3522 4244 et

1953 4278 2150 4347 pardus
2188 4291 2313 4333 cum
2360 4277 2513 4335 haedo
2557 4276 2846 4336 accubaltit
2888 4299 2898 4332 :
2939 4277 3161 4343 vitulus,
3210 4287 3265 4334 et
3312 4282 3416 4345 leo,
3466 4296 3522 4343 et

1954 4367 2072 4429 ovis
2102 4368 2264 4431 simul
2315 4370 2671 4431 morabuntur
2700 4383 2715 4422 :
2754 4367 2955 4423 vitulus
2990 4378 3043 4433 et
3081 4385 3240 4429 ursus
3273 4387 3506 4440 pascen-

1956 4469 2063 4514 tur.
2116 4455 2291 4523 Simul
2338 4462 2677 4529 rcquieseeut
2717 4459 2886 4515 catuli
2938 4476 3149 4521 eorum.
3184 4480 3203 4513 ι
3245 4461 3321 4519 Ex
3373 4467 3519 4521 omni

277 4573 441 4612 meo:
474 4556 597 4624 quia
642 4554 841 4623 repleta
878 4562 957 4606 est
996 4560 1139 4605 terra
1175 4549 1397 4604 scientia
1441 4546 1673 4615 Domini,
1707 4548 1848 4620 sicut
1879 4572 1924 4627 ι)
1955 4552 2217 4613 memoria
2258 4552 2309 4618 in
2357 4553 2556 4623 pietate
2582 4566 2909 4612 consertarum
2955 4564 3009 4608 et
3053 4557 3515 4625 conspirationem

276 4669 435 4724 aqua:
463 4653 629 4706 maris
656 4649 985 4719 Operientes.
1029 4646 1081 4700 In
1115 4645 1202 4701 die
1235 4645 1323 4700 illa
1356 4644 1503 4700 radix
1550 4642 1723 4709 lesse,
1758 4644 1849 4713 qui

271 4758 389 4803 stat
439 4747 492 4802 in
543 4745 754 4815 signum
800 4740 1139 4812 populorum,
1184 4738 1355 4807 ipsum
1388 4746 1573 4807 gentes
1598 4737 1853 4805 depreca-

281 4839 509 4897 buntur,
541 4846 595 4891 et
638 4834 741 4889 erit
771 4833 1077 4902 sepulcrum
1115 4830 1231 4898 ejus
1268 4829 1555 4898 gloriosum
1586 4828 1627 4881 ⁸.
1671 4846 1690 4879 ι
1726 4826 1854 4893 Quae

279 4943 365 4987 est
425 4932 542 4985 haec
594 4927 745 4985 radix
795 4925 988 4985 Iesse?
1048 4941 1112 4979 ex
1169 4923 1329 4981 effeto
1387 4934 1541 4976 utero
1594 4931 1853 4990 prognata

287 5023 471 5094 Virgo.
508 5022 641 5087 Quis
674 5034 801 5075 vero
832 5018 969 5077 llos?
998 5034 1063 5074 ex
1110 5015 1329 5087 Virgine
1370 5016 1683 5071 incarnatus
1730 5017 1853 5070 sine

279 5118 583 5173 mutatione
611 5114 772 5169 Deus.
811 5108 922 5169 Cur
961 5117 1141 5166 autem
1192 5123 1298 5167 uon
1346 5109 1423 5165 ait
1468 5124 1481 5162 :
1542 5107 1855 5177 Egredietur

278 5208 534 5281 (fructus)
566 5206 630 5264 de
668 5201 882 5277 radice;
930 5199 1022 5261 scd
1054 5197 1178 5261 Flos
1210 5199 1285 5263 de
1309 5198 1487 5263 radice
1515 5199 1628 5265 ejus
1661 5214 1854 5255 ascen-

279 5299 417 5358 det?
450 5318 470 5352 ι
500 5297 726 5366 Propter
754 5308 1020 5347 summam
1048 5289 1285 5360 Virginis
1317 5288 1704 5359 integritatem.
1736 5305 1854 5357 αιιω

283 5395 457 5448 virum
488 5392 693 5446 nullum
743 5400 964 5457 experta
1016 5396 1176 5441 esset.
1215 5384 1347 5439 Nam
1397 5384 1709 5439 sterilitates
1740 5385 1848 5440 dis-

281 5490 492 5555 solvere
518 5486 835 5555 plerumque
862 5483 954 5537 Dei
984 5479 1277 5557 potentiam
1312 5487 1658 5548 repraesentat
1696 5495 1707 5529 :
1744 5492 1847 5531 cte-

283 5587 461 5647 terun)
492 5560 764 5644 Virginem
800 5586 989 5643 parere
1022 5584 1144 5637 cum
1184 5570 1302 5633 viro
1341 5580 1444 5637 opp
1488 5577 1855 5638 congressum,

349 5786 370 5817 ‘
409 5784 514 5843 lsa.
586 5799 675 5847 ιχ,
716 5780 768 5833 6.

288 5856 331 5892 ³³
364 5858 508 5915 Psal.
550 5846 696 5925 ms,
731 5852 819 5907 21.
900 5852 940 5882 “
967 5848 1111 5906 Psal.
1143 5862 1316 5914 sun,
1350 5846 1401 5900 6.

846 5780 865 5810 ⁷
904 5777 1067 5832 Mich.
1140 5791 1193 5839 ν,
1237 5774 1303 5839 2;
1346 5771 1535 5828 Matth.
1580 5790 1638 5837 Il,
1678 5772 1732 5826 6.
1807 5772 1827 5803 ⁸

1960 5813 1972 5825 .
2044 5789 2122 5841 xt,
2164 5773 2310 5828 1-10.
2387 5772 2575 5828 'Psal.
2636 5786 2728 5839 vn,
2772 5772 2821 5827 l.

1484 5844 1525 5875 ⁸³
1552 5845 1700 5901 Psal.
1731 5858 1917 5911 cxvut,
1950 5844 2067 5899 I42.

1957 4653 2129 4701 notat.
2164 4643 2241 4699 Ac
2274 4645 2723 4715 quemadmodum
2760 4646 2948 4710 Daniel
2991 4647 3174 4703 decem
3223 4663 3381 4718 regna
3426 4665 3522 4719 per

1967 4734 2155 4789 decem
2187 4748 2392 4807 cornua
2422 4734 2687 4806 designat,
2729 4736 2801 4791 ita
2840 4746 2893 4791 et
2929 4734 3094 4791 Isaias
3131 4754 3225 4807 per
3264 4740 3376 4795 haec
3408 4743 3523 4795 ani—

1958 4822 2145 4887 malia,
2175 4833 2482 4882 exterarum
2518 4824 2828 4895 varietatem
2857 4836 2911 4885 et
2950 4823 3341 4897 diversitatem.
3405 4850 3421 4881 ‹
3461 4831 3524 4885 Et

1958 4934 2091 4988 puer
2127 4917 2381 4987 parvulus
2406 4920 2632 4985 minabit
2659 4933 2776 4985 eos,
2798 4938 2815 4969 ι
2856 4928 3073 4978 exteros
3100 4920 3327 4987 scilicet,
3354 4937 3511 4978 natus

1955 5014 2046 5077 ille
2096 5014 2247 5067 nobis
2293 5022 2348 5066 et
2402 5010 2740 5075 condonatus
2790 5026 2929 5080 puer
2976 5012 3245 5084 βίη-ἰξίας»,
3292 5031 3521 5084 quorum

1961 5107 2162 5175 primos
2194 5104 2261 5155 ad
2313 5103 2397 5169 sui
2449 5104 2817 5157 adorationem
2869 5104 3094 5158 adduxit
3146 5104 3351 5177 Magos.
3405 5130 3421 5158 ι
3456 5109 3523 5164 Et

1959 5196 2044 5251 leo
2072 5195 2226 5265 quasi
2277 5195 2376 5256 hos
2423 5200 2671 5257 comedet
2704 5195 2907 5262 paleas,
2943 5213 2960 5245 ι
3012 5208 3231 5265 propter
3268 5200 3519 5253 unionem

1959 5288 2264 5356 divinitatis
2295 5302 2415 5339 cum
2474 5287 2808 5359 humanitate
2858 5287 2911 5341 in
2947 5302 3049 5340 una
3082 5290 3379 5361 eademque
3428 5294 3526 5360 hy-

1957 5382 2162 5450 postasi
2215 5378 2434 5432 factam.
2494 5378 2599 5435 Nec
2653 5394 2781 5433 vero
2827 5381 3122 5451 incongrue
3176 5383 3419 5439 Romano
3471 5387 3523 5439 id

1959 5473 2314 5564 applicaret-is
2340 5474 2588 5540 imperio,
2620 5483 2836 5542 propter
2865 5472 3136 5528 leoninum
3166 5478 3415 5545 quiddam
3460 5491 3525 5532 ac

1970 5566 2168 5633 regale,
2214 5565 2352 5633 quod
2384 5565 2615 5633 primum
2659 5564 2760 5618 levi
2802 5579 2864 5617 ac
2894 5566 3074 5619 divino
3113 5567 3263 5640 jugo,
3318 5570 3367 5621 id
3417 5581 3525 5634 est,

2916 5771 2961 5802 ¹⁰
2996 5771 3137 5829 Psal.
3200 5789 3388 5841 xum,
3440 5776 3524 5834 l9.
