4082 6294
605 345 712 414 8Π

1828 346 2258 409 ANDRONI’CI
2300 344 2646 407 COMNENI
3724 343 3813 408 848

604 464 912 534 evangelica
953 463 1223 533 praeconio
1265 464 1532 518 cervicem
1577 462 1905 532 subiecerat,
1946 461 2172 534 reliquis
2207 472 2247 526 Α
2278 461 2550 529 idemque'
2575 474 2793 512 rursum
2844 456 3085 513 ibidem:
3129 476 3146 509 σ
3191 457 3410 512 Orietur
3449 456 3598 514 stella
3638 473 3695 514 es
3739 460 3816 514 ιιι-

597 559 810 628 populis
839 557 1114 628 palearum
1163 556 1334 611 instar
1379 556 1673 612 devoratis.
1714 572 1731 608 ‹
1765 555 1834 610 Ει
1868 554 2167 610 delectabi-

603 661 687 702 tur
745 645 924 702 infans
976 647 1044 701 ab
1106 648 1269 702 ubere
1322 661 1483 715 super
1537 645 1802 701 foramine
1860 641 2084 714 aspidis.
2143 663 2162 696 ι

599 739 780 792 Infans
811 749 973 806 atque
1007 735 1212 792 lactens
1239 736 1530 804 Christus;
1562 739 1796 805 aspides,
1829 745 1886 790 et
1923 736 2168 806 aspidum

599 831 812 885 soboles
845 828 1101 883 Pharisaei
1153 845 1213 884 ac
1242 829 1444 883 Scrihze
1493 840 1620 884 sunt
1667 829 2040 900 intelligendi;
2075 844 2168 884 ca-

601 937 762 976 verna
810 933 863 976 et
929 920 1107 976 cubile
1143 919 1450 976 Iudaeorum
1500 931 1583 976 est
1635 920 1954 992 Synagoga,
2006 935 2168 991 quam

598 1015 896 1085 praesidens
941 1014 995 1068 in
1053 1015 1290 1084 templo,
1348 1025 1396 1071 et
1456 1031 1674 1071 manum
1728 1020 1938 1088 agitans
1995 1018 2169 1073 dulcis

596 1103 754 1159 Jesus
799 1107 1049 1160 docebat.
1085 1125 1104 1156 ε
1141 1104 1256 1161 Non
1301 1109 1593 1171 nocebunt,
1640 1117 1693 1162 et
1739 1124 1846 1162 non
1891 1110 2166 1176 occident,

598 1196 650 1248 in
695 1196 947 1250 universo
997 1205 1180 1250 monte
1226 1208 1414 1252 sancto
1467 1211 1606 1251 meo.
1649 1216 1666 1250 ι
1723 1198 1954 1253 Rursum
1993 1199 2170 1272 Syna-

597 1303 746 1356 ποεῖν
787 1287 1057 1342 inscitiam
1107 1295 1260 1339 notat
1301 1305 1314 1340 :
1354 1303 1459 1341 non
1501 1287 1676 1342 solum
1729 1290 1872 1342 enim
1914 1291 2167 1360 unigeni-

598 1391 706 1432 tum
747 1379 836 1432 Dei
877 1377 1068 1434 Filium
1104 1381 1154 1432 in
1189 1394 1404 1432 crucem
1439 1391 1619 1438 actum
1663 1395 1764 1434 non
1797 1391 2166 1450 peremerunt,

597 1476 688 1528 sed
757 1476 920 1529 etiam
1002 1489 1138 1542 quos
1204 1473 1278 1526 illi
1350 1474 1500 1542 prius
1566 1473 1724 1528 morti
1797 1476 2166 1539 dimiserant,

597 1566 682 1618 hic
711 1579 777 1619 ex
818 1564 1046 1617 mortuis
1094 1561 1425 1632 postliminio
1503 1565 1762 1619 restituit.
1846 1585 1864 1616 ί
1901 1566 2164 1633 Quoniam

597 1660 798 1727 repleta
851 1666 934 1710 est
980 1664 1123 1710 terra
1188 1652 1413 1710 scicntia
1481 1656 1766 1711 Domini.»
1824 1656 1957 1710 Nam
2017 1667 2162 1728 post-

594 1764 755 1817 quam
806 1749 870 1802 ad
941 1747 1146 1804 inferos
1206 1741 1406 1804 missus
1462 1761 1538 1805 est
1592 1751 1732 1805 Deus
1782 1752 1942 1805 homo
1981 1747 2162 1817 .lesus,

2281 554 2403 620 cob,
2441 561 2498 605 et
2528 561 2784 624 exsurget
2815 553 2978 604 homo
3004 566 3066 604 ex
3107 549 3368 617 lsrael,et
3386 549 3646 616 percutiet
3673 552 3817 606 duces

2279 645 2434 701 Moab
2461 647 2530 712 ’°,
2567 665 2587 698 ο
2619 656 2672 700 et
2707 661 2828 714 qum
2851 655 3174 714 sequuntur.

2349 738 2616 794 Ceterum
2661 753 2846 792 verum
2899 737 3065 791 Deum
3112 751 3236 792 esse
3291 735 3564 796 Christum
3595 777 3608 797 .
3670 738 3814 794 Isaias

2280 831 2594 900 comprobat
2627 829 2708 884 his
2741 831 2921 885 verbis
2959 846 2974 884 :
3009 846 3028 879 ι
3068 826 3185 882 Non
3218 829 3554 900 angelorum.
3590 847 3688 883 non
3735 832 3820 884 ho-

2281 925 2481 976 minum
2512 922 2824 991 quisquam,
2871 924 2963 975 sed
3012 920 3124 988 ipse
3184 937 3282 973 nos
3337 921 3594 974 Dominus
3652 937 3820 976 serva-

2282 1015 2354 1069 vit
2382 1016 2461 1078 ²¹;
2501 1033 2518 1065 ι
2560 1024 2723 1083 atque
2753 1016 2892 1070 idem
2937 1030 3151 1068 rursum
3186 1032 3199 1068 :
3236 1031 3254 1063 ι
3293 1014 3430 1068 Ecce
3454 1028 3638 1068 servus
3666 1030 3818 1079 meus,

2277 1107 2568 1176 suscipiam
2610 1122 2733 1161 eum
2794 1123 2810 1161 :
2862 1105 3070 1161 electus
3130 1121 3282 1160 meus
3341 1125 3356 1165 :
3412 1105 3534 1160 dedi
3585 1103 3822 1174 Spiritum

2279 1213 2454 1252 meum
2478 1209 2642 1267 super
2660 1213 2784 1252 eum
2825 1217 2839 1250 :
2878 1198 3142 1268 judicium
3163 1199 3414 1266 gentibus
3439 1196 3666 1265 proferet
3691 1212 3704 1252 :
3727 1212 3822 1251 non

2275 1291 2586 1353 contendet,
2624 1305 2729 1344 non
2762 1291 3036 1351 clamabit.
3064 1289 3342 1344 Calamam
3379 1299 3683 1358 quassatum
3729 1307 3821 1344 non

2275 1393 2542 1447 conteret,
2564 1392 2618 1437 et
2636 1383 2806 1437 litium
2833 1384 3102 1452 iumigaus
3131 1398 3234 1436 non
3255 1384 3579 1452 exstinguet.
3611 1383 3718 1436 Non
3735 1388 3826 1438 erit

2278 1477 2468 1539 tristis,
2501 1490 2677 1543 neque
2700 1475 3058 1538 turbulentus,
3092 1475 3262 1531 donec
3283 1484 3445 1543 ponat
3470 1474 3520 1528 iu
3536 1485 3676 1527 terra
3693 1476 3826 1544 judi-

2273 1566 2438 1632 cium,
2469 1578 2523 1619 et
2557 1567 2607 1620 in
2638 1567 2852 1620 nomine
2875 1564 2988 1633 ejus
3014 1575 3202 1635 gentes
3244 1566 3614 1634 sperabunt".
3643 1587 3660 1616 ι
3699 1566 3824 1619 ldem

2274 1661 2338 1712 de
2353 1657 2560 1714 Joanne
2578 1659 2815 1727 Baptista
2839 1677 2852 1714 :
2885 1676 2904 1709 ι
2927 1658 3122 1729 Regem
3144 1674 3264 1712 cum
3279 1659 3449 1726 gloria
3467 1659 3763 1714 videbitis"
3783 1675 3823 1725 ς»

2271 1763 2366 1804 et:
2408 1769 2426 1802 ι
2463 1750 2574 1804 Vox
2618 1751 2901 1804 clamantis
2933 1751 2985 1805 in
3026 1751 3280 1805 deserto:
3318 1749 3512 1804 Parata
3559 1752 3691 1804 viam
3741 1752 3823 1803 Do-

596 1851 707 1893 tum
739 1855 864 1894 vero
895 1841 1268 1911 evangelicum
1313 1843 1642 1911 praeconium
1695 1845 1868 1913 magis
1899 1859 2169 1915 propaga-
2189 1843 2239 1901 B
2269 1843 2422 1896 mini.
2461 1843 2659 1897 ltectas
2687 1843 2848 1897 facite
2873 1844 3094 1898 semitas
3121 1843 3222 1897 Dei
3253 1845 3443 1898 vestri.
3473 1843 3662 1898 Omnis
3690 1841 3829 1897 vallis

595 1940 706 1986 tum
752 1941 856 1986 est.
902 1949 921 1984 ι
962 1933 1112 1988 Sicut
1146 1948 1296 2002 aquae
1343 1950 1493 1988 mare
1543 1936 1872 2004 aperientes.
1910 1954 1929 1987 ι
1987 1937 2170 2003 Quod-

595 2039 718 2080 nam
745 2040 895 2080 mare
925 2026 1084 2097 aquis
1107 2026 1394 2096 operitur?
1420 2027 1484 2081 Et
1527 2026 1948 2082 simulacrorum
1991 2029 2170 2083 cultus

592 2131 804 2188 sequor,
856 2127 910 2170 et
963 2115 1238 2173 inhaerens
1292 2119 1344 2172 in
1402 2118 1517 2189 lege
1571 2117 1860 2174 umbratile
1906 2119 2166 2189 quiddam

593 2217 758 2279 atque
802 2208 1205 2278 imperfectum.
1240 2228 1258 2262 ι
1292 2209 1348 2262 ln
1400 2210 1488 2264 illa
1542 2211 1628 2266 die
1661 2213 1812 2265 radix
1862 2211 2034 2278 Iesse,
2075 2212 2166 2283 qui

595 2311 705 2353 stat
737 2300 788 2354 in
823 2302 1038 2370 signum
1071 2303 1416 2372 populorum,
1449 2301 1501 2355 in
1552 2303 1733 2373 ipsum
1764 2312 1953 2373 gentes
1982 2319 2171 2375 spera-

595 2395 750 2449 bunt.
785 2413 805 2447 ι
845 2391 1128 2449 Sententia
1159 2394 1276 2450 haec
1306 2407 1392 2451 est
1422 2414 1440 2452 :
1475 2394 1579 2463 Qui
1608 2411 1675 2452 ex
1718 2399 1946 2455 mortuis
1990 2416 2172 2456 resur-

594 2495 685 2556 get
722 2485 809 2541 die
838 2503 867 2540 a
905 2486 1162 2542 Sabbatis
1196 2489 1389 2555 altero,
1418 2504 1488 2544 ex
1514 2490 1714 2545 .Iessata
1741 2489 1911 2560 stirpe
1939 2490 2072 2559 erit,
2110 2493 2165 2547 in

595 2592 775 2645 eoque
832 2589 982 2647 spem
1034 2577 1332 2643 habebunt,
1366 2591 1470 2633 non
1523 2580 1612 2648 qui
1653 2595 1683 2635 e
1734 2581 2042 2652 Synagoga,
2072 2582 2166 2636 sed

591 2686 654 2726 ex
685 2672 962 2740 gentibus.
997 2687 1016 2722 ι
1054 2667 1122 2725 Et
1151 2673 1258 2725 erit
1292 2670 1600 2740 sepulcrum
1630 2671 1750 2742 ejus
1779 2671 2100 2743 gloriosum,
2141 2689 2162 2727 ›

590 2779 683 2819 seu
713 2781 728 2817 :
763 2780 783 2814 ι
811 2761 943 2832 Ejus
976 2763 1192 2834 requies
1225 2766 1331 2818 erit
1366 2763 1560 2819 honor.
1596 2780 1615 2813 ι
1662 2763 1802 2818 Ecce
1849 2772 2035 2832 aperte
2071 2764 2165 2819 Dei

595 2869 817 2923 regnum
842 2869 860 2919 ;
887 2868 1062 2924 neque
1087 2854 1232 2908 enim
1259 2854 1310 2907 in
1333 2868 1440 2923 quo
1463 2853 1774 2923 acquiescat
1803 2853 1918 2909 Rex
1953 2866 2164 2922 noster,

593 2947 830 3016 equites,
861 2962 1033 3013 arma,
1068 2947 1404 3018 cataphracti
1460 2956 1516 3002 et
1556 2946 1820 3003 satellites
1851 2957 2036 3013 erunt,
2065 2949 2162 3003 sed

592 3042 769 3097 honor
790 3040 1029 3094 divinus.
1060 3039 1178 3106 Quo
1199 3039 1452 3110 pertinet,
1481 3038 1625 3109 quod
1651 3038 1945 3106 majoribus
1966 3039 2166 3094 vestris

594 3129 855 3186 Servatur
881 3131 1019 3185 dixit
1047 3148 1063 3186 :
1106 3148 1126 3182 ι
1159 3129 1263 3196 Qui
1297 3145 1403 3184 nou
1436 3130 1762 3185 bonoriﬂcat
1793 3128 2015 3197 Filium,
2052 3147 2159 3186 non

592 3226 912 3285 honeriilcat
930 3227 1237 3294 Patrem“;
1274 3246 1292 3278 ι
1319 3239 1402 3283 et:
1429 3246 1447 3280 ι
1473 3226 1531 3282 Si
1561 3227 1952 3296 cognovissetis
1981 3241 2087 3294 me,
2109 3239 2162 3283 et
2187 3201 2232 3260 α

588 3320 806 3377 Patrem
843 3336 1025 3376 meum
1056 3323 1241 3390 utique
1267 3322 1658 3390 cognovissetis
1685 3320 1750 3374 ".
1785 3337 1804 3372 ι

1115 3431 1345 3488 CAPUT
1403 3430 1647 3489 XXXIV.

731 3527 968 3582 Aliorum
1014 3529 1392 3598 prophetarum
1440 3527 1659 3581 oracula
1701 3528 1766 3582 de
1788 3526 2019 3584 Christo.

663 3616 768 3678 Sed
801 3622 910 3689 jam
946 3624 1136 3690 probe,
1163 3621 1380 3688 opinor,
1437 3618 1590 3675 Isaia
1635 3621 1815 3676 verbis
1859 3622 2142 3691 expositis,

589 3716 820 3772 aliorum
850 3729 1066 3786 quoque
1109 3726 1295 3769 vatum
1338 3714 1638 3769 sententias
1680 3714 1933 3770 edamus.
1977 3713 2163 3784 itaque

591 3807 661 3860 de
693 3803 1096 3880 Hierosolyma
1149 3801 1439 3858 conﬁrmat
1511 3801 1676 3856 David
1724 3817 1743 3856 :
1790 3819 1813 3855 σ
1842 3799 2062 3867 Homo,
2107 3812 2166 3857 et

596 3900 757 3953 homo
789 3906 948 3952 natus
977 3903 1061 3950 est
1091 3895 1146 3951 in
1175 3910 1279 3950 ea:
1303 3906 1358 3950 et
1389 3896 1505 3966 ipse
1538 3893 1787 3950 {undavit
1812 3910 1930 3950 eam
1950 3894 2170 3951 Altissi-

594 4005 715 4045 mus
743 3987 806 4043 ".
841 4005 862 4042 δ
897 3988 994 4043 Est
1023 3997 1203 4040 autem
1234 4001 1428 4042 settsus
1472 3985 1785 4056 bnjusmodi
1821 4003 1839 4042 :
1869 3984 2165 4054 Supremus

597 4084 643 4138 ls
672 4081 762 4151 qui
797 4082 938 4135 hanc
971 4077 1412 4151 Hierosolymam
1445 4079 1711 4146 condidit,
1751 4082 1807 4135 in
1841 4095 1903 4134 ea
1935 4079 2166 4149 denique

598 4176 759 4232 homo
786 4185 944 4228 natus
970 4180 1076 4228 est.
1106 4171 1171 4227 Et
1203 4171 1375 4227 Isaias
1403 4190 1415 4225 :
1470 4190 1490 4224 ι
1523 4170 1662 4227 Ecce
1687 4173 1839 4242 virgo
1870 4171 2165 4241 concipiet,

596 4280 653 4325 et
681 4263 1082 4336 parietiilium,
1129 4273 1184 4318 et
1220 4262 1507 4317 vocabitur
1536 4277 1735 4317 nomen
1780 4261 1896 4330 ejus
1947 4262 2167 4317 Etuma-

600 4360 842 4416 nuel“.s
879 4358 1046 4412 Porro
1079 4355 1394 4410 Emmanuel
1418 4353 1726 4421 Hebraeum,
1748 4352 1936 4408 Latine
1968 4352 2164 4409 Nobis-

597 4467 717 4508 cum
743 4449 907 4514 Deus,
943 4450 1208 4504 redditur.
1260 4447 1406 4502 ldem
1462 4461 1679 4500 rursum
1711 4461 1726 4499 :
1768 4463 1788 4497 ι
1823 4448 2042 4500 Accessi
2093 4445 2160 4500 ad

2272 1934 2586 2002 implebitur
2638 1950 2654 2001 ;
2704 1945 2760 1990 et
2800 1935 2979 1989 υιιιιιίε
3022 1949 3177 1988 tuens
3237 1946 3292 1989 et
3337 1935 3491 1988 collis
3531 1934 3824 1988 humiliabi-

2271 2037 2356 2080 tur
2388 2026 2456 2079 ⁸⁸.
2497 2044 2515 2078 ι
2558 2025 2792 2080 Montem
2835 2038 2996 2096 atque
3041 2027 3238 2080 collem
3283 2027 3370 2081 hic
3411 2031 3712 2082 dminonum
3744 2043 3827 2082 eo-

2269 2117 2388 2188 pies
2410 2118 2682 2183 existima,
2701 2135 2818 2186 qua:
2841 2118 2980 2174 ccelo
2995 2116 3062 2172 ob
3092 2117 3397 2186 snperbiam
3431 2119 3746 2181 deturbant,
3767 2119 3826 2172 ad

2271 2221 2426 2265 terra:
2457 2211 2560 2264 ima
2581 2210 2849 2278 depressae
2870 2220 3029 2277 sunt;
3061 2210 3275 2276 vallem,
3297 2211 3573 2264 hominum
3605 2218 3829 2263 naturam

2267 2317 2392 2372 qua:
2446 2303 2516 2357 ob
2574 2304 2885 2374 superbiam
2947 2307 3231 2373 depressa,
3271 2317 3488 2358 rursum
3530 2300 3626 2355 Dei
3678 2302 3828 2370 gloria

2271 2394 2495 2465 repleta,
2548 2405 2710 2465 atque
2768 2396 2821 2450 in
2868 2397 3038 2451 cmlos
3071 2411 3102 2451 e
3153 2405 3300 2450 terra
3351 2395 3566 2450 sublata
3609 2406 3737 2448 est:
3784 2393 3830 2447 id

2269 2489 2414 2542 enim
2470 2487 2765 2557 signiﬁcat,
2827 2491 2968 2557 quod
3023 2489 3174 2543 addit
3217 2505 3232 2543 :
3302 2507 3321 2541 ι
3357 2487 3535 2541 Erunt
3584 2503 3741 2557 prava
3787 2489 3830 2538 in

2269 2580 2499 2646 directa,
2537 2589 2592 2633 et
2638 2595 2828 2649 aspera
2885 2582 2936 2635 in
2985 2583 3100 2633 vias
3161 2583 3377 2649 planas,
3417 2591 3469 2632 et
3523 2579 3830 2636 revelabitur

2267 2669 2438 2740 gloria
2497 2671 2734 2736 Domini,
2793 2680 2848 2727 et
2902 2672 3104 2726 videbit
3167 2673 3347 2726 omnis
3403 2683 3537 2725 caro
3610 2670 3830 2724 salutare

2267 2767 2362 2822 Dei
2394 2768 2462 2823 ".
2498 2787 2518 2820 )
2549 2765 2620 2821 Et
2657 2766 2824 2820 Amos
2869 2765 3134 2833 prepheta
3164 2765 3240 2818 ait
3271 2781 3286 2818 :
3331 2782 3348 2816 ι
3391 2764 3444 2817 in
3475 2765 3565 2818 die
3598 2763 3689 2816 illa
3719 2778 3829 2818 sus—

2265 2858 2447 2914 citabo
2503 2858 2915 2913 tabernacnlum
2974 2857 3185 2919 David,
3244 2856 3390 2926 quod
3439 2857 3640 2910 cecidit.
3695 2873 3710 2910 ε
3789 2865 3834 2909 et

2269 2951 2606 3008 resediilcabo
2647 2961 2938 3020 aperturas
2989 2964 3265 3003 murorum
3314 2947 3457 3018 ejus,
3511 2958 3572 3003 et
3619 2962 3684 3001 ea
3726 2959 3833 3014 qua:

2266 3053 2608 3109 corruerant,
2640 3040 3007 3098 instaurabo;
3057 3051 3112 3096 et
3151 3041 3489 3095 reaediiicabo
3533 3039 3665 3094 illud
3708 3041 3833 3094 sicut

2269 3138 2322 3192 in
2374 3137 2562 3191 diebus
2592 3136 2851 3206 antiquis,
2892 3153 2908 3186 ι
2952 3143 3012 3187 ut
3054 3135 3340 3204 exquirant
3373 3134 3566 3202 reliqui
3608 3131 3830 3186 homines

2269 3231 2581 3296 Dominum,
2638 3240 2694 3285 et
2745 3241 2937 3283 omnes
2979 3236 3168 3298 gentes
3234 3240 3404 3296 super
3462 3240 3606 3294 quas
3638 3225 3834 3277 invoca-

2269 3330 2380 3374 tum
2414 3331 2495 3373 est
2527 3334 2722 3373 nomen
2779 3333 2977 3374 meum.
3011 3336 3029 3368 ι
3070 3317 3134 3372 Et
3165 3318 3296 3372 dicit
3347 3316 3615 3371 Dominus
3647 3315 3832 3370 faciens

2269 3411 2385 3466 hate
2447 3412 2511 3463 “.
2546 3429 2565 3463 ι
2625 3409 2794 3477 Quem
2850 3425 2980 3465 vero
3013 3407 3190 3464 Deum
3237 3410 3426 3480 reliqui
3463 3412 3716 3465 homines
3759 3427 3834 3464 rc-

2268 3502 2627 3571 quisiverunt,
2666 3501 2889 3570 cujusve
2925 3501 3024 3557 Dei
3071 3502 3291 3556 nomine
3333 3511 3389 3557 et
3439 3519 3620 3556 censze
3643 3513 3760 3557 sunt
3787 3510 3834 3555 et

2269 3607 2593 3650 censeantur
2618 3609 2827 3666 gentes.
2860 3598 2960 3650 nisi
2997 3596 3152 3663 plane
3189 3598 3446 3667 unigeniti
3473 3598 3570 3650 Dei
3590 3597 3730 3658 Filii,
3753 3595 3833 3648 Dei

2267 3683 2503 3742 hominis
2541 3685 2664 3742 Jesu
2691 3687 2929 3743 Christi?
2962 3687 3408 3757 quemadmodum
3467 3687 3672 3742 clamat
3697 3683 3833 3743 Jcre-

2269 3780 2406 3834 mias
2437 3796 2453 3834 :
2482 3796 2513 3850 _t
2540 3777 2708 3834 Homo
2733 3790 2839 3847 est,
2867 3789 2923 3833 et
2950 3781 3068 3849 quis
3095 3790 3380 3850 cognoscet
3404 3793 3526 3834 eum
3562 3780 3642 3832 "i
3669 3798 3685 3831 ι
3723 3778 3833 3849 quis

2271 3879 2327 3925 et
2358 3871 2498 3926 Deus
2542 3881 2644 3927 est.
2675 3871 2740 3927 Et
2775 3871 2940 3927 David
2977 3888 3042 3927 ex
3100 3888 3328 3942 persona
3375 3871 3583 3928 Christi
3615 3889 3631 3927 :
3670 3890 3688 3923 ι
3710 3871 3835 3925 Con-

2274 3963 2464 4018 lltebor
2508 3964 2642 4030 tibi,
2710 3965 2934 4019 Domine
2989 3965 3127 4020 Deus
3186 3980 3368 4030 meus,
3402 3975 3483 4026 ,et
3534 3965 3836 4036 gloriﬁcaho

2272 4071 2467 4110 nomen
2505 4065 2692 4124 tuum;
2731 4075 2750 4108 ι
2788 4056 2841 4110 id
2869 4068 2972 4123 est,
3015 4055 3372 4128 tnagniilcabo
3411 4065 3465 4112 et
3495 4056 3831 4128 praedicabo;

2277 4164 2298 4198 ι
2327 4143 2461 4212 Quia
2508 4147 2878 4203 misericordia
2912 4155 3001 4201 tua
3041 4164 3234 4219 magna
3271 4158 3356 4203 est
3394 4163 3556 4216 super
3591 4163 3675 4202 me
3708 4146 3748 4179 "
3772 4163 3784 4201 :
3809 4164 3826 4198 ι

2272 4253 2380 4294 non
2417 4239 2712 4295 secundum
2773 4240 3140 4309 aequalitatem
3197 4255 3332 4295 mea:
3377 4240 3703 4304 divinitatis,
3747 4237 3832 4292 sed

2271 4331 2571 4386 secundum
2607 4331 2712 4387 mei
2742 4332 2989 4401 corporis
3018 4332 3270 4403 gloriam.
3314 4332 3463 4388 Meus
3502 4333 3649 4387 enim
3688 4331 3832 4385 Jesus

2274 4421 2545 4493 perfectus
2594 4423 2759 4491 Deus,
2801 4425 2963 4479 etiam
3007 4425 3282 4496 perfectus
3327 4427 3489 4480 homo
3527 4425 3706 4479 factus
3738 4432 3830 4486 est,

599 4546 996 4618 prophetissam
1023 4583 1041 4608 ’
1089 4551 1142 4598 οι
1190 4541 1458 4610 concepi"
1505 4550 1561 4594 ει
1607 4541 1821 4610 peperit
1866 4539 2054 4592 mium.
2101 4540 2164 4593 Ει
2202 4563 2246 4619 D
2276 4533 2416 4571 unus
2443 4516 2743 4619 ert-duabus
2774 4516 3019 4584 naturis,
3043 4533 3271 4588 quarum
3293 4517 3381 4573 illa
3412 4534 3533 4588 quae
3562 4519 3828 4619 incarnata

599 4641 736 4696 dixit
765 4637 1022 4693 Dominus
1053 4636 1120 4690 ad
1163 4649 1289 4689 me:
1322 4631 1464 4687 Voca
1498 4644 1691 4686 nomen
1736 4631 1874 4701 ejus,
1907 4633 2168 4687 Aecelera

600 4736 770 4806 spolia
801 4735 1082 4789 detrahere
1129 4748 1146 4788 :
1201 4729 1396 4784 festina
1437 4729 1669 4798 praedari
1718 4728 1788 4783 ⁸⁸.
1824 4747 1844 4781 ι
1890 4727 1957 4782 Et
1993 4727 2172 4784 Moses

604 4829 656 4880 in
703 4825 1060 4879 Numerorum
1097 4822 1279 4876 libro:
1315 4839 1336 4873 ι
1365 4819 1584 4876 Orietur
1638 4823 1799 4874 homo
1850 4837 1919 4875 ex
1968 4820 2174 4874 semine

594 4917 789 4983 Israel,
837 4926 893 4972 et
922 4914 1210 4985 imperabit
1243 4913 1426 4967 multis
1457 4912 1732 4982 gentibus,
1753 4920 1808 4965 et
1835 4909 2172 4964 exaltabitur

603 5026 830 5079 regnum
887 5005 1024 5076 ejus.
1083 5004 1429 5059 Devorabuut
1489 5015 1678 5076 gentes
1736 5005 1921 5058 hostes
1973 5002 2117 5058 illius
2151 5041 2165 5066 ,

601 5113 834 5168 ossaque
867 5111 1051 5152 eorum
1083 5082 1444 5162 confringeut,
1489 5104 1543 5146 et
1589 5088 1943 5162 perforabant
1997 5089 2167 5156 sagit-

607 5195 676 5248 tis
709 5192 772 5248 “.
811 5208 830 5241 ι
873 5187 1016 5244 illius
1043 5187 1342 5243 inimicum.
1397 5184 1580 5240 Hostis
1612 5199 1740 5240 vero
1785 5184 1873 5238 hic
1917 5181 2167 5237 diabolus

602 5294 690 5342 est
719 5231 1119 5352 intelligendus,
1150 5279 1375 5335 missilia
1405 5277 1606 5335 Christi
1638 5278 1890 5347 stigmata
1918 5284 2163 5343 etnotae,

2277 4620 2390 4676 est,
2437 4608 2735 4674 deiiicavit,
2783 4623 2905 4678 quae
2952 4620 3080 4666 vero
3130 4625 3333 4666 carnea
3387 4619 3542 4675 erat,
3595 4608 3831 4663 deiﬁcata

2276 4707 2361 4754 est
2392 4697 2525 4768 (51).

2350 4829 2370 4863 ι
2408 4809 2475 4864 Ει
2502 4809 2692 4865 eruisti
2723 4810 2960 4866 animam
2997 4826 3171 4865 meam
3199 4826 3266 4865 ex
3294 4825 3358 4866 eo
3383 4810 3600 4867 interno
3628 4809 3833 4866 inferio-

2275 4899 2320 4954 ri
2347 4901 2412 4954 ".
2441 4917 2461 4951 ι
2496 4899 2630 4954 Nam
2650 4915 2817 4969 usque
2834 4901 2898 4954 ad
2915 4899 3115 4956 Christi
3135 4902 3457 4957 descensum
3503 4903 3569 4954 ad
3619 4899 3828 4964 inferos,

2278 4991 2475 5047 nullius
2517 4993 2747 5047 hominis
2779 4993 2958 5046 anima
2982 4993 3251 5049 abinieris
3278 5004 3359 5048 est
3400 4995 3649 5048 liberata.
3693 4989 3828 5059 Quod

2275 5087 2322 5142 si
2365 5085 2530 5142 Jonas
2561 5087 2887 5143 exclamavit
2921 5106 2935 5142 :
2971 5106 2988 5141 ι
3043 5089 3192 5143 Educ
3240 5091 3307 5145 de
3350 5090 3694 5160 corruptione
3727 5084 3828 5149 ani:

2277 5193 2418 5235 mam
2447 5197 2618 5236 meam
2635 5183 2732 5247 ",r
2755 5194 2810 5236 at
2839 5182 2956 5252 ejus
2983 5184 3161 5236 anima
3189 5184 3381 5238 iterant
3404 5193 3520 5252 post
3544 5195 3824 5253 egressum,

2275 5273 2343 5328 ad
2382 5274 2586 5330 inferos
2615 5277 2890 5331 descendit
2920 5291 2936 5333 :
2968 5294 2987 5328 r
3019 5275 3191 5332 Deus!
3229 5275 3398 5345 iniqui
3434 5276 3826 5330 insurrexerunt

678 5451 722 5481 ⁸⁸
753 5449 907 5504 Juan.
941 5464 993 5513 v,
1048 5445 1141 5500 23.
1217 5445 1259 5478 ⁸³
1291 5442 1446 5499 Joan.
1487 5459 1597 5508 xtv,
1628 5446 1682 5500 'l.
1759 5443 1804 5477 ⁸⁸
1827 5441 1970 5513 Psal.
2007 5453 2266 5513 ccxxxw,
2319 5436 2376 5494 5.
2452 5439 2494 5471 "
2517 5439 2632 5513 _lsa.
2664 5457 2765 5513 vn,
2790 5440 2880 5513 14.
2956 5439 3127 5513 “_lsa.
3149 5455 3264 5504 vttt,
3298 5438 3354 5496 3.
3398 5512 3402 5513 ί
3431 5439 3473 5513 'f
3505 5437 3820 5513 Num._xxt_v,

606 5521 661 5588 8;
697 5500 1000 5575 sec.‘L:\'X'.
1077 5517 1120 5549 ⁸⁸
1162 5516 1322 5588 Num.
1384 5531 1531 5588 XXIV,
1569 5500 1669 5588 1'7._
1696 5529 1806 5588 sec.
2035 5582 2046 5588 Α
2073 5513 2116 5544 ³³
2146 5500 2464 5588 ξβιιέῌωιιιι,
2508 5511 2562 5573 9.
2601 5526 2714 5588 see.
2745 5500 2909 5588 LXX.
2955 5511 3030 5588 _f'
3053 5502 3167 5588 jse.
3201 5500 3335 5574 xcu,
3388 5510 3500 5588 1-4,
3534 5523 3642 5588 sec.

605 5594 652 5623 "
697 5592 798 5646 lsa.
843 5588 1156 5652 xxxnt,17.

603 5661 916 5729 Lxxxv,12,
963 5660 1046 5715 13.
1122 5659 1167 5690 "
1201 5656 1330 5715 ibid.
1404 5655 1453 5688 ³⁸
1485 5655 1638 5713 Jonas
1666 5672 1731 5722 ιι,
1758 5654 1812 5712 7.

679 5824 791 5895 (31)
831 5822 1071 5877 Imitatur
1097 5815 1348 5872 Naaianz.
1375 5813 1438 5869 1η
1470 5809 1731 5886 Epiphan.

1301 5587 1348 5619 ⁸⁵
1380 5587 1482 5638 lsa.
1519 5571 1612 5650 'xL,
1639 5571 1700 5652 3,
1727 5585 1778 5639 4.
1855 5571 2095 5651 “ibid”
2140 5581 2194 5638 5.
2236 5571 2317 5614 ἠ
2356 5571 2522 5640 Amos
2549 5571 2623 5649 tx,
2654 5582 2740 5651 1t,
2790 5585 2876 5641 12.
2954 5583 2998 5617 "
3045 5580 3247 5638 Jerem.
3300 5571 3432 5650 xvtt,
3469 5571 3521 5636 9.
3597 5578 3640 5615 "
3690 5571 3817 5628 Psal-
