4006 6284
246 318 351 382 849

1302 324 1691 393 DIALOGUS
1730 327 2031 415 conm
2070 329 2399 397 Η]ὈῶΟᾶ

3386 326 3495 395 850

229 455 395 511 super
425 455 542 497 me:
570 463 589 495 ι
623 445 909 514 pontitiaos
934 456 995 502 et
1020 448 1365 515 sacerdotes;
1397 468 1416 501 ς
1446 456 1501 503 et
1526 450 1811 522 Synagoga
1846 457 1887 512 Α
1919 465 2061 519 pane
2106 452 2238 508 vivit
2270 453 2432 509 homo
2461 493 2475 516 ,
2512 452 2603 511 sed
2660 452 2712 504 in
2763 445 2906 506 omni
2945 446 3109 502 verbo
3136 486 3151 510 ,
3196 448 3342 518 quod
3370 460 3487 514 pro-

227 535 529 601 potentium
576 540 909 604 quaesierunt
952 542 1185 594 animam
1234 555 1405 596 meam
1445 559 1460 597 :
1495 561 1512 595 ι
1571 542 1811 599 Herodes

225 622 391 678 simul
442 636 499 681 et
547 627 791 695 Pilatus,
849 632 939 701 qui
995 646 1091 700 per
1150 634 1201 688 id
1265 643 1479 705 tempus
1544 644 1812 705 potestate

234 716 486 788 improbe
513 718 906 790 fungebantur;
948 742 966 799 ᾳ
1004 728 1060 779 et
1093 738 1199 781 non
1226 736 1626 796 proposuerunt
1659 737 1710 782 te
1754 727 1811 782 in

228 820 524 877 conspectu
553 827 673 868 suo.
712 809 752 847 ⁸¹
796 833 814 865 ι
843 815 919 871 Te
956 817 1132 881 enim,
1191 818 1373 884 Pater,
1419 817 1635 890 tuisque
1671 834 1811 891 pm.

226 900 407 965 aeutis
458 902 748 959 oblivionis
792 905 1061 978 profundo
1103 910 1349 977 traditis,
1402 925 1529 966 vere
1577 922 1631 968 te
1676 925 1808 967 con-

227 999 588 1062 tempserunt.
618 1016 639 1049 D
680 996 744 1052 Et
770 1007 849 1067 tu,
880 1001 1103 1061 Domine
1128 1001 1270 1057 Deus
1302 1017 1482 1069 meus;
1519 1023 1537 1058 ο
1587 1005 1812 1062 Domine

227 1098 297 1139 ac
309 1087 561 1142 conditor
576 1092 753 1146 omnis
771 1102 1032 1151 creaturae
1051 1095 1355 1152 invisibilis.
1389 1096 1484 1152 (Et
1501 1097 1640 1154 Deus
1659 1113 1811 1156 meus

227 1177 442 1245 respice
476 1178 531 1235 in
574 1196 681 1240 me.
725 1193 780 1238 et
832 1187 1095 1242 miserere
1132 1188 1317 1252 τηθίς»
1380 1190 1590 1260 respice
1642 1190 1694 1245 in
1725 1205 1810 1246 me

227 1269 529 1324 secundum
583 1272 1001 1345 humanitatem,
1045 1279 1137 1348 qui
1190 1280 1473 1337 divinitate
1500 1284 1631 1338 abes
1662 1297 1807 1338 nun-

228 1374 423 1427 quam.
464 1380 485 1416 ι
516 1363 589 1417 Da
622 1364 912 1437 imperium
946 1379 1096 1425 tuum
1139 1387 1308 1441 puero
1337 1383 1428 1427 tuo
1456 1372 1522 1440 ³⁸,
1556 1392 1574 1426 ι
1626 1374 1676 1430 id
1704 1383 1807 1440 est,

232 1466 412 1507 meam
446 1455 523 1509 tui
565 1472 633 1512 ex
670 1469 722 1513 te
761 1471 892 1516 ante
944 1461 1256 1518 Luciferum
1305 1463 1471 1534 geniti
1511 1465 1808 1535 potentiam

227 1543 597 1602 demonstra:
658 1549 821 1625 quale
864 1562 949 1609 est
999 1564 1054 1608 et
1099 1555 1230 1613 illud
1282 1555 1515 1618 Domini,
1569 1565 1812 1626 tempore

228 1638 505 1705 passionis
525 1641 572 1673 ³³
602 1660 617 1697 :
652 1661 671 1695 ι
699 1644 857 1697 Pater
883 1684 898 1707 ,
952 1648 1104 1701 venit
1148 1648 1306 1715 hora,
1356 1648 1593 1703 clarilica
1614 1647 1809 1703 Filium

237 1740 413 1792 tuum,
452 1742 516 1785 ut
541 1732 709 1787 Filius
763 1744 888 1790 tuus
926 1735 1187 1794 clarilicet
1221 1748 1315 1793 te:
1344 1739 1484 1795 sicut
1529 1739 1725 1795 dedisti
1760 1740 1811 1796 ei

1915 540 2058 595 cedit
2088 541 2154 597 de
2182 557 2276 597 ore
2308 542 2404 600 Dei
2431 541 2479 575 θ’
2508 559 2521 606 ;
2563 562 2581 594 ι
2613 540 2874 597 Davidem
2908 553 3059 604 vero,
3088 539 3177 607 qui
3208 542 3258 589 in
3292 535 3490 596 ChriSti

1914 635 2046 690 olim
2074 634 2514 693 incarnationem
2556 636 2913 705 pt‘Ospiceret,
2946 647 3009 687 ac
3035 629 3489 703 quemadmodum

1916 740 2040 781 cum
2093 742 2161 783 eo
2210 725 2423 793 Judmi,
2471 727 2727 797 tanquam
2794 739 2943 780 mero
2990 724 3206 779 homine
3237 761 3253 785 ,
3286 737 3347 774 ac
3387 735 3489 779 nan

1917 818 2081 876 etiam
2117 819 2227 876 Deo
2276 819 2705 876 consuescerent
2730 859 2746 883 ,
2783 825 2836 874 et
2888 814 3139 873 convicio
3173 814 3489 884 jactarent:

1921 928 1940 965 (
1989 910 2131 969 Ecce
2164 911 2329 967 homo
2374 924 2541 966 vorax
2592 919 2652 966 et
2708 912 2923 980 potator
2968 907 3077 962 viui
3128 905 3213 977 ³⁹;
3247 925 3268 959 ι
3325 906 3492 962 multo

1921 1013 2051 1061 ante
2105 1004 2448 1061 obterentem
2502 1005 2787 1073 impudens
2817 1015 3010 1059 eorum
3040 1014 3103 1056 os
3126 1038 3147 1065 ,
3191 1015 3259 1056 ex
3289 998 3492 1055 Chrixti

1911 1110 2145 1172 persona
2167 1090 2545 1154 conﬁrmare:
2577 1095 2718 1163 Quid
2755 1092 3143 1148 mehominem
3178 1089 3350 1146 solum
3397 1103 3491 1144 co.

1917 1187 2103 1255 gitatis
2127 1226 2143 1251 .
2189 1203 2253 1244 ac
2283 1202 2387 1242 non
2443 1186 2610 1241 etiam
2647 1183 2857 1240 Deum?
2883 1182 3000 1254 Ego
3054 1182 3141 1241 ille
3171 1192 3237 1234 ex
3269 1176 3495 1252 Virgine

1916 1290 2075 1337 natus
2094 1318 2111 1346 ,
2146 1280 2262 1335 sine
2292 1280 2590 1350 mutatione
2621 1277 2762 1334 Deus
2785 1318 2800 1343 ,
2854 1274 3101 1331 esuriens
3123 1283 3287 1343 atque
3316 1288 3496 1329 come-

1916 1371 2087 1437 dens,
2119 1380 2302 1426 vestro
2330 1412 2345 1434 ,
2380 1384 2413 1424 o
2445 1369 2614 1425 Judaei
2641 1408 2657 1435 ,
2707 1365 3038 1426 adminiculo
3089 1380 3195 1419 non
3255 1364 3492 1429 indigeo.

1914 1478 2070 1519 meus
2121 1479 2244 1525 cum
2297 1463 2374 1518 sit
2420 1461 2605 1520 orbis.
2652 1469 2708 1515 et
2752 1458 3015 1529 quidquid
3063 1472 3131 1513 eo
3162 1456 3489 1511 continetur.

1913 1555 2097 1629 Neque
2148 1572 2277 1612 vero
2319 1567 2444 1613 tuas
2495 1554 2815 1615 foeditates.
2867 1552 2921 1608 id
2973 1562 3099 1617 est,
3134 1548 3360 1606 scelesta
3402 1550 3492 1601 tua

1913 1634 2206 1716 sacriﬁcia,
2238 1650 2511 1713 desidero,
2571 1646 2954 1703 scelestissima
3000 1642 3308 1717 Synagoga.
3340 1642 3493 1708 Quod

1918 1742 1962 1798 si
1991 1743 2073 1797 vis
2102 1744 2324 1800 omnino
2354 1742 2420 1801 ad
2450 1743 2613 1798 vitam
2650 1742 2886 1812 ingredi,
2918 1736 3055 1811 legis
3086 1738 3361 1801 umbram,
3395 1752 3492 1792 au-

230 1822 559 1893 polestatem
589 1826 767 1881 omnis
802 1829 985 1884 carnis
1017 1829 1181 1898 (δι’).
1213 1848 1359 1882 ι--ι
1387 1830 1457 1885 Ει
1493 1830 1701 1886 salvum
1733 1831 1820 1885 fac

1927 1837 2050 1891 ditis
2084 1837 2219 1893 meis
2270 1836 2516 1893 consiliis
2568 1845 2732 1905 atque
2765 1834 3059 1898 mandatis,
3090 1828 3300 1893 desere,
3334 1839 3494 1902 atque

237 1910 436 1969 Filium
466 1916 674 1973 ancillae
701 1928 805 1975 tua!
836 1937 851 1975 :
891 1938 910 1973 ι
946 1921 1339 1991 irreprehensae
1368 1920 1626 1994 Virginis.
1658 1941 1677 1976 ι
1710 1921 1819 1980 Fac

236 2022 453 2063 mecum
484 2010 696 2081 signum
748 2011 805 2068 in
843 2013 1088 2080 bonum;
1117 2032 1136 2068 ι
1176 2016 1227 2071 id
1258 2026 1363 2082 est,
1401 2025 1741 2087 assumptum
1788 2031 1818 2072 a

232 2115 328 2157 me
355 2117 557 2174 corpus
586 2120 651 2161 ex
681 2116 856 2161 morte
881 2110 1111 2165 suscita.
1150 2127 1171 2162 ‹
1203 2106 1277 2166 Ut
1313 2111 1537 2168 videant
1570 2111 1661 2182 qui
1692 2111 1822 2168 ode-

231 2203 369 2250 runt
418 2211 528 2263 me,
581 2207 639 2253 et
676 2200 1117 2271 confundantur;
1157 2222 1174 2256 ι
1233 2217 1365 2260 vere
1436 2206 1581 2259 enim
1626 2204 1819 2275 ingens

231 2288 419 2358 pudor
442 2290 547 2345 erit
601 2291 1004 2351 scelestissinue
1048 2296 1368 2368 Synagogai,
1399 2311 1515 2352 mea
1558 2307 1684 2369 post
1728 2298 1824 2352 tri-

229 2380 410 2437 duum
456 2387 804 2444 resurrectio.
838 2407 858 2442 ι
891 2388 1159 2457 Quoniam
1185 2389 1533 2460 tu,Domine,
1564 2391 1820 2460 adiuvisti

234 2489 351 2540 me,
388 2484 442 2532 et
497 2471 813 2537 consolatus
870 2496 929 2538 es
983 2498 1067 2539 me
1113 2484 1225 2547 “,i
1286 2484 1339 2539 id
1390 2496 1493 2548 est,
1530 2485 1676 2555 quod
1736 2494 1819 2551 tu,

236 2564 425 2633 Pater,
450 2567 563 2640 jam
594 2570 724 2627 olim
762 2575 826 2627 de
856 2587 939 2630 me
969 2576 1259 2632 consilium
1292 2579 1520 2655 ceperis.

799 2686 1036 2745 CAPUT
1072 2687 1289 2747 XXXV.

286 2792 689 2865 Prophetarum
722 2802 786 2855 de
820 2800 1029 2856 Christo
1066 2803 1170 2859 Deo
1203 2814 1260 2859 et
1284 2805 1490 2860 homine
1519 2805 1786 2859 vaticinia.

312 2908 489 2967 Porro
541 2924 724 2967 autem
777 2916 1071 2984 perfectum
1117 2927 1171 2972 et
1220 2916 1390 2972 Deum
1442 2927 1498 2975 et
1552 2918 1824 2974 hominem

242 3018 376 3060 esse
425 3003 744 3069 Christum,
802 3009 1110 3066 luculenter
1164 3023 1312 3067 vaces
1362 3012 1829 3069 demnnstrabunt.

250 3095 407 3152 lsaiae
443 3097 659 3168 quidem
696 3097 811 3154 haec
839 3111 964 3154 sum
995 3103 1153 3156 verba
1187 3121 1199 3157 :
1245 3122 1262 3155 ι
1309 3102 1453 3158 Deus
1512 3118 1743 3177 magnus
1777 3114 1831 3161 et

254 3184 414 3243 fortis
447 3206 553 3244 non
589 3190 794 3247 esuriet
826 3192 892 3249 ⁸⁸.
925 3212 945 3246 ι
993 3194 1208 3249 Davidis
1243 3209 1367 3250 vero
1401 3196 1515 3253 haec
1560 3200 1827 3256 sententia

245 3289 329 3337 est.
372 3297 389 3337 :
435 3299 456 3335 ι
490 3281 648 3349 Audi,
675 3285 901 3355 populus
953 3300 1132 3353 meus,
1182 3298 1234 3342 et
1265 3289 1494 3359 loquar:
1532 3288 1721 3356 lsrael,
1779 3305 1831 3346 ct

246 3376 599 3433 testiﬁcabor
665 3379 762 3434 tibi
811 3400 825 3434 :
880 3379 1021 3443 Deus
1072 3392 1194 3438 tuus
1245 3398 1345 3454 ego
1399 3398 1540 3439 sum.
1603 3383 1718 3439 Non
1774 3385 1830 3440 in

244 3469 538 3524 sacriﬁciis
588 3471 695 3527 tuis
749 3487 971 3543 arguam
1026 3484 1126 3528 te:
1161 3475 1474 3530 holocausta
1525 3488 1704 3533 autem
1744 3486 1831 3531 tua

245 3562 305 3615 in
342 3571 642 3632 conspectu
696 3580 814 3620 meo
844 3576 971 3620 sunt
1020 3580 1257 3637 semper.
1303 3565 1421 3623 Non
1473 3570 1733 3638 accipiam
1767 3570 1835 3624 de

249 3654 417 3708 domo
455 3662 543 3708 tua
577 3656 777 3711 vitulos
826 3669 842 3709 :
897 3671 1074 3728 neque
1110 3659 1177 3713 de
1208 3659 1471 3731 gregibus
1496 3662 1603 3717 tuis
1632 3663 1832 3718 hircos.

245 3746 499 3818 Cognovi
534 3750 718 3803 omnia
770 3751 1011 3819 volatilia
1049 3752 1171 3806 caeli
1199 3771 1214 3807 :
1246 3763 1298 3807 et
1346 3754 1690 3826 pulchritudo
1721 3757 1833 3828 agri

250 3859 470 3898 mecum
507 3852 615 3900 est.
650 3844 705 3899 Si
734 3849 1005 3909 esuriero,
1045 3863 1149 3900 non
1193 3847 1364 3901 dicam
1399 3848 1538 3903 tibi:
1573 3864 1727 3905 meus
1755 3860 1837 3905 est

249 3936 404 3990 enim
434 3938 584 3992 orbis
625 3948 783 3992 terra!
815 3948 877 3994 et
904 3939 1184 4008 plenitudo
1226 3938 1368 4009 ejus.
1405 3938 1653 4011 Nunquid
1687 3957 1839 3996 mau-

253 4029 469 4084 ducabo
502 4044 697 4084 carnes
730 4041 1037 4095 taurorum,
1075 4042 1169 4086 aut
1199 4034 1519 4100 sanguinem
1558 4033 1837 4089 hircorum

252 4121 457 4187 potabo
504 4120 590 4173 ὀἳ
626 4138 646 4171 ι
714 4120 894 4188 Quare
946 4136 1044 4176 nec
1098 4123 1306 4175 taurina
1364 4136 1531 4178 carne
1565 4119 1705 4179 Deus
1741 4139 1835 4178 ve-

255 4215 456 4279 scitur,
493 4228 596 4268 nec
660 4214 935 4269 blrciuum
983 4213 1128 4271 bibit.
1173 4216 1530 4284 sanguinem?
1569 4217 1840 4286 quomodo

254 4304 426 4376 igitur
464 4317 643 4359 vatum
674 4306 819 4361 dicta
856 4304 1255 4363 conciliemus?
1293 4322 1417 4363 cum
1451 4307 1594 4362 dicat
1628 4306 1835 4365 Isaias:

259 4418 281 4453 ι
312 4400 456 4455 Deus
484 4416 712 4472 magnus
742 4409 797 4454 et
824 4410 1127 4471 praepotens
1157 4417 1261 4455 non
1283 4398 1485 4457 esuriet
1520 4400 1636 4468 ³⁷;›
1675 4400 1838 4457 David

1920 1931 1987 1987 ad
2026 1931 2191 1986 Deum
2217 1930 2490 1986 accedens
2538 1945 2555 1985 :
2590 1949 2605 1983 t
2644 1928 2871 1985 lmmola
2924 1926 3249 1983 sacriﬁcium
3299 1919 3493 1985 laudis.

1919 2032 1973 2079 et
2002 2022 2164 2080 redde
2190 2024 2469 2079 Altissimo
2502 2032 2620 2077 vota
2671 2032 2781 2077 tua.
2819 2022 2897 2077 Et-
2929 2022 3121 2077 invoca
3174 2032 3257 2075 me
3308 2019 3359 2073 in
3406 2018 3495 2074 die

1924 2117 2307 2180 tribulationis,
2347 2132 2535 2172 eruam
2582 2127 2654 2183 te,
2707 2125 2764 2172 et
2812 2115 3219 2171 honoriﬁcabis
3252 2127 3341 2169 me
3360 2108 3426 2167 ".
3460 2133 3491 2162 ιι

1922 2208 1986 2264 Et
2018 2210 2281 2267 Jeremias
2312 2225 2328 2264 :
2364 2228 2385 2262 ι
2424 2210 2562 2264 Ecce
2593 2210 2709 2265 dies
2758 2209 3017 2275 venient,
3050 2206 3182 2263 dicit
3215 2205 3498 2268 Dominus,

1922 2311 1978 2358 et
2012 2317 2118 2358 non
2172 2301 2389 2358 docebit
2441 2302 2581 2359 ultra
2610 2302 2693 2357 vir
2720 2300 3029 2379 proximum
3079 2314 3273 2364 suum,
3313 2305 3368 2353 et
3416 2296 3500 2352 vir

1923 2395 2145 2452 fratrem
2181 2413 2335 2451 suum
2360 2436 2375 2464 ,
2415 2394 2602 2452 dicens
2648 2413 2666 2451 :
2715 2394 2995 2465 Cognosce
3024 2391 3310 2449 Dominum
3338 2410 3353 2447 :
3380 2405 3501 2445 om-

1926 2504 2019 2544 nes
2047 2489 2192 2544 enim
2226 2500 2557 2559 cognoscent
2584 2505 2670 2543 me
2693 2530 2711 2555 ,
2759 2504 2788 2542 a
2816 2486 3042 2543 minimo
3086 2501 3277 2542 eorum
3326 2498 3502 2553 usque

1923 2585 1992 2639 ad
2022 2586 2316 2637 maximum
2344 2584 2411 2636 δ’.
2452 2602 2472 2635 ι
2532 2581 2719 2639 itidem
2752 2581 2818 2639 de
2864 2580 3104 2652 gentium
3142 2580 3246 2634 [ide
3290 2578 3496 2634 Isaias:

1932 2698 1951 2731 ι
2010 2675 2199 2735 Faciet
2254 2675 2515 2733 Dominus
2563 2672 2905 2729 exercituum
2955 2671 3207 2727 omnibus
3232 2668 3498 2742 "populis:

1927 2769 1980 2825 in
2014 2767 2198 2826 monte
2231 2772 2335 2825 isto
2384 2770 2607 2824 indueut
2638 2768 2879 2822 laetitiam
2908 2808 2923 2833 ,
2970 2766 3366 2838 pet-fundentur
3398 2781 3502 2820 un-

1926 2868 2167 2938 guento,
2229 2862 2415 2917 bibent
2459 2861 2644 2914 vinum
2678 2861 2754 2925 “;
2809 2877 2829 2911 ι
2873 2858 2961 2913 ubi
2996 2856 3249 2928 gaudium
3288 2860 3353 2911 ad
3406 2858 3501 2911 baé

1930 2957 2125 3029 ptisma
2173 2954 2406 3012 refertur
2449 2972 2465 3022 ;
2513 2957 2567 3008 et
2616 2968 2722 3023 quo
2776 2952 3082 3030 baptizatus
3134 2952 3386 3021 ungitur,
3437 2951 3506 3009 ad

1931 3065 2144 3108 sacrum
2192 3056 2562 3121 unguentum;
2596 3044 2777 3100 vinum
2812 3045 2887 3102 ad
2923 3044 3406 3102 incontaminatum
3444 3053 3504 3097 ac

1857 3159 1901 3219 ο
1936 3144 2276 3200 Dominicum
2315 3141 2652 3211 sanguinem.
2690 3141 2829 3197 idem
2870 3153 3079 3194 rursum
3111 3155 3124 3191 :
3167 3156 3185 3187 ι
3219 3137 3505 3195 Decretum

1934 3241 2038 3297 hoc
2069 3249 2151 3292 est
2182 3250 2343 3307 super
2378 3252 2567 3292 omnes
2594 3238 2781 3307 gentes
2808 3252 2823 3291 :
2859 3243 2917 3289 et
2948 3231 3128 3287 dicent
3157 3232 3209 3285 in
3244 3231 3329 3285 illa
3359 3228 3490 3288 die:

1940 3327 2077 3384 Ecce
2101 3328 2246 3383 Deus
2279 3336 2485 3393 noster,
2514 3324 2567 3380 in
2602 3340 2762 3395 quem
2795 3322 3507 3389 speravimus,exsultemus

1937 3420 1993 3476 in
2022 3420 2247 3479 salutari
2282 3430 2492 3485 nostro,
2524 3428 2579 3473 et
2600 3419 2827 3475 saltabit
2852 3432 2954 3472 nos
2977 3416 3092 3486 ipse
3126 3407 3503 3471 Dominus“.a

1937 3513 2032 3569 Est
2065 3523 2247 3568 autem
2298 3510 2411 3566 haec
2448 3511 2756 3565 sententia:
2791 3508 2930 3564 Ecce
2982 3506 3121 3562 Deus
3164 3506 3255 3561 ille
3299 3512 3504 3568 noster,

1937 3604 1991 3658 in
2052 3617 2159 3673 quo
2219 3616 2388 3673 spem.
2432 3601 2721 3667 habemus,
2763 3599 3045 3655 nobiscum
3100 3606 3208 3663 est,
3242 3598 3345 3651 hoc
3398 3604 3505 3659 est,

1938 3694 2238 3754 secundum
2297 3708 2517 3763 corpus,
2576 3691 2769 3746 iisdem
2824 3691 3022 3762 quibus
3077 3704 3175 3745 nos
3224 3688 3507 3745 obnoxius.

1944 3786 2137 3857 Itaque
2166 3787 2503 3841 exsultemus
2537 3787 2588 3839 iu
2625 3784 2800 3839 salute
2837 3793 3043 3846 nostra.
3082 3784 3172 3838 Dei
3196 3782 3364 3841 nostri
3392 3783 3511 3851 glo-

1939 3882 2064 3946 ria;
2095 3892 2221 3937 nam
2256 3877 2469 3931 Domini
2508 3877 2914 3949 glorigscilicet
2938 3890 3069 3930 crux
3095 3915 3111 3940 ,
3158 3884 3337 3931 nostra
3364 3873 3509 3929 salus

1940 3976 2043 4030 est.
2088 3972 2162 4027 Et
2188 3971 2425 4026 salvabit
2451 3985 2547 4025 nos
2589 3970 2705 4039 ipse
2738 3970 3027 4037 Dominus,
3068 3968 3306 4039 peccatis
3337 3964 3512 4024 omni-

1942 4063 2044 4116 bus
2070 4063 2220 4120 cruci
2261 4060 2460 4121 affixis.
2518 4062 2697 4130 Atque
2729 4055 2779 4113 id
2804 4059 2877 4113 ita
2909 4075 3050 4123 esse,
3078 4058 3253 4129 angeli
3283 4059 3350 4114 ad
3380 4053 3510 4111 Dei-

1940 4166 2127 4223 param
2161 4153 2319 4208 verba
2345 4153 2656 4208 ostendunt.
2705 4170 2724 4204 ι
2769 4151 2835 4206 Et
2863 4152 3134 4207 vocabunt
3169 4163 3361 4205 nomen
3391 4150 3510 4218 ejus

1940 4246 2304 4311 Emmanuel,
2364 4246 2504 4316 quod
2565 4254 2654 4299 est.
2710 4245 3165 4313 interpretatum,
3214 4236 3507 4298 Nobiscum

1944 4337 2086 4393 Deus
2116 4337 2182 4393 “.
2214 4356 2233 4389 ι
2271 4334 2391 4393 Jam
2430 4335 2645 4392 Davidis
2680 4352 2893 4409 quoque
2941 4336 3007 4392 de
3051 4334 3287 4398 Christo,
3319 4346 3385 4388 ex
3410 4331 3512 4391 Dei

1942 4440 1998 4487 et
2056 4429 2231 4485 Patris
2287 4442 2520 4499 persona
2568 4426 2669 4482 hoc
2716 4425 2941 4483 etiamm
2992 4436 3118 4481 est:
3155 4442 3171 4477 σ
3211 4422 3414 4478 Ponam
3453 4417 3510 4478 in

252 4511 430 4589 vero:
468 4516 487 4549 ‹
511 4495 571 4553 Si
597 4495 867 4561 eSuriero,
902 4511 1008 4550 non
1039 4496 1213 4550 dicam
1245 4493 1652 4565 tibi.Nunquid
1685 4512 1835 4550 man-
1867 4506 1911 4563 ο
1942 4518 2079 4574 “uri
2144 4493 2362 4577 maan
2421 4516 2542 4589 eius
2572 4556 2587 4582 ν
2644 4524 2699 4572 ει
2750 4516 2804 4570 in
2856 4510 3166 4570 ﬂuminibus
3235 4513 3513 4569 deﬂuam

254 4587 476 4644 ducabo
511 4602 708 4643 carnes
741 4598 1046 4652 taurorum,
1076 4588 1518 4659 autaanguiucm
1558 4588 1831 4645 hircorum

254 4680 505 4753 potabo?
557 4698 578 4734 ι
637 4679 928 4736 Enimvero
981 4681 1059 4735 sic
1110 4680 1411 4736 habendum
1444 4688 1534 4737 est
1566 4698 1583 4737 :
1614 4680 1831 4749 lsaiam,

256 4773 352 4844 qui
395 4774 462 4827 ad
487 4771 725 4826 divinam
750 4812 765 4837 ,
798 4782 849 4826 et
881 4785 1173 4841 perennem
1204 4812 1221 4836 ,
1252 4782 1415 4842 atque
1446 4771 1833 4839 sempiternam

258 4866 469 4922 Christi
500 4875 747 4920 naturam
810 4863 1123 4934 reapiceret,
1149 4863 1414 4933 quasique
1461 4878 1587 4919 cum
1620 4863 1837 4917 diabolo

261 4959 573 5022 dissereret,
600 4959 691 5027 qui
722 4957 999 5011 Christum
1031 4966 1246 5011 tentaus
1290 4955 1511 5024 iubebat
1537 4996 1553 5020 ,
1601 4954 1840 5011 ediceret

262 5048 585 5121 lapidibus,
631 5056 688 5103 ut
738 5062 906 5117 panes
936 5047 1127 5101 tierent
1157 5087 1173 5110 ,
1227 5049 1377 5102 velut
1429 5047 1841 5115 respondentem

264 5142 490 5206 dicere,
552 5141 759 5196 scilicet
812 5142 979 5197 Deum
1036 5155 1287 5211 maguum
1342 5155 1405 5195 ac
1455 5146 1842 5210 pra-potentem

262 5236 518 5292 cattrire?
570 5234 723 5302 Quod
794 5252 823 5291 a
883 5233 1169 5291 Servatore
1232 5250 1447 5305 quoque
1526 5246 1843 5303 reaponsum

266 5328 544 5400 malignus
595 5327 805 5398 accepit
855 5319 882 5385 ξ
929 5346 948 5381 ι
985 5326 1259 5398 Scriptum
1301 5330 1383 5381 est
1418 5345 1431 5383 :
1468 5325 1581 5380 Non
1623 5326 1675 5379 in
1728 5326 1843 5380 solo

336 5508 384 5542 "
409 5506 559 5566 Psal.
590 5523 794 5568 Luxv.
833 5508 920 5566 13.
999 5508 1044 5541 ³⁸
1082 5507 1214 5562 ibid.
1247 5505 1334 5560 15.
1411 5505 1455 5538 ⁸³
1491 5506 1648 5563 Joan.
1680 5523 1807 5565 1m.
1844 5507 1894 5564 l.
1937 5506 1992 5559 2.

1943 4610 2061 4685 ejus
2085 4610 2149 4669 ".
2193 4629 2210 4664 ι

2020 4731 2145 4811 inn.
2182 4753 2392 4808 Nullam
2425 4752 2495 4810 de
2524 4752 2743 4808 Christo
2782 4749 3123 4819 prophetiam
3155 4747 3242 4802 hic
3274 4745 3518 4818 psalmus

1947 4849 2230 4903 continet:
2267 4848 2333 4902 de
2365 4862 2423 4901 se
2444 4845 2586 4901 enim
2624 4854 2774 4899 vates
2808 4857 2928 4897 eum
2965 4842 3182 4898 cecinit.

2018 4961 2243 5018 Cnntsr.
2302 4966 2383 5017 Au
2456 4961 2522 5015 de
2577 4975 2635 5014 se
2690 4958 2858 5012 David
2915 4957 3181 5028 psalmum
3236 4954 3516 5018 cecinerit,

1954 5055 2263 5110 accuratius
2319 5069 2382 5109 ex
2442 5052 2529 5107 his
2582 5064 2701 5122 quae
2781 5058 3127 5119 sequuntur,
3187 5046 3513 5115 intelligetis.

1960 5162 1977 5196 ι
2020 5144 2138 5214 Ipse
2187 5143 2457 5198 invocabit
2489 5156 2572 5195 me
2612 5159 2626 5196 :
2664 5139 2825 5194 Pater
2866 5154 3015 5193 meus
3073 5152 3131 5191 es
3182 5142 3264 5201 tu;
3299 5154 3317 5187 ι
3369 5131 3518 5203 atqui

1953 5234 2004 5287 in
2037 5234 2184 5289 nullo
2225 5232 2553 5302 psalmorum
2588 5246 2745 5285 suum
2778 5229 2990 5283 Patrem
3019 5224 3193 5282 Deum
3214 5221 3517 5294 appellabat

1954 5325 2121 5381 David
2149 5343 2163 5379 :
2204 5346 2223 5379 ι
2263 5326 2399 5382 Deus
2435 5340 2605 5389 meus,
2636 5334 2692 5379 et
2721 5331 3001 5391 susceptor
3030 5319 3220 5374 salutis
3250 5332 3382 5372 mere
3408 5318 3454 5348 “
3488 5340 3505 5369 ο

2095 5502 2138 5535 ³⁸
2173 5500 2318 5558 Psal.
2349 5514 2547 5562 Lxxxr,
2594 5499 2678 5555 l6.
2752 5495 2797 5529 ⁸⁸
2828 5496 2934 5552 lsa.
2966 5512 3069 5557 χι..
3112 5493 3202 5547 28.
3300 5492 3345 5526 ³⁸
3369 5491 3513 5550 Psal.

269 5562 433 5647 m3,
458 5562 622 5637 illi.
648 5562 739 5616 ﬁ"
773 5562 915 5634 Psal.
953 5595 1043 5645 xu,
1079 5576 1169 5633 28.
1212 5575 1257 5609 “
1282 5576 1474 5631 Matth.
1520 5592 1591 5643 tv,
1624 5562 1674 5631 4.
1714 5646 1729 5647 γ
1756 5562 1799 5610 ⁸⁵

1927 5576 2021 5647 ιώ.
2058 5588 2129 5633 st.
2154 5574 2261 5647 _l_9._
2325 5570 2373 5647 ‘f’
2396 5569 2543 5623 Psal.
2577 5568 2849 5647 manu”,
3019 5565 3096 5647 ,ξ’
3123 5562 3331 5647 gerem.
3355 5575 3535 5630 χῃσι

270 5631 493 5717 31—55.
538 5631 619 5683 Ἷί
658 5631 933 5717 infant,
1091 5631 1140 5681 λδ
1170 5647 1274 5703 lsa.
1309 5663 1439 5713 xxv,
1474 5648 1528 5703 9.
1581 5631 1651 5680 ’⁸³
1681 5646 1874 5702 Matth.
1911 5660 1954 5710 ι,
1982 5646 2077 5702 9.3.
2122 5631 2195 5677 ’⁸⁸
2232 5641 2373 5701 Psai.
2403 5655 2664 5709 Lxxxvm,
2712 5640 2803 5695 96.
2880 5636 2927 5671 δ’
2961 5635 3096 5693 ibid.
3122 5631 3213 5687 27.

342 5804 482 5878 (δι’)
524 5801 651 5872 δίε.»
684 5805 812 5878 riis.
