4082 6294
325 344 441 412 853

1401 354 1787 418 DIALOGUS
1820 353 2122 416 CONTRA
2159 355 2495 421 JUDIEOS.
2581 360 2585 363 ν

3484 345 3692 433 est,

334 472 390 520 et
415 472 578 522 aures
607 467 728 540 ejus
767 468 825 526 in
859 484 1050 543 preces
1092 485 1284 529 eorum
1311 492 1325 542 ;
1370 474 1552 530 vultus
1589 451 1783 529 autem.
1804 474 1909 528 Do-
1941 473 1991 536 Δ
2018 474 2284 531 fraudast’i
2307 487 2432 531 eum
2456 471 2526 531 τ’.
2566 491 2587 527 ι
2618 472 2830 531 Videtis
2858 482 2918 529 ut
2941 472 3015 528 de
3049 470 3269 527 Christo
3296 468 3591 538 loquatur’

335 559 469 614 mini
505 576 673 631 super
706 564 974 623 facientes
1025 560 1168 621 maia
1194 569 1264 634 “,
1293 587 1312 621 ι
1364 578 1418 624 et
1463 569 1581 624 haec
1612 567 1764 624 Isaias
1790 576 1917 625 sunt

333 649 783 726 interpretanda;
814 674 941 713 nam
982 661 1077 716 ille
1111 663 1310 731 partim
1346 661 1761 732 benignitatem,
1790 676 1916 730 par-

338 742 438 796 tim
484 744 752 800 vindicem
793 745 889 803 Dei
938 759 1271 820 potestatem
1320 751 1619 817 describit;
1674 751 1761 805 hic
1789 749 1915 803 dum

339 834 756 901 dicitmanum.
789 855 859 895 ne
886 840 1027 896 dona
1059 841 1271 911 capiat,
1297 851 1445 896 arcet
1473 880 1491 906 ,
1536 846 1803 911 auresque
1850 854 1920 895 ne

347 924 611 995 injustam
644 932 838 1001 capitis
900 931 1304 1001 inquisitionem
1336 934 1649 1001 iuaudiant,
1678 931 1918 997 obturat,

339 1018 771 1078 incarnationem
811 1022 928 1092 ejus
960 1027 1211 1095 proponit
1252 1028 1319 1081 ".

414 1112 595 1183 Atque
626 1116 678 1169 id
709 1133 898 1173 verum
946 1128 1089 1185 esse,
1126 1134 1191 1175 ex
1223 1120 1293 1175 iis
1329 1136 1447 1190 quae
1479 1131 1598 1191 post
1641 1122 1918 1176 disserun-

338 1211 469 1273 tur,
533 1208 876 1280 intelligetis.
926 1213 1094 1268 Addit
1145 1214 1291 1268 enim
1344 1232 1357 1269 :
1399 1232 1418 1266 ι
1481 1214 1700 1270 Claudit
1734 1216 1921 1271 oculos

338 1312 513 1367 suos,
568 1316 637 1357 ne
680 1304 900 1359 videant
933 1305 1137 1359 malum
1184 1305 1270 1373 '3;
1308 1326 1324 1358 ι
1382 1306 1449 1362 iis
1480 1307 1658 1363 verbis
1710 1307 1919 1362 Domini

337 1406 533 1446 necem
575 1402 629 1448 et
671 1392 981 1450 Judmorum
1027 1397 1450 1453 obstinationem
1488 1408 1698 1454 notans.
1749 1419 1770 1451 ε
1813 1398 1924 1457 iste

341 1482 396 1537 in
433 1485 665 1541 excelsis
716 1488 1023 1555 habitabit,
1081 1491 1415 1545 munimenta
1462 1505 1714 1546 saxorum
1756 1490 1923 1547 subli-

342 1576 510 1633 mitas
546 1580 665 1648 ejus
699 1581 767 1637 “.
799 1600 819 1633 ι
856 1584 1104 1652 Accipite
1143 1585 1566 1641 incarnationem
1600 1604 1612 1640 :
1657 1599 1780 1639 nam
1817 1584 1921 1640 nisi

339 1666 410 1721 de
440 1683 504 1721 ea
539 1670 747 1726 dictum
779 1671 881 1727 hoc
913 1683 993 1728 est
1021 1714 1035 1738 ,
1076 1675 1297 1730 ubinam
1334 1674 1536 1746 alioqui
1564 1679 1921 1746 comprehen-

341 1767 523 1829 datur,
554 1765 647 1834 qui
676 1766 878 1836 ubique
905 1782 1149 1834 praesens
1179 1780 1373 1823 cuncta
1410 1768 1683 1837 complet?
1715 1789 1733 1821 ι
1762 1768 1922 1822 Panis

347 1860 396 1913 ei
433 1858 599 1913 datus
630 1867 737 1922 est,
779 1879 798 1911 ι
832 1860 884 1914 id
922 1870 1030 1925 est,
1062 1877 1198 1932 pane
1235 1864 1300 1916 ad
1332 1862 1723 1918 incarnationis
1764 1862 1922 1920 iidem
1958 1841 2000 1892 Β

341 1948 655 2003 vesciturus
680 1990 694 2015 ,
750 1968 768 2001 ι
806 1960 860 2003 et
912 1965 1067 2019 aqua:
1105 1952 1223 2022 ejus
1257 1952 1445 2007 fideles
1482 1963 1607 2007 sunt
1646 1954 1720 2020 ⁶⁹;
1762 1972 1778 2006 ι
1821 1954 1925 2009 sci-

344 2039 469 2095 licet
500 2055 713 2095 sacrum
743 2043 1142 2110 baptisma,scu
1164 2045 1415 2100 salutaris
1446 2047 1709 2101 doctrina.
1730 2046 1927 2113 Quem-

334 2132 632 2188 admodum
680 2143 734 2189 et
792 2134 1043 2191 Christus
1091 2139 1207 2207 ipse
1241 2139 1305 2193 ad
1336 2136 1741 2195 Samaritannm
1810 2141 1925 2194 dis-

336 2229 517 2287 serit:
564 2248 582 2279 ι
618 2228 673 2285 Si
699 2232 868 2285 scires
917 2233 1117 2287 donum
1148 2232 1264 2297 Dei,
1297 2242 1349 2288 et
1376 2234 1495 2304 quis
1512 2245 1616 2296 est.
1659 2236 1750 2305 qui
1794 2235 1927 2291 dicit

348 2320 446 2375 tibi
476 2338 491 2374 :
527 2322 597 2376 Da
635 2324 767 2379 mihi
802 2324 1008 2390 bibere,
1042 2336 1095 2379 tu
1135 2325 1359 2381 forsitan
1390 2327 1618 2395 petisses
1648 2328 1717 2382 ab
1746 2343 1843 2393 eo,
1871 2340 1926 2384 et

340 2411 582 2468 dedisset
626 2416 717 2469 tibi
768 2431 964 2484 aquam
1010 2418 1187 2472 vivam
1234 2419 1310 2484 ⁷ο,
1349 2438 1369 2471 ›
1421 2428 1478 2473 ut
1524 2436 1629 2474 non
1659 2421 1839 2475 sitires
1870 2424 1926 2476 in

336 2517 628 2561 aeternum.
666 2508 728 2561 Et
763 2525 1021 2565 rursum:
1068 2529 1086 2562 ι
1121 2510 1220 2578 Qui
1251 2512 1423 2566 credit
1450 2513 1504 2567 in
1548 2526 1662 2575 me,
1708 2511 1925 2568 ﬂumina

340 2601 407 2651 de
441 2607 625 2653 ventre
648 2598 761 2669 ejus
792 2600 955 2656 (luent
996 2608 1150 2671 aqua:
1180 2602 1312 2658 vivae
1341 2604 1409 2670 ",
1440 2622 1458 2655 ι
1505 2604 1704 2660 divinae
1746 2621 1807 2659 ac
1840 2619 1927 2659 sa—

339 2687 539 2743 lutaris
592 2693 855 2746 doctrinae
899 2708 1204 2751 sermones.
1267 2714 1285 2747 t
1323 2695 1526 2766 Regem
1577 2700 1702 2751 cum
1756 2698 1923 2766 gloria

337 2782 597 2836 videbitis
636 2783 712 2848 τ’,
761 2802 780 2836 ι
820 2785 873 2838 id
915 2795 1019 2849 est,
1059 2785 1331 2841 hominem
1367 2801 1486 2840 cum
1519 2788 1697 2841 divina
1730 2788 1920 2858 gloria.

340 2872 408 2928 Et
450 2874 622 2930 Oseas
672 2893 686 2929 :
745 2895 765 2928 ε
822 2875 1067 2933 Posthac
1115 2885 1457 2934 revertentur
1506 2879 1597 2933 {iiii
1642 2880 1823 2946 lsrael,
1870 2890 1922 2936 et

338 2980 597 3039 quirerent
644 2970 937 3025 Dominum
993 2972 1157 3025 Deum
1191 2974 1390 3037 suum,
1443 2980 1498 3027 et
1542 2971 1708 3027 David
1744 2989 1922 3043 regem

342 3074 503 3115 suum
531 3079 544 3115 :
583 3071 636 3116 et
663 3062 938 3129 parebunt.
965 3063 1031 3117 ad
1061 3061 1372 3129 Dominum,
1400 3071 1454 3119 et
1481 3066 1547 3119 ad
1580 3067 1779 3119 bonum
1808 3065 1925 3135 ejus

2021 578 2145 625 nam
2202 566 2246 621 si
2300 564 2548 622 Ezechiae
2602 564 2840 622 fortasse
2889 563 3163 626 tribuetis,
3205 559 3270 615 ad
3311 557 3597 613 Christum

2023 669 2202 716 tamen
2238 674 2364 715 vere
2400 659 2662 715 refertur.
2694 657 2828 726 Quis
2858 656 3007 712 enim
3039 670 3137 711 rex
3169 658 3393 723 propter
3424 647 3593 704 animi

2023 759 2207 821 optata
2238 794 2254 819 ,
2297 760 2353 807 et
2400 751 2667 808 orationis
2713 749 2983 822 postulata
3037 745 3247 802 Numen
3300 743 3597 814 propitium

2022 844 2259 900 habuit?
2290 844 2469 914 Atque
2503 844 2555 898 id
2583 858 2770 899 verum
2806 842 2958 901 esse“,
2994 840 3136 895 idem
3177 838 3441 906 Pr0pheta
3476 848 3592 887 rur-

2021 947 2143 989 sum
2209 938 2317 990 alio
2370 936 2585 1005 psalmo
2633 936 2972 991 demonstrat
3008 950 3022 987 :
3058 951 3078 985 t
3134 929 3387 991 Benedic,
3414 926 3593 1011 anima

2025 1044 2166 1095 mea,
2202 1028 2430 1084 Domino
2488 1048 2504 1086 :
2560 1030 2653 1100 qui
2720 1028 2894 1099 replet
2949 1028 3002 1082 in
3049 1026 3209 1081 bonis
3260 1020 3601 1078 desiderium

2030 1129 2180 1177 tuum
2215 1122 2284 1176 τ’.
2348 1141 2367 1175 ι
2402 1121 2561 1189 Quod
2612 1121 2655 1177 si
2714 1120 2901 1175 Davidi
2957 1119 3255 1189 praestitum
3310 1130 3414 1171 non
3469 1120 3554 1166 est
3580 1151 3603 1175 ,.

2024 1216 2210 1283 ecquis
2251 1216 2388 1269 alius
2423 1229 2512 1271 rex
2543 1212 2612 1270 de
2645 1229 2708 1269 eo
2748 1228 2807 1268 se
2829 1210 3098 1281 jactabit?
3126 1209 3416 1264 Enimvero
3448 1214 3597 1273 post-

2025 1323 2186 1382 quam
2213 1310 2445 1367 dixisset
2485 1328 2498 1367 :
2541 1329 2558 1363 t
2600 1309 2847 1374 Domine,
2876 1309 2927 1362 in
2955 1313 3156 1361 virtute
3201 1314 3286 1358 tua
3332 1301 3600 1356 hetabitur

2025 1419 2145 1470 rex,
2179 1422 2197 1455 ι
2242 1414 2549 1473 caateraque
2576 1417 2694 1472 quae
2726 1416 2791 1457 eo
2821 1397 3060 1454 carmine
3088 1395 3430 1463 praenuntiat,
3462 1387 3601 1445 iudi-

2025 1512 2157 1554 cans
2209 1497 2490 1565 apertius,
2524 1498 2589 1551 de
2632 1510 2741 1566 quo
2788 1509 2914 1562 rege
2964 1490 3281 1545 vaticinium
3321 1484 3599 1547 edidisset,

2028 1594 2141 1647 ait:
2176 1610 2195 1643 ι
2225 1593 2402 1646 Vitam
2450 1592 2600 1661 petiit
2648 1607 2675 1645 a
2727 1602 2818 1645 te:
2853 1602 2907 1645 et
2950 1587 3181 1642 tribuisti
3217 1584 3266 1640 ei
3316 1580 3601 1651 longitudi-

2028 1698 2150 1739 nem
2192 1684 2398 1740 dierum
2427 1684 2479 1737 iu
2513 1684 2797 1748 saeculum,
2828 1691 2883 1737 et
2914 1682 2965 1734 in
2994 1678 3251 1734 sarculum
3292 1674 3475 1731 saeculi
3496 1671 3599 1727 ".o

2029 1778 2205 1847 Atque
2236 1775 2416 1832 nullus
2464 1777 2625 1848 plane
2666 1784 2863 1846 praeter
2909 1774 3188 1829 Christum
3230 1784 3321 1825 rex
3353 1767 3605 1839 perennis

2030 1871 2187 1935 vivit,
2243 1877 2405 1938 atque
2453 1880 2663 1938 regnat.
2708 1866 2883 1937 Atque
2932 1866 3045 1921 haec
3096 1862 3312 1933 quidem
3369 1857 3606 1929 prophe—

2030 1970 2209 2018 tarum
2256 1971 2404 2016 sunt.
2454 1959 2593 2028 Quin
2646 1974 2744 2029 nos
2789 1971 3001 2027 quoque
3043 1959 3305 2009 hactenus
3344 1950 3436 2006 Dei
3484 1947 3605 2005 Filii

2032 2058 2196 2120 atque
2227 2048 2389 2104 Verbi
2424 2047 2854 2103 incarnationem
2898 2046 3200 2108 edidimus;
3231 2058 3403 2115 neque
3460 2039 3606 2095 enim

2030 2138 2112 2194 fas
2142 2150 2227 2194 est
2282 2139 2533 2210 amplius.
2572 2138 2701 2193 Nam
2733 2148 2791 2193 ut
2844 2152 2994 2192 mare
3038 2137 3234 2208 cyatho
3288 2132 3463 2187 metiri
3500 2146 3608 2186 non

2033 2231 2231 2299 pessis,
2257 2232 2400 2301 quod
2437 2231 2621 2286 multis
2655 2239 2818 2301 atque
2856 2230 3171 2299 ingentibus
3195 2226 3377 2282 ﬂuviis
3404 2224 3606 2295 rigetur

2031 2323 2156 2393 (etsi
2220 2338 2290 2378 ne
2355 2323 2436 2377 sic
2484 2322 2706 2393 quidem
2761 2330 3012 2376 exactam
3071 2321 3359 2373 veritatem
3416 2331 3610 2371 consc-

2032 2426 2238 2485 quatur
2258 2415 2614 2486 exemplum),
2648 2415 2720 2468 ita
2754 2429 2908 2479 sane,
2929 2426 2982 2468 et
3015 2412 3160 2467 illaut
3194 2425 3291 2481 pro
3323 2409 3605 2480 dignitate,

2031 2509 2337 2564 edisserere
2374 2524 2435 2561 ac
2468 2491 2548 2562 vel
2578 2506 2925 2564 mediocriter
2957 2503 3329 2576 perscrutari,
3361 2504 3609 2556 humanm

2031 2600 2203 2656 menti
2229 2599 2608 2655 inconcessqu
2644 2610 2745 2654 est.

2568 2729 2797 2788 CAPUT
2822 2728 3069 2786 XXXVI.

2216 2847 2368 2903 Atter
2412 2848 2574 2903 Isaia:
2613 2850 2675 2903 de
2716 2852 2915 2904 Μειδία
2951 2850 3095 2905 locus
3128 2857 3418 2922 expositus.

2101 2961 2207 3017 Sed
2237 2963 2488 3031 quoniam
2523 2964 2684 3020 nobis
2719 2973 2801 3017 ter
2830 2966 3003 3018 sancti
3039 2980 3101 3020 ac
3140 2967 3335 3024 vivitici
3366 2965 3612 3038 Spiritus

2027 3056 2428 3125 processionem
2451 3055 2629 3111 Moses
2663 3072 2773 3127 pra:
2810 3059 3020 3113 caeteris
3050 3060 3265 3114 vatibus
3283 3061 3611 3133 obsignavit,

346 3151 400 3205 in
426 3153 722 3209 novissimo
742 3153 951 3208 dierum
975 3154 1022 3186 ’³
1048 3172 1064 3221 ;
1092 3172 1112 3207 ιι
1144 3170 1261 3222 qua:
1288 3154 1355 3210 de
1400 3154 1511 3209 Deo
1538 3154 1757 3208 homine
1794 3154 1919 3211 Jesn
1952 3184 1993 3241 G
2030 3148 2251 3202 accedat
2280 3162 2406 3200 vero
2428 3156 2483 3201 et
2516 3146 2707 3213 isaias,
2751 3148 2841 3216 qui
2884 3146 3156 3217 Unigeniti
3187 3150 3612 3208 incarnationem

348 3244 587 3315 disputat
613 3248 904 3318 propheta,
946 3248 1143 3317 partim
1185 3248 1467 3303 Dominum
1496 3250 1661 3304 Deum
1706 3261 1926 3319 propter

345 3340 466 3409 ejus
504 3342 846 3398 divinitatem
896 3356 1127 3401 vocans.
1162 3344 1357 3408 partim
1410 3342 1663 3397 Davidem
1708 3353 1928 3412 propter

342 3430 737 3489 humanitatem
767 3474 781 3496 ,
829 3449 927 3487 ceu
973 3451 1037 3489 ex
1098 3434 1316 3491 Davidis
1356 3438 1527 3506 stirpe
1573 3445 1783 3517 natum,
1826 3434 1927 3491 Ubi

341 3534 431 3580 est
472 3526 619 3579 enim
691 3524 912 3581 Davidis
972 3528 1187 3581 demum
1251 3527 1597 3597 benignitas,
1644 3528 1930 3597 postremis

342 3616 457 3672 illis
510 3619 887 3689 temporibus,
938 3636 1037 3673 nec
1076 3620 1380 3691 benignitas
1429 3622 1627 3683 modo,
1676 3619 1767 3674 sed
1814 3635 1932 3685 quae

343 3710 607 3767 homines
656 3727 877 3780 quoque
924 3714 976 3768 in
1046 3724 1323 3784 stuporem
1363 3712 1637 3769 adducat?
1674 3711 1739 3765 Et
1781 3711 1933 3768 Jere-

347 3802 507 3869 mins,
556 3804 622 3858 de
668 3805 852 3872 pueris
898 3814 1120 3876 propter
1160 3820 1282 3859 eum
1341 3805 1637 3861 interiectis
1680 3823 1695 3860 :
1741 3825 1760 3857 ‹
1808 3804 1931 3860 "me

340 3895 480 3949 dicit
545 3893 807 3951 Dominus
852 3914 867 3950 :
932 3896 1192 3962 Quiescat
1221 3914 1321 3952 vox
1370 3910 1461 3953 tua
1506 3914 1533 3953 a
1571 3884 1831 3969 'ploratu,
1881 3909 1935 3953 et

342 3988 485 4043 oculi
571 3987 647 4042 tui
723 4004 749 4040 a
807 3988 1123 4061 lacrymis:
1186 3991 1309 4060 quia
1370 4001 1454 4045 est
1511 4006 1716 4046 merces
1785 3992 1933 4056 operi

347 4090 441 4135 tuo
481 4080 551 4136 ἰ.
592 4099 610 4134 ι
648 4081 801 4149 Quod
857 4083 995 4137 idem
1023 4093 1076 4138 et
1109 4085 1175 4138 de
1208 4084 1397 4152 quovis
1444 4082 1742 4154 ptenitentc
1777 4083 1929 4137 dicit.

346 4171 498 4227 idem
544 4186 761 4228 rursum
799 4189 816 4228 :
850 4192 867 4225 ι
929 4172 1045 4228 Non
1104 4174 1346 4230 interibit
1388 4171 1457 4230 de
1499 4177 1663 4230 David
1708 4176 1812 4240 vir,
1842 4174 1933 4243 qui

342 4260 536 4318 Sedeat
585 4278 749 4333 super
813 4264 1067 4319 thronum
1123 4265 1313 4319 domus
1363 4257 1629 4322 israel".
1689 4284 1708 4318 ι
1770 4265 1936 4335 igitur

342 4352 394 4408 si
425 4367 532 4407 non
567 4352 726 4408 venit
760 4352 1022 4409 Christus
1050 4357 1066 4419 ',
1099 4355 1328 4410 mendax
1357 4367 1437 4411 est
1465 4363 1744 4427 propheta.
1782 4356 1940 4413 Exci-

344 4445 504 4502 distis
542 4448 685 4502 enim
709 4486 725 4513 ,
767 4430 938 4503 Judaei
968 4489 983 4514 ,
1018 4449 1252 4519 primam
1288 4451 1504 4519 quidem
1537 4454 1704 4523 gratia
1744 4451 1837 4506 Dei
1885 4462 1940 4507 et

2032 3239 2301 3309 obsignet.
2336 3240 2505 3308 igitur
2534 3242 2919 3311 prophetarum
2962 3240 3358 3299 illustrissimus
3388 3246 3611 3315 proﬁte-

2037 3344 2140 3399 tor,
2180 3331 2307 3402 quid
2358 3332 2496 3388 Deus
2544 3332 2755 3389 locutus
2784 3336 2855 3389 sit
2895 3335 2960 3390 ad
2991 3335 3213 3391 Achaz:
3259 3354 3277 3386 ί
3311 3337 3375 3391 Et
3416 3336 3615 3409 adjecit

2036 3424 2296 3479 Dominus
2327 3424 2473 3493 loqui
2510 3426 2575 3479 ad
2609 3425 2810 3490 Acbaz,
2839 3426 3067 3482 dicens:
3102 3425 3232 3482 Pete
3269 3428 3361 3482 tibi
3398 3428 3614 3498 signum

2036 3532 2065 3571 a
2106 3516 2335 3570 Domino
2373 3514 2490 3570 Deo
2526 3527 2616 3571 tuo
2648 3516 2702 3571 in
2744 3517 3072 3586 profundum
3120 3517 3344 3583 inferni,
3410 3519 3526 3574 sive
3560 3520 3613 3577 in

2034 3609 2312 3665 excelsum
2364 3626 2550 3679 supra.
2585 3608 2654 3663 Et
2712 3609 2850 3665 dixit
2895 3610 3082 3667 Achaz
3111 3624 3127 3664 ε
3164 3609 3280 3664 Non
3315 3623 3526 3679 petam,
3559 3624 3615 3667 et

2037 3719 2143 3757 non
2180 3703 2397 3757 tentabo
2426 3700 2821 3777 Dominum._Et
2850 3703 2985 3758 dixit
3010 3703 3175 3759 Isaias
3198 3720 3215 3759 :
3242 3705 3438 3760 Audite
3455 3722 3607 3778 ergo.

2036 3797 2229 3851 domus
2262 3796 2424 3850 David
2455 3815 2468 3851 :
2504 3795 2758 3867 Nunquid
2798 3813 2987 3868 parum
3039 3799 3189 3854 vobis
3230 3810 3308 3855 est
3342 3801 3613 3857 molestos

2039 3904 2161 3944 esse
2196 3888 2527 3953 hominibus,
2583 3890 2709 3960 quia
2767 3890 2975 3945 molesti
3026 3892 3156 3947 estis
3204 3904 3257 3946 et
3290 3892 3398 3948 Deo
3455 3894 3614 3947 meo?

2039 3979 2269 4051 Propter
2293 3984 2393 4036 hoc
2420 3982 2572 4037 dabit
2599 3982 2858 4038 Dominus
2884 3985 3001 4054 ipse
3030 3985 3178 4040 vobis
3204 3985 3442 4056 signum.
3474 3988 3615 4041 Ecce

2042 4072 2191 4142 virgo
2246 4072 2533 4141 concipiet,
2571 4082 2624 4129 et
2654 4075 2824 4142 pariet
2869 4076 3057 4143 lilium,
3103 4086 3157 4131 et
3204 4077 3487 4133 vocabitur
3519 4095 3614 4133 uo-
3710 4128 3715 4135 .

2043 4177 2162 4217 men
2199 4163 2313 4235 ejus
2362 4164 2703 4222 Emmanuel.
2766 4167 3025 4239 Butyrum
3086 4178 3139 4224 et
3187 4170 3292 4225 mel
3348 4172 3613 4227 comedet.

2045 4254 2142 4320 Qui
2201 4272 2494 4327 antequam
2556 4249 2694 4313 sciat
2730 4269 2821 4312 aut
2862 4258 3119 4327 praeferat
3176 4261 3397 4328 malum,
3454 4263 3617 4334 eliget

2045 4350 2241 4404 bonum
2277 4351 2343 4408 ".
2396 4350 2463 4405 Et
2513 4353 2649 4407 dixit
2701 4352 2959 4409 Dominus
3014 4356 3081 4409 ad
3142 4369 3266 4410 me:
3300 4354 3466 4411 Sume
3517 4356 3613 4410 tibi

2045 4443 2243 4498 librum
2284 4460 2480 4499 novum
2519 4447 2799 4516 grandem,
2833 4456 2888 4501 et
2932 4449 3111 4504 scribe
3145 4448 3199 4504 in
3234 4465 3299 4505 co
3325 4450 3464 4521 ston
3506 4450 3615 4506 ho-

341 4538 755 4609 procuratione,
785 4540 979 4595 deinde
1003 4550 1053 4595 et
1079 4539 1568 4611 llierosoiymitaua
1602 4546 1746 4598 sede.
1777 4544 1929 4599 Absit
1965 4536 2006 4589 Ι)
2035 4538 2198 4593 mittis
2228 4554 2241 4591 ε
2283 4536 2555 4594 Veiocilel‘
2585 4540 2758 4610 Spolia
2796 4541 3043 4605 detrahe,
3072 4544 3177 4597 cito
3212 4544 3452 4611 praedare
3479 4544 3550 4599 ⁸⁸.
3592 4564 3613 4597 ι

344 4630 499 4695 Vero,
530 4627 673 4685 Deus
698 4628 1062 4684 immortalis!
1118 4640 1179 4684 ut
1213 4632 1534 4685 mendacem
1574 4631 1663 4687 Dei
1694 4635 1927 4703 prophe-

345 4720 461 4775 tam
509 4718 799 4790 appellem.
827 4712 932 4775 Sed
965 4736 1086 4775 cum
1132 4720 1197 4774 ad
1227 4720 1505 4775 Christum
1532 4736 1717 4789 usque
1740 4738 1925 4792 regna—

344 4814 507 4878 retis,
542 4828 879 4886 regnumque
907 4823 960 4868 ct
994 4813 1358 4869 sacerdotium
1388 4817 1666 4880 teneretis,
1696 4818 1923 4870 veniens

342 4905 616 4971 Christus,
650 4906 744 4977 qui
782 4908 1100 4962 humanitus
1137 4909 1203 4963 ab
1245 4906 1443 4960 Davidc
1485 4923 1655 4976 genus
1678 4907 1919 4973 duceret,

342 5000 833 5058 consubstantialis
865 5008 919 5054 et
948 5009 1247 5055 coaeternus
1285 4999 1430 5053 Patri
1472 4998 1678 5066 Filius,
1714 5001 1924 5057 Israeli-

343 5102 529 5149 tarum
567 5100 728 5159 atque
776 5092 1012 5147 universi
1059 5092 1203 5149 orbis
1254 5092 1540 5160 imperium
1594 5094 1811 5160 accipit.
1867 5091 1921 5146 ld

344 5185 489 5258 quod
519 5194 571 5239 et
607 5183 772 5239 David
798 5183 1107 5248 COnﬂrtnat,
1139 5187 1190 5239 in
1226 5187 1337 5240 haec
1380 5187 1583 5240 verba:
1618 5204 1636 5237 t
1674 5187 1918 5252 Domine,

342 5278 400 5331 iu
459 5278 660 5331 virtute
719 5287 806 5329 tua
860 5276 1129 5330 laetabitur
1190 5277 1328 5340 Rex,
1384 5289 1437 5332 et
1489 5294 1649 5346 super
1689 5267 1953 5333 salutare

344 5381 499 5426 tuum
562 5370 854 5426 exsultabit
912 5369 1273 5425 vehementer.
1340 5372 1670 5427 Desiderium
1745 5375 1925 5428 contis

342 5464 467 5534 ejus
513 5460 752 5519 tribuisti
802 5463 891 5522 ei:
926 5472 980 5518 et
1030 5464 1303 5521 voluntate
1348 5466 1610 5520 labiorum
1647 5467 1767 5536 ejus
1815 5483 1921 5521 non

2034 4632 2203 4685 Adest
2231 4633 2371 4683 enim
2403 4650 2446 4683 ει
2468 4631 2540 4686 Et
2560 4631 2803 4687 adhibuit
2832 4634 2961 4687 mihi
2991 4644 3154 4691 testes
3186 4634 3393 4699 ﬁdeles,
3429 4633 3613 4691 Uriam

2035 4719 2407 4788 sacerdotem,
2461 4734 2517 4779 et
2578 4723 2899 4779 Zachariam
2964 4725 3130 4780 lilium
3185 4727 3510 4783 Barachiat:
3562 4740 3617 4782 et

2034 4814 2239 4869 accessi
2300 4816 2364 4868 ad
2420 4817 2863 4885 prophetissam,
2906 4828 2959 4871 et
3009 4819 3258 4889 concepit
3312 4829 3366 4874 ct
3410 4821 3619 4889 peperit

2036 4903 2228 4958 filium.
2263 4905 2328 4957 Et
2351 4906 2488 4959 dixit
2525 4906 2781 4966 Dominus
2810 4908 2873 4961 ad
2907 4921 3029 4963 me:
3062 4907 3204 4965 Voca
3249 4925 3443 4964 nomen
3476 4911 3613 4979 ejus.

2030 4997 2285 5051 Acceleru
2335 4998 2505 5068 spolia
2553 4999 2882 5053 detrahere:
2918 5000 3134 5056 Festina
3185 5003 3439 5072 prredari.
3480 5002 3613 5067 Quia

2030 5100 2321 5157 antequam
2390 5089 2524 5142 sciat
2594 5104 2727 5156 puer
2818 5104 3011 5144 vocare
3077 5105 3283 5161 patrem
3340 5110 3496 5147 suum
3560 5105 3614 5147 et

2034 5190 2261 5239 triatrem
2316 5196 2466 5235 suam
2494 5224 2508 5247 ,
2547 5183 2777 5252 accipiet
2820 5182 3191 5238 fortitudinem
3238 5183 3527 5247 Damasci,
3562 5194 3617 5239 et

2029 5274 2197 5342 spolia
2229 5274 2487 5329 Samaria:
2523 5290 2708 5327 coram
2751 5290 2876 5344 rege
2929 5273 3276 5346 Assyriorum
3321 5275 3610 5331 Nobiscum

2030 5368 2173 5422 Deus
2203 5367 2271 5420 ⁸³.
2310 5386 2430 5419 ι-‹
2471 5368 2675 5423 Scitote
2711 5379 2922 5437 gentes,
2948 5380 3001 5423 et
3028 5370 3329 5432 vincimiui,
3356 5379 3407 5423 et
3433 5371 3616 5426 audite

2035 5466 2298 5517 universae
2357 5466 2545 5533 procul
2610 5474 2823 5520 terrae:
2881 5466 3008 5534 quia
3083 5467 3363 5521 nobiscum
3452 5465 3614 5532 Deus,

418 5716 465 5750 “
493 5716 633 5774 Psal.
680 5731 876 5781 xxxtu,
928 5715 1016 5780 16,
1056 5715 1140 5769 i7.
1218 5717 1261 5748 ⁸⁷
1298 5716 1399 5770 lsa.
1446 5733 1636 5779 xmu,
1672 5718 1756 5773 i5.
1835 5718 1878 5749 ⁸⁸
1917 5717 1927 5767 i

2031 5756 2043 5770 .
2095 5716 2176 5772 t6.
2259 5719 2469 5785 "ibid.
2546 5718 2591 5748 ⁷⁸
2624 5715 2779 5773 Joan.
2818 5734 2889 5779 iV,
2928 5719 3012 5774 l0.
3091 5716 3132 5749 '“
3170 5716 3326 5770 Joan.
3381 5728 3486 5785 vn,
3523 5712 3612 5785 58.

342 5790 395 5822 ⁷³
424 5785 527 5843 isa.
562 5796 753 5849 χχχιιι,
778 5788 865 5841 i7.
936 5788 982 5819 ⁷³
1006 5788 1141 5841 Osce
1174 5802 1231 5840 ιιι
1255 5828 1268 5846 .
1310 5787 1362 5843 5.

1434 5788 1481 5818 τι
1511 5790 1710 5842 Jeretn.
1746 5804 1907 5847 xui,
1944 5788 2031 5841 iii.
2105 5790 2149 5820 ⁷⁵
2176 5788 2374 5843 Jercm.
2412 5805 2541 5846 Lill,
2589 5788 2674 5839 i7.

2753 5789 2799 5821 τδ
2827 5788 2973 5845 Psal.
3026 5806 3116 5855 xx,
3158 5789 3202 5851 Ι,
3229 5788 3282 5842 2.
3393 5786 3436 5818 ⁷⁷
3470 5782 3615 5840 Psai.

336 5872 442 5927 Cll,
484 5858 539 5925 i,
565 5858 621 5914 ὅ.
694 5856 739 5889 ⁷⁸
778 5856 925 5913 Psal.
958 5873 1048 5926 xx,
1088 5856 1141 5912 5.
1218 5857 1265 5892 ’9
1316 5858 1423 5913 lsa.
1460 5873 1556 5925 vn,
1592 5857 1778 5917 10-16.
1855 5860 1900 5891 ⁸ο

2066 5875 2184 5923 vui,
2233 5863 2276 5913 l.
2356 5858 2395 5890 δ’
2436 5860 2565 5913 ibid.
2614 5859 2739 5913 2-4.
