4082 6294
580 369 687 436 855

577 481 966 540 Confortamini
1025 491 1080 538 et
1126 475 1400 537 vincimlui
1446 495 1460 533 :

581 576 954 642 t‘ortabimini;
1009 575 1187 630 denuo
1221 571 1503 627 vinceminl
1531 589 1545 637 ;
1578 570 1712 624 inite
1751 565 2060 627 consilium,
2093 569 2148 618 et

577 665 1276 740 dissipabiturzloquimini
1322 666 1566 726 verbum,
1615 671 1668 717 et
1711 674 1818 716 non
1866 655 2145 727 net:quia

580 761 857 816 uobiscum
892 760 1030 814 Deus
1052 760 1120 814 ⁸⁸.
1162 777 1180 810 ι

649 850 909 907 Cmterum
935 852 986 906 in
1016 850 1206 919 primis
1240 848 1454 917 dignum
1482 846 1777 913 quaestione
1814 854 1914 907 est,
1959 856 2147 912 quam-

579 947 764 998 obrem
839 943 986 999 dicat
1071 943 1388 1012 propheta:
1447 961 1465 990 ε
1519 938 1583 993 Et
1643 937 1834 1005 adjecit
1889 934 2149 990 Dominus

562 1036 724 1106 loqui
759 1037 822 1091 ad
856 1035 1060 1099 Achar,
1105 1037 1318 1090 dicens.
1359 1053 1376 1085 ι
1412 1031 1487 1086 De
1518 1032 1624 1087 Deo
1653 1027 1876 1098 ejusque
1915 1028 2146 1080 adventu

576 1129 838 1200 propheta
869 1128 1134 1190 dicturus,
1167 1141 1232 1180 ne
1263 1125 1531 1193 quispiam
1564 1123 1958 1193 suspicaretur,
1989 1117 2150 1170 alium

578 1238 718 1283 esse,
740 1222 832 1292 qui
867 1237 893 1275 a
923 1222 1197 1292 prophetis
1224 1235 1282 1273 se
1303 1217 1575 1286 prioribus
1595 1215 1782 1269 fuisset
1809 1212 2151 1282 praedicatus,

582 1313 841 1379 eralium,
869 1313 960 1382 qui
1008 1328 1036 1366 a
1080 1312 1256 1380 seipso
1290 1320 1401 1364 tum
1451 1309 1855 1377 praedicaretur,
1892 1301 2111 1359 voculas
2136 1339 2152 1364 ,

587 1405 710 1461 «Et
761 1407 984 1474 adjecit,
1019 1424 1037 1458 ι
1088 1405 1384 1474 prOphetiae
1438 1401 1601 1457 voluit
1647 1400 1961 1470 pratigere,
1997 1398 2150 1466 quasi

579 1501 827 1556 diceret:
869 1501 1016 1554 lntcr
1047 1498 1182 1552 alias
1227 1497 1490 1552 vaticinas
1542 1492 1971 1563 prmsagitiones.
2013 1505 2155 1559 quas

579 1586 810 1660 Spiritus
836 1599 1055 1645 sanctus
1082 1589 1150 1645 de
1177 1589 1458 1658 unigenito
1489 1585 1578 1641 Dei
1610 1584 1768 1648 Filio,
1803 1598 1897 1652 per
1923 1583 2156 1651 prophe—

580 1695 757 1740 tarum
818 1684 1025 1754 linguas
1081 1681 1462 1753 promulgavit,
1503 1680 1726 1744 insuper
1771 1674 1948 1729 adhuc
1993 1691 2010 1723 ι
2045 1672 2156 1724 Ad-

574 1776 703 1844 jecit
738 1776 994 1829 Dominus
1039 1773 1182 1840 loqui
1220 1773 1285 1826 ad
1330 1772 1552 1825 Achaz:
1588 1768 1717 1823 Pete
1754 1767 1845 1820 tibi
1875 1766 2086 1835 signum
2121 1778 2147 1816 a

581 1870 806 1924 Domino
861 1868 969 1924 Deo
1029 1877 1120 1920 tuo
1178 1868 1230 1919 in
1289 1864 1613 1936 profundum
1668 1857 1885 1924 inferni,
1940 1859 2052 1914 sive
2096 1857 2148 1910 in

578 1962 852 2017 excelsam
889 1975 1070 2030 supra.
1107 1979 1128 2011 ι
1168 1959 1274 2013 Nec
1307 1973 1436 2012 vero
1475 1956 1630 2025 jubet
1660 1953 1805 2008 Deus
1834 1952 2015 2006 Acha:
2051 1961 2149 2011 ceu

579 2054 906 2108 diuidentem
955 2062 1136 2122 petere
1181 2049 1416 2121 signum.
1442 2049 1646 2119 Apage.
1680 2044 1964 2112 Quomodo
2006 2041 2149 2096 enim

573 2151 759 2216 juhcat
820 2147 1031 2218 signum
1081 2148 1289 2216 petere,
1319 2144 1407 2210 qui
1461 2145 1626 2198 etiam
1675 2139 1861 2209 jussus
1912 2132 2154 2191 abnuet?

577 2241 672 2295 sed
721 2241 1000 2303 nimirum,
1032 2245 1091 2291 ut
1136 2237 1431 2306 praescius}
1469 2233 1766 2307 Syuagogae
1805 2229 2150 2284 incredulita-

574 2342 683 2389 tem
707 2334 1007 2406 przrvidens
1031 2333 1191 2397 Deus,
1219 2331 1400 2387 Acha:
1421 2329 1663 2393 mandat,
1685 2329 1896 2397 signum
1923 2331 2148 2394 peteret.

577 2426 1041 2494 Quemadmodum
1114 2424 1405 2496 aliquando
1466 2434 1522 2478 et
1579 2419 1801 2476 Thomz
1858 2415 2152 2473 obstinatio

578 2528 803 2575 caeteros
831 2522 896 2574 ad
923 2518 1257 2588 exploratam
1303 2515 1508 2572 Christi
1540 2509 1962 2570 resurrectionis
1991 2509 2150 2564 iidem

582 2610 870 2679 pertraxit,
928 2618 1092 2680 atque
1173 2607 1522 2676 onﬂrmavit;
1570 2607 1643 2662 ita
1693 2618 1824 2661 sane
1868 2611 1922 2658 et
1972 2601 2150 2657 Acha:

583 2703 795 2771 signum
833 2711 1049 2772 petere,
1084 2715 1274 2757 omnes
1315 2702 1381 2756 ad
1418 2700 1527 2756 veri
1573 2698 1947 2760 credulitatem
1979 2693 2151 2749 addu-

575 2799 657 2852 xit
693 2806 747 2851 et
782 2797 1170 2852 constabilivit.
1205 2795 1270 2849 Et
1309 2796 1351 2850 si
1388 2809 1514 2850 vero
1560 2794 1742 2848 Acha:
1785 2790 2052 2853 abnuerit,
2089 2801 2152 2841 ac

579 2887 959 2957 responderit:
1005 2907 1023 2940 ε
1059 2889 1174 2944 Νοη
1234 2897 1511 2955 petam,et
1557 2903 1662 2941 non
1705 2886 1924 2940 tentabo
1973 2880 2155 2937 Domi-

578 2979 790 3044 num”,
829 2998 848 3030 ι
881 2979 1050 3034 isaias
1089 2989 1264 3034 tamen
1310 2995 1410 3050 pro
1447 2995 1513 3036 eo
1552 2977 1864 3033 exclamat:
1907 2995 1927 3027 ε
1957 2973 2154 3028 Audite

579 3087 708 3142 ergo
757 3073 948 3128 domus
999 3071 1189 3126 David.
1239 3092 1257 3124 ι
1306 3073 1445 3128 Ecce
1499 3073 1566 3127 ad
1624 3086 1761 3142 quos
1823 3068 2147 3139 promissum

1805 343 2234 417 ANDBONICI
2266 346 2612 408 comam
3691 352 3782 415 355

1504 475 1550 532 si
1582 476 1730 532 enim
1779 475 1958 528 denuo
2020 482 2152 525 con-
2181 464 2229 522 Δ
2256 474 2362 523 etc.
2398 461 2531 517 Nam
2573 478 2638 519 ex
2671 462 2815 518 omni
2863 463 3119 519 memoria
3155 463 3328 525 fando
3370 463 3661 520 inauditum
3697 477 3785 532 est,

2252 557 2511 625 virginem
2547 554 2711 610 tilium
2741 557 3010 623 genuisse.
3043 558 3228 628 itaque
3258 571 3365 612 non
3399 557 3607 628 signum
3633 562 3788 625 modo,

2250 648 2343 704 sed
2385 649 2773 704 miraculorum
2817 649 3058 705 omnium
3099 650 3545 706 mirificissimum
3572 652 3790 719 'esthoc,

2252 751 2303 794 et
2335 757 2653 796 arcanorum
2700 759 2762 798 ac
2791 741 3154 813 prodigiorum
3202 741 3359 810 longe
3406 744 3791 799 arcanissimum

2253 849 2315 887 ac
2351 834 2889 904 prodigiosissimum.
2924 854 2942 887 σ
2973 834 3228 906 Butyrum
3260 845 3316 890 et
3354 834 3459 890 mei
3488 836 3736 891 comedet.
3770 856 3786 887 ι

2253 927 2295 979 Α
2367 926 2630 981 miraculo
2687 928 2753 981 ad
2817 925 3135 981 miraculum
3221 927 3569 997 digreditur,
3619 928 3796 982 etenim

2255 1018 2550 1086 praefatus:
2599 1036 2617 1070 ε
2651 1017 2790 1073 Deus
2834 1034 3058 1088 magnus
3091 1035 3156 1074 ac
3198 1027 3504 1089 praepotens
3547 1034 3647 1072 non
3693 1034 3801 1072 esu-

2257 1111 2377 1176 riet,
2405 1128 2422 1162 »
2445 1126 2589 1165 nunc
2613 1108 3337 1181 Unigeuitiincarnationem
3363 1112 3802 1180 comprehendens

2256 1202 2366 1256 ait:
2391 1202 2560 1269 Quem
2593 1219 2688 1271 pro
2713 1205 3159 1274 supr-atemporali
3193 1217 3381 1259 natura
3414 1204 3550 1258 haud
3585 1206 3803 1259 esuritu-

2258 1310 2373 1347 rum
2419 1295 2723 1363 praececini,
2767 1311 2910 1350 nunc
2942 1311 3007 1351 ex
3042 1297 3250 1366 virgine
3301 1296 3573 1350 hominem
3615 1304 3803 1359 natum,

2258 1390 2389 1442 citra
2421 1399 2722 1458 peccatum,
2753 1387 2949 1459 butyro
2979 1403 3043 1443 ac
3074 1387 3231 1442 melle
3264 1387 3590 1441 vesciturum
3623 1400 3805 1454 praesa-

2257 1483 2361 1550 gio.
2395 1478 2596 1550 Butyro
2629 1485 2806 1533 autem
2853 1487 3015 1547 atque
3046 1478 3204 1547 melle
3247 1477 3595 1540 nominando,
3631 1479 3806 1530 iterum

2257 1571 2410 1626 nobis
2435 1571 2652 1626 Davidis
2684 1570 2942 1626 vaticinia
2974 1571 3026 1624 in
3075 1579 3309 1625 mentem
3362 1579 3579 1624 revocat
3607 1586 3619 1621 :
3656 1584 3808 1622 unum

2261 1664 2564 1732 hujusmodi
2593 1682 2611 1720 :
2652 1663 3035 1733 tlmpingttasti
3067 1664 3121 1717 in
3158 1664 3277 1719 oleo
3307 1665 3464 1730 caput
3497 1676 3671 1716 meum
3692 1663 3763 1724 ⁸⁸;
3788 1679 3805 1710 ι

2259 1753 2485 1806 alterum
2515 1770 2530 1807 :
2577 1771 2596 1805 ι
2625 1751 2794 1818 Quam
2829 1751 3004 1806 dulcia
3043 1751 3285 1807 faucibus
3316 1749 3450 1804 meis
3473 1749 3680 1817 eloquia
3711 1758 3809 1812 tua,

2255 1861 2415 1915 super
2432 1844 2532 1898 mel
2551 1847 2632 1901 ori
2649 1861 2768 1901 meo
2789 1846 2873 1900 ⁸⁸1
2902 1865 2920 1899 ›
2938 1843 3201 1901 Caeterum
3240 1844 3492 1898 audiens:
3514 1863 3531 1895 ι
3557 1842 3653 1910 Qui
3675 1852 3812 1898 ante-

2253 1952 2413 2006 quam
2443 1937 2602 2003 sciat,
2635 1945 2726 1993 aut
2752 1937 3006 2008 praeferat
3029 1939 3251 2000 malum,
3283 1936 3440 2007 elegit
3465 1938 3664 1990 bonum
3700 1935 3763 2000 ⁸⁷,
3793 1953 3808 1985 ι

2252 2045 2321 2084 ne
2349 2030 2552 2098 peccati
2579 2042 2878 2097 expertem,
2901 2030 3184 2090 sciturum.
3211 2038 3303 2082 aut
3327 2027 3528 2082 malum
3561 2025 3812 2079 admissu-

2254 2135 2369 2176 rum
2401 2137 2637 2190 unquam
2660 2122 2799 2191 ﬁnge
2825 2138 2840 2176 :
2863 2123 2952 2175 sed
2975 2120 3284 2189 priusquam
3313 2119 3364 2172 id
3395 2117 3511 2181 ﬁat,
3533 2132 3594 2172 ex
3613 2114 3816 2182 Virgine

2254 2225 2434 2268 natum
2459 2214 2709 2285 eligendo
2734 2215 2873 2269 bono
2897 2226 3110 2268 sacrum
3145 2210 3380 2265 futurum
3407 2227 3422 2276 ;
3461 2224 3585 2264 nam
3614 2226 3629 2258 ‹
3660 2206 3816 2261 Omne

2254 2308 2614 2363 masculinum
2666 2308 2987 2377 adaperiens
3026 2306 3262 2371 vulvam,
3309 2312 3559 2360 sanctum
3605 2301 3816 2357 Domino

2252 2401 2534 2454 vocabitur
2563 2399 2632 2456 ³⁸.
2673 2419 2691 2452 ι
2728 2399 2896 2471 Igitur
2933 2400 3024 2471 qui
3055 2415 3119 2454 ex
3164 2407 3321 2453 utero
3352 2405 3704 2452 consecratus
3734 2394 3814 2455 sit,

2252 2492 2344 2557 qui
2407 2492 2622 2548 tandem
2685 2493 2843 2550 sciat.
2902 2500 2997 2546 aut
3056 2491 3253 2545 malum
3322 2485 3818 2552 admittatiouare

2253 2582 2476 2636 dubium
2528 2590 2774 2647 nonest,
2819 2583 2948 2651 quin
3004 2579 3305 2650 perfectum
3363 2577 3638 2632 hominem
3693 2572 3816 2636 fore,

2253 2673 2344 2742 qui
2378 2683 2714 2738 nasceretur,
2749 2674 2844 2730 sed
2873 2690 2902 2726 a
2953 2683 3174 2741 peccato
3211 2672 3443 2724 alienum
3496 2666 3816 2735 designarit;

2256 2779 2376 2817 nam
2407 2765 2472 2818 de
2501 2776 2565 2819 eo
2609 2763 2750 2818 idem
2802 2779 3014 2819 rursum
3067 2763 3389 2817 confirmat:
3427 2779 3444 2809 ε
3485 2758 3816 2828 lniquitatctn

2254 2872 2358 2911 non
2413 2857 2562 2924 fecit,
2603 2873 2779 2929 neque
2826 2857 2982 2914 dolus
3029 2857 3131 2911 fuit
3173 2859 3224 2912 in
3272 2871 3366 2909 ore
3407 2855 3528 2924 ejus
3567 2870 3583 2908 :
3619 2861 3817 2908 etcum

2253 2950 2533 3006 sceleratis
2589 2959 2868 3021 reputatus
2915 2961 3004 3007 est
3032 2951 3103 3015 ”,
3134 2969 3152 3001 ι
3187 2951 3447 3004 innocens
3478 2959 3662 3001 tamen
3709 2956 3818 2998 cum

2255 3053 2419 3099 esset.
2458 3044 2636 3110 Quare
2681 3045 2725 3099 si
2775 3060 2802 3097 a
2857 3043 2999 3098 malo
3044 3043 3178 3099 mala
3229 3050 3393 3104 sunt,
3453 3039 3598 3094 Deus
3655 3043 3818 3090 autem

581 3128 845 3236 pertinet,
896 3182 989 3222 eos
1033 3186 1052 3218 ‹
1104 3169 1320 3221 domum
1371 3166 1588 3221 Davidis
1623 3128 1658 3217 ).
1686 3128 1958 3234 appellat,
1991 3161 2146 3230 quasi
2174 3167 2218 3224 ο
2252 3135 2429 3236 Ροηρε
2463 3148 2667 3236 θεῖτ’-εί
2698 3139 2822 3194 δοηί
2868 3137 3182 3236 hominibus.
3213 3131 3473 3203 ιετεῐιονν
3510 3131 3705 3236 marg?
3729 3128 3818 3230 ille

580 3260 632 3313 in
680 3259 990 3314 memoriam
1025 3267 1288 3313 revocans
1319 3256 1534 3312 Davidis
1562 3256 1724 3310 verba
1759 3258 1922 3323 atque
1963 3253 2147 3317 (idem,

579 3362 739 3415 quam
763 3347 1001 3418 juratam
1059 3345 1245 3401 υπνίόὶ
1293 3345 1434 3403 Deus
1490 3361 1594 3402 non
1650 3348 1721 3401 sit
1771 3344 2147 3400 revocaturus.

583 3439 737 3504 Nam,
776 3458 794 3491 ι
822 3440 1027 3512 juravit
1081 3440 1333 3495 Dominus
1371 3439 1539 3494 David
1587 3439 1891 3503 veritatem,
1939 3439 1994 3492 et
2042 3452 2148 3491 non

583 3533 932 3588 frnstrabitur
970 3547 1110 3589 eam.
1153 3552 1173 3586 ι
1214 3533 1498 3601 Quaeritis,
1543 3549 1662 3603 quae
1708 3532 1779 3587 sit
1820 3547 1883 3587 ea
1929 3534 2146 3595 veritas,

582 3626 929 3697 intelligere?
959 3648 978 3681 ‹
1011 3628 1088 3682 De
1128 3626 1314 3682 fructu
1363 3625 1574 3683 ventris
1613 3615 1689 3681 tuli
1730 3641 1926 3696 ponam
1988 3641 2151 3694 super

578 3719 758 3774 sedem
798 3729 965 3774 tuam.
1007 3720 1064 3776 Si
1120 3720 1479 3775 custodierint
1511 3718 1601 3772 lilii
1648 3719 1721 3774 tui
1767 3710 2147 3774 testamentum

583 3827 784 3878 meum,
814 3823 868 3867 ct
897 3812 1201 3873 testimonia
1246 3829 1362 3868 mea
1399 3813 1513 3868 hrec.
1571 3828 1690 3882 qua:
1723 3813 1926 3867 docebo
1955 3827 2068 3876 eos,
2098 3823 2152 3867 et

582 3901 676 3957 ﬁlii
710 3917 894 3957 eorum
951 3916 1121 3976 usque
1171 3902 1222 3957 in
1292 3903 1593 3968 saeculum,
1659 3903 1925 3958 sedebant
1990 3917 2153 3972 super

578 3999 764 4053 sedem
806 4007 975 4051 tuam.
1014 3997 1278 4064 Quoniam
1314 3997 1474 4067 elegit
1506 3995 1762 4052 Dominus
1793 3991 1946 4060 Sion,
1989 3996 2151 4067 elegit

576 4103 695 4144 eam
743 4089 797 4143 in
857 4089 1243 4145 habitationem
1297 4088 1420 4144 sibi.
1471 4087 1597 4144 Haec
1651 4089 1864 4158 requies
1934 4100 2047 4143 mea
2098 4089 2149 4141 in

580 4182 834 4238 Saeculum
870 4182 1088 4237 sreculi:
1124 4182 1211 4238 hic
1240 4181 1518 4246 habitabo,
1556 4182 1809 4252 quoniam
1843 4182 1975 4251 elegi
2009 4197 2148 4236 eam.

583 4274 810 4328 Viduam
865 4273 981 4344 ejus
1026 4274 1354 4330 benedicens
1404 4273 1741 4337 benedicam.
1786 4284 1842 4328 et
1892 4289 2152 4343 pauperes

582 4368 700 4434 ejus
753 4368 1010 4422 saturabo
1060 4365 1307 4434 panibus.
1369 4365 1693 4421 Sacerdotes
1749 4365 1864 4437 ejus
1932 4367 2149 4420 induam

583 4460 844 4514 salutari:
894 4469 949 4515 et
992 4461 1162 4514 sancti
1213 4461 1330 4526 ejus
1378 4458 1740 4513 exsultatione
1780 4459 2148 4514 exaultabuut.

584 4553 710 4606 Illuc
770 4550 1060 4620 producam
1125 4567 1291 4606 cornu
1363 4552 1564 4614 David;
1626 4551 1805 4620 paravi
1877 4550 2148 4605 lucernam

581 4641 801 4700 Christo
862 4659 996 4697 meo.
1056 4637 1486 4708 inimicoscjus
1542 4641 1759 4695 induam
1811 4640 2149 4707 confusione,

586 4752 750 4804 super
781 4735 950 4809 ipsum
996 4747 1170 4787 autem
1211 4733 1854 4789 emorebitsanctilicatio
1879 4749 1994 4789 mea
2024 4733 2092 4788 ⁸⁸.
2124 4755 2143 4786 ι

589 4827 752 4894 Hujus
785 4828 911 4896 ergo
955 4824 1203 4897 promissi
1260 4828 1417 4882 tinem
1470 4834 1662 4880 notans
1720 4827 1908 4892 lsaias,
1960 4817 2153 4884 domus

589 4920 852 4974 Davidicte
885 4918 1149 4974 meminit.

652 5013 803 5080 Quod
856 5012 1038 5067 addit:
1080 5032 1096 5062 θ
1153 5010 1422 5078 Numquid
1474 5023 1658 5080 parum
1699 5012 1849 5068 vobis
1880 5024 1980 5078 est,
2025 5015 2148 5082 quia

583 5107 790 5162 molesti
826 5106 953 5160 estis
995 5106 1346 5159 hominibus?
1379 5106 1500 5171 quia
1546 5103 1752 5158 molesti
1788 5107 1918 5159 estis
1956 5117 2012 5159 et
2045 5106 2150 5160 Deo

583 5201 746 5256 meo?
784 5219 802 5251 ι
852 5199 1034 5253 Fidem
1089 5199 1246 5268 hujus
1299 5198 1487 5252 Acha:
1532 5198 1842 5252 collaudatis
1892 5200 2149 5268 propheta

583 5295 690 5348 ait:
720 5312 738 5345 ι
771 5295 998 5363 Propter
1020 5293 1119 5348 hoc
1144 5291 1289 5347 dabit
1321 5293 1576 5347 Dominus
1597 5292 1711 5361 ipse
1734 5293 1886 5347 vobis
1916 5295 2150 5360 signum.

571 5384 719 5442 Ecce
752 5388 901 5456 virgo
929 5387 1212 5455 concipiet,
1243 5396 1296 5440 et
1331 5385 1506 5454 pariet
1550 5381 1738 5450 ﬁlium,
1777 5397 1832 5439 et
1873 5388 2157 5445 vocabitur

582 5493 778 5532 nomen
812 5480 929 5548 ejus
979 5479 1315 5534 Emmanuel.
1354 5497 1371 5529 r
1409 5478 1466 5532 Ei
1504 5478 1670 5541 dicto,
1709 5495 1730 5529 ‹
1771 5477 1930 5534 Dabit
1972 5479 2154 5534 Domi-

586 5584 684 5626 nus
718 5572 830 5640 ipse
863 5573 1016 5626 vobis
1043 5571 1279 5640 signum,
1317 5590 1336 5623 ι
1378 5568 1645 5639 subjecit:
1687 5586 1705 5620 σ
1740 5566 1880 5624 Ecce
1911 5569 2095 5638 Virgo,
2126 5591 2144 5623 ι

651 5783 697 5815 ⁸³
733 5784 874 5842 Psal.
926 5800 992 5839 rx
1023 5825 1035 5845 ,
1081 5781 1254 5847 9,10.
1332 5782 1377 5813 ⁸³
1423 5779 1522 5835 lsa.
1562 5797 1668 5841 vn,
1714 5779 1798 5832 12.

1875 5778 1921 5810 ⁸⁸
1971 5778 2109 5831 Psal.
2156 5790 2343 5840 cxxxt,
2399 5773 2579 5827 H-l8.
2657 5769 2702 5805 "
2744 5772 3006 5832 Psal.xx,
3058 5769 3114 5824 5.

586 5853 630 5882 "‘
662 5857 781 5912 lsal.
825 5867 915 5916 vn.
948 5856 1038 5908 15.
1115 5855 1160 5886 ⁸⁸
1196 5853 1364 5908 Exod.
1401 5863 1519 5917 xm,
1558 5851 1622 5914 2-,
1661 5849 1790 5904 Luc.
1830 5863 1887 5916 n,
1916 5848 2005 5904 9.3.
2083 5849 2125 5880 ⁸⁹
2159 5847 2262 5903 lsa.
2297 5862 2410 5911 Llll,
2442 5847 2494 5911 9,
2533 5847 2615 5900 1‘2.

2251 3227 2375 3280 boni
2431 3228 2680 3282 onmihus
2720 3234 2929 3293 auctor,
2967 3227 3354 3280 humanitatem
3415 3237 3570 3278 suam
3631 3217 3817 3276 Divini-

2253 3322 2383 3378 tatis
2412 3327 2550 3376 bono
2583 3324 2862 3393 impertiit.

2329 3434 2348 3466 ι
2391 3413 2454 3469 Et
2484 3414 2616 3470 dixit
2642 3416 2906 3474 Dominus
2926 3414 2990 3468 ad
3024 3431 3126 3475 me,
3154 3433 3172 3466 ι
3196 3415 3244 3472 id
3274 3425 3356 3467 est
3387 3409 3815 3466 demonstravit:

2259 3529 2276 3560 ι
2309 3508 2474 3562 Sume
2503 3507 2595 3561 tibi
2635 3507 2828 3561 librum
2865 3522 3082 3569 novum,
3115 3506 3371 3576 grandem
3408 3505 3476 3556 ”.
3517 3520 3534 3553 ι
3568 3502 3816 3558 Volumen

2254 3599 2342 3656 hic
2375 3601 2609 3672 Virginis
2649 3601 2801 3656 alvus
2849 3600 3202 3669 intelligatur.
3239 3596 3370 3652 Nam
3407 3608 3462 3650 ut
3505 3593 3562 3649 in
3601 3593 3816 3650 tabulas

2253 3697 2389 3750 Mosi
2427 3695 2651 3749 traditas
2681 3694 2925 3748 exaratis
2957 3692 3213 3747 divinitus
3246 3689 3463 3753 litteris,
3498 3687 3814 3753 Decalogum

2258 3793 2395 3846 Deus
2431 3790 2726 3860 inscripsit,
2761 3791 2827 3845 ita
2861 3799 2914 3844 et
2945 3788 2995 3842 in
3035 3790 3276 3859 virgineo
3326 3785 3480 3866 quasi
3536 3782 3815 3843 volumine,

2255 3884 2509 3956 perennis
2552 3899 2615 3938 ac
2652 3883 2768 3938 sine
2800 3881 3066 3952 principio
3102 3881 3300 3944 Patris,
3333 3889 3391 3934 et
3427 3875 3515 3932 ter
3563 3874 3734 3933 sarcti
3763 3885 3818 3926 ac

2256 3975 2450 4031 vivifici
2505 3992 2605 4049 ope
2665 3976 2938 4046 Spiritus,
3001 3973 3238 4045 Unigena
3301 3987 3364 4025 ac
3426 3969 3530 4024 Dei
3592 3961 3815 4021 Verbum

2257 4069 2557 4141 descriptus
2617 4079 2701 4125 est
2774 4069 3066 4124 habitator.
3141 4065 3295 4132 Quod
3353 4073 3536 4117 autem
3608 4057 3815 4116 subdit,

2262 4180 2279 4213 ι
2325 4160 2549 4225 Novum,
2583 4162 2866 4228 grandem,
2914 4177 2934 4210 ι
2975 4169 3154 4212 Veram
3202 4157 3402 4212 umbrae
3457 4153 3590 4221 legis
3634 4144 3817 4215 imagi-

2259 4269 2376 4312 nem
2433 4263 2600 4309 notat.
2663 4272 2680 4304 ι
2746 4254 2810 4307 Et
2858 4253 3034 4308 scribe
3099 4252 3148 4304 in
3185 4261 3250 4304 eo
3322 4246 3465 4317 eton
3514 4241 3810 4298 hominis.»

2257 4344 2448 4402 Videte
2485 4344 2938 4413 quemadmodum
2977 4339 3229 4409 paulatim
3260 4337 3524 4405 propheta
3567 4341 3813 4386 arcanum

2258 4436 2435 4492 Patris
2489 4435 2773 4491 consilium
2834 4434 3044 4503 prodat.
3085 4450 3104 4483 ‹
3153 4430 3338 4495 Sume,
3388 4426 3588 4498 inquit,
3635 4430 3814 4475 novum

2176 4521 2231 4582 D
2258 4528 2518 4598 grandem
2558 4527 2774 4583 librum.
2807 4545 2826 4577 ι
2861 4525 3068 4591 Quibus
3101 4523 3281 4577 verbis
3319 4518 3618 4575 beneﬁcam
3654 4510 3814 4567 Patris

2257 4631 2322 4683 de
2342 4627 2479 4681 Filio
2501 4625 2832 4680 voluntatem
2856 4620 3136 4691 signiﬁcat.
3166 4636 3185 4668 ο
3209 4616 3274 4670 Et
3304 4613 3484 4670 scribe
3513 4611 3569 4666 in
3598 4624 3662 4664 eo
3691 4602 3815 4674 style

2256 4715 2512 4773 hominis.
2549 4736 2564 4769 ι
2596 4715 2762 4781 Quasi
2792 4714 3035 4768 diceret:
3065 4710 3180 4766 Etsi
3210 4707 3301 4762 Dei
3335 4717 3525 4760 natura
3562 4701 3743 4761 Filius,
3769 4703 3817 4746 et

2260 4809 2575 4865 mutationis
2646 4822 2840 4874 erpcrs
2914 4806 3104 4865 Deus,
3181 4798 3506 4860 inconfuse,
3587 4795 3814 4858 citraque

2259 4902 2536 4972 peccaturo
2577 4915 2606 4967 p
2644 4897 2846 4951 rfectus
2880 4896 3040 4949 homo
3091 4894 3252 4949 etiam
3288 4904 3542 4944 nascerer
3583 4904 3595 4939 :
3633 4882 3815 4955 quippe

2260 4995 2552 5049 humanam
2607 4997 2840 5060 speciem
2893 5006 2987 5059 per
3033 4991 3329 5044 humanum
3385 4983 3582 5054 stylum
3630 4972 3810 5032 innuit-

2261 5082 2397 5149 Quid
2423 5082 2540 5136 ita?
2577 5101 2596 5133 ι
2630 5081 2898 5136 Velociter
2919 5074 3087 5149 spolia
3118 5075 3367 5139 detrahe,
3389 5076 3498 5126 cito
3529 5066 3807 5137 praedam.»

2262 5181 2340 5235 Eo
2410 5179 2552 5233 dicto
2613 5172 2838 5243 Davidis
2899 5177 3094 5230 iterum
3154 5171 3321 5229 verba
3376 5169 3442 5222 ad
3508 5158 3810 5220 memoriam

2262 5285 2523 5327 revocat:
2568 5292 2585 5322 ι
2626 5269 2930 5326 Ascendisti
2988 5269 3042 5322 in
3087 5266 3277 5325 altum,
3314 5259 3500 5334 cepisti
3543 5251 3811 5323 captivita-

2256 5377 2359 5421 tem
2389 5367 2456 5419 “.
2498 5385 2516 5417 ι
2560 5366 2872 5430 Enimvero,
2911 5382 2930 5416 ‹
2976 5362 3184 5422 Altum,
3211 5378 3230 5411 ι
3266 5371 3480 5413 crucem
3535 5343 3808 5415 intelligit;

2253 5465 2491 5531 captivos
2541 5464 2824 5527 abductos,
2862 5461 2986 5517 Orci
3023 5458 3447 5518 demolitionem,
3481 5461 3535 5504 et
3559 5449 3665 5519 jam
3689 5440 3805 5498 olim

2252 5553 2589 5622 captivorum

2687 5553 3132 5623 redemptionem.
3221 5548 3552 5604 Ostensurus
3643 5544 3804 5592 autem

3188 5769 3235 5802 “
3273 5768 3415 5824 Psal.
3466 5775 3650 5821 crvm.
3695 5753 3797 5811 ποδ-

2693 5845 2739 5877 "
2772 5842 2872 5901 (sa.
2905 5829 3022 5909 νηί,
3049 5841 3099 5896 1.
3175 5842 3217 5873 ⁹¹
3247 5839 3388 5897 Psal.
3412 5851 3579 5901 uvn,
3608 5829 3688 5887 l9.
