4006 6284
303 382 408 449 857

1386 381 1671 445 DIALOG
1684 383 1777 443 US
1806 380 2108 447 CONTRA
2139 386 2173 448 Ι
2183 387 2472 451 [ΠΜΞΟΞ.

3438 369 3550 435 858

300 490 563 563 propheta
617 489 897 548 decretum
950 488 1351 558 irrevocabile,
1404 490 1592 546 addit:
1647 509 1667 543 ι
1704 491 1871 545 Adest

1983 505 2120 563 sunt,
2157 514 2280 569 qua:
2312 497 2514 555 Christi
2560 496 2780 554 nomine
2808 508 2911 549 non
2937 489 3255 560 gloriantur.
3291 507 3309 539 ι
3332 484 3549 553 Audite,

301 584 469 639 enim.
507 601 528 635 ι
558 584 612 638 in
658 585 800 638 hanc
824 585 1146 640 sententiam
1171 603 1187 640 :
1220 582 1323 648 Ne,
1352 585 1605 652 quoniam
1635 583 1874 637 futurum

299 683 406 741 est,
442 678 507 730 de
537 691 593 729 re
622 674 851 729 difﬁsum
893 676 1001 743 ito;
1034 692 1155 731 nam
1192 676 1319 730 mihi
1360 676 1577 745 quidem
1609 677 1747 728 Deus
1776 674 1877 728 hoc

302 766 376 820 ita
417 767 733 831 declaravit,
765 778 1016 838 tanquam
1061 770 1203 839 quod
1235 771 1407 831 adest,
1440 768 1491 822 id
1531 777 1635 831 est,
1676 768 1877 820 factum

301 868 409 913 est.
445 875 465 912 ι
501 859 690 913 Testes
737 861 935 916 adhibe
990 862 1119 914 mihi
1182 860 1329 913 viros
1374 859 1577 915 ﬁdeles.
1617 877 1637 911 ι
1684 855 1880 914 Testes

300 951 418 1018 hic,
454 967 557 1006 non
592 954 685 1021 qui
726 967 837 1008 rem
884 953 1018 1007 adeo
1052 962 1414 1012 testarentur.
1461 954 1553 1006 sed
1599 952 1691 1020 qui
1728 951 1877 1005 tasti-

305 1044 447 1099 licati
501 1047 819 1115 sanguinem
879 1045 1257 1107 effunderent.
1310 1045 1586 1105 existima.
1618 1062 1635 1095 ι
1690 1041 1875 1097 Uriam

303 1138 640 1191 Sacerdotem
672 1175 689 1201 ,
753 1148 809 1190 et
858 1134 1179 1192 Zachariam
1255 1137 1422 1191 lilium
1497 1135 1794 1190 Baraehim.
1852 1155 1871 1186 ο

302 1224 618 1292 Zacharias,
669 1229 720 1280 in
776 1227 1084 1295 praesentia,
1118 1243 1226 1281 non
1283 1226 1608 1281 Elisabethte
1648 1226 1875 1281 maritus

304 1327 393 1373 est
421 1319 748 1383 credendus,
779 1320 876 1374 sed
919 1319 1058 1373 alius
1106 1318 1352 1374 Ezechias
1389 1308 1729 1387 tempestate.
1766 1319 1879 1372 Ex-

302 1412 448 1465 stitit
503 1410 647 1467 enim
700 1423 827 1467 ante
882 1411 1175 1466 Ezechiam
1235 1428 1326 1468 rex
1381 1411 1597 1481 impius,
1660 1411 1879 1466 Davidis

302 1502 530 1567 stirpem
577 1514 796 1573 propter
825 1504 957 1559 inita
1005 1519 1129 1559 cum
1172 1519 1237 1559 eo
1279 1504 1535 1559 divinitus
1588 1503 1875 1570 promissa,

302 1593 488 1647 delere
531 1596 791 1650 studens:
841 1611 947 1664 quo
998 1604 1243 1665 tempore
1286 1597 1443 1653 Urias
1489 1607 1544 1651 et
1584 1594 1879 1651 Zacharias

303 1685 450 1739 nacti
484 1702 647 1739 unum
682 1687 951 1744 Davidicte
981 1689 1191 1759 stirpis,
1239 1692 1378 1759 quod
1429 1704 1615 1744 semen
1665 1690 1878 1742 Davitlis

301 1788 585 1845 superstes
616 1779 834 1847 vellent,
883 1782 1020 1835 clam
1051 1797 1176 1836 eum
1229 1784 1557 1838 habuerunt.
1599 1781 1715 1846 Quo
1756 1794 1877 1851 post

1983 594 2250 648 universa:
2285 592 2468 664 procul
2499 597 2683 649 terra.
2720 609 2739 642 ι
2769 588 2839 645 lis
2891 586 3049 640 Verbi
3090 584 3179 637 Dei
3237 582 3302 637 ad
3346 578 3551 634 inferos

1980 685 2323 751 descensum,
2351 693 2404 739 et
2436 683 2732 751 evangelici
2765 678 3019 750 praeconii
3052 673 3325 745 significat
3354 686 3548 743 propa-

1978 777 2250 845 gationem
2278 794 2293 843 ;
2331 780 2407 831 ita
2424 777 2566 830 enim
2596 787 2651 828 et
2675 774 2931 830 Servator
2966 784 3119 823 meus
3168 768 3219 819 in
3249 763 3548 832 Evangelio

1983 868 2217 935 quuitur
2242 886 2259 920 :
2299 887 2318 919 (
2358 868 2744 924 Praedicabitur
2785 866 2888 920 hoc
2925 859 3277 929 Evangelium
3312 856 3461 925 regni
3495 854 3550 907 in

1986 964 2237 1016 universo
2271 961 2400 1015 orbe
2446 963 2498 1014 in
2536 961 2900 1015 testimonium
2953 955 3205 1010 omnibus
3252 951 3547 1021 gentibus:

1979 1062 2033 1108 et
2070 1064 2196 1110 tunc
2227 1057 2407 1111 veniet
2436 1053 2834 1109 consummatio
2854 1050 2918 1105 ".
2948 1070 2965 1101 ι
2999 1079 3065 1090 -
3097 1068 3115 1099 ‹
3150 1039 3545 1102 Coniortamini

1978 1158 2035 1201 et
2064 1148 2365 1203 vincimini.
2404 1167 2421 1198 ι
2460 1147 2758 1212 Daemones,
2800 1144 2996 1211 inquit,
3026 1142 3116 1209 qui
3146 1140 3198 1193 in
3239 1152 3336 1191 nos
3374 1133 3550 1189 homi-

1982 1254 2077 1293 nes
2126 1238 2444 1308 potestatem
2479 1237 2748 1293 exercetis
2789 1237 2857 1291 ob
2904 1239 3203 1305 peccatum,
3243 1228 3549 1298 prottlgabl-

1980 1331 2107 1385 mini
2150 1333 2270 1400 ejus
2300 1331 2529 1397 viribus,
2569 1331 2656 1400 qui
2710 1345 2808 1396 pro
2868 1328 3023 1382 nobis
3073 1326 3386 1377 incarnatus
3439 1328 3545 1372 est.

1978 1426 2132 1495 Quod
2173 1426 2370 1480 iterum
2436 1426 2558 1479 victi
2600 1423 2928 1493 eunﬂigatis,
2962 1427 3026 1474 ut
3077 1418 3208 1471 estis
3261 1412 3548 1483 impuden-

1979 1517 2207 1584 tissimi;
2266 1528 2320 1571 at
2382 1518 2576 1571 iterum
2647 1516 2879 1583 denique
2946 1506 3395 1582 proﬂigabimini,
3453 1518 3551 1572 per

1978 1608 2174 1663 Christi
2219 1610 2669 1665 resurrectionem
2716 1606 2997 1678 prostrati.
3051 1602 3184 1657 Nam
3232 1599 3453 1655 Christo
3493 1595 3547 1649 in

1980 1700 2142 1754 vitam
2177 1700 2443 1761 restituto.
2487 1716 2588 1754 non
2616 1698 2726 1768 jam
2757 1699 3005 1766 deinceps
3044 1710 3187 1748 mors
3212 1691 3541 1753 dominatur,

1982 1799 2040 1844 et
2082 1792 2367 1857 prostrata:
2401 1794 2703 1846 daemonum
2741 1792 2908 1859 copiae
2957 1800 3102 1843 sunt.
3139 1786 3321 1840 Potest
3369 1793 3548 1836 autem

216 1950 223 1953 ι
301 1882 624 1939 comperto,
683 1872 771 1928 ille
837 1888 933 1929 eos
1013 1885 1310 1944 martyrum
1381 1875 1547 1929 choro
1607 1878 1877 1928 laureatos
1910 1850 1952 1905 Β
1984 1882 2033 1936 id
2060 1898 2275 1953 quoque
2300 1884 2369 1939 de
2415 1882 2764 1939 sensibilibus
2799 1884 3046 1953 gentibus
3081 1881 3156 1934 sic
3203 1877 3393 1951 accipi,
3420 1872 3548 1943 quin

300 1962 532 2018 addidit.
604 1964 896 2022 Historiam
965 1982 1029 2022 ex
1093 1968 1295 2037 Regum
1363 1968 1502 2023 libro
1575 1968 1880 2023 accuratius

302 2069 574 2124 cognosce
622 2059 692 2115 θ’.
752 2076 772 2112 r
822 2060 891 2115 Et
948 2062 1150 2117 accessi
1214 2063 1279 2116 ad
1335 2062 1773 2132 prophetissam,
1827 2068 1881 2116 et

300 2152 576 2221 concepit,
624 2162 677 2209 et
725 2155 936 2224 peperit
967 2155 1157 2210 lilium.
1193 2173 1212 2207 ι
1250 2154 1421 2223 Quam
1470 2153 1703 2225 appellat
1753 2169 1880 2208 vero

300 2244 743 2316 prophetissam?
768 2243 1049 2318 Virginem
1071 2263 1132 2302 ac
1162 2246 1471 2318 Deiparam,
1494 2262 1613 2317 quae
1640 2246 1874 2301 cecinit:

306 2353 328 2388 ε
389 2335 531 2391 Ecce
594 2337 741 2391 enim
794 2352 857 2392 ex
917 2339 1017 2392 hoc
1073 2340 1284 2395 beatam
1337 2354 1423 2392 me
1468 2338 1649 2393 dicent
1691 2351 1880 2391 omnes

300 2427 731 2496 generationes:
771 2431 901 2500 quia
941 2429 1073 2485 fecit
1111 2431 1241 2484 mihi
1275 2444 1489 2499 magna,
1526 2429 1617 2498 qui
1664 2437 1879 2498 potens,

298 2531 362 2576 et
394 2533 639 2577 sanctum
686 2539 885 2579 nomen
916 2524 1033 2593 ejus
1064 2526 1135 2580 ”.
1176 2544 1196 2580 ι
1241 2526 1378 2599 Ecce
1420 2534 1599 2579 autem
1638 2524 1882 2579 certissi-

303 2630 454 2668 mum
490 2625 665 2671 vatem
690 2620 704 2671 l
734 2616 908 2687 Supra
944 2619 1158 2689 inquit:
1188 2637 1207 2671 t
1242 2617 1379 2674 Ecce
1413 2619 1572 2689 virgo
1590 2616 1879 2691 concipiet,

299 2714 361 2760 et
409 2706 581 2775 pariet
634 2707 824 2777 lilium,
866 2729 885 2762 ι
914 2710 1071 2780 paulo
1096 2720 1214 2779 post
1236 2709 1350 2764 ait:
1393 2727 1413 2762 ι
1444 2720 1499 2764 et
1530 2711 1801 2778 concepit,
1830 2720 1884 2761 et

302 2799 517 2869 peperit
548 2800 712 2855 lilium
734 2817 783 2869 ;i
819 2800 1142 2870 Quomodo?
1171 2804 1282 2859 illic
1300 2803 1516 2858 omnino
1538 2810 1595 2855 ut
1622 2801 1881 2866 futurum,

302 2889 396 2944 hic
421 2901 478 2943 ut
508 2901 769 2947 certuum
797 2895 1018 2951 Accessi
1042 2895 1109 2949 ad
1139 2894 1554 2965 prophetissam.
1576 2891 1718 2947 )HOC
1741 2891 1885 2946 velut

299 2980 376 3035 ab
392 2982 717 3053 archangelo
736 2982 990 3040 Gabriele
1009 2987 1076 3039 ad
1098 2984 1370 3056 Virginem
1391 2986 1593 3039 dictum
1612 2982 1881 3053 intellige’;

301 3084 432 3124 nam
464 3076 736 3140 estemplo
774 3074 840 3127 ad
868 3074 988 3143 ejus
1030 3076 1277 3132 nuntium
1308 3073 1586 3143 explorate
1612 3071 1886 3142 virgineus

300 3168 603 3228 conceptus
631 3160 807 3216 fuerat
836 3171 1082 3218 secutus.

384 3267 404 3301 ι
439 3248 507 3304 Et
536 3252 680 3306 dixit
701 3250 965 3310 Dominus
999 3256 1065 3307 ad
1100 3266 1224 3307 me:
1260 3253 1405 3310 Voca
1436 3268 1633 3310 nomen
1670 3253 1828 3324 ejus;
1858 3270 1877 3306 ι

297 3348 401 3395 ant
444 3340 767 3410 Christum,
828 3346 970 3412 quod
1030 3343 1231 3400 Judaris
1283 3356 1502 3403 unctum
1560 3353 1748 3410 notat;
1791 3352 1885 3399 aut

303 3431 657 3502 Emmanuel,
700 3437 844 3506 quod
894 3438 1116 3508 perinde
1166 3448 1267 3500 est.
1308 3452 1370 3492 ac
1413 3439 1455 3492 si
1488 3436 1656 3503 dicas,
1688 3434 1885 3489 Nobis-

300 3540 426 3578 cum
472 3526 629 3595 Deus,
668 3538 762 3583 aut
810 3525 1014 3598 Jesum,
1064 3531 1205 3599 quod
1250 3528 1413 3585 Salus
1465 3528 1729 3583 redditur.
1755 3524 1885 3581 Haec

303 3619 454 3671 enim
490 3621 710 3674 nomina
745 3629 1031 3690 utramque
1062 3623 1264 3678 Christi
1302 3633 1551 3678 naturam
1582 3636 1884 3691 repraesen-

307 3716 446 3759 tant.
499 3706 604 3760 Sed
658 3724 777 3776 quae
828 3721 1131 3777 sequuntur
1184 3720 1532 3765 scrutemur:
1572 3727 1590 3761 ι
1625 3709 1884 3762 Accelera

304 3797 481 3864 spolia
530 3798 855 3854 detrahere:
887 3798 1100 3855 Festina
1136 3802 1395 3871 pratdare.
1426 3819 1445 3852 ›
1480 3798 1589 3853 Hoc
1609 3795 1883 3865 pernicem

307 3888 607 3946 Salvatoris
670 3894 776 3946 vim
839 3894 1100 3951 declarat.
1145 3896 1321 3963 Atque
1405 3894 1457 3948 id
1491 3908 1677 3947 verum
1739 3907 1882 3956 esse,

306 3984 425 4053 ipse
472 3986 609 4039 adeo
662 3986 814 4041 vates
890 3988 1090 4042 nodum
1141 3986 1462 4050 dissolvens,
1520 3986 1634 4039 ait:
1676 4004 1693 4034 ι
1748 3982 1884 4050 Quia

305 4088 597 4147 antequam
652 4078 787 4133 sciat
847 4094 980 4148 puer
1054 4093 1253 4133 vocare
1343 4085 1550 4145 patrem
1617 4089 1774 4133 suum
1832 4087 1889 4130 et

310 4183 544 4228 matrem
598 4188 773 4239 suam,
831 4173 1061 4243 accipiet
1122 4171 1495 4226 fortitudinem
1550 4168 1824 4224 Damasci.
1861 4186 1880 4219 ι

316 4266 507 4326 Videte
552 4273 827 4341 propheta:
866 4288 1029 4342 super
1073 4286 1239 4342 puero
1289 4278 1601 4325 accuratam
1654 4267 1885 4336 diligen-

313 4364 443 4419 tiam
471 4381 488 4418 :
518 4364 783 4435 siquidem
831 4379 937 4418 non
975 4366 1132 4428 dixit,
1162 4362 1479 4432 Priusquam
1519 4360 1684 4416 sciret
1725 4357 1884 4413 Chri-

308 4467 449 4522 stus,
504 4467 601 4513 aut
650 4451 835 4521 Jes'us,
883 4464 978 4511 aut
1027 4455 1365 4520 Emmanuel,
1425 4469 1545 4524 quae
1600 4462 1887 4518 utrumque

1981 1984 2035 2027 et
2074 1976 2137 2028 ad
2178 1975 2449 2029 Christum
2504 1974 2715 2035 referri,
2764 1989 2922 2043 quem
2967 1986 3129 2040 saepe,
3167 1973 3226 2025 ut
3275 1966 3549 2024 hominem

1983 2068 2207 2139 petitum
2243 2066 2488 2123 diabolus
2521 2070 2736 2123 tandem
2774 2065 2941 2121 Deum
2972 2072 3185 2125 nactus,
3217 2056 3474 2115 concidit.

2052 2160 2187 2216 lnite
2240 2160 2524 2217 consilium
2587 2159 2928 2229 quantumvis
2992 2158 3178 2210 contra
3229 2151 3545 2209 Christum:

1982 2256 2331 2324 quantumvis
2387 2254 2531 2309 enim
2576 2267 2810 2307 avarum
2860 2249 3055 2306 Judam
3114 2244 3374 2315 aggressi,
3424 2256 3548 2295 cum

1983 2347 2361 2416 arrogantibus
2404 2361 2468 2401 ac
2501 2345 2753 2416 superbis
2803 2344 2995 2398 scribis
3044 2348 3099 2395 et
3149 2332 3549 2408 IegeconsultiS.

1982 2438 2330 2510 quantumvis
2369 2454 2491 2495 cum
2537 2439 2691 2492 Anna
2728 2448 2782 2491 et
2810 2435 3032 2509 Caipha,
3067 2429 3306 2486 scelestis
3336 2422 3551 2495 pontiﬁ-

1984 2528 2139 2586 cibus
2171 2544 2232 2583 ac
2267 2528 2501 2598 denique
2533 2544 2652 2583 eum
2675 2524 2887 2581 Herode
2922 2529 2974 2579 et
3003 2524 3194 2585 Pilato,
3239 2516 3417 2573 ell‘eris
3461 2524 3548 2569 at-

1985 2636 2090 2692 que
2136 2621 2448 2676 inhumanis
2495 2620 2827 2691 principibus
2872 2614 3217 2684 conspiratis,
3260 2607 3549 2666 consilium

1989 2722 2224 2768 vestrum
2256 2710 2517 2768 Dominus
2554 2711 2693 2766 Deus
2726 2709 2999 2771 dissolvet,
3035 2707 3083 2760 id
3127 2709 3234 2768 est,
3267 2698 3555 2755 lrnstrabi-

1989 2815 2096 2869 tur,
2126 2814 2179 2857 et
2211 2804 2532 2872 impotentes
2556 2817 2619 2856 ac
2649 2799 2915 2855 invalidos
2939 2813 3033 2853 vos
3059 2795 3330 2851 ostendet.
3362 2809 3381 2842 ‹
3416 2788 3555 2845 Con-

1986 2898 2165 2950 silium
2197 2895 2547 2964 dissipabitur
2571 2912 2586 2950 :
2612 2892 2888 2962 loquimini
2915 2890 3156 2953 verbum,
3177 2896 3237 2941 et
3259 2899 3367 2939 non
3400 2882 3505 2936 liet.
3525 2897 3543 2930 ι

1987 2987 2043 3042 1d
2092 2988 2251 3057 quale
2298 2987 2398 3053 sit,
2448 2986 2588 3045 scire
2644 2993 2884 3050 aventes,
2917 2981 3197 3035 Matthaus
3235 2974 3552 3046 publicanus

1989 3080 2223 3143 docebit,
2253 3079 2408 3147 cujus
2438 3092 2468 3133 θ
2515 3091 2671 3133 sacro
2717 3074 3005 3145 Evangelio
3038 3072 3150 3127 hazc
3188 3078 3316 3123 sunt
3344 3064 3504 3120 verba
3532 3079 3549 3117 :

1912 3190 1954 3248 ο
1993 3192 2013 3226 ι
2053 3173 2233 3227 Altera
2271 3182 2449 3227 autem
2484 3171 2587 3234 die,
2626 3184 2745 3238 qua:
2776 3176 2860 3223 est
2894 3173 3009 3236 post
3032 3163 3387 3223 Parasceven,
3423 3170 3556 3248 conf

1990 3275 2254 3319 venerunt
2310 3263 2579 3331 principes
2638 3260 3006 3323 sacerdotum,
3056 3263 3110 3309 et
3168 3248 3426 3307 Pharisaei
3485 3244 3553 3301 ad

1988 3356 2242 3421 Pilatum,
2276 3356 2558 3411 dicentes:
2593 3352 2836 3417 Domine,
2870 3344 3142 3405 recordati
3186 3356 3392 3401 sumus.
3432 3336 3557 3406 quia

1987 3452 2241 3505 seductor
2275 3449 2363 3505 ille
2416 3448 2551 3503 dixit
2602 3447 2779 3501 adhuc
2832 3444 3069 3499 vivens:
3112 3438 3240 3493 Post
3289 3444 3398 3490 tres
3439 3430 3556 3487 dies

1987 3558 2287 3613 resurgam.
2316 3541 2454 3597 Jube
2488 3554 2617 3610 ergo
2645 3535 2907 3595 custodiri
2956 3532 3266 3601 sepulcrum
3302 3538 3471 3594 usque
3502 3524 3555 3576 in

1986 3635 2128 3689 diem
2170 3634 2411 3700 tertium,
2444 3650 2507 3689 ne
2566 3633 2706 3688 forte
2754 3628 2976 3685 veniant
3026 3622 3272 3693 discipuli
3323 3619 3460 3689 ejus,
3501 3621 3556 3668 et

1988 3726 2237 3785 furentur
2299 3744 2418 3783 eum
2444 3771 2458 3793 ,
2489 3737 2543 3783 et
2594 3726 2780 3781 dicant
2828 3722 3011 3795 plebi:
3048 3717 3299 3775 Surrexit
3338 3732 3365 3767 a
3412 3725 3559 3767 mor-

1990 3822 2139 3876 tuis:
2186 3830 2245 3875 et
2291 3822 2393 3873 erit
2443 3818 2767 3873 novissimus
2819 3830 2973 3870 error
3022 3811 3173 3882 pejor
3222 3808 3399 3878 priore
3426 3803 3493 3857 ’⁸.
3531 3818 3551 3852 ι

1989 3912 2101 3968 Hoc
2136 3913 2297 3984 igitur
2340 3911 2625 3966 consilium
2672 3918 2724 3965 et
2774 3909 3050 3963 decretum
3096 3904 3232 3959 Deus
3278 3895 3556 3955 dissolvet.

1989 4006 2267 4076 Siquidem
2305 4022 2322 4056 ‹
2361 4001 2650 4057 Nobiscum
2685 4001 2859 4057 Deus.
2892 4019 2910 4052 ι
2950 3996 3240 4052 Nobiscum
3289 3992 3431 4045 Deus
3473 3995 3559 4041 est

1988 4098 2055 4153 ab
2115 4095 2426 4151 Abrahamo
2479 4108 2574 4165 per
2632 4093 2942 4162 prophetas,
2989 4102 3157 4157 usque
3209 4086 3273 4139 ad
3325 4082 3557 4138 Caesaris

1988 4188 2212 4259 Augusti
2261 4198 2524 4263 censum;
2563 4183 2839 4238 nobiscum
2873 4188 2955 4236 est
2982 4180 3036 4236 in
3084 4184 3356 4244 assumpta
3392 4185 3554 4227 carne

1988 4292 2338 4338 coiiversans,
2373 4290 2545 4345 usque
2576 4277 2641 4327 ad
2676 4266 2992 4328 descensum
3037 4284 3101 4323 ac
3151 4278 3453 4336 regressum
3490 4275 3556 4315 ex

1990 4368 2217 4427 inferis:
2250 4368 2532 4423 nobiscum
2566 4381 2734 4435 usque
2759 4362 2826 4418 ad
2848 4363 3164 4423 saeculorum
3191 4359 3371 4419 linem,
3400 4349 3560 4422 atque

1992 4467 2045 4520 in
2073 4479 2286 4519 omnem
2309 4462 2739 4536 perpetuitatem.
2781 4456 2894 4511 Hoc
2928 4455 3073 4509 enim
3120 4449 3389 4520 signiﬁcat
3421 4455 3502 4500 ter
3528 4456 3575 4499 at

311 4559 537 4615 "0W";
569 4545 684 4613 θεάν
722 4566 739 4599 ⁴
793 4547 973 4613 Puer;
1015 4566 1033 4599 ³
1087 4563 1208 4602 03m
1260 4546 1555 4601 secundum
1606 4552 1881 4610 θκβθτιεηι
1917 4526 1960 4581 D
1992 4560 2248 4627 propheta
2283 4526 2641 4623 usurpatum:
2674 4568 2692 4601 ι
2725 4547 3035 4607 Nobiscum.
3073 4563 3092 4598 ι
3127 4543 3329 4597 Scitote
3350 4545 3558 4608 gentes.

311 4642 570 4710 temporis
632 4645 901 4702 naturam,
950 4650 1033 4693 est
1094 4640 1232 4693 Deus
1296 4638 1490 4701 fortis,
1556 4645 1882 4705 praepotens,

312 4736 575 4802 Princeps
609 4734 778 4802 pacis,
810 4730 973 4786 Pater
1004 4734 1103 4788 aevi
1140 4732 1308 4791 futuri
1337 4748 1351 4784 :
1399 4732 1691 4784 secundum
1744 4737 1880 4781 tem-

311 4829 574 4897 poralem,
624 4836 783 4882 natus
816 4843 884 4879 ex
938 4826 1153 4892 Virgine
1224 4824 1385 4889 Puer,
1434 4822 1678 4876 Damasci
1729 4834 1882 4887 opes,

312 4923 683 4990 Samarizeqne
715 4921 887 4989 spolia
942 4918 1160 4986 recipiet
1192 4916 1258 4971 ab
1290 4915 1523 4986 Assyriae
1552 4927 1697 4982 rege.
1729 4909 1879 4977 Quod

308 5014 667 5082 camprobuns
685 5022 859 5075 vates,
889 5011 1033 5063 addit
1054 5028 1070 5059 ι
1092 5007 1379 5061 Nobiscum
1400 5008 1548 5062 Deus
1573 5025 1585 5059 :
1619 5024 1636 5055 ι
1660 5002 1881 5058 Scilicet

310 5103 810 5176 supratempor‘alis,
856 5112 910 5155 et
946 5102 1286 5169 omnipotens
1320 5102 1487 5161 Dens;
1522 5113 1640 5151 cum
1669 5110 1880 5164 semper

314 5197 535 5266 Virgine
560 5196 750 5261 Maria,
773 5211 837 5250 ac
874 5209 969 5264 per
989 5210 1106 5249 eam
1136 5193 1437 5247 nobiscum.
1472 5210 1491 5243 ι
1518 5189 1875 5257 Quamobrem

308 5291 504 5346 scitote
537 5294 746 5358 gentes,
775 5298 826 5341 et
859 5285 1154 5339 vincimini.
1192 5301 1209 5333 ι
1250 5283 1450 5339 Gentes
1482 5282 1733 5351 appellat,
1768 5294 1876 5333 non

310 5399 432 5455 qua:
465 5383 735 5438 Christum
771 5386 1023 5447 adorant,
1055 5386 1218 5446 atque
1254 5388 1601 5437 venerantur,
1627 5383 1681 5429 et
1710 5373 1876 5427 Deum

312 5478 641 5533 conﬁtentur
704 5489 768 5529 ac
838 5470 1259 5533 concelebrant,
1312 5482 1433 5537 qua:
1495 5482 1559 5521 ex
1630 5467 1880 5534 gentibus

310 5570 552 5627 Ecclesia
606 5579 709 5633 est,
762 5566 852 5620 sed
888 5578 1007 5634 quae
1050 5562 1102 5615 in
1152 5561 1414 5616 idolorum
1450 5558 1625 5612 cultus
1672 5556 1878 5612 scelere

312 5671 649 5732 permanent.
705 5659 835 5713 Nam
897 5671 975 5711 ea:
1024 5655 1236 5709 demum
1291 5651 1639 5723 proﬂiganda:
1688 5660 1875 5719 gentes

346 5870 349 5871 ν
381 5835 427 5867 ’⁸
457 5832 501 5887 li
531 5831 634 5886 Par
694 5875 701 5884 .
739 5845 865 5885 xxiv
889 5847 903 5895 ;
928 5836 985 5887 et
1015 5827 1082 5886 IV
1105 5827 1242 5899 Reg.
1271 5842 1348 5883 ιι.

1987 4650 2128 4719 quod
2160 4649 2437 4703 nobiscum
2472 4645 2613 4703 Deus
2642 4652 2725 4697 est
2751 4660 2765 4697 :
2803 4640 3049 4704 «Audite,
3081 4636 3345 4692 universa:
3370 4628 3557 4701 prccul

1990 4753 2167 4808 terrae,
2204 4741 2329 4810 quia
2363 4738 2641 4793 nobiscum
2676 4735 2812 4789 Deus
2842 4745 2966 4797 est;
3007 4727 3287 4798 loquimini
3304 4728 3556 4788 verbum,

1992 4842 2176 4889 etnon
2208 4834 2317 4897 lict,
2353 4831 2475 4901 quia
2512 4829 2799 4883 Nobiscum
2834 4826 2993 4879 Deus.
3033 4842 3050 4872 ι

2065 4923 2202 4991 Quid
2233 4922 2478 4993 agimus?
2510 4922 2749 4975 haeccine
2778 4920 3045 4988 disputata
3079 4914 3338 4967 hactenus
3366 4908 3433 4963 de
3465 4903 3557 4961 Dei

1988 5014 2107 5073 Filii
2141 5016 2510 5070 incarnatione
2543 5015 2675 5069 satis
2703 5020 2850 5076 sunt,
2876 5027 2942 5063 an
2967 5009 3120 5077 plura
3149 5018 3364 5075 quoque
3395 4999 3559 5055 vultis

1988 5108 2286 5165 disseram?
2305 5108 2594 5163 Enimvero
2621 5120 2793 5175 neque
2816 5119 2912 5173 ego
2938 5104 3089 5173 plura
3115 5101 3307 5154 addere
3333 5094 3557 5161 possim,

1987 5211 2087 5252 nec
2125 5211 2219 5251 vos
2256 5197 2519 5263 accipere.
2553 5194 2691 5260 Quin
2732 5195 2983 5247 adderem
3029 5190 3206 5259 plura,
3240 5188 3284 5241 si
3318 5186 3557 5251 disputa-

1990 5286 2125 5343 tioni
2175 5285 2419 5341 addictos
2475 5295 2773 5338 cernerem.
2822 5282 2927 5337 Sed
2990 5280 3244 5350 quoniam
3294 5271 3554 5329 orationis

1988 5380 2212 5433 satietas
2239 5376 2454 5428 inimica
2482 5386 2583 5441 est,
2612 5389 2719 5427 non
2739 5372 3061 5430 dicentibus.
3084 5369 3174 5423 sed
3195 5363 3548 5429 auditoribus,

1986 5466 2252 5531 sumsere,
2276 5467 2485 5533 opinor,
2518 5481 2639 5534 quae
2673 5464 2944 5517 diximus:
2981 5478 2999 5511 ‹
3025 5455 3110 5512 Ne
3139 5459 3277 5512 ultra
3312 5453 3542 5517 Gades,-

1987 5558 2126 5625 quod
2178 5557 2351 5621 aiunt,
2400 5553 2647 5618 trajicere
2696 5564 2973 5607 conemur.
3017 5549 3185 5617 Igitur
3223 5548 3287 5599 ad
3336 5544 3437 5597 alia
3470 5553 3553 5599 est

1989 5652 2393 5705 transeundum.

1446 5824 1492 5859 ”
1516 5825 1632 5880 Luc
1682 5841 1722 5892 ι,
1751 5825 1842 5894 48,
1869 5844 1880 5881 4

2040 5829 2088 5860 ’δ
2116 5824 2305 5882 Matth.
2339 5837 2486 5894 xxiv,
2512 5820 2603 5877 24.
2676 5818 2735 5851 ⁸⁸
2762 5816 2949 5873 Matth.
2991 5829 3169 5881 xxvn,
3193 5813 3286 5880 26,
3313 5810 3410 5871 63.
