  <div class='ocr_page' id='page_1' title='image "/cluster/home/n/w/nwhite01/storage/ocr_20150623/133/mdp.39015078384230/437.png"; bbox 0 0 4006 6284; ppageno 0'>
   <div class='ocr_carea' id='block_1_1' title="bbox 454 358 568 424">
    <p class='ocr_par' dir='ltr' id='par_1_1' title="bbox 454 358 568 424">
     <span class='ocr_line' id='line_1_1' title="bbox 454 358 568 424; baseline -0.009 0"><span class='ocrx_word' id='word_1_1' title='bbox 454 358 568 424; x_wconf 81' lang='lat'><strong>859</strong></span> 
     </span>
    </p>
   </div>
   <div class='ocr_carea' id='block_1_2' title="bbox 971 462 1506 525">
    <p class='ocr_par' dir='ltr' id='par_1_2' title="bbox 971 462 1506 525">
     <span class='ocr_line' id='line_1_2' title="bbox 971 462 1506 525; baseline -0.013 0"><span class='ocrx_word' id='word_1_2' title='bbox 971 464 1197 525; x_wconf 76' lang='lat' dir='ltr'><strong>CAPUT</strong></span> <span class='ocrx_word' id='word_1_3' title='bbox 1230 462 1506 521; x_wconf 63' lang='lat' dir='ltr'><strong>XXXVII.</strong></span> 
     </span>
    </p>
   </div>
   <div class='ocr_carea' id='block_1_3' title="bbox 485 572 1987 652">
    <p class='ocr_par' dir='ltr' id='par_1_3' title="bbox 485 572 1987 652">
     <span class='ocr_line' id='line_1_3' title="bbox 485 572 1987 652; baseline -0.008 -9"><span class='ocrx_word' id='word_1_4' title='bbox 485 583 941 643; x_wconf 68' lang='lat' dir='ltr'><strong>Datmhomincm</strong></span> <span class='ocrx_word' id='word_1_5' title='bbox 972 583 1089 652; x_wconf 70' lang='lat' dir='ltr'><strong>ﬁeri</strong></span> <span class='ocrx_word' id='word_1_6' title='bbox 1120 580 1367 645; x_wconf 62' lang='lat' dir='ltr'><strong>voluisse,</strong></span> <span class='ocrx_word' id='word_1_7' title='bbox 1393 591 1439 633; x_wconf 75' lang='lat' dir='ltr'><strong>et</strong></span> <span class='ocrx_word' id='word_1_8' title='bbox 1470 579 1532 632; x_wconf 80' lang='lat' dir='ltr'><strong>de</strong></span> <span class='ocrx_word' id='word_1_9' title='bbox 1556 578 1716 643; x_wconf 70' lang='lat' dir='ltr'><strong>atii-pe</strong></span> <span class='ocrx_word' id='word_1_10' title='bbox 1752 572 1987 631; x_wconf 72' lang='lat' dir='ltr'><strong>Doridis.</strong></span> 
     </span>
    </p>
   </div>
   <div class='ocr_carea' id='block_1_4' title="bbox 527 690 2030 758">
    <p class='ocr_par' dir='ltr' id='par_1_4' title="bbox 527 690 2030 758">
     <span class='ocr_line' id='line_1_4' title="bbox 527 690 2030 758; baseline -0.006 -4"><span class='ocrx_word' id='word_1_11' title='bbox 527 698 648 754; x_wconf 81' lang='lat' dir='ltr'><strong>Jun.</strong></span> <span class='ocrx_word' id='word_1_12' title='bbox 702 696 1052 751; x_wconf 74' lang='lat' dir='ltr'><strong>Descenderit</strong></span> <span class='ocrx_word' id='word_1_13' title='bbox 1116 710 1248 750; x_wconf 87' lang='lat' dir='ltr'><strong>sane</strong></span> <span class='ocrx_word' id='word_1_14' title='bbox 1304 695 1518 749; x_wconf 70' lang='lat' dir='ltr'><strong>erelitns</strong></span> <span class='ocrx_word' id='word_1_15' title='bbox 1583 693 1673 747; x_wconf 85' lang='lat' dir='ltr'><strong>Dei</strong></span> <span class='ocrx_word' id='word_1_16' title='bbox 1730 690 1918 758; x_wconf 83' lang='lat' dir='ltr'><strong>Filius,</strong></span> <span class='ocrx_word' id='word_1_17' title='bbox 1978 701 2030 746; x_wconf 88' lang='lat' dir='ltr'><strong>et</strong></span> 
     </span>
    </p>
   </div>
   <div class='ocr_carea' id='block_1_5' title="bbox 457 786 2029 850">
    <p class='ocr_par' dir='ltr' id='par_1_5' title="bbox 457 786 2029 850">
     <span class='ocr_line' id='line_1_5' title="bbox 457 786 2029 850; baseline -0.006 -5"><span class='ocrx_word' id='word_1_18' title='bbox 457 789 732 845; x_wconf 86' lang='lat' dir='ltr'><strong>incarnari</strong></span> <span class='ocrx_word' id='word_1_19' title='bbox 792 786 1149 850; x_wconf 86' lang='lat' dir='ltr'><strong>sustinuerit;</strong></span> <span class='ocrx_word' id='word_1_20' title='bbox 1220 786 1362 840; x_wconf 88' lang='lat' dir='ltr'><strong>unde</strong></span> <span class='ocrx_word' id='word_1_21' title='bbox 1422 794 1601 839; x_wconf 82' lang='lat' dir='ltr'><strong>autem</strong></span> <span class='ocrx_word' id='word_1_22' title='bbox 1668 792 1908 849; x_wconf 81' lang='lat' dir='ltr'><strong>constat,</strong></span> <span class='ocrx_word' id='word_1_23' title='bbox 1962 797 2029 836; x_wconf 76' lang='lat' dir='ltr'><strong>ex</strong></span> 
     </span>
    </p>
   </div>
   <div class='ocr_carea' id='block_1_6' title="bbox 458 868 2032 946">
    <p class='ocr_par' dir='ltr' id='par_1_6' title="bbox 458 868 2032 946">
     <span class='ocr_line' id='line_1_6' title="bbox 458 868 2032 946; baseline -0.006 -11"><span class='ocrx_word' id='word_1_24' title='bbox 458 878 752 935; x_wconf 84' lang='lat' dir='ltr'><strong>Ahrahami</strong></span> <span class='ocrx_word' id='word_1_25' title='bbox 804 886 858 932; x_wconf 90' lang='lat' dir='ltr'><strong>et</strong></span> <span class='ocrx_word' id='word_1_26' title='bbox 912 868 1131 931; x_wconf 85' lang='lat' dir='ltr'><strong>Davidis</strong></span> <span class='ocrx_word' id='word_1_27' title='bbox 1179 876 1385 946; x_wconf 83' lang='lat' dir='ltr'><strong>semine</strong></span> <span class='ocrx_word' id='word_1_28' title='bbox 1435 875 1711 929; x_wconf 84' lang='lat' dir='ltr'><strong>hominem</strong></span> <span class='ocrx_word' id='word_1_29' title='bbox 1767 871 1882 927; x_wconf 84' lang='lat' dir='ltr'><strong>fieri</strong></span> <span class='ocrx_word' id='word_1_30' title='bbox 1940 886 2032 925; x_wconf 89' lang='lat' dir='ltr'><strong>vo-</strong></span> 
     </span>
    </p>
   </div>
   <div class='ocr_carea' id='block_1_7' title="bbox 459 970 669 1025">
    <p class='ocr_par' dir='ltr' id='par_1_7' title="bbox 459 970 669 1025">
     <span class='ocr_line' id='line_1_7' title="bbox 459 970 669 1025; baseline 0.01 -2"><span class='ocrx_word' id='word_1_31' title='bbox 459 970 669 1025; x_wconf 81' lang='lat' dir='ltr'><strong>luisse?</strong></span> 
     </span>
    </p>
   </div>
   <div class='ocr_carea' id='block_1_8' title="bbox 531 1061 1468 1132">
    <p class='ocr_par' dir='ltr' id='par_1_8' title="bbox 531 1061 1468 1132">
     <span class='ocr_line' id='line_1_8' title="bbox 531 1061 1468 1132; baseline -0.002 -15"><span class='ocrx_word' id='word_1_32' title='bbox 531 1064 755 1118; x_wconf 77' lang='lat' dir='ltr'><strong>Cuntsr.</strong></span> <span class='ocrx_word' id='word_1_33' title='bbox 788 1061 862 1116; x_wconf 75' lang='lat' dir='ltr'><strong>Ex</strong></span> <span class='ocrx_word' id='word_1_34' title='bbox 892 1061 1109 1132; x_wconf 82' lang='lat' dir='ltr'><strong>Josephi</strong></span> <span class='ocrx_word' id='word_1_35' title='bbox 1138 1061 1468 1132; x_wconf 74' lang='lat' dir='ltr'><strong>genealogis.</strong></span> 
     </span>
    </p>
   </div>
   <div class='ocr_carea' id='block_1_9' title="bbox 532 1150 2034 1224">
    <p class='ocr_par' dir='ltr' id='par_1_9' title="bbox 532 1150 2034 1224">
     <span class='ocr_line' id='line_1_9' title="bbox 532 1150 2034 1224; baseline -0.004 -16"><span class='ocrx_word' id='word_1_36' title='bbox 532 1152 655 1210; x_wconf 83' lang='lat' dir='ltr'><strong>Jun.</strong></span> <span class='ocrx_word' id='word_1_37' title='bbox 691 1156 754 1208; x_wconf 84' lang='lat' dir='ltr'><strong>Et</strong></span> <span class='ocrx_word' id='word_1_38' title='bbox 785 1156 1137 1224; x_wconf 77' lang='lat' dir='ltr'><strong>quamobrem</strong></span> <span class='ocrx_word' id='word_1_39' title='bbox 1175 1152 1333 1222; x_wconf 76' lang='lat' dir='ltr'><strong>Virgo</strong></span> <span class='ocrx_word' id='word_1_40' title='bbox 1367 1152 1633 1207; x_wconf 88' lang='lat' dir='ltr'><strong>recensita</strong></span> <span class='ocrx_word' id='word_1_41' title='bbox 1672 1166 1778 1207; x_wconf 91' lang='lat' dir='ltr'><strong>non</strong></span> <span class='ocrx_word' id='word_1_42' title='bbox 1805 1160 1908 1210; x_wconf 87' lang='lat' dir='ltr'><strong>est.</strong></span> <span class='ocrx_word' id='word_1_43' title='bbox 1942 1150 2034 1204; x_wconf 85' lang='lat' dir='ltr'><strong>sed</strong></span> 
     </span>
    </p>
   </div>
   <div class='ocr_carea' id='block_1_10' title="bbox 461 1245 2034 1317">
    <p class='ocr_par' dir='ltr' id='par_1_10' title="bbox 461 1245 2034 1317">
     <span class='ocr_line' id='line_1_10' title="bbox 461 1245 2034 1317; baseline -0.004 -17"><span class='ocrx_word' id='word_1_44' title='bbox 461 1245 779 1313; x_wconf 85' lang='lat' dir='ltr'><strong>Josephus?</strong></span> <span class='ocrx_word' id='word_1_45' title='bbox 815 1246 949 1299; x_wconf 86' lang='lat' dir='ltr'><strong>Nam</strong></span> <span class='ocrx_word' id='word_1_46' title='bbox 991 1247 1035 1299; x_wconf 90' lang='lat' dir='ltr'><strong>si</strong></span> <span class='ocrx_word' id='word_1_47' title='bbox 1092 1246 1393 1299; x_wconf 85' lang='lat' dir='ltr'><strong>secundum</strong></span> <span class='ocrx_word' id='word_1_48' title='bbox 1451 1246 1758 1317; x_wconf 76' lang='lat' dir='ltr'><strong>humanam</strong></span> <span class='ocrx_word' id='word_1_49' title='bbox 1794 1250 2034 1296; x_wconf 88' lang='lat' dir='ltr'><strong>naturam</strong></span> 
     </span>
    </p>
   </div>
   <div class='ocr_carea' id='block_1_11' title="bbox 465 1336 2038 1409">
    <p class='ocr_par' dir='ltr' id='par_1_11' title="bbox 465 1336 2038 1409">
     <span class='ocr_line' id='line_1_11' title="bbox 465 1336 2038 1409; baseline -0.004 -15"><span class='ocrx_word' id='word_1_50' title='bbox 465 1355 530 1395; x_wconf 87' lang='lat' dir='ltr'><strong>ex</strong></span> <span class='ocrx_word' id='word_1_51' title='bbox 570 1339 787 1409; x_wconf 74' lang='lat' dir='ltr'><strong>Virgine</strong></span> <span class='ocrx_word' id='word_1_52' title='bbox 834 1339 1081 1393; x_wconf 81' lang='lat' dir='ltr'><strong>Chrisuts</strong></span> <span class='ocrx_word' id='word_1_53' title='bbox 1122 1349 1224 1405; x_wconf 87' lang='lat' dir='ltr'><strong>est,</strong></span> <span class='ocrx_word' id='word_1_54' title='bbox 1273 1353 1340 1393; x_wconf 82' lang='lat' dir='ltr'><strong>ex</strong></span> <span class='ocrx_word' id='word_1_55' title='bbox 1386 1336 1619 1406; x_wconf 86' lang='lat' dir='ltr'><strong>Josepho</strong></span> <span class='ocrx_word' id='word_1_56' title='bbox 1658 1347 1835 1392; x_wconf 85' lang='lat' dir='ltr'><strong>autem</strong></span> <span class='ocrx_word' id='word_1_57' title='bbox 1893 1337 2038 1390; x_wconf 86' lang='lat' dir='ltr'><strong>nullo</strong></span> 
     </span>
    </p>
   </div>
   <div class='ocr_carea' id='block_1_12' title="bbox 468 1429 2039 1501">
    <p class='ocr_par' dir='ltr' id='par_1_12' title="bbox 468 1429 2039 1501">
     <span class='ocr_line' id='line_1_12' title="bbox 468 1429 2039 1501; baseline -0.005 -14"><span class='ocrx_word' id='word_1_58' title='bbox 468 1434 627 1487; x_wconf 75' lang='lat' dir='ltr'><strong>modo</strong></span> <span class='ocrx_word' id='word_1_59' title='bbox 676 1432 787 1498; x_wconf 89' lang='lat' dir='ltr'><strong>(qui</strong></span> <span class='ocrx_word' id='word_1_60' title='bbox 820 1431 1035 1501; x_wconf 77' lang='lat' dir='ltr'><strong>quidem</strong></span> <span class='ocrx_word' id='word_1_61' title='bbox 1091 1446 1364 1501; x_wconf 85' lang='lat' dir='ltr'><strong>sponsus,</strong></span> <span class='ocrx_word' id='word_1_62' title='bbox 1419 1448 1525 1486; x_wconf 90' lang='lat' dir='ltr'><strong>non</strong></span> <span class='ocrx_word' id='word_1_63' title='bbox 1572 1429 1796 1484; x_wconf 87' lang='lat' dir='ltr'><strong>maritus</strong></span> <span class='ocrx_word' id='word_1_64' title='bbox 1833 1429 2039 1499; x_wconf 88' lang='lat' dir='ltr'><strong>fuerit),</strong></span> 
     </span>
    </p>
   </div>
   <div class='ocr_carea' id='block_1_13' title="bbox 470 1514 2041 1593">
    <p class='ocr_par' dir='ltr' id='par_1_13' title="bbox 470 1514 2041 1593">
     <span class='ocr_line' id='line_1_13' title="bbox 470 1514 2041 1593; baseline -0.004 -14"><span class='ocrx_word' id='word_1_65' title='bbox 470 1540 568 1580; x_wconf 90' lang='lat' dir='ltr'><strong>cur</strong></span> <span class='ocrx_word' id='word_1_66' title='bbox 605 1514 743 1577; x_wconf 80' lang='lat' dir='ltr'><strong>illius</strong></span> <span class='ocrx_word' id='word_1_67' title='bbox 773 1526 948 1591; x_wconf 84' lang='lat' dir='ltr'><strong>potius</strong></span> <span class='ocrx_word' id='word_1_68' title='bbox 975 1524 1298 1591; x_wconf 85' lang='lat' dir='ltr'><strong>descriptum</strong></span> <span class='ocrx_word' id='word_1_69' title='bbox 1343 1538 1511 1589; x_wconf 78' lang='lat' dir='ltr'><strong>genus</strong></span> <span class='ocrx_word' id='word_1_70' title='bbox 1540 1522 1658 1577; x_wconf 87' lang='lat' dir='ltr'><strong>est?</strong></span> <span class='ocrx_word' id='word_1_71' title='bbox 1686 1520 1854 1593; x_wconf 82' lang='lat' dir='ltr'><strong>Igitur</strong></span> <span class='ocrx_word' id='word_1_72' title='bbox 1885 1521 1929 1575; x_wconf 88' lang='lat' dir='ltr'><strong>si</strong></span> <span class='ocrx_word' id='word_1_73' title='bbox 1975 1536 2041 1575; x_wconf 87' lang='lat' dir='ltr'><strong>ex</strong></span> 
     </span>
    </p>
   </div>
   <div class='ocr_carea' id='block_1_14' title="bbox 471 1614 2045 1686">
    <p class='ocr_par' dir='ltr' id='par_1_14' title="bbox 471 1614 2045 1686">
     <span class='ocr_line' id='line_1_14' title="bbox 471 1614 2045 1686; baseline -0.003 -16"><span class='ocrx_word' id='word_1_74' title='bbox 471 1616 724 1671; x_wconf 84' lang='lat' dir='ltr'><strong>Davidica</strong></span> <span class='ocrx_word' id='word_1_75' title='bbox 778 1618 917 1672; x_wconf 88' lang='lat' dir='ltr'><strong>tribu</strong></span> <span class='ocrx_word' id='word_1_76' title='bbox 955 1615 1229 1686; x_wconf 81' lang='lat' dir='ltr'><strong>Virginem</strong></span> <span class='ocrx_word' id='word_1_77' title='bbox 1282 1618 1438 1671; x_wconf 84' lang='lat' dir='ltr'><strong>nobis</strong></span> <span class='ocrx_word' id='word_1_78' title='bbox 1489 1616 1850 1678; x_wconf 80' lang='lat' dir='ltr'><strong>demonsmts,</strong></span> <span class='ocrx_word' id='word_1_79' title='bbox 1901 1614 2045 1668; x_wconf 88' lang='lat' dir='ltr'><strong>hunc</strong></span> 
     </span>
    </p>
   </div>
   <div class='ocr_carea' id='block_1_15' title="bbox 473 1708 2045 1779">
    <p class='ocr_par' dir='ltr' id='par_1_15' title="bbox 473 1708 2045 1779">
     <span class='ocr_line' id='line_1_15' title="bbox 473 1708 2045 1779; baseline -0.003 -15"><span class='ocrx_word' id='word_1_80' title='bbox 473 1711 647 1779; x_wconf 83' lang='lat' dir='ltr'><strong>ipsum</strong></span> <span class='ocrx_word' id='word_1_81' title='bbox 716 1724 902 1763; x_wconf 78' lang='lat' dir='ltr'><strong>verum</strong></span> <span class='ocrx_word' id='word_1_82' title='bbox 979 1723 1100 1764; x_wconf 84' lang='lat' dir='ltr'><strong>esse</strong></span> <span class='ocrx_word' id='word_1_83' title='bbox 1180 1708 1459 1764; x_wconf 87' lang='lat' dir='ltr'><strong>Christum</strong></span> <span class='ocrx_word' id='word_1_84' title='bbox 1547 1709 1924 1773; x_wconf 85' lang='lat' dir='ltr'><strong>admittimus,</strong></span> <span class='ocrx_word' id='word_1_85' title='bbox 1994 1713 2045 1761; x_wconf 85' lang='lat' dir='ltr'><strong>et</strong></span> 
     </span>
    </p>
   </div>
   <div class='ocr_carea' id='block_1_16' title="bbox 440 1797 3102 1906">
    <p class='ocr_par' dir='ltr' id='par_1_16' title="bbox 440 1797 3102 1906">
     <span class='ocr_line' id='line_1_16' title="bbox 440 1797 3102 1906; baseline -0.005 -50"><span class='ocrx_word' id='word_1_86' title='bbox 440 1870 443 1871; x_wconf 16' lang='grc' dir='ltr'><em>ν</em></span> <span class='ocrx_word' id='word_1_87' title='bbox 475 1801 749 1872; x_wconf 75' lang='lat' dir='ltr'><strong>Virginem</strong></span> <span class='ocrx_word' id='word_1_88' title='bbox 787 1802 1066 1870; x_wconf 79' lang='lat' dir='ltr'><strong>Deiparam</strong></span> <span class='ocrx_word' id='word_1_89' title='bbox 1113 1802 1368 1856; x_wconf 75' lang='lat' dir='ltr'><strong>fatemur.</strong></span> <span class='ocrx_word' id='word_1_90' title='bbox 1419 1801 1638 1856; x_wconf 80' lang='lat' dir='ltr'><strong>Davidis</strong></span> <span class='ocrx_word' id='word_1_91' title='bbox 1678 1800 1819 1856; x_wconf 87' lang='lat' dir='ltr'><strong>enim</strong></span> <span class='ocrx_word' id='word_1_92' title='bbox 1851 1813 1915 1853; x_wconf 80' lang='lat' dir='ltr'><strong>ex</strong></span> <span class='ocrx_word' id='word_1_93' title='bbox 1954 1797 2047 1852; x_wconf 86' lang='lat' dir='ltr'><strong>Dei</strong></span> <span class='ocrx_word' id='word_1_94' title='bbox 2093 1830 2132 1886; x_wconf 71' lang='grc' dir='ltr'>Β</span> <span class='ocrx_word' id='word_1_95' title='bbox 2163 1797 2357 1893; x_wconf 26' lang='lat' dir='ltr'><strong>Asmira</strong></span> <span class='ocrx_word' id='word_1_96' title='bbox 2378 1797 2490 1892; x_wconf 64' lang='lat' dir='ltr'><strong>‘Sibi</strong></span> <span class='ocrx_word' id='word_1_97' title='bbox 2516 1797 2806 1906; x_wconf 33' lang='lat' dir='ltr'><strong>‘q‘négmm</strong></span> <span class='ocrx_word' id='word_1_98' title='bbox 2870 1834 2985 1901; x_wconf 55' lang='lat' dir='ltr'><strong>lege</strong></span> <span class='ocrx_word' id='word_1_99' title='bbox 3023 1797 3102 1887; x_wconf 66' lang='lat' dir='ltr'><strong>E&#39;”</strong></span> 
     </span>
     <span class='ocr_line' id='line_1_17' title="bbox 762 1872 2949 1906; baseline -0.002 0"><span class='ocrx_word' id='word_1_100' title='bbox 762 1897 772 1906; x_wconf 91' lang='lat'><strong>.</strong></span> <span class='ocrx_word' id='word_1_101' title='bbox 928 1894 941 1906; x_wconf 76' lang='grc' dir='ltr'><strong>ι</strong></span> <span class='ocrx_word' id='word_1_102' title='bbox 1324 1895 1333 1906; x_wconf 79' lang='grc' dir='ltr'><strong>ι</strong></span> <span class='ocrx_word' id='word_1_103' title='bbox 1528 1892 1565 1906; x_wconf 73' lang='grc' dir='ltr'>η</span> <span class='ocrx_word' id='word_1_104' title='bbox 1670 1894 1680 1905; x_wconf 74' lang='grc' dir='ltr'><strong>ι</strong></span> <span class='ocrx_word' id='word_1_105' title='bbox 1776 1892 1787 1906; x_wconf 78' lang='grc' dir='ltr'><strong>ι</strong></span> <span class='ocrx_word' id='word_1_106' title='bbox 1860 1892 1871 1903; x_wconf 73' lang='grc' dir='ltr'><strong>ο</strong></span> <span class='ocrx_word' id='word_1_107' title='bbox 1946 1890 1979 1906; x_wconf 21' lang='grc' dir='ltr'><strong>ξ·</strong></span> <span class='ocrx_word' id='word_1_108' title='bbox 2034 1905 2037 1906; x_wconf 59' lang='lat'><strong>,</strong></span> <span class='ocrx_word' id='word_1_109' title='bbox 2600 1872 2610 1889; x_wconf 73' lang='grc'>⁸</span> <span class='ocrx_word' id='word_1_110' title='bbox 2650 1880 2659 1889; x_wconf 71' lang='grc'><strong><em>⁵</em></strong></span> <span class='ocrx_word' id='word_1_111' title='bbox 2723 1872 2733 1889; x_wconf 78' lang='grc'><strong><em>⁸</em></strong></span> <span class='ocrx_word' id='word_1_112' title='bbox 2818 1875 2832 1899; x_wconf 71' lang='grc'><strong>9</strong></span> <span class='ocrx_word' id='word_1_113' title='bbox 2936 1894 2949 1902; x_wconf 74' lang='grc' dir='ltr'><strong>ι</strong></span> 
     </span>
    </p>
   </div>
   <div class='ocr_carea' id='block_1_17' title="bbox 2600 1872 3124 1902">
    <p class='ocr_par' dir='ltr' id='par_1_17' title="bbox 2600 1872 3124 1902">
     <span class='ocr_line' id='line_1_18' title="bbox 2600 1872 3124 1902; baseline -0.006 -13"><span class='ocrx_word' id='word_1_114' title='bbox 2600 1872 2832 1899; x_wconf 64' lang='grc' dir='ltr'>ίιΰιιιιιιι,</span> <span class='ocrx_word' id='word_1_115' title='bbox 2872 1872 2984 1902; x_wconf 52' lang='lat' dir='ltr'><strong>[VEB</strong></span> <span class='ocrx_word' id='word_1_116' title='bbox 3023 1872 3124 1887; x_wconf 61' lang='lat' dir='ltr'><strong>“li.</strong></span> 
     </span>
    </p>
   </div>
   <div class='ocr_carea' id='block_1_18' title="bbox 477 1890 2053 1966">
    <p class='ocr_par' dir='ltr' id='par_1_18' title="bbox 477 1890 2053 1966">
     <span class='ocr_line' id='line_1_19' title="bbox 477 1890 2053 1966; baseline -0.003 -17"><span class='ocrx_word' id='word_1_117' title='bbox 477 1910 706 1966; x_wconf 84' lang='lat' dir='ltr'><strong>persona</strong></span> <span class='ocrx_word' id='word_1_118' title='bbox 743 1897 809 1950; x_wconf 92' lang='lat' dir='ltr'><strong>de</strong></span> <span class='ocrx_word' id='word_1_119' title='bbox 837 1910 895 1949; x_wconf 88' lang='lat' dir='ltr'><strong>ea</strong></span> <span class='ocrx_word' id='word_1_120' title='bbox 928 1894 1041 1949; x_wconf 84' lang='lat' dir='ltr'><strong>haec</strong></span> <span class='ocrx_word' id='word_1_121' title='bbox 1067 1907 1193 1948; x_wconf 87' lang='lat' dir='ltr'><strong>sunt</strong></span> <span class='ocrx_word' id='word_1_122' title='bbox 1226 1895 1389 1949; x_wconf 72' lang='lat' dir='ltr'><strong>verba</strong></span> <span class='ocrx_word' id='word_1_123' title='bbox 1422 1914 1436 1949; x_wconf 83' lang='lat'><strong>:</strong></span> <span class='ocrx_word' id='word_1_124' title='bbox 1473 1914 1491 1948; x_wconf 74' lang='grc' dir='ltr'><strong>ι</strong></span> <span class='ocrx_word' id='word_1_125' title='bbox 1524 1892 1713 1949; x_wconf 82' lang='lat' dir='ltr'><strong>Omnis</strong></span> <span class='ocrx_word' id='word_1_126' title='bbox 1739 1892 1909 1964; x_wconf 78' lang='lat' dir='ltr'><strong>gloria</strong></span> <span class='ocrx_word' id='word_1_127' title='bbox 1935 1890 2053 1957; x_wconf 82' lang='lat' dir='ltr'><strong>ejus</strong></span> 
     </span>
    </p>
   </div>
   <div class='ocr_carea' id='block_1_19' title="bbox 481 1984 2063 2061">
    <p class='ocr_par' dir='ltr' id='par_1_19' title="bbox 481 1984 2063 2061">
     <span class='ocr_line' id='line_1_20' title="bbox 481 1984 2063 2061; baseline -0.003 -20"><span class='ocrx_word' id='word_1_128' title='bbox 481 1989 605 2044; x_wconf 66' lang='lat' dir='ltr'><strong>tiliae</strong></span> <span class='ocrx_word' id='word_1_129' title='bbox 650 1990 790 2061; x_wconf 80' lang='lat' dir='ltr'><strong>regis</strong></span> <span class='ocrx_word' id='word_1_130' title='bbox 842 1990 908 2045; x_wconf 88' lang='lat' dir='ltr'><strong>ab</strong></span> <span class='ocrx_word' id='word_1_131' title='bbox 959 1990 1102 2045; x_wconf 89' lang='lat' dir='ltr'><strong>intus</strong></span> <span class='ocrx_word' id='word_1_132' title='bbox 1139 1992 1205 2043; x_wconf 81' lang='lat'><strong>&quot;.</strong></span> <span class='ocrx_word' id='word_1_133' title='bbox 1245 2010 1260 2042; x_wconf 74' lang='grc' dir='ltr'><strong>ι</strong></span> <span class='ocrx_word' id='word_1_134' title='bbox 1302 1988 1366 2045; x_wconf 83' lang='grc' dir='ltr'>Ει</span> <span class='ocrx_word' id='word_1_135' title='bbox 1397 2000 1520 2061; x_wconf 86' lang='lat' dir='ltr'><strong>post</strong></span> <span class='ocrx_word' id='word_1_136' title='bbox 1574 2004 1783 2059; x_wconf 83' lang='lat' dir='ltr'><strong>pauca:</strong></span> <span class='ocrx_word' id='word_1_137' title='bbox 1828 2004 1846 2039; x_wconf 84' lang='grc' dir='ltr'><strong>ι</strong></span> <span class='ocrx_word' id='word_1_138' title='bbox 1881 1984 2063 2061; x_wconf 80' lang='lat' dir='ltr'><strong>Addu-</strong></span> 
     </span>
    </p>
   </div>
   <div class='ocr_carea' id='block_1_20' title="bbox 479 2060 2061 2153">
    <p class='ocr_par' dir='ltr' id='par_1_20' title="bbox 479 2060 2061 2153">
     <span class='ocr_line' id='line_1_21' title="bbox 479 2060 2061 2153; baseline -0.004 -17"><span class='ocrx_word' id='word_1_139' title='bbox 479 2092 672 2136; x_wconf 88' lang='lat' dir='ltr'><strong>centur</strong></span> <span class='ocrx_word' id='word_1_140' title='bbox 704 2082 815 2151; x_wconf 84' lang='lat' dir='ltr'><strong>regi</strong></span> <span class='ocrx_word' id='word_1_141' title='bbox 854 2081 1092 2153; x_wconf 80' lang='lat' dir='ltr'><strong>virgines</strong></span> <span class='ocrx_word' id='word_1_142' title='bbox 1137 2090 1255 2151; x_wconf 87' lang='lat' dir='ltr'><strong>post</strong></span> <span class='ocrx_word' id='word_1_143' title='bbox 1304 2098 1446 2146; x_wconf 84' lang='lat' dir='ltr'><strong>eam,</strong></span> <span class='ocrx_word' id='word_1_144' title='bbox 1483 2079 1740 2149; x_wconf 82' lang='lat' dir='ltr'><strong>proximae</strong></span> <span class='ocrx_word' id='word_1_145' title='bbox 1780 2074 1899 2147; x_wconf 84' lang='lat' dir='ltr'><strong>ejus</strong></span> <span class='ocrx_word' id='word_1_146' title='bbox 1926 2060 2061 2130; x_wconf 64' lang='lat' dir='ltr'><strong>oile-</strong></span> 
     </span>
    </p>
   </div>
   <div class='ocr_carea' id='block_1_21' title="bbox 481 2156 2062 2243">
    <p class='ocr_par' dir='ltr' id='par_1_21' title="bbox 481 2156 2062 2243">
     <span class='ocr_line' id='line_1_22' title="bbox 481 2156 2062 2243; baseline -0.004 -15"><span class='ocrx_word' id='word_1_147' title='bbox 481 2181 671 2228; x_wconf 87' lang='lat' dir='ltr'><strong>rentur</strong></span> <span class='ocrx_word' id='word_1_148' title='bbox 700 2174 876 2229; x_wconf 81' lang='lat' dir='ltr'><strong>tibi&quot;.</strong></span> <span class='ocrx_word' id='word_1_149' title='bbox 912 2194 928 2221; x_wconf 76' lang='grc' dir='ltr'><strong>ι</strong></span> <span class='ocrx_word' id='word_1_150' title='bbox 976 2172 1071 2228; x_wconf 89' lang='lat' dir='ltr'><strong>Sin</strong></span> <span class='ocrx_word' id='word_1_151' title='bbox 1096 2189 1159 2229; x_wconf 83' lang='lat' dir='ltr'><strong>ex</strong></span> <span class='ocrx_word' id='word_1_152' title='bbox 1193 2172 1410 2243; x_wconf 87' lang='lat' dir='ltr'><strong>Jnsephi</strong></span> <span class='ocrx_word' id='word_1_153' title='bbox 1443 2173 1701 2226; x_wconf 80' lang='lat' dir='ltr'><strong>duntaxat</strong></span> <span class='ocrx_word' id='word_1_154' title='bbox 1728 2156 2062 2241; x_wconf 29' lang='lat' dir='ltr'><strong>genea‘logia,</strong></span> 
     </span>
    </p>
   </div>
   <div class='ocr_carea' id='block_1_22' title="bbox 485 2267 1568 2322">
    <p class='ocr_par' dir='ltr' id='par_1_22' title="bbox 485 2267 1568 2322">
     <span class='ocr_line' id='line_1_23' title="bbox 485 2267 1568 2322; baseline 0.001 -2"><span class='ocrx_word' id='word_1_155' title='bbox 485 2276 596 2321; x_wconf 89' lang='lat' dir='ltr'><strong>tum</strong></span> <span class='ocrx_word' id='word_1_156' title='bbox 638 2267 834 2321; x_wconf 85' lang='lat' dir='ltr'><strong>Davide</strong></span> <span class='ocrx_word' id='word_1_157' title='bbox 862 2276 1039 2321; x_wconf 88' lang='lat' dir='ltr'><strong>ortum</strong></span> <span class='ocrx_word' id='word_1_158' title='bbox 1073 2282 1178 2322; x_wconf 84' lang='lat' dir='ltr'><strong>non</strong></span> <span class='ocrx_word' id='word_1_159' title='bbox 1208 2267 1568 2322; x_wconf 82' lang='lat' dir='ltr'><strong>admittimus.</strong></span> 
     </span>
    </p>
   </div>
   <div class='ocr_carea' id='block_1_23' title="bbox 559 2356 2068 2428">
    <p class='ocr_par' dir='ltr' id='par_1_23' title="bbox 559 2356 2068 2428">
     <span class='ocr_line' id='line_1_24' title="bbox 559 2356 2068 2428; baseline -0.001 -16"><span class='ocrx_word' id='word_1_160' title='bbox 559 2356 783 2415; x_wconf 82' lang='lat' dir='ltr'><strong>Cunts&#39;r.</strong></span> <span class='ocrx_word' id='word_1_161' title='bbox 819 2358 981 2412; x_wconf 85' lang='lat' dir='ltr'><strong>Aiunt</strong></span> <span class='ocrx_word' id='word_1_162' title='bbox 1020 2361 1316 2428; x_wconf 82' lang='lat' dir='ltr'><strong>sapientes,</strong></span> <span class='ocrx_word' id='word_1_163' title='bbox 1359 2378 1377 2411; x_wconf 75' lang='grc' dir='ltr'><strong>ι</strong></span> <span class='ocrx_word' id='word_1_164' title='bbox 1416 2358 1718 2427; x_wconf 84' lang='lat' dir='ltr'><strong>simplicem</strong></span> <span class='ocrx_word' id='word_1_165' title='bbox 1765 2372 1887 2412; x_wconf 85' lang='lat' dir='ltr'><strong>esse</strong></span> <span class='ocrx_word' id='word_1_166' title='bbox 1924 2356 2068 2411; x_wconf 88' lang='lat' dir='ltr'><strong>veri-</strong></span> 
     </span>
    </p>
   </div>
   <div class='ocr_carea' id='block_1_24' title="bbox 491 2451 2067 2521">
    <p class='ocr_par' dir='ltr' id='par_1_24' title="bbox 491 2451 2067 2521">
     <span class='ocr_line' id='line_1_25' title="bbox 491 2451 2067 2521; baseline 0.001 -19"><span class='ocrx_word' id='word_1_167' title='bbox 491 2451 617 2504; x_wconf 83' lang='lat' dir='ltr'><strong>tatis</strong></span> <span class='ocrx_word' id='word_1_168' title='bbox 633 2451 957 2506; x_wconf 85' lang='lat' dir='ltr'><strong>orationem.</strong></span> <span class='ocrx_word' id='word_1_169' title='bbox 988 2470 1003 2503; x_wconf 80' lang='lat' dir='ltr'><strong>r</strong></span> <span class='ocrx_word' id='word_1_170' title='bbox 1042 2451 1226 2521; x_wconf 84' lang='lat' dir='ltr'><strong>Itaque</strong></span> <span class='ocrx_word' id='word_1_171' title='bbox 1250 2453 1291 2507; x_wconf 89' lang='lat' dir='ltr'><strong>si</strong></span> <span class='ocrx_word' id='word_1_172' title='bbox 1321 2452 1491 2506; x_wconf 66' lang='lat' dir='ltr'><strong>arctis</strong></span> <span class='ocrx_word' id='word_1_173' title='bbox 1510 2466 1605 2506; x_wconf 82' lang='lat' dir='ltr'><strong>vos</strong></span> <span class='ocrx_word' id='word_1_174' title='bbox 1628 2468 1838 2521; x_wconf 83' lang='lat' dir='ltr'><strong>quoque</strong></span> <span class='ocrx_word' id='word_1_175' title='bbox 1860 2459 2067 2505; x_wconf 80' lang='lat' dir='ltr'><strong>certum</strong></span> 
     </span>
    </p>
   </div>
   <div class='ocr_carea' id='block_1_25' title="bbox 490 2542 2070 2614">
    <p class='ocr_par' dir='ltr' id='par_1_25' title="bbox 490 2542 2070 2614">
     <span class='ocr_line' id='line_1_26' title="bbox 490 2542 2070 2614; baseline -0.002 -17"><span class='ocrx_word' id='word_1_176' title='bbox 490 2556 852 2613; x_wconf 86' lang='lat' dir='ltr'><strong>cognoscere,</strong></span> <span class='ocrx_word' id='word_1_177' title='bbox 908 2545 1209 2614; x_wconf 82' lang='lat' dir='ltr'><strong>simplicem</strong></span> <span class='ocrx_word' id='word_1_178' title='bbox 1263 2546 1550 2599; x_wconf 80' lang='lat' dir='ltr'><strong>veritatem</strong></span> <span class='ocrx_word' id='word_1_179' title='bbox 1597 2545 1886 2599; x_wconf 81' lang='lat' dir='ltr'><strong>admittite.</strong></span> <span class='ocrx_word' id='word_1_180' title='bbox 1938 2542 2070 2599; x_wconf 78' lang='lat' dir='ltr'><strong>Nam</strong></span> 
     </span>
    </p>
   </div>
   <div class='ocr_carea' id='block_1_26' title="bbox 492 2636 2070 2706">
    <p class='ocr_par' dir='ltr' id='par_1_26' title="bbox 492 2636 2070 2706">
     <span class='ocr_line' id='line_1_27' title="bbox 492 2636 2070 2706; baseline 0.002 -19"><span class='ocrx_word' id='word_1_181' title='bbox 492 2636 841 2705; x_wconf 84' lang='lat' dir='ltr'><strong>vitilitigatori</strong></span> <span class='ocrx_word' id='word_1_182' title='bbox 867 2637 1104 2692; x_wconf 87' lang='lat' dir='ltr'><strong>studium</strong></span> <span class='ocrx_word' id='word_1_183' title='bbox 1134 2647 1217 2693; x_wconf 89' lang='lat' dir='ltr'><strong>est</strong></span> <span class='ocrx_word' id='word_1_184' title='bbox 1240 2654 1334 2706; x_wconf 90' lang='lat' dir='ltr'><strong>per</strong></span> <span class='ocrx_word' id='word_1_185' title='bbox 1357 2653 1570 2692; x_wconf 87' lang='lat' dir='ltr'><strong>omnem</strong></span> <span class='ocrx_word' id='word_1_186' title='bbox 1595 2639 1762 2691; x_wconf 81' lang='lat' dir='ltr'><strong>vitam</strong></span> <span class='ocrx_word' id='word_1_187' title='bbox 1784 2637 2070 2697; x_wconf 82' lang='lat' dir='ltr'><strong>dissidere,</strong></span> 
     </span>
    </p>
   </div>
   <div class='ocr_carea' id='block_1_27' title="bbox 493 2728 2069 2798">
    <p class='ocr_par' dir='ltr' id='par_1_27' title="bbox 493 2728 2069 2798">
     <span class='ocr_line' id='line_1_28' title="bbox 493 2728 2069 2798; baseline -0.001 -14"><span class='ocrx_word' id='word_1_188' title='bbox 493 2728 809 2784; x_wconf 82' lang='lat' dir='ltr'><strong>inimicitias</strong></span> <span class='ocrx_word' id='word_1_189' title='bbox 862 2730 1132 2798; x_wconf 86' lang='lat' dir='ltr'><strong>amplecti.</strong></span> <span class='ocrx_word' id='word_1_190' title='bbox 1169 2731 1240 2783; x_wconf 84' lang='lat' dir='ltr'><strong>At</strong></span> <span class='ocrx_word' id='word_1_191' title='bbox 1293 2730 1401 2786; x_wconf 86' lang='lat' dir='ltr'><strong>veri</strong></span> <span class='ocrx_word' id='word_1_192' title='bbox 1450 2732 1766 2796; x_wconf 74' lang='lat' dir='ltr'><strong>studiosus,</strong></span> <span class='ocrx_word' id='word_1_193' title='bbox 1812 2737 2069 2797; x_wconf 84' lang='lat' dir='ltr'><strong>tanquam</strong></span> 
     </span>
    </p>
   </div>
   <div class='ocr_carea' id='block_1_28' title="bbox 494 2820 2072 2890">
    <p class='ocr_par' dir='ltr' id='par_1_28' title="bbox 494 2820 2072 2890">
     <span class='ocr_line' id='line_1_29' title="bbox 494 2820 2072 2890; baseline 0 -17"><span class='ocrx_word' id='word_1_194' title='bbox 494 2820 726 2886; x_wconf 79' lang='lat' dir='ltr'><strong>lancem,</strong></span> <span class='ocrx_word' id='word_1_195' title='bbox 756 2821 1142 2875; x_wconf 82' lang='lat' dir='ltr'><strong>conscientiam</strong></span> <span class='ocrx_word' id='word_1_196' title='bbox 1173 2837 1325 2876; x_wconf 86' lang='lat' dir='ltr'><strong>suam</strong></span> <span class='ocrx_word' id='word_1_197' title='bbox 1357 2823 1424 2877; x_wconf 83' lang='lat' dir='ltr'><strong>iis</strong></span> <span class='ocrx_word' id='word_1_198' title='bbox 1454 2838 1570 2890; x_wconf 76' lang='lat' dir='ltr'><strong>qua:</strong></span> <span class='ocrx_word' id='word_1_199' title='bbox 1604 2823 1879 2881; x_wconf 84' lang='lat' dir='ltr'><strong>dicuntur,</strong></span> <span class='ocrx_word' id='word_1_200' title='bbox 1914 2821 2072 2874; x_wconf 85' lang='lat' dir='ltr'><strong>adbi—</strong></span> 
     </span>
    </p>
   </div>
   <div class='ocr_carea' id='block_1_29' title="bbox 492 2909 2070 2989">
    <p class='ocr_par' dir='ltr' id='par_1_29' title="bbox 492 2909 2070 2989">
     <span class='ocr_line' id='line_1_30' title="bbox 492 2909 2070 2989; baseline 0.004 -24"><span class='ocrx_word' id='word_1_201' title='bbox 492 2909 629 2967; x_wconf 84' lang='lat' dir='ltr'><strong>hens</strong></span> <span class='ocrx_word' id='word_1_202' title='bbox 644 2927 845 2982; x_wconf 67' lang='lat' dir='ltr'><strong>mquam</strong></span> <span class='ocrx_word' id='word_1_203' title='bbox 873 2910 1004 2989; x_wconf 70' lang='lat'><strong>(32),</strong></span> <span class='ocrx_word' id='word_1_204' title='bbox 1025 2929 1128 2968; x_wconf 88' lang='lat' dir='ltr'><strong>non</strong></span> <span class='ocrx_word' id='word_1_205' title='bbox 1146 2916 1323 2968; x_wconf 86' lang='lat' dir='ltr'><strong>omnia</strong></span> <span class='ocrx_word' id='word_1_206' title='bbox 1344 2914 1584 2983; x_wconf 83' lang='lat' dir='ltr'><strong>improbe</strong></span> <span class='ocrx_word' id='word_1_207' title='bbox 1607 2916 1764 2984; x_wconf 80' lang='lat' dir='ltr'><strong>gestit</strong></span> <span class='ocrx_word' id='word_1_208' title='bbox 1791 2915 2070 2979; x_wconf 65' lang='lat' dir='ltr'><strong>vincere“,</strong></span> 
     </span>
    </p>
   </div>
   <div class='ocr_carea' id='block_1_30' title="bbox 497 2996 2073 3081">
    <p class='ocr_par' dir='ltr' id='par_1_30' title="bbox 497 2996 2073 3081">
     <span class='ocr_line' id='line_1_31' title="bbox 497 2996 2073 3081; baseline 0.001 -24"><span class='ocrx_word' id='word_1_209' title='bbox 497 3004 594 3058; x_wconf 88' lang='lat' dir='ltr'><strong>sed</strong></span> <span class='ocrx_word' id='word_1_210' title='bbox 621 3014 702 3058; x_wconf 84' lang='lat' dir='ltr'><strong>est</strong></span> <span class='ocrx_word' id='word_1_211' title='bbox 734 2996 822 3060; x_wconf 84' lang='lat' dir='ltr'><strong>ubi</strong></span> <span class='ocrx_word' id='word_1_212' title='bbox 852 3006 1073 3062; x_wconf 87' lang='lat' dir='ltr'><strong>etvinci</strong></span> <span class='ocrx_word' id='word_1_213' title='bbox 1106 3006 1267 3061; x_wconf 77' lang='lat' dir='ltr'><strong>facile</strong></span> <span class='ocrx_word' id='word_1_214' title='bbox 1300 3009 1560 3081; x_wconf 84' lang='lat' dir='ltr'><strong>patiatur.</strong></span> <span class='ocrx_word' id='word_1_215' title='bbox 1597 3006 1764 3077; x_wconf 83' lang='lat' dir='ltr'><strong>Igitur</strong></span> <span class='ocrx_word' id='word_1_216' title='bbox 1793 3015 1911 3061; x_wconf 85' lang='lat' dir='ltr'><strong>erat</strong></span> <span class='ocrx_word' id='word_1_217' title='bbox 1935 3007 2073 3075; x_wconf 88' lang='lat' dir='ltr'><strong>apud</strong></span> 
     </span>
    </p>
   </div>
   <div class='ocr_carea' id='block_1_31' title="bbox 498 3088 2073 3166">
    <p class='ocr_par' dir='ltr' id='par_1_31' title="bbox 498 3088 2073 3166">
     <span class='ocr_line' id='line_1_32' title="bbox 498 3088 2073 3166; baseline 0.003 -19"><span class='ocrx_word' id='word_1_218' title='bbox 498 3088 613 3160; x_wconf 85' lang='lat' dir='ltr'><strong>vos,</strong></span> <span class='ocrx_word' id='word_1_219' title='bbox 648 3094 790 3163; x_wconf 88' lang='lat' dir='ltr'><strong>quod</strong></span> <span class='ocrx_word' id='word_1_220' title='bbox 818 3096 1103 3165; x_wconf 78' lang='lat' dir='ltr'><strong>perspicue</strong></span> <span class='ocrx_word' id='word_1_221' title='bbox 1132 3097 1305 3159; x_wconf 85' lang='lat' dir='ltr'><strong>scitis,</strong></span> <span class='ocrx_word' id='word_1_222' title='bbox 1330 3096 1436 3163; x_wconf 85' lang='lat' dir='ltr'><strong>lex,</strong></span> <span class='ocrx_word' id='word_1_223' title='bbox 1467 3112 1576 3152; x_wconf 84' lang='lat' dir='ltr'><strong>suae</strong></span> <span class='ocrx_word' id='word_1_224' title='bbox 1609 3113 1874 3166; x_wconf 87' lang='lat' dir='ltr'><strong>quemque</strong></span> <span class='ocrx_word' id='word_1_225' title='bbox 1903 3097 2073 3154; x_wconf 83' lang='lat' dir='ltr'><strong>tribus</strong></span> 
     </span>
    </p>
   </div>
   <div class='ocr_carea' id='block_1_32' title="bbox 500 3174 2141 3260">
    <p class='ocr_par' dir='ltr' id='par_1_32' title="bbox 500 3174 2141 3260">
     <span class='ocr_line' id='line_1_33' title="bbox 500 3174 2141 3260; baseline 0.002 -21"><span class='ocrx_word' id='word_1_226' title='bbox 500 3194 661 3254; x_wconf 82' lang='lat' dir='ltr'><strong>atque</strong></span> <span class='ocrx_word' id='word_1_227' title='bbox 694 3187 907 3257; x_wconf 78' lang='lat' dir='ltr'><strong>generis</strong></span> <span class='ocrx_word' id='word_1_228' title='bbox 950 3202 1201 3257; x_wconf 81' lang='lat' dir='ltr'><strong>sponsam</strong></span> <span class='ocrx_word' id='word_1_229' title='bbox 1251 3204 1479 3258; x_wconf 82' lang='lat' dir='ltr'><strong>capere,</strong></span> <span class='ocrx_word' id='word_1_230' title='bbox 1515 3205 1617 3260; x_wconf 85' lang='lat' dir='ltr'><strong>qua</strong></span> <span class='ocrx_word' id='word_1_231' title='bbox 1654 3205 1709 3244; x_wconf 90' lang='lat' dir='ltr'><strong>rc</strong></span> <span class='ocrx_word' id='word_1_232' title='bbox 1740 3204 1801 3242; x_wconf 77' lang='lat' dir='ltr'><strong>ex</strong></span> <span class='ocrx_word' id='word_1_233' title='bbox 1839 3188 2073 3243; x_wconf 86' lang='lat' dir='ltr'><strong>archivis</strong></span> <span class='ocrx_word' id='word_1_234' title='bbox 2101 3174 2141 3231; x_wconf 71' lang='grc' dir='ltr'>ο</span> 
     </span>
    </p>
   </div>
   <div class='ocr_carea' id='block_1_33' title="bbox 497 3277 2075 3352">
    <p class='ocr_par' dir='ltr' id='par_1_33' title="bbox 497 3277 2075 3352">
     <span class='ocr_line' id='line_1_34' title="bbox 497 3277 2075 3352; baseline 0.004 -24"><span class='ocrx_word' id='word_1_235' title='bbox 497 3277 694 3332; x_wconf 81' lang='lat' dir='ltr'><strong>vestris</strong></span> <span class='ocrx_word' id='word_1_236' title='bbox 746 3293 915 3348; x_wconf 87' lang='lat' dir='ltr'><strong>usque</strong></span> <span class='ocrx_word' id='word_1_237' title='bbox 962 3282 1027 3334; x_wconf 87' lang='lat' dir='ltr'><strong>ad</strong></span> <span class='ocrx_word' id='word_1_238' title='bbox 1063 3291 1383 3350; x_wconf 71' lang='lat' dir='ltr'><strong>przcsentem</strong></span> <span class='ocrx_word' id='word_1_239' title='bbox 1434 3282 1708 3338; x_wconf 78' lang='lat' dir='ltr'><strong>Christum</strong></span> <span class='ocrx_word' id='word_1_240' title='bbox 1763 3282 2075 3352; x_wconf 80' lang='lat' dir='ltr'><strong>genealogia</strong></span> 
     </span>
    </p>
   </div>
   <div class='ocr_carea' id='block_1_34' title="bbox 502 3364 2073 3446">
    <p class='ocr_par' dir='ltr' id='par_1_34' title="bbox 502 3364 2073 3446">
     <span class='ocr_line' id='line_1_35' title="bbox 502 3364 2073 3446; baseline 0.002 -21"><span class='ocrx_word' id='word_1_241' title='bbox 502 3374 831 3441; x_wconf 79' lang='lat' dir='ltr'><strong>suppeditat.</strong></span> <span class='ocrx_word' id='word_1_242' title='bbox 860 3373 992 3429; x_wconf 84' lang='lat' dir='ltr'><strong>Nam</strong></span> <span class='ocrx_word' id='word_1_243' title='bbox 1031 3374 1085 3429; x_wconf 89' lang='lat' dir='ltr'><strong>ni</strong></span> <span class='ocrx_word' id='word_1_244' title='bbox 1110 3375 1164 3430; x_wconf 84' lang='lat' dir='ltr'><strong>id</strong></span> <span class='ocrx_word' id='word_1_245' title='bbox 1194 3364 1284 3439; x_wconf 85' lang='lat' dir='ltr'><strong>sit,</strong></span> <span class='ocrx_word' id='word_1_246' title='bbox 1316 3377 1407 3444; x_wconf 77' lang='lat' dir='ltr'><strong>qui</strong></span> <span class='ocrx_word' id='word_1_247' title='bbox 1436 3384 1683 3445; x_wconf 87' lang='lat' dir='ltr'><strong>poterant</strong></span> <span class='ocrx_word' id='word_1_248' title='bbox 1705 3376 2073 3446; x_wconf 49' lang='lat' dir='ltr'><strong>evangelista,</strong></span> 
     </span>
    </p>
   </div>
   <div class='ocr_carea' id='block_1_35' title="bbox 500 3465 2076 3538">
    <p class='ocr_par' dir='ltr' id='par_1_35' title="bbox 500 3465 2076 3538">
     <span class='ocr_line' id='line_1_36' title="bbox 500 3465 2076 3538; baseline -0.001 -18"><span class='ocrx_word' id='word_1_249' title='bbox 500 3465 796 3521; x_wconf 77' lang='lat' dir='ltr'><strong>Matthzeus</strong></span> <span class='ocrx_word' id='word_1_250' title='bbox 824 3467 1036 3536; x_wconf 83' lang='lat' dir='ltr'><strong>quidem</strong></span> <span class='ocrx_word' id='word_1_251' title='bbox 1065 3468 1132 3521; x_wconf 86' lang='lat' dir='ltr'><strong>ab</strong></span> <span class='ocrx_word' id='word_1_252' title='bbox 1152 3469 1464 3523; x_wconf 74' lang='lat' dir='ltr'><strong>Abrahamo</strong></span> <span class='ocrx_word' id='word_1_253' title='bbox 1490 3484 1583 3538; x_wconf 86' lang='lat' dir='ltr'><strong>per</strong></span> <span class='ocrx_word' id='word_1_254' title='bbox 1602 3468 2076 3537; x_wconf 78' lang='lat' dir='ltr'><strong>quadragesimum</strong></span> 
     </span>
    </p>
   </div>
   <div class='ocr_carea' id='block_1_36' title="bbox 504 3552 2080 3627">
    <p class='ocr_par' dir='ltr' id='par_1_36' title="bbox 504 3552 2080 3627">
     <span class='ocr_line' id='line_1_37' title="bbox 504 3552 2080 3627; baseline 0 -17"><span class='ocrx_word' id='word_1_255' title='bbox 504 3557 733 3613; x_wconf 82' lang='lat' dir='ltr'><strong>alterunt</strong></span> <span class='ocrx_word' id='word_1_256' title='bbox 789 3572 980 3627; x_wconf 87' lang='lat' dir='ltr'><strong>genus,</strong></span> <span class='ocrx_word' id='word_1_257' title='bbox 1038 3557 1104 3612; x_wconf 84' lang='lat' dir='ltr'><strong>ad</strong></span> <span class='ocrx_word' id='word_1_258' title='bbox 1163 3560 1435 3615; x_wconf 78' lang='lat' dir='ltr'><strong>Christum</strong></span> <span class='ocrx_word' id='word_1_259' title='bbox 1504 3559 1758 3614; x_wconf 88' lang='lat' dir='ltr'><strong>devenire</strong></span> <span class='ocrx_word' id='word_1_260' title='bbox 1783 3559 1863 3619; x_wconf 66' lang='lat'><strong>&#39;3;</strong></span> <span class='ocrx_word' id='word_1_261' title='bbox 1903 3552 2080 3612; x_wconf 87' lang='lat' dir='ltr'><strong>Lucas</strong></span> 
     </span>
    </p>
   </div>
   <div class='ocr_carea' id='block_1_37' title="bbox 506 3638 2079 3721">
    <p class='ocr_par' dir='ltr' id='par_1_37' title="bbox 506 3638 2079 3721">
     <span class='ocr_line' id='line_1_38' title="bbox 506 3638 2079 3721; baseline -0.003 -15"><span class='ocrx_word' id='word_1_262' title='bbox 506 3664 686 3707; x_wconf 89' lang='lat' dir='ltr'><strong>autem</strong></span> <span class='ocrx_word' id='word_1_263' title='bbox 719 3667 749 3707; x_wconf 88' lang='lat' dir='ltr'><strong>a</strong></span> <span class='ocrx_word' id='word_1_264' title='bbox 779 3649 1016 3718; x_wconf 84' lang='lat' dir='ltr'><strong>Christo,</strong></span> <span class='ocrx_word' id='word_1_265' title='bbox 1054 3652 1144 3721; x_wconf 88' lang='lat' dir='ltr'><strong>qui</strong></span> <span class='ocrx_word' id='word_1_266' title='bbox 1181 3652 1319 3706; x_wconf 80' lang='lat' dir='ltr'><strong>alter</strong></span> <span class='ocrx_word' id='word_1_267' title='bbox 1348 3660 1430 3706; x_wconf 89' lang='lat' dir='ltr'><strong>est</strong></span> <span class='ocrx_word' id='word_1_268' title='bbox 1460 3638 1720 3718; x_wconf 73' lang='lat' dir='ltr'><strong>Adarnus,</strong></span> <span class='ocrx_word' id='word_1_269' title='bbox 1745 3652 1810 3705; x_wconf 90' lang='lat' dir='ltr'><strong>ad</strong></span> <span class='ocrx_word' id='word_1_270' title='bbox 1848 3648 2079 3720; x_wconf 89' lang='lat' dir='ltr'><strong>primum</strong></span> 
     </span>
    </p>
   </div>
   <div class='ocr_carea' id='block_1_38' title="bbox 508 3745 2084 3816">
    <p class='ocr_par' dir='ltr' id='par_1_38' title="bbox 508 3745 2084 3816">
     <span class='ocr_line' id='line_1_39' title="bbox 508 3745 2084 3816; baseline -0.002 -15"><span class='ocrx_word' id='word_1_271' title='bbox 508 3747 765 3812; x_wconf 85' lang='lat' dir='ltr'><strong>cvadens,</strong></span> <span class='ocrx_word' id='word_1_272' title='bbox 798 3748 1084 3814; x_wconf 85' lang='lat' dir='ltr'><strong>septimum</strong></span> <span class='ocrx_word' id='word_1_273' title='bbox 1133 3754 1186 3801; x_wconf 88' lang='lat' dir='ltr'><strong>et</strong></span> <span class='ocrx_word' id='word_1_274' title='bbox 1230 3747 1692 3816; x_wconf 79' lang='lat' dir='ltr'><strong>septuagesimum</strong></span> <span class='ocrx_word' id='word_1_275' title='bbox 1727 3745 1845 3800; x_wconf 82' lang='lat' dir='ltr'><strong>sine</strong></span> <span class='ocrx_word' id='word_1_276' title='bbox 1896 3745 2084 3798; x_wconf 82' lang='lat' dir='ltr'><strong>fraude</strong></span> 
     </span>
    </p>
   </div>
   <div class='ocr_carea' id='block_1_39' title="bbox 514 3838 2082 3911">
    <p class='ocr_par' dir='ltr' id='par_1_39' title="bbox 514 3838 2082 3911">
     <span class='ocr_line' id='line_1_40' title="bbox 514 3838 2082 3911; baseline -0.003 -16"><span class='ocrx_word' id='word_1_277' title='bbox 514 3842 738 3911; x_wconf 77' lang='lat' dir='ltr'><strong>exsequi</strong></span> <span class='ocrx_word' id='word_1_278' title='bbox 775 3838 865 3894; x_wconf 67' lang='lat'><strong>9&#39;?</strong></span> <span class='ocrx_word' id='word_1_279' title='bbox 897 3839 1076 3907; x_wconf 86' lang='lat' dir='ltr'><strong>Quare</strong></span> <span class='ocrx_word' id='word_1_280' title='bbox 1127 3850 1183 3895; x_wconf 88' lang='lat' dir='ltr'><strong>et</strong></span> <span class='ocrx_word' id='word_1_281' title='bbox 1217 3839 1532 3909; x_wconf 87' lang='lat' dir='ltr'><strong>Josephum,</strong></span> <span class='ocrx_word' id='word_1_282' title='bbox 1586 3838 1855 3893; x_wconf 72' lang='lat' dir='ltr'><strong>Davidicze</strong></span> <span class='ocrx_word' id='word_1_283' title='bbox 1896 3838 2082 3899; x_wconf 86' lang='lat' dir='ltr'><strong>tribus,</strong></span> 
     </span>
    </p>
   </div>
   <div class='ocr_carea' id='block_1_40' title="bbox 511 3930 2084 4002">
    <p class='ocr_par' dir='ltr' id='par_1_40' title="bbox 511 3930 2084 4002">
     <span class='ocr_line' id='line_1_41' title="bbox 511 3930 2084 4002; baseline -0.001 -16"><span class='ocrx_word' id='word_1_284' title='bbox 511 3932 655 4001; x_wconf 89' lang='lat' dir='ltr'><strong>quod</strong></span> <span class='ocrx_word' id='word_1_285' title='bbox 682 3931 783 4001; x_wconf 83' lang='lat' dir='ltr'><strong>ipsi</strong></span> <span class='ocrx_word' id='word_1_286' title='bbox 812 3930 1110 3999; x_wconf 79' lang='lat' dir='ltr'><strong>testemini,</strong></span> <span class='ocrx_word' id='word_1_287' title='bbox 1131 3934 1213 3987; x_wconf 90' lang='lat' dir='ltr'><strong>sui</strong></span> <span class='ocrx_word' id='word_1_288' title='bbox 1239 3932 1455 4002; x_wconf 81' lang='lat' dir='ltr'><strong>generis</strong></span> <span class='ocrx_word' id='word_1_289' title='bbox 1485 3940 1648 4000; x_wconf 87' lang='lat' dir='ltr'><strong>atque</strong></span> <span class='ocrx_word' id='word_1_290' title='bbox 1673 3931 1843 3986; x_wconf 87' lang='lat' dir='ltr'><strong>tribus</strong></span> <span class='ocrx_word' id='word_1_291' title='bbox 1864 3945 2084 3989; x_wconf 86' lang='lat' dir='ltr'><strong>uxorem</strong></span> 
     </span>
    </p>
   </div>
   <div class='ocr_carea' id='block_1_41' title="bbox 513 4020 2091 4094">
    <p class='ocr_par' dir='ltr' id='par_1_41' title="bbox 513 4020 2091 4094">
     <span class='ocr_line' id='line_1_42' title="bbox 513 4020 2091 4094; baseline -0.002 -17"><span class='ocrx_word' id='word_1_292' title='bbox 513 4023 747 4093; x_wconf 83' lang='lat' dir='ltr'><strong>cepisse,</strong></span> <span class='ocrx_word' id='word_1_293' title='bbox 781 4032 865 4078; x_wconf 89' lang='lat' dir='ltr'><strong>est</strong></span> <span class='ocrx_word' id='word_1_294' title='bbox 913 4040 1153 4081; x_wconf 86' lang='lat' dir='ltr'><strong>necesse.</strong></span> <span class='ocrx_word' id='word_1_295' title='bbox 1188 4023 1293 4080; x_wconf 85' lang='lat' dir='ltr'><strong>Sed</strong></span> <span class='ocrx_word' id='word_1_296' title='bbox 1322 4023 1535 4094; x_wconf 82' lang='lat' dir='ltr'><strong>ecquid,</strong></span> <span class='ocrx_word' id='word_1_297' title='bbox 1563 4024 1606 4079; x_wconf 89' lang='lat' dir='ltr'><strong>si</strong></span> <span class='ocrx_word' id='word_1_298' title='bbox 1652 4023 1880 4077; x_wconf 84' lang='lat' dir='ltr'><strong>fortasse</strong></span> <span class='ocrx_word' id='word_1_299' title='bbox 1908 4020 2091 4090; x_wconf 77' lang='lat' dir='ltr'><strong>Virgi-</strong></span> 
     </span>
    </p>
   </div>
   <div class='ocr_carea' id='block_1_42' title="bbox 514 4117 2089 4186">
    <p class='ocr_par' dir='ltr' id='par_1_42' title="bbox 514 4117 2089 4186">
     <span class='ocr_line' id='line_1_43' title="bbox 514 4117 2089 4186; baseline 0 -15"><span class='ocrx_word' id='word_1_300' title='bbox 514 4117 599 4173; x_wconf 87' lang='lat' dir='ltr'><strong>nis</strong></span> <span class='ocrx_word' id='word_1_301' title='bbox 628 4132 800 4186; x_wconf 86' lang='lat' dir='ltr'><strong>genus</strong></span> <span class='ocrx_word' id='word_1_302' title='bbox 832 4119 1010 4173; x_wconf 86' lang='lat' dir='ltr'><strong>minus</strong></span> <span class='ocrx_word' id='word_1_303' title='bbox 1044 4126 1297 4173; x_wconf 79' lang='lat' dir='ltr'><strong>accurate</strong></span> <span class='ocrx_word' id='word_1_304' title='bbox 1340 4117 1563 4172; x_wconf 84' lang='lat' dir='ltr'><strong>habeam</strong></span> <span class='ocrx_word' id='word_1_305' title='bbox 1598 4117 1897 4186; x_wconf 80' lang='lat' dir='ltr'><strong>cngnitum,</strong></span> <span class='ocrx_word' id='word_1_306' title='bbox 1928 4132 1992 4171; x_wconf 86' lang='lat' dir='ltr'><strong>ex</strong></span> <span class='ocrx_word' id='word_1_307' title='bbox 2023 4133 2089 4171; x_wconf 84' lang='lat' dir='ltr'><strong>eo</strong></span> 
     </span>
    </p>
   </div>
   <div class='ocr_carea' id='block_1_43' title="bbox 516 4209 2090 4278">
    <p class='ocr_par' dir='ltr' id='par_1_43' title="bbox 516 4209 2090 4278">
     <span class='ocr_line' id='line_1_44' title="bbox 516 4209 2090 4278; baseline 0 -16"><span class='ocrx_word' id='word_1_308' title='bbox 516 4210 803 4265; x_wconf 83' lang='lat' dir='ltr'><strong>veritatem</strong></span> <span class='ocrx_word' id='word_1_309' title='bbox 840 4209 1195 4273; x_wconf 84' lang='lat' dir='ltr'><strong>cavillemini,</strong></span> <span class='ocrx_word' id='word_1_310' title='bbox 1224 4221 1523 4278; x_wconf 84' lang='lat' dir='ltr'><strong>contraque</strong></span> <span class='ocrx_word' id='word_1_311' title='bbox 1556 4209 1836 4277; x_wconf 87' lang='lat' dir='ltr'><strong>Deiparam</strong></span> <span class='ocrx_word' id='word_1_312' title='bbox 1868 4217 2090 4262; x_wconf 88' lang='lat' dir='ltr'><strong>senten-</strong></span> 
     </span>
    </p>
   </div>
   <div class='ocr_carea' id='block_1_44' title="bbox 517 4301 2090 4372">
    <p class='ocr_par' dir='ltr' id='par_1_44' title="bbox 517 4301 2090 4372">
     <span class='ocr_line' id='line_1_45' title="bbox 517 4301 2090 4372; baseline -0.001 -17"><span class='ocrx_word' id='word_1_313' title='bbox 517 4302 648 4357; x_wconf 87' lang='lat' dir='ltr'><strong>tiam</strong></span> <span class='ocrx_word' id='word_1_314' title='bbox 699 4301 940 4357; x_wconf 87' lang='lat' dir='ltr'><strong>dicatis?</strong></span> <span class='ocrx_word' id='word_1_315' title='bbox 969 4301 1258 4357; x_wconf 82' lang='lat' dir='ltr'><strong>Enimvero</strong></span> <span class='ocrx_word' id='word_1_316' title='bbox 1294 4311 1353 4354; x_wconf 91' lang='lat' dir='ltr'><strong>ut</strong></span> <span class='ocrx_word' id='word_1_317' title='bbox 1388 4312 1728 4372; x_wconf 87' lang='lat' dir='ltr'><strong>perspectum</strong></span> <span class='ocrx_word' id='word_1_318' title='bbox 1774 4316 1879 4354; x_wconf 87' lang='lat' dir='ltr'><strong>non</strong></span> <span class='ocrx_word' id='word_1_319' title='bbox 1924 4301 2090 4355; x_wconf 71' lang='lat' dir='ltr'><strong>habe-</strong></span> 
     </span>
    </p>
   </div>
   <div class='ocr_carea' id='block_1_45' title="bbox 520 4390 2095 4464">
    <p class='ocr_par' dir='ltr' id='par_1_45' title="bbox 520 4390 2095 4464">
     <span class='ocr_line' id='line_1_46' title="bbox 520 4390 2095 4464; baseline 0.001 -19"><span class='ocrx_word' id='word_1_320' title='bbox 520 4405 656 4459; x_wconf 89' lang='lat' dir='ltr'><strong>rem,</strong></span> <span class='ocrx_word' id='word_1_321' title='bbox 687 4391 907 4446; x_wconf 89' lang='lat' dir='ltr'><strong>omnino</strong></span> <span class='ocrx_word' id='word_1_322' title='bbox 942 4392 1162 4447; x_wconf 84' lang='lat' dir='ltr'><strong>haberet</strong></span> <span class='ocrx_word' id='word_1_323' title='bbox 1188 4432 1206 4464; x_wconf 74' lang='lat'><strong>,</strong></span> <span class='ocrx_word' id='word_1_324' title='bbox 1238 4393 1323 4445; x_wconf 85' lang='lat' dir='ltr'><strong>eui</strong></span> <span class='ocrx_word' id='word_1_325' title='bbox 1356 4400 1551 4451; x_wconf 83' lang='lat' dir='ltr'><strong>cuncta</strong></span> <span class='ocrx_word' id='word_1_326' title='bbox 1598 4393 1769 4457; x_wconf 91' lang='lat' dir='ltr'><strong>novit,</strong></span> <span class='ocrx_word' id='word_1_327' title='bbox 1804 4406 1977 4461; x_wconf 84' lang='lat' dir='ltr'><strong>neque</strong></span> <span class='ocrx_word' id='word_1_328' title='bbox 2026 4390 2095 4447; x_wconf 90' lang='lat' dir='ltr'><strong>ob</strong></span> 
     </span>
    </p>
   </div>
   <div class='ocr_carea' id='block_1_46' title="bbox 1680 334 2486 411">
    <p class='ocr_par' dir='ltr' id='par_1_46' title="bbox 1680 334 2486 411">
     <span class='ocr_line' id='line_1_47' title="bbox 1680 334 2486 411; baseline -0.007 0"><span class='ocrx_word' id='word_1_329' title='bbox 1680 334 2107 411; x_wconf 73' lang='lat' dir='ltr'><strong>ANonoNICI</strong></span> <span class='ocrx_word' id='word_1_330' title='bbox 2138 343 2486 409; x_wconf 73' lang='lat' dir='ltr'><strong>COMNENI</strong></span> 
     </span>
    </p>
   </div>
   <div class='ocr_carea' id='block_1_47' title="bbox 2058 442 3715 528">
    <p class='ocr_par' dir='ltr' id='par_1_47' title="bbox 2058 442 3715 528">
     <span class='ocr_line' id='line_1_48' title="bbox 2058 442 3715 528; baseline -0.007 -14"><span class='ocrx_word' id='word_1_331' title='bbox 2058 458 2472 528; x_wconf 63' lang='lat' dir='ltr'><strong>Acognomine.</strong></span> <span class='ocrx_word' id='word_1_332' title='bbox 2510 455 2558 511; x_wconf 86' lang='lat' dir='ltr'><strong>Is</strong></span> <span class='ocrx_word' id='word_1_333' title='bbox 2595 453 2645 509; x_wconf 86' lang='lat' dir='ltr'><strong>in</strong></span> <span class='ocrx_word' id='word_1_334' title='bbox 2682 442 2961 526; x_wconf 71' lang='lat' dir='ltr'><strong>Virginem</strong></span> <span class='ocrx_word' id='word_1_335' title='bbox 3003 450 3401 514; x_wconf 79' lang='lat' dir='ltr'><strong>debacchatus,</strong></span> <span class='ocrx_word' id='word_1_336' title='bbox 3435 449 3521 504; x_wconf 83' lang='lat' dir='ltr'><strong>sic</strong></span> <span class='ocrx_word' id='word_1_337' title='bbox 3550 448 3715 503; x_wconf 81' lang='lat' dir='ltr'><strong>habe-</strong></span> 
     </span>
    </p>
   </div>
   <div class='ocr_carea' id='block_1_48' title="bbox 3610 334 3714 397">
    <p class='ocr_par' dir='ltr' id='par_1_48' title="bbox 3610 334 3714 397">
     <span class='ocr_line' id='line_1_49' title="bbox 3610 334 3714 397; baseline 0 -1"><span class='ocrx_word' id='word_1_338' title='bbox 3610 334 3714 397; x_wconf 77' lang='lat'><strong>860</strong></span> 
     </span>
    </p>
   </div>
   <div class='ocr_carea' id='block_1_49' title="bbox 2135 537 3715 615">
    <p class='ocr_par' dir='ltr' id='par_1_49' title="bbox 2135 537 3715 615">
     <span class='ocr_line' id='line_1_50' title="bbox 2135 537 3715 615; baseline -0.009 -10"><span class='ocrx_word' id='word_1_339' title='bbox 2135 549 2228 605; x_wconf 84' lang='lat' dir='ltr'><strong>bat</strong></span> <span class='ocrx_word' id='word_1_340' title='bbox 2255 567 2266 602; x_wconf 89' lang='lat'><strong>:</strong></span> <span class='ocrx_word' id='word_1_341' title='bbox 2305 567 2329 600; x_wconf 69' lang='grc' dir='ltr'><strong><em>ο</em></strong></span> <span class='ocrx_word' id='word_1_342' title='bbox 2359 547 2495 615; x_wconf 82' lang='lat' dir='ltr'><strong>Quid</strong></span> <span class='ocrx_word' id='word_1_343' title='bbox 2532 548 2813 615; x_wconf 62' lang='grc' dir='ltr'>ιδιιισορθῆξ</span> <span class='ocrx_word' id='word_1_344' title='bbox 2842 540 3067 599; x_wconf 77' lang='lat' dir='ltr'><strong>Mariam</strong></span> <span class='ocrx_word' id='word_1_345' title='bbox 3095 537 3365 598; x_wconf 82' lang='lat' dir='ltr'><strong>extollunt</strong></span> <span class='ocrx_word' id='word_1_346' title='bbox 3393 539 3715 598; x_wconf 85' lang='lat' dir='ltr'><strong>Christiani,</strong></span> 
     </span>
    </p>
   </div>
   <div class='ocr_carea' id='block_1_50' title="bbox 2135 626 3787 711">
    <p class='ocr_par' dir='ltr' id='par_1_50' title="bbox 2135 626 3787 711">
     <span class='ocr_line' id='line_1_51' title="bbox 2135 626 3787 711; baseline -0.008 -14"><span class='ocrx_word' id='word_1_347' title='bbox 2135 642 2460 698; x_wconf 79' lang='lat' dir='ltr'><strong>Cherubinis</strong></span> <span class='ocrx_word' id='word_1_348' title='bbox 2501 641 2893 711; x_wconf 73' lang='lat' dir='ltr'><strong>augusﬁorem,</strong></span> <span class='ocrx_word' id='word_1_349' title='bbox 2926 626 3242 706; x_wconf 82' lang='lat' dir='ltr'><strong>Seraphinis</strong></span> <span class='ocrx_word' id='word_1_350' title='bbox 3288 635 3403 691; x_wconf 86' lang='lat' dir='ltr'><strong>sine</strong></span> <span class='ocrx_word' id='word_1_351' title='bbox 3432 648 3717 701; x_wconf 80' lang='lat' dir='ltr'><strong>compara-</strong></span> <span class='ocrx_word' id='word_1_352' title='bbox 3786 654 3787 657; x_wconf 53' lang='grc' dir='ltr'><strong>η</strong></span> 
     </span>
    </p>
   </div>
   <div class='ocr_carea' id='block_1_51' title="bbox 2140 724 3719 808">
    <p class='ocr_par' dir='ltr' id='par_1_51' title="bbox 2140 724 3719 808">
     <span class='ocr_line' id='line_1_52' title="bbox 2140 724 3719 808; baseline -0.007 -21"><span class='ocrx_word' id='word_1_353' title='bbox 2140 736 2283 808; x_wconf 77' lang='lat' dir='ltr'><strong>tione</strong></span> <span class='ocrx_word' id='word_1_354' title='bbox 2344 734 2674 803; x_wconf 82' lang='lat' dir='ltr'><strong>digniorem,</strong></span> <span class='ocrx_word' id='word_1_355' title='bbox 2739 732 2894 785; x_wconf 69' lang='lat' dir='ltr'><strong>cmlis</strong></span> <span class='ocrx_word' id='word_1_356' title='bbox 2975 729 3385 792; x_wconf 87' lang='lat' dir='ltr'><strong>sublimiorem,</strong></span> <span class='ocrx_word' id='word_1_357' title='bbox 3443 724 3719 781; x_wconf 81' lang='lat' dir='ltr'><strong>solaribus</strong></span> 
     </span>
    </p>
   </div>
   <div class='ocr_carea' id='block_1_52' title="bbox 2138 819 3725 898">
    <p class='ocr_par' dir='ltr' id='par_1_52' title="bbox 2138 819 3725 898">
     <span class='ocr_line' id='line_1_53' title="bbox 2138 819 3725 898; baseline -0.007 -17"><span class='ocrx_word' id='word_1_358' title='bbox 2138 827 2304 882; x_wconf 84' lang='lat' dir='ltr'><strong>radiis</strong></span> <span class='ocrx_word' id='word_1_359' title='bbox 2335 828 2606 898; x_wconf 87' lang='lat' dir='ltr'><strong>puriorem</strong></span> <span class='ocrx_word' id='word_1_360' title='bbox 2648 822 3025 895; x_wconf 77' lang='lat' dir='ltr'><strong>appellantes?</strong></span> <span class='ocrx_word' id='word_1_361' title='bbox 3054 822 3335 889; x_wconf 84' lang='lat' dir='ltr'><strong>Siquidem</strong></span> <span class='ocrx_word' id='word_1_362' title='bbox 3391 819 3599 873; x_wconf 80' lang='lat' dir='ltr'><strong>femina</strong></span> <span class='ocrx_word' id='word_1_363' title='bbox 3644 826 3725 873; x_wconf 83' lang='lat' dir='ltr'><strong>est.</strong></span> 
     </span>
    </p>
   </div>
   <div class='ocr_carea' id='block_1_53' title="bbox 2140 911 3727 989">
    <p class='ocr_par' dir='ltr' id='par_1_53' title="bbox 2140 911 3727 989">
     <span class='ocr_line' id='line_1_54' title="bbox 2140 911 3727 989; baseline -0.008 -14"><span class='ocrx_word' id='word_1_364' title='bbox 2140 919 2411 975; x_wconf 73' lang='lat' dir='ltr'><strong>Davidicae</strong></span> <span class='ocrx_word' id='word_1_365' title='bbox 2464 920 2671 989; x_wconf 86' lang='lat' dir='ltr'><strong>gentis,</strong></span> <span class='ocrx_word' id='word_1_366' title='bbox 2725 920 2877 970; x_wconf 79' lang='lat' dir='ltr'><strong>Anna</strong></span> <span class='ocrx_word' id='word_1_367' title='bbox 2939 923 3131 977; x_wconf 86' lang='lat' dir='ltr'><strong>matre,</strong></span> <span class='ocrx_word' id='word_1_368' title='bbox 3175 911 3461 967; x_wconf 85' lang='lat' dir='ltr'><strong>Joacbitno</strong></span> <span class='ocrx_word' id='word_1_369' title='bbox 3498 916 3727 977; x_wconf 80' lang='lat' dir='ltr'><strong>parente</strong></span> 
     </span>
    </p>
   </div>
   <div class='ocr_carea' id='block_1_54' title="bbox 2142 998 3720 1081">
    <p class='ocr_par' dir='ltr' id='par_1_54' title="bbox 2142 998 3720 1081">
     <span class='ocr_line' id='line_1_55' title="bbox 2142 998 3720 1081; baseline -0.01 -15"><span class='ocrx_word' id='word_1_370' title='bbox 2142 1025 2301 1075; x_wconf 82' lang='lat' dir='ltr'><strong>nata,</strong></span> <span class='ocrx_word' id='word_1_371' title='bbox 2345 1012 2433 1081; x_wconf 84' lang='lat' dir='ltr'><strong>qui</strong></span> <span class='ocrx_word' id='word_1_372' title='bbox 2491 1010 2742 1066; x_wconf 83' lang='lat' dir='ltr'><strong>Pantheri</strong></span> <span class='ocrx_word' id='word_1_373' title='bbox 2792 1007 2893 1061; x_wconf 79' lang='lat' dir='ltr'><strong>fuit</strong></span> <span class='ocrx_word' id='word_1_374' title='bbox 2942 1006 3100 1059; x_wconf 85' lang='lat' dir='ltr'><strong>filius.</strong></span> <span class='ocrx_word' id='word_1_375' title='bbox 3136 1002 3377 1057; x_wconf 87' lang='lat' dir='ltr'><strong>Panther</strong></span> <span class='ocrx_word' id='word_1_376' title='bbox 3419 1011 3475 1055; x_wconf 89' lang='lat' dir='ltr'><strong>ct</strong></span> <span class='ocrx_word' id='word_1_377' title='bbox 3528 998 3720 1053; x_wconf 72' lang='lat' dir='ltr'><strong>Melchi</strong></span> 
     </span>
    </p>
   </div>
   <div class='ocr_carea' id='block_1_55' title="bbox 2142 1093 3729 1168">
    <p class='ocr_par' dir='ltr' id='par_1_55' title="bbox 2142 1093 3729 1168">
     <span class='ocr_line' id='line_1_56' title="bbox 2142 1093 3729 1168; baseline -0.008 -9"><span class='ocrx_word' id='word_1_378' title='bbox 2142 1104 2361 1168; x_wconf 77' lang='lat' dir='ltr'><strong>fratres,</strong></span> <span class='ocrx_word' id='word_1_379' title='bbox 2398 1103 2487 1156; x_wconf 79' lang='lat' dir='ltr'><strong>filii</strong></span> <span class='ocrx_word' id='word_1_380' title='bbox 2538 1102 2660 1156; x_wconf 78' lang='lat' dir='ltr'><strong>Levi</strong></span> <span class='ocrx_word' id='word_1_381' title='bbox 2694 1100 2881 1167; x_wconf 87' lang='lat' dir='ltr'><strong>stirpis</strong></span> <span class='ocrx_word' id='word_1_382' title='bbox 2926 1098 3191 1153; x_wconf 74' lang='lat' dir='ltr'><strong>Matthan.</strong></span> <span class='ocrx_word' id='word_1_383' title='bbox 3229 1096 3312 1151; x_wconf 87' lang='lat' dir='ltr'><strong>cui</strong></span> <span class='ocrx_word' id='word_1_384' title='bbox 3352 1093 3525 1146; x_wconf 83' lang='lat' dir='ltr'><strong>David</strong></span> <span class='ocrx_word' id='word_1_385' title='bbox 3574 1102 3729 1161; x_wconf 83' lang='lat' dir='ltr'><strong>pater</strong></span> 
     </span>
    </p>
   </div>
   <div class='ocr_carea' id='block_1_56' title="bbox 2126 1177 3726 1259">
    <p class='ocr_par' dir='ltr' id='par_1_56' title="bbox 2126 1177 3726 1259">
     <span class='ocr_line' id='line_1_57' title="bbox 2126 1177 3726 1259; baseline -0.011 -11"><span class='ocrx_word' id='word_1_386' title='bbox 2126 1203 2206 1248; x_wconf 83' lang='lat' dir='ltr'><strong>ex</strong></span> <span class='ocrx_word' id='word_1_387' title='bbox 2265 1193 2401 1247; x_wconf 89' lang='lat' dir='ltr'><strong>tribu</strong></span> <span class='ocrx_word' id='word_1_388' title='bbox 2454 1190 2609 1243; x_wconf 86' lang='lat' dir='ltr'><strong>Juda.</strong></span> <span class='ocrx_word' id='word_1_389' title='bbox 2653 1209 2669 1239; x_wconf 78' lang='grc' dir='ltr'><strong>ι</strong></span> <span class='ocrx_word' id='word_1_390' title='bbox 2709 1189 2878 1259; x_wconf 85' lang='lat' dir='ltr'><strong>Igitur</strong></span> <span class='ocrx_word' id='word_1_391' title='bbox 2927 1187 3182 1242; x_wconf 83' lang='lat' dir='ltr'><strong>defuncto</strong></span> <span class='ocrx_word' id='word_1_392' title='bbox 3235 1181 3478 1236; x_wconf 81' lang='lat' dir='ltr'><strong>Matthan</strong></span> <span class='ocrx_word' id='word_1_393' title='bbox 3531 1177 3726 1234; x_wconf 80' lang='lat' dir='ltr'><strong>Jacobi</strong></span> 
     </span>
    </p>
   </div>
   <div class='ocr_carea' id='block_1_57' title="bbox 2146 1272 3732 1355">
    <p class='ocr_par' dir='ltr' id='par_1_57' title="bbox 2146 1272 3732 1355">
     <span class='ocr_line' id='line_1_58' title="bbox 2146 1272 3732 1355; baseline -0.008 -16"><span class='ocrx_word' id='word_1_394' title='bbox 2146 1295 2318 1355; x_wconf 85' lang='lat' dir='ltr'><strong>patre,</strong></span> <span class='ocrx_word' id='word_1_395' title='bbox 2356 1282 2545 1337; x_wconf 82' lang='lat' dir='ltr'><strong>Melchi</strong></span> <span class='ocrx_word' id='word_1_396' title='bbox 2577 1282 2869 1336; x_wconf 79' lang='lat' dir='ltr'><strong>Matthauis</strong></span> <span class='ocrx_word' id='word_1_397' title='bbox 2915 1294 3102 1343; x_wconf 78' lang='lat' dir='ltr'><strong>uxore,</strong></span> <span class='ocrx_word' id='word_1_398' title='bbox 3137 1276 3321 1331; x_wconf 82' lang='lat' dir='ltr'><strong>Jacobi</strong></span> <span class='ocrx_word' id='word_1_399' title='bbox 3355 1284 3537 1328; x_wconf 80' lang='lat' dir='ltr'><strong>matre</strong></span> <span class='ocrx_word' id='word_1_400' title='bbox 3570 1272 3732 1330; x_wconf 74' lang='lat' dir='ltr'><strong>vidua</strong></span> 
     </span>
    </p>
   </div>
   <div class='ocr_carea' id='block_1_58' title="bbox 2147 1366 3737 1439">
    <p class='ocr_par' dir='ltr' id='par_1_58' title="bbox 2147 1366 3737 1439">
     <span class='ocr_line' id='line_1_59' title="bbox 2147 1366 3737 1439; baseline -0.008 -10"><span class='ocrx_word' id='word_1_401' title='bbox 2147 1376 2308 1429; x_wconf 82' lang='lat' dir='ltr'><strong>ducta</strong></span> <span class='ocrx_word' id='word_1_402' title='bbox 2340 1415 2355 1439; x_wconf 91' lang='lat'><strong>,</strong></span> <span class='ocrx_word' id='word_1_403' title='bbox 2409 1390 2473 1429; x_wconf 83' lang='lat' dir='ltr'><strong>ex</strong></span> <span class='ocrx_word' id='word_1_404' title='bbox 2518 1389 2577 1427; x_wconf 87' lang='lat' dir='ltr'><strong>ea</strong></span> <span class='ocrx_word' id='word_1_405' title='bbox 2626 1374 2759 1429; x_wconf 88' lang='lat' dir='ltr'><strong>Elim</strong></span> <span class='ocrx_word' id='word_1_406' title='bbox 2810 1373 3028 1427; x_wconf 87' lang='lat' dir='ltr'><strong>sustulit</strong></span> <span class='ocrx_word' id='word_1_407' title='bbox 3085 1410 3098 1436; x_wconf 94' lang='lat'><strong>,</strong></span> <span class='ocrx_word' id='word_1_408' title='bbox 3129 1371 3203 1423; x_wconf 81' lang='lat' dir='ltr'><strong>ita</strong></span> <span class='ocrx_word' id='word_1_409' title='bbox 3256 1377 3413 1423; x_wconf 80' lang='lat' dir='ltr'><strong>erant</strong></span> <span class='ocrx_word' id='word_1_410' title='bbox 3466 1366 3645 1421; x_wconf 82' lang='lat' dir='ltr'><strong>Jacob</strong></span> <span class='ocrx_word' id='word_1_411' title='bbox 3686 1371 3737 1418; x_wconf 87' lang='lat' dir='ltr'><strong>et</strong></span> 
     </span>
    </p>
   </div>
   <div class='ocr_carea' id='block_1_59' title="bbox 2149 1459 3737 1539">
    <p class='ocr_par' dir='ltr' id='par_1_59' title="bbox 2149 1459 3737 1539">
     <span class='ocr_line' id='line_1_60' title="bbox 2149 1459 3737 1539; baseline -0.008 -15"><span class='ocrx_word' id='word_1_412' title='bbox 2149 1472 2225 1526; x_wconf 88' lang='lat' dir='ltr'><strong>Eli</strong></span> <span class='ocrx_word' id='word_1_413' title='bbox 2261 1470 2480 1536; x_wconf 74' lang='lat' dir='ltr'><strong>utet-ini,</strong></span> <span class='ocrx_word' id='word_1_414' title='bbox 2534 1484 2637 1524; x_wconf 89' lang='lat' dir='ltr'><strong>non</strong></span> <span class='ocrx_word' id='word_1_415' title='bbox 2686 1469 2926 1539; x_wconf 78' lang='lat' dir='ltr'><strong>germani</strong></span> <span class='ocrx_word' id='word_1_416' title='bbox 2965 1468 3176 1519; x_wconf 68' lang='lat' dir='ltr'><strong>hatres.</strong></span> <span class='ocrx_word' id='word_1_417' title='bbox 3232 1462 3312 1517; x_wconf 86' lang='lat' dir='ltr'><strong>Eli</strong></span> <span class='ocrx_word' id='word_1_418' title='bbox 3345 1476 3490 1515; x_wconf 90' lang='lat' dir='ltr'><strong>anno</strong></span> <span class='ocrx_word' id='word_1_419' title='bbox 3544 1459 3737 1528; x_wconf 88' lang='lat' dir='ltr'><strong>quinto</strong></span> 
     </span>
    </p>
   </div>
   <div class='ocr_carea' id='block_1_60' title="bbox 2149 1550 3737 1629">
    <p class='ocr_par' dir='ltr' id='par_1_60' title="bbox 2149 1550 3737 1629">
     <span class='ocr_line' id='line_1_61' title="bbox 2149 1550 3737 1629; baseline -0.008 -16"><span class='ocrx_word' id='word_1_420' title='bbox 2149 1571 2203 1613; x_wconf 87' lang='lat' dir='ltr'><strong>et</strong></span> <span class='ocrx_word' id='word_1_421' title='bbox 2232 1560 2642 1629; x_wconf 79' lang='lat' dir='ltr'><strong>quadragesimo</strong></span> <span class='ocrx_word' id='word_1_422' title='bbox 2664 1555 3284 1620; x_wconf 80' lang='lat' dir='ltr'><strong>sineliberisexstiucto,</strong></span> <span class='ocrx_word' id='word_1_423' title='bbox 3307 1550 3479 1608; x_wconf 82' lang='lat' dir='ltr'><strong>Jacob</strong></span> <span class='ocrx_word' id='word_1_424' title='bbox 3508 1563 3737 1604; x_wconf 85' lang='lat' dir='ltr'><strong>uxorem</strong></span> 
     </span>
    </p>
   </div>
   <div class='ocr_carea' id='block_1_61' title="bbox 2153 1638 3742 1723">
    <p class='ocr_par' dir='ltr' id='par_1_61' title="bbox 2153 1638 3742 1723">
     <span class='ocr_line' id='line_1_62' title="bbox 2153 1638 3742 1723; baseline -0.01 -14"><span class='ocrx_word' id='word_1_425' title='bbox 2153 1655 2231 1709; x_wconf 83' lang='lat' dir='ltr'><strong>Eli</strong></span> <span class='ocrx_word' id='word_1_426' title='bbox 2268 1653 2397 1723; x_wconf 75' lang='lat' dir='ltr'><strong>(jam</strong></span> <span class='ocrx_word' id='word_1_427' title='bbox 2436 1651 2698 1708; x_wconf 75' lang='lat' dir='ltr'><strong>defuncti)</strong></span> <span class='ocrx_word' id='word_1_428' title='bbox 2728 1652 2844 1722; x_wconf 84' lang='lat' dir='ltr'><strong>lege</strong></span> <span class='ocrx_word' id='word_1_429' title='bbox 2886 1649 3059 1711; x_wconf 82' lang='lat' dir='ltr'><strong>duxit,</strong></span> <span class='ocrx_word' id='word_1_430' title='bbox 3101 1660 3286 1703; x_wconf 86' lang='lat' dir='ltr'><strong>semen</strong></span> <span class='ocrx_word' id='word_1_431' title='bbox 3334 1638 3492 1701; x_wconf 78' lang='lat' dir='ltr'><strong>fratri</strong></span> <span class='ocrx_word' id='word_1_432' title='bbox 3530 1642 3742 1697; x_wconf 79' lang='lat' dir='ltr'><strong>excita-</strong></span> 
     </span>
    </p>
   </div>
   <div class='ocr_carea' id='block_1_62' title="bbox 2158 1734 3737 1815">
    <p class='ocr_par' dir='ltr' id='par_1_62' title="bbox 2158 1734 3737 1815">
     <span class='ocr_line' id='line_1_63' title="bbox 2158 1734 3737 1815; baseline -0.009 -14"><span class='ocrx_word' id='word_1_433' title='bbox 2158 1757 2329 1811; x_wconf 77' lang='lat' dir='ltr'><strong>turus,</strong></span> <span class='ocrx_word' id='word_1_434' title='bbox 2355 1747 2463 1815; x_wconf 86' lang='lat' dir='ltr'><strong>&#39;qni</strong></span> <span class='ocrx_word' id='word_1_435' title='bbox 2503 1760 2567 1799; x_wconf 82' lang='lat' dir='ltr'><strong>ex</strong></span> <span class='ocrx_word' id='word_1_436' title='bbox 2602 1760 2663 1799; x_wconf 85' lang='lat' dir='ltr'><strong>ea</strong></span> <span class='ocrx_word' id='word_1_437' title='bbox 2716 1743 2881 1797; x_wconf 81' lang='lat' dir='ltr'><strong>tilium</strong></span> <span class='ocrx_word' id='word_1_438' title='bbox 2930 1739 3221 1809; x_wconf 76' lang='lat' dir='ltr'><strong>Josephum</strong></span> <span class='ocrx_word' id='word_1_439' title='bbox 3266 1739 3478 1810; x_wconf 84' lang='lat' dir='ltr'><strong>genuit,</strong></span> <span class='ocrx_word' id='word_1_440' title='bbox 3526 1734 3737 1805; x_wconf 87' lang='lat' dir='ltr'><strong>prolem</strong></span> 
     </span>
    </p>
   </div>
   <div class='ocr_carea' id='block_1_63' title="bbox 3175 1826 3745 1901">
    <p class='ocr_par' dir='ltr' id='par_1_63' title="bbox 3175 1826 3745 1901">
     <span class='ocr_line' id='line_1_64' title="bbox 3175 1826 3745 1901; baseline -0.009 -16"><span class='ocrx_word' id='word_1_441' title='bbox 3175 1828 3351 1885; x_wconf 81' lang='lat' dir='ltr'><strong>Fuere</strong></span> <span class='ocrx_word' id='word_1_442' title='bbox 3403 1831 3577 1901; x_wconf 76' lang='lat' dir='ltr'><strong>igitur</strong></span> <span class='ocrx_word' id='word_1_443' title='bbox 3611 1826 3745 1881; x_wconf 74' lang='lat' dir='ltr'><strong>Pan-</strong></span> 
     </span>
    </p>
   </div>
   <div class='ocr_carea' id='block_1_64' title="bbox 2165 1921 3754 1993">
    <p class='ocr_par' dir='ltr' id='par_1_64' title="bbox 2165 1921 3754 1993">
     <span class='ocr_line' id='line_1_65' title="bbox 2165 1921 3754 1993; baseline -0.008 -10"><span class='ocrx_word' id='word_1_444' title='bbox 2165 1930 2285 1983; x_wconf 87' lang='lat' dir='ltr'><strong>ther</strong></span> <span class='ocrx_word' id='word_1_445' title='bbox 2314 1939 2363 1983; x_wconf 89' lang='lat' dir='ltr'><strong>et</strong></span> <span class='ocrx_word' id='word_1_446' title='bbox 2394 1927 2586 1982; x_wconf 82' lang='lat' dir='ltr'><strong>Melchi</strong></span> <span class='ocrx_word' id='word_1_447' title='bbox 2623 1926 2819 1981; x_wconf 77' lang='lat' dir='ltr'><strong>fratres</strong></span> <span class='ocrx_word' id='word_1_448' title='bbox 2846 1965 2859 1990; x_wconf 90' lang='lat'><strong>,</strong></span> <span class='ocrx_word' id='word_1_449' title='bbox 2891 1924 3021 1980; x_wconf 79' lang='lat' dir='ltr'><strong>Levi</strong></span> <span class='ocrx_word' id='word_1_450' title='bbox 3056 1925 3150 1978; x_wconf 84' lang='lat' dir='ltr'><strong>lilii</strong></span> <span class='ocrx_word' id='word_1_451' title='bbox 3203 1921 3284 1993; x_wconf 89' lang='lat' dir='ltr'><strong>(ut</strong></span> <span class='ocrx_word' id='word_1_452' title='bbox 3330 1930 3619 1977; x_wconf 83' lang='lat' dir='ltr'><strong>ostensum</strong></span> <span class='ocrx_word' id='word_1_453' title='bbox 3666 1925 3754 1972; x_wconf 86' lang='lat' dir='ltr'><strong>est</strong></span> 
     </span>
    </p>
   </div>
   <div class='ocr_carea' id='block_1_65' title="bbox 2166 2007 3745 2087">
    <p class='ocr_par' dir='ltr' id='par_1_65' title="bbox 2166 2007 3745 2087">
     <span class='ocr_line' id='line_1_66' title="bbox 2166 2007 3745 2087; baseline -0.008 -15"><span class='ocrx_word' id='word_1_454' title='bbox 2166 2019 2475 2073; x_wconf 79' lang='lat' dir='ltr'><strong>aucturibus</strong></span> <span class='ocrx_word' id='word_1_455' title='bbox 2526 2015 2793 2087; x_wconf 68' lang='lat' dir='ltr'><strong>Hebraeis)</strong></span> <span class='ocrx_word' id='word_1_456' title='bbox 2848 2014 3035 2069; x_wconf 75' lang='lat' dir='ltr'><strong>afﬁnes</strong></span> <span class='ocrx_word' id='word_1_457' title='bbox 3084 2012 3349 2068; x_wconf 74' lang='lat' dir='ltr'><strong>Joachimi</strong></span> <span class='ocrx_word' id='word_1_458' title='bbox 3391 2028 3407 2066; x_wconf 90' lang='lat'><strong>:</strong></span> <span class='ocrx_word' id='word_1_459' title='bbox 3460 2017 3525 2063; x_wconf 81' lang='lat' dir='ltr'><strong>ut</strong></span> <span class='ocrx_word' id='word_1_460' title='bbox 3578 2007 3745 2062; x_wconf 75' lang='lat' dir='ltr'><strong>Maria</strong></span> 
     </span>
    </p>
   </div>
   <div class='ocr_carea' id='block_1_66' title="bbox 2162 2101 3746 2177">
    <p class='ocr_par' dir='ltr' id='par_1_66' title="bbox 2162 2101 3746 2177">
     <span class='ocr_line' id='line_1_67' title="bbox 2162 2101 3746 2177; baseline -0.008 -11"><span class='ocrx_word' id='word_1_461' title='bbox 2162 2112 2427 2169; x_wconf 59' lang='lat' dir='ltr'><strong>anachimi</strong></span> <span class='ocrx_word' id='word_1_462' title='bbox 2471 2110 2634 2166; x_wconf 81' lang='lat' dir='ltr'><strong>fuerit</strong></span> <span class='ocrx_word' id='word_1_463' title='bbox 2680 2108 2818 2175; x_wconf 87' lang='lat' dir='ltr'><strong>tilia,</strong></span> <span class='ocrx_word' id='word_1_464' title='bbox 2850 2106 3087 2177; x_wconf 83' lang='lat' dir='ltr'><strong>Josepho</strong></span> <span class='ocrx_word' id='word_1_465' title='bbox 3131 2106 3392 2161; x_wconf 87' lang='lat' dir='ltr'><strong>collocata</strong></span> <span class='ocrx_word' id='word_1_466' title='bbox 3442 2101 3746 2158; x_wconf 85' lang='lat' dir='ltr'><strong>secundum</strong></span> 
     </span>
    </p>
   </div>
   <div class='ocr_carea' id='block_1_67' title="bbox 2166 2199 3742 2273">
    <p class='ocr_par' dir='ltr' id='par_1_67' title="bbox 2166 2199 3742 2273">
     <span class='ocr_line' id='line_1_68' title="bbox 2166 2199 3742 2273; baseline -0.006 -16"><span class='ocrx_word' id='word_1_467' title='bbox 2166 2206 2304 2259; x_wconf 77' lang='lat' dir='ltr'><strong>duas</strong></span> <span class='ocrx_word' id='word_1_468' title='bbox 2349 2205 2568 2273; x_wconf 82' lang='lat' dir='ltr'><strong>stirpes,</strong></span> <span class='ocrx_word' id='word_1_469' title='bbox 2608 2199 2904 2256; x_wconf 81' lang='lat' dir='ltr'><strong>Matthanis</strong></span> <span class='ocrx_word' id='word_1_470' title='bbox 2935 2211 3094 2267; x_wconf 85' lang='lat' dir='ltr'><strong>atque</strong></span> <span class='ocrx_word' id='word_1_471' title='bbox 3134 2199 3463 2264; x_wconf 86' lang='lat' dir='ltr'><strong>Salomonis,</strong></span> <span class='ocrx_word' id='word_1_472' title='bbox 3510 2201 3742 2264; x_wconf 77' lang='lat' dir='ltr'><strong>paterno</strong></span> 
     </span>
    </p>
   </div>
   <div class='ocr_carea' id='block_1_68' title="bbox 2171 2287 3749 2366">
    <p class='ocr_par' dir='ltr' id='par_1_68' title="bbox 2171 2287 3749 2366">
     <span class='ocr_line' id='line_1_69' title="bbox 2171 2287 3749 2366; baseline -0.006 -14"><span class='ocrx_word' id='word_1_473' title='bbox 2171 2306 2368 2366; x_wconf 81' lang='lat' dir='ltr'><strong>genere</strong></span> <span class='ocrx_word' id='word_1_474' title='bbox 2409 2295 2651 2361; x_wconf 85' lang='lat' dir='ltr'><strong>Davidis,</strong></span> <span class='ocrx_word' id='word_1_475' title='bbox 2688 2296 2933 2349; x_wconf 82' lang='lat' dir='ltr'><strong>materno</strong></span> <span class='ocrx_word' id='word_1_476' title='bbox 2985 2291 3171 2347; x_wconf 75' lang='lat' dir='ltr'><strong>Jacobi</strong></span> <span class='ocrx_word' id='word_1_477' title='bbox 3197 2290 3540 2355; x_wconf 77' lang='lat' dir='ltr'><strong>censebrini,</strong></span> <span class='ocrx_word' id='word_1_478' title='bbox 3578 2287 3749 2357; x_wconf 81' lang='lat' dir='ltr'><strong>patris</strong></span> 
     </span>
    </p>
   </div>
   <div class='ocr_carea' id='block_1_69' title="bbox 2170 2386 2643 2443">
    <p class='ocr_par' dir='ltr' id='par_1_69' title="bbox 2170 2386 2643 2443">
     <span class='ocr_line' id='line_1_70' title="bbox 2170 2386 2643 2443; baseline -0.004 0"><span class='ocrx_word' id='word_1_479' title='bbox 2170 2388 2415 2443; x_wconf 81' lang='lat' dir='ltr'><strong>Joachlm</strong></span> <span class='ocrx_word' id='word_1_480' title='bbox 2447 2386 2643 2443; x_wconf 75' lang='lat' dir='ltr'><strong>amnis.</strong></span> 
     </span>
    </p>
   </div>
   <div class='ocr_carea' id='block_1_70' title="bbox 2246 2467 3752 2544">
    <p class='ocr_par' dir='ltr' id='par_1_70' title="bbox 2246 2467 3752 2544">
     <span class='ocr_line' id='line_1_71' title="bbox 2246 2467 3752 2544; baseline -0.009 -9"><span class='ocrx_word' id='word_1_481' title='bbox 2246 2483 2489 2535; x_wconf 77' lang='lat' dir='ltr'><strong>Habebat</strong></span> <span class='ocrx_word' id='word_1_482' title='bbox 2531 2481 2670 2535; x_wconf 86' lang='lat' dir='ltr'><strong>idem</strong></span> <span class='ocrx_word' id='word_1_483' title='bbox 2720 2478 2857 2533; x_wconf 89' lang='lat' dir='ltr'><strong>liber</strong></span> <span class='ocrx_word' id='word_1_484' title='bbox 2899 2484 2951 2530; x_wconf 90' lang='lat' dir='ltr'><strong>et</strong></span> <span class='ocrx_word' id='word_1_485' title='bbox 2979 2473 3199 2544; x_wconf 83' lang='lat' dir='ltr'><strong>Josephi</strong></span> <span class='ocrx_word' id='word_1_486' title='bbox 3252 2472 3658 2543; x_wconf 78' lang='lat' dir='ltr'><strong>genealogiam,</strong></span> <span class='ocrx_word' id='word_1_487' title='bbox 3704 2467 3752 2522; x_wconf 87' lang='lat' dir='ltr'><strong>ei</strong></span> 
     </span>
    </p>
   </div>
   <div class='ocr_carea' id='block_1_71' title="bbox 2172 2564 3754 2651">
    <p class='ocr_par' dir='ltr' id='par_1_71' title="bbox 2172 2564 3754 2651">
     <span class='ocr_line' id='line_1_72' title="bbox 2172 2564 3754 2651; baseline -0.011 -15"><span class='ocrx_word' id='word_1_488' title='bbox 2172 2579 2463 2651; x_wconf 79' lang='lat' dir='ltr'><strong>geminam,</strong></span> <span class='ocrx_word' id='word_1_489' title='bbox 2488 2586 2613 2644; x_wconf 67' lang='lat' dir='ltr'><strong>quae</strong></span> <span class='ocrx_word' id='word_1_490' title='bbox 2656 2574 2710 2629; x_wconf 90' lang='lat' dir='ltr'><strong>in</strong></span> <span class='ocrx_word' id='word_1_491' title='bbox 2759 2587 2916 2629; x_wconf 82' lang='lat' dir='ltr'><strong>sacro</strong></span> <span class='ocrx_word' id='word_1_492' title='bbox 2946 2564 3182 2626; x_wconf 69' lang='lat' dir='ltr'><strong>Matthrei</strong></span> <span class='ocrx_word' id='word_1_493' title='bbox 3224 2566 3523 2637; x_wconf 68' lang='lat' dir='ltr'><strong>Erangelio</strong></span> <span class='ocrx_word' id='word_1_494' title='bbox 3554 2566 3754 2620; x_wconf 79' lang='lat' dir='ltr'><strong>deseri-</strong></span> 
     </span>
    </p>
   </div>
   <div class='ocr_carea' id='block_1_72' title="bbox 2176 2654 3753 2742">
    <p class='ocr_par' dir='ltr' id='par_1_72' title="bbox 2176 2654 3753 2742">
     <span class='ocr_line' id='line_1_73' title="bbox 2176 2654 3753 2742; baseline -0.009 -19"><span class='ocrx_word' id='word_1_495' title='bbox 2176 2684 2264 2742; x_wconf 81' lang='lat' dir='ltr'><strong>pta</strong></span> <span class='ocrx_word' id='word_1_496' title='bbox 2295 2680 2399 2724; x_wconf 78' lang='lat' dir='ltr'><strong>est.</strong></span> <span class='ocrx_word' id='word_1_497' title='bbox 2433 2669 2699 2724; x_wconf 64' lang='lat' dir='ltr'><strong>Craterum</strong></span> <span class='ocrx_word' id='word_1_498' title='bbox 2743 2664 2946 2728; x_wconf 86' lang='lat' dir='ltr'><strong>aiebat,</strong></span> <span class='ocrx_word' id='word_1_499' title='bbox 2973 2661 3228 2716; x_wconf 80' lang='lat' dir='ltr'><strong>habuisse</strong></span> <span class='ocrx_word' id='word_1_500' title='bbox 3265 2656 3570 2726; x_wconf 79' lang='lat' dir='ltr'><strong>Josephum</strong></span> <span class='ocrx_word' id='word_1_501' title='bbox 3621 2654 3753 2709; x_wconf 84' lang='lat' dir='ltr'><strong>filius</strong></span> 
     </span>
    </p>
   </div>
   <div class='ocr_carea' id='block_1_73' title="bbox 2175 2744 3751 2832">
    <p class='ocr_par' dir='ltr' id='par_1_73' title="bbox 2175 2744 3751 2832">
     <span class='ocr_line' id='line_1_74' title="bbox 2175 2744 3751 2832; baseline -0.01 -20"><span class='ocrx_word' id='word_1_502' title='bbox 2175 2768 2406 2832; x_wconf 72' lang='lat' dir='ltr'><strong>quatuor</strong></span> <span class='ocrx_word' id='word_1_503' title='bbox 2455 2767 2520 2813; x_wconf 74' lang='lat' dir='ltr'><strong>ex</strong></span> <span class='ocrx_word' id='word_1_504' title='bbox 2568 2767 2738 2810; x_wconf 85' lang='lat' dir='ltr'><strong>uxore</strong></span> <span class='ocrx_word' id='word_1_505' title='bbox 2788 2753 3043 2817; x_wconf 81' lang='lat' dir='ltr'><strong>Salome,</strong></span> <span class='ocrx_word' id='word_1_506' title='bbox 3097 2747 3394 2814; x_wconf 79' lang='lat' dir='ltr'><strong>Jac’obuin,</strong></span> <span class='ocrx_word' id='word_1_507' title='bbox 3445 2744 3751 2805; x_wconf 76' lang='lat' dir='ltr'><strong>Simeoem,</strong></span> 
     </span>
    </p>
   </div>
   <div class='ocr_carea' id='block_1_74' title="bbox 2175 2837 3755 2914">
    <p class='ocr_par' dir='ltr' id='par_1_74' title="bbox 2175 2837 3755 2914">
     <span class='ocr_line' id='line_1_75' title="bbox 2175 2837 3755 2914; baseline -0.014 -6"><span class='ocrx_word' id='word_1_508' title='bbox 2175 2848 2384 2910; x_wconf 76' lang='lat' dir='ltr'><strong>Judam“</strong></span> <span class='ocrx_word' id='word_1_509' title='bbox 2415 2861 2467 2907; x_wconf 90' lang='lat' dir='ltr'><strong>et</strong></span> <span class='ocrx_word' id='word_1_510' title='bbox 2527 2847 2728 2914; x_wconf 78' lang='lat' dir='ltr'><strong>J&#39;o‘sen;</strong></span> <span class='ocrx_word' id='word_1_511' title='bbox 2781 2845 2919 2900; x_wconf 86' lang='lat' dir='ltr'><strong>tilias</strong></span> <span class='ocrx_word' id='word_1_512' title='bbox 2967 2853 3096 2907; x_wconf 88' lang='lat' dir='ltr'><strong>tres,</strong></span> <span class='ocrx_word' id='word_1_513' title='bbox 3141 2841 3354 2907; x_wconf 76' lang='lat' dir='ltr'><strong>Esther,</strong></span> <span class='ocrx_word' id='word_1_514' title='bbox 3400 2837 3651 2892; x_wconf 75' lang='lat' dir='ltr'><strong>Thamar</strong></span> <span class='ocrx_word' id='word_1_515' title='bbox 3705 2845 3755 2887; x_wconf 86' lang='lat' dir='ltr'><strong>et</strong></span> 
     </span>
    </p>
   </div>
   <div class='ocr_carea' id='block_1_75' title="bbox 2178 2928 3757 3012">
    <p class='ocr_par' dir='ltr' id='par_1_75' title="bbox 2178 2928 3757 3012">
     <span class='ocr_line' id='line_1_76' title="bbox 2178 2928 3757 3012; baseline -0.016 -11"><span class='ocrx_word' id='word_1_516' title='bbox 2178 2946 2414 3008; x_wconf 84' lang='lat' dir='ltr'><strong>Salonte,</strong></span> <span class='ocrx_word' id='word_1_517' title='bbox 2451 2956 2569 3012; x_wconf 61' lang='lat' dir='ltr'><strong>quae</strong></span> <span class='ocrx_word' id='word_1_518' title='bbox 2613 2939 2873 2993; x_wconf 68' lang='lat' dir='ltr'><strong>Zehedazo</strong></span> <span class='ocrx_word' id='word_1_519' title='bbox 2919 2935 3137 3003; x_wconf 76' lang='lat' dir='ltr'><strong>coniux,</strong></span> <span class='ocrx_word' id='word_1_520' title='bbox 3177 2928 3434 2986; x_wconf 80' lang='lat' dir='ltr'><strong>Jacobum</strong></span> <span class='ocrx_word' id='word_1_521' title='bbox 3487 2930 3545 2984; x_wconf 76' lang='lat' dir='ltr'><strong>et</strong></span> <span class='ocrx_word' id='word_1_522' title='bbox 3598 2941 3757 2981; x_wconf 78' lang='lat' dir='ltr'><strong>evan-</strong></span> 
     </span>
    </p>
   </div>
   <div class='ocr_carea' id='block_1_76' title="bbox 2177 3021 3757 3108">
    <p class='ocr_par' dir='ltr' id='par_1_76' title="bbox 2177 3021 3757 3108">
     <span class='ocr_line' id='line_1_77' title="bbox 2177 3021 3757 3108; baseline -0.013 -18"><span class='ocrx_word' id='word_1_523' title='bbox 2177 3040 2426 3108; x_wconf 76' lang='lat' dir='ltr'><strong>gcliStam</strong></span> <span class='ocrx_word' id='word_1_524' title='bbox 2455 3032 2715 3088; x_wconf 83' lang='lat' dir='ltr'><strong>Joannem</strong></span> <span class='ocrx_word' id='word_1_525' title='bbox 2742 3029 2934 3085; x_wconf 87' lang='lat' dir='ltr'><strong>edidit.</strong></span> <span class='ocrx_word' id='word_1_526' title='bbox 2968 3027 3096 3080; x_wconf 84' lang='lat' dir='ltr'><strong>Erat</strong></span> <span class='ocrx_word' id='word_1_527' title='bbox 3141 3027 3322 3078; x_wconf 80' lang='lat' dir='ltr'><strong>autem</strong></span> <span class='ocrx_word' id='word_1_528' title='bbox 3361 3021 3587 3090; x_wconf 82' lang='lat' dir='ltr'><strong>Josephi</strong></span> <span class='ocrx_word' id='word_1_529' title='bbox 3628 3026 3757 3073; x_wconf 63' lang='lat' dir='ltr'><strong>uror</strong></span> 
     </span>
    </p>
   </div>
   <div class='ocr_carea' id='block_1_77' title="bbox 2178 3111 3758 3203">
    <p class='ocr_par' dir='ltr' id='par_1_77' title="bbox 2178 3111 3758 3203">
     <span class='ocr_line' id='line_1_78' title="bbox 2178 3111 3758 3203; baseline -0.015 -16"><span class='ocrx_word' id='word_1_530' title='bbox 2178 3133 2355 3203; x_wconf 79' lang='lat' dir='ltr'><strong>Aggaei</strong></span> <span class='ocrx_word' id='word_1_531' title='bbox 2410 3130 2554 3195; x_wconf 80' lang='lat' dir='ltr'><strong>lilia,</strong></span> <span class='ocrx_word' id='word_1_532' title='bbox 2618 3126 2801 3181; x_wconf 87' lang='lat' dir='ltr'><strong>fratris</strong></span> <span class='ocrx_word' id='word_1_533' title='bbox 2856 3121 3139 3177; x_wconf 72' lang='lat' dir='ltr'><strong>luebat-ite</strong></span> <span class='ocrx_word' id='word_1_534' title='bbox 3191 3118 3535 3175; x_wconf 78' lang='lat' dir='ltr'><strong>sacerdotis.</strong></span> <span class='ocrx_word' id='word_1_535' title='bbox 3597 3111 3758 3184; x_wconf 80' lang='lat' dir='ltr'><strong>patris</strong></span> 
     </span>
    </p>
   </div>
   <div class='ocr_carea' id='block_1_78' title="bbox 2175 3206 3759 3293">
    <p class='ocr_par' dir='ltr' id='par_1_78' title="bbox 2175 3206 3759 3293">
     <span class='ocr_line' id='line_1_79' title="bbox 2175 3206 3759 3293; baseline -0.014 -12"><span class='ocrx_word' id='word_1_536' title='bbox 2175 3222 2403 3281; x_wconf 87' lang='lat' dir='ltr'><strong>Joannis</strong></span> <span class='ocrx_word' id='word_1_537' title='bbox 2450 3222 2721 3293; x_wconf 68' lang='lat' dir='ltr'><strong>Baptistae.</strong></span> <span class='ocrx_word' id='word_1_538' title='bbox 2777 3217 3073 3273; x_wconf 81' lang='lat' dir='ltr'><strong>Zacharias</strong></span> <span class='ocrx_word' id='word_1_539' title='bbox 3114 3223 3170 3269; x_wconf 90' lang='lat' dir='ltr'><strong>et</strong></span> <span class='ocrx_word' id='word_1_540' title='bbox 3209 3213 3433 3283; x_wconf 72' lang='lat' dir='ltr'><strong>Aggreus</strong></span> <span class='ocrx_word' id='word_1_541' title='bbox 3479 3206 3759 3262; x_wconf 82' lang='lat' dir='ltr'><strong>Barachiae</strong></span> 
     </span>
    </p>
   </div>
   <div class='ocr_carea' id='block_1_79' title="bbox 2173 3293 3758 3382">
    <p class='ocr_par' dir='ltr' id='par_1_79' title="bbox 2173 3293 3758 3382">
     <span class='ocr_line' id='line_1_80' title="bbox 2173 3293 3758 3382; baseline -0.014 -10"><span class='ocrx_word' id='word_1_542' title='bbox 2173 3318 2295 3382; x_wconf 80' lang='lat' dir='ltr'><strong>lilii,</strong></span> <span class='ocrx_word' id='word_1_543' title='bbox 2333 3316 2466 3371; x_wconf 73' lang='lat' dir='ltr'><strong>Abia</strong></span> <span class='ocrx_word' id='word_1_544' title='bbox 2508 3309 2793 3370; x_wconf 80' lang='lat' dir='ltr'><strong>sacerdote</strong></span> <span class='ocrx_word' id='word_1_545' title='bbox 2837 3311 2971 3366; x_wconf 88' lang='lat' dir='ltr'><strong>nati.</strong></span> <span class='ocrx_word' id='word_1_546' title='bbox 3015 3310 3184 3363; x_wconf 88' lang='lat' dir='ltr'><strong>Porro</strong></span> <span class='ocrx_word' id='word_1_547' title='bbox 3233 3315 3353 3361; x_wconf 85' lang='lat' dir='ltr'><strong>erat</strong></span> <span class='ocrx_word' id='word_1_548' title='bbox 3400 3293 3451 3358; x_wconf 88' lang='lat' dir='ltr'><strong>id</strong></span> <span class='ocrx_word' id='word_1_549' title='bbox 3506 3297 3758 3370; x_wconf 84' lang='lat' dir='ltr'><strong>temporis</strong></span> 
     </span>
    </p>
   </div>
   <div class='ocr_carea' id='block_1_80' title="bbox 2178 3392 3757 3480">
    <p class='ocr_par' dir='ltr' id='par_1_80' title="bbox 2178 3392 3757 3480">
     <span class='ocr_line' id='line_1_81' title="bbox 2178 3392 3757 3480; baseline -0.015 -14"><span class='ocrx_word' id='word_1_550' title='bbox 2178 3410 2378 3480; x_wconf 86' lang='lat' dir='ltr'><strong>Joseph</strong></span> <span class='ocrx_word' id='word_1_551' title='bbox 2437 3407 2682 3464; x_wconf 75' lang='lat' dir='ltr'><strong>viduus:</strong></span> <span class='ocrx_word' id='word_1_552' title='bbox 2736 3415 2797 3458; x_wconf 86' lang='lat' dir='ltr'><strong>ut</strong></span> <span class='ocrx_word' id='word_1_553' title='bbox 2846 3401 3050 3457; x_wconf 76' lang='lat' dir='ltr'><strong>fuerint</strong></span> <span class='ocrx_word' id='word_1_554' title='bbox 3118 3396 3338 3452; x_wconf 79' lang='lat' dir='ltr'><strong>Salome</strong></span> <span class='ocrx_word' id='word_1_555' title='bbox 3398 3402 3452 3450; x_wconf 84' lang='lat' dir='ltr'><strong>et</strong></span> <span class='ocrx_word' id='word_1_556' title='bbox 3518 3392 3757 3448; x_wconf 85' lang='lat' dir='ltr'><strong>Joannes</strong></span> 
     </span>
    </p>
   </div>
   <div class='ocr_carea' id='block_1_81' title="bbox 2181 3485 3760 3575">
    <p class='ocr_par' dir='ltr' id='par_1_81' title="bbox 2181 3485 3760 3575">
     <span class='ocr_line' id='line_1_82' title="bbox 2181 3485 3760 3575; baseline -0.015 -15"><span class='ocrx_word' id='word_1_557' title='bbox 2181 3502 2421 3575; x_wconf 78' lang='lat' dir='ltr'><strong>Baptista</strong></span> <span class='ocrx_word' id='word_1_558' title='bbox 2450 3502 2678 3555; x_wconf 76' lang='lat' dir='ltr'><strong>fratrum</strong></span> <span class='ocrx_word' id='word_1_559' title='bbox 2704 3497 2817 3561; x_wconf 83' lang='lat' dir='ltr'><strong>lilii,</strong></span> <span class='ocrx_word' id='word_1_560' title='bbox 2846 3508 2900 3552; x_wconf 87' lang='lat' dir='ltr'><strong>et</strong></span> <span class='ocrx_word' id='word_1_561' title='bbox 2934 3494 3058 3550; x_wconf 83' lang='lat' dir='ltr'><strong>huic</strong></span> <span class='ocrx_word' id='word_1_562' title='bbox 3085 3494 3333 3563; x_wconf 72' lang='lat' dir='ltr'><strong>Aggaeus,</strong></span> <span class='ocrx_word' id='word_1_563' title='bbox 3359 3488 3438 3544; x_wconf 89' lang='lat' dir='ltr'><strong>illi</strong></span> <span class='ocrx_word' id='word_1_564' title='bbox 3467 3485 3760 3542; x_wconf 80' lang='lat' dir='ltr'><strong>Zacharias</strong></span> 
     </span>
    </p>
   </div>
   <div class='ocr_carea' id='block_1_82' title="bbox 2182 3576 3756 3668">
    <p class='ocr_par' dir='ltr' id='par_1_82' title="bbox 2182 3576 3756 3668">
     <span class='ocr_line' id='line_1_83' title="bbox 2182 3576 3756 3668; baseline -0.015 -16"><span class='ocrx_word' id='word_1_565' title='bbox 2182 3609 2429 3668; x_wconf 87' lang='lat' dir='ltr'><strong>patruus.</strong></span> <span class='ocrx_word' id='word_1_566' title='bbox 2472 3592 2723 3649; x_wconf 84' lang='lat' dir='ltr'><strong>Salomen</strong></span> <span class='ocrx_word' id='word_1_567' title='bbox 2784 3584 2908 3644; x_wconf 77' lang='lat' dir='ltr'><strong>dii:o</strong></span> <span class='ocrx_word' id='word_1_568' title='bbox 2958 3602 3061 3641; x_wconf 82' lang='lat' dir='ltr'><strong>non</strong></span> <span class='ocrx_word' id='word_1_569' title='bbox 3120 3583 3469 3639; x_wconf 82' lang='lat' dir='ltr'><strong>obstetricem</strong></span> <span class='ocrx_word' id='word_1_570' title='bbox 3524 3576 3756 3646; x_wconf 85' lang='lat' dir='ltr'><strong>Virginis</strong></span> 
     </span>
    </p>
   </div>
   <div class='ocr_carea' id='block_1_83' title="bbox 2186 3666 3763 3754">
    <p class='ocr_par' dir='ltr' id='par_1_83' title="bbox 2186 3666 3763 3754">
     <span class='ocr_line' id='line_1_84' title="bbox 2186 3666 3763 3754; baseline -0.016 -10"><span class='ocrx_word' id='word_1_571' title='bbox 2186 3666 2389 3754; x_wconf 69' lang='lat' dir='ltr'><strong>Mariae,</strong></span> <span class='ocrx_word' id='word_1_572' title='bbox 2426 3688 2519 3743; x_wconf 85' lang='lat' dir='ltr'><strong>sed</strong></span> <span class='ocrx_word' id='word_1_573' title='bbox 2554 3683 2777 3754; x_wconf 76' lang='lat' dir='ltr'><strong>Iosephi</strong></span> <span class='ocrx_word' id='word_1_574' title='bbox 2827 3680 2967 3736; x_wconf 81' lang='lat' dir='ltr'><strong>fabri</strong></span> <span class='ocrx_word' id='word_1_575' title='bbox 3020 3691 3264 3732; x_wconf 88' lang='lat' dir='ltr'><strong>uxorem.</strong></span> <span class='ocrx_word' id='word_1_576' title='bbox 3305 3670 3442 3727; x_wconf 85' lang='lat' dir='ltr'><strong>Nam</strong></span> <span class='ocrx_word' id='word_1_577' title='bbox 3504 3666 3763 3725; x_wconf 78' lang='lat' dir='ltr'><strong>obstetrix</strong></span> 
     </span>
    </p>
   </div>
   <div class='ocr_carea' id='block_1_84' title="bbox 2182 3755 3760 3837">
    <p class='ocr_par' dir='ltr' id='par_1_84' title="bbox 2182 3755 3760 3837">
     <span class='ocr_line' id='line_1_85' title="bbox 2182 3755 3760 3837; baseline -0.018 0"><span class='ocrx_word' id='word_1_578' title='bbox 2182 3767 2273 3837; x_wconf 82' lang='lat' dir='ltr'><strong>illa</strong></span> <span class='ocrx_word' id='word_1_579' title='bbox 2301 3780 2623 3836; x_wconf 84' lang='lat' dir='ltr'><strong>consobrina</strong></span> <span class='ocrx_word' id='word_1_580' title='bbox 2672 3782 2789 3830; x_wconf 81' lang='lat' dir='ltr'><strong>erat</strong></span> <span class='ocrx_word' id='word_1_581' title='bbox 2833 3766 3161 3827; x_wconf 70' lang='lat' dir='ltr'><strong>Elisabethze</strong></span> <span class='ocrx_word' id='word_1_582' title='bbox 3208 3774 3370 3836; x_wconf 86' lang='lat' dir='ltr'><strong>atque</strong></span> <span class='ocrx_word' id='word_1_583' title='bbox 3404 3755 3670 3831; x_wconf 76' lang='lat' dir='ltr'><strong>Virginis,</strong></span> <span class='ocrx_word' id='word_1_584' title='bbox 3704 3765 3760 3810; x_wconf 90' lang='lat' dir='ltr'><strong>ut</strong></span> 
     </span>
    </p>
   </div>
   <div class='ocr_carea' id='block_1_85' title="bbox 2187 3855 3763 3931">
    <p class='ocr_par' dir='ltr' id='par_1_85' title="bbox 2187 3855 3763 3931">
     <span class='ocr_line' id='line_1_86' title="bbox 2187 3855 3763 3931; baseline -0.017 -3"><span class='ocrx_word' id='word_1_585' title='bbox 2187 3874 2422 3930; x_wconf 85' lang='lat' dir='ltr'><strong>ostendit</strong></span> <span class='ocrx_word' id='word_1_586' title='bbox 2449 3883 2664 3926; x_wconf 82' lang='lat' dir='ltr'><strong>sacrum</strong></span> <span class='ocrx_word' id='word_1_587' title='bbox 2695 3867 2854 3922; x_wconf 78' lang='lat' dir='ltr'><strong>Luca:</strong></span> <span class='ocrx_word' id='word_1_588' title='bbox 2885 3860 3261 3931; x_wconf 81' lang='lat' dir='ltr'><strong>Evangelinm.</strong></span> <span class='ocrx_word' id='word_1_589' title='bbox 3297 3858 3464 3909; x_wconf 81' lang='lat' dir='ltr'><strong>Erant</strong></span> <span class='ocrx_word' id='word_1_590' title='bbox 3484 3855 3634 3909; x_wconf 86' lang='lat' dir='ltr'><strong>enim</strong></span> <span class='ocrx_word' id='word_1_591' title='bbox 3658 3861 3763 3905; x_wconf 82' lang='lat' dir='ltr'><strong>tres</strong></span> 
     </span>
    </p>
   </div>
   <div class='ocr_carea' id='block_1_86' title="bbox 2189 3938 3763 4022">
    <p class='ocr_par' dir='ltr' id='par_1_86' title="bbox 2189 3938 3763 4022">
     <span class='ocr_line' id='line_1_87' title="bbox 2189 3938 3763 4022; baseline -0.018 0"><span class='ocrx_word' id='word_1_592' title='bbox 2189 3980 2407 4022; x_wconf 87' lang='lat' dir='ltr'><strong>sorores</strong></span> <span class='ocrx_word' id='word_1_593' title='bbox 2447 3962 2890 4017; x_wconf 80' lang='lat' dir='ltr'><strong>Bethleemehses</strong></span> <span class='ocrx_word' id='word_1_594' title='bbox 2943 3970 3009 4010; x_wconf 91' lang='lat' dir='ltr'><strong>ex</strong></span> <span class='ocrx_word' id='word_1_595' title='bbox 3050 3949 3351 4019; x_wconf 61' lang='lat' dir='ltr'><strong>Cleopatras</strong></span> <span class='ocrx_word' id='word_1_596' title='bbox 3406 3955 3459 4000; x_wconf 88' lang='lat' dir='ltr'><strong>et</strong></span> <span class='ocrx_word' id='word_1_597' title='bbox 3509 3938 3763 4015; x_wconf 85' lang='lat' dir='ltr'><strong>Sosipatri</strong></span> 
     </span>
    </p>
   </div>
   <div class='ocr_carea' id='block_1_87' title="bbox 2190 4036 3761 4132">
    <p class='ocr_par' dir='ltr' id='par_1_87' title="bbox 2190 4036 3761 4132">
     <span class='ocr_line' id='line_1_88' title="bbox 2190 4036 3761 4132; baseline -0.018 -16"><span class='ocrx_word' id='word_1_598' title='bbox 2190 4060 2397 4132; x_wconf 81' lang='lat' dir='ltr'><strong>regno],</strong></span> <span class='ocrx_word' id='word_1_599' title='bbox 2461 4062 2589 4111; x_wconf 86' lang='lat' dir='ltr'><strong>ante</strong></span> <span class='ocrx_word' id='word_1_600' title='bbox 2640 4053 2873 4109; x_wconf 83' lang='lat' dir='ltr'><strong>Herodis</strong></span> <span class='ocrx_word' id='word_1_601' title='bbox 2938 4046 3204 4115; x_wconf 76' lang='lat' dir='ltr'><strong>Antipatri</strong></span> <span class='ocrx_word' id='word_1_602' title='bbox 3268 4055 3512 4111; x_wconf 84' lang='lat' dir='ltr'><strong>regnum.</strong></span> <span class='ocrx_word' id='word_1_603' title='bbox 3580 4038 3761 4093; x_wconf 72' lang='lat' dir='ltr'><strong>Prinne</strong></span> 
     </span>
    </p>
   </div>
   <div class='ocr_carea' id='block_1_88' title="bbox 2190 4131 3759 4211">
    <p class='ocr_par' dir='ltr' id='par_1_88' title="bbox 2190 4131 3759 4211">
     <span class='ocr_line' id='line_1_89' title="bbox 2190 4131 3759 4211; baseline -0.018 -3"><span class='ocrx_word' id='word_1_604' title='bbox 2190 4131 2388 4208; x_wconf 77' lang='lat' dir='ltr'><strong>nomen</strong></span> <span class='ocrx_word' id='word_1_605' title='bbox 2442 4148 2627 4211; x_wconf 76' lang='lat' dir='ltr'><strong>Maria,</strong></span> <span class='ocrx_word' id='word_1_606' title='bbox 2677 4144 2833 4200; x_wconf 88' lang='lat' dir='ltr'><strong>alteri</strong></span> <span class='ocrx_word' id='word_1_607' title='bbox 2888 4141 3054 4207; x_wconf 85' lang='lat' dir='ltr'><strong>Sobe,</strong></span> <span class='ocrx_word' id='word_1_608' title='bbox 3101 4138 3277 4194; x_wconf 68' lang='lat' dir='ltr'><strong>tertiae</strong></span> <span class='ocrx_word' id='word_1_609' title='bbox 3332 4138 3514 4191; x_wconf 74' lang='lat' dir='ltr'><strong>Anna.</strong></span> <span class='ocrx_word' id='word_1_610' title='bbox 3564 4131 3759 4186; x_wconf 84' lang='lat' dir='ltr'><strong>Earum</strong></span> 
     </span>
    </p>
   </div>
   <div class='ocr_carea' id='block_1_89' title="bbox 2192 4222 3761 4315">
    <p class='ocr_par' dir='ltr' id='par_1_89' title="bbox 2192 4222 3761 4315">
     <span class='ocr_line' id='line_1_90' title="bbox 2192 4222 3761 4315; baseline -0.017 -16"><span class='ocrx_word' id='word_1_611' title='bbox 2192 4247 2366 4315; x_wconf 85' lang='lat' dir='ltr'><strong>prima</strong></span> <span class='ocrx_word' id='word_1_612' title='bbox 2429 4242 2481 4295; x_wconf 90' lang='lat' dir='ltr'><strong>in</strong></span> <span class='ocrx_word' id='word_1_613' title='bbox 2548 4237 2819 4294; x_wconf 84' lang='lat' dir='ltr'><strong>Bethleem</strong></span> <span class='ocrx_word' id='word_1_614' title='bbox 2886 4245 3047 4304; x_wconf 87' lang='lat' dir='ltr'><strong>nupta</strong></span> <span class='ocrx_word' id='word_1_615' title='bbox 3109 4231 3362 4287; x_wconf 85' lang='lat' dir='ltr'><strong>Salomen</strong></span> <span class='ocrx_word' id='word_1_616' title='bbox 3420 4222 3761 4282; x_wconf 83' lang='lat' dir='ltr'><strong>obstetricem</strong></span> 
     </span>
    </p>
   </div>
   <div class='ocr_carea' id='block_1_90' title="bbox 2193 4316 3757 4408">
    <p class='ocr_par' dir='ltr' id='par_1_90' title="bbox 2193 4316 3757 4408">
     <span class='ocr_line' id='line_1_91' title="bbox 2193 4316 3757 4408; baseline -0.018 -17"><span class='ocrx_word' id='word_1_617' title='bbox 2193 4336 2428 4408; x_wconf 83' lang='lat' dir='ltr'><strong>peperit.</strong></span> <span class='ocrx_word' id='word_1_618' title='bbox 2466 4334 2649 4387; x_wconf 79' lang='lat' dir='ltr'><strong>Altera</strong></span> <span class='ocrx_word' id='word_1_619' title='bbox 2679 4340 2731 4385; x_wconf 88' lang='lat' dir='ltr'><strong>et</strong></span> <span class='ocrx_word' id='word_1_620' title='bbox 2770 4331 2887 4399; x_wconf 89' lang='lat' dir='ltr'><strong>ipsa</strong></span> <span class='ocrx_word' id='word_1_621' title='bbox 2918 4328 2972 4381; x_wconf 89' lang='lat' dir='ltr'><strong>in</strong></span> <span class='ocrx_word' id='word_1_622' title='bbox 3012 4323 3286 4379; x_wconf 83' lang='lat' dir='ltr'><strong>Bethleem</strong></span> <span class='ocrx_word' id='word_1_623' title='bbox 3311 4362 3325 4387; x_wconf 92' lang='lat'><strong>,</strong></span> <span class='ocrx_word' id='word_1_624' title='bbox 3363 4316 3757 4377; x_wconf 85' lang='lat' dir='ltr'><strong>Elisabetham;</strong></span> 
     </span>
    </p>
   </div>
   <div class='ocr_carea' id='block_1_91' title="bbox 2199 4409 3761 4490">
    <p class='ocr_par' dir='ltr' id='par_1_91' title="bbox 2199 4409 3761 4490">
     <span class='ocr_line' id='line_1_92' title="bbox 2199 4409 3761 4490; baseline -0.015 -12"><span class='ocrx_word' id='word_1_625' title='bbox 2199 4425 2356 4480; x_wconf 85' lang='lat' dir='ltr'><strong>tertia</strong></span> <span class='ocrx_word' id='word_1_626' title='bbox 2394 4423 2445 4477; x_wconf 91' lang='lat' dir='ltr'><strong>in</strong></span> <span class='ocrx_word' id='word_1_627' title='bbox 2477 4421 2697 4477; x_wconf 69' lang='lat' dir='ltr'><strong>Galila’ea</strong></span> <span class='ocrx_word' id='word_1_628' title='bbox 2744 4416 2932 4490; x_wconf 87' lang='lat' dir='ltr'><strong>genuit</strong></span> <span class='ocrx_word' id='word_1_629' title='bbox 2982 4414 3256 4485; x_wconf 78' lang='lat' dir='ltr'><strong>Virginem</strong></span> <span class='ocrx_word' id='word_1_630' title='bbox 3306 4409 3567 4473; x_wconf 74' lang='lat' dir='ltr'><strong>Mariam,</strong></span> <span class='ocrx_word' id='word_1_631' title='bbox 3615 4415 3761 4475; x_wconf 82' lang='lat' dir='ltr'><strong>quam</strong></span> 
     </span>
    </p>
   </div>
   <div class='ocr_carea' id='block_1_92' title="bbox 521 4482 3760 4586">
    <p class='ocr_par' dir='ltr' id='par_1_92' title="bbox 521 4482 3760 4586">
     <span class='ocr_line' id='line_1_93' title="bbox 521 4482 3760 4586; baseline -0.012 1"><span class='ocrx_word' id='word_1_632' title='bbox 521 4498 697 4586; x_wconf 41' lang='lat' dir='ltr'><strong>Tum</strong></span> <span class='ocrx_word' id='word_1_633' title='bbox 735 4483 1148 4586; x_wconf 30' lang='lat' dir='ltr'><strong>ignorationem</strong></span> <span class='ocrx_word' id='word_1_634' title='bbox 1523 4482 1831 4586; x_wconf 45' lang='lat' dir='ltr'><strong>dapem&quot;:</strong></span> <span class='ocrx_word' id='word_1_635' title='bbox 1884 4483 1963 4553; x_wconf 65' lang='grc' dir='ltr'><strong>(ω</strong></span> <span class='ocrx_word' id='word_1_636' title='bbox 2022 4483 2090 4586; x_wconf 47' lang='grc' dir='ltr'><strong>ξω</strong></span> <span class='ocrx_word' id='word_1_637' title='bbox 2119 4516 2172 4576; x_wconf 87' lang='grc' dir='ltr'><strong>Ι)</strong></span> <span class='ocrx_word' id='word_1_638' title='bbox 2198 4526 2252 4573; x_wconf 87' lang='lat' dir='ltr'><strong>et</strong></span> <span class='ocrx_word' id='word_1_639' title='bbox 2283 4517 2563 4586; x_wconf 83' lang='lat' dir='ltr'><strong>Deiparam</strong></span> <span class='ocrx_word' id='word_1_640' title='bbox 2607 4482 2898 4569; x_wconf 63' lang='lat' dir='ltr'><strong>Christiani</strong></span> <span class='ocrx_word' id='word_1_641' title='bbox 2949 4482 3185 4562; x_wconf 78' lang='lat' dir='ltr'><strong>vocant:</strong></span> <span class='ocrx_word' id='word_1_642' title='bbox 3222 4514 3279 4560; x_wconf 91' lang='lat' dir='ltr'><strong>ut</strong></span> <span class='ocrx_word' id='word_1_643' title='bbox 3307 4506 3415 4559; x_wconf 87' lang='lat' dir='ltr'><strong>sint</strong></span> <span class='ocrx_word' id='word_1_644' title='bbox 3446 4502 3685 4561; x_wconf 85' lang='lat' dir='ltr'><strong>Salnme,</strong></span> <span class='ocrx_word' id='word_1_645' title='bbox 3713 4501 3760 4549; x_wconf 88' lang='lat' dir='ltr'><strong>et</strong></span> 
     </span>
    </p>
   </div>
   <div class='ocr_carea' id='block_1_93' title="bbox 519 4572 2091 4646">
    <p class='ocr_par' dir='ltr' id='par_1_93' title="bbox 519 4572 2091 4646">
     <span class='ocr_line' id='line_1_94' title="bbox 519 4572 2091 4646; baseline -0.001 -17"><span class='ocrx_word' id='word_1_646' title='bbox 519 4575 755 4646; x_wconf 83' lang='lat' dir='ltr'><strong>dicatur)</strong></span> <span class='ocrx_word' id='word_1_647' title='bbox 802 4576 1003 4632; x_wconf 85' lang='lat' dir='ltr'><strong>frustra</strong></span> <span class='ocrx_word' id='word_1_648' title='bbox 1060 4584 1229 4632; x_wconf 86' lang='lat' dir='ltr'><strong>esset.</strong></span> <span class='ocrx_word' id='word_1_649' title='bbox 1290 4576 1434 4629; x_wconf 87' lang='lat' dir='ltr'><strong>Nihil</strong></span> <span class='ocrx_word' id='word_1_650' title='bbox 1494 4590 1737 4645; x_wconf 87' lang='lat' dir='ltr'><strong>prorsus.</strong></span> <span class='ocrx_word' id='word_1_651' title='bbox 1788 4572 1897 4629; x_wconf 82' lang='lat' dir='ltr'><strong>Nec</strong></span> <span class='ocrx_word' id='word_1_652' title='bbox 1948 4578 2091 4628; x_wconf 91' lang='lat' dir='ltr'><strong>enim</strong></span> 
     </span>
    </p>
   </div>
   <div class='ocr_carea' id='block_1_94' title="bbox 521 4669 2096 4742">
    <p class='ocr_par' dir='ltr' id='par_1_94' title="bbox 521 4669 2096 4742">
     <span class='ocr_line' id='line_1_95' title="bbox 521 4669 2096 4742; baseline -0.001 -19"><span class='ocrx_word' id='word_1_653' title='bbox 521 4676 744 4742; x_wconf 82' lang='lat' dir='ltr'><strong>propter</strong></span> <span class='ocrx_word' id='word_1_654' title='bbox 795 4671 1142 4725; x_wconf 64' lang='lat' dir='ltr'><strong>caecutieutes</strong></span> <span class='ocrx_word' id='word_1_655' title='bbox 1200 4669 1289 4723; x_wconf 86' lang='lat' dir='ltr'><strong>Sol</strong></span> <span class='ocrx_word' id='word_1_656' title='bbox 1349 4685 1453 4723; x_wconf 91' lang='lat' dir='ltr'><strong>non</strong></span> <span class='ocrx_word' id='word_1_657' title='bbox 1506 4669 1699 4731; x_wconf 88' lang='lat' dir='ltr'><strong>oritur,</strong></span> <span class='ocrx_word' id='word_1_658' title='bbox 1737 4679 1824 4723; x_wconf 84' lang='lat' dir='ltr'><strong>aut</strong></span> <span class='ocrx_word' id='word_1_659' title='bbox 1878 4678 2096 4739; x_wconf 75' lang='lat' dir='ltr'><strong>propter</strong></span> 
     </span>
    </p>
   </div>
   <div class='ocr_carea' id='block_1_95' title="bbox 523 4762 1722 4834">
    <p class='ocr_par' dir='ltr' id='par_1_95' title="bbox 523 4762 1722 4834">
     <span class='ocr_line' id='line_1_96' title="bbox 523 4762 1722 4834; baseline -0.004 -14"><span class='ocrx_word' id='word_1_660' title='bbox 523 4778 695 4821; x_wconf 73' lang='lat' dir='ltr'><strong>caecos</strong></span> <span class='ocrx_word' id='word_1_661' title='bbox 722 4763 836 4820; x_wconf 77' lang='lat' dir='ltr'><strong>visu</strong></span> <span class='ocrx_word' id='word_1_662' title='bbox 866 4762 1074 4834; x_wconf 69' lang='lat' dir='ltr'><strong>prxditi</strong></span> <span class='ocrx_word' id='word_1_663' title='bbox 1108 4762 1308 4818; x_wconf 86' lang='lat' dir='ltr'><strong>lumine</strong></span> <span class='ocrx_word' id='word_1_664' title='bbox 1341 4762 1722 4817; x_wconf 84' lang='lat' dir='ltr'><strong>destituentur.</strong></span> 
     </span>
    </p>
   </div>
   <div class='ocr_carea' id='block_1_96' title="bbox 1020 4874 1591 4934">
    <p class='ocr_par' dir='ltr' id='par_1_96' title="bbox 1020 4874 1591 4934">
     <span class='ocr_line' id='line_1_97' title="bbox 1020 4874 1591 4934; baseline -0.009 0"><span class='ocrx_word' id='word_1_665' title='bbox 1020 4876 1248 4934; x_wconf 81' lang='lat' dir='ltr'><strong>CAPUT</strong></span> <span class='ocrx_word' id='word_1_666' title='bbox 1304 4874 1591 4930; x_wconf 72' lang='lat' dir='ltr'><strong>XXXVIII.</strong></span> 
     </span>
    </p>
   </div>
   <div class='ocr_carea' id='block_1_97' title="bbox 528 4966 2115 5060">
    <p class='ocr_par' dir='ltr' id='par_1_97' title="bbox 528 4966 2115 5060">
     <span class='ocr_line' id='line_1_98' title="bbox 528 4966 2115 5060; baseline -0.006 -8"><span class='ocrx_word' id='word_1_667' title='bbox 528 4994 759 5053; x_wconf 67' lang='lat' dir='ltr'><strong>Mariam</strong></span> <span class='ocrx_word' id='word_1_668' title='bbox 790 5002 961 5049; x_wconf 84' lang='lat' dir='ltr'><strong>ortam</strong></span> <span class='ocrx_word' id='word_1_669' title='bbox 991 5010 1019 5047; x_wconf 79' lang='grc' dir='ltr'><strong><em>ε</em></strong></span> <span class='ocrx_word' id='word_1_670' title='bbox 1054 4992 1216 5055; x_wconf 68' lang='lat' dir='ltr'><strong>stirpe</strong></span> <span class='ocrx_word' id='word_1_671' title='bbox 1254 4992 1465 5045; x_wconf 74' lang='lat' dir='ltr'><strong>Davidis&#39;</strong></span> <span class='ocrx_word' id='word_1_672' title='bbox 1486 5029 1502 5052; x_wconf 83' lang='lat'><strong>,</strong></span> <span class='ocrx_word' id='word_1_673' title='bbox 1537 4988 1790 5058; x_wconf 74' lang='lat' dir='ltr'><strong>probatur</strong></span> <span class='ocrx_word' id='word_1_674' title='bbox 1817 4995 1881 5043; x_wconf 70' lang='lat' dir='ltr'><strong>ex</strong></span> <span class='ocrx_word' id='word_1_675' title='bbox 1911 4966 2115 5060; x_wconf 3' lang='lat' dir='ltr'><strong>gc‘nea-i</strong></span> 
     </span>
    </p>
   </div>
   <div class='ocr_carea' id='block_1_98' title="bbox 1055 5062 1770 5135">
    <p class='ocr_par' dir='ltr' id='par_1_98' title="bbox 1055 5062 1770 5135">
     <span class='ocr_line' id='line_1_99' title="bbox 1055 5062 1770 5135; baseline -0.003 -18"><span class='ocrx_word' id='word_1_676' title='bbox 1055 5063 1196 5135; x_wconf 78' lang='lat' dir='ltr'><strong>logia</strong></span> <span class='ocrx_word' id='word_1_677' title='bbox 1244 5062 1575 5117; x_wconf 78' lang='lat' dir='ltr'><strong>Jutlwurum.</strong></span> <span class='ocrx_word' id='word_1_678' title='bbox 1663 5125 1666 5130; x_wconf 91' lang='lat'><strong>_</strong></span> <span class='ocrx_word' id='word_1_679' title='bbox 1764 5122 1770 5128; x_wconf 34' lang='grc' dir='ltr'>ι</span> 
     </span>
    </p>
   </div>
   <div class='ocr_carea' id='block_1_99' title="bbox 588 5170 2106 5247">
    <p class='ocr_par' dir='ltr' id='par_1_99' title="bbox 588 5170 2106 5247">
     <span class='ocr_line' id='line_1_100' title="bbox 588 5170 2106 5247; baseline -0.003 -16"><span class='ocrx_word' id='word_1_680' title='bbox 588 5177 738 5246; x_wconf 78' lang='lat' dir='ltr'><strong>‘Quin</strong></span> <span class='ocrx_word' id='word_1_681' title='bbox 777 5178 978 5233; x_wconf 80' lang='lat' dir='ltr'><strong>editam</strong></span> <span class='ocrx_word' id='word_1_682' title='bbox 1017 5174 1235 5232; x_wconf 86' lang='lat' dir='ltr'><strong>Davidis</strong></span> <span class='ocrx_word' id='word_1_683' title='bbox 1262 5179 1467 5247; x_wconf 79' lang='lat' dir='ltr'><strong>genere</strong></span> <span class='ocrx_word' id='word_1_684' title='bbox 1500 5180 1665 5245; x_wconf 60' lang='lat' dir='ltr'><strong>atoue</strong></span> <span class='ocrx_word' id='word_1_685' title='bbox 1708 5176 1878 5245; x_wconf 84' lang='lat' dir='ltr'><strong>&#39;stirpe</strong></span> <span class='ocrx_word' id='word_1_686' title='bbox 1924 5170 2106 5244; x_wconf 71' lang='lat' dir='ltr'><strong>Virgi-</strong></span> 
     </span>
    </p>
   </div>
   <div class='ocr_carea' id='block_1_100' title="bbox 524 5256 2107 5349">
    <p class='ocr_par' dir='ltr' id='par_1_100' title="bbox 524 5256 2107 5349">
     <span class='ocr_line' id='line_1_101' title="bbox 524 5256 2107 5349; baseline -0.001 -28"><span class='ocrx_word' id='word_1_687' title='bbox 524 5270 654 5348; x_wconf 77' lang='lat' dir='ltr'><strong>nem</strong></span> <span class='ocrx_word' id='word_1_688' title='bbox 696 5256 856 5349; x_wconf 73' lang='lat' dir='ltr'><strong>dabo,</strong></span> <span class='ocrx_word' id='word_1_689' title='bbox 920 5268 1097 5335; x_wconf 78' lang='lat' dir='ltr'><strong>neque</strong></span> <span class='ocrx_word' id='word_1_690' title='bbox 1145 5266 1198 5320; x_wconf 84' lang='lat' dir='ltr'><strong>id</strong></span> <span class='ocrx_word' id='word_1_691' title='bbox 1241 5280 1365 5322; x_wconf 82' lang='lat' dir='ltr'><strong>vero</strong></span> <span class='ocrx_word' id='word_1_692' title='bbox 1406 5278 1473 5319; x_wconf 77' lang='lat' dir='ltr'><strong>es</strong></span> <span class='ocrx_word' id='word_1_693' title='bbox 1509 5266 1845 5321; x_wconf 74' lang='lat' dir='ltr'><strong>nOStratibus</strong></span> <span class='ocrx_word' id='word_1_694' title='bbox 1888 5266 2107 5335; x_wconf 82' lang='lat' dir='ltr'><strong>scriptis</strong></span> 
     </span>
    </p>
   </div>
   <div class='ocr_carea' id='block_1_101' title="bbox 531 5352 2110 5425">
    <p class='ocr_par' dir='ltr' id='par_1_101' title="bbox 531 5352 2110 5425">
     <span class='ocr_line' id='line_1_102' title="bbox 531 5352 2110 5425; baseline 0.001 -17"><span class='ocrx_word' id='word_1_695' title='bbox 531 5354 597 5408; x_wconf 77' lang='lat' dir='ltr'><strong>a‘c</strong></span> <span class='ocrx_word' id='word_1_696' title='bbox 625 5353 879 5422; x_wconf 71' lang='lat' dir='ltr'><strong>decretis,</strong></span> <span class='ocrx_word' id='word_1_697' title='bbox 924 5352 1018 5410; x_wconf 85' lang='lat' dir='ltr'><strong>sed</strong></span> <span class='ocrx_word' id='word_1_698' title='bbox 1056 5353 1284 5411; x_wconf 78' lang='lat' dir='ltr'><strong>JudaiCo</strong></span> <span class='ocrx_word' id='word_1_699' title='bbox 1337 5355 1571 5425; x_wconf 83' lang='lat' dir='ltr'><strong>quodam</strong></span> <span class='ocrx_word' id='word_1_700' title='bbox 1626 5353 1785 5423; x_wconf 86' lang='lat' dir='ltr'><strong>libro,</strong></span> <span class='ocrx_word' id='word_1_701' title='bbox 1840 5356 1893 5409; x_wconf 86' lang='lat' dir='ltr'><strong>io</strong></span> <span class='ocrx_word' id='word_1_702' title='bbox 1951 5360 2110 5423; x_wconf 78' lang='lat' dir='ltr'><strong>quem</strong></span> 
     </span>
    </p>
   </div>
   <div class='ocr_carea' id='block_1_102' title="bbox 528 5444 2110 5524">
    <p class='ocr_par' dir='ltr' id='par_1_102' title="bbox 528 5444 2110 5524">
     <span class='ocr_line' id='line_1_103' title="bbox 528 5444 2110 5524; baseline -0.001 -23"><span class='ocrx_word' id='word_1_703' title='bbox 528 5444 817 5502; x_wconf 79' lang='lat' dir='ltr'><strong>Orestiade</strong></span> <span class='ocrx_word' id='word_1_704' title='bbox 847 5446 1014 5524; x_wconf 86' lang='lat' dir='ltr'><strong>incidi</strong></span> <span class='ocrx_word' id='word_1_705' title='bbox 1047 5450 1185 5520; x_wconf 83' lang='lat' dir='ltr'><strong>apud</strong></span> <span class='ocrx_word' id='word_1_706' title='bbox 1217 5447 1460 5503; x_wconf 84' lang='lat' dir='ltr'><strong>Judaeum</strong></span> <span class='ocrx_word' id='word_1_707' title='bbox 1500 5448 1677 5502; x_wconf 84' lang='lat' dir='ltr'><strong>Eliam</strong></span> <span class='ocrx_word' id='word_1_708' title='bbox 1698 5489 1712 5513; x_wconf 89' lang='lat'><strong>,</strong></span> <span class='ocrx_word' id='word_1_709' title='bbox 1744 5447 2110 5519; x_wconf 74' lang='lat' dir='ltr'><strong>Iegisperitum</strong></span> 
     </span>
    </p>
   </div>
   <div class='ocr_carea' id='block_1_103' title="bbox 604 5628 2030 5703">
    <p class='ocr_par' dir='ltr' id='par_1_103' title="bbox 604 5628 2030 5703">
     <span class='ocr_line' id='line_1_104' title="bbox 604 5628 2030 5703; baseline -0.004 -16"><span class='ocrx_word' id='word_1_710' title='bbox 604 5630 1111 5703; x_wconf 56' lang='lat' dir='ltr'><strong>“Psal.xt.tv,14.</strong></span> <span class='ocrx_word' id='word_1_711' title='bbox 1190 5633 1234 5666; x_wconf 86' lang='lat'><strong>&quot;</strong></span> <span class='ocrx_word' id='word_1_712' title='bbox 1263 5628 1395 5687; x_wconf 85' lang='lat' dir='ltr'><strong>ibid.</strong></span> <span class='ocrx_word' id='word_1_713' title='bbox 1433 5630 1515 5685; x_wconf 81' lang='lat' dir='ltr'><strong>I5.</strong></span> <span class='ocrx_word' id='word_1_714' title='bbox 1594 5629 1640 5662; x_wconf 67' lang='grc'>⁸³</span> <span class='ocrx_word' id='word_1_715' title='bbox 1668 5628 1857 5684; x_wconf 80' lang='lat' dir='ltr'><strong>Matth.</strong></span> <span class='ocrx_word' id='word_1_716' title='bbox 1900 5645 1940 5695; x_wconf 88' lang='lat' dir='ltr'><strong>I,</strong></span> <span class='ocrx_word' id='word_1_717' title='bbox 1980 5629 2030 5683; x_wconf 88' lang='grc' dir='ltr'>ι.</span> 
     </span>
    </p>
   </div>
   <div class='ocr_carea' id='block_1_104' title="bbox 605 5821 1647 5900">
    <p class='ocr_par' dir='ltr' id='par_1_104' title="bbox 605 5821 1647 5900">
     <span class='ocr_line' id='line_1_105' title="bbox 605 5821 1647 5900; baseline -0.004 -19"><span class='ocrx_word' id='word_1_718' title='bbox 605 5825 723 5900; x_wconf 73' lang='lat'><strong>(52)</strong></span> <span class='ocrx_word' id='word_1_719' title='bbox 759 5823 1016 5883; x_wconf 74' lang='lat' dir='ltr'><strong>Nazianz.</strong></span> <span class='ocrx_word' id='word_1_720' title='bbox 1047 5825 1101 5881; x_wconf 82' lang='lat' dir='ltr'><strong>in</strong></span> <span class='ocrx_word' id='word_1_721' title='bbox 1131 5821 1409 5882; x_wconf 65' lang='lat' dir='ltr'><strong>lulianum</strong></span> <span class='ocrx_word' id='word_1_722' title='bbox 1436 5823 1525 5891; x_wconf 72' lang='grc'><strong>42,</strong></span> <span class='ocrx_word' id='word_1_723' title='bbox 1555 5825 1647 5882; x_wconf 73' lang='grc'><strong>47.</strong></span> 
     </span>
    </p>
   </div>
   <div class='ocr_carea' id='block_1_105' title="bbox 2200 4586 3762 4673">
    <p class='ocr_par' dir='ltr' id='par_1_105' title="bbox 2200 4586 3762 4673">
     <span class='ocr_line' id='line_1_106' title="bbox 2200 4586 3762 4673; baseline -0.014 -9"><span class='ocrx_word' id='word_1_724' title='bbox 2200 4608 2530 4673; x_wconf 82' lang='lat' dir='ltr'><strong>Elisabetba,</strong></span> <span class='ocrx_word' id='word_1_725' title='bbox 2563 4615 2617 4660; x_wconf 91' lang='lat' dir='ltr'><strong>et</strong></span> <span class='ocrx_word' id='word_1_726' title='bbox 2648 4602 2832 4673; x_wconf 83' lang='lat' dir='ltr'><strong>Virgo,</strong></span> <span class='ocrx_word' id='word_1_727' title='bbox 2872 4602 3031 4654; x_wconf 85' lang='lat' dir='ltr'><strong>trium</strong></span> <span class='ocrx_word' id='word_1_728' title='bbox 3064 4612 3314 4653; x_wconf 86' lang='lat' dir='ltr'><strong>sororum</strong></span> <span class='ocrx_word' id='word_1_729' title='bbox 3355 4594 3503 4649; x_wconf 57' lang='lat' dir='ltr'><strong>lilia.</strong></span> <span class='ocrx_word' id='word_1_730' title='bbox 3536 4591 3615 4646; x_wconf 81' lang='lat' dir='ltr'><strong>Ita</strong></span> <span class='ocrx_word' id='word_1_731' title='bbox 3639 4591 3683 4645; x_wconf 89' lang='lat' dir='ltr'><strong>is</strong></span> <span class='ocrx_word' id='word_1_732' title='bbox 3704 4586 3762 4640; x_wconf 88' lang='lat' dir='ltr'><strong>Ii-</strong></span> 
     </span>
    </p>
   </div>
   <div class='ocr_carea' id='block_1_106' title="bbox 2199 4677 3760 4772">
    <p class='ocr_par' dir='ltr' id='par_1_106' title="bbox 2199 4677 3760 4772">
     <span class='ocr_line' id='line_1_107' title="bbox 2199 4677 3760 4772; baseline -0.018 -13"><span class='ocrx_word' id='word_1_733' title='bbox 2199 4707 2293 4759; x_wconf 88' lang='lat' dir='ltr'><strong>bcr</strong></span> <span class='ocrx_word' id='word_1_734' title='bbox 2308 4698 2678 4772; x_wconf 80' lang='lat' dir='ltr'><strong>genealogiam</strong></span> <span class='ocrx_word' id='word_1_735' title='bbox 2696 4695 2933 4763; x_wconf 83' lang='lat' dir='ltr'><strong>Virginis</strong></span> <span class='ocrx_word' id='word_1_736' title='bbox 2958 4693 3281 4760; x_wconf 77' lang='lat' dir='ltr'><strong>explicatam</strong></span> <span class='ocrx_word' id='word_1_737' title='bbox 3328 4685 3656 4747; x_wconf 75' lang='lat' dir='ltr'><strong>continebat,</strong></span> <span class='ocrx_word' id='word_1_738' title='bbox 3680 4677 3760 4749; x_wconf 85' lang='lat' dir='ltr'><strong>qui</strong></span> 
     </span>
    </p>
   </div>
   <div class='ocr_carea' id='block_1_107' title="bbox 2194 4775 3760 4861">
    <p class='ocr_par' dir='ltr' id='par_1_107' title="bbox 2194 4775 3760 4861">
     <span class='ocr_line' id='line_1_108' title="bbox 2194 4775 3760 4861; baseline -0.017 -10"><span class='ocrx_word' id='word_1_739' title='bbox 2194 4808 2252 4853; x_wconf 78' lang='lat' dir='ltr'><strong>et</strong></span> <span class='ocrx_word' id='word_1_740' title='bbox 2269 4796 2499 4849; x_wconf 84' lang='lat' dir='ltr'><strong>aliorum</strong></span> <span class='ocrx_word' id='word_1_741' title='bbox 2519 4790 2880 4861; x_wconf 78' lang='lat' dir='ltr'><strong>quorumdam</strong></span> <span class='ocrx_word' id='word_1_742' title='bbox 2920 4785 3225 4840; x_wconf 80' lang='lat' dir='ltr'><strong>Judaeorum</strong></span> <span class='ocrx_word' id='word_1_743' title='bbox 3254 4795 3420 4851; x_wconf 81' lang='lat' dir='ltr'><strong>genus</strong></span> <span class='ocrx_word' id='word_1_744' title='bbox 3452 4775 3760 4835; x_wconf 80' lang='lat' dir='ltr'><strong>declarabat,</strong></span> 
     </span>
    </p>
   </div>
   <div class='ocr_carea' id='block_1_108' title="bbox 2196 4876 3357 4960">
    <p class='ocr_par' dir='ltr' id='par_1_108' title="bbox 2196 4876 3357 4960">
     <span class='ocr_line' id='line_1_109' title="bbox 2196 4876 3357 4960; baseline -0.012 -18"><span class='ocrx_word' id='word_1_745' title='bbox 2196 4888 2313 4960; x_wconf 87' lang='lat' dir='ltr'><strong>qui,</strong></span> <span class='ocrx_word' id='word_1_746' title='bbox 2349 4884 2483 4941; x_wconf 87' lang='lat' dir='ltr'><strong>nihil</strong></span> <span class='ocrx_word' id='word_1_747' title='bbox 2529 4885 2774 4948; x_wconf 84' lang='lat' dir='ltr'><strong>interest,</strong></span> <span class='ocrx_word' id='word_1_748' title='bbox 2809 4888 2866 4934; x_wconf 89' lang='lat' dir='ltr'><strong>ut</strong></span> <span class='ocrx_word' id='word_1_749' title='bbox 2904 4895 3049 4934; x_wconf 87' lang='lat' dir='ltr'><strong>nunc</strong></span> <span class='ocrx_word' id='word_1_750' title='bbox 3088 4876 3357 4931; x_wconf 87' lang='lat' dir='ltr'><strong>dicantur.</strong></span> 
     </span>
    </p>
   </div>
   <div class='ocr_carea' id='block_1_109' title="bbox 2246 4970 3759 5043">
    <p class='ocr_par' dir='ltr' id='par_1_109' title="bbox 2246 4970 3759 5043">
     <span class='ocr_line' id='line_1_110' title="bbox 2246 4970 3759 5043; baseline -0.016 -9"><span class='ocrx_word' id='word_1_751' title='bbox 2246 4978 2388 5043; x_wconf 72' lang='lat' dir='ltr'><strong>Jun.</strong></span> <span class='ocrx_word' id='word_1_752' title='bbox 2444 4977 2588 5032; x_wconf 84' lang='lat' dir='ltr'><strong>Sane</strong></span> <span class='ocrx_word' id='word_1_753' title='bbox 2621 4974 2904 5028; x_wconf 77' lang='lat' dir='ltr'><strong>venturum</strong></span> <span class='ocrx_word' id='word_1_754' title='bbox 2932 4970 3210 5025; x_wconf 81' lang='lat' dir='ltr'><strong>Christum</strong></span> <span class='ocrx_word' id='word_1_755' title='bbox 3241 4978 3295 5023; x_wconf 89' lang='lat' dir='ltr'><strong>et</strong></span> <span class='ocrx_word' id='word_1_756' title='bbox 3327 4982 3427 5020; x_wconf 84' lang='lat' dir='ltr'><strong>nos</strong></span> <span class='ocrx_word' id='word_1_757' title='bbox 3460 4970 3759 5035; x_wconf 83' lang='lat' dir='ltr'><strong>speramus;</strong></span> 
     </span>
    </p>
   </div>
   <div class='ocr_carea' id='block_1_110' title="bbox 2202 5056 3755 5148">
    <p class='ocr_par' dir='ltr' id='par_1_110' title="bbox 2202 5056 3755 5148">
     <span class='ocr_line' id='line_1_111' title="bbox 2202 5056 3755 5148; baseline -0.018 -16"><span class='ocrx_word' id='word_1_758' title='bbox 2202 5075 2418 5132; x_wconf 83' lang='lat' dir='ltr'><strong>venisse</strong></span> <span class='ocrx_word' id='word_1_759' title='bbox 2473 5066 2615 5127; x_wconf 84' lang='lat' dir='ltr'><strong>haud</strong></span> <span class='ocrx_word' id='word_1_760' title='bbox 2665 5070 2792 5148; x_wconf 46' lang='lat' dir='ltr'><strong>du&#39;m</strong></span> <span class='ocrx_word' id='word_1_761' title='bbox 2846 5068 3164 5131; x_wconf 87' lang='lat' dir='ltr'><strong>credimus;</strong></span> <span class='ocrx_word' id='word_1_762' title='bbox 3222 5063 3489 5132; x_wconf 83' lang='lat' dir='ltr'><strong>siquidem</strong></span> <span class='ocrx_word' id='word_1_763' title='bbox 3543 5056 3755 5114; x_wconf 78' lang='lat' dir='ltr'><strong>nondum</strong></span> 
     </span>
    </p>
   </div>
   <div class='ocr_carea' id='block_1_111' title="bbox 2206 5152 3755 5227">
    <p class='ocr_par' dir='ltr' id='par_1_111' title="bbox 2206 5152 3755 5227">
     <span class='ocr_line' id='line_1_112' title="bbox 2206 5152 3755 5227; baseline -0.017 -2"><span class='ocrx_word' id='word_1_764' title='bbox 2206 5170 2469 5225; x_wconf 81' lang='lat' dir='ltr'><strong>adventus</strong></span> <span class='ocrx_word' id='word_1_765' title='bbox 2532 5163 2902 5219; x_wconf 71' lang='lat' dir='ltr'><strong>istaelitarnm</strong></span> <span class='ocrx_word' id='word_1_766' title='bbox 2955 5158 3157 5215; x_wconf 87' lang='lat' dir='ltr'><strong>Christi</strong></span> <span class='ocrx_word' id='word_1_767' title='bbox 3208 5159 3347 5227; x_wconf 79' lang='lat' dir='ltr'><strong>regis</strong></span> <span class='ocrx_word' id='word_1_768' title='bbox 3410 5154 3617 5223; x_wconf 85' lang='lat' dir='ltr'><strong>tempus</strong></span> <span class='ocrx_word' id='word_1_769' title='bbox 3667 5152 3755 5202; x_wconf 80' lang='lat' dir='ltr'><strong>est.</strong></span> 
     </span>
    </p>
   </div>
   <div class='ocr_carea' id='block_1_112' title="bbox 2283 5246 3758 5321">
    <p class='ocr_par' dir='ltr' id='par_1_112' title="bbox 2283 5246 3758 5321">
     <span class='ocr_line' id='line_1_113' title="bbox 2283 5246 3758 5321; baseline -0.017 -2"><span class='ocrx_word' id='word_1_770' title='bbox 2283 5256 2508 5319; x_wconf 36' lang='lat' dir='ltr'><strong>&#39;Cuktsr.</strong></span> <span class='ocrx_word' id='word_1_771' title='bbox 2541 5254 2661 5312; x_wconf 81' lang='lat' dir='ltr'><strong>Non</strong></span> <span class='ocrx_word' id='word_1_772' title='bbox 2709 5258 2855 5311; x_wconf 84' lang='lat' dir='ltr'><strong>recte</strong></span> <span class='ocrx_word' id='word_1_773' title='bbox 2890 5268 2983 5309; x_wconf 85' lang='lat' dir='ltr'><strong>vos</strong></span> <span class='ocrx_word' id='word_1_774' title='bbox 3016 5251 3326 5321; x_wconf 80' lang='lat' dir='ltr'><strong>Scriptoras</strong></span> <span class='ocrx_word' id='word_1_775' title='bbox 3356 5246 3758 5303; x_wconf 78' lang='lat' dir='ltr'><strong>animadvertere</strong></span> 
     </span>
    </p>
   </div>
   <div class='ocr_carea' id='block_1_113' title="bbox 2206 5329 3755 5417">
    <p class='ocr_par' dir='ltr' id='par_1_113' title="bbox 2206 5329 3755 5417">
     <span class='ocr_line' id='line_1_114' title="bbox 2206 5329 3755 5417; baseline -0.021 -7"><span class='ocrx_word' id='word_1_776' title='bbox 2206 5363 2273 5411; x_wconf 80' lang='lat' dir='ltr'><strong>et</strong></span> <span class='ocrx_word' id='word_1_777' title='bbox 2318 5363 2463 5417; x_wconf 74' lang='lat' dir='ltr'><strong>saepe</strong></span> <span class='ocrx_word' id='word_1_778' title='bbox 2513 5348 2645 5416; x_wconf 85' lang='lat' dir='ltr'><strong>dixi,</strong></span> <span class='ocrx_word' id='word_1_779' title='bbox 2710 5358 2770 5403; x_wconf 69' lang='lat' dir='ltr'><strong>‘et</strong></span> <span class='ocrx_word' id='word_1_780' title='bbox 2812 5344 2948 5401; x_wconf 83' lang='lat' dir='ltr'><strong>nihil</strong></span> <span class='ocrx_word' id='word_1_781' title='bbox 3004 5344 3221 5407; x_wconf 86' lang='lat' dir='ltr'><strong>mirum,</strong></span> <span class='ocrx_word' id='word_1_782' title='bbox 3272 5342 3486 5411; x_wconf 80' lang='lat' dir='ltr'><strong>quando</strong></span> <span class='ocrx_word' id='word_1_783' title='bbox 3521 5348 3570 5393; x_wconf 87' lang='lat' dir='ltr'><strong>et</strong></span> <span class='ocrx_word' id='word_1_784' title='bbox 3615 5329 3755 5386; x_wconf 79' lang='lat' dir='ltr'><strong>Isaias</strong></span> 
     </span>
    </p>
   </div>
   <div class='ocr_carea' id='block_1_114' title="bbox 2221 5422 3756 5500">
    <p class='ocr_par' dir='ltr' id='par_1_114' title="bbox 2221 5422 3756 5500">
     <span class='ocr_line' id='line_1_115' title="bbox 2221 5422 3756 5500; baseline -0.018 0"><span class='ocrx_word' id='word_1_785' title='bbox 2221 5443 2287 5500; x_wconf 80' lang='lat' dir='ltr'><strong>de</strong></span> <span class='ocrx_word' id='word_1_786' title='bbox 2321 5444 2476 5500; x_wconf 83' lang='lat' dir='ltr'><strong>vobis</strong></span> <span class='ocrx_word' id='word_1_787' title='bbox 2525 5453 2607 5499; x_wconf 89' lang='lat' dir='ltr'><strong>est</strong></span> <span class='ocrx_word' id='word_1_788' title='bbox 2654 5442 2861 5498; x_wconf 86' lang='lat' dir='ltr'><strong>locutus</strong></span> <span class='ocrx_word' id='word_1_789' title='bbox 2893 5441 2947 5495; x_wconf 93' lang='lat' dir='ltr'><strong>in</strong></span> <span class='ocrx_word' id='word_1_790' title='bbox 3006 5433 3148 5495; x_wconf 76' lang='lat' dir='ltr'><strong>banc</strong></span> <span class='ocrx_word' id='word_1_791' title='bbox 3202 5432 3611 5492; x_wconf 60' lang='lat' dir='ltr'><strong>sententiarum</strong></span> <span class='ocrx_word' id='word_1_792' title='bbox 3657 5422 3756 5476; x_wconf 70' lang='lat' dir='ltr'><strong>Att-</strong></span> 
     </span>
    </p>
   </div>
   <div class='ocr_carea' id='block_1_115' title="bbox 2120 5624 2573 5693">
    <p class='ocr_par' dir='ltr' id='par_1_115' title="bbox 2120 5624 2573 5693">
     <span class='ocr_line' id='line_1_116' title="bbox 2120 5624 2573 5693; baseline -0.002 -12"><span class='ocrx_word' id='word_1_793' title='bbox 2120 5628 2171 5661; x_wconf 73' lang='lat'><strong>”</strong></span> <span class='ocrx_word' id='word_1_794' title='bbox 2199 5625 2425 5693; x_wconf 89' lang='lat' dir='ltr'><strong>Luc.tu,</strong></span> <span class='ocrx_word' id='word_1_795' title='bbox 2455 5624 2573 5681; x_wconf 75' lang='lat'><strong>‘23..</strong></span> 
     </span>
    </p>
   </div>
  </div>
