4082 6294
470 348 580 417 863
1672 350 2095 419 ANDRONICI
2129 351 2478 418 COMNENI
3616 360 3713 425 864

459 466 732 533 Jeremim,
783 479 849 522 ex
900 466 994 522 Dei
1047 479 1277 535 persona
1308 465 1684 521 conﬁrmantis
1719 479 1734 518 :
1763 483 1782 519 ί
1843 463 1900 519 Si
1935 474 2045 524 ate-
2069 463 2123 525 Α
2147 465 2359 535 amixit,
2395 481 2455 524 ut
2486 491 2503 524 ι
2544 473 2750 540 parvuli
2775 473 2890 540 ejus
2931 474 3074 531 ducti
3109 476 3218 531 sint
3263 475 3315 529 in
3347 476 3713 548 captivitatem

464 563 592 619 terit
635 560 817 617 loses
861 570 918 615 et
966 557 1187 615 Samuel
1242 574 1423 614 coram
1489 576 1574 615 me
1602 562 1669 624 η,
1722 579 1741 612 ι
1811 568 1879 614 ut
1924 566 2049 614 ante

464 655 869 726 deprecatores,
922 667 1030 708 non
1054 651 1338 708 exaudiam
1366 667 1480 707 eos.
1517 671 1536 704 ι
1574 652 1683 707 Viae
1712 651 1840 707 Sion
1870 652 2055 721 lugent

464 762 532 799 eo
555 745 697 815 quod
739 759 844 798 non
879 743 1012 808 sint,
1039 743 1130 812 qui
1165 743 1390 797 veniant
1421 742 1487 796 ad
1509 742 1910 800 solemnitatem
1937 742 2004 797 ".
2023 761 2044 796 θ

464 840 624 897 Macti
659 838 842 894 verbis
892 848 1012 892 esto
1055 838 1232 897 David
1289 848 1452 909 atque
1503 836 1777 905 Ieremia;
1807 853 1936 894 nam
1961 837 2052 894 ille

471 933 648 991 ettsilii
688 929 1002 1002 Babylonici
1044 930 1324 1000 providus,
1358 946 1423 984 ex
1476 929 1812 996 captivorum
1863 929 2054 1000 praeci-

466 1026 548 1080 nit
609 1038 840 1094 persona
875 1041 888 1077 :
939 1041 956 1074 ι
997 1021 1172 1092 Super
1203 1019 1424 1078 ﬂumina
1451 1022 1741 1092 Babylonis
1775 1023 1881 1079 illic
1908 1023 2055 1077 sedi-

470 1131 591 1171 mus
660 1127 713 1170 et
776 1113 1044 1180 ﬂevimus,
1103 1130 1227 1169 cum
1285 1118 1704 1171 recordaremur
1768 1113 1925 1172 Sion.
1993 1113 2052 1170 In

469 1210 724 1265 salicibus
755 1210 807 1262 in
837 1209 1012 1263 medio
1037 1208 1153 1275 ejus
1182 1211 1566 1276 suspendimus
1602 1225 1809 1280 organa
1839 1221 2046 1266 nostra.

467 1298 606 1365 Quia
641 1301 754 1355 illic
784 1301 1257 1369 interrogaverunt
1309 1316 1427 1364 nos,
1461 1301 1552 1369 qui
1607 1303 1852 1370 captivos
1883 1303 2052 1356 duxe-

470 1394 600 1447 runt
639 1409 758 1458 nos,
793 1394 952 1447 verba
979 1393 1314 1449 cantionum.
1335 1393 1407 1448 Et
1436 1393 1527 1464 qui
1547 1395 1884 1450 abduxerunt
1904 1398 2048 1451 nos‘:

473 1485 745 1555 llymuum
796 1495 1012 1541 cantate
1045 1485 1199 1539 nobis
1232 1485 1296 1540 de
1321 1485 1550 1543 canticis
1599 1485 2053 1553 Sion.Quomodo

471 1578 816 1636 cantabimus
863 1579 1133 1633 canticum
1179 1577 1389 1633 Domini
1422 1580 1473 1632 in
1511 1589 1654 1632 terra
1710 1580 1881 1636 aliena
1911 1580 2045 1635 “1's

481 1670 906 1740 respondebant,
957 1670 1049 1738 qui
1091 1669 1326 1726 fortasse
1354 1671 1589 1724 reditum
1645 1683 1952 1739 sperarent.
1983 1674 2052 1725 At

473 1760 738 1816 Jeremias
781 1760 934 1833 regni
991 1762 1290 1828 interitum,
1337 1769 1391 1815 et
1436 1762 1695 1832 pontificii
1748 1763 2052 1834 abrogatio-

475 1871 598 1908 nem
639 1855 899 1921 sentiens,
935 1853 1243 1910 Iudaeorum
1269 1856 1447 1910 reditu
1483 1853 1704 1910 Sionem
1737 1857 2048 1925 desperato,

472 1954 527 2000 et
577 1954 831 2026 tanquam
871 1946 1234 2007 claudicante,
1283 1953 1512 2001 Incestus
1546 1962 1562 1998 :
1599 1964 1618 1997 ι
1660 1946 1888 2017 Lugete,
1957 1947 2053 2011 ait,

474 2038 590 2093 vias
624 2038 1035 2110 Hierosolyma).
1072 2057 1092 2093 ›
1155 2038 1308 2094 Cur?
1339 2042 1480 2104 quod
1541 2053 1722 2098 essent
1755 2043 1908 2111 nulli,
1963 2045 2057 2114 qui

474 2129 761 2187 itineribus
796 2133 861 2186 ad
892 2131 1150 2186 solemnia
1185 2132 1561 2189 convenirent.
1614 2153 1632 2186 ι
1671 2132 1869 2190 Omnes
1890 2144 2058 2206 ρυτιω

474 2225 592 2294 ejus
645 2226 935 2280 destructa:
969 2225 1034 2280 ¹⁸.
1063 2242 1081 2278 ι
1115 2224 1251 2292 Quia
1284 2228 1427 2282 enim
1479 2225 1761 2299 Synagnga
1797 2228 2058 2283 ducentes

473 2320 539 2370 ad
574 2317 833 2393 pietatem
895 2328 1098 2386 portas,
1144 2333 1265 2391 qua
1301 2305 1678 2389 intelligentia
1748 2317 2052 2374 informan-

478 2420 587 2474 tur,
638 2409 738 2462 sibi
777 2410 1070 2480 praeclusit,
1124 2420 1181 2467 ut
1217 2413 1396 2482 inquit
1450 2411 1638 2478 Isaias,
1695 2414 1878 2469 oculos
1927 2430 2056 2470 suos

476 2500 793 2563 excmcavil,
840 2510 894 2556 et
919 2517 1016 2556 cor
1049 2518 1207 2558 suum
1247 2504 1615 2560 dementavit:
1692 2523 1712 2556 ι
1779 2499 1853 2560 Ne
1915 2510 2053 2561 forte

474 2595 659 2648 videat
693 2596 881 2660 oculis,
930 2603 989 2651 et
1040 2597 1264 2653 auribus
1299 2596 1505 2662 audiat,
1559 2606 1612 2652 et
1643 2597 1807 2653 corde
1840 2616 1937 2656 suo
1969 2603 2054 2654 in-

479 2687 700 2755 telligat,
735 2698 788 2743 et
822 2698 1191 2754 convertatur,
1221 2701 1274 2745 et
1299 2705 1485 2747 sanem
1521 2707 1638 2747 eam
1664 2695 1762 2747 ".i
1800 2695 2055 2770 Proptel'o

477 2793 539 2834 ea
601 2795 702 2833 non
735 2781 934 2846 clausa
986 2786 1122 2838 adeo
1147 2792 1273 2837 sunt
1300 2795 1492 2854 portae,
1527 2787 1620 2841 sed
1668 2788 2052 2843 vastitalices-

478 2882 688 2924 εετυηῑ.

543 2963 898 3022 «Sacerdotes
917 2966 1032 3035 ejus
1052 2979 1350 3038 gementes;
1373 2989 1391 3021 ι
1405 2972 1595 3027 merito
1609 2975 1698 3040 qui
1722 2974 2069 3040 unigenitum-

480 3055 574 3111 Dei
613 3057 807 3114 Filium
866 3061 1258 3124 contristarint,
1307 3063 1440 3118 utin
1495 3059 1794 3132 Evangelio
1851 3063 2052 3118 confir-

2151 562 2275 614 ante
2305 561 2495 621 faciem
2537 565 2864 622 tribulantis.
2905 586 2925 619 ο
2982 567 3117 634 Quia
3148 568 3290 622 enim
3340 566 3390 620 in
3448 567 3712 621 Christum

2147 652 2506 722 debacchata,
2539 657 2772 715 infantes
2829 659 3269 716 Bethleemiticos
3303 663 3716 724 contrucidarat.

2150 756 2314 800 erunt
2339 746 2392 802 hi
2424 763 2636 819 quoque
2667 753 2886 822 captivi.

2230 854 2256 889 c
2285 836 2349 892 Et
2374 854 2626 910 egressus
2660 852 2745 898 est
2767 860 2794 896 a
2835 844 2937 898 ﬁlia
2969 844 3097 899 Sion
3132 846 3308 899 omnis
3363 846 3527 900 decor
3551 846 3712 912 eius.)

2152 944 2272 998 qua
2319 945 2500 987 veram
2566 933 2927 1004 majestatem,
2971 947 3031 991 et
3085 952 3196 1006 pra:
3256 938 3536 1014 bominum
3583 941 3720 993 natis

2142 1022 2326 1078 ‘forma
2375 1025 2638 1094 insignem
2699 1038 2967 1090 aversata,
3029 1029 3270 1084 exsulem
3337 1031 3387 1082 in
3431 1025 3721 1098 Egyptum

2154 1117 2483 1175 amandarit.
2542 1138 2562 1170 ς
2597 1119 2749 1174 Facti
2777 1132 2902 1176 sunt
2927 1124 3198 1191 principes
3222 1121 3335 1191 ejus
3369 1119 3724 1178 voluntarietes

2154 1217 2261 1256 non
2291 1203 2623 1259 invenientes
2677 1221 2916 1274 pascua;
2957 1225 2975 1259 ι
3016 1222 3137 1260 nam
3173 1221 3291 1260 cum
3334 1206 3541 1262 nollent
3567 1205 3719 1259 Chri-

2154 1294 2223 1348 sti
2273 1294 2465 1350 ovibus
2504 1306 2563 1351 et
2588 1298 2876 1364 pecoribus
2910 1299 3144 1368 accensi
3183 1314 3212 1354 a
3258 1314 3383 1353 vero
3419 1309 3633 1368 pastore
3660 1299 3723 1352 ad

2152 1402 2422 1458 perennes
2459 1387 2660 1445 herbas
2693 1391 2872 1457 educi,
2915 1401 2973 1445 et
3017 1392 3227 1449 scelesti
3255 1392 3430 1446 mulso
3476 1402 3724 1460 tanquam

2154 1498 2302 1553 aqua
2334 1482 2545 1554 irrigui,
2590 1483 2639 1536 in
2664 1484 2884 1539 aeternis
2914 1486 3200 1542 domiciliis
3239 1485 3526 1552 stabulati,
3560 1503 3578 1538 t
3608 1484 3728 1540 Ideo

2155 1575 2424 1645 principes
2458 1575 2576 1646 ejus
2613 1577 2974 1632 velutarietes
3017 1593 3121 1632 non
3163 1577 3502 1634 invenientes
3535 1593 3737 1648 pascua.

2154 1669 2403 1722 abierunt
2443 1687 2458 1722 :
2499 1679 2552 1722 et
2586 1669 2840 1725 abierunt
2864 1669 3072 1738 absque
3110 1671 3432 1726 fortitudine
3473 1675 3603 1724 ante
3649 1670 3727 1724 fa-

2155 1759 2290 1812 ciem
2353 1761 2728 1829 subsequentis
2767 1764 2837 1817 “.
2869 1780 2888 1814 ι
2932 1763 3023 1819 Dei
3073 1763 3142 1817 ad
3178 1762 3392 1818 Iudaeos
3421 1763 3585 1818 edicti
3625 1780 3730 1818 me-

2161 1864 2279 1906 mor
2350 1852 2525 1917 vates,
2604 1854 2763 1908 triste
2826 1854 2953 1908 illud
3033 1855 3354 1910 accinebat:
3397 1875 3416 1908 ι
3464 1855 3730 1910 Abieruut

2160 1942 2365 2008 absque
2438 1944 2760 2002 fortitudine
2820 1950 2946 2000 ante
2994 1947 3186 2002 faciem
3249 1949 3662 2017 subsequentis.
3709 1968 3726 2002 ι

2159 2036 2355 2104 quippe
2409 2036 2484 2090 ait
2539 2037 2590 2088 iu
2635 2033 2875 2092 Levitico
2917 2037 3103 2094 Deus:
3149 2058 3168 2091 ε
3205 2039 3358 2106 Quod
3393 2040 3438 2096 si
3471 2056 3581 2096 non
3633 2056 3729 2095 au-

2160 2127 2370 2180 dieritis
2407 2143 2512 2192 me,
2555 2144 2651 2183 nec
2693 2130 2930 2186 feceritis
2966 2131 3144 2185 omnia
3180 2129 3432 2188 mandata
3495 2149 3640 2199 mea,
3681 2131 3726 2187 si

2159 2221 2474 2298 spreveritis
2517 2221 2663 2292 leg'es
2698 2234 2869 2288 meas,
2907 2235 2961 2277 et
2997 2223 3202 2290 judicia
3235 2239 3356 2279 mea
3383 2235 3731 2296 contempse-

2162 2307 2302 2375 ritis,
2349 2315 2411 2365 ut
2447 2324 2552 2364 non
2578 2309 2794 2369 faciatis
2832 2327 2898 2366 ea
2929 2327 3048 2376 qua:
3077 2329 3104 2366 a
3135 2329 3220 2370 me
3255 2315 3554 2369 constituta
3587 2325 3740 2383 sunt,

2159 2410 2209 2455 et
2241 2405 2305 2456 ad
2347 2403 2557 2456 irritum
2586 2403 2900 2472 perducatis
2935 2416 3151 2478 pactum
3191 2421 3370 2461 meum
3401 2424 3416 2461 :
3451 2422 3556 2476 ego
3593 2423 3730 2478 quo.

2158 2510 2263 2564 que
2303 2496 2413 2548 haec
2469 2493 2661 2548 faciam
2705 2498 2890 2554 vobis:
2943 2495 3188 2552 V'isitabo
3231 2515 3323 2555 vos
3365 2503 3630 2562 velociter
3683 2505 3736 2557 in

2157 2599 2417 2653 egestate.
2461 2588 2686 2643 Frustra
2733 2594 2925 2646 scretis
2985 2603 3307 2658 sementem,
3366 2611 3486 2662 qua
3524 2597 3593 2650 ab
3641 2597 3736 2651 bo-

2158 2681 2332 2735 atibus
2357 2680 2726 2733 devorabitur.
2772 2679 2970 2735 Ponam
2995 2681 3192 2739 faciem
3228 2698 3401 2738 meam
3427 2696 3627 2742 contra
3647 2700 3735 2741 vos

2157 2784 2216 2827 et
2244 2775 2515 2828 corruetis
2555 2787 2746 2828 coram
2806 2771 3051 2828 hostibus
3101 2777 3323 2838 vestris,
3363 2788 3421 2834 et
3479 2779 3735 2848 subjicie-

2159 2865 2301 2920 mini.
2331 2865 2414 2920 bis
2451 2867 2541 2934 qui
2590 2869 2823 2922 oderunt
2864 2882 2978 2921 vos.
3025 2865 3262 2936 Fugietis
3295 2871 3518 2925 nemine
3553 2886 3733 2939 perse—

2158 2969 2396 3030 quente:
2451 2966 2505 3012 et
2565 2965 2842 3013 conteram
2879 2960 3186 3030 superbiam
3227 2960 3440 3016 duritiae
3519 2969 3734 3018 vestrae.

2158 3050 2414 3121 Daboque
2455 3050 2603 3108 vobis
2644 3052 2838 3106 ccelum
2893 3054 3126 3122 desuper
3192 3056 3331 3110 sicut
3374 3055 3630 3124 ferrum;
3684 3066 3738 3113 et

480 3160 631 3204 mat:
657 3171 676 3202 ι
714 3149 909 3207 Tristis
933 3155 1210 3207 estanima
1244 3149 1360 3209 mea
1389 3170 1558 3225 usque
1582 3157 1648 3211 ad
1682 3157 1993 3222 mortem",
2029 3175 2044 3208 ι

2157 3157 2360 3200 terram
2394 3158 2623 3200 aeneam.
2647 3144 3014 3201 Consumetur
3053 3148 3324 3203 incassum
3359 3149 3513 3204 labor
3537 3160 3736 3216 vester,

477 3252 532 3297 et
576 3244 702 3298 hinc
753 3255 997 3315 gemunt,
1054 3254 1111 3302 et
1171 3257 1428 3301 aeternum
1466 3258 1699 3317 gement.
1750 3267 1768 3300 ι
1806 3247 2052 3320 Virgines

481 3335 600 3403 ejus
648 3337 941 3414 squalidae,
1005 3347 1067 3393 et
1122 3339 1236 3408 ipsa
1291 3354 1549 3408 oppressa
1602 3341 1983 3398 amaritudine.
2027 3361 2048 3394 ›

480 3423 866 3495 Quamobrem,
922 3431 1236 3498 propheta?
1288 3433 1694 3500 quamobrem?
1750 3435 1874 3503 quia
1929 3449 2056 3490 vere

445 3540 448 3544 λ
480 3519 758 3590 Virginem
790 3538 853 3576 ac
899 3522 1160 3593 Reginam
1223 3539 1327 3580 non
1394 3537 1525 3581 sunt.
1546 3537 1847 3581 assectatae.
1876 3524 2052 3582 «Facti

480 3621 606 3668 sunt
665 3615 847 3669 hostes
893 3615 1009 3683 ejus
1033 3617 1082 3671 iu
1124 3616 1320 3686 capite,
1356 3616 1560 3673 inimici
1597 3619 1715 3689 ejus
1749 3619 2054 3689 locupletati

478 3702 697 3763 sunt".
749 3727 768 3761 ι
812 3706 946 3763 Nam
1006 3713 1241 3780 quandiu
1276 3728 1302 3768 a
1357 3711 1470 3766 Deo
1533 3713 1837 3778 amabatur,
1892 3729 2056 3783 regno

481 3810 644 3870 atque
681 3800 907 3871 imperio
939 3813 1121 3870 aucta,
1159 3803 1379 3873 populos
1410 3802 1511 3858 sibi
1536 3805 1806 3874 subjicere
1832 3821 1894 3858 ac
1926 3806 2058 3860 diris

480 3894 740 3967 obligare.
787 3894 971 3969 itaque
1007 3899 1201 3955 scribit
1248 3900 1338 3954 Dei
1388 3914 1583 3970 parens
1616 3900 1781 3954 David
1812 3918 1826 3955 :
1853 3920 1872 3952 ι
1910 3898 2058 3956 Pone

479 3989 752 4061 principes
806 4005 991 4045 eorum
1036 3991 1174 4046 sicut
1210 3994 1369 4058 Oreb,
1405 4001 1462 4047 et
1521 3991 1658 4058 Zeb,
1693 4003 1746 4046 et
1775 3992 1976 4060 Zebee,
2005 4003 2059 4047 et

484 4078 738 4134 Salmana
796 4096 812 4134 :
864 4093 1052 4136 omnes
1085 4080 1362 4150 principes
1423 4092 1609 4136 eorum
1674 4081 1764 4148 qui
1831 4079 2056 4135 dicunt:

485 4169 811 4226 llmreditate
840 4172 1214 4242 possideamus
1273 4174 1642 4226 sanctuarium
1693 4172 1784 4226 Dei
1816 4172 1881 4225 ".
1923 4191 1942 4224 ι
1991 4171 2059 4225 At

481 4263 571 4318 ubi
626 4264 810 4319 odium
842 4267 1003 4333 cepit,
1040 4259 1205 4334 atque
1245 4268 1312 4320 ab
1339 4263 1535 4334 insigni
1575 4263 1789 4318 vafritie
1821 4264 1887 4317 ad
1955 4264 2056 4320 im-

481 4357 734 4422 pietatem
781 4372 965 4427 porro,
1009 4358 1162 4427 quasi
1205 4357 1430 4426 quadam
1468 4367 1783 4426 tempestate
1840 4365 1924 4412 est
1964 4371 2061 4412 cx-

483 4461 654 4516 trusa,
707 4458 820 4505 tum
877 4464 1005 4505 vero
1033 4449 1329 4505 sacrarium
1362 4448 1657 4518 profanari,
1709 4449 1838 4505 urbs
1869 4450 2055 4517 diripi,

2161 3253 2264 3292 non
2290 3237 2525 3308 proferet
2555 3248 2695 3292 terra
2746 3254 2992 3310 germen,
3025 3255 3122 3295 nec
3158 3242 3379 3297 arbores
3415 3257 3574 3312 poma
3606 3259 3736 3313 prmo

2160 3332 2380 3386 bebunt.
2449 3329 2849 3402 lmmittamque
2909 3331 2962 3386 in
3008 3347 3103 3388 vos
3167 3334 3372 3390 bestias
3424 3336 3569 3404 agri,
3620 3352 3736 3406 quae

2158 3434 2484 3479 consumant
2511 3440 2604 3478 vos
2644 3434 2699 3480 et
2738 3440 2929 3492 pecora
2964 3431 3256 3490 vestra,-et
3305 3429 3370 3483 ad
3413 3431 3732 3500 paucitatem

2159 3529 2350 3573 cuncta
2395 3519 2677 3588 redigant;
2709 3519 3005 3587 evaginabo
3033 3530 3154 3588 post
3191 3537 3285 3594 vos
3320 3523 3578 3592 gladium,
3613 3524 3734 3577 erit-

2159 3626 2262 3679 que
2297 3620 2439 3666 terra
2478 3613 2712 3679 deserta,
2740 3623 2797 3667 et
2826 3612 3074 3667 civitates
3116 3625 3310 3669 vestrae
3349 3617 3567 3672 dirutae.
3601 3616 3740 3683 Quia

2160 3719 2253 3759 vos
2284 3703 2599 3760 ambulastis
2657 3712 2841 3758 contra
2911 3720 3041 3763 me:
3092 3715 3147 3760 et
3187 3722 3286 3776 ego
3341 3707 3589 3763 incedam
3643 3709 3733 3762 ad-

2159 3811 2351 3851 versus
2409 3811 2502 3849 vos
2534 3796 2587 3850 in
2630 3794 2810 3850 furore
2848 3799 3145 3853 cantrario.
3211 3797 3497 3856 Peccatum
3537 3819 3726 3872 pecca-

2157 3888 2234 3942 vit
2288 3881 2606 3949 Jerusalem,
2675 3899 2960 3958 propterea
3021 3893 3289 3949 instabilis
3321 3895 3466 3948 facta
3506 3908 3587 3952 est
3617 3898 3717 3952 η.»

2759 3980 2989 4037 CAPUT
3029 3983 3167 4040 XLI.

2266 4072 2478 4128 Christo
2519 4089 2657 4126 mors
2693 4072 2869 4138 illata,
2922 4088 3251 4143 peccatorum
3310 4081 3625 4134 maximum.

2231 4163 2406 4234 Supra
2453 4164 2564 4229 jam
2628 4167 2860 4234 dixerat,
2905 4182 3023 4220 eam
3078 4169 3336 4226 divinitus
3401 4183 3622 4242 propter
3655 4184 3726 4229 tot

2160 4257 2363 4313 scelera
2422 4254 2695 4325 afﬂictam,
2730 4273 2876 4318 nunc
2915 4259 3104 4313 addit:
3156 4277 3174 4311 ι
3220 4259 3512 4317 Peccatum
3549 4281 3730 4333 [δείξω.

2159 4351 2237 4403 vit
2274 4348 2345 4406 “.
2384 4368 2402 4401 ι
2447 4347 2562 4405 illic
2636 4349 2834 4420 quippe
2893 4349 3261 4408 lsraelitarum
3328 4371 3395 4410 ex
3447 4357 3727 4414 intervallo

2161 4438 2494 4498 idololatrias
2534 4450 2587 4497 et
2630 4443 2904 4511 vaticidia,
2960 4445 3046 4501 hic
3102 4446 3307 4503 Christi
3351 4464 3538 4505 necent
3571 4452 3730 4522 signi-

482 4541 740 4611 tnmplum
791 4557 820 4596 a
882 4540 1246 4597 fundamentis
1297 4543 1490 4603 everti,
1561 4552 1655 4596 aut
1715 4542 1892 4609 potius
1953 4557 2052 4619 pro
2078 4531 2131 4588 D
2162 4534 2305 4599 licet.
2335 4549 2503 4605 quare
2521 4532 2798 4606 subjungit
2828 4551 2844 4591 :
2879 4553 2897 4586 ι
2941 4535 2984 4592 Ο
3019 4552 3111 4592 vos
3146 4552 3338 4595 omnes
3372 4541 3460 4612 qui
3490 4543 3728 4599 transitis

483 4633 742 4688 derelicto
777 4635 981 4690 haberi.
1036 4633 1161 4689 Haec
1191 4635 1283 4704 qui
1321 4643 1622 4702 patrarunt,
1655 4634 1722 4687 iis
1759 4648 1880 4686 cum
1917 4635 2054 4689 bene

482 4734 587 4790 est,
631 4736 742 4780 tum
769 4726 834 4780 ad
869 4728 1103 4796 majores
1142 4725 1386 4780 fortunas
1429 4740 1492 4780 ac
1539 4741 1762 4796 regnum
1794 4725 2063 4780 extollun-

487 4828 590 4872 tur.
653 4816 822 4884 Quod
855 4817 1150 4885 explanatis
1195 4815 1488 4885 Propheta,
1530 4817 1604 4870 ait
1646 4835 1659 4870 :
1702 4835 1720 4867 ί
1758 4817 1894 4882 Quia
1947 4816 2057 4871 Do-

487 4910 664 4963 minus
714 4909 1017 4963 btuniliavit
1070 4923 1186 4962 eam
1242 4918 1465 4978 pr0pter
1514 4908 1918 4961 multitudinem
1953 4904 2056 4960 im-

485 5004 745 5068 pietatum
799 5000 915 5072 ejus
972 5000 1040 5056 ¹⁰.
1079 5017 1098 5051 ι
1161 4997 1294 5053 Nam
1362 5012 1484 5056 cum
1545 4996 1823 5070 Synagoga
1887 4997 2055 5051 Deum

490 5107 856 5159 veneraretur,
887 5095 1074 5150 Mosen
1091 5110 1304 5165 quoque
1331 5093 1703 5160 alloquebatur
1730 5092 1865 5148 Deus
1891 5109 1902 5144 :
1943 5113 1961 5144 ι
1994 5093 2059 5147 Et

483 5188 659 5240 scient
687 5185 951 5257 Egyptii,
992 5187 1117 5257 quia
1162 5202 1262 5257 ego
1294 5203 1412 5242 sum
1449 5185 1727 5247 Dominus,
1759 5195 1813 5239 et
1844 5202 1946 5239 non
1977 5195 2058 5240 est

486 5276 622 5330 alius
699 5288 896 5346 praeter
931 5293 1018 5332 me
1054 5280 1122 5334 “.
1164 5298 1182 5331 ›
1242 5279 1428 5334 Caedes
1477 5293 1607 5333 vero
1665 5280 2051 5348 prophetarum

487 5367 698 5437 aliaque
742 5370 944 5424 scelera
1006 5370 1149 5426 Deus
1195 5371 1508 5440 complexus
1575 5371 1859 5438 memoria,
1929 5387 2049 5427 eam

2161 4638 2258 4697 per
2277 4627 2440 4693 viam,
2478 4645 2494 4678 ι
2522 4625 2727 4682 scilicet
2757 4627 2993 4691 virtutis,
3031 4646 3049 4679 ι
3078 4630 3360 4696 attendite,
3390 4643 3440 4688 et
3461 4633 3653 4700 videte,
3681 4634 3724 4689 si

2161 4728 2245 4776 est
2279 4718 2455 4783 dolor,
2488 4719 2629 4774 sicut
2675 4718 2831 4774 dolor
2856 4735 3008 4775 meus
3037 4737 3052 4775 :
3096 4722 3350 4790 quoniam
3409 4725 3723 4780 vindemavit

2161 4828 2268 4880 me,
2293 4811 2578 4868 utiocutus
2604 4822 2688 4867 est
2713 4812 2974 4869 Dominus
2996 4812 3046 4868 in
3078 4830 3160 4868 me
3178 4813 3374 4885 (54)".
3399 4837 3417 4870 ι
3447 4817 3721 4874 Utcondo-

2161 4906 2338 4962 lentes
2393 4919 2456 4960 se
2509 4905 2703 4960 intueri
2736 4904 2909 4970 jubet,
2955 4907 3110 4972 quasi
3171 4910 3406 4979 seipsam
3446 4926 3718 4975 accusans,

2162 4997 2310 5052 velut
2359 4997 2412 5052 in
2464 5007 2768 5057 extremum
2844 4999 3021 5054 scelus
3089 5002 3413 5071 prolapsam.
3464 5006 3590 5070 Quae
3646 5012 3718 5056 est

2162 5089 2308 5145 enim
2351 5099 2684 5157 patratorum
2723 5097 2849 5142 ante
2906 5089 3170 5144 scelerum
3209 5093 3274 5147 ad
3319 5094 3514 5149 Christi
3543 5105 3713 5147 necem

2160 5181 2541 5252 comparatio?
2591 5181 2812 5236 omnino
2847 5180 3014 5238 nulla.
3055 5180 3166 5238 Hoc
3226 5187 3485 5241 malorum
3521 5187 3720 5241 teterri-

2160 5291 2327 5340 mum,
2379 5274 2482 5330 hoc
2511 5289 2825 5343 supremum
2854 5273 3045 5331 vulnus
3083 5283 3187 5331 est.
3229 5276 3405 5343 Quare
3430 5278 3711 5332 humiliavit

2165 5383 2245 5423 me
2289 5385 2305 5420 ι
2349 5368 2606 5422 Dominus
2647 5369 2699 5422 in
2737 5367 2823 5422 die
2855 5368 2948 5423 irae
2983 5371 3182 5425 furoris
3221 5373 3303 5426 sui
3357 5374 3422 5427 de
3460 5371 3662 5427 excelso
3690 5390 3706 5420 ι

557 5553 820 5630 fierem.
843 5558 1053 5630 ιν,1.-ν
1088 5559 1131 5590 ¹³
1154 5559 1356 5630 Thren.
1387 5575 1421 5622 ι,
1450 5562 1505 5616 4.
1583 5561 1626 5594 ίδ
1650 5559 1786 5618 Psal.
1812 5577 2031 5626 cantavi,

2157 5568 2180 5613 ε.
2254 5559 2301 5593 τ’
2325 5561 2528 5630 Thren,
2554 5577 2592 5622 ι.
2625 5561 2679 5616 4.
2757 5559 2929 5619 "Isa.
2954 5579 3030 5627 vi,
3058 5560 3154 5629 i0;
3179 5562 3361 5622 Matth.
3388 5578 3502 5630 aut,
3527 5559 3710 5625 ΗΑΒ.

485 5628 529 5658 ¹⁹
587 5627 769 5681 Matth.
822 5628 1121 5692 xxvt,28.-
1173 5630 1213 5660 ⁸⁸
1239 5629 1580 5692 Thren.t,5.

1664 5635 1706 5665 “
1733 5634 1869 5688 Psal.
1895 5644 2098 5690 uxxn.
2121 5632 2208 5697 ‘12,
2240 5633 2321 5688 l5.
2401 5631 2447 5663 '°
2472 5629 2673 5685 Thren.
2701 5633 2800 5698 1,5.
2880 5635 2924 5667 "
2951 5633 3118 5689 Exod.
3142 5650 3239 5700 vn,
3265 5634 3330 5699 5;
3360 5629 3508 5690 Deut.
3553 5643 3712 5700 tam.

485 5697 578 5754 39.
636 5695 695 5727 ³⁸
735 5696 934 5753 Thren.
965 5715 1001 5765 ι,
1028 5697 1083 5756 6.
1157 5699 1202 5730 ’³
1224 5700 1398 5756 Levit.
1426 5718 1572 5766 xxvr,
1606 5701 1787 5757 14³5⁸5.
1867 5705 1912 5734 ⁸⁵
1936 5702 2053 5756 ΤΜ-ι

2165 5695 2203 5766 ιέ
2227 5703 2281 5756 8.
2359 5705 2402 5735 η
2426 5702 2556 5758 ibid.
2581 5701 2667 5757 te.

562 5853 672 5926 (54)
697 5853 751 5911 ld
784 5863 883 5924 est,
909 5856 999 5926 qui
1028 5866 1081 5914 et
1107 5855 1238 5912 olim
1269 5871 1366 5912 sua
1397 5872 1544 5924 voce,
1569 5865 1622 5912 et
1651 5867 1766 5926 post
1796 5870 1889 5927 per
1916 5856 2126 5913 divinos
2155 5853 2315 5916 Vates
2349 5852 2564 5915 Judteos
2596 5855 2859 5916 allocutus
2889 5858 2977 5929 sit,
3012 5859 3091 5915 uti
3124 5858 3396 5918 existimo.

3981 529 3992 722 έι

3981 787 3995 1116 1
