4082 6294
355 343 469 423 865

1433 352 1824 424 DIALOGUS
1861 349 2161 413 CONTRA
2202 349 2536 414 ΙυΒλΕΟΒ.

3497 353 3606 416 866

352 483 474 524 suo.
525 465 711 525 Videte
774 478 831 523 ut
884 469 1083 522 Christi
1144 465 1347 524 occisio
1381 468 1645 522 malorum
1678 463 1924 519 omnium
1957 466 1997 522 Δ
2033 467 2142 513 tum
2160 458 2222 513 ³³.
2266 478 2285 512 ι
2330 491 2399 500 ·-
2453 481 2469 512 ι
2517 462 2794 527 Quomodo
2837 461 3044 518 obtexit
3075 462 3303 531 caligine
3341 463 3389 516 in
3430 465 3615 518 furore

353 563 648 616 maximum
711 565 801 616 sit.
825 560 1092 631 Equidem
1145 570 1197 615 et
1226 561 1380 624 alias,
1426 559 1622 630 inquit,
1686 575 1828 632 saepe
1877 561 1933 617 in

354 653 523 706 Deum
584 654 852 717 commisi,
895 655 986 708 sed
1043 656 1308 709 malorum
1354 654 1622 723 colophon
1686 655 1787 709 hoc
1826 665 1932 720 est,

352 759 462 814 quo
506 759 624 798 meo
682 743 915 799 facinore
945 745 1210 812 irritatus,
1266 756 1321 800 et
1356 745 1742 802 incandesceus
1767 744 1932 811 Deus,

354 848 444 890 tne
477 852 506 891 e
534 835 748 890 sublimi
790 839 1137 907 proculcavit.
1169 857 1187 890 ι
1230 836 1376 893 Misit
1418 838 1593 908 ignem
1629 838 1678 890 in
1707 838 1929 894 ossibus

356 929 516 990 meis,
568 940 618 982 et
649 929 858 982 induxit
892 931 1038 983 illum
1093 945 1256 998 super
1291 947 1395 985 me.
1430 949 1448 981 ι
1489 932 1601 983 Non
1664 930 1836 984 solum
1871 929 1931 983 ﬁ-

352 1019 567 1083 nitima,
606 1030 661 1072 ut
698 1034 854 1090 saepe,
909 1023 1000 1076 scd
1069 1037 1152 1075 me
1219 1025 1354 1079 adeo
1415 1028 1582 1076 totum
1641 1022 1927 1076 ambussit.

360 1135 379 1168 ι
426 1115 688 1184 Expandit
736 1129 848 1171 rete
886 1118 1110 1187 pedibus
1162 1117 1316 1184 meis,
1376 1118 1643 1172 convertit
1697 1132 1784 1170 me
1839 1131 1926 1170 re-

358 1211 615 1262 lrorsum.
657 1225 674 1256 ι
739 1205 872 1260 Rete
926 1208 1025 1259 hoc
1083 1205 1191 1260 Titi
1263 1209 1447 1275 copias
1517 1207 1781 1276 designat,
1834 1205 1926 1275 qui

351 1296 611 1350 verriculi
645 1296 818 1352 instar
855 1311 1043 1352 omnes
1110 1298 1393 1352 irretierit.
1434 1297 1570 1352 Nam
1628 1297 1732 1352 etsi
1790 1297 1928 1366 ignis

351 1388 624 1442 flanimam
661 1388 906 1443 nonnulli
944 1399 1254 1454 evaserunt,
1301 1400 1357 1443 at
1409 1391 1638 1443 militum
1665 1402 1926 1444 mucrone

349 1479 645 1550 oppetiere.
686 1497 705 1532 ι
748 1481 936 1535 Posuit
967 1491 1051 1535 tne
1075 1481 1394 1543 desolatam,
1432 1491 1540 1535 tota
1576 1481 1661 1534 die
1693 1492 1926 1543 ιηωτοτθ

349 1569 654 1627 confectam
692 1572 757 1625 “.
797 1574 816 1622 ι
875 1572 1040 1626 Totos
1087 1572 1206 1628 dies
1235 1589 1406 1627 aevum
1444 1587 1602 1628 omne
1628 1572 1713 1625 hic
1769 1571 1927 1625 intel-

349 1658 478 1728 lige.
522 1676 542 1709 ι
589 1658 911 1725 Desolatam,
957 1679 976 1712 ι
1024 1675 1117 1714 seu
1160 1662 1226 1714 ad
1265 1659 1488 1714 nihilum
1530 1661 1826 1725 redactam,
1856 1661 1924 1716 ob

352 1749 674 1818 imperium;
708 1768 728 1802 ¢
776 1765 1009 1805 maerore
1047 1748 1374 1813 confectam,
1412 1768 1430 1801 ι
1467 1749 1538 1803 ob
1581 1751 1918 1804 servitutem.

351 1855 375 1889 ι
413 1838 665 1907 Vigilavit
718 1854 882 1907 super
934 1839 1248 1909 iniquitates
1306 1855 1474 1903 meas,
1551 1843 1604 1893 in
1673 1843 1924 1894 manibus
1956 1809 1995 1863 Β
2031 1837 2329 1893 Pharaonis
2373 1855 2388 1893 :

347 1935 461 1990 suis
513 1937 924 2004 comprehendit
978 1951 1088 1990 me.
1121 1953 1140 1987 ι
1204 1935 1382 2003 Ipsum
1411 1919 1918 2003 admonui,‘inqnit,

347 2038 591 2077 meorum
628 2032 754 2078 ante
792 2023 1121 2087 facinorum,
1160 2025 1276 2077 ideo
1301 2023 1725 2092 circumquaque
1750 2023 1922 2092 copiis

343 2115 528 2170 cincta
569 2113 667 2170 fui.
696 2133 716 2166 ι
753 2116 1284 2189 Aggravavitjugum
1324 2131 1478 2172 suum
1520 2130 1686 2184 super
1723 2116 1919 2172 collum

349 2221 563 2271 meum,
595 2229 612 2259 ι
655 2209 709 2262 id
741 2218 843 2274 est,
873 2208 1149 2263 servitutis
1197 2209 1326 2279 j'ugo
1365 2209 1576 2263 dormiit
1607 2222 1712 2262 me.
1767 2225 1787 2259 ‹
1833 2208 1920 2261 Ιη-

348 2297 564 2356 ﬁrmata
595 2309 678 2354 est
726 2301 901 2358 virtus
929 2313 1070 2365 mea,
1107 2301 1253 2355 dedit
1281 2301 1544 2357 Dominus
1568 2302 1620 2356 in
1663 2302 1919 2354 manibus

347 2391 484 2447 meis
519 2392 751 2453 dolores,
791 2405 927 2461 quos
964 2407 1070 2446 non
1122 2394 1312 2460 potero
1344 2390 1584 2459 perferre
1615 2391 1683 2445 ³⁷.
1724 2408 1742 2444 ι
1785 2388 1921 2443 Tra-

345 2483 488 2537 ditos
529 2482 580 2536 in
609 2499 826 2538 nianum
859 2483 1098 2548 dolores,
1131 2483 1412 2537 servitutis
1443 2496 1716 2537 aeruumas
1740 2493 1914 2540 vocat.

350 2589 370 2625 ς
421 2570 621 2628 Oculus
675 2588 828 2628 meus
884 2572 1109 2628 deduxit
1139 2586 1330 2642 aquas.
1374 2592 1391 2625 ι
1430 2572 1810 2644 Lacryinosum
1836 2578 1919 2626 est

344 2667 490 2721 enim
539 2667 798 2738 quidquid
867 2666 1127 2720 servitum
1181 2667 1415 2721 ducitur.
1491 2682 1510 2717 ι
1559 2665 1691 2730 Quia
1758 2665 1915 2734 longe

343 2757 521 2813 factus
577 2769 660 2819 est
691 2774 719 2811 a
754 2774 838 2812 me
890 2757 1293 2818 consolator".
1342 2777 1360 2809 ›
1419 2757 1549 2810 Nam
1616 2757 1918 2813 mellitissi-

345 2865 493 2906 mum
531 2866 706 2906 meum
748 2852 993 2907 solamen
1033 2866 1062 2903 a
1101 2865 1185 2906 me
1213 2850 1374 2921 reieci
1407 2860 1570 2923 atque
1603 2851 1913 2906 amandavi.

348 2960 369 2995 ι
418 2942 742 2998 Sacerdotes
808 2944 912 2999 mei
981 2952 1036 2997 et
1091 2957 1251 2998 senes
1303 2945 1355 2997 in
1420 2945 1552 3001 urbe
1609 2947 1914 3015 consumpti

338 3045 492 3090 sunt.
543 3054 563 3088 ι
600 3035 983 3103 Quamobrem,
1025 3046 1192 3090 vates.
1236 3055 1256 3088 r
1291 3036 1424 3102 Quia
1469 3037 1796 3105 quaesierunt
1841 3038 1918 3092 ci-

2041 566 2140 606 suo
2169 551 2428 606 Dominus
2463 554 2624 606 tiliam
2661 553 2828 607 Sion?
2863 573 2882 604 ι
2923 553 3175 607 lncendio
3205 555 3473 610 exstincta
3504 564 3608 623 est,

2037 651 2119 697 est
2154 643 2299 698 enim
2335 646 2483 709 quasi
2522 645 2777 712 caligare,
2809 643 3058 697 incendio
3093 643 3383 711 exstingui.
3421 663 3438 694 ι
3486 643 3613 702 Pro-

2030 732 2160 802 iecit
2189 734 2252 787 de
2281 734 2417 789 cmlo
2450 735 2501 787 in
2537 744 2730 788 terram
2765 733 3016 803 inclytam
3053 732 3248 796 Israel;
3287 731 3331 763 ³⁸
3356 752 3375 784 ι
3413 749 3443 787 e
3476 734 3608 785 divi-

2035 825 2120 880 nis
2156 825 2407 880 manibus
2442 828 2660 887 amissa,
2691 839 2752 878 ac
2783 839 2882 894 pro
2914 825 3080 880 nihilo
3113 823 3289 881 habita
3322 835 3404 880 est
3436 825 3606 894 gloria

2030 915 2360 973 Iudaeorum.
2415 938 2432 969 ι
2487 919 2751 972 Oblivioni
2803 918 3020 972 tradidit
3068 918 3326 972 Dominus
3371 919 3425 972 in
3479 915 3607 972 Sion

2034 1008 2381 1064 l'csrivitatem
2440 1019 2493 1064 et
2543 1010 2859 1065 Sabbatum.
2916 1029 2935 1062 ι
2997 1009 3127 1064 Nam
3189 1011 3310 1078 quia
3369 1009 3610 1067 medenti

2032 1100 2286 1157 Sabbatis
2315 1103 2504 1171 Opiﬁci
2538 1102 2817 1173 Synagoga
2847 1103 3181 1168 succensuit,
3203 1101 3458 1172 abrogata
3484 1111 3611 1156 sunt

2031 1193 2166 1246 festa
2199 1196 2377 1247 omnia
2411 1205 2572 1262 atque
2605 1195 2865 1248 Sabhata.
2924 1213 2941 1244 t
2982 1192 3045 1247 Et
3090 1193 3142 1245 in
3175 1191 3521 1261 opprobrium
3555 1203 3610 1245 et

2030 1284 2450 1352 indignationem
2481 1288 2677 1340 furoris
2708 1288 2789 1340 sui
2828 1301 3008 1356 regem
3040 1295 3094 1338 et
3119 1285 3454 1338 sacerdotem
3481 1284 3546 1338 ".
3585 1303 3603 1337 υ

2029 1375 2177 1444 Quos
2215 1378 2304 1431 hic
2350 1380 2645 1434 memorat?
2687 1393 2876 1449 nempe
2923 1379 3182 1433 Herodem
3224 1385 3278 1430 et
3324 1377 3606 1447 Caipham,

2032 1473 2122 1540 qui
2157 1472 2370 1542 quidem
2407 1470 2896 1542 gloriosum'Deum
2930 1471 3324 1527 exacerbarunt
3360 1488 3370 1522 :
3410 1483 3512 1530 qua
3551 1487 3609 1524 re

2027 1564 2266 1618 oll’ensns
2293 1580 2514 1631 regnum
2545 1575 2704 1634 atque
2735 1565 3096 1620 sacerdotium
3125 1561 3443 1634 repudiavit.
3469 1562 3602 1618 Nam

2027 1655 2117 1723 qui
2146 1657 2193 1710 ei
2225 1656 2447 1725 repudio
2476 1656 2635 1711 bilem
2662 1657 2974 1721 movissent,
3001 1656 3240 1712 destituti
3272 1659 3368 1729 ipsi
3394 1673 3607 1728 quoque

2029 1748 2081 1800 in
2115 1749 2264 1816 plura
2293 1749 2418 1802 vitia
2457 1749 2759 1818 praecipites
2791 1749 2936 1817 iere;
2974 1751 3114 1818 passi
3146 1751 3399 1820 quiddam
3431 1750 3604 1806 instar

2442 1857 2460 1891 ς
2511 1839 2891 1909 lnduravitque
2933 1840 3191 1895 Dominus
3232 1856 3324 1896 cor
3365 1841 3606 1899 Pharao-

2031 1933 2134 1998 nis,
2173 1951 2192 1984 ι
2224 1933 2299 1986 ait
2325 1931 2600 2002 Scriptura
2622 1933 2702 1999 ";
2728 1933 2925 1987 etenim
2958 1949 3079 1988 cum
3117 1935 3338 1990 minime
3359 1936 3604 2010 flectere-

2032 2033 2137 2088 tur,
2169 2024 2364 2079 merito
2393 2025 2712 2081 obﬁrmatus
2744 2035 2847 2081 est.

2104 2130 2125 2164 ι
2154 2111 2377 2181 Repulit
2407 2113 2664 2168 Dominus
2689 2115 2860 2170 altare
2889 2131 3067 2178 suum.
3094 2118 3380 2172 maledixit
3403 2123 3606 2176 sancti-

2033 2204 2272 2261 ﬁcationi
2299 2206 2525 2261 ωηιξη.»
2565 2207 2637 2262 Ne
2666 2210 3074 2279 trituupbatote,
3110 2211 3298 2277 Judaei,
3330 2216 3403 2268 ait
3431 2225 3601 2283 vates,

2026 2297 2097 2352 ob
2132 2300 2424 2355 saeerdmil
2464 2300 2778 2369 dignitatem
2817 2316 2829 2354 :
2871 2312 3086 2371 propter
3122 2318 3215 2358 vos
3255 2308 3403 2359 enim
3445 2321 3600 2360 suum

2027 2381 2130 2444 sibi
2166 2391 2338 2446 altare
2373 2407 2438 2445 ac
2473 2393 2773 2447 sacrarium
2808 2393 3058 2448 amolitus
3094 2394 3337 2465 projecil,
3371 2411 3601 2466 quorum

2025 2480 2204 2534 oblata
2248 2497 2346 2552 pro
2387 2483 2519 2536 diris
2564 2483 2784 2537 haberet
2833 2502 2846 2538 :
2896 2503 2913 2535 ι
2962 2484 3122 2538 Luxit
3163 2489 3514 2553 antemurale,
3550 2492 3606 2542 et

2029 2587 2215 2626 murus
2259 2572 2462 2642 pariter
2506 2574 2800 2642 dissipatus
2841 2585 2946 2628 est.
2982 2575 3178 2630 Deﬁxae
3213 2587 3339 2631 sunt
3374 2577 3425 2630 in
3460 2587 3604 2633 terra

2028 2674 2200 2732 portae
2252 2666 2369 2734 ejus
2429 2681 2444 2719 :
2497 2667 2730 2734 perdidit
2780 2677 2833 2719 et
2880 2669 3138 2722 contrivit
3187 2681 3366 2724 vectes
3420 2670 3533 2738 ejus
3586 2690 3601 2726 :

2028 2772 2208 2827 regem
2244 2758 2362 2827 ejus
2396 2768 2451 2812 et
2482 2759 2753 2828 principes
2787 2759 2904 2827 ejus
2941 2764 2992 2813 in
3030 2763 3278 2829 gentibus
3320 2777 3335 2814 :
3381 2779 3486 2818 non
3523 2775 3606 2819 est

2026 2847 2144 2914 lex,
2181 2860 2235 2903 et
2277 2851 2552 2920 propheta:
2595 2853 2710 2922 ejus
2755 2866 2859 2906 non
2905 2852 3224 2908 invenerunt
3263 2856 3528 2910 visionem
3573 2874 3604 2910 a

2028 2941 2280 3000 Domino.
2304 2941 2570 2997 Sederunt
2605 2944 2655 2996 in
2688 2955 2854 3009 terra,
2885 2948 3268 3005 conticuerunt
3295 2964 3453 3004 senes
3481 2949 3602 3004 ﬁliae

2026 3037 2156 3090 Sion
2205 3051 2222 3089 :
2271 3046 2688 3104 consperserunt
2737 3036 2920 3091 cinere
2967 3040 3145 3108 capita
3196 3055 3326 3104 sua,
3372 3041 3602 3097 accincti

345 3126 471 3184 bum
511 3127 640 3193 sibi,
692 3135 748 3180 ut
782 3125 1150 3181 rcfocillarent
1199 3128 1435 3184 animam
1494 3145 1644 3182 suam
1677 3130 1743 3195 ",
1782 3148 1802 3181 ι
1865 3142 1915 3184 et
1941 3165 1988 3229 α
2023 3138 2148 3183 sunt
2196 3127 2422 3194 ciliciis,
2455 3126 2769 3198 abjecerunt
2812 3130 2863 3182 in
2915 3140 3115 3183 terram
3135 3131 3202 3200 ³⁸,
3239 3151 3259 3183 ι
3313 3133 3602 3201 primarius

348 3233 452 3273 non
480 3218 825 3278 invenerunt.
860 3219 1153 3283 Delicatus,
1192 3235 1255 3272 ac
1281 3216 1407 3273 luxu
1449 3221 1689 3287 perditus
1731 3218 1914 3274 Israe-

343 3310 489 3377 lites,
537 3312 839 3378 solemnem
880 3311 1059 3366 cibum
1097 3311 1346 3381 vestigat.
1381 3329 1401 3363 ‹
1444 3311 1810 3367 Conturbatus
1835 3321 1917 3367 cst

341 3406 536 3458 venter
593 3419 765 3471 meus,
809 3407 1123 3460 subversum
1155 3414 1237 3459 est
1267 3420 1358 3458 cor
1402 3418 1575 3460 meum
1608 3403 1660 3457 in
1693 3414 1918 3458 memet-

343 3493 462 3564 ipso
480 3494 545 3547 '°.
582 3513 600 3548 ι
633 3493 898 3560 Turbant,
931 3494 1126 3565 inquit,
1162 3496 1417 3550 intestina
1450 3506 1639 3565 optato
1669 3495 1792 3550 cibo
1821 3495 1917 3550 de-

346 3587 621 3655 fraudala,
651 3598 706 3645 et
736 3589 947 3643 animus
981 3598 1198 3643 mutans
1233 3589 1286 3642 in
1318 3589 1498 3657 priore
1535 3598 1677 3643 statu
1715 3601 1915 3644 manel.

345 3677 476 3742 Quae
500 3691 677 3731 rerum
697 3674 975 3732 calamitas
999 3678 1155 3732 istam
1182 3692 1365 3733 vocem
1389 3679 1661 3748 exprimit.
1684 3698 1702 3731 ι
1723 3678 1919 3736 Omnes

346 3769 479 3824 mihi
515 3771 565 3824 in
600 3769 940 3824 inimicitiam
975 3771 1100 3826 facti
1135 3777 1281 3827 sunt.
1319 3789 1338 3824 ι
1376 3769 1488 3826 Νοιι
1525 3773 1666 3827 enim
1715 3775 1916 3830 inimici

346 3862 542 3929 modo,
587 3866 681 3918 sed
730 3865 890 3918 amici
941 3878 1158 3936 quoque
1206 3863 1402 3918 infensi
1455 3880 1540 3921 me
1587 3880 1916 3937 oppugnant.

348 3957 694 4012 Exacerbans
726 3957 1041 4011 exacerbavi
1077 3956 1322 4026 spiritum
1355 3956 1446 4010 Dei
1474 3973 1489 4010 :
1529 3975 1547 4009 ι
1584 3957 1783 4014 Omnes
1813 3960 1916 4012 ini-

347 4051 472 4104 mici
505 4049 608 4104 mei
640 4049 930 4104 audierunt
958 4050 1156 4104 malum
1194 4064 1392 4113 meum,
1420 4049 1579 4104 laetati
1609 4059 1752 4116 sunt,
1783 4067 1920 4121 quo-

345 4145 494 4199 niam
525 4154 577 4200 tu
609 4143 807 4200 fecisti.
847 4161 866 4198 ι
903 4143 1110 4199 Excidii
1144 4146 1246 4198 mei
1280 4143 1428 4211 lapso
1461 4151 1722 4212 tempore,
1758 4144 1791 4197 ii
1828 4143 1918 4214 qui

348 4232 716 4291 moliebantur
747 4252 834 4291 me
864 4247 1132 4301 evertere,
1167 4235 1499 4304 triumphant
1531 4234 1665 4305 ('55),
1697 4235 1922 4290 audien-

353 4337 436 4383 tes
465 4345 493 4382 a
527 4339 621 4383 tuo
647 4330 869 4383 numine
895 4329 1161 4399 repulsam
1193 4343 1276 4383 me
1301 4339 1356 4382 et
1381 4327 1644 4398 dejectam
1671 4328 1918 4398 imperio.

351 4437 374 4475 ε
426 4421 710 4477 Adduxisti
762 4422 927 4486 diem,
962 4431 1016 4477 et
1060 4421 1263 4476 vocasti
1309 4429 1544 4494 tempus.
1585 4438 1604 4473 ι
1650 4421 1919 4487 Adducta,

2025 3221 2262 3291 virgines
2297 3218 2352 3274 in
2382 3217 2707 3274 Jerusalem.
2737 3218 2942 3276 Prioris
2974 3237 3086 3278 sua:
3117 3225 3392 3280 servitutis
3429 3228 3601 3298 (scili-

2024 3325 2110 3370 cet
2134 3315 2187 3366 in
2215 3313 2467 3384 Egypio)
2501 3329 2563 3369 ac
2594 3313 2846 3380 miseriae,
2871 3313 3070 3386 Deique
3098 3317 3413 3386 opitulantis
3437 3322 3600 3377 oblita

2023 3420 2155 3474 gens
2183 3404 2390 3470 Judtea,
2420 3418 2562 3460 nunc
2593 3405 2852 3475 pontiﬁcii
2887 3422 3055 3477 regno
3091 3423 3153 3462 ac
3188 3409 3501 3467 celebritate
3543 3431 3602 3469 se

2020 3497 2301 3567 jactabat;
2339 3513 2481 3554 nunc
2507 3499 2948 3568 propugnaculis,
2974 3509 3028 3553 et
3054 3500 3203 3555 urbis
3231 3504 3600 3570 munimentis,

2025 3607 2167 3647 nunc
2207 3593 2512 3661 principum
2558 3591 2834 3661 potentia,
2870 3592 3005 3662 legis
3049 3595 3328 3663 praesidio,
3363 3600 3599 3667 prophe—

2027 3692 2201 3738 tarum
2251 3685 2582 3748 visionibus,
2627 3685 2965 3740 sacerdotum
3011 3689 3286 3755 caelibatu;
3333 3691 3601 3746 interdum

2025 3775 2373 3844 superbiebat
2409 3791 2622 3846 quoque
2667 3783 2721 3830 et
2764 3776 3040 3845 pontiﬁcio
3081 3780 3281 3835 amictu
3327 3801 3340 3836 :
3387 3798 3594 3848 eorum,

2025 3881 2183 3940 quam
2234 3887 2355 3925 mox
2405 3872 2660 3940 propheta
2711 3871 2985 3925 interitum
3026 3873 3383 3941 prospiciens,
3421 3881 3599 3933 omnia

2024 3964 2368 4032 complexus,
2419 3965 2896 4018 condolentissime
2951 3979 3083 4019 sane
3134 3981 3196 4020 ac
3253 3971 3601 4026 ruassﬁssime

2025 4055 2382 4108 calamitatem
2418 4056 2736 4122 exsequitur
2764 4062 2818 4107 et
2844 4055 3139 4124 ampliﬁcat
3173 4073 3190 4116 ;
3226 4075 3244 4109 ι
3278 4058 3600 4116 Defecerunt

2024 4162 2135 4217 pia:
2183 4146 2435 4217 lacrymis
2484 4146 2625 4200 oculi
2673 4146 2811 4211 mei,
2849 4148 3174 4204 conturbata
3223 4159 3347 4204 sunt
3390 4153 3597 4207 viscera

2029 4254 2167 4304 nica,
2197 4236 2426 4293 effusum
2461 4248 2545 4293 est
2580 4240 2632 4292 in
2666 4246 2808 4292 terra
2843 4240 3009 4294 decus
3042 4255 3239 4295 meum.
3265 4261 3296 4290 ι
3333 4242 3597 4308 Quorsum

2027 4329 2142 4386 haec
2195 4339 2372 4394 vates,
2419 4329 2721 4398 quorsum?
2781 4347 2801 4383 ι
2864 4329 3038 4402 Super
3095 4335 3418 4391 contritione
3478 4337 3600 4393 ﬁliae

2028 4423 2204 4495 p0puli
2253 4424 2392 4486 mei,
2422 4437 2543 4481 cum
2593 4424 2848 4479 deﬁceret
2895 4426 3150 4494 parvulus
3200 4437 3255 4484 et
3299 4430 3500 4486 lactens
3548 4436 3599 4488 in

349 4514 552 4584 inquit,
606 4513 888 4585 Synagoga
948 4513 1084 4579 Deo,
1134 4514 1291 4568 hilari
1346 4515 1465 4581 die,
1520 4515 1791 4586 Unigeuiti
1853 4521 1928 4573 tui
1963 4532 2006 4588 ι)
2036 4514 2226 4586 plateis
2253 4512 2503 4583 oppidi...
2534 4512 2779 4583 Virgines
2808 4531 2960 4580 meae,
2989 4525 3043 4571 et
3064 4516 3290 4584 juvenes
3321 4525 3422 4576 mei
3452 4525 3601 4579 abie-

346 4609 621 4674 adventu;
657 4621 940 4678 postquam
988 4622 1107 4661 eam
1155 4607 1398 4664 volentes
1447 4607 1749 4678 rejecimus,
1784 4610 1925 4664 diem

348 4699 639 4765 vindicem,
664 4698 864 4753 citasti.
914 4718 932 4750 r
964 4698 1030 4752 Et
1051 4698 1203 4754 facta
1229 4712 1356 4754 sunt
1388 4702 1577 4756 domus
1618 4702 1672 4756 in
1701 4719 1788 4758 me
1803 4703 1868 4758 ³⁸.
1905 4723 1922 4756 i

2025 4619 2148 4662 runt
2185 4611 2240 4662 in
2283 4604 2674 4675 captivitatem,
2712 4605 3024 4662 ceciderunt
3067 4610 3120 4664 in
3163 4612 3372 4680 gladio;
3422 4616 3599 4671 inter-

2026 4697 2202 4753 fecisti
2240 4699 2290 4753 in
2327 4699 2412 4754 die
2441 4698 2640 4755 furoris
2679 4702 2752 4756 tui
2791 4719 2805 4756 :
2843 4705 3181 4773 percussisti,
3217 4722 3311 4761 nec
3349 4711 3600 4766 misertus

347 4789 435 4846 Me
462 4793 617 4861 quasi
646 4797 806 4846 domo
834 4794 1063 4862 quadam
1092 4805 1427 4863 comparata,
1451 4796 1584 4850 adeo
1614 4811 1676 4850 ac
1704 4795 1928 4864 perinde
2022 4810 2103 4849 es.
2133 4791 2348 4849 VocaSti
2386 4797 2538 4862 quasi
2576 4798 2644 4849 ad
2681 4798 2821 4850 diem
2858 4799 3171 4864 solemnem,
3203 4807 3289 4873 qui
3328 4815 3602 4862 terrerent

348 4883 582 4940 miseria:
617 4898 742 4940 sunt
778 4900 862 4939 me
897 4885 1175 4954 amplexae,
1209 4896 1268 4940 ut
1299 4888 1580 4941 continens
1615 4888 1806 4943 domus
1839 4905 1922 4953 ea,

345 4994 469 5050 qua:
519 4980 883 5032 continentur.
935 4980 1016 5033 Ac
1060 4975 1291 5034 fortasse
1348 4992 1400 5034 et
1455 4981 1556 5034 tale
1605 4981 1805 5052 aliquid
1853 4985 1925 5040 sit

346 5069 772 5138 intelligendum.
811 5069 1074 5135 Quoniam
1121 5069 1260 5124 Deus
1303 5071 1356 5124 in
1403 5070 1735 5144 Syuagogam
1777 5075 1920 5129 diem

344 5162 614 5216 vindicem
648 5161 838 5217 citavit
872 5177 886 5214 :
923 5179 940 5212 ι
982 5159 1241 5231 Sepulcra
1268 5175 1454 5215 eorum
1485 5161 1673 5216 domus
1705 5163 1920 5218 illorum

345 5256 402 5311 in
452 5263 714 5310 aeternum
759 5255 1004 5320 erunt”,
1043 5264 1101 5308 ut
1143 5256 1219 5309 ait
1260 5254 1461 5320 David,
1498 5263 1552 5310 et
1589 5271 1606 5309 :
1663 5273 1682 5308 ι
1715 5254 1922 5325 Repleti

346 5356 507 5416 sunt,
545 5350 632 5418 qui
677 5348 953 5404 obscurati
994 5358 1122 5404 sunt
1169 5356 1325 5404 terra:
1373 5348 1622 5403 domibus
1661 5349 1920 5418 iniquita.
1956 5405 1959 5408 ,

2027 4903 2110 4941 me
2143 4886 2210 4940 de
2245 4888 2477 4942 circuitu
2496 4888 2563 4944 ³³.
2603 4905 2622 4940 ι
2663 4887 2805 4943 Nihil
2841 4905 3096 4959 parcens,
3134 4894 3304 4964 inquit
3337 4903 3593 4966 propheta

2026 4993 2087 5034 ex
2141 4978 2440 5051 Synagogte
2485 4995 2718 5050 persona
2771 4985 2837 5036 ad
2883 4980 3089 5051 Deum,
3133 5001 3218 5041 me
3272 4992 3381 5043 coci
3433 4993 3598 5046 instar

2028 5071 2280 5138 divisisti,
2311 5083 2530 5127 evocata
2574 5073 2640 5127 ad
2684 5088 2768 5129 me
2808 5077 3044 5145 undique
3077 5078 3382 5132 accolarum
3418 5083 3594 5146 turba,

2030 5163 2276 5218 luctuoso
2319 5164 2452 5218 meis
2493 5165 2579 5220 die
2619 5175 2868 5237 tanquam
2909 5169 3154 5226 solemni.
3193 5188 3213 5224 ι
3258 5171 3324 5226 Et
3361 5188 3464 5228 non
3500 5176 3599 5231 fuit

2032 5259 2084 5310 in
2122 5256 2206 5310 die
2240 5254 2441 5310 furoris
2477 5255 2690 5311 Domini
2729 5258 2821 5328 qui
2865 5258 3144 5330 eﬂ‘ugeret,
3177 5271 3232 5316 et
3266 5262 3598 5333 relinquere-

2027 5348 2203 5404 tur".
2233 5367 2253 5400 ›
2297 5346 2475 5419 Usque
2509 5364 2573 5403 eo
2608 5350 2797 5406 divina:
2831 5352 2926 5406 irae
2957 5353 3232 5409 exinanita
3269 5353 3365 5409 faex
3400 5367 3504 5421 est,
3535 5365 3596 5412 ut

419 5509 465 5542 ει
489 5481 688 5564 Threii'.
715 5526 753 5573 ι,
786 5509 872 5580 t5.
915 5509 960 5542 ’τ
982 5510 1108 5565 ibid.
1139 5513 1221 5568 tt.
1279 5508 1324 5544 ι·
1349 5510 1475 5568 ibid.
1506 5511 1593 5566 is.
1660 5509 1924 5566 "ibid."

2032 5509 2076 5540 ³⁸
2100 5509 2226 5564 ibid.
2250 5508 2340 5564 20.
2380 5509 2433 5580 ‘1
2453 5510 2583 5568 ibid.
2605 5510 2698 5568 21.
2770 5511 2815 5544 ⁸²
2838 5511 2985 5571 Psal.
3011 5527 3192 5580 xcvm,
3215 5513 3300 5571 12.
3383 5513 3428 5548 ⁸³
3449 5514 3488 5568 Ρ
3522 5518 3592 5572 al.

349 5590 545 5646 utrm,
572 5579 660 5636 20.
737 5581 784 5614 “
806 5578 1007 5638 Tliren.
1031 5599 1092 5650 ιι,
1120 5584 1171 5640 l.
1245 5581 1291 5617 ⁸³
1330 5582 1459 5638 ibid.
1504 5580 1559 5639 6.

350 5651 557 5718 21,22.
635 5649 683 5683 ⁸ο
708 5650 839 5710 ibid.
862 5650 954 5706 22.

1635 5583 1680 5615 ³⁸
1722 5582 1890 5638 Exod.
1935 5594 2010 5646 lx,
2033 5582 2249 5650 passim.
2326 5581 2369 5614 ⁸⁷
2393 5578 2595 5639 Tbren.
2621 5598 2687 5650 ll,
2710 5583 2768 5642 7.
2839 5583 2883 5616 ³⁸
2902 5584 3034 5641 ibid.
3056 5578 3206 5642 8-10.

3285 5585 3329 5620 ³ο
3349 5587 3477 5642 ibid.
3499 5589 3526 5661 Δι
3543 5591 3594 5654 l,

456 5811 569 5886 (55)
611 5801 839 5872 Romani
877 5812 1294 5888 Hierosolymam
1331 5812 1674 5882 obsidentes,
1705 5821 1763 5870 ut
1791 5790 2047 5870 arbitror.
