4006 6284
255 352 364 420 869

1356 360 1749 425 DIALOGUS
1779 362 2082 424 CONTRA
2123 361 2454 426 JUD/EOS.

3414 358 3519 423 870

257 475 608 532 fundamenta
653 478 856 545 eius".
897 498 913 528 ι
961 477 1284 547 Complcvit,
1322 478 1375 531 id
1420 488 1525 542 est,
1563 481 1745 535 omnia
1793 480 1845 534 in
1875 483 1926 543 Α
1951 481 2073 533 dum
2112 481 2164 534 in
2202 480 2492 550 Evangelia
2527 494 2679 535 meus
2717 480 2967 535 Salvator
2999 479 3157 534 Josus
3190 480 3472 536 conﬁrmat
3504 498 3520 536 :

258 583 355 626 eos
390 570 644 624 vaticinia
682 571 996 641 complevit,
1032 571 1239 625 inauita
1276 572 1355 625 ira
1393 579 1648 642 tanquam
1685 572 1837 639 faece,

257 665 684 732 incandescens;
717 668 893 737 ignem
929 667 1193 732 incendit,
1222 671 1311 737 qui
1350 665 1571 723 Sionem
1607 684 1633 721 a
1672 668 1843 739 stirpe

258 757 500 812 funditus
537 760 859 829 absumpsit.
904 781 924 813 ι
967 760 1339 830 Reptaverunt
1371 761 1748 818 adolescentes
1786 765 1840 818 in

259 849 487 916 plateis,
541 851 728 919 polluti
785 864 913 908 sunt
962 853 1017 908 in
1071 858 1334 923 sanguine
1376 871 1499 910 eum
1549 873 1653 910 non
1707 873 1843 927 pos-

255 940 465 995 sent“.
501 961 518 989 ι
554 940 672 995 Non
700 952 839 1006 erat,
863 943 954 1013 qui
984 958 1078 998 eos
1112 954 1253 998 terra
1283 946 1561 1010 conderet,
1611 948 1843 1001 tumulus

257 1031 451 1097 platea:
501 1030 655 1087 facta!
685 1072 700 1097 ,
772 1034 954 1102 itaque
999 1049 1122 1089 cum
1171 1034 1513 1089 vestimentis
1566 1044 1839 1102 putruere.

263 1142 281 1172 ι
318 1120 645 1177 Defecerunt
672 1125 809 1179 oculi
838 1125 1006 1179 nostri
1036 1123 1099 1178 ad
1129 1126 1390 1178 auxilium
1424 1134 1695 1188 nostrum,
1720 1139 1841 1178 cunt

257 1230 399 1267 vana
433 1217 955 1285 respectaremus“.
996 1235 1015 1270 ι
1058 1217 1420 1273 lntermortua
1458 1217 1597 1285 apud
1633 1232 1730 1272 nos
1762 1226 1847 1270 est

260 1312 542 1377 protllietae
589 1310 754 1364 David
795 1325 914 1364 vox.
941 1311 1030 1364 illa
1076 1326 1091 1363 :
1137 1306 1316 1365 nullus
1357 1311 1447 1378 qui
1487 1324 1607 1363 cum
1651 1309 1845 1363 ﬁducia

252 1398 435 1456 dieat:
466 1417 483 1450 ι
510 1397 742 1463 Deus,in
768 1398 1094 1469 adjutorium
1122 1412 1299 1454 meum
1325 1399 1570 1463 intende;
1598 1398 1843 1464 Domine,

251 1490 321 1545 ad
359 1490 721 1560 adiuvandum
751 1507 835 1546 me
857 1488 1055 1547 festina
1074 1492 1143 1546 ".
1174 1509 1194 1544 ι
1227 1520 1295 1530 ——
1331 1509 1350 1543 ι
1390 1488 1743 1560 Respeximns
1775 1490 1843 1544 ad

247 1595 468 1654 gentem
497 1598 614 1653 quae
638 1584 849 1640 salvare
876 1600 982 1639 non
1012 1584 1313 1655 poterat".
1344 1603 1362 1636 ι
1394 1583 1527 1651 Quia
1565 1584 1711 1637 enim
1750 1584 1842 1639 Dei

254 1690 456 1731 nomen
511 1688 565 1730 et
594 1676 851 1731 auxilium
882 1675 1190 1746 rejecimus,
1220 1676 1340 1731 ideo
1368 1677 1419 1730 in
1453 1693 1555 1731 non
1586 1675 1839 1732 defensu-

258 1784 373 1823 ram
406 1780 620 1837 gentem
657 1770 1021 1825 intuebamur.
1059 1789 1078 1823 ι
1114 1770 1308 1826 Facies
1346 1772 1691 1827 sacerdotum
1732 1785 1839 1826 non

1900 676 1903 677 '
1948 665 2318 720 testimonium
2378 666 2630 720 omnibus
2683 667 2934 736 gentibus
2990 683 3003 719 :

1952 593 1968 622 ι
2002 572 2392 629 Prmdicabitur
2418 575 2515 629 hoc
2545 575 2891 644 Evangelium
2921 575 2974 627 in
3006 574 3258 628 universo
3288 575 3440 638 orbe,
3467 574 3521 627 in

3061 676 3115 720 et
3164 674 3294 720 tunc
3340 669 3520 720 veniet

1945 758 2437 813 consummatio".
2498 778 2515 810 ι
2573 756 2711 824 Quin
2776 758 2828 811 in
2878 772 2973 811 vos
3030 772 3273 826 quoque,
3317 758 3406 827 qui
3466 766 3523 813 ttt

1948 849 2293 915 beneﬁcium,
2326 852 2420 906 sed
2456 865 2641 905 revera
2676 864 2879 904 meram
2912 859 3142 919 pestem.
3172 851 3520 921 exspectatis,

1950 943 2115 1000 multa
2154 943 2361 997 atrocia
2399 943 2542 1007 edet,
2574 944 2696 997 chm
2730 942 2816 995 vix
2862 940 3076 997 tandem
3113 941 3520 1008 resipiscentes,

1948 1043 2241 1089 nostratem
2277 1036 2466 1099 Deum,
2494 1051 2679 1090 verum
2708 1034 3007 1098 Christum,
3036 1034 3305 1104 supplices
3331 1035 3526 1090 adora-

1950 1138 2061 1182 tum
2100 1130 2351 1192 venietis,
2386 1139 2436 1182 et
2473 1144 2567 1198 per
2606 1127 3030 1197 regenerationis
3072 1127 3347 1181 lavacrum
3384 1127 3526 1182 illio-

1917 1237 2065 1293 _rtttn
2091 1221 2180 1275 Dei
2211 1222 2555 1289 adoptionem
2587 1221 2879 1290 recipietis,
2904 1232 2956 1272 ut
2982 1230 3035 1273 ct
3063 1220 3224 1273 lsa'tas
3250 1228 3516 1276 testatur:

1952 1333 1971 1367 ε
2030 1314 2162 1369 Cum
2214 1315 2490 1382 plenitudo
2539 1316 2779 1384 gentium
2832 1314 3137 1378 intraverit,
3171 1326 3298 1367 tunc
3343 1314 3520 1368 omnis

1947 1407 2115 1462 lsrael
2158 1408 2542 1463 salvabitur".
2579 1424 2598 1459 ι
2647 1406 2761 1473 Qua
2807 1408 2873 1461 de
2911 1424 3073 1461 causa
3111 1417 3379 1462 veterator
3414 1423 3525 1477 prie

1946 1498 2159 1556 caeteris
2192 1516 2250 1554 se
2287 1499 2560 1555 crudelem
2596 1500 2745 1554 vobis
2779 1500 3057 1569 praebebit,
3089 1502 3177 1569 qui
3210 1516 3317 1554 non
3350 1501 3523 1556 solum

1946 1595 2068 1647 aliis
2116 1593 2368 1647 omnibus
2416 1591 2540 1646 odio
2592 1592 2688 1657 sit,
2738 1592 2832 1647 sed
2883 1592 3043 1647 etiam
3098 1593 3270 1647 vobis.
3317 1592 3415 1659 Qui
3470 1603 3528 1648 ut

1948 1701 2128 1755 regem
2160 1696 2216 1740 et
2248 1683 2569 1740 beneﬁcium
2602 1684 2889 1740 venturum
2923 1685 3239 1753 prmstolati,
3272 1686 3524 1739 damnata

1948 1777 2209 1846 ﬂagitiosa
2264 1776 2679 1843 inhumanitate,
2718 1777 2859 1831 illico
2914 1778 3184 1842 resilietis,
3221 1779 3291 1838 ad
3335 1792 3523 1831 verum

256 1861 618 1917 erubuerunt.
653 1882 674 1916 ι
712 1863 832 1930 Dei,
859 1864 1054 1932 inquit,
1084 1864 1514 1918 misericordiam
1547 1864 1841 1919 sceleribus
1868 1835 1915 1893 Β
1944 1869 2244 1932 Christum,
2280 1868 2363 1922 cui
2410 1868 2636 1937 gloriam
2685 1868 2954 1935 tribuatis,
2986 1867 3309 1926 conlluxuri.
3342 1861 3527 1937 Neque

252 1955 459 2017 nostris
506 1954 860 2019 exclusimus,
898 1971 1068 2017 quare
1120 1970 1221 2011 nec
1272 1959 1612 2010 sacerdotum
1664 1955 1843 2012 vultus

251 2048 473 2101 reveriti
519 2059 644 2102 sunt
680 2049 883 2103 hostes.
927 2068 945 2099 ι
989 2048 1173 2119 Neque
1208 2064 1397 2104 senum
1435 2050 1646 2105 miserti
1690 2058 1838 2116 sunt,

251 2142 434 2195 venali
490 2152 616 2196 sunt
665 2146 918 2211 parvulos
961 2154 1206 2210 nostros,
1243 2146 1503 2201 ne-irent
1544 2146 1601 2201 in
1636 2147 1840 2216 plateis

249 2234 459 2299 nostris
481 2234 550 2288 τ’.
588 2253 608 2285 ι
648 2235 1047 2303 Disparuerunt
1080 2237 1319 2308 vestigia
1348 2250 1549 2303 nostra,
1581 2254 1710 2309 ergo
1746 2238 1840 2295 de-

249 2324 379 2381 fecit
406 2325 800 2393 ittiquitastna,
840 2326 948 2381 tilia
987 2327 1137 2394 Sion,
1170 2324 1221 2381 id
1254 2337 1359 2393 est,
1387 2328 1583 2396 deleta,
1609 2328 1840 2399 amplius

246 2416 459 2487 culpam
497 2434 599 2473 non
637 2419 912 2477 admittes.
949 2438 968 2472 ε
1010 2419 1127 2474 Non
1166 2421 1329 2475 addet
1371 2418 1631 2477 DOminus
1673 2421 1834 2490 ultra,

248 2520 311 2563 ut
366 2510 741 2579 transmigrct.
796 2531 814 2563 ι
874 2509 991 2566 Non
1052 2522 1357 2577 revertere,
1407 2512 1613 2583 inquit,
1663 2526 1838 2581 neque

247 2601 484 2671 amplius
533 2603 866 2673 relegabcre.
894 2604 1071 2672 Atque
1120 2606 1167 2659 id
1212 2619 1397 2659 verum
1439 2618 1579 2667 esse,
1608 2604 1836 2674 probant

248 2694 531 2762 sequentia
594 2712 609 2749 :
685 2712 726 2746 (Ἴ
778 2693 1031 2750 Visitavit
1092 2696 1464 2766 iniquitatem"
1510 2703 1682 2763 tuam,
1712 2696 1833 2750 'ﬁlia

250 2783 465 2852 Edam;
504 2804 524 2839 ι
569 2802 675 2842 non
714 2787 862 2858 virga
899 2802 1054 2854 sane,
1085 2800 1147 2844 ut-
1175 2800 1297 2843 ante
1340 2798 1682 2859 persecutus,
1710 2805 1832 2845 cum

244 2888 303 2934 te
355 2881 636 2950 castigans
696 2890 1009 2950 resanaret,
1057 2884 1152 2937 sed
1213 2882 1478 2937 occidioni
1542 2884 1828 2940 mandans.

248 2988 273 3021 ς
333 2968 711 3041 Discooperuit
764 2981 980 3043 peccata
1037 2972 1209 3041 tua",
1261 2993 1281 3026 ι
1342 2973 1392 3030 id
1440 2983 1557 3041 est,
1597 2975 1834 3047 explevit

244 3076 474 3118 omnem
502 3063 879 3133 iram'justam,
914 3070 1067 3121 tectis
1094 3067 1200 3121 tuis
1234 3066 1554 3134 sceleribus,
1583 3077 1645 3124 ut
1672 3074 1829 3139 aqua:

249 3155 298 3207 vi
329 3166 384 3210 et
416 3157 569 3225 copia
603 3171 753 3211 mare
784 3160 1052 3227 operitur.

323 3247 432 3302 Sed
467 3264 539 3303 ne
573 3253 674 3304 hoc
711 3260 1121 3321 argumentum,
1153 3254 1218 3308 ad
1254 3253 1556 3309 doctrinam
1588 3263 1644 3310 et
1678 3254 1834 3311 insti-

252 3342 519 3396 tutionem
566 3354 904 3409 susceptum,
936 3346 1216 3399 materiam
1260 3343 1438 3401 luctus
1476 3355 1545 3399 et‘
1570 3344 1838 3400 lamenta-

250 3434 420 3496 tiouis
445 3434 759 3500 reddamus,
782 3437 848 3492 ad
881 3436 1132 3510 inclytam
1165 3450 1219 3493 et
1244 3439 1481 3495 divinam
1510 3440 1697 3510 gratiae
1720 3437 1834 3511 (56)

248 3526 601 3594 disciplinam
650 3530 888 3584 orationi
935 3530 1296 3601 gubernacula
1335 3531 1641 3587 ﬂectamus.
1674 3532 1839 3602 Igitur

247 3619 451 3673 accidit
482 3617 875 3690 Hiemsolymac
908 3622 1132 3677 vastitas
1170 3638 1314 3677 anno
1348 3623 1418 3677 ab
1451 3623 1581 3677 orbe
1619 3623 1838 3678 condito

247 3713 539 3782 quinquies
586 3714 905 3782 millesimo,
935 3716 1372 3785 quingentesimo
1406 3716 1563 3771 tertio
1595 3725 1648 3771 et
1680 3732 1837 3771 sexa—

244 3807 453 3874 gesimo
490 3823 503 3858 :
545 3820 717 3876 usque
748 3807 814 3861 ad
852 3817 1169 3876 praesentem
1205 3824 1353 3872 vero,
1388 3808 1566 3864 sexies
1601 3808 1837 3871 ,millesi-

249 3916 400 3956 mntn
469 3901 978 3971 octingentesimum
1048 3915 1301 3957 octavum
1370 3911 1424 3957 et
1484 3903 1748 3958 decimum
1817 3921 1830 3957 :

248 3992 419 4049 Judaei
454 3996 584 4048 totis
619 3994 763 4061 mille
795 3996 1045 4049 ducentis
1081 3998 1322 4067 quinque
1357 4005 1413 4051 et
1446 3995 1829 4066 quinquaginta

248 4088 373 4143 sine
412 4104 579 4157 regno
626 4090 897 4143 exsulant.
930 4086 1048 4143 Jam
1097 4090 1280 4143 mundi
1331 4097 1503 4143 status
1531 4096 1587 4143 et
1631 4091 1831 4145 incolu-

248 4184 434 4251 mitas,
472 4190 530 4236 ut
562 4183 629 4236 de
665 4180 879 4238 vatibus
915 4183 1248 4252 accepimus,
1284 4181 1351 4239 ab
1390 4179 1595 4253 Opilice
1630 4193 1834 4252 septem

249 4275 503 4330 natatibus
536 4274 805 4343 descripta
837 4282 941 4329 est.
972 4273 1124 4337 Quod
1159 4283 1214 4329 et
1247 4272 1501 4330 Salomon
1535 4275 1613 4330 ait
1646 4292 1659 4329 :
1702 4293 1721 4326 ι
1763 4274 1833 4328 Da

249 4378 462 4439 partem
497 4378 724 4436 septem,
749 4382 967 4422 necnon
997 4378 1051 4421 et
1075 4365 1281 4435 octo“,
1311 4385 1333 4419 ι
1366 4378 1613 4423 octavam
1644 4381 1838 4424 n0tans

250 4463 496 4521 futuram
553 4460 700 4514 illam
755 4470 809 4514 et
860 4461 1247 4515 immortalem.
1297 4460 1507 4528 Quibus
1561 4461 1833 4524 decursis,

1952 1977 2082 2018 vero
2117 1961 2218 2015 alia
2255 1960 2427 2030 gratia
2462 1960 2640 2015 dirum
2678 1960 2914 2016 hominis
2950 1970 3250 2016 monstrum
3285 1972 3371 2017 est
3401 1976 3528 2016 ven-

1942 2063 2144 2117 turum,
2180 2052 2283 2107 nisi
2322 2053 2390 2107 ob
2426 2051 2704 2106 hominum
2739 2051 2960 2117 delicta,
2994 2067 3103 2120 quo
3134 2068 3228 2106 eos
3260 2062 3526 2115 vexet,ret

1942 2159 2100 2200 omne
2132 2145 2383 2199 vitiorum
2415 2161 2584 2214 genus
2617 2144 2865 2208 invehat;
2902 2154 3153 2199 caeterum
3186 2160 3354 2199 annos
3386 2147 3524 2198 duos

1942 2252 2064 2294 cum
2093 2236 2315 2294 dimidio
2340 2238 2429 2291 ubi
2464 2253 2640 2291 rerum
2674 2240 2929 2307 potietur,
2952 2240 3419 2294 exterminabitur.
3444 2236 3519 2293 Eu

1941 2345 2162 2403 quoque
2195 2332 2585 2401 prophetarum
2618 2333 2861 2386 doctrina
2892 2340 2995 2387 est.

2523 2465 2753 2521 CAPUT
2792 2466 2958 2523 XLII.

2384 2580 2459 2636 De
2490 2580 2803 2635 Antichristi
2832 2584 3080 2637 adcentu.

2009 2695 2251 2752 Danielis
2294 2696 2508 2766 quidem
2550 2696 2616 2750 de
2658 2711 2720 2750 eo
2764 2697 2878 2751 haec
2920 2708 3043 2751 sunt
3078 2699 3238 2751 verba
3276 2716 3289 2752 :
3333 2699 3524 2755 Veniet

1937 2790 2204 2859 impostor
2250 2799 2302 2843 et
2344 2790 2749 2856 calumniator,
2805 2808 2822 2839 ι
2878 2789 2950 2843 Et
2993 2800 3213 2846 sanctos
3261 2790 3519 2847 Altissimi

1938 2892 2184 2938 conteret
2219 2900 2234 2938 :
2263 2895 2318 2937 et
2350 2884 2560 2953 putabit
2589 2886 2728 2953 quod
2763 2880 2932 2951 possit
2958 2891 3171 2938 mutare
3204 2897 3442 2954 tempora
3470 2897 3522 2940 ct

1935 2976 2105 3044 leges,
2131 2982 2184 3030 et
2219 2974 2503 3030 tradentur
2535 2976 2586 3028 in
2624 2989 2783 3028 manu
2823 2974 2939 3044 ejus
2978 2990 3147 3045 usque
3182 2975 3244 3028 ad
3284 2985 3516 3046 tempus,

1933 3076 1989 3123 et
2024 3076 2264 3135 tempora
2307 3075 2363 3122 et
2408 3052 2693 3122 dimidium
2741 3067 3082 3135 temporis".
3119 3086 3138 3121 ι
3189 3068 3262 3123 De
3311 3067 3520 3127 vafritie

1863 3198 1907 3256 Ο
1940 3171 2119 3215 autem
2153 3160 2298 3216 illius
2327 3159 2569 3230 loquitur
2590 3158 2855 3215 Jeremias
2892 3179 2904 3214 :
2952 3179 2969 3213 ι
3009 3159 3279 3215 Clamavit
3308 3164 3518 3233 perdix,

1944 3252 2292 3325 congregavit
2323 3269 2442 3325 quae
2478 3269 2585 3308 non
2621 3256 2822 3324 peperit
2862 3270 2875 3307 :
2912 3253 3116 3308 faciens
3145 3254 3361 3309 divitias
3393 3271 3521 3311 suas

1940 3363 2045 3401 non
2092 3361 2215 3399 cum
2257 3342 2464 3418 judicio
2506 3363 2519 3400 :
2569 3347 2622 3400 itt
2667 3345 2894 3402 dimidio
2937 3346 3145 3401 dierum
3192 3347 3311 3417 ejus
3350 3350 3520 3404 relin-

1938 3450 2106 3510 quent
2132 3454 2280 3506 eum,
2305 3450 2359 3495 et
2391 3442 2442 3493 in
2480 3440 2791 3495 novissimis
2823 3443 2935 3496 suis
2967 3442 3069 3496 erit
3103 3441 3452 3511 insipiens".
3491 3462 3508 3493 ι

1940 3531 2085 3587 idem
2119 3548 2335 3588 rursum
2367 3548 2383 3590 :
2426 3551 2442 3584 ι
2477 3529 2794 3587 Maledictus
2840 3533 3033 3597 homo,
3069 3534 3159 3603 qui
3206 3532 3425 3605 conlidit
3468 3534 3519 3585 in

1939 3624 2187 3692 homine,
2232 3635 2286 3681 et
2341 3625 2489 3693 ponit
2538 3641 2755 3679 carnem
2810 3623 3092 3679 brachium
3151 3640 3341 3691 suum,
3385 3635 3441 3681 et
3492 3641 3522 3679 a

1942 3722 2170 3777 Domino
2214 3720 2416 3775 recedit
2453 3735 2547 3773 cor
2580 3719 2718 3789 eius.
2761 3719 2874 3773 Erit
2914 3721 3056 3773 enim
3102 3719 3254 3785 quasi
3300 3719 3521 3789 myricae

1941 3816 1995 3870 in
2033 3816 2273 3879 deserto,
2307 3823 2361 3868 et
2391 3827 2497 3866 non
2532 3812 2735 3867 videbit
2765 3828 2885 3866 cum
2918 3814 3125 3866 venerit
3159 3811 3388 3873 bonum;
3426 3811 3520 3866 sed

1942 3908 2210 3965 habitabit
2238 3907 2289 3961 in
2325 3906 2570 3961 siccitate
2604 3907 2654 3959 in
2684 3905 2918 3967 deserto,
2949 3906 2999 3957 in
3039 3914 3180 3958 terra
3206 3903 3519 3975 salsuginis,

1940 4013 1995 4057 et
2027 3999 2449 4059 inhabitabili".
2490 4016 2509 4050 ›
2559 3997 2623 4054 Et
2662 4013 2872 4054 rursum
2920 4017 2934 4052 :
2986 4016 3004 4050 ε
3049 3997 3103 4050 in
3151 3995 3241 4051 illo
3280 4007 3522 4067 tempore

1941 4096 2154 4152 dicetur
2184 4092 2380 4164 populo
2414 4092 2539 4147 huic
2571 4102 2627 4151 et
2654 4090 2953 4151 Jerusalem
2987 4105 3005 4146 :
3037 4087 3272 4158 Spiritus
3314 4091 3522 4145 erroris

1940 4188 1994 4241 in
2043 4188 2287 4253 deserto;
2332 4184 2418 4239 via
2471 4184 2592 4241 ﬁliae
2633 4183 2816 4254 populi
2863 4183 2999 4244 mei,
3038 4197 3141 4238 non
3185 4182 3252 4239 ad
3294 4196 3521 4251 purum,

1942 4293 2119 4347 neque
2150 4277 2215 4332 ad
2254 4286 2532 4348 sanctum.
2567 4273 2801 4344 Spiritus
2835 4274 3147 4341 repletionis
3181 4272 3356 4333 veniet
3390 4272 3519 4331 mihi

1940 4374 2007 4429 ab
2041 4374 2145 4428 his.
2178 4373 2315 4427 Ecce
2346 4370 2497 4440 quasi
2531 4371 2706 4428 nubes,
2737 4369 3013 4432 ascendet,
3042 4378 3095 4423 et
3125 4367 3279 4437 quasi
3317 4376 3521 4436 tempe.

1941 4475 2052 4531 stas
2088 4478 2281 4518 cur-rus
2310 4461 2444 4529 eius,
2499 4461 2796 4519 velociores
2829 4460 3025 4530 aquilis
3057 4460 3178 4528 equi
3213 4461 3327 4526 ejus
3362 4476 3375 4510 :
3410 4472 3514 4513 vox

249 4554 479 4608 exsistet
509 4551 651 4609 {teda
684 4551 920 4605 hominis
952 4552 1088 4617 lues,
1118 4550 1266 4615 illex,
1291 4564 1345 4605 et
1373 4552 1653 4620 impostor,
1678 4567 1833 4620 quem
1870 4546 1912 4615 Ι)
1943 4557 2086 4613 enim
2130 4554 2499 4625 annuntiantis
2530 4569 2561 4608 e
2597 4553 2711 4609 Dan
2738 4553 3011 4620 veniet“.
3049 4571 3066 4604 ο
3110 4549 3174 4604 Et
3206 4550 3311 4604 alio
3348 4553 3463 4606 loco
3501 4569 3516 4603 :

253 4661 350 4703 vos
374 4644 653 4702 Christum
688 4655 851 4713 atque
874 4659 1053 4715 regem
1085 4626 1609 4715 perbibetisNeniét
1631 4654 1831 4710 autem,

252 4755 360 4794 non
401 4750 459 4795 ttt
490 4753 642 4794 meus
677 4738 936 4797 Servatur
970 4748 1133 4809 atque
1173 4738 1351 4804 Deus,
1404 4740 1732 4809 redemptor,
1764 4754 1830 4793 ac

251 4832 443 4895 salutis
484 4833 679 4885 vindex
733 4832 1017 4897 humanm;
1070 4836 1164 4887 sed
1222 4841 1379 4897 teter,
1426 4841 1478 4885 et
1527 4831 1827 4894 infaustus,

250 4924 613 4989 calamitates,
644 4938 928 4993 angorem,
958 4925 1097 4979 mala
1124 4924 1325 4989 omnia,
1357 4934 1412 4978 et
1442 4923 1691 4981 miserias
1722 4934 1831 4977 tra-

252 5016 412 5073 hens.
444 5015 578 5071 Nam
619 5017 755 5070 adeo
787 5019 1201 5072 simulacrorum
1238 5018 1439 5072 cultum
1474 5032 1578 5072 non
1617 5032 1834 5087 compe-

252 5118 391 5173 scet,
419 5117 514 5163 aut
542 5112 609 5162 ad
640 5107 732 5163 Dei
770 5110 1017 5167 notitiam
1053 5120 1241 5180 gentes
1274 5110 1527 5174 adducet,
1558 5118 1615 5163 ut
1647 5120 1837 5164 contra

252 5210 307 5255 et
347 5214 593 5256 errorem
638 5201 937 5270 publicare,
972 5210 1027 5254 ct
1073 5210 1227 5271 aptos
1276 5200 1367 5255 Dei
1409 5201 1609 5255 notitiae
1648 5217 1836 5256 omnes

253 5302 466 5361 nectus,
497 5293 565 5356 ab
594 5306 659 5345 ea
695 5292 984 5348 demovere
1023 5294 1091 5350 sit
1123 5280 1442 5352 conaturus.
1476 5296 1833 5362 quemadmo-

325 5471 368 5502 "
393 5470 596 5526 Thren.
636 5485 685 5522 tv
706 5469 799 5531 il.

254 5539 303 5574 "
334 5540 512 5595 Eccle.
540 5555 616 5605 ιι,
638 5539 693 5593 2.
802 5541 845 5573 ⁷⁸
872 5541 1058 5595 Matth.
1086 5557 1233 5607 ntv,
1257 5544 1343 5596 14.

875 5470 921 5502 ⁸⁸
945 5470 1075 5524 ibid.
1100 5471 1184 5526 i4.
1228 5470 1272 5503 "
1300 5473 1429 5528 ibid.
1460 5474 1545 5525 17.
1586 5472 1631 5504 ⁷⁸
1660 5472 1801 5529 Psal.
1828 5488 1976 5532 Lm,
2006 5474 2059 5528 i.

1455 5546 1501 5576 "
1531 5545 1634 5597 lsa.
1662 5560 1772 5607 th,
1795 5542 1896 5610 20;
1935 5542 2094 5597 Rom.
2118 5558 2195 5608 XI,
2217 5542 2308 5594 25.

1944 4666 1964 4701 ι
2000 4648 2045 4704 Α
2077 4649 2189 4706 Dan
2220 4648 2432 4705 auditus
2465 4656 2546 4704 est
2580 4645 2825 4703 fremitus
2858 4661 3119 4716 equorum
3152 4643 3290 4712 ejus,
3326 4659 3522 4699 θανοοο

1936 4742 2244 4798 hinnituum
2300 4749 2659 4811 pugnatorum
2714 4738 2835 4807 ejus
2887 4744 3156 4793 commota
3206 4745 3292 4791 est
3339 4737 3519 4791 oculis

1936 4842 2079 4891 terra
2120 4851 2133 4889 :
2167 4844 2222 4888 et
2246 4842 2508 4887 venerunt
2533 4842 2585 4886 et
2612 4832 3014 4887 devoraverunt
3047 4838 3352 4894 terram,qu
3394 4828 3514 4897 ple-

1946 4929 2243 4984 nitudinem
2270 4926 2386 4994 ejus
2411 4942 2426 4980 :
2449 4926 2638 4981 urbem
2661 4935 2713 4980 et
2738 4924 3067 4979 habitatores
3092 4923 3289 4996 cjusf“.
3320 4941 3337 4974 ι
3364 4922 3520 4986 Qum-

1945 5019 2171 5074 rendntn
2211 5030 2399 5072 verum
2449 5024 2552 5080 est,
2590 5030 2689 5070 cur
2733 5014 2820 5071 hic
2869 5014 3132 5085 propheta
3178 5012 3335 5082 hujus
3380 5011 3514 5074 Dan,

1947 5127 2053 5167 non
2085 5109 2275 5175 semel,
2303 5111 2398 5164 sed
2443 5111 2525 5165 bis
2560 5109 2820 5163 meminit.
2853 5106 2995 5161 Cur?
3026 5106 3098 5159 Ex
3135 5104 3276 5159 tribu
3309 5100 3443 5166 Dan,
3465 5109 3519 5154 et

1939 5204 2155 5267 .ludam,
2184 5210 2239 5257 et
2270 5201 2664 5255 Antichristum
2711 5198 3040 5268 prodituros.
3072 5196 3255 5264 Itaque
3285 5194 3352 5248 de
3384 5192 3519 5246 θυαε

1942 5302 2053 5353 haec
2094 5305 2218 5350 sunt
2252 5293 2466 5350 lsraelis
2503 5295 2663 5350 verba
2713 5310 2728 5346 ;
2780 5310 2797 5342 t
2832 5287 2955 5343 Erit
2992 5289 3104 5342 Dan
3147 5284 3513 5355 serpentis-1.)

2693 5469 2737 5499 τ’
2764 5468 2894 5520 ibid.
2922 5466 3122 5531 16,18.
3198 5466 3244 5498 ⁷³
3268 5465 3399 5520 ibid.
3424 5464 3515 5519 22.

2955 5540 2999 5569 '“’
3018 5538 3219 5593 Jerem.
3246 5552 3379 5601 xvn,
3422 5537 3510 5590 ll.

2135 5473 2175 5504 "'
2203 5468 2407 5524 Thren.
2432 5485 2506 5529 tv,
2533 5470 2616 5524 i7.
2693 5469 2737 5499 τ’
2764 5468 2855 5519 ibit

2135 5558 2195 5604 tl,
2217 5542 2308 5594 25.
2409 5541 2455 5572 τ’
2482 5539 2619 5594 Dan.
2645 5554 2740 5604 vn,
2764 5537 2855 5593 25.

255 5609 301 5645 "
326 5611 455 5668 ibid.
479 5611 533 5673 5,
559 5610 611 5666 6.
688 5612 735 5644 ”
758 5612 958 5679 Jerem.
986 5627 1057 5685 tv,
1082 5613 1170 5679 ii,
1197 5613 1283 5666 l2.
1359 5614 1402 5644 ⁸¹
1427 5611 1627 5668 Jerem.
1654 5630 1768 5681 vtn,
1796 5609 1889 5669 16.
1957 5614 2003 5646 ⁸¹
2026 5614 2160 5671 Gen.
2184 5626 2327 5677 sttit,
2354 5610 2439 5665 i7.

329 5772 441 5841 ('56)
473 5773 530 5825 ιδ
564 5781 666 5835 est,
695 5772 1020 5842 evangelicae
1055 5773 1314 5842 doctrina:
1341 5789 1358 5841 ;
1389 5788 1549 5827 omne
1581 5784 1755 5828 autem
1791 5773 1842 5828 id

262 5840 476 5914 tempus
504 5842 646 5915 quod
680 5857 709 5896 ι
736 5840 978 5911 Christo,
1003 5844 1094 5914 qui
1122 5840 1372 5900 Mosaicis
1402 5844 1596 5917 ritibus
1623 5858 1843 5899 succes-

1936 5771 2031 5834 sit.
2065 5782 2246 5826 manat
2286 5780 2339 5825 et
2370 5770 2631 5831 decurrit,
2666 5770 2852 5838 gratiae
2892 5776 3123 5838 tempus,
3149 5763 3517 5821 ecclesiastici

1940 5846 2233 5914 scriptores
2260 5856 2456 5911 vocare
2481 5841 2705 5912 solent,
