4006 6284
191 393 309 456 8Ἷ3

1271 398 1405 458 DIA
1417 395 1558 458 ωδ
1571 394 1667 456 US
1696 392 2002 455 CONTRA
2035 393 2122 454 JU
2137 391 2362 452 ΟιἘΟΞ.

3341 391 3449 452 8Ἲ4

177 505 464 561 Christum
498 506 718 573 unitati,
748 506 1012 577 quasique
1046 505 1348 571 reformati,
1381 521 1546 562 sacro
1587 505 1767 576 bapti-
1797 507 1844 562 Α
1884 499 2022 556 Vere
2059 504 2226 566 enim,
2260 504 2350 572 qui
2394 501 2575 556 animo
2613 501 2680 555 ad
2718 499 3112 571 primogenitum
3154 501 3447 569 exemplar,

181 597 312 653 sino
342 609 470 652 sunt
496 597 700 656 allecti.

263 711 421 765 Talia
453 718 580 764 sunt
610 708 822 767 Domini
856 707 984 763 Jesu
1042 708 1244 763 Christi
1279 707 1556 762 luminum
1590 719 1778 760 antan-

189 799 425 867 tissimi,
453 796 758 869 Unigenitl,
789 798 967 857 Patris
997 797 1182 864 Verbi,
1214 798 1417 866 majora
1448 795 1775 868 cogitatione

185 905 362 960 atque
408 893 590 949 verbis
628 907 830 949 arcana
875 910 894 950 :
942 901 1220 962 tantopere
1263 891 1332 946 de
1372 891 1630 962 ﬁgmento
1673 902 1776 943 suo

185 988 484 1052 sollicitus,
516 989 789 1044 neminem
823 988 933 1043 vult
959 987 1178 1059 perire,
1212 987 1307 1042 sed
1341 998 1529 1039 oinnes
1562 984 1627 1036 ad
1661 982 1773 1037 veri

185 1078 568 1144 cognitionem
600 1080 806 1134 venire.
839 1080 1014 1147 Atque
1034 1080 1147 1133 haec
1174 1077 1389 1148 quidem
1423 1074 1628 1145 Beryti.

271 1166 438 1223 Nefas
483 1181 611 1225 vero
652 1173 726 1224 sit
769 1171 996 1225 alterum
1037 1169 1522 1235 Constantinpoii,
1559 1165 1770 1222 urbium

192 1262 434 1326 regina,
457 1262 777 1318 miraculum
805 1264 1019 1318 silentio
1045 1264 1342 1333 pra'terire,
1361 1276 1483 1315 cum
1507 1261 1774 1330 superiori

187 1360 418 1404 narratu
451 1349 621 1406 nihilo
652 1355 719 1408 sit
747 1353 1006 1409 deterius.
1029 1353 1087 1406 1n
1118 1363 1345 1423 augusto
1373 1365 1426 1403 et
1453 1350 1594 1408 fama
1630 1351 1770 1406 cele-

190 1443 279 1496 bri
313 1439 408 1496 Dei
441 1441 733 1516 Sapientiae
764 1446 962 1516 templo
995 1444 1060 1516 (si
1098 1445 1350 1516 templum
1375 1456 1463 1501 est
1492 1447 1775 1500 norninan-

183 1533 346 1597 dum,
377 1548 441 1586 ac
471 1550 577 1588 non
609 1538 794 1605 potius
824 1536 1052 1590 alterum
1076 1538 1132 1591 in
1165 1548 1307 1591 terra
1334 1537 1556 1607 malum)
1585 1547 1774 1605 puteus

185 1630 301 1686 est,
329 1621 423 1689 qui
455 1621 598 1676 aliud
633 1624 789 1690 nihil,
815 1640 975 1694 quam
1009 1627 1149 1696 quod
1181 1633 1283 1693 est,
1314 1637 1506 1694 puteus
1534 1628 1727 1682 dicitur
1756 1647 1772 1683 :

189 1712 574 1780 epistomidcm
617 1715 800 1772 ferens
844 1719 987 1786 ejus,
1019 1719 1087 1772 ad
1130 1733 1289 1788 quem
1337 1719 1618 1786 sapientiae
1653 1736 1777 1789 pro-

192 1807 450 1872 fundum,
485 1805 906 1864 immortalitatis
941 1809 1082 1873 foris,
1117 1809 1468 1877 providentiae
1506 1811 1772 1865 infinitum

1880 607 1987 648 non
2020 596 2088 648 ad
2123 595 2389 649 tincturas
2420 609 2484 650 ac
2517 593 2730 649 colores
2765 597 3066 656 intuentur,
3095 607 3280 646 verum
3329 604 3452 646 ante

1880 687 2078 744 stecula
2116 697 2173 741 et
2207 686 2648 756 iuaspectabilem
2686 685 2854 740 Deum
2885 695 3233 740 venerantur.
3266 682 3452 753 itaque

1880 778 2113 848 majores
2157 781 2326 835 nostri
2368 777 2679 835 cherubinis
2719 793 2786 832 ex
2832 791 2965 832 auro
3005 775 3172 831 nobili
3223 774 3449 828 materie

1878 873 2252 936 conlormatis,
2295 871 2438 927 haud
2482 873 2728 942 equidem
2770 886 2965 926 aurum
3002 869 3314 936 coluerunt,
3353 873 3447 925 scil

1877 965 2227 1029 cherubinos,
2261 978 2398 1032 quos
2445 973 2503 1017 ut
2544 964 2785 1018 sanctius
2817 961 3111 1016 sacrarium
3143 961 3447 1029 cingerent,

1880 1057 2177 1112 tinxerunt.
2206 1057 2285 1110 Ac
2310 1057 2378 1111 de
2409 1050 2733 1124 imaginibus
2760 1056 2974 1124 quidem
3002 1053 3281 1123 praeclare.

1948 1167 2308 1233 Quamobrem
2337 1182 2467 1222 vero
2496 1165 2910 1221 circumcisione
2938 1165 3240 1234 repudiata,
3270 1163 3448 1228 bapti-

1876 1270 2029 1315 zatos
2060 1275 2180 1314 cum
2212 1258 2320 1314 Deo
2345 1259 2659 1314 societatem
2683 1257 3012 1312 contrahere
3031 1253 3365 1324 perhibetis?

1945 1368 2275 1432 Cnutsr.'De
2316 1373 2728 1428 circumcisione
2777 1373 2948 1427 multa
2997 1369 3190 1437 locuti,
3220 1379 3276 1426 et
3315 1385 3452 1441 quo-

1877 1472 2035 1526 mch
2073 1485 2191 1524 eam
2235 1469 2580 1538 repudiemus
2617 1469 3012 1530 demonstrato.
3039 1479 3154 1532 non,
3190 1474 3273 1521 est
3305 1466 3448 1534 quod

1875 1564 1944 1617 de
1964 1579 2035 1616 en
2064 1578 2279 1616 rursum
2310 1560 2624 1614 referamus.
2696 1559 2767 1614 De
2818 1556 3091 1629 baptismo
3141 1571 3271 1613 vero
3309 1556 3451 1629 agite

1875 1653 2140 1724 prolixius
2182 1653 2534 1707 disseramus.

2451 1785 2678 1843 CAPUT
2718 1784 2880 1843 XLV.

186 1895 452 1965 νειυευι,
499 1898 885 1954 δεωςιι-ίιξάειη
935 1901 1236 1966 ειιοευιιιέν
1287 1917 1481 1970 aqua".
1533 1904 1775 1958 ωυευιιο
1807 1892 1848 1947 Β
1883 1887 1954 1942 De
1976 1888 2236 1956 baptismo
2262 1887 2681 1940 Christianorum
2707 1884 2891 1970 “(IIS
2915 1900 3033 1939 om
3055 1884 3458 1940 circumcisione

186 1988 438 2056 petebat,
473 1991 564 2059 qui
614 2006 732 2046 eam
776 1993 934 2046 vellet
977 1992 1042 2046 ad
1089 1990 1191 2046 ’Dei
1239 1995 1444 2048 notitia:
1490 1994 1663 2048 vivam
1713 2011 1778 2050 ac

183 2082 584 2138 scaturieutcm
627 2098 821 2152 aquam
877 2087 1182 2148 traducere,
1211 2095 1268 2138 et
1313 2085 1470 2154 quasi
1511 2087 1775 2142 derivare.

194 2168 275 2226 Eo
328 2172 545 2242 piorum
603 2172 891 2229 multitudo
947 2175 1284 2238 continebat,
1341 2174 1557 2231 insitam
1606 2173 1658 2228 in
1713 2189 1779 2228 eo

186 2277 410 2317 sacram
447 2264 550 2318 vim
580 2264 924 2334 percepturi;
954 2275 1008 2322 et
1033 2266 1198 2322 simul
1223 2267 1316 2335 qui
1349 2281 1510 2334 supra
1540 2266 1779 2321 orienta-

185 2353 295 2408 lem
332 2365 545 2425 portam
583 2357 914 2427 descriptum
950 2357 1005 2412 in
1042 2357 1245 2425 tabula,
1281 2367 1337 2413 et
1375 2357 1521 2414 velut
1554 2358 1778 2416 dedica-

192 2459 308 2502 tum
341 2448 567 2516 pictoris
599 2464 757 2502 manu
785 2449 1129 2504 Dominicum
1155 2448 1507 2504 simulacrum
1534 2447 1776 2506 venerari

193 2540 615 2604 contenderent,
637 2555 744 2608 quo
773 2541 991 2596 tioniine
1019 2541 1193 2609 magis
1220 2541 1381 2597 etiam
1412 2539 1775 2597 conﬂuebant.

194 2626 420 2684 «βυδαευς
451 2645 579 2685 γεω
611 2633 854 2700 quidam,
879 2632 1060 2688 nescio
1087 2632 1384 2703 quomodo,
1409 2628 1521 2686 Deo
1548 2644 1697 2688 certe
1719 2630 1778 2686 'id

192 2731 425 2790 agente,
468 2732 527 2775 et
573 2721 689 2790 ipse
733 2721 995 2790 templum
1045 2723 1358 2791 ingressus,
1396 2721 1778 2777 venerabundo

191 2813 346 2866 Ortini
401 2824 544 2867 (retu
599 2824 923 2883 conspecto,
974 2815 1172 2870 invidia
1225 2827 1430 2881 tactus,
1477 2826 1532 2870 et
1579 2814 1780 2884 quibus

195 2916 383 2968 natus,
419 2917 470 2958 ct
516 2919 623 2973 qua
673 2908 926 2973 opinione
971 2905 1118 2961 foret
1165 2907 1396 2976 prodere
1447 2907 1774 2963 stimulatur.

189 2999 340 3066 Quin
395 2997 534 3052 adeo
581 2999 756 3068 prodit
808 3015 1047 3070 quoque.
1091 2997 1229 3052 Nam
1279 2998 1486 3054 caeteris
1537 3014 1568 3052 a
1616 3009 1779 3066 puteo

201 3089 644 3154 discedentibus,
677 3091 824 3147 solus
871 3093 1144 3147 occultum
1191 3091 1477 3146 transitum
1520 3092 1778 3159 rinmtus,

201 3194 484 3252 postquam
525 3198 553 3235 a
599 3198 763 3252 scopo
807 3200 912 3237 non
956 3184 1253 3248 aberravit,
1285 3184 1632 3238 securitatem
1675 3198 1778 3239 na-

200 3281 344 3336 ctus,
381 3274 571 3338 irruit,
606 3285 662 3328 et
703 3277 1069 3346 sanguinariis
1112 3275 1316 3343 oculis,
1350 3276 1565 3340 animo,
1597 3284 1776 3330 ruente

195 3362 414 3433 igneum
460 3365 694 3431 intuens,
733 3367 908 3434 ignem
954 3366 1190 3436 Spirans,
1218 3378 1462 3423 sustento
1500 3370 1558 3422 in
1604 3375 1775 3434 tuam,

189 3465 402 3509 aeterne
431 3454 574 3521 Rex,
605 3459 891 3525 imaginem
926 3458 1100 3512 cultro
1161 3458 1305 3514 ferit.
1339 3457 1494 3516 Unde
1529 3460 1776 3515 insolenti

199 3546 467 3602 miraculo
511 3551 787 3620 sanguinis
828 3551 946 3604 rivo
989 3551 1289 3620 tleplnente,
1320 3561 1372 3607 et
1409 3565 1692 3622 percussor
1724 3561 1780 3607 et

187 3637 440 3694 divinum
489 3641 661 3694 solum
709 3651 1080 3696 m'uentantur.
1115 3641 1209 3697 llie
1251 3643 1474 3708 laetum,
1510 3654 1570 3698 ut
1611 3660 1776 3713 oper-

200 3731 376 3795 tebat,
409 3749 515 3786 non
547 3737 875 3803 recogitans,
907 3735 999 3787 sed
1034 3746 1226 3788 contra
1263 3738 1437 3804 magis
1472 3737 1776 3806 perlurens,

201 3824 509 3878 detractam
536 3827 848 3894 imaginem,
877 3827 1038 3880 inlisu
1065 3828 1240 3881 adhuc
1265 3828 1458 3893 cultro,
1480 3830 1530 3882 in
1561 3840 1776 3898 puteum

210 3919 514 3985 demergit,
554 3918 667 3986 ipse
709 3933 811 3986 qua
859 3919 1019 3987 pedes
1059 3917 1330 3982 ferebant,
1367 3922 1491 3974 inde
1529 3921 1769 3991 aufugit,

207 4006 382 4062 latere
421 4024 748 4078 proversus,
779 4019 837 4064 ut
873 4011 1112 4078 putabat.
1147 4010 1342 4066 Verum
1382 4013 1471 4081 qui
1513 4013 1778 4082 sapientes

192 4116 298 4155 sua
349 4104 585 4169 ipsorum
628 4103 927 4158 calliditate
969 4104 1136 4172 capit,
1169 4104 1328 4173 hujus
1365 4119 1580 4174 quoque
1617 4120 1779 4160 conao

199 4206 317 4246 turn
367 4193 545 4262 palam
589 4193 748 4250 fecit.
782 4195 920 4248 Nam
963 4211 1085 4250 cum
1131 4196 1395 4267 sanguine
1435 4212 1499 4250 ex
1541 4196 1780 4268 imagine

197 4291 456 4354 ruberet,
506 4289 770 4358 planeque
822 4287 1208 4356 sanguinarius
1253 4289 1470 4357 quidem
1518 4305 1583 4344 ac
1631 4287 1780 4344 vafer

194 4382 409 4449 Ingeret
455 4382 751 4445 neminem,
785 4395 1035 4450 egressus
1077 4379 1144 4433 ab
1190 4379 1613 4450 ingredientibus
1653 4380 1778 4436 reli-

197 4475 368 4543 giosis
422 4476 884 4543 con-prehensus,
921 4473 1191 4528 homicidii
1240 4471 1566 4542 postulatur.
1610 4472 1778 4544 Negat

2492 1968 2836 2035 comparatio.

1950 2086 2198 2149 Oaleildl,
2220 2086 2367 2151 quod
2399 2101 2492 2139 vos
2521 2100 2738 2154 quoque
2767 2099 2801 2138 a
2842 2099 2928 2139 me
2961 2093 3126 2155 atque
3161 2100 3188 2136 a
3227 2081 3454 2138 veritate

1882 2177 2200 2245 suilraginm
2255 2177 2494 2241 tulistis,
2530 2192 2616 2230 res
2665 2175 2960 2244 Mosaicas,
2997 2175 3101 2230 mei
3145 2173 3453 2230 Servatoris

1879 2269 2085 2324 Christi
2112 2269 2315 2339 ﬁguras
2342 2269 2604 2337 quasdam
2634 2266 2972 2324 luisse.Nam
3000 2267 3452 2338 quemadmodum

1881 2371 2146 2428 praestans
2177 2361 2372 2427 pictor,
2402 2360 2454 2412 in
2483 2359 2678 2429 primis
2710 2359 3001 2424 inumbrat,
3039 2372 3147 2413 tum
3177 2355 3454 2414 crassiore

1879 2456 2124 2524 quadam.
2153 2455 2390 2508 tinctura
2443 2466 2509 2506 ac
2545 2451 2818 2506 coloribus
2849 2466 3160 2522 expressam
3193 2453 3303 2507 veri
3338 2450 3452 2507 eili-

1879 2547 2018 2616 giem
2045 2552 2435 2616 reprasentat;
2469 2544 2535 2598 ad
2563 2559 2685 2598 eum
2713 2545 2930 2599 modum
2961 2555 3016 2598 et
3042 2555 3245 2600 natura
3273 2560 3452 2599 rerum

1877 2639 2056 2693 omnis
2082 2638 2415 2693 architectus
2446 2635 2610 2701 Deus,
2631 2651 2734 2706 per
2771 2635 2972 2690 Mosem
3012 2646 3068 2691 et
3101 2636 3269 2706 legem
3309 2641 3455 2692 velut

1876 2731 2197 2787 deformatis
2237 2745 2359 2801 qua
2399 2730 2502 2784 sub
2539 2729 2771 2802 gratiam
2810 2728 3099 2797 caderent,
3141 2745 3238 2798 per
3269 2729 3452 2786 Jesum

1878 2826 2156 2880 Christum
2201 2837 2373 2892 porro
2422 2837 2528 2877 non
2583 2821 2822 2877 tinctura
2900 2836 2967 2875 ac
3016 2821 3318 2884 coloribus,
3361 2823 3455 2876 sed

1876 2914 2207 2988 evangelicis
2238 2914 2552 2984 .pmceptis,
2587 2914 2799 2984 spirans
2838 2913 3108 2983 quoddam
3143 2931 3208 2969 ac
3276 2917 3456 2968 vivum

1887 3009 2000 3064 veri
2047 3005 2402 3062 simulacrum
2453 3004 2746 3059 dedicavit.
2791 3002 3061 3058 Caeterum
3111 3013 3170 3058 ut
3210 3005 3268 3058 in
3320 3005 3452 3058 Sina

1882 3102 2052 3158 nubes
2078 3109 2130 3156 et
2191 3113 2347 3154 voces
2373 3108 2537 3168 atque
2565 3098 2703 3151 tuba:
2736 3095 2827 3152 Dei
2865 3095 2954 3147 ad‘
2995 3110 3094 3149 nos
3132 3097 3453 3151 descensura

1880 3195 2084 3266 liquido
2111 3191 2562 3264 designabant“;
2595 3191 2666 3247 ita
2696 3201 2751 3245 et
2775 3189 2877 3243 alia
2909 3189 3036 3244 olim
3066 3189 3297 3258 plurima
3328 3191 3454 3245 Ser-

1880 3290 2081 3344 vatoris
2110 3291 2214 3344 mei
2241 3285 2680 3357 procurationem
2714 3285 3005 3340 natabant.
3033 3283 3174 3356 Ergo
3213 3294 3367 3355 typos
3398 3298 3454 3339 ct

1876 3383 2125 3452 exempla
2171 3381 2404 3445 cernite,
2440 3379 2580 3433 unde
2622 3379 2690 3433 ad
2737 3380 3022 3432 veritatem
3069 3379 3361 3432 ducamiui.
3395 3376 3452 3432 lu

1879 3473 1994 3544 iege
2023 3471 2368 3528 circumcisio
2389 3473 2460 3537 ",
2491 3470 2544 3524 in
2573 3470 2744 3541 gratia
2801 3467 3026 3522 ahiutio.
3053 3467 3166 3522 Illic
3197 3469 3455 3537 pellicula:

1878 3575 2212 3634 segmentum
2231 3607 2246 3632 ,
2282 3565 2370 3619 hic
2401 3564 2602 3631 peccati
2631 3561 2926 3631 depositio;
2955 3560 3060 3615 iliic
3086 3560 3454 3616 circumcisio-

1879 3658 1965 3713 nis
1989 3657 2182 3724 culter,
2205 3656 2514 3727 religiosum
2542 3665 2594 3708 et
2621 3654 2978 3725 irreligiosum
3007 3653 3182 3723 palam
3213 3653 3449 3720 faciens,

1881 3752 1964 3805 hic
1995 3750 2291 3822 disciplinae
2317 3750 2462 3804 acies
2501 3757 2704 3802 rectum
2741 3762 2770 3800 a
2801 3761 2972 3816 pravo
3011 3745 3310 3800 dissecans.
3340 3745 3452 3801 lilic

1877 3845 1995 3898 sine
2025 3843 2154 3900 vitio
2191 3858 2362 3912 agnus
2401 3851 2700 3904 mactatus,
2741 3841 2828 3894 hic
2865 3854 3036 3894 ursus
3074 3839 3194 3894 sine
3232 3852 3454 3906 ruet-cato

1877 3935 2149 3994 Christus.
2186 3933 2297 3989 Illic
2335 3934 2462 4004 agni
2507 3946 2703 3988 cruore
2749 3941 2932 4000 postes
2975 3932 3332 4001 unguntur“,
3364 3933 3453 3986 hic

1878 4031 2167 4085 sacriﬁcati
2224 4026 2427 4084 Christi
2490 4035 2719 4095 angusto
2781 4025 3043 4096 sanguine
3098 4025 3340 4080 actiones
3393 4037 3450 4080 et

1879 4123 2162 4193 disciplina
2207 4122 2583 4192 obsignantur,
2614 4119 2670 4175 id
2717 4131 2820 4185 est,
2856 4134 2975 4190 qua:
3017 4119 3071 4172 in
3121 4119 3358 4178 actioae.
3395 4130 3452 4174 et

1879 4228 1998 4281 qua:
2052 4211 2106 4265 in
2151 4209 2605 4278 contmnpiatione
2647 4211 2821 4278 posita
2875 4209 3046 4263 virtus
3093 4220 3207 4271 est,
3248 4211 3446 4278 quibus

1877 4306 2029 4376 quasi
2060 4305 2303 4374 quadam
2333 4302 2706 4358 commissura
2736 4302 2901 4371 posti,
2927 4299 3260 4356 Christiana.-
3293 4301 3452 4356 disci.

1879 4398 2040 4466 plina:
2077 4397 2219 4451 velut
2257 4395 2565 4466 obligamur
2617 4405 2676 4448 et
2711 4394 3108 4464 componimur.
3136 4393 3249 4448 illic
3285 4396 3450 4448 durus

1875 4490 2091 4546 Pharao
2125 4487 2393 4544 lsraeiitas
2427 4498 2737 4558 oppugnat;
2780 4488 2868 4542 hic
2907 4487 3246 4542 Christianos
3288 4486 3449 4542 Sata-

197 4566 582 4627 homicidium,
611 4565 997 4619 Christicidam
1035 4566 1178 4618 serio
1215 4580 1272 4619 se
1307 4563 1611 4634 proﬁtetur.
1642 4565 1774 4635 Ejus

1881 4597 2008 4648 nas,
2043 4582 2131 4635 ille
2175 4581 2450 4636 hominum
2500 4595 2628 4635 osor
2677 4591 2844 4648 atque
2890 4579 3225 4636 zizaniorum
3273 4591 3445 4634 sator.

201 4663 279 4712 rei
307 4658 456 4712 {ante
495 4658 680 4710 urbem
716 4671 927 4709 onmem
963 4657 1125 4711 celeri
1161 4658 1242 4710 ala
1276 4671 1582 4725 permensa,
1613 4660 1771 4726 vulgo

195 4752 261 4804 ad
300 4761 519 4819 puteum
561 4751 919 4810 concurritur,
953 4749 1044 4802 ubi
1085 4764 1408 4816 convenere,
1440 4750 1698 4806 subducta
1741 4767 1770 4805 e

196 4855 394 4912 puteo,
444 4841 624 4894 adhuc
672 4842 933 4906 sanguine
980 4854 1262 4908 manante,
1302 4858 1456 4897 sacra
1506 4843 1768 4912 imagine,

196 4936 425 5003 hymnus
485 4944 537 4985 ct
595 4932 830 4985 carmina
889 4933 1186 4999 modulali,
1237 4949 1357 4986 cum
1415 4935 1662 5002 precibus
1717 4944 1770 4988 et

194 5026 451 5095 iacrymis
484 5028 672 5077 eodem
708 5040 812 5093 quo
843 5035 986 5088 ante,
1015 5026 1134 5078 leco
1165 5027 1514 5093 suspendunt.
1548 5023 1767 5080 Iudaeus

197 5120 319 5172 iacti
353 5120 645 5186 paenitens,
671 5117 924 5183 pietatem
953 5119 1259 5184 perdoctus,
1289 5118 1353 5171 ad
1385 5116 1766 5186 Christumque

199 5220 482 5276 receptus,
517 5224 640 5260 eum
688 5208 839 5262 otnni
886 5208 1084 5262 familia
1107 5250 1120 5271 ,
1153 5223 1307 5262 sacro
1348 5211 1768 5280 regenerationis

194 5301 412 5355 lavacro
442 5302 694 5356 allicitur.

267 5415 405 5481 Quid
444 5414 661 5468 dicitis?
703 5415 937 5472 haeccine
980 5414 1110 5468 satis
1149 5422 1296 5476 sunt,
1329 5431 1394 5467 an
1437 5424 1492 5468 et
1525 5413 1769 5481 pluribus

193 5506 530 5575 argilliscntis
559 5505 763 5574 egetis?

256 5607 382 5655 Jan.
416 5599 509 5652 Plu
545 5599 868 5667 imaginibus
901 5600 1101 5654 cultum
1133 5599 1376 5666 pr'aaslari
1411 5598 1762 5654 caulilemur.

258 5813 302 5846 ’ἰ
329 5809 866 5873 Exotl.xrx,17,18.
937 5809 982 5840 ⁸³
1023 5808 1156 5863 Gen.
1184 5823 1314 5874 Hii,
1345 5808 1424 5861 12.

511 5931 781 5992 Ρηῐιοι..
821 5931 936 5993 Gn.
972 5927 1283 5989 CXXXIII.

1879 4673 1994 4728 liiic
2031 4685 2265 4728 veterem
2301 4671 2600 4727 lataelitam
2645 4673 2818 4727 nuhes
2859 4674 2924 4723 ait
2971 4682 3282 4725 terrestrem
3321 4671 3446 4726 lh'e-

1881 4767 2202 4836 rosolymam
2252 4765 2467 4827 ductat,
2520 4765 2606 4818 hic
2655 4763 2962 4818 Servatoris
3013 4781 3140 4818 caro
3187 4767 3443 4817 novitium

1876 4859 2177 4912 Israelitam
2231 4860 2296 4911 ad
2342 4859 2624 4912 cmleStem
2662 4855 2896 4910 Sioncm
2949 4857 3287 4910 transmittit.
3338 4856 3446 4910 lliie

1877 4953 2029 5020 ignea
2087 4953 2380 5017 columna,
2443 4953 2529 5004 hic
2579 4950 2758 5004 divina
2817 4951 2971 5017 ignea
3026 4961 3246 5010 natura,
3293 4965 3318 5003 s
3355 4965 3448 5001 cer

1876 5043 2134 5113 Spiritus.
2163 5043 2276 5097 illic
2313 5043 2582 5097 lsraclites
2626 5059 2773 5096 mare
2815 5041 3056 5095 itubrutn
3098 5056 3440 5111 permenSus.

1875 5137 2144 5190 Pharaoni
2193 5135 2644 5189 tumuiisternium
2690 5149 2884 5203 aquam
2935 5135 3287 5202 corripiravit,
3327 5133 3442 5200 ipse

1878 5231 2161 5284 interitum
2199 5229 2382 5282 salvus
2416 5227 2632 5296 diligit;
2669 5226 2756 5281 hic
2791 5227 2988 5280 Christi
3024 5227 3240 5278 nomine
3278 5239 3438 5277 censa

1877 5322 2205 5376 universitas
2258 5335 2351 5388 per
2403 5319 2727 5388 baptismum
2778 5333 2900 5371 cum
2951 5318 3166 5372 Christo
3211 5317 3436 5384 sepulta,

1876 5415 2233 5470 immortalem
2277 5414 2441 5467 vitam
2485 5427 2548 5466 eo
2588 5412 2826 5464 redivivo
2870 5421 3153 5464 consecuta
3197 5423 3294 5463 est.
3329 5409 3440 5466 Illic

1873 5521 2012 5576 aqua
2045 5503 2208 5559 Musis
2240 5503 2507 5573 precibus,
2538 5500 2695 5554 ﬂante
2726 5511 2910 5554 austro
2943 5501 3436 5566 vehetnentissimo,

1875 5605 2060 5654 dextra
2089 5615 2150 5652 ac
2180 5597 2397 5652 sinistra
2425 5597 2474 5648 in
2510 5611 2716 5648 murum
2745 5593 3046 5658 concrevit;
3080 5592 3168 5646 hic
3195 5591 3426 5662 Spiritus

1503 5808 1546 5839 "
1570 5805 1740 5862 Exod.
1771 5823 1868 5871 xii,
1896 5807 1943 5871 .‘3,
1971 5807 2055 5862 (ἐξ.

2893 5917 2965 5978 28
