4006 6284
532 311 642 377 875

1744 312 2175 375 ANDRONICI
2220 312 2568 377 COMNENI

3709 316 3800 379 876

543 442 644 502 per
673 440 892 500 aquam,
919 425 1171 484 vitiorum
1205 426 1358 498 quasi
1392 427 1663 498 quoddam
1697 443 1844 483 utare
1879 427 2121 484 Rubrum
2151 445 2194 501 Α
2224 429 2551 500 baptismum
2596 430 2895 500 delinquat,
2925 445 2994 486 nc
3033 432 3304 502 desperet,
3334 431 3620 504 siquidem
3659 434 3799 503 ignov

539 522 597 579 in
647 522 852 577 siccum
904 521 1140 590 redegit,
1189 528 1347 591 τυριο
1401 530 1748 591 peccatorum
1806 532 2114 577 nostrormn

531 612 922 685 chirographo.
951 609 1066 666 illic
1098 612 1247 683 virga
1282 611 1481 668 refluus
1506 612 1683 667 undas
1705 614 1912 683 coegit,
1944 614 2029 668 hic
2060 614 2114 667 in

531 705 783 763 Calvaria
856 704 1033 761 defixa
1075 720 1208 761 crux
1255 703 1519 760 Adatnum
1566 694 1743 760 totum
1782 706 1836 759 in
1878 700 2113 775 priorem

530 799 868 865 nobilitatem
918 798 1155 855 restituit
1200 816 1217 853 :
1268 798 1560 864 lsraclites,
1592 798 1695 853 nisi
1745 797 1879 852 mari
1930 797 2113 871 Rubro

530 894 781 966 traiecto,
818 893 1134 965 angelorum
1187 909 1328 963 pane
1373 892 1534 950 vesci
1567 910 1672 949 non
1719 903 1962 964 poterat;
2013 909 2111 949 nec

540 1001 669 1044 vero
702 970 905 1043 Chriin
942 987 1193 1057 populus,
1228 987 1493 1057 sanguine
1524 995 1579 1043 et
1611 1002 1751 1058 aqua
1782 988 1900 1042 viva
1935 996 2112 1058 potest

532 1079 666 1145 frui,
701 1081 804 1137 nisi
847 1092 1193 1152 peccatorum
1237 1081 1401 1135 rubro
1442 1090 1698 1150 tanquam
1742 1089 1875 1135 testu
1916 1080 2109 1135 defun-

525 1184 644 1231 ctus
662 1172 731 1230 "’.

592 1264 719 1321 Jun.
765 1265 875 1321 Cur
925 1273 986 1319 ut
1039 1279 1142 1321 nos
1198 1260 1668 1320 circumeisionem
1729 1279 1837 1319 uno
1892 1280 2105 1336 semper

524 1358 764 1424 nomine,
802 1371 956 1426 aeque
998 1365 1049 1413 et
1094 1370 1190 1411 vos
1234 1356 1559 1425 baptismum
1601 1372 1705 1412 non
1748 1358 1976 1425 vocatis,
2011 1359 2104 1413 sed

526 1448 712 1507 muttis
743 1467 806 1506 ac
833 1448 1098 1506 diversis?

603 1545 829 1600 Cnnts'r.
864 1542 1125 1613 Expedita
1154 1530 1391 1601 solutio:
1429 1544 1516 1599 ilia
1569 1559 1663 1614 per
1706 1562 1870 1599 unum
1920 1544 2102 1601 Mosen

526 1638 738 1704 prodita
772 1645 893 1702 est,
924 1636 1041 1690 lucc
1077 1650 1104 1689 a
1138 1634 1333 1702 Patre,
1360 1634 1497 1691 Filio
1537 1645 1591 1692 et
1649 1637 1851 1707 Spiritu
1894 1647 2099 1693 sancto.

526 1727 794 1786 Praeterea
848 1728 1033 1784 multis
1077 1743 1138 1781 ac
1185 1728 1418 1785 diversis
1468 1729 1585 1797 ejus
1634 1728 1688 1783 in
1738 1744 1836 1785 nos
1886 1729 2093 1795 ofﬁciis,

2218 534 2404 579 scctur
2446 525 2495 582 ei
2538 518 2705 580 animi
2750 528 2952 593 scelus,
2993 528 3269 594 vitiosum,
3309 527 3567 596 inquam,
3607 529 3799 600 cOgita-

2219 624 2353 683 tum,
2380 626 2436 673 et
2466 619 2884 684 consceleratio,
2916 634 3013 689 per
3038 619 3472 676 confessionem.

2290 710 2395 767 Sed
2420 710 2705 768 audiamus
2761 714 2887 783 quid
2926 714 3091 771 Isaias
3122 715 3310 771 dicat:
3337 734 3355 769 ι
3395 716 3599 771 Faciet
3630 714 3800 773 Domiv

2215 824 2315 864 nns
2349 808 2595 865 Sabaoth
2614 810 2868 866 oumibus
2895 810 3146 878 gentibus
3166 825 3327 880 super
3352 819 3603 869 montem
3629 814 3802 880 istum,

2219 903 2450 959 induent
2495 900 2761 965 laetitiat‘n,
2808 914 3077 972 augentur
3132 914 3438 973 unguento,
3510 903 3701 959 bibent
3738 907 3805 958 vi-

2212 1011 2341 1050 num
2382 996 2403 1028 ⁸
2436 1013 2453 1063 ;
2508 1013 2527 1047 ι
2584 995 2764 1066 gaudii
2798 996 3056 1050 amictum
3106 994 3373 1066 baptisma
3406 995 3683 1061 innuens;
3712 1013 3804 1052 nn-

2210 1096 2493 1157 guentum,
2546 1085 2679 1142 illud
2727 1101 2939 1141 sacrum
2973 1102 3081 1158 quo
3108 1087 3365 1157 baptizati
3428 1086 3802 1156 intinguntur;

2210 1178 2417 1244 vinum,
2446 1178 2784 1235 Dominicum
2803 1180 3143 1251 sanguinem.
3166 1178 3231 1233 Et
3256 1194 3479 1233 rursum
3517 1195 3534 1233 :
3571 1199 3589 1231 ι
3630 1179 3806 1235 Abluet

2212 1268 2472 1325 Dominus
2497 1272 2711 1325 sordem
2736 1269 2970 1325 ﬁliorum
2997 1278 3051 1326 et
3078 1269 3309 1324 Iiliarum
3336 1271 3379 1324 ’.
3418 1285 3441 1321 ι
3470 1269 3539 1324 Et
3573 1271 3801 1323 iterum:

2216 1382 2235 1415 ‹
2277 1363 2394 1417 Erit
2444 1365 2708 1433 inaqnosa
2733 1365 2787 1419 in
2823 1346 3067 1435 paludes,
3106 1373 3162 1420 et
3194 1362 3496 1419 insiliente
3529 1371 3677 1417 terra
3709 1364 3804 1418 erit

2207 1456 2330 1512 fons
2381 1458 2643 1527 aquas“;
2701 1475 2723 1511 ι
2778 1458 3038 1528 inaquosa
3090 1467 3146 1511 et
3198 1456 3530 1519 siticulosa,
3574 1458 3801 1526 gentium

2206 1547 2464 1619 populum
2526 1546 2792 1621 appellat;
2837 1547 3040 1603 fontem
3095 1561 3246 1614 vero,
3273 1561 3497 1602 sacrum
3524 1545 3798 1614 baptisma,

2207 1651 2266 1696 ut
2297 1650 2520 1711 apparet
2549 1656 2614 1697 ex
2640 1642 2990 1710 sequentibus
3023 1658 3037 1696 :
3074 1659 3093 1692 ι
3130 1636 3197 1693 Et
3234 1639 3339 1694 erit
3364 1638 3438 1693 ibi
3472 1638 3559 1691 via
3588 1640 3799 1701 munda,

2204 1742 2259 1788 et
2313 1734 2401 1789 via
2460 1743 2648 1788 sancta
2704 1731 2989 1787 vocabitur
3020 1731 3083 1787 ".
3147 1749 3166 1783 ι
3202 1730 3332 1797 Quae
3380 1730 3505 1787 lucc
3564 1738 3651 1785 est
3681 1729 3756 1781 via
3777 1738 3796 1781 ξ

529 1822 726 1876 iitnltas
773 1834 987 1892 quoque
1036 1834 1101 1875 ac
1151 1820 1391 1876 diversas
1443 1796 1877 1876 nomenclaturas
1934 1830 2095 1891 atque
2124 1796 2173 1859 Β
2205 1824 2525 1897 Evangelica
2550 1824 2855 1897 disciplina.
2878 1822 2995 1878 Jam
3028 1840 3125 1895 per
3144 1796 3268 1879 eum
3304 1825 3384 1877 ait
3417 1824 3569 1879 Deus
3602 1839 3619 1877 :
3658 1842 3673 1873 ι
3697 1822 3796 1891 Ego

525 1910 789 1969 beneficia
821 1911 1070 1968 facimus.

1082 2008 1316 2066 CAPUT
1356 2009 1540 2068 XLVI.

620 2102 823 2171 Quibus
855 2102 981 2158 oiim
1011 2105 1311 2159 nominibus
1344 2104 1609 2173 baptisma
1645 2107 2001 2178 designatum.

603 2198 789 2269 Itaque
814 2195 927 2267 ('58)
960 2198 1185 2262 donum,
1207 2197 1409 2265 lumen,
1435 2196 1724 2268 baptisma,
1747 2209 2102 2270 unguentum,

522 2290 957 2362 regenerationis
1004 2289 1302 2355 lavacrum,
1342 2291 1769 2349 immortalitatis
1815 2295 2103 2361 amicmnt,

520 2380 757 2449 signum,
792 2378 1030 2435 breviter
1070 2379 1329 2451 quidquid
1374 2380 1661 2453 angustum
1709 2394 1817 2450 cst,
1854 2386 2105 2441 nomina-

520 2487 667 2537 «nus,
700 2472 929 2529 vocibus
975 2484 1008 2530 ο
1050 2468 1439 2544 prophetarum
1488 2474 1729 2549 oraculis
1775 2475 2098 2548 desumptis.

517 2564 728 2622 Donum
758 2564 811 2619 in
839 2564 1050 2635 primis,
1074 2574 1132 2619 ut
1161 2562 1328 2621 Isaias
1354 2559 1554 2623 clamat
1580 2583 1599 2622 :
1638 2586 1658 2621 ι
1690 2564 1897 2625 Otones
1920 2569 2108 2626 sitien-

528 2664 640 2723 tes,
662 2657 842 2713 venite
868 2656 935 2713 ad
962 2671 1131 2739 aquas
1162 2675 1179 2712 :
1213 2665 1266 2711 et
1291 2657 1380 2728 qui
1411 2673 1520 2715 non
1550 2658 1764 2716 habetis
1793 2668 2101 2730 argentum,

527 2757 851 2819 properate,
895 2746 1061 2802 emite
1118 2746 1325 2817 absque
1380 2757 1605 2819 argento
1653 2758 1710 2804 et
1765 2750 1938 2819 pretio
1956 2749 2027 2805 ".
2073 2769 2103 2799 ι

516 2843 722 2898 Lumen
750 2879 768 2907 ,
799 2851 857 2896 ut
886 2838 955 2897 de
984 2854 1049 2898 eo
1079 2838 1246 2895 David
1276 2839 1534 2911 praedicat
1570 2858 1585 2896 :
1624 2861 1653 2890 α
1690 2840 1954 2899 Dominus
1986 2840 2107 2896 illu-

513 2934 740 2990 minatio
794 2947 912 2989 mea
973 2940 1026 2990 et
1063 2932 1208 2989 salus
1244 2947 1384 3001 mea,
1419 2948 1577 3004 quem
1626 2934 1921 2992 timebo”?
1968 2952 1989 2988 ι
2032 2933 2107 2990 "Et

515 3039 729 3082 rursum
766 3040 784 3080 :
821 3042 843 3078 ε
880 3022 1138 3081 Dominus
1167 3022 1433 3080 illuminat
1489 3022 1681 3081 faciem
1707 3026 2044 3097 prudentis‘.
2079 3044 2099 3080 ι

2205 1935 2350 1985 sum,
2407 1932 2508 1991 ego
2564 1932 2706 1982 sum,
2734 1917 2824 1987 qui
2883 1915 3036 1973 doleo
3068 1907 3382 1986 iniquitates
3426 1924 3559 1969 tuas
3586 1920 3794 1982 prnpter

2206 2025 2315 2075 me,
2352 2021 2405 2065 et
2446 2024 2553 2064 non
2606 2008 2955 2064 recordabor.
2980 2007 3061 2063 Tu
3094 2023 3223 2062 vero
3244 2017 3551 2081 memento,
3581 2017 3639 2069 et
3670 2006 3775 2075 judi

2206 2117 2389 2158 cemur
2411 2102 2570 2156 simul
2591 2102 2685 2156 ι’.)
2708 2098 2770 2156 Et
2787 2088 3027 2156 iterum:
3060 2119 3079 2152 ι
3110 2098 3259 2155 Dabo
3274 2114 3485 2172 aquam
3538 2100 3590 2154 in
3615 2097 3705 2154 siti
3735 2100 3791 2153 iis

2205 2194 2297 2265 qui
2356 2193 2634 2249 ambulant
2672 2182 2725 2249 in
2768 2194 3029 2264 inaquosa
3066 2211 3081 2248 :
3113 2184 3500 2263 et-impouatn
3545 2191 3790 2262 Spiritum

2205 2302 2384 2344 meum
2435 2302 2599 2359 super
2628 2302 2816 2343 semen
2872 2295 3047 2351 tuum,
3107 2295 3161 2342 et
3197 2275 3617 2342 benedictiones
3655 2299 3789 2363 meas

2204 2394 2368 2451 super
2415 2380 2555 2435 ﬁlios
2605 2388 2727 2435 tuos
2764 2380 2829 2436 ".
2870 2397 2890 2431 ι
2924 2376 3247 2434 Etiterum:
3281 2396 3301 2432 ‹
3356 2368 3787 2433 Miseratorillo-

2206 2488 2326 2528 rum
2374 2471 2721 2528 miserebitur
2787 2472 3025 2538 illorum,
3069 2479 3125 2527 et
3171 2485 3270 2541 per
3310 2472 3498 2526 fontes
3541 2482 3787 2539 aquarum

2209 2569 2363 2622 dncel
2425 2567 2546 2621 illos
2570 2565 2637 2620 “.
2688 2584 2706 2618 ι
2740 2564 2891 2631 Quod
2938 2565 2983 2621 si
3042 2562 3350 2621 Judaeorum
3434 2562 3675 2636 .quidam
3731 2560 3787 2614 d:

2206 2654 2354 2711 Mara
2386 2663 2441 2712 et
2474 2654 2712 2710 fontibus
2741 2655 2797 2710 in
2828 2652 2968 2709 Elim
3007 2653 3073 2719 η,
3110 2654 3224 2709 haec
3257 2653 3590 2723 prophetam
3622 2651 3786 2707 dicere

2205 2750 2545 2813 existimant,
2605 2740 2716 2802 falli
2764 2763 2823 2803 se
2860 2747 3081 2804 sciant:
3109 2760 3282 2817 neque
3317 2746 3465 2800 enim
3492 2761 3561 2801 ea
3598 2756 3782 2812 tempe-

2206 2851 2369 2906 state.
2414 2841 2507 2898 sed
2534 2839 2703 2897 multo
2730 2850 2852 2912 post
2873 2840 3041 2896 Isaias
3064 2840 3159 2896 fuit
3192 2826 3207 2894 Ξ
3241 2853 3338 2896 nec
3361 2839 3459 2909 qui
3482 2838 3553 2893 de
3577 2847 3787 2907 praeter-

2206 2936 2299 2993 itis
2328 2935 2486 3002 dicit,
2519 2935 2778 3005 propheta
2819 2921 3230 2997 habendus'est,
3268 2931 3362 2988 sed
3398 2932 3498 3002 qui
3560 2931 3625 2985 de
3649 2915 3787 2983 futil-

2207 3026 2303 3095 ris,
2339 3039 2509 3098 quare
2539 3026 2607 3081 de
2647 3026 2922 3096 baptismo
2950 3026 3095 3103 quod
3146 3023 3508 3096 praesagierit,
3537 3018 3780 3083 oStendit,

512 3116 841 3175 Prudentem
888 3116 1111 3173 omnino
1154 3114 1454 3187 appellans,
1483 3117 1575 3188 qni
1610 3118 1715 3174 vim
1750 3119 1889 3176 sacri
1922 3119 2099 3191 bapti-
2123 3160 2165 3220 α
2207 3125 2350 3203 quod
2377 3122 2487 3178 ait:
2516 3141 2536 3175 r
2557 3120 2746 3187 Ducet,
2778 3140 2798 3175 ι
2824 3136 2928 3177 non
2959 3130 3161 3187 autem,
3190 3121 3361 3176 duxit.

515 3211 706 3268 sinatis
755 3209 972 3268 calleat.
1018 3209 1302 3281 Baptisma
1352 3224 1480 3267 vero
1527 3211 1749 3280 dicitur,
1786 3222 1846 3269 ut
1888 3212 1943 3268 in
1987 3228 2097 3285 quo

512 3310 736 3373 peccata
789 3303 1157 3371 tumulentur,
1207 3304 1669 3373 quemadmodum
1722 3307 1857 3361 mari
1910 3306 2095 3365 Rubro

454 3431 459 3433 -
513 3395 854 3454 Pharaonem
904 3396 1068 3453 tlnxlt
1115 3407 1278 3467 atque
1329 3397 1512 3454 obruit
1553 3397 1752 3455 Moses.
1797 3398 2094 3455 Lavacrum

513 3506 580 3547 ex
644 3490 749 3548 hac
809 3488 964 3546 Isaia
1026 3488 1295 3548 sententia
1362 3506 1379 3547 :
1452 3509 1473 3545 ι
1540 3491 1859 3561 Lavamini,
1910 3492 2092 3551 mundi

511 3584 749 3639 estote’.
785 3600 806 3637 ι
848 3581 1193 3655 Unguentum
1246 3583 1390 3654 quod
1418 3581 1658 3640 caelestis
1688 3582 2092 3658 Hierosolyma,

511 3674 981 3748 divinique‘t‘egni
1030 3674 1273 3731 haeredes
1313 3674 1417 3731 hoc
1460 3674 1669 3733 inuncti
1711 3689 2089 3748 agnoscantur.

512 3766 590 3823 Ita
638 3768 785 3823 enim
832 3777 884 3823 et
922 3766 1117 3823 Elissac
1160 3765 1275 3837 (39)
1318 3765 1428 3822 vati
1474 3769 1550 3823 ait
1589 3768 1729 3826 Deus
1774 3791 1789 3828 :
1846 3790 1867 3825 ι
1914 3771 2096 3843 Unges

507 3858 762 3916 Elismum
799 3859 1120 3930 prophetam
1154 3871 1252 3929 pro
1284 3855 1399 3914 te’.
1438 3875 1461 3911 ι
1498 3856 1927 3919 Immortalitatis
1959 3864 2095 3919 ami-

504 3962 655 4010 ctum
674 3966 930 4009 vocamus
946 3967 1012 4009 ex
1042 3966 1109 4009 eo
1135 3949 1333 4008 Psaltis
1361 3952 1494 4024 regii
1529 3954 1741 4011 edicto:
1777 3973 1794 4007 ‹
1836 3955 2095 4015 Dominus

513 4046 780 4117 regnavit,
813 4047 1063 4102 decorem
1110 4045 1328 4103 indutus
1374 4056 1460 4103 est
1478 4047 1523 4105 ⁵.
1563 4065 1583 4102 ι
1631 4046 1768 4104 Tum
1813 4057 1992 4104 autem
2037 4060 2095 4107 ut

514 4140 773 4198 ostendat
807 4154 962 4211 aeque
1003 4139 1233 4197 amictus
1269 4150 1325 4197 et
1358 4138 1563 4197 Christi
1601 4142 1862 4207 haeredes,
1891 4141 2040 4197 addit
2076 4159 2092 4198 :

514 4255 533 4288 σ
580 4234 789 4291 Etenim
831 4233 1068 4290 ﬁrmavit
1103 4233 1292 4291 orbem
1338 4244 1518 4300 terrm,
1548 4234 1759 4291 scilicet
1797 4235 1898 4290 hoc
1942 4238 2092 4306 regio

512 4327 747 4393 amictu,
799 4325 893 4397 qui
947 4340 1055 4382 non
1108 4327 1594 4383 commovebitur“.
1649 4346 1668 4380 ›
1729 4327 1985 4396 Signum,
2036 4336 2095 4383 ut

514 4424 746 4493 dominii
791 4433 1001 4492 notam,
1033 4425 1493 4495 quemadmodum
1534 4423 1602 4480 de
1646 4438 1712 4480 eo
1754 4424 1920 4480 David
1964 4440 2093 4496 pro-

2266 3216 2348 3272 Ad
2376 3215 2622 3274 eumdem
2667 3214 2884 3272 modum
2924 3223 2978 3271 et
3016 3212 3267 3270 Micbatas
3302 3229 3316 3268 :
3352 3230 3374 3265 ι
3434 3210 3595 3279 Quis,
3631 3207 3777 3271 Deus,

2199 3306 2395 3365 similis
2455 3307 2556 3373 tui,
2584 3308 2678 3379 qui
2716 3305 2899 3363 aufers
2961 3307 3325 3377 iniquitatem,
3351 3317 3406 3361 et
3433 3304 3637 3359 transis
3666 3314 3774 3368 pec.

2198 3408 2380 3454 catum
2425 3399 2775 3471 reliquiarum
2811 3400 3144 3455 hereditatis
3201 3398 3351 3459 tuae?
3384 3413 3495 3452 non
3530 3393 3775 3450 immittet

2197 3492 2337 3548 ultra
2366 3491 2605 3550 furorem
2637 3508 2817 3561 suum,
2836 3494 3096 3564 quoniam
3127 3492 3318 3548 voieus
3341 3486 3761 3547 misericordiam

2200 3594 2315 3643 est.
2383 3585 2704 3643 Rcvertetur
2763 3596 2817 3641 et
2862 3584 3205 3640 miserebitur
3243 3583 3415 3639 nostri
3476 3601 3493 3639 :
3560 3584 3773 3648 deponet

2198 3679 2515 3751 iniquitates
2558 3687 2617 3735 et
2676 3678 2922 3750 projiciet
2968 3678 3020 3732 in
3062 3675 3385 3747 profundum
3437 3674 3606 3730 maris
3654 3670 3760 3722 ".-

2196 3770 2361 3829 Joelis
2381 3786 2512 3828 vero
2541 3771 2607 3827 de
2635 3770 2899 3839 baptismo
2917 3769 3172 3824 ittecisunt
3198 3769 3359 3824 verba
3389 3786 3403 3824 :
3448 3785 3470 3821 ι
3502 3767 3560 3821 in
3587 3763 3669 3819 illa
3694 3760 3768 3815 die

2201 3865 2485 3921 stillabunt
2521 3870 2733 3917 montes
2764 3862 3121 3927 dulcedinem,
3155 3858 3569 3917 etcollesﬂuent
3595 3856 3721 3910 lacte
3750 3866 3764 3906 :

2199 3969 2257 4017 et
2303 3972 2400 4021 per
2442 3971 2633 4013 omnes
2696 3957 2843 4011 rivos
2887 3955 3022 4010 Juda
3065 3956 3220 4010 ibunt
3268 3968 3454 4024 aqua:
3484 3960 3537 4009 et
3567 3946 3766 4004 fonsde

2198 4052 2359 4109 domo
2407 4047 2621 4105 Domini
2653 4049 2965 4119 egredietur
3012 4048 3077 4102 "’.
3111 4066 3131 4100 ι
3190 4047 3326 4113 Quis
3378 4046 3468 4103 hic
3508 4040 3760 4100 estfonse

2198 4142 2295 4201 Dei
2334 4143 2533 4212 templo
2606 4141 2895 4212 prodiens?
2962 4140 3191 4197 Omnino
3245 4141 3299 4195 in
3341 4138 3579 4196 Ecclesia
3624 4144 3763 4217 sacra

2196 4238 2428 4312 piscina,
2475 4251 2580 4307 qua
2637 4238 2836 4292 tinctus
2910 4236 3085 4291 omnis
3126 4233 3466 4290 Christianus
3516 4239 3679 4287 coetus
3713 4224 3758 4278 in

2197 4331 2540 4402 adoptionem
2596 4340 2895 4395 recreatur,
2973 4328 3208 4384 ctelestis
3268 4328 3457 4397 gloriae
3522 4314 3761 4392 regnique

2196 4422 2400 4481 Christi
2435 4423 2678 4480 haeredes
2706 4422 3000 4493 designati.
3026 4419 3101 4476 Et
3136 4419 3203 4475 de
3242 4422 3432 4475 eodem
3465 4416 3757 4483 baptismate

510 4516 697 4572 litetur
725 4532 742 4571 :
777 4532 799 4568 ί
838 4514 1122 4587 Signatum
1139 4523 1222 4571 est
1248 4530 1414 4585 super
1438 4529 1534 4571 nos
1563 4514 1744 4571 lumen
1781 4515 1956 4572 vultus
1987 4516 2089 4582 tui,
2118 4515 2169 4576 D
2196 4519 2387 4574 scribit
2440 4517 2607 4575 David
2638 4533 2653 4571 :
2696 4535 2714 4570 ι
2772 4513 2887 4571 Vox
2917 4514 3134 4570 Domini
3187 4527 3349 4583 super
3414 4523 3602 4582 aquas,
3632 4503 3755 4556 Deus

519 4607 765 4676 Domine,
791 4608 986 4665 dedisti
1028 4607 1271 4665 laetitiam
1309 4608 1365 4664 in
1406 4609 1572 4664 corde
1610 4623 1730 4664 meo
1745 4608 1787 4662 ⁸.
1823 4627 1844 4661 ι
1886 4607 2093 4674 Quibus

522 4700 701 4756 verbis
745 4715 916 4757 sacrre
960 4700 1237 4757 tinctionis
1275 4700 1382 4754 vim
1426 4700 1666 4755 declarat
1708 4717 1725 4751 :
1763 4698 1879 4755 Non
1920 4702 2088 4768 enim,

518 4792 712 4861 inquit,
740 4793 911 4848 solum
947 4800 1041 4848 tuo
1070 4794 1286 4849 nurnine
1314 4807 1411 4848 nos
1441 4791 1666 4862 signasti
1712 4802 1765 4846 et
1791 4783 2091 4861 ivllustrasti,

529 4886 621 4937 sed
656 4884 798 4937 cnim
833 4882 1070 4939 animum
1102 4899 1278 4939 meum
1308 4882 1577 4951 voluptate
1603 4871 1880 4937 aﬂ‘ccisti:
1912 4884 1963 4937 id
1988 4892 2092 4950 est,

512 4990 733 5030 munem
763 4976 1035 5045 signatum
1065 4991 1218 5031 noxa:
1243 4975 1400 5030 venia
1428 4976 1683 5045 dignatus
1711 4990 1789 5029 es.
1817 4974 1960 5030 Idem
1987 4975 2092 5031 alio

516 5067 730 5123 Psalmo
768 5084 782 5123 :
828 5086 847 5121 ι
884 5068 1001 5123 Dixi
1041 5088 1054 5123 :
1097 5069 1407 5123 Conﬁtcbor
1437 5068 1723 5122 adversum
1761 5082 1846 5123 me
1884 5068 2095 5137 injusti-

518 5162 647 5215 tiam
699 5176 872 5216 meam
916 5161 1147 5218 Domino
1197 5180 1210 5217 :
1254 5173 1307 5218 et
1352 5175 1408 5217 tu
1457 5162 1714 5217 remisisti
1762 5161 2090 5229 impietatem

516 5256 723 5327 peccati
762 5256 865 5311 mei
881 5256 922 5312 '.
960 5276 979 5310 ι
1020 5256 1134 5311 Hoc
1169 5257 1357 5312 dicens
1397 5275 1409 5310 :
1439 5256 1593 5323 Quod
1624 5255 1667 5310 si
1699 5256 1821 5325 quis
1860 5256 1939 5308 vel
1972 5263 2092 5324 post

2199 4610 2305 4681 maj
2346 4610 2503 4665 statis
2564 4607 2795 4663 intonuit
2850 4627 2864 4663 :
2912 4607 3169 4663 Dominus
3231 4621 3393 4674 super
3438 4615 3599 4674 aquas
3620 4595 3754 4650 mul-

2198 4703 2369 4760 tas".
2409 4720 2429 4756 ι
2465 4699 2531 4755 Ει
2596 4714 2859 4756 rursum:
2892 4716 2909 4751 ‹
2934 4699 3178 4769 Amplius
3202 4699 3317 4753 lava
3363 4712 3448 4753 me
3478 4696 3543 4750 ab
3579 4684 3751 4755 iniqm‘

2201 4804 2309 4849 tate
2350 4808 2490 4855 mea.
2557 4805 2611 4848 et
2666 4807 2696 4847 a
2748 4800 2968 4861 peccato
3026 4807 3149 4847 meo
3188 4790 3385 4845 munda
3442 4802 3527 4843 me
3555 4784 3613 4836 ⁸ὀ
3649 4775 3750 4831 »Ει

2204 4885 2363 4955 paulo
2426 4894 2549 4954 post
2589 4900 2602 4938 :
2640 4904 2657 4935 ‹
2710 4883 2977 4954 ASperges
3038 4896 3123 4937 me
3178 4883 3432 4953 hyssopo,
3476 4889 3524 4935 et
3551 4871 3746 4928 munda-

2205 4979 2349 5033 bor:
2402 4977 2604 5031 lambis
2660 4991 2765 5042 me,
2800 4987 2851 5031 et
2877 4991 3038 5048 super
3092 4976 3270 5031 nivem
3329 4963 3682 5029 dcalbabor”-
3721 4974 3738 5008 ²

2203 5068 2346 5134 Quin
2404 5084 2500 5137 per
2544 5065 2880 5122 Ezechielem
2942 5082 3155 5137 quoque
3219 5067 3359 5121 Deus
3435 5061 3738 5119 confirmat:

2215 5178 2234 5213 δ
2269 5160 2551 5215 Ell‘undam
2583 5174 2742 5228 super
2773 5174 2868 5214 vos
2919 5174 3111 5229 aquam
3143 5162 3419 5223 mundam,
3450 5166 3501 5211 et
3550 5143 3742 5205 munda-

2202 5253 2391 5309 bimini
2427 5254 2494 5307 ab
2519 5254 2768 5308 omnibus
2799 5252 3221 5323 inquinamentis
3252 5253 3445 5307 vestris
3475 5250 3563 5301 “.t

3927 4469 3929 4619 Ὺ

585 5442 630 5473 ”
660 5441 826 5500 Exod.
854 5457 1013 5497 t-xvt.
1089 5440 1135 5472 ”
1160 5440 1261 5496 lsa.
1290 5455 1378 5503 LV,
1406 5440 1453 5491 I.
1530 5439 1573 5471 θ’
1602 5437 1742 5510 I’saI.
1769 5453 1915 5510 xxvi,
1950 5438 1998 5491 I.
2076 5439 2089 5468 ¹

2207 5456 2255 5491 ιι.
2284 5454 2441 5503 θην,
2467 5440 2518 5494 8.
2598 5442 2617 5469 ε
2646 5438 2744 5493 lsa.
2776 5455 2812 5500 I,
2847 5439 2925 5493 I6.
3004 5440 3022 5472 ³
3046 5438 3107 5494 IlI
3143 5440 3271 5509 Reg.
3298 5454 3409 5503 xu,
3434 5437 3511 5492 it‘.
3548 5420 3729 5510 “ﬁli-“3,!-

516 5528 648 5577 xcu,
673 5515 719 5567 I.
748 5492 766 5500 v
798 5512 969 5567 “ibid.
1046 5512 1065 5542 ‘
1089 5510 1230 5565 l’sal.
1258 5492 1406 5575 xxxi,
1432 5510 1484 5566 5.
1563 5510 1581 5540 ⁷
1605 5509 1746 5563 Psal.
1774 5525 1845 5563 IV.
1870 5509 1924 5564 7.
2022 5510 2040 5539 ⁸
2070 5511 2167 5563 lsa.
2203 5526 2328 5573 xxv,
2361 5492 2441 5565 6.,
2492 5513 2510 5543 ³
2548 5511 2649 5564 Isa.
2678 5492 2828 5573 ΝΑ.
2906 5512 2947 5542 ¹⁶
2988 5512 3086 5565 lsa.
3149 5492 3311 5568 xxiiv.
3351 5492 3409 5563 7..
3480 5511 3515 5541 “
3546 5499 3655 5577 ii)in

519 5562 1019 5647 ῖῖἰὲπῖπωίζέδ.
1090 5562 1530 5649 ίίίιὲὸῗλνιξιὲξδ.
1608 5562 2017 5635 “IsaiaiLIIO.
2096 5562 2099 5563 ν

2219 5562 2389 5634 ιιῑχιζιι.
2425 5598 2512 5643 ιν,
2544 5562 2752 5645 25,221
2848 5582 3203 5649 ισδςξριι.γιι,
3256 5580 3459 5647 18,19.
3554 5562 3724 5623 "lvd-

518 5672 601 5721 tn,
636 5654 720 5710 18.
801 5654 842 5685 "
879 5652 1023 5707 Psal.
1052 5653 1319 5718 xxvm,5.
1397 5648 1437 5684 ⁸⁸
1470 5650 1611 5706 Psal.
1648 5668 1697 5713 L,
1742 5651 1793 5705 4.
1872 5652 1917 5682 ²⁰
1954 5653 2083 5706 Ibid.

2253 5654 2292 5683 ἰ
2332 5651 2527 5707 Ezecli.
2568 5669 2747 5715 sum,
2779 5653 2869 5710 25.

588 5820 708 5894 (38)
739 5817 995 5876 Nazianz.
1032 5818 1150 5876 vide
1180 5820 1233 5877 in
1267 5816 1327 5874 S.
1360 5816 1655 5890 Baptisma.
2267 5818 2385 5890 (39}
2422 5816 2529 5872 Imo
2562 5815 2708 5901 Eiizt},
