4006 6284
141 342 256 411 ΒἾἾ

1234 349 1624 428 DIALOGUS
1663 348 1960 412 CONTRA
1994 347 2321 411 IUL/EOS.

3296 340 3402 404 8'78

212 457 339 515 Iam
370 472 501 514 vero
523 459 581 514 in
614 458 824 525 “ara”
858 475 994 531 aqua
1026 474 1233 523 amara.
1269 469 1547 531 peccatum
1582 474 1737 539 ama-
1769 469 1812 521 Α
1843 458 2060 528 genitus
2089 456 2183 513 Dei
2211 457 2377 513 Filius
2403 455 2682 513 duodecim
2728 452 2997 525 apostolos
3030 468 3044 507 :
3081 471 3101 505 ι
3132 450 3214 508 Ad
3243 450 3404 522 quem

140 568 275 623 rum
328 551 578 618 notabat,
630 551 1057 621 regenerationis
1099 554 1311 609 lavacro
1353 566 1418 607 ac
1476 552 1738 620 paeniten-

140 647 226 699 tia
264 646 318 699 in
350 643 695 701 dulcedinem
728 642 1067 701 vertendum.
1106 642 1274 698 Porro
1331 651 1511 698 autem
1533 641 1736 698 duode-

132 737 256 792 cim
329 734 509 791 fontes
572 735 633 791 in
706 734 839 790 Elim
898 736 963 802 ⁸³,
1017 736 1296 791 duodecim
1370 734 1734 805 apostolorum

138 829 643 899 doctrinm'aquam
676 828 1053 897 designabant,
1084 827 1380 898 itidemque
1403 827 1734 898 reliquorum

134 921 499 992 septuaginta
559 921 771 990 palmae.
828 918 1092 975 Caeterum
1125 934 1266 975 arcae
1318 934 1415 991 per
1446 919 1733 989 Iordanem

138 1012 406 1084 traiectio
436 1028 465 1066 a
496 994 697 1067 Iudaeis
736 1011 902 1080 facta,
966 1012 1106 1067 sacri
1147 1011 1397 1083 baptismi
1422 1012 1527 1064 vim
1558 1020 1737 1066 osten—

129 1105 225 1159 dit
264 1122 279 1161 :
317 1119 448 1158 nam
511 1119 608 1172 per
630 1103 937 1157 sacerdotes
972 1118 1111 1173 aqua
1157 1113 1212 1157 et
1254 1102 1444 1175 spiritu
1482 1100 1731 1167 recreati,

130 1212 301 1267 mque
335 1207 389 1251 ct
430 1211 533 1251 nos
588 1206 887 1264 peceatum,
946 1205 1003 1250 ut
1033 1193 1190 1251 Iesus
1216 1196 1357 1250 ﬁlius
1410 1193 1553 1249 Nave
1595 1191 1737 1249 Ieri-

128 1293 439 1355 chontem,
468 1289 761 1343 evertimus
788 1303 850 1342 ac
875 1288 1271 1357 despoliamus,
1307 1289 1356 1343 id
1382 1291 1521 1342 enim
1568 1286 1734 1354 signi-

128 1392 251 1447 cat,
274 1382 424 1449 quod
452 1382 528 1435 ait
568 1384 823 1453 propheta
856 1401 869 1436 :
910 1400 936 1459 ι
974 1381 1107 1454 Quae
1141 1392 1319 1437 autem
1348 1381 1730 1445 descendebat,

128 1476 435 1529 descendit
463 1474 515 1529 in
546 1490 693 1530 mare
722 1475 921 1541 Araba,
949 1489 1097 1529 mare
1114 1472 1263 1537 salis,
1286 1474 1456 1528 donec
1483 1472 1534 1527 in
1568 1472 1731 1527 linem

122 1565 347 1621 defecit
375 1564 479 1635 ¹³⁶;
522 1585 541 1618 ι
604 1566 656 1621 id
688 1576 791 1630 est,
852 1565 1062 1621 violata:
1104 1564 1230 1618 olim
1272 1565 1402 1635 legis
1450 1574 1731 1635 peccatum

126 1658 211 1710 ad
264 1658 595 1714 immensum
662 1658 755 1712 Dei
798 1658 1155 1712 humanitatis
1183 1656 1402 1727 pelagus
1438 1657 1728 1725 dilapsum,

135 1750 482 1816 demanavit,
524 1750 697 1806 donec
751 1747 966 1815 tandem
1026 1748 1349 1804 exstinctum
1390 1758 1492 1804 est.
1536 1748 1731 1805 Sacer-

1840 549 2019 605 factus
2039 559 2124 605 est
2154 564 2332 604 sermo
2354 547 2587 615 Domini,
2621 548 2810 611 dicens
2839 563 2855 604 :
2890 546 3053 602 Israel
3075 546 3181 601 erit
3207 561 3404 602 nomen

1837 651 1987 696 tuum
2014 641 2118 695 ".r
2153 639 2244 695 Ille
2273 638 2491 709 quidem
2521 639 2726 693 audivit
2762 652 2822 694 se
2848 648 3079 693 mentem
3111 636 3249 701 fore,
3286 652 3407 708 qua:

1841 733 2010 789 Deum
2065 739 2213 787 esset
2270 732 2450 786 visura
2479 748 2493 785 :
2526 730 2611 787 hic
2642 730 2783 786 Deus
2816 739 2921 797 est,
2966 745 3125 797 quem
3157 730 3408 786 cmlcstes

1834 839 2021 881 omnes
2042 833 2246 880 mentes
2272 824 2499 879 adorent
2522 830 2577 878 et
2606 822 2927 877 collaudent.
2959 822 3047 877 Et:
3065 820 3410 877 «Editlcav‘t

1836 916 2063 987 lapides,
2120 925 2175 972 et
2199 914 2408 969 curavit
2454 914 2623 969 altare
2672 914 2931 968 dirutum.
2967 932 2987 965 ι
3016 914 3108 968 Ille
3170 913 3409 969 dirutum

1844 1006 1939 1063 Dei
1977 1008 2145 1063 altare
2170 1008 2472 1072 instaurat;
2499 1006 2585 1060 hic
2617 1006 2923 1077 ﬁgmentum
2975 1021 3130 1061 suum
3175 1005 3408 1060 lacermn

1838 1114 1935 1168 per
1984 1102 2283 1155 doctrinam
2341 1099 2713 1171 apostolorum
2771 1098 3063 1167 componit.
3104 1116 3123 1150 ι
3158 1096 3412 1167 Fecitque

1837 1208 1989 1262 aqute
2034 1196 2250 1249 ductum
2303 1192 2457 1263 quasi
2510 1205 2609 1263 per
2654 1191 2788 1246 duas
2825 1189 3209 1245 aratiunculas.
3242 1207 3261 1240 ι
3298 1189 3410 1243 Illic

1834 1290 2024 1348 scrobs
2090 1305 2217 1355 una,
2255 1303 2374 1358 qua:
2421 1288 2527 1344 duo
2555 1297 2673 1342 sata
2700 1284 2921 1342 seminis
2963 1293 3201 1350 caperet,
3238 1284 3325 1338 hic
3356 1283 3410 1337 in

1837 1400 1941 1439 una
1990 1400 2218 1453 persona
2244 1382 2369 1438 dua:
2397 1391 2625 1445 naturae,
2666 1379 2845 1434 divina
2898 1387 2950 1429 et
2980 1379 3217 1431 humana
3248 1376 3409 1429 simul

1832 1478 2155 1533 exstiterunt
2189 1474 2323 1531 :sln
2358 1476 2586 1555 circuitu
2608 1476 2794 1531 altaris
2821 1474 2906 1539 ³⁹;
2940 1491 2958 1525 ι
2983 1486 3130 1526 arant
3168 1471 3255 1525 hic
3287 1470 3412 1525 Cal-

1834 1571 1996 1624 varia:
2020 1571 2219 1633 locum,
2251 1571 2308 1626 in
2352 1581 2462 1640 quo
2492 1580 2714 1641 augusta
2739 1585 2872 1626 crux
2908 1566 3085 1623 deﬁxa
3116 1574 3216 1627 est,
3249 1562 3412 1617 intel-

1833 1661 1959 1731 lige.
2007 1678 2033 1714 ι
2097 1661 2161 1716 Et
2212 1661 2680 1731 composuitligna
2710 1676 2874 1732 super
2923 1662 3093 1714 altare
3143 1653 3284 1725 quod
3336 1655 3412 1710 fe-

1834 1757 1908 1809 cit
1968 1754 2035 1808 ³³.
2103 1772 2123 1807 ι
2184 1753 2376 1825 Ligna,
2437 1770 2532 1809 seu
2564 1754 2773 1810 assulas
2806 1769 2839 1810 e
2887 1753 3032 1823 ligno
3061 1750 3232 1807 scisso
3257 1754 3412 1805 votat

139 1844 304 1898 dotes
336 1857 469 1899 vero
508 1842 561 1897 in
590 1841 825 1898 Iordane
854 1842 1193 1908 resistentes,
1224 1843 1447 1911 pedibus
1484 1852 1727 1913 extrema
1754 1836 1801 1896 Β
1832 1847 2105 1902 hominum
2138 1861 2327 1914 noxas,
2370 1860 2507 1918 quas
2537 1846 2796 1902 Dominus
2834 1857 3018 1901 noster
3041 1846 3185 1901 cruci
3224 1841 3412 1899 aliixus

135 1950 284 2007 aqua
333 1935 541 2001 tinctis,
583 1934 913 2007 signiﬁcant,
965 1935 1180 2008 opinor,
1212 1948 1240 1987 a
1272 1944 1498 2005 peccato
1541 1934 1732 1991 abesse

132 2028 445 2082 neminem.
476 2028 630 2096 Quod
670 2040 847 2083 autem
896 2025 1360 2092 IordanemlElias
1420 2027 1619 2084 ntelote
1646 2042 1732 2083 se-

140 2124 282 2190 mel,
345 2125 574 2181 Elisaaus
628 2123 710 2180 bis
768 2117 979 2193 trajecit
1013 2123 1079 2191 ἰ,
1115 2124 1265 2179 trina:
1296 2124 1348 2181 in
1391 2137 1544 2179 sacra
1578 2123 1730 2179 ablu-

142 2220 301 2274 tione
339 2218 699 2274 demersionis
729 2208 782 2272 in
814 2233 1009 2275 nomen
1052 2216 1154 2274 SS.
1187 2216 1470 2274 Trinitatis
1498 2217 1639 2273 vires
1676 2225 1732 2276 et

130 2310 449 2367 efﬁcaciam
497 2309 855 2380 praenotabat,
905 2325 1010 2381 qua
1070 2311 1296 2368 mortale
1353 2327 1418 2369 ac
1470 2313 1729 2368 caducum

136 2406 525 2475 incorruptam
575 2402 1035 2459 immortalitatem
1116 2404 1313 2461 induit.
1367 2406 1552 2476 Neque
1604 2422 1731 2462 vero

138 2495 298 2551 aliud
328 2496 466 2552 velle
494 2496 626 2551 mihi
649 2496 860 2552 videtur
889 2494 1147 2563 Naaman,
1179 2499 1380 2569 septies
1413 2499 1465 2553 in
1494 2497 1731 2555 Iordane

140 2588 296 2645 ablui
354 2588 539 2659 jussus
594 2590 663 2655 ³⁸,
695 2603 856 2660 quam
898 2590 1228 2657 conandum,
1266 2600 1323 2646 ut
1371 2592 1424 2646 in
1473 2591 1577 2647 hac
1608 2602 1729 2648 tan-

137 2695 311 2749 quam
358 2681 659 2749 septimana
690 2682 797 2735 vita
830 2720 846 2747 ,
877 2680 1113 2750 peccatis
1163 2683 1414 2738 omnibus
1450 2683 1729 2754 abstersis,

144 2788 244 2844 per
298 2780 507 2842 septem
544 2774 778 2843 Spiritus
828 2773 966 2828 dona
1023 2771 1126 2829 SS.
1172 2773 1448 2842 Trinitati,
1511 2786 1565 2833 et
1621 2787 1731 2835 tres

142 2860 347 2921 animat
394 2867 681 2936 potentias,
713 2876 768 2921 et
803 2866 1193 2923 elementorum
1235 2873 1477 2942 corporis
1504 2884 1730 2944 quater-

148 2959 373 3014 nionem
412 2956 616 3014 oderas
644 2958 870 3027 integra,
921 2948 1225 3017 oblitterata
1258 2964 1436 3032 priore
1468 2967 1616 3022 velut
1648 2967 1729 3023 le-

141 3061 268 3117 pra.
324 3046 462 3115 Quin
505 3045 691 3114 Iacob,
722 3064 918 3120 parens
972 3062 1179 3118 vester,
1213 3050 1406 3111 baculo
1438 3054 1726 3115 Iordanem

161 3156 264 3196 non
313 3140 445 3211 'ipse
500 3149 729 3206 tantum,
754 3140 1038 3219 omnisque
1076 3143 1194 3219 ejus
1230 3146 1437 3220 familia
1471 3151 1723 3219 transiit;

158 3232 255 3286 sed
296 3246 427 3287 oves
450 3247 689 3302 quoque,
740 3248 802 3289 ac
833 3234 1019 3299 boves,
1054 3247 1111 3291 ut
1136 3238 1468 3308 ostenderet,
1510 3258 1616 3297 non
1639 3258 1727 3299 so-

147 3323 256 3377 lum
286 3339 317 3377 a
340 3323 452 3379 Deo
482 3323 706 3390 electos,
758 3327 852 3382 sed
879 3328 1038 3383 etiam
1074 3332 1164 3399 qui
1215 3331 1373 3387 bruta
1408 3341 1461 3388 ct
1489 3336 1726 3391 amentia

144 3416 357 3472 scelera
413 3426 712 3487 patrarent,
765 3429 1038 3492 purgatos,
1073 3422 1272 3481 Christi
1299 3427 1612 3483 'cohmredes
1645 3430 1727 3486 ef-

148 3509 349 3563 fectum
388 3508 475 3563 iri.
508 3508 933 3567 Ilierichuntina‘,
1000 3528 1213 3585 quoque
1273 3521 1486 3574 steriles
1552 3535 1724 3590 aquae,

147 3602 262 3657 sale
300 3602 369 3656 ab
396 3601 594 3657 Elisaeo
640 3599 1033 3673 fecundam",
1072 3606 1306 3677 priorem
1330 3608 1582 3665 Ecclesiae
1619 3622 1729 3667 stc-

147 3693 406 3749 rilitatem
463 3693 862 3759 monstrabant,
898 3709 1020 3765 qua:
1065 3696 1308 3754 habenda
1345 3700 1539 3756 deinde
1570 3702 1729 3758 Chri-

156 3797 246 3843 sto
293 3785 401 3841 dde
471 3786 724 3857 centuplo
777 3787 959 3856 plures
988 3788 1207 3855 liberos,
1253 3806 1413 3861 quam
1442 3806 1727 3864 synagogas

156 3877 351 3934 marito
386 3886 469 3933 est
527 3887 651 3948 post
716 3880 873 3933 enixa
911 3877 1050 3951 (40).
1082 3878 1277 3937 Verum
1308 3891 1366 3936 ut
1399 3885 1633 3952 apertius
1659 3885 1729 3942 de

151 3968 237 4023 bis
270 3976 589 4035 statuamus,
618 3968 858 4025 vaticinii
890 3969 1053 4025 verba
1082 3984 1148 4025 ex
1174 3971 1323 4027 libris
1360 3972 1563 4045 Regum
1603 3994 1729 4047 per-

151 4076 468 4133 sequamur.
498 4062 590 4118 Sic
619 4061 764 4117 enim
798 4064 1017 4118 habent.

706 4154 937 4211 CAPUT
977 4154 1163 4223 XLVII

464 4245 605 4301 Elia:
655 4263 771 4301 cum
801 4245 1009 4303 Christo
1058 4252 1406 4319 comparolio.

225 4356 249 4392 ι
276 4337 425 4403 Dixit
473 4337 618 4395 Eltas
669 4338 734 4395 ad
768 4343 1022 4410 pupulum
1055 4360 1068 4397 :
1118 4345 1371 4400 Accedite
1425 4349 1492 4403 ad
1530 4365 1632 4405 me.
1656 4348 1729 4407 Et

150 4434 383 4493 accessit
432 4432 621 4495 omnis
671 4434 899 4503 populus
948 4437 1015 4491 ad
1070 4452 1192 4491 eum
1242 4438 1308 4493 ³⁷.
1349 4457 1368 4490 ι
1409 4439 1551 4497 Sane
1583 4443 1727 4501 Elias

1752 3188 1799 3247 (Ξ

1833 1937 1886 1992 in
1936 1952 1997 1993 se
2027 1940 2249 2009 recepit,
2305 1950 2360 1994 et
2419 1939 2511 2009 qui
2556 1937 2696 2010 ignis
2755 1938 2975 2010 quidam
3010 1930 3409 2005 essetdivinus,

1835 2031 2062 2097 exussit,
2120 2043 2176 2085 ut
2229 2033 2305 2087 ait
2388 2014 2650 2103 prapheta
2693 2049 2708 2087 :
2746 2051 2765 2086 ι
2834 2031 3145 2102 Languores
3196 2042 3410 2088 nostros

1834 2125 1951 2195 ipse
2010 2126 2127 2182 tulit
2164 2127 2230 2181 ".
2266 2145 2286 2179 ι
2313 2157 2385 2168 -—-
2413 2146 2431 2179 ι
2462 2125 2762 2198 Divisitque
2784 2142 2883 2199 per
2924 2129 3163 2183 membra
3196 2128 3408 2191 bovem,

1832 2221 1889 2267 et
1942 2213 2121 2282 posuit
2170 2229 2334 2284 super
2389 2215 2553 2287 ligna.
2615 2234 2635 2269 ι
2694 2216 2753 2272 Id
2774 2226 2875 2286 est,
2925 2219 3137 2273 vitalem
3172 2220 3221 2272 in
3249 2232 3411 2274 cruce

1833 2314 2059 2361 mortem
2090 2307 2348 2362 sustinet.
2386 2307 2515 2378 ιιΕι
2539 2308 2614 2362 ait
2644 2309 2905 2379 :Implete
2929 2318 3162 2379 quatuor
3190 2309 3410 2382 hydrias

1835 2408 2098 2466 aqua,-et
2161 2398 2367 2455 fundite
2431 2415 2593 2470 super
2643 2402 3040 2467 holocaustum,
3079 2413 3134 2458 et
3160 2418 3319 2473 super
3345 2404 3411 2457 li-

1832 2504 1935 2560 gna
1963 2490 2030 2546 ³³.
2074 2508 2094 2542 ι
2131 2490 2277 2548 Duas
2306 2494 2597 2565 amphoras
2641 2506 2891 2567 gratiam.
2919 2511 3041 2568 qua:
3077 2513 3173 2569 per
3209 2514 3404 2569 aquam

1834 2591 1890 2636 et
1949 2580 2211 2652 Spiritum
2274 2594 2580 2654 praestetur,
2635 2586 2923 2658 signiﬁcat,
2953 2589 3405 2659 quemadmodum

1833 2687 1985 2728 meus
2043 2671 2299 2729 Salvator
2352 2685 2518 2749 atque
2574 2675 2716 2735 Deus
2777 2678 3061 2735 conﬁrmat
3124 2678 3405 2750 “,quiex

1831 2781 1968 2835 aqua
2004 2777 2059 2822 et
2088 2766 2295 2838 Spiritu
2326 2779 2487 2825 natus
2506 2785 2612 2826 non
2640 2772 2730 2839 sit,
2752 2787 2858 2829 non
2891 2787 3050 2843 posse
3078 2774 3144 2829 ad
3165 2774 3407 2829 divinum

1832 2875 2054 2932 regnum
2110 2863 2335 2919 intrare.
2392 2882 2411 2917 ι
2455 2864 2795 2934 Rursumque
2878 2864 3060 2921 dixit:
3094 2865 3270 2921 Etiam
3320 2883 3409 2923 se-

1821 2956 2007 3010 cundo
2030 2954 2209 3012 facite.
2234 2955 2333 3024 Qui
2361 2972 2482 3013 cum
2512 2958 2767 3014 fecissent
2802 2960 3060 3025 secundo,
3083 2961 3157 3014 ait
3182 2978 3197 3016 :
3228 2960 3405 3016 Etiam

1834 3046 1997 3103 tertio
2048 3046 2100 3102 id
2126 3048 2305 3117 ipsum
2322 3046 2506 3104 facite.
2531 3046 2907 3120 Feéeruntque
2939 3051 3098 3107 tertio
3124 3052 3190 3107 ⁸⁸.
3240 3070 3258 3103 ι
3295 3050 3409 3109 Hoc

1831 3138 2135 3196 divinitatis
2194 3142 2544 3213 tergeminam
2620 3142 2958 3212 maiestatem
3007 3146 3264 3214 ostendit,
3330 3147 3407 3201 uti

1831 3218 2054 3285 rursum
2104 3245 2255 3285 meus
2305 3229 2462 3287 Iesus
2504 3226 2784 3301 discipulis
2833 3236 3108 3303 praecepit,
3136 3236 3278 3290 irent
3308 3238 3408 3293 do-

1829 3333 1975 3378 ctum
2011 3337 2198 3378 omnes
2228 3333 2434 3394 gentes,
2462 3336 2664 3393 eosque
2694 3324 3029 3394 baptizarent
3083 3328 3136 3383 in
3188 3330 3407 3387 nomine

1830 3414 2025 3482 Patris,
2049 3427 2102 3471 et
2120 3414 2262 3483 Filii,
2284 3425 2340 3473 et
2366 3415 2601 3485 Spiritus
2624 3416 2799 3472 sancti
2824 3417 2888 3473 ³⁸.
2932 3435 2952 3471 ι
3003 3420 3069 3475 Ει
3110 3422 3409 3479 currebant

1831 3522 1986 3578 aqua:
2069 3509 2273 3564 circum
2356 3507 2566 3575 altare;
2642 3515 2699 3565 et
2756 3509 2899 3567 {ossa
2978 3527 3131 3584 aqua:
3215 3516 3407 3573 ductus

1828 3601 2031 3673 repleta
2093 3612 2179 3658 est
2235 3602 2302 3659 ³⁷.
2364 3620 2384 3655 ι
2440 3600 2574 3657 Nam
2637 3604 2872 3673 repletus
2940 3614 3022 3661 est
3084 3607 3232 3663 orbis
3289 3620 3404 3664 ter-

1830 3708 2013 3749 rarum
2071 3691 2164 3750 Dei
2197 3709 2364 3765 regno
2405 3704 2567 3765 atque
2597 3696 2791 3763 gloria.
2837 3696 3239 3756 Etexclamavit
3264 3701 3406 3757 Elias

1834 3786 1889 3843 in
1930 3786 2151 3854 coelum,
2207 3797 2262 3844 et
2289 3788 2425 3843 dixit
2453 3806 2470 3841 :
2498 3806 2517 3841 ι
2571 3787 2793 3845 Domine
2826 3791 2964 3848 Deus
3023 3792 3318 3860 Abraham,
3350 3808 3408 3851 et

1829 3878 2002 3945 Isaac,
2030 3889 2085 3934 et
2117 3878 2299 3945 Israel,
2333 3880 2528 3936 exaudi
2562 3895 2670 3947 me,
2706 3880 2999 3940 Domine".
3029 3902 3053 3937 ι
3089 3884 3213 3949 Ilaec
3242 3886 3404 3943 Elias.

1827 3972 1894 4024 At
1926 3970 2246 4041 Unigenitus
2282 3971 2372 4027 Dei
2406 3972 2579 4028 oculis
2604 3973 2656 4027 in
2686 3974 2884 4030 omium
2912 3975 3159 4045 sublatis,
3204 3978 3408 4034 clama-

1830 4065 1903 4119 vit
1938 4081 1953 4119 :
1988 4082 2009 4116 ι
2059 4064 2243 4130 Pater,
2292 4067 2434 4136 quod
2488 4066 2679 4121 dedisti
2737 4065 2892 4135 mihi,
2922 4067 3044 4124 volo
3073 4079 3132 4125 ut
3163 4070 3250 4127 ubi
3285 4086 3406 4129 sum

1830 4180 1952 4234 ego,
1999 4174 2056 4219 et
2123 4164 2193 4219 illi
2251 4166 2591 4221 sintmecnm
2625 4206 2640 4231 ,
2700 4176 2758 4222 ut
2840 4168 3059 4225 videant
3103 4171 3407 4230 claritatem

1830 4272 2031 4322 meam,
2102 4272 2267 4327 quam
2368 4257 2564 4315 dedisti
2622 4260 2754 4315 mihi
2787 4270 2913 4317 ante
2967 4264 3405 4323 constitutionem

1832 4350 2013 4404 tuundi
2050 4362 2160 4406 tut
2217 4352 2327 4408 sint
2366 4367 2553 4417 unum,
2582 4353 2723 4412 sicut
2783 4367 2836 4414 et
2867 4375 2962 4416 nos
2991 4376 3153 4415 unum
3195 4377 3402 4417 sumus.

1828 4442 1947 4497 Non
1974 4458 2071 4514 pro
2100 4445 2179 4500 eis
2226 4456 2407 4503 autem
2430 4462 2565 4518 rogo
2600 4459 2827 4517 tantum,
2865 4453 2957 4506 sed
2988 4463 3040 4507 et
3066 4469 3163 4524 pro
3189 4455 3289 4522 eis,
3312 4456 3405 4525 qui

152 4522 250 4575 hac
291 4519 437 4575 obita
493 4518 789 4586 functione,
835 4534 1023 4585 coorto
1073 4528 1228 4596 quasi
1264 4531 1492 4597 quodam
1536 4542 1721 4592 terrm-
1750 4534 1804 4593 D
1830 4536 2086 4591 credituri
2110 4552 2233 4593 sunt
2257 4554 2352 4609 per
2376 4542 2597 4598 verbum
2622 4558 2808 4598 eorum
2838 4545 2892 4601 in
2924 4560 3008 4600 me
3044 4518 3110 4603 ³δ.
3162 4565 3180 4598 ›

151 4620 316 4673 tnotn,
379 4612 531 4680 ignea
583 4613 841 4684 quadriga
887 4616 938 4669 in
970 4618 1167 4671 coelum
1197 4618 1487 4675 subvectus
1508 4632 1630 4693 est;
1667 4638 1726 4683 at

150 4715 336 4757 contra
394 4718 454 4756 ac
479 4700 778 4758 mirabilius
840 4706 1013 4774 opifex
1043 4708 1128 4763 ille
1153 4710 1295 4776 caeli,
1337 4712 1606 4773 inclinatis
1630 4717 1724 4773 be-

150 4795 312 4864 nigne
342 4795 493 4851 cretis
525 4797 833 4866 degressus,
863 4808 916 4853 et
966 4800 1190 4857 vehiculi
1220 4805 1498 4873 cujusdam
1530 4810 1720 4878 instar,

148 4899 342 4963 natura
409 4898 678 4958 suSCcpta,
730 4890 970 4947 studiose
1014 4907 1199 4950 etnnes
1255 4900 1320 4952 ad
1364 4913 1421 4954 se
1452 4904 1723 4961 attrahere

148 4980 330 5055 gestit.
362 4977 547 5047 Itaque
582 4996 595 5032 :
636 4996 653 5030 ι
696 4976 902 5045 Venite,
959 4980 1149 5049 inquit,
1178 4984 1242 5035 ad
1274 5000 1381 5051 me,
1416 5002 1601 5044 omnes
1630 4993 1720 5061 qui

148 5068 429 5131 laboratis,
455 5078 508 5122 et
536 5069 741 5122 Onerati
782 5068 947 5133 estis;
980 5079 1033 5122 et
1071 5084 1167 5139 ego
1199 5072 1433 5126 reﬁciam
1484 5090 1577 5131 vos
1595 5077 1661 5131 ".
1701 5098 1719 5131 ι

152 5191 218 5202 -—-
253 5177 273 5213 ι
337 5159 401 5213 Ει
434 5159 551 5214 tulit
592 5160 871 5228 duodecim
913 5159 1114 5229 lapides
1136 5162 1289 5231 juxta
1316 5181 1597 5223 numerum
1626 5173 1723 5225 tri-

152 5259 315 5312 buum
348 5255 582 5323 ﬁliorum
609 5251 796 5309 Iacob.
830 5272 849 5307 ι
909 5255 1055 5310 Elias
1080 5258 1360 5315 duodecim
1402 5275 1556 5328 saxa,
1605 5266 1724 5319 uni-

220 5440 592 5513 nrt-jxndtxv,
620 5440 713 5513 25.
790 5442 835 5475 “
870 5442 1002 5497 Ibid.
1031 5440 1122 5497 27.
1201 5446 1266 5477 ’³⁸
1293 5444 1461 5502 Iosue
1516 5448 1711 5513 υ1,1ϐ.

151 5535 207 5581 ιι,
236 5512 324 5569 “ll.
377 5509 533 5563 ’πιιι
567 5509 699 5579 Reg.
749 5528 904 5578 xvttt,
940 5515 1027 5569 50.
1101 5515 1149 5547 ³⁸
1178 5516 1363 5571 Matth.
1405 5533 1483 5582 ιι,
1518 5509 1607 5574 ἓδ.

153 5657 329 5713 1880.
404 5654 449 5688 ³⁷
476 5652 546 5709 IIl
578 5654 707 5724 Reg.
734 5670 891 5724 xvm,
933 5657 1021 5712 35.

220 5849 326 5925 (40)
359 5850 493 5909 Vide
515 5848 667 5906 Isaia:
710 5866 821 5921 ιη,
851 5852 892 5907 l.

1890 5450 1957 5533 LV
1986 5453 2201 5523 Regdt,
2234 5458 2411 5533 δη.
2488 5460 2535 5491 ³⁵
2567 5461 2631 5516 IV
2661 5462 2792 5533 Reg.
2820 5480 2870 5531 v,
2901 5466 2981 5521 l0.

1712 5521 1757 5600 ιι
1786 5522 1855 5578 ιιι
1894 5521 2211 5600 Ileg.__x'vut_.
2250 5529 2324 5600 5i
2351 5545 2501 5600 εεψι·

152 5602 300 5652 svnt,
332 5585 421 5641 54.
499 5583 541 5653 'f
567 5582 668 5637 Isa.
696 5592 809 5641 LIII.
842 5584 891 5638 4.
970 5585 1105 5641 "Ill
1142 5588 1270 5653 Reg.
1301 5603 1452 5651 xvttt,
1482 5590 1569 5643 3i.
1648 5589 1693 5621 “
1719 5589 1879 5649 Ioan.
1906 5582 2006 5653 ιιιῗ
2028 5596 2081 5649 5.

1100 5658 1142 5690 ια
1176 5659 1307 5714 Ibid.
1342 5660 1433 5715 se.
1508 5659 2122 5733 "toan.xm,2t-26.
2194 5669 2239 5702 ιο
2270 5670 2336 5725 ιιι
2378 5658 2508 5742 ne'g.
2548 5658 2836 5743 x.-..a,’:c.

1906 4645 1925 4678 ι
1962 4624 2171 4681 Exaudi
2233 4644 2317 4685 me
2359 4630 2519 4686 hodie
2576 4633 2626 4685 in
2659 4632 2804 4704 igne,
2858 4645 2911 4689 et
2947 4637 3117 4691 discat
3174 4639 3404 4708 populus

1830 4717 1931 4774 iste
1958 4719 2151 4784 omnis,
2176 4722 2299 4787 quia
2346 4729 2401 4776 tu
2442 4722 2589 4779 solus
2610 4724 2865 4779 Dominus
2888 4724 3027 4783 Dcua
3072 4726 3233 4783 Israel
3273 4728 3340 4785 ι’.
3377 4749 3397 4783 ι

1832 4810 1997 4876 Elias,
2040 4813 2129 4881 qui
2190 4812 2352 4868 homo
2377 4825 2516 4881 erat,
2568 4818 2871 4873 exhibendo
2928 4819 3047 4889 igne
3095 4822 3401 4891 exauditus,

1835 4903 2026 4969 Deum,
2086 4905 2176 4974 qui
2233 4906 2371 4977 ignis
2423 4910 2638 4979 quidam
2692 4919 2795 4976 est,
2830 4913 3244 4969 homincmﬁeri
3278 4931 3409 4983 pre--

1834 5004 1990 5047 catur
2022 5013 2035 5046 :
2068 4994 2155 5050 ille
2201 5013 2331 5053 vero
2390 5001 2480 5067 qui
2512 5009 2566 5055 et
2604 5001 2743 5056 Deus
2784 5011 2835 5055 et
2871 5004 3029 5071 ignis,
3084 5005 3241 5061 Immo
3289 5007 3403 5062 ﬁeri

1830 5097 2107 5159 assumpta
2155 5106 2273 5146 mea
2300 5108 2462 5149 carne
2488 5096 2675 5161 voluit,
2704 5108 2757 5151 ut
2784 5098 2848 5153 ab
2888 5111 3090 5153 azterno
3131 5101 3250 5169 ig'te
3276 5100 3405 5154 Iilw-

1832 5189 1981 5232 rat-et
2014 5195 2029 5233 :
2062 5198 2079 5231 ι
2120 5180 2186 5235 Et
2207 5197 2307 5246 ego
2341 5199 2527 5241 servus
2563 5187 2767 5243 tuus".
2803 5205 2821 5239 ι
2852 5188 2988 5243 Vere
3018 5190 3083 5242 de
3113 5204 3171 5244 se
3222 5188 3401 5248 Elias:

1830 5270 1971 5341 quod
2052 5274 2118 5327 ad
2193 5277 2477 5332 sublimem
2529 5295 2747 5336 sensum
2782 5281 2827 5335 si
2862 5281 3127 5348 trahatur,
3178 5283 3401 5336 nimum

3081 5469 3127 5541 ‘,'
3162 5466 3225 5541 ιγ
3264 5467 3392 5541 [les-

3066 5540 3109 5573 ³¹
3157 5539 3221 5595 III
3261 5539 3393 5605 Reg.

2895 5609 2939 5639 ³⁸
2974 5608 3164 5666 Matth.
3201 5627 3392 5677 xxviii,

2610 5533 2655 5565 ³⁰
2685 5532 2817 5589 Ibid.
2851 5538 2938 5591 32.

2188 5598 2235 5631 ³⁸
2265 5598 2326 5651 ιιι
2369 5598 2501 5669 Reg.
2530 5618 2679 5668 xvnt,
2712 5606 2800 5660 54.
