4060 6290
649 319 757 382 εις

1849 325 2272 387 ANDRONIC]
2312 328 2654 390 (IOMNENI
3761 340 3848 404 880

647 438 824 496 audax
873 440 960 494 sit.
989 438 1117 493 Nam
1163 439 1262 495 etsi
1296 440 1513 512 quidam
1556 456 1657 496 non
1683 440 2011 508 dubitarunt,
2055 453 2214 510 atque
2243 448 2288 504 Α
2318 446 2551 498 cundum
2598 461 2793 517 corpus
2823 458 3109 506 nascentes
3133 451 3405 508 terrestris
3432 452 3710 522 imaginem
3750 458 3852 512 tuli-

645 532 761 585 ausi
815 531 947 584 adeo
991 540 1116 585 sunt
1173 531 1493 587 confirmare
1541 549 1608 588 cx
1642 535 1837 588 Christi
1872 549 2102 603 persona
2127 534 2208 587 di-

645 637 810 688 etum,
838 623 1072 690 scilicet:
1100 642 1118 674 ι
1153 621 1285 690 Quia
1316 639 1414 695 ego
1445 639 1632 680 servus
1685 636 1825 688 tuus,
1856 637 1906 678 et
1942 627 2081 680 filius
2110 641 2205 679 an-

639 717 776 770 cillae
803 729 905 770 tute
939 715 1013 767 "z
1048 715 1101 769 in
1128 723 1303 770 mente
1327 715 1454 770 illud
1477 716 1733 771 habentes
1759 734 1771 770 :
1802 735 1819 766 ι
1849 715 2002 771 Pater
2035 717 2205 784 major

640 822 725 860 me
750 816 832 860 est
867 807 931 869 ",
980 823 999 854 ι
1046 814 1100 858 at
1129 803 1297 859 multo
1315 804 1432 874 plus
1462 808 1686 860 interest
1709 807 2039 861 discriminis
2067 807 2205 860 inter

636 898 931 954 dominium
950 899 1346 962 etservitutem,
1369 914 1528 968 quam
1573 914 1789 954 causam
1817 913 1869 954 et
1898 910 2199 954 causatum.

637 993 816 1056 Quare
842 990 1106 1044 silendum
1132 992 1331 1060 potius,
1359 1007 1420 1045 ac
1444 992 1891 1046 censiderandnm
1915 1001 2016 1054 est.
2043 1007 2200 1060 quam

634 1083 926 1149 curiosius,
971 1097 1070 1138 nec
1120 1084 1255 1137 citra
1306 1084 1601 1152 periculum
1658 1084 1993 1153 agitandum.
2054 1104 2072 1137 ‹
2137 1082 2202 1137 Ει

634 1185 852 1244 propter
903 1183 956 1228 te
995 1172 1108 1228 haec
1131 1173 1310 1226 omnia
1343 1171 1441 1227 feci
1467 1172 1533 1226 ".
1565 1191 1582 1224 ι
1615 1171 1841 1241 Propter
1897 1183 1970 1235 te,
2005 1173 2199 1245 inquit,

637 1266 688 1316 in
739 1278 1120 1320 crucem-sum
1169 1261 1390 1317 sufﬁxus
1423 1281 1436 1317 :
1472 1281 1492 1315 ι
1542 1262 1609 1317 lit
1637 1275 1966 1334 cognoscant
2000 1275 2201 1329 te,‘so-

633 1357 740 1410 lum
803 1355 966 1410 Deum
1022 1370 1228 1421 verum,
1262 1360 1338 1410 'et
1386 1370 1544 1425 quem
1587 1357 1780 1410 misisti
1821 1355 2002 1411 Jesum
2041 1356 2198 1410 Chri-

631 1459 796 1504 stum.
848 1467 868 1501 ι
900 1448 963 1502 Ει
996 1461 1207 1502 rursum
1239 1463 1252 1500 :
1289 1466 1308 1499 ‹
1340 1445 1486 1517 Opus
1507 1449 1894 1514 consummavi,
1939 1449 2080 1518 quod
2107 1447 2198 1500 de-

633 1541 758 1595 disti
794 1541 944 1605 mihi,
972 1549 1030 1595 ut
1054 1539 1247 1593 faciam
1281 1539 1349 1594 “.
1382 1557 1402 1591 ι
1436 1566 1507 1578 --
1536 1557 1556 1591 ι
1597 1538 1664 1592 Ει
1694 1549 1748 1592 ιιι
1767 1541 2074 1595 convertisti
2107 1555 2202 1595 cor

633 1634 813 1703 populi
874 1633 1035 1702 hujus
1071 1642 1189 1702 post
1219 1641 1269 1686 te
1316 1630 1383 1686 “.
1427 1649 1446 1682 ι
1477 1629 1782 1685 ιιιιιωοτιιιιι
1815 1633 2113 1686 caccitatem
2147 1639 2199 1686 et

633 1726 988 1798 pervicaciam
1049 1732 1218 1791 notat,
1275 1724 1722 1794 quemadmodum
1772 1725 1903 1779 etin
1944 1740 2106 1780 cruce
2125 1725 2202 1778 ait

2319 550 2474 603 nius;
2521 537 2600 591 sic
2633 552 2727 606 per
2763 539 3088 608 baptismum
3128 544 3378 607 recreati,
3422 546 3650 599 cmlestis
3690 547 3850 618 imagi-

2314 643 2435 680 nem
2516 627 2840 684 induimus:
2904 649 2922 682 ι
2983 630 3298 702 Quicunque
3378 635 3521 688 enim
3563 636 3614 688 in
3664 635 3851 693 Christo

2313 721 2566 786 baptizati
2586 723 2739 789 estis,
2763 722 3038 779 Christum
3064 724 3311 780 induistis
3338 726 3405 780 ⁸³.
3440 745 3458 778 ι

2382 844 2557 910 Atque
2580 843 2692 896 ha‘c
2710 841 2846 895 satis
2868 855 2988 895 esse
3022 843 3088 895 de
3121 842 3385 911 baptismo
3432 840 3696 896 existimo.
3726 841 3851 908 Quod

2309 934 2354 987 si
2405 933 2548 986 enim
2580 947 2646 985 ex
2696 932 2780 986 his
2823 932 3108 988 veritatem
3172 948 3276 987 non
3324 931 3656 1000 percepistis,
3706 946 3791 986 nrc
3817 933 3852 986 si

2309 1025 2458 1093 plura
2500 1023 2761 1078 addamus
2797 1025 3037 1093 quidem,
3077 1016 3406 1094 percipietis.
3459 1024 3514 1078 ιιι
3547 1026 3680 1080 adeo
3705 1024 3854 1080 Domi-

2311 1132 2411 1170 nus
2450 1116 2785 1185 significans,
2833 1115 2902 1170 de
2943 1115 3092 1170 vobis
3116 1117 3401 1171 continuat
3432 1134 3445 1170 :
3487 1134 3503 1166 ι
3541 1115 3596 1171 Si
3624 1116 3789 1172 Husen
3812 1129 3852 1171 et

2308 1208 2602 1276 prophetas
2657 1223 2761 1260 non
2813 1209 3058 1272 audiunt,
3114 1223 3291 1277 neque
3347 1207 3392 1262 si
3418 1208 3538 1275 quis
3577 1223 3641 1261 es
3667 1210 3856 1262 mortuis

2309 1300 2692 1362 resurrexerit,
2756 1301 2976 1354 credent
3006 1301 3074 1354 “.
3111 1319 3129 1352 ι
3164 1301 3345 1369 Itaque
3397 1312 3451 1354 et
3493 1316 3591 1356 nos
3649 1303 3854 1369 disputa-

2311 1391 2512 1447 tionem
2549 1393 2612 1446 de
2631 1391 2898 1458 baptismo
2921 1391 3292 1446 terminemus.

2376 1506 2729 1587 Jun..Ecquid
2766 1521 2894 1561 vero
2917 1505 3166 1576 prohibet
3222 1505 3440 1561 Christo
3487 1505 3644 1560 fidem
3669 1506 3854 1570 habere,

2307 1611 2540 1667 cumque
2579 1599 2982 1660 verum'Deum,
3017 1608 3070 1652 et
3095 1596 3191 1652 Dei
3232 1597 3449 1664 Filium,
3502 1598 3734 1664 ejusdem
3758 1613 3852 1651 cunt

2307 1689 2468 1744 Patre
2517 1699 2746 1754 naturae,
2790 1689 3059 1756 confiteri,
3101 1700 3260 1760 atque
3323 1690 3541 1744 interim
3596 1688 3854 1761 Mosaicatn

635 1781 926 1874 imminui:
971 1836 988 1868 t
1036 1815 1216 1883 Pater,
1242 1817 1450 1872 dimitte
1485 1817 1591 1872 illis
1623 1836 1636 1872 :
1673 1831 1776 1872 non
1814 1818 1956 1892 enim
2003 1819 2203 1881 sciunt,
2237 1812 2276 1868 Β
2309 1781 2946 1892 αξξθίψῗξθίξῖ
3006 1794 3352 1892 ξίξΪξΞ-Ψξῗτθ
3379 1798 3394 1847 ἶ
3417 1791 3533 1892 ,υἱ

631 1910 758 1978 quid
801 1910 1000 1963 faciunt
1049 1910 1250 1962 “.-‹
1290 1909 1355 1964 Ει
1402 1910 1594 1964 cecidit
1619 1911 1759 1979 ignis
1807 1926 1832 1963 a
1870 1907 2094 1963 Domino
2134 1908 2203 1962 de

633 2006 771 2060 coelo
804 2004 904 2055 “.i
935 2002 1137 2056 Videtis
1170 2001 1516 2056 humanitatis
1535 1999 1734 2055 Christi
1775 1997 2202 2055 abSolutionem?

631 2095 855 2151 Cu-litns
908 2096 1159 2162 delapsus
1185 2093 1322 2161 ignis
1348 2091 1646 2146 divinitatis
1675 2095 1991 2147 descensum
2047 2106 2202 2146 mon-

631 2206 656 2242 s
688 2203 788 2251 rat,
846 2190 919 2239 uti
970 2187 1185 2256 quidam
1215 2186 1360 2237 inter
1395 2194 1606 2238 nostros
1648 2185 1825 2254 magni
1857 2183 2087 2237 nominis
2120 2183 2201 2235 iu-

633 2283 750 2348 quit
781 2299 795 2334 :
833 2299 849 2330 t
894 2282 1030 2333 Deus
1054 2287 1236 2331 noster
1268 2277 1407 2346 ignis
1433 2287 1550 2343 est;
1577 2287 1630 2330 et
1657 2278 1870 2346 quidem
1913 2277 2052 2346 ignis
2073 2291 2203 2330 con-

631 2387 852 2428 sumens
910 2371 957 2407 δ’
993 2391 1011 2423 i
1045 2369 1266 2441 ﬂagitia.
1299 2386 1320 2422 α
1352 2369 1418 2423 Et
1437 2367 1718 2425 devoravit
1764 2369 2104 2434 holocausta,
2148 2378 2203 2424 et

634 2467 797 2533 ligna,
851 2472 908 2517 et
962 2475 1157 2532 aquam
1217 2459 1468 2526 aflusam,
1516 2469 1572 2516 et
1622 2475 1816 2530 aquam
1843 2461 1893 2515 in
1935 2461 2114 2514 mari:
2149 2469 2204 2514 et

636 2556 860 2625 lapides,
898 2565 952 2610 et
1003 2564 1202 2609 terram
1231 2553 1389 2609 linsit
1441 2554 1598 2624 ignis.
1636 2573 1656 2607 ι
1714 2554 1827 2609 lloc
1860 2563 2199 2624 peccatorum

631 2645 1052 2699 internecionem
1136 2652 1298 2712 atque
1391 2640 1845 2699 oblitterationem
1919 2643 2199 2711 designat.

634 2758 656 2788 ι
710 2735 778 2791 Ει
823 2736 1017 2791 cecidit
1050 2735 1226 2790 omnis
1256 2734 1481 2808 pupulas
1515 2735 1571 2791 in
1602 2735 1792 2789 faciem
1827 2750 2006 2797 suam,
2039 2744 2092 2787 et
2123 2735 2204 2787 di-

631 2831 708 2882 xit
743 2826 936 2896 :‘Yere
983 2825 1238 2883 Dominus
1280 2828 1423 2882 Deus
1472 2826 1587 2899 ipse
1619 2836 1703 2882 est
1749 2825 1889 2881 Deus
1914 2824 1981 2880 δ’.
2022 2844 2040 2877 ι
2066 2824 2199 2879 Nam

629 2922 772 2978 obitu
795 2920 939 2976 vitali
967 2932 1154 2986 morte,
1177 2921 1420 2975 centurio
1474 2920 1599 2975 etei
1622 2928 1883 2984 astantes,
1913 2918 2199 2973 Dominum

633 3011 1076 3070 nostrutuJesum
1095 3011 1376 3068 Christum
1413 3025 1540 3068 vere
1564 3010 1654 3066 Dei
1687 3010 1878 3067 Filium
1923 3013 2197 3066 dixerunt.

631 3106 738 3162 Nec
767 3107 838 3159 illi
880 3105 1073 3171 solum,
1099 3103 1190 3160 sed
1216 3105 1440 3174 apostoli
1473 3119 1688 3176 quoque
1731 3114 1850 3175 post
1874 3103 2196 3175 supplicium
2224 3146 2269 3176 μ

629 3201 758 3257 facti
781 3197 1224 3254 contirmatiorcs.
1258 3197 1532 3268 Siquidem
1559 3199 1635 3252 ait
1660 3198 1889 3254 dilectus
1917 3215 1929 3251 :
1965 3217 1983 3249 ι
2018 3196 2202 3264 Neque

629 3294 773 3352 cnim
814 3292 1004 3347 fratres
1034 3290 1150 3359 eius
1176 3290 1464 3346 credebant
1495 3291 1548 3344 in
1575 3305 1702 3347 eum
1726 3291 1794 3348 ".
1831 3310 1851 3343 ι
1882 3291 2020 3359 Quin
2051 3293 2202 3349 orbis

629 3388 762 3449 adeo
819 3395 1086 3440 terrarum
1134 3383 1301 3437 multo
1349 3385 1518 3453 magis
1564 3380 1841 3454 Unigeniti
1873 3387 2198 3456 prmconium

631 3497 749 3536 cum
788 3478 969 3532 la-titia
993 3479 1248 3549 suscepit,
1267 3486 1323 3531 ut
1349 3476 1411 3532 de
1429 3491 1492 3532 eo
1524 3478 1731 3546 prolixe
1751 3489 1978 3533 testatur
2003 3480 2197 3536 Isaias:

637 3590 655 3621 ς
715 3569 1079 3624 Ambulabunt
1109 3569 1162 3622 iu
1191 3583 1251 3622 ea
1282 3568 1527 3638 (scilicet
1566 3567 1959 3641 Hierosolyma)
1989 3574 2201 3626 redem-

631 3663 706 3732 pti
751 3680 782 3715 a
813 3660 1038 3717 Domino
1094 3659 1355 3730 (pretioso
1387 3661 1691 3734 sanguine),
1734 3670 1790 3717 et
1820 3675 2203 3718 convertentur

633 3764 687 3808 et
725 3754 940 3808 venient
963 3753 1014 3806 in
1063 3750 1192 3807 Sion
1223 3752 1292 3806 “.
1325 3771 1343 3805 ι
1379 3751 1437 3807 id
1461 3764 1564 3821 est,
1600 3755 1667 3810 ab
1687 3770 1917 3810 erronea
1941 3756 2202 3826 supersti-

609 3857 800 3908 tione,
851 3846 954 3899 lzcti
985 3854 1146 3913 atque
1171 3856 1395 3900 ovantes
1425 3846 1491 3901 ad
1539 3847 1813 3901 Christum
1843 3849 2078 3916 venient,
2105 3863 2203 3919 per

630 3937 749 4006 cjus
778 3937 1228 3992 resurrectionem
1264 3937 1612 3992 constabiliti.
1685 3957 1703 3990 ι
1739 3937 1805 3992 Ει
1845 3939 2024 3993 laetitia
2059 3955 2205 3994 sem-

636 4029 845 4097 piterna
896 4039 1057 4094 super
1113 4037 1273 4095 caput
1327 4041 1536 4081 eorum.
1581 4044 1600 4076 ι
1629 4026 1970 4092 Gaudebunt,
2005 4026 2201 4096 inquit,

629 4131 791 4186 super
825 4116 1097 4185 agnitione
1120 4119 1202 4172 sui
1225 4117 1548 4186 capitis,qui
1589 4117 1838 4174 Christus
1859 4128 1962 4174 est.
1997 4138 2017 4171 ι
2056 4118 2204 4175 Gau-

627 4209 772 4261 dium
810 4218 864 4261 et
910 4206 1149 4261 lzctitiam
1202 4208 1563 4264 obtinebunt:
1601 4229 1620 4260 ι
1657 4209 1706 4264 id
1735 4221 1839 4275 est,
1898 4210 2005 4266 ireti
2043 4223 2203 4283 atque

628 4297 983 4354 exultabundi
1041 4310 1362 4362 assertorem
1411 4316 1566 4356 suum
1615 4302 2001 4371 praedicabunt.
2059 4323 2077 4356 ι
2135 4305 2203 4360 Et

629 4392 799 4462 fugiet
819 4391 967 4447 dolor
987 4403 1038 4447 et
1071 4394 1302 4463 gemitus
1326 4395 1390 4446 ⁸⁸.
1422 4413 1447 4445 ι
1499 4396 1746 4451 Dolorem
1789 4398 1993 4452 tmllum
2041 4408 2202 4468 atque

2309 1883 2594 1941 utrumque
2636 1887 2846 1927 servem
2896 1882 2952 1926 et
3018 1874 3339 1942 amplectar.
3417 1872 3632 1926 futurus
3659 1874 3852 1928 duorum

2307 1969 2573 2024 bonorum
2625 1970 2901 2023 consors!
2945 1967 3178 2022 Omnino
3226 1966 3422 2020 nullam
3483 1982 3545 2020 ea
3597 1981 3679 2020 res
3731 1966 3855 2020 nobis

2309 2061 2778 2130 reprehensionem
2831 2061 3031 2124 inuret,
3099 2075 3270 2128 neque
3324 2059 3576 2114 dicturus
3624 2059 3852 2127 estquis-

2305 2166 2488 2221 quam,
2531 2155 2672 2222 quod
2701 2153 2903 2206 bonum
2937 2161 3041 2215 est,
3066 2151 3114 2203 id
3137 2151 3333 2205 bonum
3356 2165 3463 2204 non
3504 2163 3647 2203 esse.

2373 2264 2599 2319 Cunts'r.
2650 2263 2792 2316 Sane
2835 2263 2979 2316 enim
3037 2260 3275 2331 perbene
3301 2271 3403 2327 est,
3441 2261 3487 2316 si
3523 2275 3626 2314 non
3657 2261 3849 2314 duorum

2303 2357 2486 2421 modo,
2532 2347 2626 2410 sed
2679 2354 2840 2408 etiam
2873 2353 3102 2423 plurium
3167 2353 3427 2408 bonorum
3469 2362 3768 2407 consortem
3816 2361 3852 2404 te

2304 2460 2555 2517 praestes.
2603 2444 2709 2502 Sed
2764 2459 2861 2499 nec
2910 2444 3196 2512 utriusque
3239 2443 3485 2498 noritiam
3512 2457 3706 2511 capere
3733 2452 3853 2510 pote-

2306 2540 2429 2602 stis,
2464 2552 2562 2592 nec
2593 2548 2900 2593 sanctorum
2927 2535 3210 2606 quisquam
3245 2534 3294 2588 id
3342 2533 3634 2604 permittit,
3658 2543 3742 2586 aut
3767 2531 3851 2600 ipse

2307 2630 2358 2683 in
2386 2628 2571 2698 primis
2597 2626 2866 2694 Christus,
2891 2615 3044 2694 cujtis
3067 2624 3180 2678 haec
3206 2625 3476 2678 sententia
3497 2633 3583 2678 est
3616 2641 3631 2677 :
3671 2641 3690 2674 ι
3720 2619 3849 2676 Nemo

2304 2731 2482 2793 potest
2502 2720 2709 2774 duobus
2732 2718 2962 2772 dominis
2989 2718 3192 2773 servire
3221 2734 3235 2772 :
3263 2726 3356 2770 aut
3385 2715 3534 2770 enim
3574 2729 3732 2768 unum
3755 2712 3848 2767 odio

2307 2815 2553 2879 habebit,
2611 2821 2667 2866 et
2731 2809 2959 2863 alterum
3014 2807 3540 2877 diliget;autunum
3585 2802 3846 2865 sustinebit,

2305 2923 2359 2968 et
2387 2914 2610 2966 alterum
2634 2916 2942 2964 contemnet
2970 2907 3035 2959 ".
3069 2923 3087 2957 ι
3114 2903 3382 2960 Praeterea
3408 2905 3610 2959 bonum
3631 2904 3842 2958 hactenus

2307 3003 2506 3057 bonum
2549 3011 2658 3063 est,
2702 2999 2746 3053 si
2805 2999 2963 3062 alteri
3011 2998 3151 3052 bono
3177 3012 3280 3050 non
3304 2997 3375 3050 sit
3405 2996 3606 3060 fraudi,
3636 3003 3785 3063 atque
3801 2992 3842 3044 at

2307 3094 2534 3166 potioris
2582 3091 2991 3148 dissolutionem
3044 3097 3437 3159 comparatum.
3463 3086 3564 3143 Sin
3589 3097 3764 3142 contra
3787 3084 3845 3136 la-

2303 3189 2430 3254 ciat,
2496 3184 2692 3256 poterit
2725 3184 2776 3237 id
2796 3183 3013 3253 quidem
3084 3181 3315 3236 fortasse
3371 3179 3648 3234 nonnullis
3688 3179 3846 3233 bonum

2303 3281 2498 3346 videri,
2552 3278 2758 3333 functio
2805 3286 2951 3331 certe
2973 3290 3311 3345 nequaquam
3339 3273 3481 3329 bona
3521 3280 3625 3328 est.
3667 3270 3784 3324 Nam
3808 3279 3848 3320 et

2304 3371 2658 3444 philosOphus
2687 3370 2905 3440 quidam
2932 3367 3132 3422 bonum
3159 3377 3343 3420 censet
3378 3379 3486 3418 non
3517 3377 3639 3420 esse
3668 3361 3846 3418 bonum.

2304 3467 2350 3521 si
2414 3479 2479 3520 co
2510 3465 2645 3517 bene
2678 3477 2782 3516 non
2834 3459 3082 3530 fungare.
3131 3454 3249 3512 Jam
3299 3470 3427 3509 vero
3463 3464 3523 3508 ut
3568 3469 3674 3508 non
3709 3451 3848 3505 omnis

2309 3556 2573 3612 dissensio
2627 3552 2885 3623 pessima,
2923 3552 3016 3605 sed
3050 3548 3313 3604 interdum
3367 3547 3507 3600 adeo
3540 3545 3730 3613 Optima
3754 3551 3846 3595 est:

2306 3647 2379 3701 ita
2407 3661 2512 3700 non
2536 3644 2712 3699 omnis
2740 3640 3030 3697 concordia
3061 3640 3286 3708 optima,
3323 3637 3457 3707 .qnin
3487 3646 3542 3691 et
3573 3634 3847 3702 plerumque

2306 3738 2688 3795 nocentissima
2721 3745 2824 3790 est.
2863 3734 2967 3788 Sed
3009 3732 3202 3799 utejus
3253 3731 3537 3785 sententiae
3560 3729 3663 3780 vim
3717 3735 3847 3792 aper-

2306 3832 2415 3888 tius
2443 3829 2748 3894 ostc'ndam,
2781 3827 2996 3883 tentabo
3024 3840 3134 3880 rem
3159 3823 3422 3893 exemplis
3448 3819 3740 3875 declarare.

2843 3999 3073 4057 CAPUT
3095 3996 3328 4053 XLYlll.

2542 4169 2693 4242 Legis
2732 4167 2928 4223 Christi
2955 4182 3072 4220 cum
3112 4163 3256 4220 More
3298 4163 3642 4230 comparatio.

2373 4325 2508 4379 Tres
2553 4322 2701 4391 leges
2741 4314 2842 4373 SS.
2877 4316 3159 4374 Trinitatis
3194 4316 3451 4386 majestas
3482 4313 3742 4382 prodidit:
3767 4324 3839 4362 tta-

2306 4418 2553 4478 turalem,
2600 4419 2852 4480 scriptam
2927 4421 2982 4465 et
3015 4408 3330 4476 spiritalem.
3377 4405 3571 4458 Earum
3617 4400 3837 4457 naturalis

630 4487 884 4555 gemitum
937 4486 988 4539 in
1048 4487 1112 4540 iis
1173 4488 1435 4557 reliquum
1477 4490 1589 4543 fore
1637 4493 1940 4555 confirmat,
1970 4507 2195 4562 quorum

2306 4510 2473 4561 instar
2495 4515 2576 4559 est
2606 4503 2886 4556 domeSIici
2915 4500 3076 4570 ignis.
3105 4499 3238 4553 Nam
3273 4515 3394 4552 cum
3435 4499 3581 4568 prius
3614 4496 3663 4549 in
3689 4504 3828 4564 poste-

629 4592 790 4646 super
835 4578 1005 4647 capite
1063 4579 1311 4648 gaudium
1347 4594 1579 4648 perenne
1614 4583 1701 4634 sit.
1731 4579 1840 4635 Nec
1878 4597 2004 4635 vero
2032 4585 2202 4636 otiose

629 4668 804 4721 dixit:
843 4685 860 4717 ι
933 4682 1092 4737 super
1148 4679 1328 4738 caput,
1381 4688 1399 4721 ι
1447 4673 1540 4724 sed
1585 4682 1638 4723 ut
1665 4674 1913 4741 gaudium
1960 4675 2198 4727 otnniutn

630 4760 947 4826 gaudiorum
1003 4761 1492 4815 eminentissimum
1556 4764 1875 4821 declararet.
1927 4767 2074 4831 Quod
2107 4771 2199 4819 ad-

631 4853 708 4902 tlit
735 4867 749 4902 :
780 4869 798 4902 ι
825 4849 1028 4903 Lmtitia
1052 4853 1398 4921 sempiterna,
1430 4873 1447 4904 ι
1470 4855 1519 4908 id
1546 4872 1610 4908 co
1625 4858 1883 4925 pertinet,
1911 4875 1974 4910 ne
1998 4861 2047 4912 id
2075 4877 2200 4929 gau-

629 4944 799 5010 dium,
833 4947 1101 5013 baptismi,
1131 4949 1366 5014 inquam,
1414 4951 1636 5015 gratiam
1674 4953 1930 5005 caducam
1970 4969 2031 5006 ac
2057 4963 2192 5007 tun-

629 5041 896 5106 porariam
959 5041 1229 5107 crederes,
1275 5045 1367 5097 sed
1429 5059 1664 5112 perenne
1706 5049 2192 5117 atzsempiternem.

632 5133 762 5185 Mm
825 5142 883 5186 ut
927 5131 1073 5201 prior
1120 5134 1354 5188 Adatnus
1402 5136 1640 5190 violanda
1694 5138 1809 5206 lege
1848 5143 2194 5209 temporalem

630 5225 782 5280 nubis
832 5237 1059 5280 tnortem
1086 5226 1424 5293 conciliavit;
1481 5229 1551 5280 ita
1581 5240 1630 5280 ct
1653 5228 1922 5297 Christus,
1946 5233 2034 5301 qui
2062 5235 2196 5288 alzcr

627 5331 708 5372 cst
755 5322 1010 5386 Adatnus,
1040 5321 1154 5373 sine
1183 5320 1309 5373 vitio
1338 5333 1673 5387 corporatus,
1721 5340 2010 5390 perennem
2037 5339 2196 5397 atque

626 5412 990 5482 incorruptam
1049 5413 1506 5466 immortalitatem
1563 5415 1808 5470 ('OlllUill.
1841 5419 1915 5472 Ac
1945 5421 2193 5476 velutse-

694 5641 735 5672 “
777 5641 914 5694 Psal.
949 5657 1071 5707 cxv,
1116 5642 1199 5695 lii.
1274 5643 1321 5672 ⁸¹
1348 5641 1501 5696 Joan.
1533 5659 1641 5705 xw,
1672 5644 1762 5699 28.

625 5711 716 5768 37.
791 5713 843 5783 “_
871 5715 1001 5766 Luc.
1031 5729 1181 5774 unt,
1233 5714 1322 5767 54.
1400 5712 1442 5743 ⁸⁷
1483 5715 1545 5766 lll
1575 5714 1704 5783 Reg.

623 5783 677 5838 5.
754 5783 796 5815 “
831 5781 933 5836 lsa.
969 5797 1107 5850 an»,
1168 5783 1222 5838 9.
1301 5784 1344 5814 ⁸²
1374 5783 1504 5839 Ibid.
1546 5785 1629 5839 10.

1754 5733 1905 5782 sttit,
1942 5718 2030 5771 58.

1840 5645 1884 5678 ⁸³
1923 5645 1987 5700 lll
2031 5650 2160 5719 Reg.
2195 5670 2348 5717 xvm,
2395 5655 2481 5709 56.

1851 5733 1882 5752 ιι
1942 5718 2009 5752 KQ
2110 5724 2152 5752 ut
2189 5727 2313 5752 Ian...

1754 5733 1905 5782 ιιιίιι,
1942 5725 2030 5771 58.
2110 5725 2152 5752 ⁴⁸
2188 5727 2341 5778 Deut.
2371 5742 2417 5778 Iv
2441 5767 2455 5788 ,
2489 5725 2577 5780 24.

1735 5787 1780 5818 ⁸³
1811 5790 1984 5843 Calai.
2028 5808 2102 5860 tn,
2154 5792 2244 5848 ‘27.
2349 5799 2394 5827 δ’
2439 5797 2569 5851 Luc.

2308 4599 2508 4651 riorum
2555 4599 2784 4647 duarum
2824 4591 3159 4662 ignoratione
3197 4591 3438 4644 homines
3472 4590 3734 4657 degerent,
3763 4598 3836 4635 na-

2305 4687 2462 4743 turali
2515 4689 2650 4756 lege,
2674 4686 2826 4755 quasi
2880 4686 3112 4754 quodam
3143 4684 3435 4736 clonicstico
3455 4682 3598 4748 igne,
3629 4678 3833 4748 aliquan-

2308 4785 2472 4851 tisper
2498 4782 2971 4836 collustrabantnr.
3010 4776 3207 4831 Deinde
3224 4776 3365 4828 edita
3401 4773 3598 4842 scripta
3617 4779 3711 4832 est,
3739 4780 3832 4836 qua:

2307 4876 2494 4928 umbra
2560 4872 2802 4939 quaedam
2859 4879 3023 4936 atque
3076 4864 3380 4933 exemplum
3425 4872 3566 4917 esset
3591 4855 3828 4929 spiritalis.

2302 4968 2442 5021 luna:
2523 4972 2829 5029 comparata
2891 4959 3096 5012 lumini.
3145 4955 3394 5010 Caelestis
3445 4963 3618 5006 autem
3662 4949 3737 5001 illa
3788 4953 3829 4996 et

2304 5059 2584 5130 spiritalis,
2649 5067 2809 5122 atque
2861 5070 2890 5105 a
2931 5067 3054 5106 vero
3088 5050 3312 5120 iustitiae
3337 5047 3459 5101 Sole
3491 5044 3730 5115 profeCta,
3759 5053 3828 5090 su-

2301 5167 2387 5221 per
2416 5149 2582 5203 sulem
2614 5146 2832 5207 elfulsit,
2869 5154 2922 5196 et
2963 5145 3236 5196 hutninutn
3271 5152 3476 5191 tuentes
3500 5136 3712 5204 quadam
3731 5138 3826 5228 tau-

2299 5258 2456 5312 quam
2515 5240 2632 5292 luce
2655 5249 2813 5305 atque
2851 5233 3040 5302 iubare
3066 5232 3318 5301 perfudit,
3353 5233 3418 5282 ad
3463 5230 3694 5293 viamque
3713 5233 3824 5318 vert-

2300 5335 2425 5387 tntis
2463 5331 2696 5385 deduxit.
2761 5329 2926 5397 Igitur
2993 5328 3161 5380 bonus
3199 5332 3280 5377 est
3331 5332 3386 5376 et
3435 5317 3738 5374 domesticus
3777 5317 3820 5362 in

2303 5424 2542 5481 tenebris
2567 5436 2831 5491 apparens
2856 5421 2989 5487 ignis
3008 5461 3020 5485 ,
3052 5420 3143 5474 sed
3174 5417 3360 5473 melior
3387 5418 3550 5483 laute;
3588 5414 3819 5470 solisutr0

2588 5656 2630 5686 “
2675 5654 2831 5708 Jmtn.
2905 5670 3036 5710 ιγιι.
3080 5656 3135 5718 ὅ,
3178 5656 3231 5708 6.

2674 5730 2716 5757 δ’
2760 5726 2822 5779 Ill
2855 5725 2984 5791 Reg.
3012 5741 3165 5788 xvnt,
3193 5726 3281 5790 58,
3323 5724 3410 5779 59.

2349 5799 2394 5827 ⁵⁸
2439 5797 2569 5851 Luc.
2614 5813 2720 5863 XVI,
2754 5798 2840 5852 5i.
2921 5798 2965 5828 ⁸⁵
3005 5797 3195 5851 Mittit.
3228 5813 3301 5862 vt,
3344 5798 3426 5850 ii.
