4006 6284
134 419 239 483 88ὶ

1201 423 1588 486 DIALOGUS
1617 421 1918 485 CONTRA
1955 426 2270 489 JUDIEOS

3286 416 3397 483 882

139 539 327 595 multis
348 539 593 611 partibus
612 541 839 607 clarior,
869 545 1064 614 quippe
1087 549 1376 614 utrumque
1392 545 1682 600 obt'ascans
1706 559 1724 610 ;
1759 549 1801 604 Α
1831 545 1946 599 dies
1971 548 2210 610 venient,
2241 548 2369 602 dicit
2411 547 2669 603 Dominus
2695 564 2708 601 :
2742 555 2792 602 et
2835 545 3022 600 feriam
3048 544 3230 603 domui
3260 541 3395 598 Juda

135 647 396 688 caeterum
451 636 789 704 illejustitta:
828 634 971 690 Solis
1003 638 1085 690 vel
1113 636 1287 704 ipsum
1327 637 1492 692 solem
1525 638 1732 692 exstin-

136 726 280 791 guit.
321 726 433 781 Nec
457 727 681 795 injuria,
715 727 976 794 siquidem
1007 743 1141 797 opus
1161 743 1319 784 omne
1369 730 1508 784 cedit
1528 730 1728 798 opifici.

139 825 221 869 Ac
251 818 703 887 quemadmodum
733 817 842 886 ιιι)
869 819 1091 874 meridie
1109 822 1396 885 constanti,
1437 812 1718 889 splendide

138 909 452 963 collucente
513 908 651 972 sole,
702 910 986 964 domestici
1017 911 1154 980 ignis
1211 928 1341 967 usus
1371 928 1477 966 non
1505 912 1732 976 est;sic

152 1011 512 1069 posteaquam
549 1001 772 1068 justitia:
821 999 911 1056 Sol
970 1001 1161 1068 illuxit,
1225 1006 1488 1072 etgratia:
1531 1006 1730 1058 veritas

135 1106 226 1148 est
269 1096 503 1160 detecta,
542 1104 651 1147 tum
682 1095 1096 1160 naturalis,tum
1132 1097 1328 1165 scripta
1363 1097 1445 1149 lex
1496 1098 1726 1165 abroga-

140 1200 233 1240 ue.
277 1187 358 1239 Ad
385 1186 630 1240 eumdem
655 1187 867 1242 modum
901 1187 1068 1256 legale
1099 1187 1325 1251 Pascha,
1361 1201 1415 1242 ιιι
1446 1190 1730 1257 theologus

137 1277 373 1345 quidam
408 1286 623 1332 nostras
653 1280 746 1345 ait,
773 1279 1001 1346 exempli
1058 1280 1358 1348 exemplum
1384 1289 1502 1334 erat
1537 1280 1728 1333 obscu-

138 1370 287 1423 rius.
343 1365 460 1422 lam
521 1367 741 1434 Paulus,
793 1369 894 1422 utei
946 1371 1152 1424 Christi
1214 1387 1298 1434 os,
1337 1370 1725 1436 Benjaminensi

147 1459 302 1513 tribu
332 1471 504 1524 ortus,
532 1462 866 1528 aliquatenus
903 1477 998 1515 nos
1044 1463 1245 1525 videre.
1304 1472 1359 1514 et
1387 1464 1728 1532 aliquatenus

143 1552 439 1604 vaticinari
468 1553 626 1607 docet
647 1554 796 1620 ""7;
829 1564 883 1606 at
913 1569 1034 1607 cum
1061 1556 1381 1609 successerit
1405 1556 1724 1622 perfectum,

144 1644 630 1714 tumaliquateuns
658 1647 756 1700 hoc
786 1647 1016 1701 deletum
1050 1646 1137 1704 iri.
1173 1649 1354 1714 Quare
1383 1660 1438 1701 ttt
1470 1650 1726 1714 perfecta:

144 1731 293 1785 illius
343 1745 540 1789 nostra:
596 1737 1004 1792 restaurationis
1060 1739 1247 1793 umbra
1285 1755 1347 1792 ac
1390 1738 1592 1810 eliigies
1621 1750 1722 1802 est,

146 1823 409 1893 quidquid
453 1826 505 1880 in
544 1828 721 1882 medio
764 1829 992 1898 positum
1032 1839 1138 1893 est,
1185 1833 1255 1884 ita
1285 1846 1413 1884 sane
1441 1834 1646 1887 invecta
1671 1835 1723 1885 in

145 1916 337 1969 orbem
403 1927 674 1972 terrarum
738 1921 963 1990 spiritali
1021 1922 1157 1992 lege,
1208 1925 1347 1977 nulla
1405 1924 1510 1978 alia
1567 1939 1726 1992 porro

149 2019 296 2072 Opus
329 2007 612 2069 habemus.
660 2007 843 2080 Neque
869 2028 998 2069 vero
1025 2016 1107 2068 vel
1159 2015 1420 2068 tantillum
1473 2015 1727 2085 spiritalis

145 2115 174 2147 a
210 2100 415 2165 scripta
448 2102 744 2170 discrepat,
779 2105 909 2172 quin
945 2107 1124 2174 p0tius
1160 2110 1444 2162 conﬁrmat
1473 2124 1537 2163 ac
1569 2109 1728 2163 resti-

149 2189 286 2256 tuit;
327 2192 379 2245 id
413 2195 553 2260 quod
585 2204 814 2252 testatur
839 2210 890 2251 et
922 2199 1267 2268 meuslesus,
1302 2203 1353 2256 in
1379 2205 1492 2258 [nec
1515 2207 1680 2257 Verba
1708 2220 1723 2258 :

152 2301 170 2332 ι
212 2282 393 2340 Nolite
451 2301 662 2355 putare,
715 2296 969 2360 quoniam
1020 2296 1138 2349 veni
1171 2297 1378 2350 solvere
1409 2294 1600 2365 legem,
1636 2308 1727 2350 aut

144 2376 479 2445 prophetas;
536 2397 639 2436 non
699 2385 818 2440 veni
880 2386 1112 2450 solvere,
1142 2388 1233 2442 sed
1279 2388 1570 2457 adimplere
1598 2389 1662 2443 ⁸⁸.
1700 2407 1719 2442 ι

147 2469 333 2538 Atque
368 2480 427 2525 ut
458 2474 772 2541 explicatius
797 2478 1044 2546 videatis,
1078 2481 1211 2550 ipsis
1230 2483 1405 2535 verbis
1439 2483 1722 2536 veritatem

144 2571 479 2622 s‘atuamus.
535 2565 676 2636 Ergo
705 2577 757 2623 et
811 2569 971 2626 habet
997 2571 1118 2626 lex:
1153 2590 1174 2623 ι
1207 2573 1341 2626 Audi
1376 2571 1541 2627 Israel
1571 2592 1585 2628 :
1616 2575 1722 2628 Do-

147 2653 335 2708 minus
390 2653 531 2709 Deus
587 2666 728 2720 tuus,
787 2659 1044 2717 Dominus
1075 2679 1211 2718 unus
1251 2675 1352 2718 est.
1398 2664 1591 2735 Diliges
1628 2666 1728 2718 Do-

142 2741 354 2794 minum
413 2742 576 2798 Deum
631 2756 776 2800 tuum
809 2764 874 2803 ex
928 2759 1036 2804 tota
1071 2754 1247 2806 anima
1279 2765 1390 2816 tua,
1435 2765 1488 2807 et
1518 2770 1582 2809 cx
1614 2764 1723 2810 tuta

138 2832 461 2889 fortitudine
511 2847 597 2891 tua
650 2850 700 2892 et
730 2857 791 2894 ex
852 2852 960 2897 tota
994 2853 1171 2897 mente
1196 2857 1284 2898 tua
1322 2848 1388 2897 ".
1429 2867 1447 2898 ι
1487 2845 1552 2901 Ει
1603 2865 1721 2900 rur-

138 2943 264 2978 sum
301 2943 317 2981 :
371 2945 390 2978 ι
433 2927 629 2998 Diliges
662 2932 965 2997 proximum
988 2943 1133 2987 tuttm
1162 2936 1305 2989 sicut
1336 2937 1562 3005 teipsum
1596 2938 1662 2991 “.
1702 2957 1720 2989 δ

1837 635 2012 690 fmdus
2044 652 2276 690 novum:
2309 652 2414 691 non
2454 639 2750 692 secundum
2785 647 3021 704 pactum,
3055 634 3195 704 quod
3222 635 3397 706 pepigi

1833 743 1958 783 cum
1989 730 2230 796 patribus
2273 745 2459 784 eorum
2497 733 2547 784 in
2596 734 2681 785 die
2757 746 2860 798 qua
2910 729 3234 799 apprehendi
3285 743 3399 782 ma-

1835 837 1964 875 num
1997 837 2206 882 eorum,
2267 831 2324 875 ut
2350 827 2633 875 educerem
2669 836 2762 875 eos
2811 822 2879 873 de
2938 831 3088 874 terra
3133 817 3349 888 Egypti
3381 832 3396 869 :

1833 925 2047 981 pactum
2082 914 2225 981 quod
2264 913 2472 968 irrittun
2507 914 2769 967 fecerunt.
2805 912 2868 966 Et
2896 927 2993 980 ego
3039 911 3245 979 neglexi
3276 924 3393 974 eos,

1832 1005 1962 1060 dicit
1997 1006 2274 1060 Dominus.
2319 1005 2427 1058 Sed
2477 1005 2577 1058 hoc
2603 1005 2703 1057 erit
2755 1012 2988 1070 pactum,
3022 1004 3162 1069 quod
3207 1000 3395 1059 feriam

1831 1111 1954 1150 cum
1995 1097 2154 1152 domo
2211 1096 2420 1153 Israel:
2468 1097 2597 1152 Post
2640 1094 2754 1150 dies
2793 1094 2932 1156 illos,
2963 1092 3396 1150 dicitDominus.

1832 1190 1970 1244 dabo
2001 1190 2174 1256 legem
2211 1206 2384 1245 meam
2417 1190 2470 1244 in
2503 1186 2803 1244 visceribus
2829 1201 3040 1250 eorum,
3072 1195 3127 1237 et
3158 1185 3208 1237 in
3238 1185 3399 1238 corde

1830 1300 2017 1338 eorum
2074 1283 2307 1339 scribam
2346 1299 2508 1340 eam:
2561 1295 2617 1337 et
2644 1297 2738 1338 ero
2764 1284 2843 1336 eis
2899 1282 2950 1333 in
2984 1277 3176 1343 Deum,
3220 1287 3274 1330 et
3297 1276 3396 1343 ipsi

1831 1386 1988 1430 erunt
2017 1376 2148 1430 mihi
2186 1378 2236 1429 in
2272 1376 2550 1445 populum.
2609 1375 2676 1429 Et
2725 1387 2830 1427 non
2873 1372 3082 1426 docebit
3113 1370 3252 1423 ultra
3315 1368 3396 1420 vir

1832 1471 2132 1538 proximum
2165 1487 2344 1534 suum,
2396 1481 2452 1526 et
2509 1471 2592 1524 vir
2650 1470 2870 1526 fratrem
2926 1484 3108 1526 suum.
3171 1467 3398 1520 dicens:

1829 1562 2108 1630 Cognosce
2139 1560 2464 1620 Dominum:
2529 1573 2716 1614 omnes
2749 1559 2892 1613 enim
2953 1562 3285 1626 cognoscent
3313 1570 3397 1606 tuo

1830 1668 1860 1707 a
1893 1653 2117 1707 minimo
2143 1667 2329 1706 eorum
2353 1666 2523 1720 usque
2547 1652 2614 1705 ad
2646 1651 2962 1713 maximum,
2999 1651 3071 1701 ait
3093 1648 3352 1702 Dominus
3380 1663 3397 1700 :

1829 1745 1954 1814 quia
1982 1745 2313 1814 propitiabor
2341 1742 2609 1811 iniquitati
2627 1756 2838 1809 eorum,
2869 1753 2924 1797 et
2963 1741 3170 1809 peccati
3201 1754 3391 1794 eorum

1832 1851 1936 1890 non
1983 1835 2350 1891 memorabor-
2377 1833 2610 1905 amplius
2641 1834 2709 1887 ⁸⁸.
2752 1851 2788 1884 ι
2822 1833 3013 1902 Et'per
3056 1829 3390 1885 Ezechielem

1834 1927 1971 1982 Deus
1999 1944 2015 1980 :
2045 1945 2066 1979 ‹
2095 1926 2441 1982 Recordabar
2465 1942 2563 1998 ego
2595 1926 2732 1996 pacti
2773 1926 2873 1980 mei
2900 1934 3075 1979 tecum
3113 1926 3164 1977 in
3209 1923 3398 1982 diebus

1829 2021 2204 2078 adolescentia:
2241 2031 2386 2074 tuze:
2444 2030 2499 2075 et
2531 2018 2803 2073 suscitabo
2837 2017 2929 2071 tibi
2990 2027 3201 2085 pactum
3252 2030 3398 2071 sem—

1829 2115 2099 2183 piternum
2123 2115 2192 2168 “.
2229 2132 2248 2165 ι
2284 2111 2350 2166 Et
2378 2125 2588 2166 rursum
2616 2128 2630 2165 :
2675 2129 2693 2161 ι
2722 2109 2840 2165 Non
2900 2109 3202 2178 iactabitur
3233 2099 3393 2162 d‘eino

1827 2220 1953 2274 ceps
1999 2206 2101 2260 hoc
2153 2205 2532 2275 proverbium:
2592 2201 2676 2258 Me
2729 2203 2933 2256 scelera
3002 2189 3284 2268 parentum
3339 2196 3393 2251 in

1830 2297 1968 2352 ﬁlios
2001 2303 2054 2352 et
2086 2296 2377 2364 abnepotes
2411 2293 2683 2363 persequi,
2743 2292 2836 2346 sed
2867 2290 2954 2360 qui
2993 2305 3148 2343 uvam
3176 2290 3387 2343 ederint

1827 2393 2101 2449 acerbam,
2154 2402 2343 2441 eorum
2376 2387 2559 2441 dentes
2605 2384 2896 2453 stupebuut
2920 2383 2988 2436 ".
3027 2401 3046 2432 ι
3085 2380 3150 2435 Ει
3175 2379 3388 2434 Isaias:

1833 2500 1852 2533 r
1889 2479 2081 2536 Vetera
2113 2478 2426 2544 ﬂuxerunt;
2481 2492 2616 2534 nova
2666 2490 2886 2548 quoque
2924 2489 3024 2541 ego
3076 2472 3383 2526 annuntio:

1827 2586 2114 2643 antequam
2172 2576 2437 2635 oriantur,
2471 2571 2655 2626 audita
2689 2569 2840 2624 vobis
2868 2567 3058 2622 faciam
3097 2563 3164 2618 ".
3205 2581 3224 2616 ι
3261 2562 3388 2617 Haec

1823 2666 2067 2720 elocutus
2099 2665 2360 2734 propheta
2397 2662 2656 2731 subjicit:
2698 2679 2716 2713 ι
2747 2661 2970 2715 Cantate
3005 2655 3231 2710 Domino
3262 2669 3391 2710 can-

1829 2759 1991 2812 ticum
2044 2772 2239 2812 uovum
2275 2757 2338 2810 θ’.
2379 2774 2399 2808 ι
2449 2755 2717 2822 Quoniam
2770 2753 2912 2806 enim
2957 2760 3143 2804 vetera
3211 2746 3388 2800 fluxe-

1829 2860 1992 2917 runt;
2048 2859 2103 2907 et
2136 2865 2255 2920 qua:
2309 2849 2537 2904 obscure
2582 2848 2711 2902 olim
2775 2847 2999 2916 ﬁgurata
3051 2852 3196 2908 sunt,
3251 2856 3392 2894 nunc

1827 2943 2029 3013 liquido
2081 2951 2203 2998 sunt
2234 2943 2491 3012 perlecta.
2541 2960 2560 2992 ι
2596 2941 2824 2995 Cantate
2857 2937 3087 2990 Domino
3113 2935 3382 2991 canticum

141 3017 345 3070 Eadem
408 3017 521 3088 (η)
575 3037 705 3076 sane
768 3021 1028 3081 Dominus
1071 3036 1124 3081 et
1177 3027 1231 3080 in
1314 3028 1484 3082 sancti
1570 3027 1725 3084 Lucae
1817 3051 2045 3090 novum.
2084 3053 2102 3086 ι
2136 3037 2276 3090 Idem
2318 3047 2521 3102 porro:
2586 3051 2604 3084 ε
2643 3031 2988 3098 l’rincipatus
3033 3027 3150 3097 ejus
3187 3027 3390 3095 gloriﬁ-

151 3109 465 3176 Evangelia.
527 3111 710 3180 Neque
761 3114 876 3170 haec
927 3117 1120 3183 solum,
1153 3119 1243 3172 sed
1269 3120 1459 3174 addit:
1497 3139 1514 3172 ι
1549 3121 1608 3175 1η
1640 3123 1722 3177 his

1825 3138 1980 3183 catur
2032 3142 2215 3196 supra,
2251 3139 2552 3195 nomenque
2587 3123 2702 3191 ejus
2745 3124 3042 3192 gl0rilicant
3076 3138 3104 3174 a
3155 3123 3390 3176 summi-

159 3201 367 3263 duobus
417 3205 686 3260 mandatis
736 3207 984 3263 universa
1043 3210 1124 3264 lex
1166 3213 1362 3280 pendet
1391 3222 1445 3267 et
1489 3215 1719 3285 prophe-
1746 3228 1790 3285 ο
1828 3229 1940 3277 tate
1978 3230 2172 3275 terrae:
2243 3219 2332 3286 qui
2361 3217 2696 3272 descendunt
2749 3217 2801 3270 in
2834 3231 3002 3280 mare,
3036 3226 3088 3269 et
3127 3215 3382 3284 navigant

148 3303 220 3346 ta-
247 3294 310 3348 ".
341 3313 360 3347 ι
397 3297 487 3349 Illa
515 3298 734 3368 antiqua
769 3301 896 3355 dicit
929 3318 943 3356 :
971 3299 1086 3357 Non
1114 3305 1329 3360 occides
1363 3323 1378 3372 ;
1409 3306 1715 3364 Christiana

139 3387 306 3438 etiam
356 3403 523 3457 genas
569 3389 867 3446 volentibus
892 3393 1053 3450 ferire
1102 3397 1345 3466 porrigit.
1377 3398 1510 3454 Illa:
1547 3418 1564 3451 t
1602 3399 1715 3455 Non

140 3479 546 3546 tumchaberis;
591 3501 610 3534 ι
648 3485 803 3540 haec:
847 3505 865 3537 ι
913 3486 988 3541 Ne
1014 3490 1360 3558 concupisces
1422 3493 1652 3561 quidem.
1692 3511 1712 3547 ι

138 3574 236 3627 Illa
274 3592 331 3627 ες
365 3576 479 3632 Non
511 3579 775 3636 furaberis
804 3584 846 3615 “
873 3599 887 3649 ;
919 3603 936 3636 ο
984 3585 1096 3638 hrec
1129 3585 1362 3657 litigare.
1395 3601 1447 3643 et
1479 3591 1714 3646 tunicam

139 3669 364 3725 auferre
415 3671 630 3735 volenti,
677 3677 835 3728 etiam
891 3687 1066 3747 togam
1104 3680 1385 3747 permittit.
1417 3681 1506 3735 Illa
1551 3685 1717 3742 :Non

139 3763 499 3831 concupisces
529 3765 698 3819 aliena
732 3783 747 3832 ;
791 3769 904 3822 haec
939 3786 951 3822 :
985 3769 1155 3823 Etiam
1183 3771 1326 3842 juste
1349 3787 1501 3841 parta
1533 3777 1718 3832 dimit-

140 3862 270 3920 tes;
316 3855 402 3908 illa
429 3869 445 3908 :
474 3854 587 3911 Non
620 3858 882 3927 pejerabis
909 3877 924 3925 ;
983 3863 1276 3932 spiritualis
1311 3884 1328 3922 :
1355 3865 1466 3923 Nec
1491 3883 1715 3939 parvum

142 3958 250 3997 nec
297 3959 549 4016 magnum
605 3945 851 4016 iurabis;
887 3965 986 4006 ceu
1046 3952 1361 4022 juramento
1416 3960 1715 4028 perjurium

143 4047 387 4094 creante.

222 4127 321 4183 llis
350 4144 416 4184 ac
461 4131 728 4190 similibus
758 4136 824 4192 de
872 4136 1050 4192 causis
1087 4138 1162 4193 ait
1199 4138 1488 4198 Salvator:
1529 4163 1549 4196 ς
1597 4141 1712 4200 Non

149 4220 271 4285 veni
293 4222 501 4278 solvere
524 4225 713 4295 legem,
740 4241 828 4283 aut
855 4232 1167 4300 prophetas,
1188 4235 1280 4288 sed
1302 4235 1593 4304 adimplere
1612 4239 1710 4293 ⁸³.»

147 4309 205 4364 Id
257 4322 370 4379 est,
425 4317 597 4385 tueri,
659 4323 1024 4388 constabilire,
1089 4326 1323 4380 Iirmare.
1381 4327 1555 4398 Atque
1605 4331 1716 4386 haec

149 4421 256 4470 quo
301 4407 636 4476 exploratius
713 4428 776 4466 ac
820 4414 1074 4469 disertius
1127 4418 1427 4483 tradamus,
1481 4420 1716 4489 prophe-

152 4507 326 4550 tarqu
387 4502 690 4557 sententias
721 4504 774 4557 in
802 4504 1036 4559 medium
1069 4506 1432 4576 proferamus.

713 4637 943 4696 CAPUT
976 4639 1160 4696 XLIX.

149 4773 443 4844 Prophet'te
481 4775 546 4828 de
573 4772 815 4829 Iudaica:
856 4776 983 4857 legis
1021 4776 1384 4850 abrogatione,
1430 4798 1520 4835 seu
1583 4799 1707 4837 cor-

768 4859 1015 4902 ιτσειοηε.

175 4998 184 5013 ι
220 4967 396 5020 Moses
442 4964 899 5018 Deuleronomio:
940 4982 958 5015 r
991 4962 1217 5030 Quando
1246 4963 1709 5034 ingresstts'l'uerts

151 5070 372 5123 terram,
404 5073 566 5127 quam
603 5057 858 5110 Daminus
893 5055 1034 5110 Deus
1079 5067 1202 5112 tuus
1224 5061 1370 5113 dabit
1405 5062 1497 5115 tibi
1529 5102 1544 5129 ,
1574 5080 1705 5119 cave

151 5169 216 5206 ne
249 5152 450 5205 imitari
485 5151 622 5205 velis
690 5149 1119 5203 abominationes
1176 5151 1386 5206 illarum
1446 5156 1711 5224 gentium,

153 5244 253 5297 Sed
295 5245 611 5312 prophetam
667 5240 948 5295 suscitabit
981 5243 1074 5294 tibi
1106 5241 1364 5296 Dominus
1413 5244 1554 5297 sicut
1608 5264 1712 5312 tne,

153 5337 324 5406 ipsum
371 5335 556 5389 audies
613 5335 666 5387 in
700 5335 950 5388 omnibus
978 5334 1043 5386 “.
1090 5351 1107 5386 ι
1173 5331 1434 5387 Jeretuias
1465 5353 1478 5388 :
1515 5354 1534 5385 ι
1579 5337 1714 5391 Ecce

220 5514 341 5548 “-"
375 5511 529 5566 ICor
576 5524 694 5568 xm.
723 5509 776 5574 9,
813 5507 896 5563 10.
972 5507 1018 5541 ⁵⁸
1051 5509 1242 5562 Matth.
1281 5525 1330 5570 γ,
1368 5510 1454 5562 I7.
1528 5510 1572 5542 "
1606 5509 1760 5563 Deut.
1792 5526 1866 5570 vr.
1899 5511 1953 5565 4.

246 5587 418 5636 Exod.
454 5597 543 5636 xx.
581 5580 735 5635 “It
765 5598 780 5636 :
814 5581 996 5634 Matth.
1024 5596 1077 5636 v.
1118 5582 1209 5636 27.
1239 5579 1328 5633 ‘28.
1430 5580 1472 5610 ⁸³
1504 5579 1691 5633 Matth.
1725 5597 1776 5636 ν.
1810 5583 1893 5636 l7.

149 5591 193 5627 οε
245 5587 418 5640 Exod.
454 5597 543 5642 xx.
581 5580 735 5635 ηιξ
765 5598 780 5646 ;
814 5581 996 5634 Matth.
1024 5596 1077 5640 v,
1118 5582 1209 5641 27,
1239 5579 1328 5633 ‘28.

151 5673 306 5727 stqtl,
381 5654 650 5727 ‘_‘_I§zcclt.
694 5668 846 5727 xw_tt_,
1148 5650 1676 5727 "’_Ezeclt._x\tt,_60.

148 5719 321 5794 tua}.
396 5725 441 5757 ⁷³
472 5722 579 5778 Isa.
618 5738 724 5787 ιιι,
771 5723 857 5775 20.
955 5720 999 5751 ⁷³
1028 5721 1256 5775 Brtruch.
1299 5735 1379 5785 ttt,
1407 5719 1494 5785 56,
1538 5721 1624 5775 57.

217 5894 331 5968 (41)
370 5891 630 5949 Naziauz.
663 5890 715 5944 in
745 5888 804 5945 S.
841 5886 1064 5944 Prisc/ta.

1754 5651 1796 5681 ⁸⁸
1829 5653 1927 5704 lsa.
1957 5667 2089 5712 xw.
2130 5652 2182 5706 9.

1701 5720 1746 5752 ⁷⁸
1779 5719 2005 5776 Batuclt.
2038 5738 2113 5785 tv,
2141 5724 2190 5776 I.

1827 3313 1980 3376 illud,
2026 3321 2081 3366 et
2142 3311 2329 3366 insulae
2394 3309 2669 3365 multat".
2708 3328 2727 3362 ι
2794 3308 2938 3363 Sane
2985 3308 3186 3363 Christi
3249 3323 3386 3362 nova

1825 3404 1910 3459 lex
1951 3413 2004 3460 et
2051 3419 2266 3460 sursum
2303 3404 2355 3457 in
2405 3402 2580 3466 caelis,
2636 3412 2690 3455 et
2719 3403 2772 3456 in
2839 3412 2979 3457 terra
3038 3401 3387 3470 Prtetlicatur.

1824 3492 1957 3548 Nam
1999 3494 2052 3548 iu
2117 3495 2422 3550 Servatoris
2482 3504 2601 3548 ortu
2677 3493 2850 3564 angeli
2913 3509 3032 3547 cum
3079 3496 3389 3562 pastoribus

1825 3579 2109 3642 laudantes
2165 3587 2469 3642 canebant:
2515 3606 2535 3639 ι
2589 3585 2768 3643 Gloria
2819 3587 2872 3641 in
2922 3587 3198 3641 altissimis
3254 3588 3384 3648 Deo.

1823 3690 1879 3735 et
1923 3681 1975 3734 in
2008 3691 2148 3734 terra
2187 3695 2289 3749 pax
2347 3678 2653 3734 hominibus
2707 3679 2861 3732 bona:
2909 3679 3209 3734 voluntatis
3247 3681 3311 3732 ".
3360 3699 3380 3732 ο

1823 3771 1989 3826 Isaias
2017 3786 2145 3828 vero
2176 3771 2369 3826 iterum
2397 3784 2414 3825 :
2481 3790 2499 3823 ι
2529 3770 2716 3826 Veniet
2754 3772 2820 3826 de
2848 3771 2976 3826 Sion
3024 3773 3301 3840 liberator,
3331 3783 3386 3826 et

1823 3873 2124 3918 revertetur
2180 3867 2248 3919 ab
2277 3863 2548 3930 impietate
2582 3862 2768 3918 Iacob.
2823 3863 2887 3918 Et
2937 3864 3040 3919 hoc
3091 3867 3300 3920 erit'eis
3354 3882 3388 3921 ι

1821 3971 1911 4012 me
1939 3963 2338 4020 testamentum,
2377 3971 2498 4010 cum
2531 3971 2715 4011 eorum
2747 3972 2916 4012 noxas
2975 3959 3328 4014 sustulero".
3365 3979 3383 4010 ι

1820 4046 2084 4104 Jeremias
2111 4047 2159 4102 ei
2194 4049 2519 4104 sententiae:
2557 4068 2575 4101 ι
2624 4049 2721 4104 llic
2749 4061 2827 4104 est
2883 4051 3027 4105 Deus
3065 4061 3273 4114 noster,
3331 4062 3387 4107 et

1823 4157 1929 4195 non
1967 4143 2324 4196 aestimabitur
2377 4142 2514 4197 alius
2566 4143 2824 4198 adversus
2852 4158 2997 4199 eum.
3037 4142 3132 4197 llic
3167 4145 3387 4198 adiuve-

1823 4231 1902 4285 nit
1950 4246 2162 4284 omnem
2220 4231 2358 4284 viam
2410 4229 2711 4300 disciplina:
2746 4231 2814 4296 ",
2856 4249 2875 4284 ι
2923 4243 2979 4288 et
3008 4247 3127 4301 qua:
3151 4248 3388 4302 sequun-

1822 4331 1953 4387 tur;
1990 4324 2176 4376 addit:
2211 4341 2229 4373 ‹
2285 4321 2382 4376 llic
2422 4323 2558 4376 liber
2612 4325 2994 4377 mandatorum
3042 4324 3162 4388 Dei,
3195 4335 3250 4379 ct
3300 4325 3384 4380 lex

1823 4430 1940 4485 qua!
1973 4424 2056 4471 est
2096 4418 2146 4468 in
2213 4426 2497 4470 aeternum.
2569 4414 2794 4478 Omnes,
2849 4415 2941 4487 qui
3005 4427 3188 4472 tenent
3239 4433 3385 4482 eam,

1824 4510 2140 4578 pervenient
2169 4507 2235 4560 ad
2268 4510 2426 4561 vitam
2455 4508 2581 4577 :qui
2607 4517 2783 4563 autem
2807 4507 3206 4577 dereliquerunt
3236 4525 3382 4578 eam,

1747 4590 1792 4648 Ῐ)
1821 4602 1872 4655 itt
1905 4613 2130 4656 mortem
2167 4600 2231 4655 ⁷⁵.
2274 4617 2294 4652 s

1890 4694 2012 4750 Jun.
2063 4693 2217 4761 Quod
2251 4695 2295 4749 si
2325 4695 2520 4764 scripta
2569 4694 2676 4761 lex,
2729 4696 3174 4765 quemadmodum
3205 4701 3387 4766 perbi-

1822 4783 1980 4848 betis,
2030 4784 2166 4837 bona
2225 4799 2333 4836 non
2401 4795 2507 4845 est,
2558 4785 2905 4855 quamobrem
2968 4785 3101 4841 dixit
3159 4786 3386 4842 Moses?

1829 4898 1848 4932 ι
1891 4879 2171 4934 Custodite
2231 4878 2375 4948 leges
2410 4894 2581 4940 meas.
2635 4890 2794 4948 atque
2839 4879 3065 4950 judicia,
3119 4898 3239 4954 quae
3301 4883 3382 4938 fa—

1821 4973 1970 5024 ciens
2008 4971 2189 5035 homo,
2225 4971 2363 5024 vivet
2395 4971 2447 5023 in
2485 4973 2562 5026 eis
2591 4973 2684 5028 ⁷⁸⁸.
2728 4994 2746 5025 ι

1891 5064 2112 5118 (ἶιιιιιετ.
2150 5061 2262 5116 Ιιιιο
2317 5078 2442 5116 vero
2477 5064 2614 5118 bona
2666 5073 2825 5120 estet
2856 5068 3142 5135 naturalis,
3172 5076 3224 5123 et
3247 5071 3378 5125 scri-

1823 5165 1908 5224 pta
1937 5155 2043 5213 lex.
2085 5163 2141 5203 ut
2184 5153 2564 5221 pru‘dilellS;
2596 5155 2690 5208 sed
2733 5155 2961 5224 iustitia:
3009 5157 3135 5212 Sole
3165 5172 3379 5224 exorto,

1823 5248 1903 5300 lue
1944 5248 2220 5302 exstinctae
2257 5247 2637 5316 caligaverunt.
2669 5246 2750 5302 Ob
2786 5251 2836 5303 id
2885 5253 3029 5306 enim
3090 5269 3191 5306 non
3248 5255 3385 5309 dixit

1820 5338 2038 5393 Moses:
2090 5340 2364 5394 Custodite
2409 5339 2575 5408 legem
2619 5354 2714 5395 vos
2749 5341 2886 5395 hanc
2929 5358 3244 5411 perennem,
3287 5350 3379 5399 sed

2028 5511 2272 5585 °°_Levit.
2325 5514 2564 5585 xtx,7I8.
2667 5516 2710 5546 “
2743 5516 2930 5573 Matth.
2985 5534 3116 5579 xxtt.
3154 5519 3240 5585 39,
3296 5523 3381 5578 ιο.

1997 5584 2042 5613 ⁶⁶
2084 5582 2238 5654 Deut.
2273 5598 2422 5654 xvttt.
2453 5584 2504 5642 9.
2538 5585 2622 5638 I5.
2744 5588 2790 5619 “
2826 5586 3025 5642 Ierem.
3079 5582 3243 5654 xxxt,
3290 5593 3380 5654 3t.

2259 5654 2302 5683 ⁶’¹
2337 5653 2468 5707 Ibid.
2507 5655 2592 5708 10.
2666 5657 2713 5688 "
2739 5655 2872 5713 Ibitl.
2910 5657 3102 5723 ΝΛΞ.
3180 5662 3223 5694 ’³
3251 5659 3364 5718 an

2267 5723 2336 5753 "'
2373 5723 2543 5776 Levit.
2578 5741 2615 5787 ι,
2649 5725 2704 5783 5.

1894 5887 2004 5954 (4‘2)
2039 5889 2288 5945 Nazianz.
2325 5888 2452 5944 ibid.
2491 5887 2618 5944 257.
