4060 6290
580 3019 584 3022 “
655 3042 782 3080 num
815 3026 883 3081 ⁷⁷.
928 3045 949 3081 ι
1000 3025 1335 3084 Malachias:

655 414 767 483 8.83

1854 426 2230 491 ANDRONH

2333 425 2662 494 ZOMNENI
3766 436 3856 505 88%

659 512 1041 601 temporariam
1095 529 1304 593 scilicet
1380 545 1783 608 conservatete,
1844 550 1900 598 et
1944 557 2044 614 per
2099 555 2219 597 eam
2249 540 2305 599 Α
2327 543 2508 611 impiis
2533 546 2890 617 regnantibus
2920 546 3120 603 editum
3152 546 3467 613 vaticinium
3493 549 3771 621 oportebat.
3805 556 3850 612 Id

658 622 869 688 vivatis.
893 621 1159 680 Caeterum
1184 632 1562 699 temporariam
1587 634 2015 691 conservandam
2038 634 2227 700 fuisse,

659 732 858 777 uocent
887 735 1007 792 quae
1035 733 1376 792 sequuntur:
1421 742 1440 776 ι
1474 723 1797 805 Prophetam
1852 728 2127 784 suscitabo
2148 726 2231 783 eis

657 814 724 869 de
772 814 951 869 medio
997 812 1222 869 fratrum
1272 824 1485 871 tuorum
1539 817 1768 874 similem
1802 816 1918 874 tui:
1950 827 2005 874 et.
2032 832 2225 887 ponam

656 907 820 961 verba
856 908 915 961 In
947 921 1041 962 ore
1066 906 1205 973 ejus,
1271 907 1626 981 quueturque
1664 913 1730 965 ad
1760 925 1857 967 eos
1886 912 2230 981 omnia,qua

656 998 1083 1067 praeceperoilli,
1106 999 1200 1069 qui
1234 1012 1415 1055 autem
1452 1003 1616 1058 verba
1645 1003 1784 1075 ejus,
1817 1020 1937 1076 quae
1981 1004 2231 1075 loquetur

656 1088 708 1145 in
752 1091 970 1146 nomine
1034 1107 1177 1157 meo,
1237 1094 1427 1150 audire
1483 1098 1741 1166 noluerit,
1800 1113 1902 1169 ego
1954 1098 2097 1153 ultor
2133 1112 2230 1153 ex-

654 1183 842 1239 sistam
868 1183 936 1237 ".
971 1203 990 1236 ι
1047 1186 1253 1253 Quibus
1298 1189 1479 1244 verbis
1514 1190 1621 1246 etsi
1663 1205 1695 1247 e
1746 1191 1944 1247 vestris
1986 1190 2230 1261 plerique

652 1286 836 1333 Jesum
891 1282 1058 1339 lilium
1088 1279 1235 1335 Nave
1282 1280 1508 1355 intelligi
1557 1282 1805 1349 credunt,
1840 1284 2043 1339 frustra
2110 1284 2230 1355 opi-

655 1386 874 1429 nantur.
899 1375 1080 1447 Neque
1102 1377 1245 1430 enim
1283 1375 1442 1432 aliam
1466 1378 1637 1446 legem
1680 1378 1819 1436 filius
1845 1378 1996 1435 Nave
2034 1379 2225 1435 edidit.

654 1462 760 1520 Sed
793 1465 1048 1521 nimirum
1089 1465 1221 1536 legis
1261 1466 1689 1538 abrogati‘onem,
1718 1467 2031 1539 Christique
2096 1484 2230 1527 con-

652 1557 997 1615 donationem
1058 1558 1234 1615 Moses
1282 1559 1474 1625 edixit,
1520 1574 1643 1615 cum
1689 1562 1804 1617 ait:
1847 1578 1869 1614 ι
1898 1561 2228 1633 Prophetam

654 1651 939 1708 suscitabit
997 1650 1283 1721 Dominus,
1314 1654 1454 1709 sicut
1504 1666 1611 1723 me,
1638 1673 1663 1707 ι
1710 1653 1761 1710 id
1794 1664 1898 1721 est,
1928 1656 2097 1712 alium
2150 1656 2231 1711 le-

653 1744 985 1816 gislatorem,
1030 1747 1123 1803 Dei
1144 1756 1204 1805 et
1233 1746 1513 1803 hominum
1544 1758 1887 1821 sequestrum
1924 1767 1939 1804 :
1991 1767 2010 1802 ί
2046 1746 2227 1820 Ιρωπι

652 1836 841 1895 audies
866 1836 917 1873 ⁷⁸
950 1857 969 1892 ι
999 1837 1054 1895 in
1081 1839 1353 1897 omnibus.

1287 1954 1521 2018 CAPUT
1554 1959 1619 2015 L.

1016 2070 1092 2128 De
1132 2074 1428 2145 evangelica
1471 2075 1582 2147 lege
1606 2077 1877 2133 vaticinia.

686 2236 689 2239 .
727 2182 936 2242 Videtis
978 2187 1431 2258 quemadmodum
1476 2191 1650 2248 Moses
1682 2208 1915 2267 quoque
1960 2195 2094 2269 legis
2139 2198 2236 2254 ab-

655 2280 991 2351 rogatiouem
1026 2280 1290 2361 jdctexiti
1328 2299 1451 2339 nam
1497 2286 1550 2340 ni
1592 2286 1906 2358 abroganda
1938 2296 2060 2345 erat
2113 2291 2225 2357 lex,

655 2386 829 2444 neque
846 2389 981 2444 opus
1014 2384 1132 2431 erat
1165 2362 1303 2431 alius
1325 2368 1619 2449 legislator,
1660 2388 1715 2437 et
1737 2380 1967 2439 dixisset
1993 2381 2170 2441 Moses
2206 2403 2228 2451 ,ε

655 2465 781 2521 Haec
817 2467 1040 2524 immota
1102 2469 1153 2524 in
1184 2477 1446 2525 aeternum
1493 2470 1577 2527 lex
1608 2472 1793 2531 futura
1830 2486 1938 2545 est,
1976 2479 2233 2545 quemad-

658 2556 875 2612 modum
932 2559 998 2614 de
1035 2558 1290 2628 spiritali,
1328 2553 1386 2616 id
1422 2570 1525 2626 est,
1573 2562 1883 2635 evangelica
1966 2566 2233 2625 Jeremias

654 2650 899 2719 prtedixit
929 2666 942 2704 :
972 2669 993 2703 ι
1033 2650 1132 2708 llic
1162 2652 1698 2729 liberpmandatornm
1726 2657 1846 2725 Dei,
1876 2665 1931 2713 et
1963 2658 2051 2716 lex
2112 2674 2233 2731 quae

656 2752 737 2799 est
782 2743 837 2800 in
892 2754 1176 2801 aeternum.
1224 2762 1245 2798 ›
1293 2744 1549 2817 Idemque
1599 2748 1666 2803 de
1720 2751 1953 2806 eadem:
2011 2766 2033 2804 ι
2092 2750 2234 2808 Ecce

660 2836 773 2893 dies
827 2837 1074 2905 veniunt,
1126 2837 1260 2893 dicit
1313 2838 1609 2894 Dominus:
1662 2848 1719 2895 et
1749 2839 2030 2899 suscitabo
2062 2840 2230 2898 David

653 2946 872 3002 germen
913 2932 1159 3003 justum:
1205 2941 1259 2988 et
1287 2932 1535 3003 regnabit
1573 2932 1686 2989 Rex
1730 2934 1913 3004 justus
1962 2933 2017 2989 in
2062 2918 2225 2991 teter-

1397 3047 1417 3080 ί
1453 3028 1673 3084 Orietur
1707 3027 1867 3085 vobis
1906 3028 2226 3086 timentibus

656 3133 849 3174 nomen
884 3134 1058 3174 meum
1083 3118 1175 3175 Sol
1210 3120 1527 3193 iustitia".
1552 3139 1573 3174 υ
1613 3121 1816 3176 Isaias:
1857 3139 1876 3173 ι
1916 3120 2056 3178 Ecce
2089 3121 2230 3179 Deus

655 3220 839 3268 noster
888 3211 1149 3283 judicium
1178 3214 1441 3269 retribuet
1474 3214 1541 3271 ".
1579 3234 1597 3266 ι
1655 3216 1721 3270 Et
1761 3231 2020 3271 rursum:
2058 3235 2079 3269 ε
2120 3218 2232 3273 Au-

654 3300 789 3358 feret
830 3304 1090 3359 Dominus
1148 3303 1289 3360 Deus
1336 3305 1635 3377 lacrymam
1670 3306 1739 3361 ab
1786 3307 1931 3362 omni
1970 3306 2135 3372 facie.
2175 3319 2230 3365 et

652 3402 998 3471 opprobrium
1030 3400 1215 3474 populi
1250 3400 1332 3457 sui
1363 3400 1576 3456 auferet
1625 3402 1689 3454 de
1735 3402 1989 3457 universa
2022 3410 2222 3458 terra.»

723 3490 901 3563 Igitur
941 3500 1061 3547 orto
1090 3488 1327 3560 'justitizn
1378 3486 1533 3550 Sole,
1591 3503 1693 3542 non
1738 3488 1847 3555 jam
1896 3503 2055 3558 porro
2100 3491 2233 3562 legis

654 3585 935 3656 praeceptis
992 3584 1311 3655 indigemus.
1380 3582 1557 3650 Quare
1616 3588 1668 3637 et
1732 3581 1869 3636 bona
1930 3591 2014 3637 est
2077 3598 2231 3640 sacra

653 3678 766 3745 lex,
800 3690 962 3748 atque
995 3677 1288 3748 prephetce,
1317 3684 1373 3730 et
1401 3675 1576 3730 instar
1613 3677 1832 3734 luminis
1854 3688 2003 3746 sunt,
2035 3688 2091 3733 ut
2117 3678 2230 3748 jam

655 3772 915 3830 diximus.
937 3768 1070 3825 Nam
1106 3769 1198 3824 Dei
1236 3766 1495 3833 Verbum,
1533 3776 1589 3822 et
1615 3767 1851 3839 Spiritus
1886 3782 2108 3829 sanctus
2137 3787 2234 3843 per

654 3866 943 3939 prephetas
989 3864 1333 3937 loquebatur.
1373 3859 1480 3918 Sed
1528 3860 1614 3915 his
1664 3863 1930 3931 prasidiis
1986 3864 2233 3920 homines

647 3958 872 4027 iustitiae
894 3956 1035 4012 viam
1067 3954 1307 4027 reperire
1339 3951 1718 4024 nequiverunt.
1760 3954 1831 4012 Ut
1872 3957 2017 4011 enim
2064 3956 2234 4013 stella:

655 4062 817 4128 atque
842 4051 967 4106 luna
1009 4064 1109 4106 nec
1133 4049 1469 4121 splendorem
1498 4049 1699 4106 habent
1730 4047 1961 4115 luciferi,
1992 4066 2089 4105 nec
2124 4059 2231 4106 tota

656 4134 814 4201 no'cte
847 4145 1046 4207 lucent,
1093 4144 1189 4199 sed
1234 4157 1382 4198 nunc
1426 4155 1713 4214 apparent,
1756 4158 1898 4198 nunc
1934 4150 2231 4213 teguntur;

654 4250 907 4294 ceterum
924 4236 1038 4293 sole
1059 4245 1250 4294 exorto
1267 4237 1317 4292 in
1348 4226 1587 4292 tenebris
1610 4244 1792 4291 manet
1811 4251 1991 4301 nemo,
2011 4237 2115 4292 nisi
2141 4239 2231 4307 qui

656 4330 851 4401 caliget
880 4345 943 4386 ac
968 4330 1237 4395 czecutiat,
1268 4330 1339 4383 ita
1366 4336 1420 4383 et
1449 4336 1640 4395 castus,
1674 4328 1764 4399 qui
1790 4327 1989 4383 Christi
2014 4328 2235 4405 nomine
2262 4342 2263 4345 ‘

657 4434 930 4490 censetur,
965 4422 1200 4478 divinam
1235 4431 1424 4476 nactus
1456 4419 1652 4483 lucem,
1694 4434 1815 4474 cum
1842 4419 2066 4501 justitite
2109 4420 2234 4476 Sole

656 4515 874 4572 assidue
902 4515 1227 4578 consuescit,
1275 4527 1377 4570 nec
1426 4514 1711 4585 quisquam
1762 4512 1816 4568 in
1870 4513 1969 4569 Dei
2025 4515 2236 4595 ignora-

2316 637 2470 693 -adeo
2496 644 2685 695 verum
2706 655 2827 697 esse
2855 656 2921 701 ex
2953 642 3301 713 sequentibus
3329 651 3575 713 apparet.

2413 747 2432 783 ι
2466 730 2687 799 Audite,
2709 731 2856 801 coeli,
2882 746 2933 787 et
2962 734 3186 789 auribus
3209 732 3446 803 percipe,
3469 743 3629 791 terra.
3657 758 3673 791 ι
3713 738 3864 797 Fabri-

2335 834 2455 877 cam
2490 820 2632 877 Deus
2660 831 2884 879 testatus
2914 817 3161 891 invocat,
3213 824 3257 879 si
3307 825 3525 892 quidem
3568 838 3679 881 erat
3712 829 3863 900 ingens

2335 921 2391 968 et
2418 912 2719 969 inauditum
2749 915 2955 971 crimen
2981 913 3184 970 Iudaeis
3208 915 3560 987 objecturus:
3598 935 3618 969 ι
3645 917 3864 985 Quoniam

2339 1004 2599 1061 Dominus
2638 1005 2844 1062 locutus
2876 1017 2961 1064 est
2992 1028 3005 1062 :
3042 1004 3223 1075 Filiosj
3252 1008 3491 1064 enutrivl
3537 1018 3591 1065 et
3632 1014 3863 1083 exaltavi;

2336 1096 2440 1168 ipSl
2468 1108 2645 1152 autem
2668 1108 2988 1167 spreverunt
3019 1115 3104 1157 me
3124 1098 3192 1165 “,
3230 1120 3249 1154 ι
3291 1104 3376 1159 his
3414 1104 3627 1173 edictis,
3667 1118 3715 1162 et
3749 1106 3868 1164 deie—

2337 1188 2569 1246 ctionem
2620 1190 2897 1264 subiungit
2942 1208 2960 1248 :
3014 1211 3035 1246 ι
3096 1192 3359 1263 Cognovit
3404 1196 3505 1253 bos
3557 1214 3869 1267 possessorem

2336 1298 2517 1349 suum,
2546 1293 2603 1339 et
2642 1286 2826 1341 asinus
2863 1301 3111 1358 praesepe
3149 1288 3353 1345 domini
3385 1291 3468 1346 sui
3498 1310 3511 1350 :
3536 1289 3705 1375 'lsrael
3729 1306 3879 1364 autem.

2336 1391 2423 1431 me
2453 1391 2558 1432 non
2582 1378 2854 1447 cognovit,
2884 1386 2939 1434 et
2968 1382 3195 1451 populus
3223 1397 3377 1437 meus
3400 1397 3508 1437 non
3535 1384 3870 1450 itttellesitﬂ,»

2335 1469 2429 1524 sed
2492 1467 2666 1525 brutis
2735 1469 2925 1526 bestiis
2988 1472 3314 1541 stupidiores
3368 1484 3496 1529 sunt
3581 1486 3733 1543 atque
3780 1476 3879 1531 bar-

2335 1560 2535 1631 diores.
2572 1580 2592 1616 ι
2626 1561 2721 1619 Vm
2761 1564 2906 1635 genti
2939 1565 3251 1633 peccatrici,
3281 1568 3477 1638 populo
3528 1569 3671 1639 gravi
3714 1570 3879 1639 iniquis

2335 1662 2467 1720 tate,
2530 1656 2722 1711 semini
2775 1648 3029 1728 nequam,
3080 1658 3203 1715 [illis
3246 1661 3555 1727 sceleratis,
3623 1678 3642 1713 ι
3696 1663 3873 1734 dignun

2336 1746 2617 1817 impietate
2663 1757 2720 1803 et
2776 1747 3061 1805 insolentia
3124 1751 3382 1821 probrum
3452 1762 3606 1807 vates
3656 1754 3880 1811 adhibuit.

2341 1856 2363 1892 ι
2399 1838 2771 1910 Dereliquistis
2815 1839 3133 1908 Dominum,
3178 1842 3384 1898 scilicet
3428 1841 3643 1897 Patrem
3684 1884 3702 1911 ,
3742 1852 3791 1899 et
3834 1845 3883 1898 ad

2260 1908 2308 1971 Β
2338 1908 2673 1990 iracundiam
2697 1934 3009 1993 concitastis
3034 1941 3282 1993 sanctum
3324 1935 3491 1992 Israel
3524 1937 3608 2005 ⁶³;
3654 1956 3673 1990 ι
3714 1937 3883 2007 linige-

2336 2025 2505 2081 nitum
2538 2027 2652 2094 ejus
2675 2024 2867 2081 Filium
2905 2026 3161 2084 irritastis
3190 2046 3204 2083 :
3237 2029 3540 2083 irritatione
3578 2044 3701 2085 vero
3748 2029 3887 2099 signi-
3972 2050 3973 2057 η

2339 2120 2464 2176 llcat
2506 2119 2915 2175 incontaminati
2953 2120 3198 2191 corporis
3243 2120 3594 2190 supplicium.
3630 2118 3758 2187 Quid
3799 2137 3888 2173 aut-

2334 2210 2479 2280 plius
2528 2208 2799 2265 addatis?
2851 2224 2959 2265 non
3019 2210 3247 2277 habent,
3307 2212 3453 2282 quod
3527 2212 3581 2267 in
3648 2209 3882 2267 Christum

2334 2302 2553 2372 gravius
2592 2303 2896 2373 designent.

2412 2410 2431 2447 σ
2456 2391 2630 2449 Omne
2652 2404 2811 2463 caput
2835 2393 3169 2463 languidum,
3188 2403 3241 2449 et
3263 2409 3424 2450 omne
3444 2410 3541 2450 cor
3568 2409 3788 2451 manens
3805 2393 3884 2448 ".o

2336 2486 2450 2543 lloc
2479 2486 2649 2543 David
2681 2487 2807 2544 olim
2852 2487 3109 2559 propheta
3152 2499 3237 2544 est
3268 2488 3666 2560 interpretatus
3691 2490 3740 2544 in
3770 2489 3882 2543 hanc

2333 2580 2658 2637 sententiam
2695 2596 2711 2635 :
2747 2597 2767 2633 ί
2804 2580 3167 2638 Convertetur
3218 2582 3370 2638 dolor
3414 2597 3611 2641 eorum
3657 2583 3708 2637 in
3758 2588 3883 2649 caput

2334 2686 2545 2738 eorum,
2573 2680 2628 2727 et
2654 2671 2707 2726 in
2738 2670 2995 2728 verti’cem
3021 2674 3263 2743 ipsorum
3308 2674 3567 2746 iniquitas
3594 2690 3771 2731 eorum
3816 2671 3886 2727 de-

2332 2768 2556 2822 scendet
2578 2765 2664 2831 ⁸⁵;
2706 2782 2728 2818 ›
2782 2766 2934 2836 quasi
2980 2767 3185 2823 diceret.
3223 2784 3237 2823 :
3274 2765 3551 2838 Quidquid
3605 2763 3885 2822 moliantini.

2333 2860 2389 2915 in
2415 2860 2578 2916 vestri
2611 2858 2804 2931 capitis
2826 2861 3120 2929 perniciem
3150 2863 3323 2925 cedet,
3358 2871 3651 2931 vestraque
3694 2856 3879 2929 injusti-

2335 2952 2408 3006 tia
2434 2954 2485 3007 in
2516 2961 2752 3008 vestrum
2793 2955 3031 3023 ipsorum
3059 2953 3318 3009 verticem
3360 2955 3688 3009 revolvetu‘r.
3728 2974 3747 3005 ι
3792 2951 3874 3006 Non

2333 3056 2416 3099 est
2445 3046 2498 3099 in
2525 3048 2605 3101 eis
2634 3058 2809 3115 neque
2844 3044 3060 3109 vulnus,
3100 3055 3275 3118 neque
3321 3047 3478 3102 livor.
3521 3043 3642 3102 Non
3684 3055 3763 3101 est
3802 3058 3880 3097 tua-

2337 3135 2509 3209 lagma
2542 3140 2842 3209 imponere,
2870 3153 3044 3209 neque
3064 3138 3262 3205 oleum,
3293 3154 3465 3209 neque
3500 3139 3762 3209 ligaturas
3782 3138 3839 3191 ⁸⁸.
3867 3155 3879 3186 ι

2335 3230 2526 3304 Totum
2553 3245 2773 3298 corpus,
2807 3230 3002 3301 inquit,
3036 3230 3186 3301 plaga
3222 3236 3325 3297 e'st,
3381 3247 3445 3287 ac
3490 3233 3726 3301 proinde
3766 3230 3886 3285 ineu-

2337 3324 2538 3379 rahile.
2604 3323 2996 3391 Quamobrem,
3063 3330 3098 3379 o‘
3152 3325 3462 3395 propheta?
3514 3324 3675 3393 Quod
3733 3321 3889 3377 Filium

2338 3426 2537 3484 meum,
2578 3434 2737 3488 quem
2779 3418 2953 3490 delegi
2978 3419 3162 3474 animo
3186 3434 3305 3475 meo
3329 3419 3742 3485 cha'rissimum,
3766 3431 3889 3490 pere-

2335 3522 2571 3568 merunt.
2603 3512 2788 3583 itaque
2831 3512 3010 3569 videte
3038 3524 3091 3566 et
3137 3515 3377 3570 divinum
3405 3512 3732 3586 supplicium
3763 3511 3792 3569 ο
3818 3526 3894 3566 ve-

2337 3604 2495 3676 stigio
2539 3617 2927 3676 consequens:
2961 3622 2981 3657 (
3019 3603 3189 3661 Terra
3249 3616 3428 3663 vestra
3484 3607 3728 3679 deserta,
3785 3600 3893 3658 civi-

2339 3706 2481 3753 tates
2536 3706 2733 3752 vestra
2795 3710 3070 3754 succensae
3125 3697 3234 3769 igni
3284 3716 3300 3754 :
3353 3700 3636 3770 regionem
3690 3707 3892 3752 vestram

2336 3805 2519 3845 coram
2548 3789 2700 3844 vobis
2734 3787 2892 3844 alieni
2920 3790 3202 3858 devorant,
3234 3800 3288 3846 et
3320 3789 3666 3847 desolabitur
3692 3789 3819 3844 sicut
3850 3783 3895 3838 ia

2337 3882 2586 3939 vastitate
2625 3882 2827 3939 hostili.
2865 3883 2930 3939 Et
2959 3882 3365 3954 derelinquetur
3405 3884 3515 3941 tilia
3548 3884 3684 3941 Sion
3720 3889 3775 3937 ut
3800 3896 3895 3935 um-

2336 3974 2617 4033 braculum
2668 3975 2722 4030 in
2752 3976 2931 4039 vinea,
2986 3983 3042 4030 et
3088 3976 3229 4031 sicut
3277 3976 3551 4048 tugurium
3596 3977 3651 4032 in
3677 3984 3897 4031 cucume-

2340 4070 2508 4137 rario,
2533 4077 2590 4125 et
2622 4070 2765 4124 sicut
2789 4069 2979 4125 civitas
3006 4083 3127 4139 qua:
3149 4078 3413 4123 vastatur.
3442 4067 3510 4123 Et
3531 4069 3640 4124 nisi
3668 4065 3894 4121 Dominus

2337 4161 2674 4218 exercituum
2711 4160 3019 4231 reliquisset
3052 4159 3218 4223 nobis
3245 4175 3451 4228 semen,
3482 4161 3644 4232 quasi
3690 4158 3891 4213 Sodoma

2336 4252 2651 4321 fuissemus,
2683 4263 2738 4310 et
2762 4254 2913 4323 quasi
2947 4237 3251 4309 Gomorrba
3276 4253 3484 4310 similes
3516 4260 3759 4310 essemus
3781 4249 3837 4303 η.
3872 4263 3889 4298 r

2335 4350 2405 4405 At
2428 4348 2678 4418 quamvis
2720 4345 2872 4403 Deus
2919 4344 3178 4401 lsraelitis
3219 4335 3406 4403 semen
3458 4348 3728 4418 reliquum
3769 4340 3891 4401 fecit.

2339 4449 2517 4495 tamen
2547 4441 2676 4509 quin
2720 4439 2788 4495 ab
2832 4438 3129 4493 Sodomreis
3155 4454 3219 4494 ac
3246 4437 3621 4496 Gomorrhaeis
3662 4440 3891 4494 damnen-

2338 4541 2450 4598 tur,
2482 4548 2586 4589 non
2618 4531 2893 4603 effugient.
2926 4532 3104 4603 Atque
3132 4534 3177 4587 ei
3201 4535 3483 4590 sententia:
3512 4546 3807 4591 consonum
3829 4534 3893 4583 est

656 4608 820 4664 tionis
860 4602 1099 4666 tenebris
1134 4618 1408 4675 versatur,
1448 4608 1540 4678 qui
1579 4622 1683 4663 non
1721 4605 2022 4661 voluntarie
2052 4623 2110 4662 se
2139 4610 2230 4664 ab-

2336 4626 2467 4681 illud
2501 4624 2609 4680 mei
2652 4623 2979 4691 Servatoris,
3009 4602 3074 4679 ad
3108 4623 3449 4680 Dethsaidam
3479 4640 3496 4681 :
3548 4642 3570 4678 ‹
3622 4619 3890 4677 Remissius

652 4703 866 4775 jungat,

1261 4795 1489 4852 CAPUT
1531 4794 1616 4850 Ll.

662 4912 831 4983 Caput
863 4912 1089 4984 primum
1120 4911 1281 4968 Isaia
1306 4914 1567 4984 eleganter
1597 4914 1653 4966 in
1672 4912 1889 4967 Juaa'os
1913 4924 2237 4981 retorquemr

1234 4995 1280 5038 et
1312 4983 1646 5054 explanatur.

762 5112 851 5152 am
878 5096 1121 5168 abrogari
1154 5111 1369 5167 quoque
1399 5096 1565 5168 legem
1601 5094 1784 5149 divino
1813 5094 2029 5150 Numini
2058 5096 2229 5150 visunt

660 5188 825 5245 Isaias
866 5188 1127 5254 declarat,
1184 5187 1409 5247 dicens:
1448 5206 1466 5241 ι
1506 5186 1652 5243 Visio
1684 5185 1855 5253 lsaite,
1898 5187 1990 5242 lilii
2039 5187 2226 5253 Amos,

660 5295 822 5347 quam
871 5279 1004 5333 vidit
1055 5294 1215 5350 super
1263 5280 1452 5334 ludam
1507 5290 1561 5334 et
1613 5277 1911 5334 Jerusalem
1953 5277 2004 5333 in
2040 5279 2232 5335 diebus

659 5373 823 5433 Olim.
857 5372 1102 5436 loathan,
1137 5374 1319 5428 Achaz
1350 5384 1401 5429 et
1436 5373 1683 5429 Ezecbim
1713 5388 1894 5444 regum
1934 5370 2071 5427 Juda
2098 5372 2167 5428 ⁸⁸.
2207 5392 2226 5425 a

660 5464 874 5531 l‘iorum
910 5480 1094 5535 regum
1136 5466 1391 5536 propheta
1420 5465 1685 5531 meminit,
1718 5464 2009 5530 ostendens
2037 5480 2141 5519 non
2162 5464 2231 5520 ob

664 5555 883 5624 legalem
924 5558 1156 5627 aliquam
1186 5576 1403 5624 noxam,
1434 5561 1525 5614 sed
1561 5558 1760 5615 Christi
1796 5560 1994 5615 caedem
2030 5558 2228 5613 divini-

664 5657 748 5701 tus
785 5663 998 5718 pteram
1051 5652 1395 5723 irrogandum
1430 5670 1444 5707 :
1484 5668 1606 5707 nam
1648 5653 1689 5707 si
1734 5658 1951 5722 propter
2002 5651 2228 5716 scelera,

727 5788 773 5825 ⁷⁸
806 5794 958 5845 Dent.
994 5808 1147 5856 XVIII,
1182 5793 1263 5849 l8.
1342 5795 1386 5827 ⁷⁸
1414 5796 1568 5850 Dt‘nt.
1600 5810 1749 5858 wi,
1783 5794 1870 5848 15.

657 5860 704 5892 ⁸⁸
736 5861 838 5917 lsa.
868 5878 906 5923 l,
944 5866 986 5916 Ι.
1062 5864 1107 5895 ⁸⁸
1139 5865 1267 5918 illiti.
1292 5866 1345 5920 2.
1455 5866 1501 5899 ⁸³
1534 5867 1659 5920 ihitl.
1690 5867 1742 5919 5.
1849 5865 1894 5896 ⁸³
1924 5867 2052 5919 ibid.
2085 5866 2136 5919 4.

653 5931 700 5964 ⁸⁸
729 5931 1011 6000 Matthxi,
1038 5934 1127 5989 2i.
1158 5936 1202 5968 ⁸9
1231 5936 1336 5993 lsa.
1369 5952 1404 6003 ι,
1440 5937 1526 6004 ll),
1560 5935 1645 5991 il.
1722 5937 1767 5968 '°
1799 5936 1925 5993 ibid.
1972 5936 2053 5990 12.

2340 4721 2443 4773 erit
2463 4717 2711 4773 Sodomis
2738 4714 3150 4782 etGomorrhis,
3173 4732 3336 4787 quam
3373 4717 3465 4772 tibi
3485 4717 3559 4772 ³⁸.
3600 4735 3620 4769 ι
3642 4716 3799 4785 idque
3822 4724 3890 4763 rev

2341 4828 2459 4867 rum
2485 4825 2606 4867 esse
2630 4825 2663 4867 e
2688 4810 2940 4865 vaticinis
2971 4810 3204 4865 oracuiis
3231 4811 3322 4867 liet
3359 4810 3749 4877 manifestum;
3774 4805 3891 4862 addit

2338 4905 2480 4958 enim
2514 4919 2528 4956 :
2569 4921 2587 4955 ι
2615 4899 2809 4959 Audite
2835 4901 3056 4957 verbum
3092 4900 3330 4971 Domini,
3350 4902 3631 4973 principes
3665 4900 3891 4956 Sodomo-

2342 5015 2481 5061 rum,
2528 4990 2789 5068 pcrci'pite
2849 4997 3072 5053 auribus
3119 4997 3286 5067 legem
3332 4996 3427 5053 Dei
3462 4998 3664 5062 nostri,
3702 4991 3891 5065 pupulas
3972 4988 3973 5035 1

2338 5092 2677 5151 Gomorrhm.
2709 5090 2826 5159 Quo
2861 5091 2990 5146 mihi
3022 5090 3420 5146 multitudinem
3452 5092 3791 5145 victimarum
3818 5096 3888 5138 vc-

2336 5196 2597 5253 strarutn,
2648 5185 2779 5239 dicit
2822 5183 3121 5239 Dominus?
3158 5184 3492 5260 Sanguinem
3536 5193 3807 5237 taurorum
3852 5186 3891 5228 τι

2337 5281 2609 5349 hircorum
2671 5280 2847 5344 nolo;
2917 5293 3090 5349 neque
3152 5280 3432 5342 veniatis,
3493 5290 3557 5333 ut.
3616 5272 3892 5347 appareatis

2336 5376 2468 5429 mibi
2492 5376 2559 5427 λ’.
2594 5394 2618 5427 ›
2654 5374 2880 5440 Videtis,
2910 5372 3147 5429 intimam
3183 5389 3398 5429 Omnem
3433 5371 3687 5428 Sodomae
3720 5385 3781 5425 ac
3801 5367 3890 5421 Go-

2336 5466 2569 5520 morrha:
2598 5465 2908 5522 nominibus
2931 5465 3234 5524 infelicitat.
3267 5466 3368 5523 Ubi
3403 5465 3549 5521 enim
3578 5462 3815 5519 Sodoma:
3829 5470 3882 5512 ac

2337 5556 2654 5613 Gomorrlta:
2682 5556 2790 5614 Deo
2814 5558 3005 5612 hostiis
3027 5573 3090 5613 ac
3112 5558 3459 5613 libaminibus
3494 5554 3703 5610 flebat?
3736 5573 3753 5605 ι
3778 5548 3886 5617 Quis

2337 5650 2584 5720 quaesivit
2616 5652 2730 5705 haec
2754 5650 2822 5705 de
2848 5650 3096 5706 manibus
3128 5651 3322 5707 vestris
3344 5651 3431 5705 υτ
3465 5669 3485 5702 ι
3527 5643 3691 5718 Quasi
3727 5648 3880 5702 dicat:

1945 5797 1990 5827 ⁷⁷
2028 5793 2227 5849 Ιιιιγηι.

2338 5797 2483 5857 ιιι,5.
2562 5797 2607 5830 ⁷⁸
2632 5796 2856 5850 Malat-h.
2883 5812 2952 5859 tv,
2984 5794 3019 5849 2
3044 5815 3058 5861 ;
3086 5797 3192 5851 isa.
3226 5813 3341 5860 LIII,
3374 5799 3428 5853 4.
3501 5794 3551 5829 ⁷³
3581 5794 3813 5850 lsa.xxv'.
3835 5787 3876 5841 8·

2240 5866 2287 5898 ⁸⁸
2319 5868 2447 5924 ibid.
2481 5867 2531 5921 5.
2608 5870 2650 5900 ³³
2682 5867 2823 5923 Psnl.
2851 5885 2945 5935 vn,
2983 5868 3070 5926 Π.
3142 5869 3190 5901 ⁸⁸
3218 5868 3317 5925 lsa.
3354 5885 3393 5935 ι,
3423 5869 3474 5923 6.
3554 5869 3599 5902 ⁸¹
3629 5867 3750 5923 ibid.
3784 5861 3878 5915 7-9-
