4060 6290
257 375 405 442 -885

1361 380 1748 445 DIALOGUS
1780 375 2079 442 CONTRA
2117 381 2454 445 JUDEOS.

3471 370 3583 445 $6

291 492 463 554 Nemo
487 509 571 555 εει
602 501 694 570 qui
726 502 1054 563 sacriﬁcium
1088 502 1171 560 vel
1201 503 1267 559 ad
1297 503 1438 562 hanc
1476 505 1878 575 abrogationem
1911 501 1956 558 Λ
1984 503 2146 574 guine
2199 520 2315 563 uva:
2363 504 2584 576 pallium
2641 517 2796 560 suum
2833 501 2876 571 ι,
2917 520 2936 557 r
2963 500 3017 560 id
3079 509 3190 568 est,
3233 514 3432 572 corpus
3479 509 3580 570 per

298 591 569 657 concitet,
619 593 703 648 vel
753 610 836 650 me
886 597 1122 666 instiget.
1154 616 1175 650 r
1213 597 1667 654 Calcare'atrium
1699 611 1876 650 meum

297 699 406 738 non
454 687 740 755 apponetis
773 704 787 742 :
819 690 1076 759 quoniam
1129 693 1390 748 scelerate
1434 692 1488 749 id
1537 691 1876 748 inscenditis.

299 773 358 829 Si
383 774 628 832 offeratis
655 776 910 850 similam,
955 798 1179 850 vanum,
1225 785 1509 844 incensum
1545 785 1880 841 abominatio

300 873 384 918 est
412 866 542 920 mihi
570 867 637 923 ".
677 887 696 920 ι
732 869 871 926 Ecce
901 874 991 942 qui
1023 872 1195 944 legem
1228 891 1401 947 nuper
1423 885 1678 933 sanxerat
1713 875 1877 940 Deus,

300 959 444 1016 idem
471 977 614 1019 nunc
643 965 759 1035 ejus
793 968 1202 1040 abrogationem
1232 973 1485 1044 praelinit.
1517 972 1653 1029 Nam
1695 974 1882 1029 incen-

300 1069 446 1122 sum,
474 1057 616 1126 quod
643 1060 708 1113 ad
737 1059 1035 1130 jucundum
1069 1065 1291 1122 odorem
1333 1067 1745 1133 admovebatur,
1776 1081 1882 1122 non

299 1147 475 1204 solum
509 1150 683 1207 inanis
712 1152 924 1211 sumtus
955 1154 1063 1212 Deo
1088 1156 1405 1229 deputatur,
1430 1157 1522 1215 sed
1557 1158 1717 1214 etiam
1752 1157 1881 1221 tale,

297 1255 333 1296 a
366 1257 475 1313 quo
523 1244 816 1303 abhorreat
848 1265 863 1303 :
902 1267 921 1302 ι
955 1247 1328 1317 Neomcoiam,
1357 1259 1414 1307 et
1466 1251 1810 1322 Sabbatum,!
1828 1258 1884 1306 et

299 1334 626 1393 festivitates
668 1339 805 1397 alias
850 1357 960 1399 non
1008 1342 1201 1400 feram.
1262 1363 1282 1396 ι
1343 1343 1792 1416 Quandoquidem
1831 1346 1885 1402 in

300 1442 483 1484 meum
530 1431 644 1500 pari
691 1444 881 1489 natura
923 1432 1120 1491 Filium
1193 1435 1615 1503 bacchabimini,
1662 1451 1782 1494 eam
1819 1435 1889 1494 ob

302 1532 422 1575 rem
473 1521 666 1578 horum
722 1522 1001 1582 interitum
1048 1527 1328 1596 denuntio,
1374 1541 1438 1585 ea
1486 1526 1686 1585 abhinc
1725 1543 1889 1600 porro

303 1627 413 1669 non
466 1614 806 1685 probaturus.
846 1637 864 1671 ι
901 1616 1197 1692 Ieiunium,
1225 1630 1280 1678 et
1306 1622 1502 1690 otium,
1529 1631 1583 1680 et
1602 1621 1766 1681 ferias
1797 1637 1891 1678 ve-

304 1714 448 1762 atras
485 1707 600 1762 odit
643 1711 820 1766 anima
865 1727 982 1769 mea
1027 1713 1096 1768 ".
1135 1732 1154 1766 ι
1183 1713 1325 1780 Quid
1382 1714 1458 1771 ita
1515 1714 1710 1771 vates?
1745 1715 1889 1787 quod

305 1799 554 1870 unigena:
581 1799 674 1857 Dei
699 1803 818 1860 Filii
850 1805 1151 1878 ingressum
1183 1806 1236 1862 in
1266 1805 1694 1881 Hierosolymam
1726 1821 1891 1882 super

1984 608 2171 650 necem
2203 594 2256 649 in
2280 594 2536 664 patibulo,
2567 601 2728 664 atque
2752 606 2850 665 per
2876 591 3222 662 sanguinem.
3257 589 3427 660 igitur
3450 602 3581 659 per-

1984 688 2188 744 fectum
2241 699 2325 744 est
2365 688 2431 743 ad
2471 697 2776 744 extremum
2822 686 3042 744 lsraelis
3086 683 3433 742 vaticinium.
3467 680 3576 738 Per

1982 781 2159 853 quos?
2183 779 2288 836 Per
2315 779 2604 850 pontifices
2631 788 2790 850 atque
2818 778 3154 842 sacerdotes.
3183 790 3414 848 lillorum
3441 773 3516 830 illi
3543 791 3573 829 a

1983 873 2282 940 Simeonia,
2309 872 2364 928 hi
2397 872 2466 928 ab
2491 871 2735 928 Levitica
2775 870 2923 927 tribu
2953 869 3231 942 originem
3267 865 3577 925 trahebant.

1984 965 2088 1036 Qui
2119 967 2336 1021 demum
2372 975 2425 1020 et
2452 963 2768 1034 prephetas,
2797 963 3053 1019 homines
3083 961 3313 1030 scilicet,
3347 959 3574 1017 inter-fe.

1983 1065 2195 1125 cerunt,
2221 1064 2279 1115 et
2320 1056 2602 1113 Christum
2646 1055 2797 1112 velut
2841 1064 3058 1112 taurum
3110 1063 3476 1119 enervaruot;
3522 1053 3576 1108 id

1985 1162 2088 1217 est,
2130 1167 2327 1223 corpus
2393 1159 2729 1222 assumptum
2769 1149 2845 1206 illi
2910 1149 3130 1222 quidem
3196 1148 3357 1207 morti
3405 1146 3580 1204 demi-

1986 1255 2196 1304 serunt.
2245 1244 2438 1304 Verum
2467 1262 2486 1298 r
2523 1244 2804 1304 Excitatus
2855 1253 2941 1304 est
2995 1252 3254 1317 tanquam
3306 1239 3580 1300 dormiens

1989 1339 2270 1405 Dominus,
2332 1347 2590 1409 tanquam
2618 1345 2814 1409 potens
2841 1334 3160 1409 crapulatus
3210 1349 3242 1390 a
3293 1335 3426 1390 vino
3453 1335 3516 1402 ’ς
3555 1352 3573 1385 ι

1987 1432 2148 1504 cuius
2177 1447 2422 1502 regnum,
2454 1429 2752 1487 secundum
2783 1427 3102 1498 Jeremiam,
3139 1426 3287 1485 nulla
3320 1429 3581 1485 memoria

1990 1523 2427 1582 labefactahitur.
3148 1593 3164 1602 _

2060 1614 2184 1672 Jun.
2225 1616 2327 1685 Qui
2358 1632 2488 1675 vero
2521 1632 2631 1675 non
2659 1616 2736 1673 ait
2765 1632 2780 1672 :
2822 1635 2842 1670 ι
2879 1612 3349 1673 Consummabunt
3384 1613 3583 1683 iniqui-

1991 1717 2180 1776 tatem,
2211 1727 2231 1762 ι
2265 1711 2359 1765 sed
2394 1727 2410 1766 :
2445 1727 2465 1762 ι
2501 1709 3068 1767 Consummaveruntl
3102 1726 3123 1761 ι

2064 1802 2290 1860 Cnatsr.
2325 1801 2506 1858 Dixin’
2536 1801 2710 1872 vobis,
2733 1816 2920 1859 crasse
2945 1801 3000 1857 in
3028 1799 3224 1858 litteris
3254 1812 3471 1872 semper
3489 1799 3584 1856 de-

302 1867 452 1963 pello
473 1891 711 1951 sedentis
741 1867 1011 1954 exsecr'ati
1041 1897 1297 1969 oderunt,
1325 1900 1378 1955 in
1410 1867 1534 1971 quo.
1548 1900 1732 1972 potius
1755 1867 1892 1959 ῐέειο
1924 1867 1966 1923 Β
2000 1896 2162 1960 fixos,
2206 1909 2482 1966 nunquam
2515 1893 2571 1950 in
2606 1867 2842 1951 mentem
2866 1892 3186 1964 penetrare?
3211 1867 3431 1949 Scilicet
3458 1906 3583 1947 eum

301 1986 541 2060 gaudere
562 1988 817 2047 divinitus
842 2001 970 2048 sunt
994 1993 1171 2049 edocti
1200 2011 1214 2048 :
1238 1993 1504 2065 propheta
1530 1993 1672 2051 enim
1689 1993 1888 2064 inquit:

309 2096 332 2132 ι
372 2079 594 2137 Exsulta
623 2084 776 2151 satis,
829 2085 936 2141 lilia
981 2084 1113 2141 Sion
1146 2127 1163 2152 ,
1207 2085 1522 2156 jubila,lilia
1571 2083 1890 2143 Jerusalem.

307 2168 448 2227 Ecce
474 2170 588 2227 Rex
621 2183 743 2229 tuos
773 2175 920 2231 venit
946 2177 1040 2232 tibi
1071 2187 1408 2244 mansuetus,
1458 2179 1762 2235 ascendens
1801 2194 1894 2234 su-

304 2277 403 2330 per
424 2263 654 2334 asinam,
684 2275 735 2320 ct
764 2281 926 2335 super
956 2267 1156 2336 pullum
1189 2267 1354 2323 lilium
1388 2268 1555 2324 asinae
1585 2268 1652 2324 ’³.
1689 2287 1710 2322 ι

383 2373 402 2408 r
441 2356 592 2413 Facti
629 2358 761 2413 estis
790 2358 920 2414 mihi
949 2359 1002 2415 in
1037 2359 1346 2416 satietatem
1367 2361 1435 2416 “.
1472 2379 1490 2412 ι
1529 2358 1600 2416 Ut
1623 2361 1768 2416 enim
1803 2374 1894 2415 su-

307 2448 551 2518 perﬂuus
599 2453 651 2506 in
691 2466 922 2522 corpore
961 2455 1139 2518 cibus,
1185 2455 1278 2510 ubi
1328 2456 1551 2510 satietas
1595 2455 1761 2524 cepit,
1799 2469 1893 2524 per

307 2543 573 2598 vomitum
618 2558 651 2601 ο
691 2546 970 2602 stomacho
1007 2547 1060 2602 in
1096 2556 1292 2602 terram
1327 2547 1580 2616 ejicitur;
1635 2547 1705 2600 ita
1741 2549 1894 2617 equi-

305 2637 433 2691 dem
489 2651 608 2702 vos,
649 2637 1084 2709 quandoquidem
1129 2641 1182 2695 in
1237 2641 1540 2697 satietatem
1586 2641 1715 2695 mihi
1764 2639 1889 2696 facti

301 2728 458 2796 estis,
487 2728 554 2784 de
583 2731 720 2786 meis
752 2730 1002 2788 manibus
1049 2733 1432 2804 projieiemini.
1474 2750 1493 2784 ι
1539 2729 1890 2804 Nequaquam

306 2821 450 2874 ultra
501 2822 767 2878 dimittam
821 2832 1042 2894 peccata
1093 2835 1292 2880 vestra.
1344 2823 1478 2880 Cum
1536 2825 1893 2882 extenderitis

305 2927 506 2969 manus
555 2923 786 2983 vestras,
838 2927 1080 2973 avertam
1133 2917 1318 2974 oculos
1363 2933 1513 2974 meos
1541 2933 1570 2973 a
1599 2919 1750 2974 vobis
1785 2937 1799 2975 :
1838 2927 1893 2973 et

305 3021 431 3062 cum
477 3007 967 3079 multiplicaveritis
1009 3014 1340 3075 orationem,
1394 3027 1498 3067 non
1547 3013 1838 3067 exaudiam
1875 3030 1888 3067 :

313 3117 502 3157 manus
531 3103 678 3157 enim
708 3115 901 3160 vestra:
932 3107 1194 3178 sanguine
1222 3106 1392 3176 plenae
1419 3115 1545 3162 sunt
1573 3108 1643 3162 ”.
1695 3125 1713 3160 ι
1749 3107 1890 3163 Fru-

1995 1989 2292 2061 prophetae,
2317 2003 2435 2058 qua:
2467 1997 2736 2044 eventura
2772 1996 2977 2054 essent,
3012 2002 3120 2043 non
3163 1996 3222 2041 ut
3252 1984 3456 2050 futura,
3485 1987 3581 2040 sed

1993 2081 2143 2136 velut
2194 2080 2480 2150 prmseutia
2526 2087 2832 2147 cernerent,
2888 2079 2955 2135 de
3019 2077 3216 2135 futuris
3259 2077 3484 2152 perinde
3517 2093 3580 2133 ac

1995 2174 2040 2230 si
2091 2186 2432 2248 gererentur,
2485 2175 2947 2247 praenuntiabant.
2994 2173 3076 2230 Ita
3126 2174 3290 2230 etiam
3335 2173 3400 2228 de
3447 2172 3582 2227 Juda

1996 2267 2175 2322 dixit:
2216 2286 2234 2320 ι
2270 2268 2496 2324 Catulus
2541 2268 2715 2326 lednis
2734 2265 2873 2323 Juda
2923 2287 2938 2324 :
2975 2259 3043 2323 ei
3090 2265 3358 2336 germine,
3380 2266 3453 2321 fili
3485 2266 3583 2332 mi,

1996 2362 2286 2418 ascendisti
2315 2362 2360 2430 ³;
2394 2372 2480 2418 et:
2508 2383 2526 2415 ι
2563 2361 2680 2420 Non
2703 2363 2964 2419 ascendcs
2989 2361 3031 2428 ⁸,
3066 2378 3094 2432 »ξ
3117 2359 3293 2416 futuro
3329 2368 3584 2428 tanquam

1995 2456 2281 2525 praesentia
2317 2456 2642 2527 praevidens.

2068 2547 2174 2604 Sed
2228 2548 2683 2620 jucundissimnm
2745 2547 2966 2604 lsraelis
3027 2546 3343 2602 vaticinium
3400 2544 3584 2601 nescio

1995 2655 2104 2711 quo
2138 2643 2298 2698 modo
2343 2643 2411 2696 ad
2459 2642 2600 2697 hanc
2648 2640 3071 2711 disputationem
3122 2655 3224 2695 nos
3267 2637 3578 2704 abstraxit;

1995 2748 2165 2805 quare
2195 2733 2387 2790 Isaiam
2420 2744 2728 2804 repetamus
2758 2755 2770 2790 :
2809 2751 2828 2786 ‹
2867 2733 3169 2790 Subvenite
3199 2746 3461 2803 Oppresso
3484 2734 3528 2800 ’ς
3559 2751 3579 2785 ο

1995 2826 2089 2897 qui
2120 2842 2150 2881 a
2186 2828 2452 2897 discipulo
2482 2827 2752 2899 proditus,
2788 2842 2892 2884 nec
2915 2826 3092 2886 scelus
3120 2826 3362 2891 admisit,
3392 2839 3492 2882 nec
3527 2826 3579 2881 in

1996 2915 2115 2988 ejus
2147 2934 2242 2976 ore
2277 2919 2528 2976 inventus
2561 2929 2646 2976 est
2667 2920 2841 2977 dolus.
2868 2920 3045 2990 Atque
3075 2918 3125 2974 id
3161 2917 3336 2974 Moses
3365 2932 3582 2989 quoque

1993 3030 2090 3072 vos
2119 3013 2433 3086 przedocuit,
2479 3013 2749 3084 siquidem
2787 3013 2986 3070 clamat
3012 3029 3032 3070 :
3075 3030 3095 3067 ι
3135 3011 3453 3069 llaledictus
3493 3012 3582 3082 qui

1996 3109 2196 3178 accipit
2226 3121 2475 3172 munera,
2507 3115 2565 3162 ut
2600 3109 2868 3175 percutiat
2907 3108 3143 3163 animam
3173 3105 3456 3177 sanguinis
3496 3106 3581 3163 in.

311 3204 420 3250 stra
483 3197 710 3266 posthac
755 3197 980 3268 jejunia,
1030 3210 1083 3256 et
1137 3199 1396 3267 Sabbata,
1462 3211 1628 3272 atque
1683 3201 1888 3259 Pascha
1917 3220 1960 3280 ο
1995 3197 2240 3256 nocentis
2269 3198 2310 3252 ⁸.
2356 3216 2375 3250 ι
2409 3227 2479 3239 --
2517 3217 2536 3251 ι
2571 3197 2817 3255 Judicate
2869 3199 3094 3270 pupillo,
3133 3217 3153 3252 ι
3184 3197 3278 3268 qui
3323 3199 3375 3254 in
3433 3206 3577 3255 terra

307 3287 492 3354 obitis,
525 3305 632 3346 non
661 3290 830 3347 solum
864 3303 1084 3365 propter
1109 3303 1312 3359 vatum,
1344 3296 1436 3351 sed
1473 3297 1887 3353 audacissimam

304 3397 524 3453 quoque
549 3383 904 3440 amantissimi
938 3385 1354 3458 charissiutiquc
1379 3385 1498 3442 Filii
1533 3403 1745 3443 necem.
1780 3387 1888 3442 Ita-

304 3489 418 3545 que
449 3475 642 3533 salutis
668 3477 754 3533 vla
786 3487 1034 3548 superest
1064 3479 1234 3543 nulla,
1281 3495 1456 3551 neque
1490 3480 1541 3534 in
1576 3479 1692 3550 lege
1735 3480 1893 3551 quid-

303 3581 472 3634 quam
495 3569 768 3638 pra-sidii;
807 3571 900 3626 sed
927 3571 972 3627 si
1002 3571 1143 3628 illius
1171 3570 1300 3627 olim
1336 3572 1611 3629 felicitatis
1647 3573 1891 3630 hmredes

307 3659 428 3714 fieri
490 3661 714 3719 vultis:
774 3682 793 3717 ι
838 3663 1142 3732 Lavamini,
1176 3665 1360 3721 mundi
1425 3675 1622 3732 estote,
1683 3665 1893 3721 auferte

305 3751 514 3807 malum
546 3754 934 3825 cogitationum
962 3765 1265 3813 vestrarum
1298 3759 1364 3812 ab
1387 3757 1559 3814 oculis
1595 3758 1729 3814 meis
1751 3759 1818 3812 ".
1866 3775 1885 3808 ι

304 3844 425 3903 Nec
453 3845 813 3920 legislatorem
846 3866 952 3914 me.
984 3849 1117 3921 legis
1147 3860 1459 3924 tegumento
1492 3852 1671 3909 colere
1699 3851 1752 3909 in
1777 3851 1896 3907 ani-

305 3955 461 3995 mum
492 3940 750 4000 inducite.
819 3962 839 3998 ι
877 3943 1076 4002 Discite
1124 3948 1262 4002 bene
1311 3946 1529 4014 facere,
1571 3967 1591 4000 ι
1640 3947 1732 4017 qui
1780 3945 1894 4017 iam

305 4033 446 4090 inde
501 4049 532 4089 a
591 4033 739 4092 Mose
792 4039 1056 4093 hactenus
1115 4039 1253 4096 bene
1318 4039 1526 4096 fecistis
1587 4055 1895 4110 nunquam.

317 4144 338 4178 ι
379 4127 612 4194 Quaerite
635 4128 898 4200 judicium
921 4131 990 4188 "’.
1015 4151 1043 4184 ο
1083 4130 1182 4201 Nc,
1217 4141 1276 4188 ut
1325 4131 1557 4204 ingeniis
1594 4134 1727 4189 estis
1763 4149 1893 4188 sau-

307 4219 612 4291 guinariis,
663 4236 782 4292 qua:
827 4223 882 4278 in
935 4225 1253 4296 prophetas,
1295 4239 1358 4282 ea
1409 4225 1461 4281 in
1513 4225 1895 4283 charissimnm

311 4307 500 4364 animo
534 4323 652 4365 meo
690 4309 889 4366 Filium
919 4312 1278 4384 designatOte,
1317 4314 1412 4369 sed
1453 4313 1691 4381 lsraelis,
1733 4315 1894 4369 vestri

307 4401 576 4471 parentis,
593 4401 882 4458 verborum
900 4413 1227 4460 mementote
1251 4423 1266 4460 :
1294 4423 1314 4457 ι
1349 4404 1536 4462 Simon
1561 4415 1615 4462 et
1635 4405 1761 4462 Levi
1788 4407 1897 4461 fra-

313 4503 454 4558 tres,
501 4503 1016 4549 consummaverunt
1066 4493 1408 4565 iniquitatem
1451 4515 1466 4551 :
1513 4498 1564 4551 in
1610 4499 1894 4554 consilium

1995 3302 2202 3364 patrem
2226 3306 2334 3348 non
2370 3291 2580 3346 habuit.
2621 3309 2639 3342 ι
2673 3291 2954 3347 Defendite
2985 3290 3204 3346 viduam
3227 3291 3270 3347 '.
3298 3309 3317 3344 ι
3348 3290 3584 3347 Uxorem

1991 3385 2249 3441 creditam
2280 3385 2498 3455 Josephi
2555 3386 2765 3456 sponsi.
2807 3403 2826 3437 α
2864 3383 2932 3449 Et
2982 3386 3190 3452 venite,
3225 3385 3586 3453 disputemus,

1991 3480 2122 3535 dicit
2157 3478 2433 3534 Dominus.
2472 3498 2490 3531 ι
2525 3478 2688 3549 Atqui
2738 3480 2791 3535 in
2837 3479 3077 3535 secundo
3110 3479 3344 3536 adventu
3382 3473 3584 3535 Christi

1993 3574 2288 3644 disputatio
2336 3588 2443 3630 non
2493 3583 2598 3630 est.
2645 3572 2785 3640 Quid
2835 3573 3000 3644 igitur
3043 3583 3156 3640 est,
3207 3570 3586 3643 disputemus?

1995 3665 2103 3723 Sua
2131 3681 2400 3738 quemque
2430 3667 2764 3723 conscientia
2816 3668 3032 3738 prodat,
3077 3675 3130 3723 et
3181 3667 3274 3737 qui
3322 3664 3584 3736 praeclare

1993 3758 2188 3824 currit,
2221 3765 2535 3813 antrorsum
2577 3755 2906 3826 contendat;
2955 3756 3049 3827 qui
3095 3756 3365 3827 peccavit,
3395 3771 3588 3812 emen-

1995 3850 2270 3905 dationem
2296 3849 2628 3920 poetiitudine
2659 3851 2932 3906 ostendat.
2963 3848 3060 3904 llis
3092 3848 3239 3906 enim
3267 3846 3531 3922 perfectis
3566 3866 3582 3902 :

2000 3960 2021 3994 ι
2063 3940 2120 3998 Si
2163 3941 2363 3998 fuerint
2390 3950 2610 4014 peccata
2652 3951 2832 3998 vestra
2860 3951 2920 3998 ut
2954 3944 3262 4009 coccinum,
3294 3940 3451 4014 quasi
3491 3943 3583 3997 nix

1996 4032 2438 4088 dvalhabuntur:
2471 4041 2526 4089 et
2554 4035 2600 4086 si
2631 4032 2832 4087 fuerint
2856 4033 3015 4087 rubra
3044 4031 3204 4104 quasi
3235 4030 3585 4094 vermiculus,

1996 4126 2142 4182 velut
2165 4126 2287 4181 lana
2313 4126 2431 4184 alba
2464 4133 2626 4181 erunt
2650 4125 2693 4180 ⁸.
2728 4145 2748 4179 ι
2785 4125 3016 4182 Perinde
3047 4141 3114 4183 ac
3142 4126 3347 4182 diceret
3376 4142 3390 4179 :
3429 4124 3584 4191 Quod

1998 4221 2044 4276 si
2082 4219 2193 4293 (45)
2225 4219 2444 4292 punicei
2491 4219 2627 4277 estis
2666 4232 2910 4292 peccato,
2961 4220 3248 4290 minusque
3290 4219 3585 4290 sanguino-

1999 4312 2152 4380 lenti,
2185 4323 2248 4370 ut
2295 4311 2393 4368 nix
2436 4311 2730 4379 albescite;
2782 4311 2864 4370 sin
2910 4321 3059 4368 ostro
3108 4311 3335 4377 similes,
3374 4319 3428 4365 et
3460 4327 3586 4365 san-

1998 4407 2161 4478 guine
2192 4407 2358 4476 pleni,
2384 4405 2468 4463 vel
2507 4406 2644 4462 lanae
2675 4406 2964 4461 candorem
2997 4403 3323 4476 praevertite.
3357 4401 3490 4457 Item
3519 4402 3586 4457 de

2002 4514 2141 4555 novo
2186 4499 2407 4555 ftedere.
2445 4515 2466 4550 ι
2512 4496 2637 4553 limo
2676 4496 2806 4552 dicit
2851 4495 3108 4552 Dominus
3144 4511 3160 4551 :
3208 4491 3585 4551 Servientibus

310 4599 503 4641 eorum
539 4599 646 4639 non
675 4586 857 4640 veniat
886 4586 1064 4640 anima
1097 4602 1215 4642 mea
1243 4603 1258 4641 :
1291 4597 1346 4643 et
1393 4589 1447 4643 in
1477 4593 1892 4659 congregatione
1929 4590 1971 4645 ι)
2001 4595 2130 4652 mihi
2163 4594 2444 4651 vocabitur
2473 4608 2668 4649 nomen
2713 4608 2932 4657 novum,
2980 4593 3065 4646 cui
3103 4587 3454 4645 benedicetur
3484 4604 3583 4645 suo

309 4691 508 4733 eorum
540 4692 647 4732 non
675 4681 1005 4733 contendant
1029 4682 1239 4736 viscera
1274 4694 1414 4750 mea,
1448 4683 1571 4752 quia
1615 4685 1672 4739 in
1710 4684 1895 4740 furore

310 4784 418 4826 suo
452 4769 840 4826 interfecerunt
871 4770 1117 4828 homines
1153 4789 1172 4824 ι
1213 4771 1234 4844 (
1261 4773 1471 4830 scilicet
1507 4777 1798 4846 prophetas
1830 4779 1846 4838 i
1879 4797 1892 4832 :

316 4881 338 4914 ι
387 4869 444 4917 et
488 4860 544 4918 in
571 4861 863 4932 cupiditate
891 4878 987 4919 sua
1033 4864 1501 4922 subnervaveruot
1559 4877 1772 4926 taurum
1813 4870 1889 4925 ’⁸)

313 4951 511 5021 (Deum
566 4961 622 5008 et
671 4952 944 5008 hominem
992 4953 1224 5026 Iesum).
1276 4957 1529 5027 Idemque
1583 4963 1896 5019 convocatis

315 5045 437 5100 suis
482 5043 607 5100 liliis
646 5043 813 5100 Jacob
860 5045 974 5102 ait:
1021 5065 1040 5099 ι
1085 5047 1541 5120 Congregamini;
1578 5070 1595 5104 ι
1631 5068 1737 5108 non
1785 5069 1894 5125 quo

320 5137 391 5191 de
427 5138 721 5193 sceleribus
767 5154 860 5192 vos
908 5153 1222 5210 coarguam,
1269 5141 1387 5208 sed,
1418 5159 1436 5193 ι
1477 5151 1536 5198 ut
1577 5147 1892 5202 annuntiem

319 5248 444 5304 qua:
474 5244 695 5290 ventura
737 5245 862 5292 sunt
898 5235 1050 5291 vobis
1095 5235 1151 5290 in
1195 5236 1389 5293 diebus
1430 5239 1738 5296 novissimis
1761 5241 1829 5296 ".
1867 5259 1886 5294 ι

322 5327 403 5381 Ac
433 5327 737 5393 recensitis,
776 5344 896 5399 quae
947 5326 1000 5383 in
1045 5326 1321 5384 Christum
1371 5331 1484 5385 ausi
1532 5341 1661 5388 sunt
1702 5332 1892 5402 Judaei,

325 5417 520 5474 addit:
560 5438 577 5470 ι
624 5419 851 5475 Lavabit
881 5421 936 5476 in
974 5423 1095 5476 vino
1127 5419 1317 5476 stolam
1365 5438 1542 5493 suam,
1579 5433 1634 5480 et
1679 5425 1734 5480 in
1767 5441 1896 5480 san-

395 5594 438 5628 "
472 5595 575 5650 lsa.
606 5610 645 5660 ι,
674 5594 757 5648 15.
830 5597 875 5628 ’³
911 5596 1038 5652 ibid.
1067 5598 1154 5652 Η.
1184 5597 1230 5631 ’³
1260 5597 1429 5654 Zach.
1457 5617 1531 5667 ix,
1564 5599 1630 5661 9:
1668 5599 1854 5658 Matth.

493 5665 538 5698 9⁸
573 5667 683 5705 nun
731 5681 851 5705 νιιι·
907 5668 938 5705 κ
987 5669 1020 5705 tt
1115 5670 1294 5705 09mm
1362 5669 1422 5705 tt
1529 5671 1548 5705 t
1590 5671 1696 5705 tum
1749 5673 1808 5705 η

1995 5605 2088 5705 :5;
2165 5604 2209 5638 "‘
2239 5605 2395 5668 ἰδίω,
2434 5607 2515 5660 l-l.
2539 5677 2558 5705 ³
2591 5608 2636 5705 ἒξ
2668 5606 2796 5662 ibid.
2819 5605 2906 5660 15.

2008 5693 2063 5705 ο..
2144 5692 2324 5705 συν...-
2374 5678 2439 5705 ι’ξθξ
2641 5693 2700 5705 Α..
2760 5694 2881 5705 ...ι-ν

1914 5676 1934 5705 ¹
1966 5674 2109 5730 Psal.
2144 5692 2348 5741 Lxxvu,
2374 5678 2460 5732 liii.

1882 5747 1900 5776 ’
1931 5746 2032 5803 lsi.
2063 5765 2186 5811 μιν,
2221 5747 2303 5813 l5,
2341 5750 2423 5802 lii.

333 5667 420 5720 I7.
493 5665 538 5698 "
573 5667 706 5718 Gen.
731 5681 877 5730 XLII,
905 5668 958 5732 5,
987 5669 1040 5723 fi.
1115 5671 1161 5702 ”
1190 5670 1318 5724 ibid.
1362 5669 1454 5727 ll.

325 5754 370 5806 ι,
401 5737 490 5792 Π.
565 5736 585 5765 ⁸
611 5735 762 5793 Deut.
796 5754 886 5802 xx,
913 5738 1006 5794 25.
1080 5740 1101 5772 ⁷
1135 5739 1236 5796 lsa.
1265 5758 1300 5809 ι,
1341 5743 1420 5795 l7.

1529 5671 1548 5705 ⁸
1590 5671 1720 5726 ibid.
1749 5673 1837 5726 Η.

1500 5743 1520 5773 ⁸
1557 5743 1685 5798 ibid.
1723 5743 1803 5799 l8.

399 5880 516 5954 (ιό)
545 5879 765 5938 Nazian.
794 5881 847 5936 in
892 5880 1149 5954 Epiphan.

2001 4703 2098 4760 per
2130 4697 2332 4743 terram
2358 4688 2418 4754 °;
2455 4704 2475 4739 ι
2525 4687 2844 4742 benedicent
2886 4685 3030 4740 enim
3072 4684 3238 4739 Deum
3278 4697 3486 4751 verum,
3530 4693 3585 4738 et

2001 4785 2091 4854 qui
2125 4783 2314 4852 jurant
2353 4796 2518 4854 super
2557 4790 2778 4847 terram,
2823 4779 3084 4850 jurabunt
3135 4778 3302 4835 Deum
3353 4792 3580 4841 verum;

2001 4877 2390 4932 obliviscentur
2441 4875 2584 4929 enim
2640 4874 3001 4929 tribulationis
3051 4870 3250 4942 prioris
3300 4870 3583 4943 (nimirum

2003 4971 2268 5027 idolorum
2299 4969 2706 5040 venerationis).
2747 4969 2809 5023 Et
2839 4969 2960 5038 quis
2991 4982 3152 5036 porro
3186 4965 3454 5034 Supremo
3481 4963 3581 5019 οὓς

2003 5063 2265 5134 ganuiat?
2307 5062 2378 5117 De
2425 5062 2675 5132 gentibus
2722 5075 2846 5116 vero
2893 5062 3007 5116 h:ec
3048 5056 3290 5126 ejusdem
3332 5067 3417 5113 est
3460 5073 3583 5112 sen-

2006 5155 2167 5211 tentia
2194 5174 2209 5209 :
2248 5173 2266 5208 ι
2298 5153 2518 5224 Aperite
2550 5163 2755 5223 portas,
2799 5162 2853 5208 et
2881 5150 3218 5218 ingrediatur
3247 5164 3380 5219 gens
3407 5147 3582 5217 iusta.

2003 5246 2311 5301 custodiens
2340 5244 2622 5301 veritatem
2660 5244 2727 5310 ‘°,
2764 5263 2783 5298 ι
2835 5241 3253 5314 apprehendens
3291 5240 3580 5312 justitiam,

2004 5351 2192 5393 amans
2231 5351 2439 5407 pacem,
2470 5337 2725 5406 quoniam
2759 5332 2996 5404 speravit
3024 5333 3076 5390 in
3105 5332 3440 5396 te,Domine.

2076 5425 2342 5483 Ceterum
2388 5427 2570 5484 odisse
2624 5428 2790 5483 Deum
2817 5435 2940 5501 post
2987 5424 3196 5482 Christi
3249 5425 3582 5480 adventum.

2981 5605 3027 5638 οσ
3059 5605 3186 5673 una.
3210 5603 3294 5659 te.
3369 5603 3418 5638 ιτ
3446 5597 3579 5660 ihiu.

2539 5677 2558 5707 ³
2591 5677 2725 5731 Gen.
2760 5694 2907 5740 itur,
2940 5681 2994 5732 9.
3072 5678 3092 5708 ⁸
3130 5677 3259 5733 ibid.
3294 5676 3368 5730 d.-
3423 5675 3444 5706 ⁸
3475 5674 3576 5728 lsa.

2508 5751 2551 5780 '°
2585 5747 2688 5802 lsa.
2724 5765 2868 5810 X‘iVl.
2900 5752 2956 5804 9..
