4006 6284
567 414 670 482 887

1755 415 2184 476 ANDRONICI
2225 415 2571 480 COMNENI

3716 408 3804 474 888

574 530 830 587 Sabbatis
861 547 924 586 ac
945 529 1186 588 iudaicis
1214 531 1410 588 ritibus
1439 530 1707 593 addictos.
1759 531 1874 601 ipse
1920 537 2148 585 testatur
2173 528 2432 598 Aaures,
2475 544 2531 587 et
2571 547 2674 586 non
2714 531 2909 589 auditis
2934 532 2999 589 ".
3043 550 3062 586 ι
3097 530 3234 590 Tum
3279 529 3430 586 addit
3476 543 3542 586 ex
3593 544 3796 598 persona

572 632 668 694 per
703 625 1059 680 Malachiam:
1095 643 1114 678 ι
1152 625 1268 680 Non
1301 636 1385 683 est
1422 625 1554 680 mihi
1598 625 1850 680 voluntas
1879 625 1932 677 in
1975 624 2151 688 vobis,

570 713 719 779 (ﬁliis
746 713 927 784 Israel)
972 714 1101 769 dicit
1145 715 1405 770 Dominus
1448 716 1780 769 exercituum
1814 732 1826 766 :
1862 721 1918 767 ct
1953 729 2152 768 munus

570 820 674 859 noo
709 804 997 874 suscipiam
1024 807 1090 860 de
1121 821 1279 859 manu
1332 815 1533 860 vestra.
1564 805 1647 861 Ab
1681 816 1802 859 ortu
1842 805 1987 859 enim
2019 802 2151 858 solis

567 911 735 964 usque
768 896 834 950 ad
878 911 1155 962 occasum,
1204 914 1454 967 magnum
1505 909 1588 952 est
1640 913 1836 952 nomen
1883 912 2060 951 meum
2096 896 2153 950 in

569 987 835 1058 gentibus,
870 991 1008 1044 etin
1055 993 1203 1045 ontni
1250 991 1364 1046 loco
1415 993 1777 1054 sacriﬁcatur,
1822 1003 1876 1046 et
1926 991 2152 1046 offertur

573 1082 772 1134 nomini
824 1097 943 1137 tneo
993 1083 1196 1138 oblatio
1237 1086 1469 1150 munda;
1496 1087 1620 1154 quia
1662 1101 1912 1154 magnum
1940 1095 2025 1139 est
2052 1102 2153 1139 no-

570 1187 690 1225 men
719 1186 893 1225 meum
928 1173 978 1226 in
1006 1173 1250 1242 gentibus
1274 1175 1336 1228 ἰ.
1359 1194 1379 1227 ι
1419 1177 1552 1231 Vivo
1580 1191 1709 1246 ego,
1734 1178 1862 1232 dicit
1897 1177 2158 1231 Dominus

567 1264 933 1355 omnipotens:

1172 1397 1404 1456 CAPUT
1444 1398 1552 1454 ιιι.

568 1534 644 1592 De
689 1537 919 1606 gentium
973 1539 1305 1592 cont-eniam
1357 1550 1404 1591 et
1460 1535 1766 1593 Judmorum
1824 1539 2153 1607 perricaciu,

1211 1611 1514 1678 prophetiae.

637 1719 813 1786 Quare
844 1736 964 1775 cum
996 1719 1224 1775 Domino
1259 1721 1368 1776 Deo
1397 1723 1752 1790 omnipotenti
1780 1722 2146 1777 exsecrabiles

567 1812 675 1867 sint
701 1811 937 1867 Judaicze
968 1813 1255 1869 Iibationes
1299 1824 1460 1881 atque
1507 1815 1804 1878 sacriﬁcia,
1842 1814 1984 1880 apud
2012 1829 2148 1883 quas

2257 625 2350 680 Dei
2387 643 2402 680 :
2437 642 2456 676 ι
2487 627 2639 692 Quod
2666 625 2709 679 si
2741 641 2826 680 me
2856 641 2962 680 non
2994 624 3272 690 timebitis,
3303 624 3392 692 qui
3431 621 3584 693 posui
3609 637 3804 677 arenam

2260 718 2549 774 terminum
2605 718 2762 783 mari,
2819 730 3145 789 praeceptum
3207 720 3625 787 sempiternum,
3682 718 3802 784 quo-.1

2257 828 2362 867 non
2413 812 2706 882 prateribit
2739 812 2826 877 η,
2867 832 2887 865 ι
2941 812 3060 868 haec
3110 821 3165 867 et
3216 812 3329 867 haec
3380 810 3626 880 patienda
3678 812 3808 864 vobis

2257 913 2440 959 erunt.
2471 903 2533 957 Et
2559 919 2656 974 per
2678 903 2871 959 lsaiam
2906 904 3091 960 itidem
3127 904 3268 957 Deus
3301 916 3317 956 :
3359 919 3379 953 ι
3425 900 3808 970 Apprnpinqnat

2255 994 2488 1065 populus
2515 996 2618 1050 iste
2645 1013 2740 1051 ore
2785 1012 2904 1060 suo,
2935 1006 2989 1052 et
3031 996 3190 1052 labiis
3244 997 3354 1050 suis
3406 996 3665 1065 gloriﬁcat
3693 1013 3768 1048 ιιιο
3797 1013 3808 1053 ;

2258 1101 2353 1140 cor
2405 1096 2584 1143 autem
2634 1089 2748 1157 ejus
2797 1089 2955 1161 longe
3005 1100 3090 1145 est
3143 1105 3170 1144 a
3219 1103 3326 1143 mc.
3364 1089 3607 1160 (Frustra
3652 1101 3808 1141 autem

2257 1178 2441 1232 colunt
2473 1193 2556 1233 me
2592 1179 2852 1236 docentes
2893 1181 3171 1236 hominum
3223 1190 3490 1251 praecepta
3545 1190 3697 1249 atque
3729 1183 3812 1232 do.

2257 1270 2510 1341 ctrinam)
2551 1281 2608 1325 et
2644 1274 2938 1328 timuerunt
2993 1291 3080 1328 me
3126 1276 3383 1327 mandata
3435 1275 3703 1326 hominum
3769 1284 3814 1325 et

2258 1361 2539 1417 doctrinis.
2569 1361 2861 1433 Propterea
2916 1380 3046 1419 ecce
3091 1367 3342 1433 adjiciam
3389 1377 3445 1418 ut
3503 1363 3806 1418 transieram

2258 1455 2514 1524 populum
2552 1455 2738 1520 istum,
2769 1466 2822 1508 et
2852 1456 3172 1511 transieram
3211 1472 3308 1512 eos
3341 1473 3355 1511 :
3391 1466 3446 1510 et
3485 1459 3698 1524 perdam
3737 1473 3813 1508 sa-

2256 1546 2514 1614 pientiam
2571 1547 2894 1615 sapientium
2923 1587 2938 1612 ,
2987 1559 3043 1602 et
3087 1551 3431 1618 prudentiam
3489 1549 3815 1618 prudentium

2259 1637 2588 1692 abscondam
2623 1640 2691 1692 '°.
2742 1639 2882 1706 Quia
2932 1642 3173 1710 pepnlus-
3216 1641 3533 1695 inobedicus
3586 1651 3686 1702 est.
3738 1642 3816 1693 lilii

2259 1729 2569 1797 mendaces,
2602 1729 2693 1800 qui
2729 1732 2915 1784 nolunt
2951 1732 3140 1786 audire
3170 1733 3338 1802 legem
3370 1732 3463 1786 Dei
3493 1751 3505 1786 :
3531 1734 3621 1801 qui
3653 1734 3819 1791 dicunt

2256 1825 2534 1894 prophetis
2586 1841 2600 1878 :
2665 1823 2842 1880 Nolite
2907 1827 3232 1882 annuutiare
3292 1829 3448 1880 nobis
3509 1843 3628 1896 quae
3689 1838 3817 1881 recta

567 1914 754 1979 sentes
786 1907 852 1959 ait
884 1917 1012 1960 ortu
1039 1906 1170 1960 solis
1199 1906 1274 1961 ad
1297 1922 1552 1962 occasum
1582 1906 1721 1960 Deus
1752 1906 2080 1967 erleltratttr.
2114 1923 2142 1960 tt
2182 1886 2224 1945 Β
2253 1925 2379 1970 sum
2408 1935 2423 1970 ι
2455 1920 2548 1970 sed
2583 1918 2860 1987 loquimini
2904 1919 3056 1973 nobis
3103 1920 3397 1989 placentia,
3449 1921 3629 1973 videte
3680 1920 3816 1972 nobis

567 1999 869 2067 quibusque
909 1998 1034 2053 huic
1063 1997 1264 2052 nomini
1291 1997 1499 2053 ruliltns
1532 1999 1794 2052 aﬁcrtnr?
1817 1996 2088 2054 Nimirum
2116 2016 2144 2053 a

569 2092 725 2147 nobis
745 2090 1093 2147 Christianis.
1127 2093 1204 2147 De
1228 2093 1565 2148 reirartariis
1618 2109 1748 2147 vero
1775 2101 1828 2146 et
1860 2094 2150 2149 incircum-

567 2183 696 2237 cisis
717 2183 939 2251 imbris,
967 2184 1271 2240 volentibus
1297 2186 1456 2238 etiam
1489 2196 1608 2250 post
1632 2184 1830 2240 Christi
1857 2189 2146 2243 adventum

567 2273 708 2329 i'itns
739 2285 901 2345 atque
938 2274 1170 2330 Sabhata
1203 2276 1364 2338 tueri,
1398 2277 1579 2330 audite
1613 2277 1742 2346 quid
1793 2277 1933 2331 idem
1979 2279 2150 2333 Isaias

569 2366 773 2424 sctihat
802 2385 816 2420 :
849 2385 868 2417 ι
909 2367 998 2422 Vm
1035 2371 1125 2435 qui
1162 2369 1373 2422 trahitis
1414 2369 1754 2438 iniquitatem
1805 2370 1857 2423 io
1895 2371 2151 2427 funiculis

569 2458 844 2523 vanitatis,
880 2468 931 2511 et
963 2460 1115 2526 quasi
1146 2461 1418 2512 vinculum
1450 2460 1673 2527 plaustri
1703 2473 2009 2528 peccatum.
2045 2463 2150 2528 Qui

570 2549 749 2603 dicitis
784 2569 798 2604 :
840 2549 1104 2609 Festinet.
1139 2561 1190 2602 et
1224 2551 1332 2605 cito
1381 2551 1559 2606 veniat
1599 2567 1735 2620 opus
1773 2553 1911 2617 ejus,
1964 2564 2022 2606 ut
2070 2555 2152 2606 vi-

567 2640 795 2696 deamus
823 2658 844 2695 ι
876 2651 932 2697 et
965 2643 1269 2711 appropiet,
1298 2651 1349 2696 et
1399 2643 1579 2695 veniat
1632 2643 1922 2698 consilium
1972 2644 2149 2698 sancti

571 2731 763 2794 Israel,
787 2740 842 2786 et
869 2733 1106 2786 sciemus
1159 2732 1308 2787 illud.
1359 2731 1449 2786 Vtc
1483 2733 1571 2799 qui
1606 2733 1786 2788 dicitis
1822 2735 2018 2788 malum
2054 2738 2150 2789 ho-

569 2838 725 2886 nnm,
757 2835 808 2878 et
843 2825 1039 2877 bonum
1082 2825 1281 2877 malum
1319 2843 1333 2880 :
1370 2834 1631 2891 ponentes
1673 2828 1923 2881 tenebras
1953 2826 2149 2891 lucem,

568 2931 617 2968 ei
656 2915 832 2969 luo-ent-
874 2916 1128 2972 tenebras
1163 2932 1176 2968 :
1214 2927 1474 2984 ponentes
1510 2933 1752 2970 amarunt
1790 2919 1842 2971 in
1883 2918 2060 2984 dulce,
2099 2928 2154 2974 et

570 3007 722 3061 dulce
747 3009 802 3060 iu
843 3023 1088 3062 amarum
1125 3007 1185 3062 ".
1218 3028 1236 3059 ι
1259 3009 1401 3063 ldem
1434 3024 1648 3063 rursum
1678 3024 1693 3062 :
1731 3027 1750 3060 ι
1790 3010 2044 3079 Captivos
2062 3028 2154 3077 po-

569 3101 728 3169 putus
765 3116 916 3155 meus
945 3099 1118 3156 factus
1155 3111 1236 3157 est
1267 3119 1292 3155 :.
1316 3117 1381 3157 eo
1413 3105 1554 3171 quod
1598 3103 1698 3172 ipsi
1735 3117 1840 3157 non
1886 3119 2154 3172 cognove-

2250 2020 2466 2063 errores
2493 2010 2560 2063 ¹¹.
2625 2027 2644 2060 ›
2701 2008 2894 2064 Iisdem
2950 2025 3044 2078 per
3100 2011 3295 2064 Oscam
3349 2010 3586 2063 minatur
3643 2011 3812 2064 Deus:

2257 2117 2275 2150 ι
2313 2098 2624 2169 Expandam
2662 2114 2820 2168 super
2842 2115 2935 2155 eos
2965 2111 3078 2154 rete
3109 2115 3286 2155 meum
3316 2118 3332 2155 :
3371 2101 3530 2168 quasi
3558 2099 3810 2153 volucrem

2250 2191 2372 2244 caeli
2417 2192 2689 2245 detraham
2739 2208 2858 2257 eos,
2908 2192 3107 2247 caedam
3153 2206 3266 2259 eos,
3317 2192 3612 2260 corripiam
3660 2207 3748 2247 eos
3775 2191 3818 2244 in

2253 2284 2434 2337 auditu
2469 2284 2835 2338 tribulationis
2867 2300 3072 2339 eorum.
3123 2285 3210 2340 Vae
3253 2285 3331 2340 eis
3359 2287 3624 2353 quoniam
3660 2299 3817 2339 reces-

2252 2381 2438 2426 serunt
2502 2388 2530 2424 a
2602 2389 2708 2438 me,
2767 2374 3065 2427 metienlosi
3123 2381 3287 2439 sunt,
3346 2376 3612 2444 quoniam
3674 2374 3816 2441 impie

2252 2475 2480 2532 egerunt
2507 2466 2558 2518 in
2600 2481 2686 2520 me
2719 2484 2732 2519 :
2773 2477 2827 2519 et
2868 2483 2966 2534 ego
3017 2465 3220 2520 redemi
3255 2482 3349 2520 eos
3382 2482 3398 2520 :
3432 2474 3484 2519 et
3538 2466 3637 2534 ipsi
3674 2466 3814 2520 locuti

2265 2564 2398 2611 sunt
2442 2567 2628 2611 contra
2680 2574 2763 2610 tne
2809 2559 3084 2611 mendacia
3131 2575 3145 2612 :
3196 2566 3251 2612 ct
3300 2574 3406 2612 non
3468 2559 3816 2611 clatnavcrunt

2264 2649 2328 2700 ad
2361 2663 2443 2701 tne
2478 2647 2636 2700 corda
2672 2663 2856 2700 eorum
2884 2649 2948 2700 ".
2967 2668 2983 2700 ι
3011 2645 3354 2716 Rursumque
3381 2666 3478 2719 per
3509 2649 3816 2704 Jcremiatn:

2261 2757 2279 2789 ι
2318 2738 2396 2793 \le
2426 2739 2823 2808 dereliquerunt
2870 2739 3068 2791 lontent
3105 2755 3255 2806 aqua:
3289 2742 3441 2803 viva’,
3481 2752 3537 2792 et
3586 2739 3811 2793 fmlerunt

2256 2830 2358 2884 sibi
2387 2832 2650 2885 cisternas
2674 2831 2737 2884 ".
2774 2851 2791 2882 ι
2824 2831 2888 2885 Ει
2914 2830 3059 2884 isaiac
3088 2833 3156 2886 de
3185 2832 3300 2902 lege
3326 2833 3442 2886 lucc
3472 2843 3604 2886 sunt
3635 2835 3780 2886 verba
3804 2852 3813 2886 :

2261 2941 2279 2974 ι
2316 2922 2372 2976 1η
2407 2924 2492 2976 die
2542 2923 2632 2976 illo
2682 2924 2785 2975 erit
2837 2924 2922 2977 lux
2971 2924 3110 2977 lunre
3166 2925 3308 2979 sictu
3351 2925 3439 2977 lux
3477 2925 3628 2986 solis.
3663 2937 3712 2978 ct
3739 2924 3811 2976 lux

2255 3015 2386 3068 solis
2419 3014 2522 3068 erit
2571 3015 2876 3084 septuplum
2909 3014 2960 3067 in
2995 3016 3102 3076 die,
3136 3015 3353 3083 quando
3403 3017 3686 3070 sanaverit
3730 3013 3815 3066 Do-

2258 3107 2439 3158 minus
2476 3105 2859 3160 cootritionetn
2911 3104 3087 3174 populi
3124 3105 3231 3166 sui,
3277 3113 3331 3157 et
3387 3106 3635 3158 dolorem
3677 3104 3816 3173 plaga

571 3201 693 3246 runt
725 3191 1003 3246 Dotniuum
1041 3193 1104 3246 ¹³.
1141 3213 1160 3245 ι
1211 3192 1325 3247 Non
1377 3192 1550 3256 dixit,
1588 3196 1729 3262 quod
1779 3211 1798 3246 ι
1838 3209 1921 3247 me
1973 3215 1990 3246 ι
2046 3211 2151 3249 non
2177 3234 2221 3290 ε
2256 3197 2370 3267 ejus
2411 3197 2642 3251 curabit.
2688 3198 2822 3250 Eetze
2869 3212 3062 3250 nomen
3116 3197 3329 3250 Domini
3365 3198 3512 3250 venit
3552 3209 3672 3266 post
3702 3211 3812 3250 tent—

568 3285 886 3351 agnoverit;
937 3285 1030 3340 sed
1080 3284 1225 3353 quod
1261 3303 1281 3338 ε
1326 3284 1610 3340 Dominum
1645 3303 1664 3337 ι
1698 3301 1800 3341 non
1840 3290 2140 3356 agnoverit,

565 3375 620 3427 id
648 3383 755 3440 est,
785 3371 1130 3445 Uuigenitum
1166 3374 1280 3431 Dei.
1319 3376 1384 3433 Et
1416 3377 1610 3430 iterum
1641 3393 1657 3429 :
1700 3394 1718 3428 ι
1755 3376 1927 3430 Radix
1955 3392 2144 3433 eorum

566 3467 726 3535 quasi
755 3468 948 3534 lanugo
977 3465 1082 3522 erit
1117 3477 1218 3521 :et
1265 3480 1484 3536 germen
1530 3482 1721 3522 eorum
1762 3469 1916 3538 quasi
1969 3469 2147 3538 pulvis

568 3561 838 3614 ascendet.
854 3556 1179 3624 Ahjecertmt
1201 3558 1342 3613 enim
1367 3557 1536 3628 legem
1557 3556 1766 3613 Domini
1788 3560 2147 3623 exercituum,

563 3661 618 3705 et
645 3647 914 3718 eloquium
944 3650 1116 3706 sancti
1150 3650 1312 3706 lsrael
1341 3650 1854 3719 blasphemaverunt
1881 3653 1966 3706 ¹³⁶’.
2012 3671 2035 3705 ι

637 3737 840 3796 Videtis
875 3751 935 3795 ut'
978 3745 1174 3812 partim
1217 3741 1416 3808 Patris,
1449 3744 1643 3812 partim
1671 3739 1791 3797 Filii
1834 3744 1964 3797 iram
2015 3761 2144 3816 pro-

563 3832 722 3902 pheta
746 3833 1055 3890 describat?
1091 3833 1223 3888 Nam
1253 3828 1540 3888 Dominum
1563 3825 1899 3888 exercituum
1931 3833 2141 3890 Patrem

564 3925 817 3996 appellat,
847 3928 977 3996 quin
1009 3942 1229 3983 causam
1258 3927 1407 3982 addit
1439 3927 1554 3991 irm,
1587 3928 1853 3994 siquidem
1889 3926 2142 3981 traditam

563 4033 592 4072 a
627 4019 772 4074 Moso
817 4019 990 4090 legem
1021 4022 1243 4084 exsequi
1297 4018 1601 4074 noluerunt.
1652 4017 1915 4073 Caeterum
1959 4019 2142 4071 Domi-

563 4125 695 4163 num
725 4110 1085 4166 lsraelitarum
1117 4109 1315 4177 Deum,
1338 4108 1529 4165 Filium
1571 4108 1858 4179 signiﬁcat,
1901 4109 2089 4164 dicens
2124 4127 2139 4165 :

566 4217 585 4252 ι
618 4200 723 4255 Sed
748 4201 1022 4270 eloquium
1051 4199 1263 4254 Domini
1300 4200 1654 4255 irritavernnt
1680 4201 1745 4254 “.
1782 4217 1799 4252 ι
1834 4200 2142 4254 Doctrinam

559 4295 704 4348 enim
737 4302 791 4348 et
822 4309 1032 4348 sacrum
1065 4290 1264 4350 Christi
1296 4291 1645 4364 E’vattgelium
1674 4295 1939 4348 exsecrati
1971 4301 2096 4346 sunt
2123 4308 2140 4348 :

567 4407 585 4435 ι
618 4387 741 4440 ideo
779 4386 954 4443 iratus
982 4397 1064 4442 est
1089 4388 1237 4442 furor
1273 4386 1488 4441 Domini
1514 4387 1566 4440 in
1609 4385 1861 4456 popuium
1894 4402 2073 4441 suum.
2118 4406 2136 4440 ι

559 4479 820 4535 incensus
854 4476 1012 4534 Pater
1053 4489 1134 4534 est
1184 4495 1288 4534 non
1339 4481 1605 4534 honorato
1647 4477 1805 4540 Filio.
1856 4495 1919 4533 ac
1962 4480 2040 4534 sic
2077 4496 2144 4534 ne

2253 3305 2354 3360 pus
2408 3300 2515 3344 :et
2556 3288 2793 3344 Soiritus
2852 3290 2969 3356 ejus
3021 3289 3160 3344 sicut
3213 3301 3354 3357 aqua
3410 3288 3466 3342 in
3527 3292 3664 3343 valle
3717 3300 3809 3342 tra-

2251 3382 2384 3437 hens
2412 3380 2480 3434 “.
2515 3398 2533 3432 t

2323 3472 2467 3527 Sane
2497 3471 2716 3542 quidem
2771 3480 2824 3524 et
2871 3471 2953 3525 lex
3010 3471 3147 3524 bona
3178 3477 3301 3536 est;
3345 3470 3440 3526 sed
3482 3470 3682 3526 Christi
3725 3467 3811 3521 dis-

2247 3564 2616 3635 ciplina-sine
2685 3565 3089 3632 comparatione
3160 3564 3370 3618 melior.
3444 3563 3642 3633 Neque
3694 3574 3806 3616 vero

2248 3659 2530 3712 audientes
2552 3656 2906 3725 scptuplicem
2942 3656 3179 3710 futuram
3212 3656 3341 3710 solis
3376 3655 3580 3721 lucem,
3624 3654 3806 3710 Christi

2248 3749 2588 3819 disciplinam
2653 3749 2752 3819 legi
2811 3749 3056 3816 septuplo
3117 3758 3392 3802 antestare
3455 3763 3586 3800 cum
3650 3746 3810 3798 animo

2247 3854 2451 3912 putate.
2484 3843 2589 3897 Sed
2642 3841 2886 3908 profecto
2939 3840 3126 3901 Isaias.
3181 3843 3272 3908 qui
3329 3840 3522 3909 legalis
3567 3847 3724 3902 esset,
3764 3845 3810 3889 et

2245 3929 2416 4001 legent
2446 3943 2663 3983 servare
2694 3929 2854 3982 vellet
2894 3929 2996 3995 (est
3036 3940 3212 3982 autem
3255 3931 3392 3998 apud
3422 3930 3624 4000 legales
3656 3942 3804 3996 augu-

2245 4035 2364 4081 stus
2394 4024 2784 4093 septenarius),
2815 4038 2875 4078 ea
2901 4021 3167 4079 sententia
3207 4022 3563 4091 septuplicem
3595 4021 3802 4074 futuram

2247 4113 2379 4168 solis
2426 4111 2627 4180 lucem,
2661 4116 3029 4182 septenariutn
3078 4114 3476 4166 cohonestavit.
3512 4111 3671 4165 Certe
3705 4119 3805 4177 post

2243 4204 2454 4262 Christi
2508 4206 2795 4259 adventum
2841 4205 3062 4258 minime
3111 4205 3424 4259 duraturam
3473 4205 3666 4274 legent,
3708 4205 3802 4270 ipse

2249 4307 2437 4351 auctor
2463 4307 2544 4349 est
2591 4297 2642 4350 in
2679 4298 2791 4349 hac
2837 4297 2978 4349 dicta
3012 4311 3026 4349 :
3065 4314 3081 4344 ι
3125 4294 3262 4349 Ει-οε
3312 4294 3714 4350 Confundcntur
3754 4303 3800 4347 et

2248 4388 2567 4442 erubescent
2596 4401 2810 4451 omnes,
2839 4388 2932 4456 qui
2986 4397 3224 4457 pugnant
3271 4387 3563 4442 adversum
3596 4397 3644 4442 te
3678 4387 3737 4451 ”,
3777 4400 3792 4435 ι

2249 4480 2470 4534 abibant
2499 4495 2619 4533 cum
2653 4481 2946 4550 ignominia
2971 4494 2991 4534 :
3025 4480 3234 4534 scilicet
3267 4480 3356 4547 qui
3405 4477 3608 4534 Christi
3643 4479 3796 4532 Evan-

560 4573 674 4637 ipse
704 4570 922 4640 quidem
950 4573 1264 4635 honoratus;
1286 4587 1405 4624 nam
1428 4571 1519 4640 qui
1545 4569 1738 4625 Filium
1765 4588 1865 4624 non
1893 4573 2146 4635 honorat,
2179 4575 2222 4631 D
2252 4573 2391 4639 qelio
2423 4586 2530 4626 non
2561 4572 2860 4635 adhaerent,
2891 4574 2984 4626 sed
3016 4570 3264 4626 Mosaicae
3317 4571 3442 4641 legi.
3475 4588 3595 4641 qua:
3631 4574 3794 4625 umbra

559 4675 681 4717 eum
717 4678 816 4719 nec
849 4657 1060 4719 Patrem
1093 4664 1360 4718 honorare
1394 4674 1479 4718 est
1512 4679 1756 4719 necesse.
1801 4684 1818 4715 ι
1863 4664 1924 4718 Ει
1951 4675 2139 4719 cxten-

560 4757 639 4813 dit
671 4772 887 4811 manum
920 4772 1072 4811 suam
1099 4771 1261 4824 super
1291 4770 1438 4816 euut,
1468 4767 1521 4809 et
1548 4755 1813 4824 percussit
1849 4771 1969 4809 eum
2003 4754 2066 4807 ¹⁵.
2112 4774 2130 4805 ι

561 4849 705 4903 Idem
755 4851 819 4904 de
846 4846 1045 4903 Iudicis
1075 4865 1102 4903 a
1134 4848 1235 4902 ﬁde
1267 4848 1454 4901 alienis
1488 4863 1500 4901 :
1545 4865 1568 4898 ι
1595 4847 1790 4900 Audite
1829 4846 2133 4911 audientes,

559 4950 616 4995 ct
641 4938 1127 5009 noliteintelligere
1164 4959 1176 4994 :
1212 4949 1266 4994 et
1303 4940 1483 4993 videte
1517 4940 1806 5001 visionem,
1858 4950 1911 4993 et
1967 4940 2133 4994 nolite

563 5053 905 5108 Cognoscere.
975 5038 1332 5091 lncrassatum
1386 5046 1468 5091 est
1518 5037 1661 5089 enim
1693 5051 1787 5090 cor
1825 5037 2000 5104 populi
2033 5038 2138 5089 bu-

560 5137 697 5200 διιεῖ
741 5131 957 5184 auribus
1001 5131 1109 5183 suis
1166 5131 1398 5199 graviter
1444 5129 1731 5182 audierunt
1779 5143 1792 5179 :
1848 5139 1902 5179 ct
1951 5130 2134 5182 oculos

566 5228 1028 5289 compresserunt,
1067 5236 1129 5272 ue
1172 5220 1307 5273 forte
1359 5220 1572 5274 videant
1606 5219 1797 5276 oculis.
1835 5227 1887 5270 et
1916 5219 2134 5270 auribus

565 5314 804 5377 audiant,
838 5324 889 5366 et
931 5312 1091 5365 corde
1141 5312 1457 5379 intelligant,
1504 5320 1559 5362 et
1607 5319 1925 5361 convertant
1961 5324 2037 5370 se,
2079 5318 2134 5360 et

566 5421 748 5459 sanem
775 5421 867 5461 eos
900 5406 959 5460 ’³.
996 5423 1013 5457 ι
1063 5405 1233 5460 Moses
1263 5405 1376 5458 ait:
1415 5424 1431 5454 ι
1470 5401 1698 5470 Populus
1739 5402 1928 5455 stultus
1959 5408 2012 5453 et
2049 5402 2135 5455 itt-

565 5499 767 5566 sipietts
798 5499 895 5553 ³⁷.»
930 5495 1192 5551 Jeremias
1224 5515 1237 5548 τ
1279 5515 1298 5547 ι
1322 5496 1523 5565 POpnie
1556 5496 1738 5559 stulte,
1770 5495 1858 5562 qui
1895 5509 1998 5547 non
2030 5495 2130 5548 ha-

568 5591 663 5645 bes
696 5607 827 5649 cor:
869 5592 957 5658 qui
1015 5590 1266 5643 habentes
1304 5591 1516 5651 oculcs,
1559 5596 1612 5640 et
1658 5600 1760 5637 non
1811 5585 2044 5638 videtis:
2081 5593 2135 5638 ct

639 5752 679 5779 ιι
716 5748 938 5804 Malach.
973 5766 1008 5806 ι.
1049 5750 1133 5805 tu.
1171 5723 1251 5801 tt.
1355 5753 1394 5782 η
1425 5744 1527 5802 lsi.
1558 5765 1611 5817 ιν,
1650 5746 1826 5800 meo.

570 5817 616 5853 “
655 5818 835 5878 lsaﬂt.
871 5823 1018 5874 9-H.
1099 5822 1138 5851 ¹⁷
1178 5822 1325 5873 Dcnt.
1363 5838 1529 5878 ut",
1570 5821 1623 5873 6.

571 5890 733 5957 9,1Ο.
815 5895 856 5922 ¹’
889 5890 1022 5947 Osce
1052 5910 1144 5956 rit,
1178 5893 1237 5943 12
1279 5895 1360 5947 14.
1440 5893 1482 5922 “
1514 5891 1707 5945 Jereut.
1741 5906 1796 5953 ll,
1837 5889 1915 5941 15.

1703 5746 1826 5800 ὶοὲθ.
1927 5744 2128 5799 “ibid.
2166 5735 2258 5809 i3,
2314 5761 2422 5801 sec.
2468 5743 2626 5799 LXX.

1703 5819 1742 5848 ις
1798 5818 1966 5848 ιαπηη.
2029 5833 2055 5848 υ
2133 5819 2191 5848 οι
2309 5818 2349 5848 ta
2386 5815 2494 5848 :t.:.t
2548 5817 2615 5848 to.)

1726 5820 1742 5846 1

1787 5818 1988 5869 iterent.
2029 5833 2076 5873 ν,
2133 5819 2222 5870 2!.
2309 5818 2349 5849 ⁸³
2386 5818 2516 5870 ibitl.
2548 5818 2575 5868 ‘2

1787 5929 1796 5949 ,
1837 5889 1915 5941 15.
1994 5889 2038 5917 ’³
2068 5887 2169 5942 lsa.
2202 5904 2328 5949 xxx,
2364 5887 2575 5947 25,17.

2240 4666 2484 4734 mundam
2537 4680 2674 4720 verae
2721 4669 2909 4735 gratiae
2965 4676 3104 4720 erat.
3153 4662 3341 4734 Neque
3394 4667 3629 4720 alienmn
3675 4679 3793 4727 essr,

2238 4759 2381 4827 quod
2405 4759 2666 4823 dicimus,
2690 4759 2887 4826 isaias,
2908 4770 2963 4814 ut
2996 4768 3117 4814 ante
3147 4763 3508 4824 Ostendimus,
3535 4762 3787 4814 declarat:

2242 4869 2262 4902 ι
2296 4852 2429 4918 Quis
2457 4853 2615 4905 estin
2649 4855 2820 4917 vobis,
2854 4853 2944 4922 qui
2977 4856 3163 4908 timeat
3195 4853 3483 4907 Dominum
3510 4853 3532 4908 2
3563 4854 3790 4907 exaudiat

2236 4958 2422 4998 vet-em
2449 4945 2599 5013 pueri
2624 4945 2744 5014 ejus
2772 4947 2839 4998 ".
2879 4962 2896 4996 ι
2935 4944 3100 5014 igitur
3133 4959 3257 4997 cum
3290 4944 3383 4998 Dei
3431 4944 3676 4997 voluntas
3710 4942 3785 5001 sit,

2242 5050 2433 5092 omnes
2460 5037 2540 5090 sui
2573 5037 2690 5089 Filii
2724 5051 2909 5089 vocem
2941 5037 3149 5099 audire,
3198 5035 3389 5089 merito
3416 5036 3505 5103 qui
3546 5049 3663 5090 eum
3692 5046 3782 5086 non

2242 5128 2486 5192 audiunt,
2522 5143 2584 5182 ac
2615 5128 2906 5196 repellunt,
2938 5127 3090 5179 ibunt
3120 5126 3485 5190 ignominiosi.

2822 5263 3046 5319 CAPUT
3086 5262 3218 5318 Llil.

2553 5381 2806 5435 Vaticinia
2843 5383 2906 5433 de
2946 5379 3146 5434 Christi
3183 5377 3494 5434 .Vrrtiet'tate.

2307 5494 2535 5547 Rursum
2567 5508 2661 5561 per
2693 5493 2939 5547 eumdem
2978 5493 3051 5546 ait
3090 5492 3284 5547 Dens.¢
3323 5495 3509 5548 Audite
3548 5507 3645 5550 me,
3682 5504 3770 5557 po-

2241 5586 2398 5654 pulus
2434 5600 2581 5636 meus
2616 5600 2631 5636 :
2671 5589 2724 5638 e‘t
2769 5598 2943 5654 reges,
2994 5585 3061 5635 ad
3097 5597 3181 5636 tne
3233 5583 3451 5636 auribus
3496 5580 3772 5634 attendite:

2726 5744 2786 5775 ³³⁸
2809 5740 2936 5797 ibid.
2966 5742 3056 5798 24‘
3159 5745 3198 5776 ”
3233 5743 3360 5798 ibid.
3470 5740 3512 5774 "
3541 5738 3658 5792 il't'd.
3693 5734 3765 5789 25-

2745 5814 2790 5846 ’⁸
2816 5815 2918 5869 lsa.
2949 5831 3100 5874 xxiv,
3138 5817 3220 5879 13,
3253 5814 3337 5869 14.
3438 5814 3473 5844 ²¹
3509 5812 3614 5864 isa.’
3659 5820 3765 5861 xxx.

2654 5887 2698 5916 υ
2729 5885 2972 5951 ιεκιιηηη
3007 5887 3087 5938 tl.
3167 5889 3211 5917 “
3246 5886 3344 5939 lsa.
3374 5901 3423 5948 ιι,
3459 5885 3538 5938 iii.

2309 5818 2349 5849 ⁸³
2386 5815 2516 5870 ibid.
2548 5817 2634 5869 ‘22.
