4006 6284
316 355 427 419 889

1372 357 1768 424 DlALOGUS'
1787 364 2089 426 CONTRA
2128 365 2464 428 IUDEOS.

3477 350 3579 417 890

318 475 449 543 quia
499 473 582 531 le!
633 492 660 530 a
707 492 795 533 me
841 478 1165 549 egredietur,
1208 485 1262 534 et
1303 478 1564 550 judicium
1617 499 1793 538 anteum
1845 486 1900 541 in

2006 497 2055 542 et
2085 486 2292 541 tolleris
2322 487 2387 541 de
2411 479 2813 554 dispensatione
2838 487 2929 536 tua
2958 485 3014 535 et
3045 477 3111 533 de
3139 474 3304 548 gradu
3332 481 3424 528 tuo
3449 473 3512 527 ".
3549 491 3570 524 ι

321 566 500 623 lucem
541 570 806 640 gentium.
843 573 1254 642 Appmpinqttat
1304 575 1415 630 cito
1461 576 1671 645 justitia
1729 593 1846 631 mea
1882 596 1896 632 :

317 670 376 710 et
422 659 732 726 egredietur
761 663 901 717 sicut
925 663 1038 730 lux,
1070 665 1309 719 salutare
1341 681 1517 720 meum
1549 683 1562 721 :
1599 677 1653 721 et
1692 669 1742 721 in
1777 669 1901 723 bra-

319 752 452 805 chio
497 758 853 824 menigentes
889 761 1179 824 sperabunt
1204 759 1272 813 ’⁷.
1307 776 1325 809 ι
1367 758 1620 815 Michaeas
1651 760 1718 813 de
1760 777 1900 817 novo

323 839 558 929 imitere,
595 839 906 914 Evangelia,
936 845 1177 913 inquam,
1211 846 1435 909 Christi,
1464 847 1543 900 ait
1575 863 1590 902 ε
1621 865 1640 898 ε
1672 845 1736 901 Et
1760 850 1898 903 erit:

320 927 381 982 In
414 927 938 986 novissimo'dierum
967 934 1074 988 erit
1110 950 1263 989 mons
1288 934 1481 990 domus
1518 936 1730 990 Domini
1763 952 1903 1004 pra:-

319 1032 558 1092 paratus
589 1020 655 1079 in
711 1025 917 1082 vertice
974 1026 1276 1093 montium,
1328 1038 1384 1084 et
1435 1029 1682 1084 sublimis
1741 1046 1905 1101 super

319 1117 542 1174 colles:
575 1126 628 1173 et
679 1117 850 1174 (luent
901 1120 969 1171 ad
1015 1134 1137 1175 eum
1202 1110 1381 1190 populi
1434 1128 1488 1175 ot
1534 1123 1900 1190 properabunt

321 1217 514 1278 gentes
562 1212 766 1277 multae,
816 1221 870 1265 et
919 1209 1140 1266 dicent:
1177 1209 1383 1277 Venite,
1421 1214 1783 1269 aScendamus
1833 1213 1901 1267 ad

324 1313 566 1355 montem
610 1301 839 1368 Domini,
882 1313 936 1357 et
971 1303 1038 1356 ad
1065 1303 1285 1357 domum
1323 1301 1414 1357 Dei
1452 1302 1623 1358 Jacob
1643 1303 1705 1357 ”.
1739 1321 1761 1357 ι
1797 1303 1900 1360 Ubi

332 1414 352 1446 ι
417 1405 652 1450 montem
703 1393 916 1451 Domini
953 1413 972 1448 ι
1013 1407 1171 1450 vocat
1221 1395 1506 1466 Deiparam
1536 1410 1570 1451 ι.
1600 1415 1620 1449 ο
1679 1398 1901 1452 Domum

326 1487 425 1543 Dei
469 1487 632 1544 Jacob
669 1507 691 1542 ι
726 1496 780 1543 ct
814 1488 1032 1545 Davidis
1063 1489 1192 1544 dicit
1222 1488 1518 1546 Bethleem.
1563 1489 1618 1546 td
1669 1495 1813 1544 enim
1850 1498 1906 1545 et

327 1578 502 1634 Lucas
531 1581 860 1650 evangelista
892 1583 1053 1637 docet
1082 1581 1136 1635 in
1170 1582 1286 1638 btec
1316 1586 1482 1636 verba
1509 1600 1525 1637 :
1565 1602 1586 1635 ς
1642 1583 1902 1638 Ascendit

323 1685 510 1730 autem
563 1683 617 1732 et
657 1675 859 1747 Joseph
907 1677 1126 1733 Galiima
1159 1680 1230 1735 de
1274 1679 1497 1735 civitate
1544 1677 1814 1734 Nazarelh
1846 1680 1900 1733 in

322 1765 565 1821 Judzam
604 1767 876 1823 civitatem
927 1769 1118 1832 David,
1150 1787 1270 1841 qua!
1321 1781 1546 1826 vocatur
1579 1771 1852 1845 Bethleem
1884 1790 1898 1825 :

322 1876 394 1916 eo
421 1862 567 1932 quod
592 1875 731 1918 esset
762 1863 830 1918 de
857 1865 1021 1920 domo
1043 1873 1098 1921 et
1127 1865 1327 1919 familia
1356 1858 1545 1927 David,
1587 1854 1646 1920 ut
1678 1868 1904 1936 protltc-

321 1962 480 2010 rctur
505 1971 626 2009 cum
656 1955 821 2011 Maria
853 1957 1172 2026 desponsata
1201 1960 1303 2013 sibi
1332 1975 1497 2014 uxore
1524 1961 1612 2016 ’3‘.
1653 1979 1671 2010 ι

400 2048 508 2103 Sed
533 2049 765 2106 vaticina
795 2048 994 2120 scripta
1029 2061 1382 2109 retractemus
1411 2069 1428 2119 :_
1457 2071 1475 2105 ι
1512 2054 1902 2120 Ascendamus,

321 2137 570 2210 inquam,
596 2142 660 2194 ad
690 2141 908 2198 domum
943 2144 1037 2200 Dei
1077 2142 1269 2209 Iacob,
1319 2153 1376 2201 et
1423 2146 1639 2199 docebit
1685 2162 1786 2201 nos
1837 2148 1906 2201 de

322 2234 432 2287 viis
477 2235 604 2293 suis.
643 2243 699 2291 et
741 2235 943 2292 ibimus
998 2235 1053 2294 in
1097 2239 1304 2294 semitis
1347 2239 1498 2309 ejus;
1542 2259 1561 2289 ο
1602 2240 1701 2293 vite
1743 2244 1908 2310 atque

319 2326 532 2383 semita:
582 2342 798 2382 sacrum
849 2329 1196 2399 Evangelium
1245 2341 1348 2386 est.
1416 2350 1435 2384 ο
1475 2332 1607 2399 Quia
1659 2334 1724 2386 de
1775 2332 1904 2386 Sion

324 2423 639 2490 egredietur
670 2422 777 2483 lex,
806 2430 860 2476 et
896 2423 1116 2478 verbum
1156 2422 1367 2478 Domini
1391 2426 1456 2480 de
1476 2422 1776 2480 Jerusalem
1799 2427 1899 2480 ".s

321 2512 469 2567 Ecce
501 2514 661 2567 aliam
696 2514 862 2585 legem
897 2529 1000 2569 non
1032 2517 1102 2567 ab
1132 2514 1284 2580 Sina,
1330 2526 1388 2568 ut
1426 2515 1683 2582 Massica,
1716 2517 1808 2570 sed
1836 2516 1914 2571 ab
1945 2496 1947 2500 ⁴

327 2603 697 2676 Hierosolyma
750 2606 1097 2675 profectam;
1140 2607 1410 2675 siquidem
1468 2609 1558 2660 illa
1614 2618 1800 2675 vetus,
1851 2619 1907 2663 ct

325 2697 551 2769 Blicltma
579 2699 852 2768 antiquior
880 2717 894 2754 :
928 2699 1043 2752 brec
1069 2713 1257 2753 recens
1289 2709 1336 2750 et
1367 2695 1906 2768 Hichzeaposterior,

322 2793 395 2843 de
427 2806 533 2859 qua
584 2789 703 2856 lege
746 2806 810 2844 ac
844 2789 1157 2860 legislature
1207 2789 1381 2843 Moses
1426 2789 1626 2858 liquido
1660 2791 1858 2846 clamat
1890 2808 1905 2844 :

328 2898 350 2930 ι
395 2878 718 2946 Prophetam
764 2877 1048 2933 suscitabit
1093 2876 1187 2930 tibi
1248 2877 1504 2930 Dominus
1554 2877 1695 2932 sicut
1726 2893 1848 2944 me;
1879 2897 1912 2932 ι

321 2969 488 3022 alium
516 2985 556 3023 s.
579 2969 722 3023 ilicet
755 2968 1140 3033 legislaturem.
1177 2987 1195 3019 ‹
1236 2969 1293 3022 Et
1327 2984 1662 3040 quzeeunque
1689 2972 1905 3038 dixerit,

325 3056 504 3124 ipsum
539 3057 770 3110 audietis
802 3057 867 3109 ³ο.
906 3076 925 3108 ι
970 3057 1030 3110 Et
1056 3057 1323 3112 Jerelnias
1352 3075 1366 3113 :
1411 3078 1429 3110 ι
1476 3058 1676 3114 Omnes
1703 3075 1908 3130 cogno-

2000 580 2134 636 Nam
2160 580 2374 635 Sohnas
2399 576 2735 633 tantumdem
2777 581 2864 631 est
2891 575 2900 621 ξ
2928 586 2993 627 ac
3026 570 3073 626 si
3097 570 3254 626 dicas
3286 586 3298 622 :
3337 586 3356 620 ι
3403 565 3580 622 Foras

2005 673 2254 727 abscede.
2294 688 2312 724 ι

2080 809 2145 860 At
2173 807 2240 861 de
2276 818 2413 860 novo
2449 801 2651 859 Christi
2691 799 2897 856 findere
2938 795 3130 851 scribit
3165 809 3327 863 porro
3355 791 3521 847 Isaias
3560 806 3578 846 :

2009 918 2030 953 ι
2095 899 2161 954 Ει
2213 900 2318 953 erit
2377 897 2430 950 in
2484 897 2569 950 die
2618 895 2704 948 illa
2761 911 2777 949 :
2840 889 3062 945 Vocabo
3119 903 3340 942 servum
3402 900 3583 940 meum

2004 990 2254 1053 Eliacim,
2294 987 2459 1043 lilium
2495 985 2713 1050 Ηριρίω,
2740 992 2795 1040 et
2819 983 3037 1039 induam
3069 980 3219 1034 illum
3256 980 3437 1033 tunica
3471 988 3582 1038 tua,

2002 1093 2058 1138 et
2085 1082 2301 1150 cingulo
2331 1090 2423 1134 tuo
2449 1078 2763 1133 confortabo
2793 1091 2940 1141 eum,
2972 1083 3026 1129 ct
3076 1078 3394 1142 potestatem
3435 1079 3583 1124 tuam

2005 1174 2146 1228 dabo
2182 1173 2233 1226 in
2262 1187 2425 1226 manu
2455 1169 2571 1237 ejus
2598 1182 2616 1223 :
2639 1178 2694 1223 et
2721 1167 2824 1222 erit
2847 1168 2999 1237 quasi
3027 1175 3178 1230 pater
3214 1162 3586 1218 habitantibus

2003 1265 2322 1329 Jerusalem,
2387 1274 2441 1318 et
2491 1261 2672 1319 domui
2731 1258 2894 1314 Iuda.
2939 1259 3006 1313 Et
3060 1258 3201 1312 dabo
3249 1257 3295 1310 ei
3357 1255 3585 1325 gloriam

2007 1357 2199 1421 David,
2225 1366 2278 1413 et
2305 1354 2718 1427 principabitur,
2750 1363 2804 1407 et
2839 1366 2943 1404 non
2972 1351 3073 1403 erit
3099 1349 3190 1418 qui
3220 1344 3586 1401 contradicat.

2005 1450 2072 1506 Et
2105 1460 2336 1506 statuam
2361 1464 2484 1504 eum
2519 1447 2812 1518 principem
2840 1444 2891 1498 in
2927 1444 3054 1498 loco
3086 1441 3228 1496 lldeli
3265 1456 3278 1494 :
3319 1450 3372 1494 et
3399 1440 3502 1493 erit
3531 1438 3584 1492 in

2010 1547 2204 1603 solium
2239 1545 2423 1615 gloriae
2452 1543 2645 1596 domus
2680 1538 2852 1611 patris
2878 1536 3025 1605 ejus;
3064 1544 3118 1590 et
3155 1541 3316 1588 erunt
3344 1530 3587 1600 penden-

2007 1645 2088 1692 tes
2138 1637 2209 1692 ab
2248 1649 2315 1691 eo
2361 1635 2413 1687 in
2461 1633 2548 1689 die
2594 1629 2684 1685 illa
2711 1631 2780 1684 ⁸⁸.
2817 1645 2838 1680 s
2886 1625 3072 1696 Neque
3120 1624 3282 1679 aliter
3330 1623 3400 1678 de
3444 1636 3584 1676 nova

2006 1728 2252 1785 Ecclesia
2285 1727 2426 1782 idem
2459 1741 2488 1780 a
2527 1724 2638 1778 Deo
2681 1720 2974 1777 denuntiat
3009 1733 3025 1772 :
3065 1737 3084 1770 ι
3128 1715 3374 1771 Dilatabo
3407 1715 3586 1768 locum

1934 1836 1974 1889 Β
2005 1821 2218 1877 tentorii
2247 1819 2344 1883 tui,
2378 1825 2431 1872 et
2459 1815 2610 1887 palos
2634 1824 2754 1869 tuos
2786 1809 3158 1874 consolidabo,
3185 1807 3250 1861 ad
3309 1807 3586 1861 dexteram

2007 1923 2061 1967 et
2099 1913 2166 1968 ad
2197 1912 2477 1966 sinistram
2511 1907 2803 1962 extendam
2849 1913 2902 1959 et
2951 1915 3136 1958 semen
3167 1910 3320 1955 tuum
3352 1895 3585 1952 hancdi—

2007 2007 2140 2062 tabit
2169 2014 2357 2075 gentes
2381 2003 2450 2058 ”.
2486 2019 2510 2054 ι

2076 2143 2143 2198 Et
2171 2141 2238 2197 de
2272 2156 2404 2198 nova
2435 2137 2829 2208 Hierosolyma:
2859 2134 3230 2197 illluminare,
3251 2129 3582 2192 illuminare,

2003 2231 2341 2298 Jerusalem;
2377 2230 2504 2300 quia
2551 2230 2699 2284 venit
2751 2227 2930 2279 lumen
2968 2234 3155 2288 tuum,
3189 2233 3244 2277 et
3277 2220 3443 2291 gloria
3483 2217 3588 2270 Do-

1975 2348 1980 2352 ’
2008 2328 2136 2383 mini
2161 2340 2322 2397 super
2351 2331 2406 2380 te
2433 2333 2550 2378 orta
2584 2330 2685 2376 est.
2721 2318 2854 2386 Quia
2893 2330 3023 2372 ecce
3055 2316 3294 2370 tenebrat
3338 2311 3586 2381 operient

2007 2428 2234 2484 terram,
2264 2428 2318 2473 et
2347 2416 2524 2487 caligo
2549 2415 2817 2493 populos:
2854 2425 3019 2483 super
3059 2420 3112 2464 te
3151 2421 3330 2462 autem
3381 2408 3589 2461 orietur

2009 2512 2286 2576 Dominus,
2324 2520 2378 2564 et
2413 2509 2580 2579 gloria
2621 2507 2740 2577 ejus
2769 2506 2824 2561 in
2871 2516 2923 2560 te
2965 2501 3262 2557 videbitur;
3296 2498 3364 2553 Et
3390 2497 3585 2553 ambu-

2006 2605 2195 2660 lalmnt
2223 2612 2410 2674 gentes
2437 2604 2494 2657 in
2519 2602 2724 2656 lumine
2748 2611 2859 2664 tuo,
2892 2607 2945 2654 ct
2995 2610 3151 2663 reges
3196 2594 3250 2647 in
3298 2592 3588 2663 splendore

2007 2706 2162 2754 ortus
2216 2695 2312 2749 tui.
2349 2692 2492 2748 Leva
2545 2694 2597 2747 in
2649 2692 2880 2747 circuitu
2923 2687 3112 2744 oculos
3168 2693 3312 2746 tuos,
3360 2692 3416 2739 et
3464 2683 3587 2737 vide

2004 2799 2360 2862 congregatos
2389 2788 2527 2843 lllios
2558 2796 2712 2849 tuos;
2746 2793 3010 2838 venerunt
3053 2793 3246 2835 omnes
3277 2778 3371 2832 lilii
3408 2778 3485 2831 tui
3518 2776 3586 2830 de

2004 2883 2182 2953 longe.
2211 2890 2266 2936 et
2295 2879 2418 2934 tilia:
2450 2888 2553 2933 tuae
2585 2890 2750 2946 super
2782 2877 3038 2931 humeros
3063 2872 3427 2942 portabuntur
3451 2867 3520 2921 δ’.
3557 2886 3577 2918 ι

2009 2977 2074 3032 Et
2109 2975 2275 3029 David
2305 2974 2372 3029 de
2395 2971 2597 3027 Christi
2629 2967 2866 3024 Ecclesia
2902 2981 2920 3026 :
2963 2984 2982 3018 ι
3022 2965 3184 3031 Audi,
3210 2964 3341 3030 ﬁlia,
3371 2961 3587 3016 ct'vide

2009 3080 2062 3125 et
2112 3067 2310 3122 inclina
2364 3079 2555 3119 aurem
2604 3072 2750 3115 tuam
2786 3077 2801 3117 :
2843 3068 2898 3114 et
2947 3057 3276 3114 obliviscere
3329 3052 3586 3124 populum

326 3160 483 3201 seem
530 3162 614 3200 me
646 3165 671 3200 a
709 3149 936 3202 minimo
979 3163 1166 3202 eorum
1219 3166 1389 3218 u~que
1440 3151 1507 3204 ad
1556 3153 1848 3207 maximum
1886 3172 1901 3209 :

2009 3172 2179 3224 tuum,
2210 3175 2231 3212 ι
2269 3157 2320 3213 id
2339 3166 2444 3219 est.
2480 3153 2676 3225 impios
2708 3151 2942 3224 majores
2965 3161 3105 3214 tuos,
3131 3167 3150 3200 ι
3173 3156 3226 3202 et
3251 3148 3468 3202 domum
3493 3160 3586 3216 pa-

324 3238 448 3291 idco
479 3255 584 3291 non
610 3240 823 3292 decebit
849 3240 988 3293 ultra
1026 3241 1112 3293 vir
1144 3241 1446 3309 proximum
1476 3259 1656 3306 suum,
1679 3242 1865 3298 dicens
1886 3263 1905 3301 :

322 3333 602 3399 Cognosce
630 3332 917 3386 Dominmn
939 3333 1008 3387 δ’.
1034 3352 1054 3385 ι
1079 3331 1176 3388 Cui
1205 3334 1374 3388 Isaias
1405 3336 1570 3400 probe
1600 3348 1861 3391 consonat
1888 3355 1904 3393 :

333 3443 354 3475 s
394 3424 563 3479 Erunt
593 3440 786 3480 omnes
811 3426 1067 3482 docibiles
1097 3428 1193 3484 Dei
1227 3428 1291 3482 ³².
1335 3448 1354 3482 ν
1386 3428 1449 3482 Ει
1488 3429 1656 3484 David
1691 3448 1706 3484 :
1743 3449 1762 3482 ο
1798 3432 1908 3484 Ho-

327 3518 418 3572 die
440 3520 482 3572 si
518 3534 702 3572 voccm
738 3517 855 3587 ejus
899 3519 1205 3584 audieritis,
1237 3520 1708 3576 noliteobdurare
1740 3523 1904 3578 corda

326 3618 502 3669 vestra
549 3627 564 3664 :
618 3610 757 3664 sicut
822 3611 874 3663 iu
930 3613 1346 3668 exacerbationo
1405 3615 1702 3669 secundum
1765 3617 1904 3672 diem

324 3703 642 3757 tentationis
690 3705 744 3782 in
791 3705 1044 3768 deserto;
1077 3687 1166 3758 ubi
1214 3715 1561 3762 tentaverunt
1600 3723 1688 3764 me
1727 3719 1906 3777 patres

323 3794 494 3847 vestri
524 3793 591 3848 ³⁸.
651 3811 671 3847 ι
732 3795 796 3848 Et
848 3795 1044 3850 iterum
1075 3808 1095 3851 ι
1128 3813 1148 3847 ι
1213 3796 1384 3863 Quam
1432 3797 1612 3852 dulcia
1661 3797 1906 3856 faucibus

326 3885 465 3939 meis
498 3885 712 3956 eloquia
759 3895 876 3952 tua,
904 3902 1068 3957 super
1110 3888 1212 3941 mel
1246 3891 1326 3942 ori
1379 3905 1496 3943 meo
1525 3890 1590 3943 “.
1632 3909 1650 3942 ι
1691 3890 1752 3945 Et
1793 3891 1901 3946 alio

327 3977 446 4033 loco
475 3996 489 4030 :
528 3997 548 4031 ι
595 3979 818 4048 Eloqula
852 3980 1083 4044 Domini,
1134 3980 1345 4050 eloquia
1379 3993 1533 4036 casta
1568 4002 1580 4038 :
1617 3995 1903 4054 argentum

328 4072 450 4142 igne
500 4073 920 4138 exautiuatum,
989 4074 1272 4144 probatum
1345 4083 1544 4137 terrae,
1622 4088 1904 4146 purgatum

328 4166 635 4236 septuplum
665 4166 734 4233 ⁸⁸,
774 4186 793 4219 ι
831 4169 1016 4233 idest,
1053 4168 1336 4235 ejusmodi,
1362 4183 1485 4238 quae
1528 4169 1776 4225 Mosaicae
1805 4173 1904 4240 legi

329 4258 662 4328 praecellant,
703 4260 1159 4326 quemadmodum
1203 4259 1382 4316 Moses
1420 4262 1648 4329 ipsemet
1686 4277 1750 4315 ex
1812 4264 1902 4317 Dei

328 4363 557 4417 persona
615 4352 937 4404 eontlrmat:
977 4367 994 4402 ς
1024 4348 1127 4416 Qui
1179 4360 1358 4403 autem
1391 4351 1554 4404 verba
1600 4351 1739 4420 ejus,
1788 4369 1906 4420 qme

330 4446 584 4515 loquetur
613 4443 663 4497 in
698 4443 915 4497 nomine
946 4458 1087 4508 meo,
1127 4443 1313 4497 audire
1339 4444 1606 4511 noluerit;
1639 4460 1739 4515 ego
1762 4446 1907 4500 ultor

325 4537 587 4592 exsistam
622 4536 688 4591 ³⁸.
729 4555 748 4589 ι
785 4534 845 4589 Et
880 4551 977 4604 per
1009 4534 1200 4590 Isaiam
1241 4535 1419 4592 Deus:
1461 4555 1479 4587 ι
1523 4536 1688 4600 Vade,
1724 4539 1900 4609 ingre-
1935 4522 1980 4578 θ

328 4633 458 4685 dere
481 4631 546 4684 ad
583 4631 837 4700 cum,qui
873 4630 1080 4685 habitat
1105 4632 1155 4683 in
1187 4630 1635 4694 tabernaculo,ad
1665 4633 1901 4687 Sobnam

326 4724 674 4793 praepositum
711 4723 910 4792 templi.
948 4733 999 4777 et
1032 4721 1182 4777 dices
1207 4723 1273 4775 ad
1306 4739 1430 4777 eum
1463 4741 1476 4778 :
1515 4723 1654 4790 Quid
1695 4725 1786 4779 tibi
1819 4736 1902 4781 est

327 4815 463 4870 hic?
499 4815 621 4882 quia
654 4813 902 4868 excidisti
935 4814 1031 4868 tibi
1067 4815 1154 4869 hic
1182 4819 1512 4884 sepulcrum,
1562 4815 1808 4870 excidisti
1848 4816 1899 4869 in

325 4904 541 4959 excelso
583 4904 894 4958 memoriale
929 4905 1237 4971 diligenter,
1273 4905 1326 4959 in
1373 4917 1523 4974 petra
1577 4906 1899 4961 tabernacu-

326 4999 436 5050 lum
473 4995 607 5050 tibi?
650 4996 786 5051 Ecce
820 4996 1077 5052 Dominus
1139 4997 1377 5052 Sabamh
1441 4998 1615 5066 ejiciet
1645 5010 1696 5052 et
1724 5009 1909 5053 conte-

329 5105 412 5146 ret
469 5094 680 5155 virum;
720 5101 775 5144 et
831 5090 1040 5144 auferet
1096 5089 1288 5144 Stolam
1344 5103 1513 5160 tuam,
1567 5103 1622 5146 et
1681 5093 1903 5147 iul'ulam

329 5194 500 5247 tuam,
535 5195 588 5238 et
619 5197 874 5236 coronam
921 5191 1062 5235 tuam
1103 5181 1393 5250 gloriosam
1428 5200 1444 5237 :
1483 5193 1537 5237 et
1576 5185 1824 5255 projiciet
1853 5195 1904 5241 te

328 5278 382 5330 in
435 5276 704 5345 regimtem
763 5286 1006 5342 magnam
1075 5281 1128 5324 et
1173 5272 1529 5340 immensam;
1565 5284 1620 5328 et
1669 5277 1738 5328 ibi
1794 5292 1908 5330 mo-

331 5369 528 5423 rieris:
573 5377 627 5419 et
656 5364 904 5434 projiciet
927 5378 1145 5417 currum
1183 5371 1331 5416 tuum
1363 5365 1627 5432 optimum
1664 5367 1714 5420 in
1750 5369 1901 5435 igno-

330 5460 573 5524 miniam,
605 5449 900 5513 etdodium
925 5454 1184 5526 principis
1207 5455 1281 5507 tui
1306 5457 1356 5508 in
1387 5458 1846 5513 COttculcatiunent
1885 5479 1897 5514 :

402 5647 449 5679 "
484 5646 588 5700 lsa.
616 5659 688 5707 LI,
718 5644 770 5697 4.
849 5645 894 5676 ³³
926 5641 1085 5696 Μὶνιι.
1112 5657 1182 5700 Iv.
1219 5639 1266 5692 l.
1323 5640 1390 5672 ³⁸·
1423 5638 1549 5692 Luc.
1587 5655 1643 5701 tl,
1677 5642 1727 5702 4,
1763 5642 1815 5693 5.
1861 5643 1904 5673 ²⁹

410 5719 484 5742 ιι.
541 5731 628 5742 ....
680 5717 776 5742 ιτ.
815 5715 935 5742 1,-..
989 5729 1038 5742 ,η
1092 5711 1154 5742 ne
1251 5710 1296 5741 ss
1326 5707 1443 5742 Dgn'
1511 5724 1626 5742 ευρ...
1697 5710 1726 5742 Ω
1785 5712 1817 5742 ιι

2006 5643 2103 5694 ιρι».
2134 5656 2202 5700 ιν,
2227 5639 2282 5691 2.

2006 5713 2108 5742 )ml
2162 5728 2281 5742 ρνινι

1942 5717 1958 5742 ἱ
1993 5713 2108 5743 ΟιιιΙ
2161 5725 2326 5743 rvunt
2389 5707 2489 5743 (υἷι

1153 5740 1174 5764 ι.
1251 5710 1296 5741 ⁸³
1326 5707 1469 5764 Psal.
1511 5724 1650 5768 XCIV.
1695 5710 1746 5772 8,
1785 5712 1840 5765 9.
1916 5712 1958 5742 ³⁸
1991 5713 2132 5764 Psal.
2161 5725 2347 5770 cwm,
2389 5707 2515 5758 405.

1153 5782 1196 5813 ³⁸
1227 5775 1356 5834 ibid.
1386 5781 1571 5834 20-‘2t.
1616 5782 1661 5811 "
1697 5779 1796 5833 lstt.
1834 5797 1942 5842 LIV,
1969 5782 2022 5835 ε.
2105 5783 2150 5812 ⁸⁸
2189 5786 2289 5833 σςπ.
2329 5794 2417 5839 LX,
2448 5777 2498 5837 ι,

740 5856 782 5888 ⁸³
811 5856 967 5912 Joan.
997 5846 1190 5914 nuli.
1266 5853 1309 5883 “
1350 5852 1451 5905 Isara
1496 5866 1681 5912 smn,
1718 5853 1818 5914 l6;
1862 5851 1878 5905 Ι
1916 5853 2055 5908 lctr.
2093 5868 2148 5916 η,
2181 5853 2240 5904 6.

332 5719 378 5752 ³⁸
410 5719 510 5771 lsa.
541 5731 652 5780 Ltv,
680 5715 960 5782 l5;Joan.
989 5729 1065 5773 Vt,
1089 5711 1174 5764 ιδ.
1232 5710 1296 5782 ξ’
1326 5707 1469 5782 Psal.
1500 5724 1650 5782 χειν.
1695 5710 1746 5782 8,
1785 5712 1840 5765 9.

354 5791 436 5843 l9.
515 5789 558 5819 ³⁷
587 5787 687 5839 Ιςςι.
718 5799 850 5847 nu,
886 5785 1065 5840 1516.

279 5879 286 5885 ί
334 5876 501 5914 csvu
523 5859 580 5924 ί,
601 5856 658 5912 2.

2011 3250 2108 3304 tris
2140 3249 2238 3312 tui,
2275 3265 2296 3299 ι
2349 3247 2407 3301 id
2454 3255 2558 3310 est,
2609 3243 2826 3298 nidorcs
2877 3250 2932 3296 et
2983 3239 3171 3295 altaria
3212 3238 3583 3293 obliviscere:

2010 3357 2134 3396 nam
2182 3341 2226 3395 si
2277 3339 2392 3395 haec
2443 3337 2634 3393 feceris
2664 3375 2682 3401 ,
2732 3354 2750 3387 α
2785 3334 3142 3400 Concupiscet
3189 3345 3282 3384 rex
3334 3329 3585 3384 decorem

2009 3440 2162 3486 tuum
2195 3448 2209 3485 :
2251 3431 2505 3500 quoniam
2538 3428 2655 3498 ipse
2686 3435 2771 3481 est
2798 3426 3058 3482 Dominus
3097 3423 3238 3478 Deus
3274 3431 3432 3490 tuus;
3469 3437 3489 3473 ι
3532 3430 3586 3475 et

2009 3520 2261 3577 adorabis
2329 3534 2478 3576 eum.
2539 3517 2717 3586 Atque
2771 3525 2832 3570 ttt
2891 3513 3210 3585 explicatius
3277 3510 3587 3566 ostenderet

2006 3613 2154 3684 loqui
2191 3629 2251 3667 se
2273 3611 2340 3666 de
2367 3610 2606 3683 gentium
2626 3608 2888 3672 Ecclesia,
2920 3607 3070 3661 addit
3098 3620 3114 3661 :
3156 3623 3176 3656 ι
3208 3603 3275 3658 Et
3303 3602 3425 3658 illia:
3455 3600 3585 3673 Tyri

2008 3707 2061 3760 in
2094 3706 2409 3762 muneribus
2434 3706 2478 3736 δι
2504 3720 2522 3774 ;
2550 3721 2570 3756 ι
2605 3701 2779 3774 Tyrus
2803 3701 2998 3770 quippe
3027 3700 3266 3766 gentium
3300 3697 3456 3753 sedes
3482 3705 3587 3751 est.

2007 3800 2152 3856 Idem
2187 3811 2400 3852 rursum
2434 3814 2448 3851 :
2488 3813 2506 3847 t
2534 3794 2773 3849 Laudate
2794 3793 3103 3858 Dominum,
3132 3806 3323 3844 omnes
3360 3795 3582 3859 gentes:

2009 3892 2224 3946 laudate
2254 3905 2402 3954 eum,
2435 3903 2627 3945 oumes
2653 3887 2863 3958 populi,
2898 3903 2918 3939 ι
2955 3886 3006 3940 id
3050 3893 3156 3950 est,
3179 3882 3338 3938 simul
3371 3894 3584 3945 omnes,

2005 3983 2200 4050 Judaei,
2232 3981 2476 4050 Graecus,
2529 3982 2623 4036 sed
2655 3995 2846 4035 omnes
2891 3978 3110 4033 omnino
3142 3985 3329 4047 gentes
3362 3991 3378 4031 :
3419 3974 3589 4040 siqui-

2007 4077 2129 4130 dem
2165 4089 2269 4129 non
2307 4074 2417 4142 jam
2467 4089 2627 4144 porro
2673 4069 3016 4128 circumcisio
3097 4077 3191 4122 aut
3242 4066 3582 4137 praeputium,

2009 4184 2113 4224 non
2142 4168 2375 4224 servitus
2403 4176 2496 4222 aut
2525 4167 2749 4223 libertas
2778 4173 2880 4220 est.
2914 4182 2933 4216 ι
2969 4161 3232 4229 Quoniam
3267 4159 3586 4215 conﬁrmata

2008 4274 2093 4322 est
2142 4278 2308 4332 super
2368 4277 2467 4317 nos
2515 4260 2887 4316 misericordia
2946 4257 3099 4326 ejus;
3145 4273 3164 4306 ι
3220 4269 3344 4308 nam
3403 4252 3585 4308 omnia

2005 4359 2230 4426 Christi,
2260 4366 2313 4412 et
2362 4358 2416 4410 in
2465 4356 2713 4410 omnibus
2761 4353 3052 4422 Christus;
3084 4371 3102 4405 r
3136 4362 3190 4406 et
3235 4347 3436 4402 veritas
3484 4344 3588 4398 Do-

2012 4453 2144 4507 mini
2183 4457 2364 4506 manet
2394 4449 2446 4504 in
2484 4458 2748 4503 aaternum
2766 4445 2854 4501 “z
2889 4464 2906 4496 ι
2961 4447 3052 4500 Dei
3111 4444 3390 4497 veritatem
3429 4437 3588 4490 Chri—

2009 4553 2149 4601 stum
2185 4541 2437 4613 appellat,
2467 4555 2562 4594 ceu
2613 4537 2780 4593 Deum
2807 4553 2993 4593 verum
3022 4553 3052 4592 e
3083 4536 3193 4591 Deo
3223 4549 3369 4598 vero,
3397 4545 3590 4600 quem-

2009 4637 2298 4693 admodum
2342 4633 2590 4690 Christus
2639 4631 2753 4702 ipse
2809 4629 2878 4686 de
2927 4645 2986 4686 se
3031 4630 3355 4684 conllrmat:
3393 4644 3411 4677 ι
3481 4623 3589 4694 Ego

2008 4747 2125 4787 sum
2174 4730 2284 4791 via,
2335 4727 2539 4783 veritas
2577 4737 2634 4780 et
2674 4726 2786 4780 vita
2814 4722 2917 4788 ⁸⁸.»
2947 4723 3011 4778 de
3052 4737 3227 4792 eoque
3273 4732 3486 4774 rursum
3523 4715 3588 4768 ad

2009 4839 2206 4880 novam
2240 4823 2368 4878 Sion
2411 4823 2487 4876 ait
2528 4819 2735 4875 Isaias:
2772 4834 2792 4870 ι
2834 4815 2972 4871 Ecce
2998 4830 3098 4886 ego
3124 4817 3332 4867 mittam
3363 4811 3415 4865 in
3469 4808 3595 4861 fun-

2009 4914 2277 4970 damcntis
2307 4911 2438 4968 Sion
2473 4911 2701 4981 lapidem
2743 4909 3050 4981 probatum,
3091 4908 3399 4976 angularem
3429 4940 3443 4964 ,
3469 4913 3592 4968 pre-

2012 5006 2248 5060 tiosum:
2291 5015 2343 5058 et
2397 5006 2485 5074 qui
2540 5002 2832 5059 crediderit
2883 5002 2936 5055 in
2982 5015 3101 5074 eum
3151 5012 3253 5050 non
3291 4989 3584 5047 confunde-

2011 5106 2097 5150 tur
2119 5096 2166 5127 “
2201 5115 2218 5147 ι
2260 5097 2311 5149 in
2343 5106 2626 5150 teternum.
2654 5092 2801 5146 idem
2832 5091 2896 5144 ad
2927 5065 3173 5143 eamdem
3214 5104 3227 5140 :
3267 5103 3284 5136 ι
3319 5083 3456 5137 Ecce
3490 5095 3589 5149 ego

2011 5187 2253 5254 przepar'o
2285 5186 2378 5237 tibi
2406 5183 2800 5238 carbunculum
2847 5180 3082 5248 lapidem
3119 5187 3289 5238 tuum,
3317 5184 3368 5228 et
3405 5173 3591 5224 funda-

2012 5289 2194 5331 menta
2252 5287 2340 5330 tua
2377 5276 2686 5346 sapphirum
2719 5293 2732 5327 :
2763 5283 2816 5326 et
2839 5287 3030 5340 ponam
3071 5266 3468 5337 propugnacula
3500 5275 3588 5316 tua

2005 5369 2183 5439 jaspiu
2240 5384 2253 5420 :
2292 5375 2342 5419 et
2377 5377 2560 5434 portas
2595 5374 2711 5418 tuas
2747 5361 2950 5430 lapides
2979 5358 3250 5430 chrystalli
3290 5376 3301 5410 :
3339 5365 3389 5410 et
3420 5355 3590 5406 ambi-

2020 5473 2128 5513 tum
2173 5475 2380 5512 murum
2428 5468 2578 5512 tuum
2623 5455 2825 5524 lapides
2875 5453 3098 5513 electos,
3137 5460 3188 5502 et
3227 5461 3414 5501 omnes
3452 5445 3589 5498 titius

2365 5635 2408 5667 '°
2443 5637 2594 5689 Deut.
2649 5651 2799 5694 xvm,
2847 5635 2926 5687 l3.
3010 5634 3051 5664 “
3082 5630 3283 5685 Jerem.
3325 5644 3472 5692 “tu,
3528 5631 3580 5683 4.

2640 5706 2684 5735 ³⁵
2715 5707 2859 5759 Pam.
2895 5721 2982 5765 xl,
3007 5703 3072 5755 Ἰ.
3171 5702 3213 5731 ³⁴
3248 5704 3397 5755 Dcut.
3435 5717 3584 5759 xvm,

2105 5783 2150 5812 “
2189 5786 2289 5833 tea.
2329 5794 2417 5839 ις,
2448 5777 2498 5837 ι,
2539 5773 2594 5825 9..
2675 5775 2716 5804 δ’
2752 5775 2892 5828 l'sal.
2925 5790 3068 5835 sur,
3105 5771 3281 5833 ll,l3.
3360 5771 3405 5800 “
3437 5771 3582 5824 Psal.
