4006 6284
421 306 522 376 891

1582 320 2016 384 ANDRONICI
2037 315 2355 384 COMNEN
2360 319 2390 381 Ι
2458 346 2463 353 ·

3628 305 3747 373 892

425 436 548 480 tuos
577 426 867 497 diseipulos
896 428 988 486 Dei
1023 447 1037 486 ε
1075 440 1128 487 et
1158 432 1212 487 in
1247 431 1411 487 multa
1447 448 1578 504 pace
1608 437 1699 491 lilii
1730 438 1828 505 tui,
1858 451 1910 493 et
1937 441 2066 500 iuuit
2097 436 2325 492 ﬁliorum
2364 434 2533 492 lsra’el
2570 432 2625 491 in
2666 448 2869 493 escam.
2900 433 2967 491 Et
3006 443 3067 489 ut
3106 432 3233 505 quid
3275 426 3617 500 respexisti
3680 428 3739 481 iu

410 519 625 587 iustitia
655 523 1026 590 tediticaberis,
1058 529 1249 581 recede
1275 526 1342 581 ab
1373 526 1555 596 iniquo
1587 530 1651 584 ⁸⁸.
1699 550 1717 583 ι

500 634 707 691 Videtis
732 645 788 692 ut
810 639 1045 707 gentium
1075 642 1374 697 Ecclesiam
1413 645 1675 713 propheta
1703 646 2003 716 signiﬁcet?

420 742 548 781 nam
585 742 706 783 cum
740 728 1163 803 Hierosolymam
1193 746 1396 799 monet,
1424 738 1691 793 abstineat
1720 755 1747 792 a
1780 741 2004 796 sceleri-

434 819 554 885 bus,
588 818 895 877 Juda'orum
943 826 1281 882 calamitates
1319 837 1373 883 et
1412 830 1855 897 internetioncm,
1886 850 2003 901 qua:

432 924 527 965 eos
557 911 831 974 manebat.
865 929 893 967 a
925 916 1216 973 sceleribus
1249 934 1353 973 non
1388 921 1746 987 abstinentes,
1780 924 1952 979 innuit
1988 943 2003 980 :

433 1020 453 1051 ι
492 1001 555 1056 Ει
583 1010 761 1057 terror
789 1020 894 1060 non
926 1009 1379 1079 appropinquabit
1407 1015 1500 1067 tibi
1522 1014 1588 1078 ",
1623 1032 1641 1064 ›
1680 1016 1730 1068 id
1764 1025 1866 1079 est,
1891 1032 2006 1073 sce-

430 1093 634 1149 leribus
677 1095 956 1154 abstinens
997 1115 1193 1169 expers
1238 1104 1463 1159 terroris
1504 1106 1754 1177 agitabis.
1798 1126 1816 1160 t
1868 1107 2006 1165 Ecce

432 1188 688 1259 proseiyti
723 1191 983 1247 accedent
1016 1194 1083 1247 ad
1121 1203 1172 1249 te
1207 1209 1302 1263 per
1336 1213 1449 1262 me;
1495 1217 1515 1250 ι
1556 1214 1653 1269 per
1688 1214 1794 1267 me,
1831 1201 2005 1272 inquit

432 1278 510 1332 Ch
526 1282 922 1352 ristus,geutes
956 1295 1007 1339 et
1039 1285 1268 1344 diversis
1306 1288 1501 1359 linguis
1538 1292 1817 1355 loquentes
1852 1296 1917 1349 ad
1955 1306 2006 1351 te

431 1374 835 1431 commeabunt.
874 1396 894 1429 ‹
934 1377 996 1432 Ει
1028 1379 1205 1435 coloni
1240 1394 1401 1437 erunt
1433 1385 1528 1450 tui,
1562 1396 1615 1441 et
1641 1386 1707 1441 ad
1737 1394 1789 1443 te
1818 1389 2007 1444 confu-

431 1465 659 1532 gient".
689 1486 710 1522 ι
743 1466 875 1523 Nam
909 1472 959 1525 in
981 1472 1558 1547 «Dominicosupplicio
1586 1489 1795 1549 cunctae
1820 1495 2005 1553 gentes

433 1556 859 1630 Hierosolymam
906 1562 1183 1631 profectae,
1217 1581 1279 1620 ac
1321 1562 2000 1644 comprecatm,‘hodieque

434 1660 802 1707 revertuntur.
833 1650 940 1708 Sed
970 1653 1075 1709 erit
1105 1655 1194 1711 hic
1221 1658 1361 1727 lapis
1387 1659 1634 1728 gentibus
1662 1662 1728 1716 ad
1763 1678 2008 1720 resurre-

433 1740 691 1807 ctionem,
724 1740 923 1800 Judais
959 1748 1027 1802 ad
1068 1750 1277 1804 ruinam
1329 1770 1342 1806 :
1388 1753 1587 1809 etenim
1627 1770 1693 1834 ex
1736 1761 2009 1830 propheta:

442 1840 621 1883 mente
652 1845 791 1898 unus
825 1833 1071 1908 idemque
1107 1838 1242 1910 lapis
1273 1844 1377 1896 erit
1406 1842 1739 1913 oﬂ'ensionis,
1772 1857 1823 1903 et
1856 1860 2006 1918 petra

434 1923 669 1976 soandali
689 1923 754 1979 ⁸⁸.
1152 1956 1155 1957 ν

509 2032 649 2102 Quid
703 2038 869 2110 igitur
911 2044 1092 2101 dicent
1138 2052 1454 2119 aerumnosi,
1489 2069 1611 2109 cum
1664 2057 1925 2116 illustrem
1977 2076 2011 2118 e

436 2128 591 2184 caelis
635 2131 1014 2194 adventantem
1056 2137 1330 2198 Christum
1371 2146 1650 2217 videbunt,
1680 2152 2009 2225 audientque

437 2221 491 2275 in
540 2237 748 2279 summa
799 2230 1081 2300 majestate
1129 2234 1378 2294 atl‘antem
1432 2241 1582 2309 illos,
1619 2246 1708 2315 qui
1759 2263 1819 2304 se
1864 2251 2009 2305 velut

440 2327 726 2385 augusmm
780 2331 831 2376 et
882 2325 1192 2396 angularem
1244 2330 1471 2401 lapidem
1521 2347 1646 2392 sunt
1689 2341 2011 2408 amplexati?

444 2422 466 2459 ι
498 2405 705 2476 Venite,
758 2410 1027 2473 benedicti
1080 2418 1253 2478 Patris
1299 2426 1728 2497 mei,'possidete
1764 2405 2005 2503 paratum

437 2501 587 2556 vobis
615 2518 835 2575 regnum
854 2507 920 2562 δ’.
948 2526 968 2560 ι
1010 2511 1260 2570 Sinistris
1284 2532 1434 2584 vero,
1460 2520 1551 2589 qui
1583 2523 1633 2576 in
1663 2501 1852 2578 saxum
1880 2527 2007 2582 illud

438 2598 778 2669 impegerunt
807 2611 861 2659 et
893 2603 1257 2675 offenderunt,
1287 2611 1589 2671 dicentem?
1624 2637 1643 2670 ι
1686 2618 1951 2676 Discedite
1981 2639 2009 2675 a

438 2704 525 2743 me
566 2692 836 2750 maledicti
886 2698 937 2752 in
983 2699 1161 2770 ignem
1210 2713 1494 2774 aeternum,
1530 2710 1619 2778 qui
1663 2720 1888 2780 paratus
1929 2724 2013 2769 est

439 2780 654 2837 diabolo
701 2794 755 2841 et
798 2790 1005 2859 angelis
1054 2784 1169 2862 ejus
1192 2794 1260 2851 “.
1314 2815 1333 2849 ι
1389 2796 1673 2865 Quomodo
1725 2814 1835 2859 tum
1886 2806 2012 2862 iacti

443 2876 769 2942 ptenitentes
810 2898 919 2952 prae
960 2887 1122 2941 animi
1168 2891 1412 2961 angustia
1454 2902 1692 2965 gpment,
1730 2905 1782 2950 et
1816 2898 2010 2952 iterum

438 2976 602 3036 atque
633 2969 827 3026 iterum
862 2986 1107 3045 repetent
1139 2998 1155 3034 :
1201 2998 1221 3033 ι
1260 2978 1363 3037 Hic
1395 2991 1497 3054 est,
1529 3000 1690 3056 quem
1728 2986 2013 3058 aliquando

379 3107 383 3110 .
440 3057 725 3119 habuimus
747 3065 798 3119 in
824 3067 1081 3134 derisum,
1098 3081 1151 3127 et
1175 3073 1227 3129 in
1252 3062 1652 3133 similitudinem
1677 3057 2009 3151 improperii.

2112 530 2390 584 incensum
2422 543 2623 592 meum,
2652 536 2707 581 et
2733 529 2785 582 in
2818 526 3144 583 sacriﬁcimn
3177 540 3362 580 meum
3403 517 3745 605 impudenti

2110 620 2299 676 oculo?
2326 616 2387 675 Et
2410 620 2722 690 gloriﬁcain
2749 620 2889 675 tilios
2915 632 3035 676 tuus
3058 634 3218 685 super
3240 633 3350 682 me,
3378 613 3748 671 benedicere

2114 715 2177 766 de
2220 711 2515 780 primordio
2556 712 2736 766 omnis
2781 712 3035 767 sacriﬁcii
3079 708 3247 766 Israel
3291 710 3348 763 in
3406 714 3744 775 conspectu

2116 805 2267 857 meo?
2298 802 2526 875 Propter
2555 806 2656 860 hoc
2690 804 2805 860 haec
2841 805 2970 860 dicit
3003 805 3260 859 Dominus
3291 801 3461 857 Deus
3500 798 3689 855 lsrael
3728 816 3743 852 :

2116 894 2254 953 Dixi.
2292 896 2484 950 domus
2531 904 2641 960 tua,
2676 907 2729 951 et
2777 898 2970 953 domus
3018 894 3197 950 Patris
3248 897 3323 949 tul
3388 889 3748 967 transibunt

2111 1002 2291 1041 coram
2336 1001 2421 1042 me
2473 1001 2645 1056 usque
2692 988 2743 1041 in
2792 987 3199 1058 sempiternum.
3233 985 3301 1040 Et
3350 997 3530 1038 nunc
3586 979 3749 1035 dicit

2117 1079 2372 1133 Dominus
2417 1096 2433 1133 :
2471 1077 2821 1150 Nequaquam
2863 1096 2880 1134 :
2923 1080 3177 1148 quoniam
3220 1087 3453 1134 tantum
3506 1070 3746 1145 gloriﬁ—

2113 1181 2297 1227 cantes
2342 1187 2429 1229 me
2469 1173 2804 1242 gloriﬁcabo,
2842 1182 2897 1229 et
2941 1172 3033 1242 qui
3082 1171 3289 1242 spernit
3332 1185 3461 1234 me,
3513 1168 3749 1223 honore

2114 1245 2434 1334 privahilur.
2458 1264 2597 1323 Ecce
2622 1268 2737 1322 dies
2764 1269 3007 1330 veniunt,
3029 1275 3083 1323 et
3103 1265 3510 1322 exlertninabo
3538 1277 3749 1318 semen

2115 1368 2286 1427 tuum,
2318 1370 2371 1416 et
2413 1376 2598 1417 semen
2641 1362 2835 1419 domus
2877 1361 3050 1432 patris
3088 1358 3191 1426 tui,
3227 1369 3281 1416 et
3316 1373 3440 1415 non
3481 1358 3605 1412 erit
3644 1356 3749 1410 tibi

2112 1466 2275 1507 senex
2304 1454 2357 1507 in
2388 1456 2548 1510 domo
2576 1469 2695 1510 mea
2724 1455 2976 1511 omnibus
3021 1453 3230 1510 diebus.
3255 1451 3320 1507 Et
3345 1451 3521 1521 viros
3550 1460 3753 1505 exter-

2114 1545 2331 1601 minabo
2365 1547 2434 1603 ab
2463 1547 2620 1603 altari
2657 1563 2799 1614 meo,
2831 1557 2893 1603 ut
2926 1546 3187 1603 deﬁciant
3220 1544 3363 1601 oculi
3408 1559 3656 1609 eorum,
3690 1552 3751 1597 et

2113 1637 2311 1692 deﬂuat
2355 1639 2535 1695 anima
2587 1655 2796 1695 eorum.
2835 1638 2898 1695 Et
2940 1640 3118 1695 omnis
3165 1638 3259 1712 qui
3314 1636 3628 1707 supererit
3674 1648 3751 1690 ex

2116 1730 2276 1786 domo
2310 1741 2422 1799 tua,
2449 1731 2645 1789 cadent
2679 1734 2729 1788 in
2764 1733 3035 1803 romphma
3071 1732 3330 1787 virorum.
3359 1729 3442 1784 Et
3480 1728 3599 1783 hoc
3639 1726 3746 1783 tibi

2044 1816 2084 1872 Β
2113 1822 2351 1895 signum,
2377 1826 2519 1897 quod
2560 1827 2738 1883 veniet
2780 1842 2944 1898 super
2987 1828 3120 1882 duos
3161 1825 3300 1881 ﬁlios
3341 1836 3510 1890 tuos,
3546 1822 3745 1896 Opimi

2111 1927 2164 1973 et
2196 1919 2427 1974 Pbinees
2454 1938 2469 1975 :
2502 1935 2607 1975 una
2636 1920 2722 1977 die
2751 1921 3053 1987 morientur
3076 1919 3240 1976 ambo
3259 1921 3329 1975 ”.
3367 1939 3390 1971 ι

2187 2035 2311 2095 Jun.
2346 2038 2461 2093 Non
2498 2038 2550 2093 in
2586 2039 2832 2108 quemvis
2869 2036 3151 2097 Israelitici
3189 2037 3412 2106 generis
3451 2037 3740 2093 sacerdo-

2110 2141 2242 2197 tem,
2271 2134 2363 2187 sed
2396 2133 2447 2187 in
2484 2132 2603 2186 lleli
2634 2133 2831 2199 solum,
2859 2132 2964 2187 hoc
2994 2130 3230 2187 edictum
3259 2131 3507 2201 expetit.

2183 2225 2404 2279 Cuntsr.
2460 2222 2680 2276 Minime
2728 2225 2991 2291 gentium.
3039 2220 3176 2277 Male
3225 2237 3419 2279 sacras
3479 2221 3742 2301 Litteras

2110 2318 2432 2389 intelligitis.
2458 2315 2593 2371 Nam
2625 2317 2669 2372 si
2705 2317 2756 2372 in
2791 2318 2907 2373 lleli
2941 2318 3112 2373 solum
3141 2318 3481 2387 expetebat;
3514 2317 3736 2373 dictum

2111 2412 2346 2480 oportuit
2379 2426 2393 2465 :
2432 2429 2451 2464 t
2488 2409 2875 2466 Exterminabo
2902 2426 3087 2467 semen
3119 2425 3290 2467 tuum.
3328 2431 3346 2465 ν
3386 2411 3568 2467 Nunc
3599 2426 3738 2466 vero

2112 2506 2304 2560 addit:
2346 2524 2363 2556 ι
2400 2505 2677 2560 Ει-ςθιιιεη
2712 2504 2906 2560 domus
2937 2506 3107 2574 patris
3138 2506 3211 2562 tui
3249 2523 3263 2560 :
3299 2528 3315 2560 ι
3351 2503 3731 2575 Levi-procul

2114 2598 2278 2653 dubio
2314 2608 2506 2653 notans
2550 2608 2757 2668 patrem
2800 2599 2991 2655 domus
3033 2599 3169 2655 lleli.
3204 2597 3330 2654 ideo
3372 2600 3737 2670 praedixerat

2114 2690 2197 2741 vir
2226 2690 2315 2743 Dei
2347 2706 2364 2747 ε
2406 2708 2426 2742 ς
2461 2690 2607 2762 Elegi
2642 2682 2859 2747 domum
2896 2695 3065 2762 patris
3102 2693 3179 2746 tui
3213 2707 3277 2747 ex
3314 2694 3595 2747 omnibus
3634 2691 3733 2744 tri-

2115 2780 2286 2835 bubus
2325 2783 2489 2836 lsrael
2531 2783 2663 2837 mihi
2710 2785 2761 2837 in
2802 2784 3164 2840 sacerdotem.
3197 2802 3216 2836 ι
3253 2784 3442 2850 Quare
3481 2799 3590 2852 pro
3628 2784 3730 2838 de-

2116 2874 2256 2929 lectu
2289 2874 2490 2929 editum
2524 2892 2737 2946 quoque
2769 2885 2853 2932 est
2885 2878 3162 2946 edictum;
3198 2878 3477 2949 siquidem
3512 2880 3678 2936 addit
3713 2899 3727 2935 :

2122 2986 2141 3019 ι
2196 2967 2819 3025 Εκπωηιιίητιίιοθυιηωι
2869 2970 3061 3025 domus
3107 2971 3309 3041 patris,
3339 2980 3395 3026 et
3444 2987 3564 3027 non
3615 2973 3731 3027 eris

2116 3062 2374 3132 propheta
2413 3063 2465 3116 in
2502 3062 2662 3117 domo
2697 3077 2815 3117 mea
2849 3062 3099 3119 omnibus
3122 3063 3328 3121 diebus.
3378 3084 3395 3118 δ
3439 3065 3567 3133 Qua
3592 3080 3725 3120 sen~

443 3151 550 3211 Nos
584 3154 834 3213 insensati
869 3168 1005 3217 vtam
1039 3164 1179 3220 illius
1206 3168 1612 3228 aestimabam“
1642 3172 1929 3242 insaniam,
1959 3185 2011 3231 οι
2041 3168 2088 3229 ο
2125 3155 2286 3209 tentia
2318 3155 2683 3210 omnimodam
2714 3155 3055 3210 sacerdotum
3087 3156 3510 3228 abrogationem
3545 3156 3724 3227 signi-

439 3244 597 3301 tinem
618 3249 756 3307 illius
770 3253 887 3309 sine
904 3253 1123 3312 houore.
1142 3258 1279 3314 Ecce
1296 3263 1561 3329 quomodo
1575 3276 1914 3334 computatus
1932 3278 2016 3323 est

441 3338 581 3394 inter
605 3341 739 3402 ﬁlios
767 3343 885 3413 Dei.
905 3357 960 3403 et
987 3347 1129 3406 inter
1160 3364 1376 3409 sanctos
1408 3369 1528 3410 sors
1560 3356 1700 3411 illius
1729 3360 1844 3413 est?
1881 3362 2017 3431 Ergo

442 3432 745 3490 erravimus
792 3454 819 3492 a
874 3439 959 3495 via
1006 3443 1286 3510 veritatis,
1319 3457 1372 3500 et
1412 3446 1641 3517 iustitia:
1686 3450 1866 3507 lumen
1913 3469 2017 3510 non

443 3519 579 3576 luxit
613 3525 786 3582 nobis.
816 3530 1025 3586 Lassali
1050 3547 1235 3589 smnus
1268 3535 1319 3589 in
1351 3536 1433 3589 via
1469 3536 1767 3609 iniquitatis
1806 3550 1861 3598 et
1887 3560 2014 3614 per-

441 3611 661 3670 ditionis
694 3636 709 3675 :
742 3619 879 3675 viam
914 3632 1093 3678 autem
1125 3623 1333 3681 Domini
1369 3627 1735 3698 ignoravimus
1752 3633 1818 3688 ⁸¹.
1853 3611 2018 3691 {Sed

447 3718 555 3761 tum
581 3709 661 3763 eis
685 3712 895 3768 inutilis
920 3718 1024 3771 erit
1047 3717 1226 3774 ﬁctus.
1251 3717 1384 3775 Nam
1411 3736 1613 3792 sponso
1639 3724 1691 3780 in
1725 3727 2017 3783 thalamum

448 3799 717 3870 ingresso,
738 3806 1099 3877 omnibusque
1128 3810 1373 3867 convivis
1401 3827 1524 3868 cum
1550 3828 1617 3870 eo
1643 3817 2019 3886 gaudentibus,

446 3891 669 3947 thalami
705 3894 847 3952 t‘ores
880 3896 1079 3954 clausa:
1111 3910 1272 3956 erunt
1304 3917 1490 3972 porro,
1524 3913 1581 3960 ut
1610 3905 1741 3961 olim
1784 3910 2018 3976 paradisi

448 3983 693 4042 ﬂanimeo
729 4003 860 4045 ense
900 3991 1272 4051 custodita".
1306 3995 1387 4050 Ah
1424 3999 1637 4067 quoties
1673 4001 1860 4057 miseri
1897 4017 2017 4057 cum

448 4078 703 4151 lamymis
749 4082 1115 4140 inclamabunt
1158 4103 1173 4141 :
1222 4105 1242 4141 ε
1293 4088 1547 4158 Domine,
1580 4090 1834 4161 Domine,
1872 4096 2019 4166 aperi

448 4171 632 4237 nobis;
669 4190 687 4223 ›
725 4174 991 4243 siquidem
1025 4184 1080 4233 ct
1106 4192 1233 4234 caro
1263 4194 1323 4237 es
1353 4180 1418 4237 de
1447 4197 1612 4239 carne
1642 4196 1852 4252 nostra,
1878 4196 1930 4244 et
1959 4203 2023 4244 os

453 4263 521 4319 de
547 4265 762 4322 ossibus
794 4270 1016 4336 nestris,
1040 4271 1130 4340 qui
1158 4275 1376 4342 quidem
1407 4289 1470 4330 ex
1503 4276 1797 4346 majoribus
1826 4281 2022 4336 nostris

444 4368 599 4413 ortus
632 4357 831 4415 fueras.
865 4359 970 4417 Sed
1003 4378 1096 4419 eos
1132 4365 1268 4426 Rex.
1303 4367 1550 4437 idemque
1585 4369 1726 4423 Deus
1769 4370 2015 4441 alloque-

450 4456 578 4503 tur:
614 4466 633 4500 ο
670 4450 837 4505 Amen
869 4454 990 4508 dico
1016 4455 1190 4519 vobis,
1215 4456 1399 4512 nescio
1426 4472 1519 4513 vos
1540 4459 1606 4515 ⁸³.
1646 4479 1663 4511 ι
1692 4491 1755 4503 --
1788 4481 1807 4513 ε
1841 4461 2024 4519 Disce—

449 4539 557 4595 dite
596 4555 626 4595 a
668 4558 751 4597 me
799 4545 890 4614 qui
932 4548 1232 4615 operamini
1284 4549 1618 4619 iniquitatem
1640 4553 1707 4611 ⁸⁸.
1744 4574 1764 4607 ι
1809 4554 2019 4612 Etenim
2056 4530 2098 4584 θ

450 4645 545 4683 vos
580 4642 705 4688 ante
741 4645 971 4691 tesmtus
1000 4654 1117 4693 sum
1156 4657 1171 4694 :
1215 4658 1233 4695 ι
1274 4641 1373 4707 Qui
1411 4647 1685 4714 negaverit
1718 4663 1803 4702 me
1836 4663 2019 4704 coram

455 4724 782 4793 nominibus,
818 4730 1028 4800 negabo
1067 4742 1123 4789 et
1155 4749 1257 4805 ego
1295 4751 1418 4790 eum
1458 4750 1643 4792 coram
1682 4738 1843 4795 Patre
1878 4756 2020 4807 meo,

448 4817 538 4884 qui
572 4817 623 4872 in
652 4822 805 4878 ctelis
835 4824 998 4880 est".
1037 4845 1057 4879 ι
1092 4825 1271 4897 Atque
1296 4830 1411 4885 haec
1436 4832 1654 4900 quidem
1686 4834 1767 4887 sic
1797 4833 2021 4891 habent.

517 4908 781 4967 Caeterum
816 4913 1123 4985 Regnorum
1154 4922 1361 4993 primus
1390 4925 1462 4979 ait
1497 4942 1512 4981 :
1556 4944 1574 4978 ‹
1611 4924 1768 4982 Venit
1798 4927 1882 4983 vir
1917 4927 2010 4984 Dei

453 5003 519 5056 ad
552 5003 669 5059 lleli
703 5011 1062 5078 sacerdotem,
1092 5024 1147 5069 et
1180 5015 1256 5069 ait
1285 5018 1353 5072 ad
1387 5032 1508 5072 eum
1548 5039 1559 5074 :
1598 5018 1719 5073 Παῖς
1753 5019 1883 5076 dicit
1912 5020 2019 5073 Do-

457 5095 636 5152 minus
677 5099 995 5171 :Numquid
1028 5121 1130 5161 non
1164 5117 1350 5177 aperte
1385 5112 1649 5167 revelatus
1683 5128 1800 5166 sum
1835 5113 2018 5166 domui

455 5197 625 5263 patris
653 5198 768 5252 tui?
793 5208 846 5253 et
875 5199 1009 5271 elegi
1042 5217 1161 5255 eum
1186 5217 1252 5257 ex
1283 5204 1535 5259 omnibus
1569 5204 1815 5259 tribubus
1850 5204 2017 5260 lsrael

458 5287 589 5341 mihi
625 5289 677 5342 in
711 5292 1066 5357 sacerdotem,
1093 5301 1151 5347 ut
1176 5295 1496 5350 ascenderet
1524 5295 1589 5348 ad
1620 5295 1792 5349 altare
1825 5310 2025 5365 meum,

456 5389 512 5449 et
537 5379 776 5437 adoleret
812 5384 937 5437 mihi
968 5385 1272 5448 incensum,
1296 5396 1351 5440 et
1376 5395 1615 5456 portaret
1641 5388 1814 5454 ephod
1845 5402 2026 5441 coram

458 5472 584 5527 me?
612 5470 675 5527 Et
702 5473 820 5529 dedi
854 5475 1033 5530 domui
1062 5476 1232 5547 patris
1262 5475 1335 5531 ιιιὶ
1366 5476 1569 5542 Omnia,
1594 5491 1713 5546 quae
1743 5486 1866 5530 sunt
1892 5476 2029 5547 ignis

530 5657 576 5693 “
599 5659 702 5715 lsa.
730 5677 837 5727 Ltv,
872 5660 1052 5717 lt-t3.

461 5731 556 5786 41.
628 5734 670 5763 ⁸·
705 5739 739 5787 5

466 5817 530 5869 tt,
554 5802 739 5862 27-54.

818 5806 863 5838 ⁵⁷
888 5805 1029 5864 Psal.
1055 5822 1221 5872 van.
1251 5807 1341 5863 i7.
1416 5808 1463 5840 "
1490 5805 1631 5863 Psal.
1660 5821 1874 5871 cxxxvt,
1903 5805 1964 5873 4;
1998 5824 2014 5863 ί

2133 5804 2186 5861 6.
2264 5806 2309 5838 ⁵³
2338 5803 2535 5861 Jcrem.
2574 5820 2652 5867 ιιι,
2687 5803 2765 5861 t5.

2123 3249 2279 3316 ﬁcat;
2310 3265 2539 3321 eamque
2568 3251 2922 3321 prarsentiens
2947 3260 2998 3305 et
3026 3249 3191 3306 David
3223 3252 3340 3308 ait:
3375 3270 3394 3305 ι
3432 3253 3499 3309 1η
3532 3252 3719 3307 Eccle-

2118 3340 2216 3395 siis
2261 3340 2567 3396 benedicite
2608 3340 2715 3396 Deo
2760 3339 2987 3396 Domino
3007 3341 3075 3397 ⁸⁷.
3121 3360 3140 3395 ι
3186 3341 3323 3397 Nam
3364 3343 3418 3397 in
3470 3343 3719 3398 Mosaica

2120 3432 2236 3500 lege
2276 3445 2383 3485 non
2431 3432 2687 3488 sacerdos
2726 3442 2847 3489 erat
2886 3444 3040 3489 extra
3082 3434 3340 3503 templum
3382 3432 3717 3504 Hierosoly-

2121 3523 2246 3588 mis,
2269 3538 2377 3577 non
2408 3524 2676 3593 pontifex,
2703 3540 2810 3579 non
2841 3525 3162 3593 immolatio,
3191 3540 3299 3582 non
3331 3524 3579 3591 sumtus,
3607 3540 3714 3580 non

2120 3610 2499 3679 libamentum,
2529 3614 2660 3685 quin
2694 3624 2749 3670 et
2777 3610 3049 3687 Babylone
3076 3616 3407 3684 exsulantes,
3440 3618 3499 3673 in
3533 3616 3713 3672 aliena

2128 3714 2270 3760 terra
2313 3703 2424 3759 Deo
2455 3706 2703 3762 carmina
2733 3707 2931 3765 offerre
2959 3710 3213 3778 religioni
3248 3700 3619 3769 habebant".
3646 3712 3711 3767 At

2120 3811 2264 3852 nunc
2306 3798 2374 3853 ab
2417 3808 2537 3853 ortu
2582 3808 2637 3855 et
2678 3815 2899 3866 occasu,
2937 3803 3007 3857 ab
3049 3802 3302 3874 aquilone
3346 3812 3517 3876 atque
3569 3803 3710 3859 mari

2118 3900 2305 3945 coacta
2356 3899 2408 3945 et
2454 3893 2799 3947 constabilita
2853 3904 2938 3950 est
2980 3893 3249 3950 Ecclesia.
3299 3894 3519 3966 Ubique
3559 3896 3706 3952 enim

2122 3982 2353 4051 templa,
2387 3984 2734 4053 patriarchae,
2768 3987 3081 4057 pontiﬁces,
3113 3990 3423 4045 sacerdotes
3461 4004 3531 4045 ac
3604 3986 3706 4041 Le-

2122 4075 2249 4128 vita:
2281 4075 2592 4143 frequentes
2621 4094 2637 4131 :
2667 4076 2720 4130 in
2748 4078 3001 4133 onmibus
3030 4093 3133 4148 qua
3165 4078 3322 4142 vicis,
3346 4093 3453 4149 qua
3484 4076 3704 4133 urbibus

2120 4165 2339 4221 assidue
2372 4167 2710 4221 incruentam
2743 4167 2976 4223 hostiam
3009 4169 3286 4245 immolari
3317 4185 3537 4233 cernas,
3568 4178 3697 4224 tato-

2120 4273 2224 4326 que
2267 4258 2398 4313 orbe
2443 4268 2707 4314 terrarum
2748 4259 2840 4315 Dei
2878 4275 3073 4316 tuomcn
3108 4260 3316 4317 laudari
3349 4271 3519 4330 atquc
3552 4259 3699 4317 cele-

2122 4351 2215 4405 bra
2227 4350 2292 4404 ri.

2714 4466 2941 4526 CAPUT
2981 4467 3111 4524 LIV.

2126 4582 2426 4654 Prophetiu:
2471 4583 2534 4639 de
2592 4582 2797 4654 abjecta
2852 4584 2998 4668 plebe
3051 4584 3316 4652 Iudaica,
3366 4597 3415 4641 et
3470 4585 3697 4656 gentium

2765 4668 3056 4711 νοεαιιοηε.

2199 4746 2406 4817 Quippe
2452 4746 2528 4800 ait
2568 4762 2667 4818 per
2706 4745 3002 4803 Jeremiam
3043 4748 3188 4804 Deus
3230 4765 3247 4806 :
3295 4768 3316 4802 ε
3367 4749 3515 4806 Dabo
3553 4745 3691 4801 vobis

2128 4846 2379 4908 pastores
2401 4836 2551 4907 juxta
2584 4851 2681 4893 cor
2707 4854 2906 4905 meum,
2934 4850 2987 4895 et
3016 4849 3236 4907 pascent
3266 4854 3363 4896 vos
3395 4840 3620 4897 scientia
3645 4846 3690 4889 et

2128 4927 2376 4982 doctrina
2399 4927 2465 4983 ”.
2504 4945 2525 4980 ι
2559 4924 2625 4981 Et
2654 4943 2751 4997 per
2780 4928 3008 4985 Isaiam:
3041 4949 3059 4982 ι
3089 4930 3238 4985 Dabo
3273 4931 3542 4999 principes
3578 4936 3688 4984 tuos

2128 5021 2180 5077 in
2214 5036 2367 5091 pace,
2393 5030 2447 5078 et
2481 5024 2769 5093 episcopos
2805 5034 2925 5077 tuos
2955 5022 3008 5077 in
3038 5023 3247 5093 justitia
3265 5024 3336 5079 “.
3375 5041 3394 5076 ι
3434 5023 3681 5078 Rursum-

2125 5126 2231 5181 que
2258 5112 2323 5166 de
2350 5113 2700 5168 credentibus
2728 5110 2931 5167 Iudaeis
2959 5127 2973 5166 :
3000 5129 3031 5165 ί
3069 5110 3217 5168 Vivet
3251 5111 3303 5167 in
3336 5114 3489 5168 bonis
3518 5111 3685 5166 anima

2129 5207 2330 5262 vestra,
2358 5210 2411 5253 et
2440 5200 2771 5256 constituam
2804 5200 2957 5255 vobis
2992 5209 3373 5256 testamentum
3406 5212 3680 5256 aeternum.

2127 5300 2316 5346 sancta
2356 5290 2526 5345 David
2565 5292 2739 5349 ﬁdelia
2758 5293 2827 5349 “.
2869 5309 2889 5344 ι
2935 5292 3077 5348 Idem
3112 5292 3307 5348 lterum
3347 5310 3362 5348 :
3404 5312 3425 5345 ι
3463 5291 3678 5360 Quaerite

2130 5383 2448 5447 Dominum;
2494 5396 2548 5440 et
2592 5386 2646 5439 in
2699 5385 3017 5441 inveniendo
3067 5387 3314 5441 invocate
3362 5401 3525 5455 euut;
3569 5382 3678 5452 quia

2138 5477 2362 5531 inultum
2407 5477 2635 5532 dimittet
2678 5487 2899 5547 peccata
2936 5484 3136 5533 vestra.
3166 5477 3350 5547 Neque
3389 5478 3532 5532 enim
3567 5480 3675 5531 sunt

1155 5663 1201 5695 “
1226 5664 1353 5718 ibid.
1390 5664 1469 5717 Η.
1548 5664 1591 5696 ⁵⁷
1620 5664 1749 5717 ibid.
1784 5664 1865 5719 l5.
1944 5663 1989 5695 ⁸⁸

2144 5678 2263 5726 vin,
2298 5663 2390 5727 ti;
2438 5663 2589 5716 Rom.
2622 5677 2676 5722 ς,
2702 5661 2792 5717 ⁸55.
2867 5661 2909 5694 ⁵⁸
2944 5660 3128 5716 Matth.
3162 5675 3290 5726 xxv,
3322 5659 3411 5715 54.
3488 5657 3534 5727 δῖ
3557 5650 3671 5727 ibid-

628 5734 670 5763 “
705 5739 828 5801 Sap.
858 5750 910 5797 v,
938 5736 1051 5789 3-7.
1127 5737 1171 5768 ⁸³
1202 5734 1337 5790 Gen.
1370 5751 1451 5795 Ill,
1481 5734 1570 5788 24.
1645 5736 1693 5767 ³³
1725 5735 1890 5789 Matth
1942 5749 2067 5796 xxv,
2097 5730 2298 5799 11,”.

2376 5724 2421 5764 ῆι
2448 5732 2635 5786 uniti.
2665 5749 2759 5793 vn,
2786 5733 2873 5786 25.
2951 5733 2994 5765 ⁸⁵
3027 5731 3157 5786 an.
3191 5724 3288 5794 xu,
3316 5731 3370 5787 9.
3447 5730 3492 5779 ⁸⁸
3518 5724 3671 5794 ΙΠεὲο

2845 5804 2887 5834 εδ
2915 5802 3017 5859 lsa.
3044 5818 3131 5871 ιι,
3163 5803 3249 5858 t7.
3279 5789 3287 5794 ⁷
3324 5802 3365 5833 ⁶¹
3400 5802 3502 5859 lsa.
3528 5789 3669 5863 LV,€-
3710 5792 3717 5801 ’
