4060 6290
409 374 518 441 893

1445 389 1836 454 DIALOGUS
1865 391 2177 459 CONTRA
2210 390 2541 456 JUDIEOS.

3578 373 3687 451 εει

412 495 776 567 cogitationes
807 512 968 568 meae,
998 499 1143 559 sicut
1172 480 1529 574 cogitationes
1558 515 1785 574 vestrae;
1821 522 1998 578 neque
2027 512 2074 571 Α
2102 524 2167 567 eo
2221 509 2511 582 portabitis
2563 505 2831 580 primitias
2888 490 2950 563 et
2998 502 3271 563 sacriﬁcia
3322 509 3507 561 vestra
3526 503 3596 573 τι,
3655 512 3680 550 ι

410 590 525 645 vim
559 599 779 656 vestrm,
820 592 922 650 vias
968 607 1136 662 meas,
1182 595 1311 652 dicit
1362 596 1645 657 Dominus.
1698 597 1804 654 Sed
1858 600 2001 655 sicut

372 762 375 763 ν
419 685 586 740 distat
634 684 832 743 etclam
884 702 916 744 a
963 696 1141 758 terra,
1177 689 1259 746 sic
1306 690 1475 747 distat
1516 691 1602 747 via
1654 708 1771 748 mea
1822 706 1851 746 a
1901 693 2004 747 viis

426 778 649 847 vestris,
677 786 733 835 et
762 779 1119 853 cogitationes
1150 797 1283 840 mem
1315 798 1345 839 a
1374 783 1630 841 cordibus
1657 786 1852 841 vestris
1868 785 1934 840 “.
1975 803 1996 837 ι

424 869 493 923 Et
522 886 733 927 rursum
768 888 784 927 :
818 890 842 924 ι
878 871 1005 929 Hac
1036 873 1168 929 dicit
1191 875 1458 933 Dominus
1496 894 1512 933 :
1548 876 1829 933 Custodite
1858 879 2003 947 judi-

420 963 590 1029 cium,
617 973 674 1020 et
707 964 868 1022 facite
892 964 1188 1037 justitiam,
1219 970 1344 1039 quia
1376 971 1528 1042 juxta
1564 981 1646 1027 est
1679 971 1824 1027 salus
1856 986 2001 1026 mea.

419 1053 629 1111 Domus
686 1070 808 1113 mea
868 1058 1063 1116 domus
1121 1062 1387 1117 orationis
1448 1063 1731 1118 vocabitur
1790 1063 2002 1121 cunctis

415 1147 708 1220 populis".
743 1168 763 1205 ι

493 1263 570 1320 De
598 1264 737 1338 legis
760 1280 894 1324 vero
926 1265 1282 1341 abrogatione
1309 1270 1501 1325 Oscam
1532 1271 1853 1343 prophetam
1884 1286 2003 1327 mo-

416 1357 538 1413 nuit
570 1357 735 1427 Deus,
766 1358 820 1416 in
854 1361 996 1417 hanc
1024 1361 1349 1417 sententiam
1387 1380 1402 1418 :
1450 1381 1470 1416 ι
1513 1362 1683 1429 Vade,
1712 1380 1867 1421 sume
1901 1364 2001 1423 tibi

420 1467 644 1508 uxorem
686 1452 1141 1524 fornicationum;
1190 1465 1244 1512 et
1292 1456 1379 1514 l'ac
1423 1457 1518 1514 tibi
1569 1458 1708 1515 ﬁlios
1754 1458 2000 1515 fornica-

420 1542 655 1610 tionum,
684 1544 811 1615 quia
843 1546 1127 1605 fornicans
1158 1548 1518 1605 fornicahitur
1549 1550 1904 1625 (SynagOga).
1935 1551 2003 1608 Et

420 1636 573 1702 abiit,
598 1646 653 1693 et
683 1640 892 1709 accepit
921 1638 1125 1698 Gomer
1156 1642 1323 1698 tiliam
1356 1642 1628 1699 Debelaim
1667 1662 1684 1703 :
1719 1655 1773 1700 et
1798 1660 2002 1703 conce-

424 1732 521 1801 pit,
550 1742 603 1788 et
635 1735 844 1804 peperit
869 1737 916 1791 ei
946 1736 1115 1793 lilium
1145 1756 1163 1795 :
1192 1748 1248 1795 et
1272 1739 1411 1795 dixit
1441 1739 1704 1796 Dominus
1724 1730 1799 1794 'ad
1828 1739 1952 1796 eum
1987 1761 2001 1797 :

428 1826 574 1882 Voca
604 1843 805 1927 nomen
838 1829 956 1900 ejus
985 1827 1232 1927 Jezraltel
1271 1853 1287 1889 :
1326 1832 1581 1927 quoniam
1616 1829 2003 1927 adhuc‘modl-
2034 1865 2084 1927 Β

423 1932 571 1985 cum,
602 1930 657 1975 et
694 1918 929 1975 ulciscar
972 1922 1293 1994 sanguinem
1335 1918 1547 1977 Jezrael
1586 1936 1750 1993 super
1788 1921 2008 1977 domum

423 2010 560 2065 Juda
602 2030 618 2069 :
654 2022 708 2069 et
740 2014 846 2069 erit
880 2014 936 2071 in
973 2014 1060 2071 die
1097 2016 1215 2084 illa,
1237 2016 1521 2087 quiescere
1555 2014 1747 2071 faciam
1785 2030 2010 2087 regnum

431 2103 630 2162 domus
663 2105 833 2161 lsrael
877 2124 895 2163 :
935 2117 991 2163 et
1027 2116 1309 2164 conteram
1351 2122 1536 2164 arcum
1578 2105 1745 2166 lsrael
1786 2108 1840 2163 in
1875 2107 2014 2163 valle

425 2194 726 2255 Jezracl“.
782 2217 803 2252 ι
856 2197 1071 2257 Jezrael
1119 2210 1298 2257 autem
1353 2201 1499 2258 ultor
1549 2200 1812 2260 redditur.
1869 2219 1889 2253 ι
1942 2201 2011 2256 Et

426 2293 685 2363 concepit
719 2293 915 2362 adhuc,
942 2303 996 2350 et
1030 2294 1243 2366 peperit
1268 2295 1456 2361 liliam,
1484 2302 1540 2351 et
1567 2295 1705 2350 dixit
1731 2294 1779 2351 ei
1819 2311 1832 2350 :
1864 2292 2010 2350 Voca

426 2400 622 2442 nomen
652 2386 771 2456 ejus
817 2389 1037 2454 Absque
1096 2388 1467 2444 misericordia
1492 2406 1508 2445 :
1532 2388 1655 2459 quia
1687 2404 1788 2443 non
1820 2390 2010 2445 addam

429 2477 571 2531 ultra
600 2476 850 2535 misereri
879 2478 1062 2535 domui
1091 2478 1279 2547 Israel,
1307 2481 1400 2536 sed
1432 2481 1728 2537 adversans
1755 2483 2013 2538 adversa-

434 2570 535 2625 bor
563 2570 637 2627 ei.
667 2571 737 2627 Et
766 2572 1062 2629 ablactavit
1087 2589 1230 2643 eam,
1258 2590 1378 2646 quae
1405 2584 1520 2631 erat
1549 2574 1768 2646 Absque
1801 2576 2013 2631 miseri-

432 2662 652 2729 cordia;
687 2672 740 2719 et
769 2664 1017 2735 concepit
1043 2665 1221 2721 adhuc
1253 2676 1304 2721 et
1331 2666 1536 2738 peperit
1563 2666 1754 2723 lilium.
1785 2668 1851 2723 Et
1878 2669 2014 2723 dixit

428 2754 571 2810 Deus
604 2774 617 2811 :
650 2755 796 2812 Voca
856 2772 1052 2814 nomen
1102 2759 1222 2829 ejus
1275 2759 1389 2814 Non
1422 2760 1650 2831 populus
1678 2776 1856 2829 meus;
1887 2762 2012 2832 quia

428 2862 526 2904 vos
576 2864 684 2903 non
736 2849 965 2920 pepulus
1015 2865 1190 2919 meus,
1226 2862 1281 2906 et
1327 2868 1426 2924 ego
1474 2869 1579 2909 non
1633 2870 1730 2911 ero
1771 2856 2012 2911 vester"

430 2940 640 3011 (Deus).
675 2959 694 2994 ι
745 2940 896 2997 idem
941 2944 1008 2998 de
1047 2942 1329 3016 Synagoga
1368 2963 1382 3001 :
1426 2963 1446 2998 ι
1486 2943 1733 3004 Judicatc
1782 2958 2011 3005 matrem

428 3045 694 3099 vestram,
718 3032 961 3104 judicate
992 3051 1006 3090 :
1040 3037 1296 3106 quoniam
1331 3038 1449 3108 ipsa
1483 3050 1589 3096 non
1621 3057 1757 3097 uxor
1788 3058 1931 3113 mea,
1959 3056 2014 3101 et

432 3141 533 3197 ego
577 3142 683 3182 non
717 3127 801 3182 vir
833 3127 951 3197 ejus
974 3129 1041 3185 “.
1081 3146 1104 3182 ι
1142 3130 1369 3201 Aliaque
1411 3147 1519 3187 non
1562 3148 1730 3204 pauca
1774 3137 1877 3194 sub
1916 3136 2011 3195 Dei

2107 603 2417 662 Salomonis
2459 600 2716 674 templum
2759 611 2983 671 prorsus
3024 598 3282 656 innuens.
3312 598 3381 655 At
3416 597 3509 654 ubi
3540 583 3686 656 nunc

2104 694 2267 751 hodie
2325 694 2583 767 templum
2637 693 2807 750 illud?
2857 692 2950 750 ubi
3005 690 3329 763 pontillCes?
3374 691 3688 749 sacerdotes

2106 789 2240 843 ubi?
2273 788 2365 845 ubi
2399 788 2492 857 qui
2527 787 2840 843 sacerdotes
2881 792 3085 858 ungant
3113 785 3559 855 et’inaugurent?
3594 783 3687 840 ubi

2104 898 2271 941 cornu
2313 881 2457 939 olei?
2489 881 2620 949 Quae
2650 879 2736 936 lex
2773 877 3011 934 Moesica
3049 876 3310 948 profanos
3344 877 3595 948 permisit
3629 876 3687 931 in

2103 976 2419 1032 sacerdotes
2475 972 2824 1040 consecrari,
2873 970 3151 1042 illegitime
3211 981 3364 1027 extra
3428 970 3688 1041 templum

2109 1069 2668 1140 Hierosolymitanum
2693 1067 2746 1123 in
2772 1066 3151 1123 communibus
3174 1065 3379 1121 aedibus
3401 1063 3692 1120 collectos?

2104 1160 2331 1218 Habetis
2370 1176 2497 1217 ecce
2537 1158 2763 1233 proiecti
2808 1159 3102 1216 sacerdotii
3143 1165 3483 1229 argumenta.
3515 1156 3695 1223 Quare

2105 1253 2154 1310 si
2205 1254 2459 1310 sacerdos
2506 1267 2610 1307 non
2662 1263 2781 1318 est,
2814 1263 3005 1306 omnes
3050 1249 3214 1321 igitur
3256 1246 3433 1303 Judaei
3478 1247 3694 1303 adulte-

2104 1355 2316 1412 rantur,
2354 1355 2515 1415 atque
2556 1359 2624 1400 ex
2668 1342 2937 1398 adulterio
2984 1348 3305 1407 nascuntur,
3338 1354 3467 1410 ergo
3510 1338 3689 1408 spurii

2103 1451 2323 1503 omnes,
2360 1448 2416 1494 at
2460 1436 2679 1508 spurius
2726 1451 2793 1491 ex
2834 1435 2954 1506 lege
2994 1434 3162 1490 lliosis
3208 1434 3275 1488 ad
3322 1432 3692 1489 sacerdotium

2106 1545 2211 1586 non
2259 1530 2567 1586 asciscitur.
2603 1530 2667 1585 Et
2697 1529 2900 1600 alioqui
2934 1529 3191 1585 sacerdos
3224 1527 3383 1599 plane
3417 1526 3621 1582 dicitur
3653 1542 3685 1581 a

2105 1624 2277 1681 sacris
2322 1622 2613 1689 faciundis,
2649 1622 2703 1679 id
2750 1631 2854 1690 est,
2888 1619 3217 1677 mactandis.
3253 1620 3350 1677 Sin
3401 1620 3577 1676 hostia
3627 1628 3686 1673 et

2106 1732 2261 1775 sacra
2302 1732 2409 1773 non
2450 1715 2589 1783 sint,
2621 1731 2723 1773 nec
2761 1715 3017 1771 sacerdos
3054 1713 3273 1785 quidem
3314 1721 3419 1775 est,
3465 1711 3572 1768 nisi
3606 1709 3697 1781 qui

2108 1812 2245 1869 falso
2284 1812 2542 1869 sacerdos
2577 1811 2684 1866 diei
2720 1809 2980 1882 postulet.
3010 1807 3198 1878 Itaque
3229 1806 3274 1864 si
3310 1804 3476 1874 Ozias,
3507 1820 3699 1876 qnam-

2119 1905 2203 1962 vis
2252 1904 2399 1977 regie
2446 1904 2691 1971 lnuncto,
2725 1901 3059 1959 thuribulum
3108 1900 3364 1957 tractanti
3408 1900 3549 1955 Deus
3591 1914 3697 1954 non

2120 1990 2451 2069 pepercit",
2480 2004 2688 2050 tantum
2718 1993 2863 2065 quod
2892 1991 3246 2050 sacerdotalis
3274 2005 3380 2047 non
3410 1996 3578 2056 esset,
3604 1987 3698 2043 sed

2119 2100 2172 2149 et
2200 2092 2406 2162 lepram
2441 2089 2690 2156 immisit,
2719 2095 2774 2144 et
2801 2086 3118 2160 propltetias
3148 2099 3214 2141 eo
3245 2082 3535 2155 superstite
3567 2097 3699 2137 con-

2122 2189 2311 2255 tlnttit;
2345 2202 2465 2259 quae
2500 2195 2811 2257 quantaque
2844 2184 2987 2240 mala
3022 2197 3117 2238 eos
3149 2196 3257 2237 non
3291 2187 3577 2243 maneant,
3607 2177 3699 2249 qni

2119 2292 2405 2335 sacrorum
2476 2288 2740 2343 exsortes,
2778 2276 2831 2332 in
2879 2291 3036 2334 sacra
3082 2272 3360 2339 invadant,
3394 2281 3449 2328 et
3495 2268 3699 2324 Pascha

2121 2380 2283 2444 atque
2331 2372 2465 2428 festa
2514 2375 2723 2442 agitare
2767 2380 2921 2429 extra
2969 2365 3517 2439 Hierosolymitanum
3560 2375 3698 2420 tem-

2120 2462 2265 2534 plum
2303 2463 2595 2532 inceptent,
2634 2463 2805 2532 legem
2837 2460 3111 2518 custodire
3142 2458 3211 2532 (si
3250 2457 3461 2530 superis
3496 2455 3693 2527 placet)

2121 2556 2336 2612 interim
2367 2573 2426 2612 se
2448 2556 2747 2628 jactantes?

2190 2670 2312 2729 Jun.
2346 2673 2601 2742 Ereptum
2639 2670 2796 2729 nobis
2823 2671 3162 2743 pontiﬁcium
3190 2668 3343 2741 juxta
3376 2681 3440 2724 ac
3474 2682 3695 2739 regnum

2120 2767 2466 2833 confitemur,
2499 2766 2610 2836 jam
2665 2767 2791 2823 inde
2837 2767 2907 2822 ab
2956 2781 3024 2822 eo
3070 2775 3341 2835 tempore,
3380 2779 3488 2835 quo
3536 2762 3699 2819 tantis

2122 2872 2377 2930 urgemur
2421 2860 2579 2915 malis
2623 2875 2649 2912 a
2694 2858 2819 2915 Tito
2862 2857 3230 2914 Romanorum
3276 2858 3520 2927 principe
3566 2854 3701 2910 sub-

2121 2957 2258 3023 acti;
2287 2966 2341 3012 et
2370 2957 2597 3012 omnino
2632 2956 2866 3012 fortasse
2898 2963 3013 3023 est,
3048 2966 3107 3010 ut
3140 2968 3240 3010 nos
3282 2952 3417 3023 legis
3450 2951 3700 3007 custodes

2123 3050 2424 3121 decipiant,
2460 3066 2524 3105 ne
2555 3049 2910 3122 prmrogativa
2942 3048 3163 3104 honoris
3190 3046 3559 3103 deturbentur.
3591 3043 3698 3098 Sed

2121 3158 2360 3206 oramus,
2392 3154 2443 3197 et
2474 3141 2681 3199 Christi
2722 3141 2984 3213 supplicia
3031 3142 3185 3197 nobis
3224 3140 3489 3204 edissere,
3519 3145 3572 3192 et
3603 3134 3697 3205 qui

436 3233 665 3301 persona
715 3218 1000 3288 iracunda,
1032 3223 1290 3293 propheta
1334 3222 1656 3293 denuntiat,
1711 3228 1870 3298 quale
1913 3230 2014 3286 hoc
2042 3242 2087 3304 α
2121 3235 2188 3291 de
2228 3236 2336 3301 his,
2364 3236 2537 3306 deque
2574 3233 2694 3303 ejus
2733 3232 3140 3290 resurrectione
3174 3230 3537 3287 vaticinentur
3566 3242 3698 3299 pro-

435 3318 522 3365 est
553 3328 568 3367 :
605 3329 625 3364 ι
658 3309 758 3367 Vir
783 3326 893 3368 non
922 3314 1066 3370 eruit
1088 3330 1207 3369 eam
1235 3315 1301 3370 de
1328 3331 1489 3373 manu
1521 3333 1634 3374 mea
1672 3337 1687 3374 :
1718 3328 1773 3375 et
1798 3327 2020 3402 cesSare
2120 3327 2322 3399 pheta.

438 3404 635 3461 faciam
689 3422 852 3464 omne
902 3408 1155 3481 gaudium
1212 3410 1363 3478 ejus,
1413 3413 1812 3472 solemnitatem
1870 3418 2016 3488 ejus,

434 3499 975 3570 neomeniam-ejns,
1014 3501 1311 3558 Sabbatum
1360 3504 1509 3573 ejus,
1546 3516 1600 3560 et
1645 3510 1830 3565 ontnia
1880 3510 2017 3569 festa

968 3603 1023 3652 et
1068 3595 1514 3670 visitabos‘upcr
1549 3615 1667 3657 eam
1712 3602 1827 3659 dies
1868 3604 2017 3661 Baa—

438 3592 683 3660 tempora
735 3592 854 3665 ejus
903 3611 917 3649 :

437 3682 527 3736 litn
546 3683 614 3739 ⁸⁷.
654 3702 674 3737 ι

2722 3460 2949 3519 CAPUT
2988 3458 3101 3517 Lv.
3196 3426 3199 3429 ’

2193 3601 2495 3671 Pmpltetia:
2526 3601 2589 3655 de
2618 3598 2816 3656 Christi
2841 3608 3008 3655 morte
3036 3605 3193 3667 atque
3223 3597 3618 3653 resurrectione.

2192 3715 2418 3773 Culus'r.
2450 3715 2744 3771 Sciendum
2777 3714 2831 3770 in
2867 3711 3060 3785 primis
3094 3720 3197 3777 est,
3231 3704 3375 3782 quod
3408 3726 3551 3781 saepe
3581 3710 3691 3780 jam

505 3797 573 3854 Et
595 3798 663 3856 de
686 3800 989 3858 incredulis
1008 3799 1211 3859 Judmis
1234 3802 1484 3863 Christus
1512 3824 1529 3863 :
1562 3826 1581 3861 ‹
1613 3808 1818 3866 Mittam
1847 3826 2017 3881 super
2120 3809 2395 3877 diximus,
2445 3817 2697 3865 naturam
2731 3807 2965 3862 divinam
3001 3820 3314 3877 oppressum
3351 3806 3633 3876 tyrannide
3665 3822 3695 3859 a

435 3894 530 3947 eos
557 3900 674 3947 rete
706 3884 882 3947 meum
920 3910 938 3950 :
972 3903 1031 3950 ut
1063 3896 1309 3952 volatilia
1345 3899 1492 3965 cmli,
1519 3901 1804 3959 detraham
1841 3905 1963 3961 illos
1996 3925 2011 3962 :

441 3974 735 4053 corripiant
762 3978 856 4039 eos
883 3985 935 4039 in
964 3986 1147 4041 auditu
1173 3988 1537 4048 tribulationis
1564 4007 1775 4051 eorum.
1796 3995 1887 4053 Vae
1911 4000 2010 4067 eis,

437 4074 693 4141 quoniam
724 4067 1034 4133 resilierunt
1062 4093 1092 4134 a
1120 4095 1228 4137 me.
1253 4080 1553 4139 Meticulosi
1585 4098 1729 4154 sunt,
1756 4092 2011 4159 quoniam

432 4165 598 4241 impie
636 4172 866 4243 egerunt
908 4172 961 4227 in
1001 4190 1109 4231 me.
1139 4175 1253 4247 Ego
1297 4192 1426 4234 vero
1470 4181 1673 4237 redemi
1714 4198 1807 4239 eos
1851 4202 1865 4239 :
1910 4186 2010 4257 ipsi

434 4280 563 4321 vero
620 4265 782 4322 locuti
841 4274 969 4324 sunt
1016 4280 1204 4325 contra
1259 4286 1347 4328 me
1397 4272 1674 4331 mendacia
1726 4292 1742 4331 :
1804 4285 1859 4331 et
1904 4295 2009 4334 non

432 4347 905 4425 clamai'lihnt‘ad
939 4375 1026 4417 me
1059 4363 1222 4418 corda
1255 4379 1445 4421 eorum
1478 4385 1493 4435 ;
1527 4368 1621 4423 sed
1651 4368 1788 4423 mala
1822 4381 2009 4425 contra

436 4467 523 4507 me
553 4445 969 4524 cogitaverunt:
998 4456 1202 4513 idcirco
1233 4458 1516 4515 tradentur
1541 4460 1591 4514 in
1622 4462 1873 4530 gentibus
1889 4462 1955 4516 ⁸⁸.
1983 4481 2001 4519 ι

433 4546 602 4600 Amos
654 4547 767 4601 haec
822 4547 1060 4603 minatur
1104 4565 1121 4608 :
1184 4562 1204 4604 ι
1266 4549 1406 4608 Ecce
1463 4552 1729 4608 mandabo
1778 4568 1909 4624 ego,
1957 4564 2011 4608 et

2117 3897 2336 3954 diabolo
2363 3899 2549 3954 videre
2577 3913 2730 3954 suum
2760 3899 3076 3969 ﬁgmentum
3110 3896 3509 3965 non'potuissc,
3534 3895 3699 3967 igitur

2117 3989 2294 4045 visum
2341 3998 2426 4044 est
2469 3986 2643 4053 Patri,
2681 3997 2739 4042 ut
2782 4002 2913 4043 suus
2962 3988 3062 4041 sibi
3096 3984 3420 4054 Unigenitus
3462 3984 3696 4040 animam

2118 4089 2283 4151 atque
2325 4095 2522 4149 corpus
2567 4094 2635 4135 ex
2679 4094 2893 4149 semper
2924 4078 3143 4147 Virgine
3176 4077 3342 4132 Maria
3377 4076 3696 4146 susciperet,

2119 4175 2534 4243 impermutatus
2568 4183 2730 4242 atque
2760 4172 3099 4236 inconfusus,
3135 4171 3383 4241 citraque
3416 4179 3696 4239 peccatum

2118 4267 2391 4337 perfectus
2455 4265 2618 4321 homo
2678 4264 2867 4329 ﬁeret,
2925 4279 3033 4319 non
3104 4263 3305 4317 amisso
3366 4261 3510 4331 quod
3577 4271 3697 4316 erat

2117 4340 2392 4431 (videlicet
2414 4356 2815 4428 immutabilis),
2840 4355 2933 4412 sed
2963 4362 3241 4426 assumpto
3268 4353 3408 4425 quod
3442 4367 3547 4408 non
3578 4362 3697 4407 erat

2119 4455 2331 4524 (utpote
2376 4445 2692 4521 humanus),
2721 4463 2830 4519 quo
2863 4462 2960 4518 per
2995 4456 3243 4502 naturam
3282 4455 3522 4501 nostram
3560 4448 3695 4502 mori

2120 4554 2328 4617 posset,
2355 4552 2411 4598 et
2439 4557 2537 4613 per
2565 4541 2893 4597 inell‘abilem
2926 4551 2981 4597 et
3018 4540 3522 4614 incomprehensam
3556 4540 3695 4595 divi-

440 4636 746 4697 concutiam
778 4636 831 4691 in
857 4634 1110 4694 omnibus
1138 4640 1390 4710 gentibus
1419 4638 1635 4695 domum
1667 4622 1852 4705 Israel,
1877 4640 2016 4696 sicut
2048 4622 2093 4681 θ
2122 4641 2589 4701 nitatem.‘omnes
2620 4636 2947 4699 viviﬁcaret,
2976 4644 3139 4703 atque
3169 4648 3198 4688 a
3232 4633 3431 4689 diaboli
3468 4635 3695 4689 nexibus

434 4733 742 4785 concutitur
770 4716 1007 4787 triticum
1040 4731 1094 4787 in
1127 4728 1309 4789 cribro
1344 4749 1361 4789 :
1393 4742 1447 4788 ct
1474 4750 1577 4789 non
1611 4736 1768 4790 cadet
1798 4736 2013 4806 lapillus

434 4838 597 4893 super
620 4831 841 4879 terram.
867 4823 922 4878 in
947 4823 1124 4895 gladio
1150 4822 1449 4881 morientur
1470 4841 1668 4881 omnes
1701 4839 2013 4896 peccatores

438 4914 619 4984 populi
657 4914 848 4973 mei".
882 4934 901 4970 ι
939 4914 1159 4973 Davidis
1186 4932 1402 4989 quoque
1432 4917 1547 4973 haec
1579 4920 1848 4975 sententia
1881 4927 1963 4975 cst
1996 4937 2010 4974 :

439 5027 463 5062 ε
502 5008 837 5065 Sacerdotes
878 5012 952 5066 tui
992 5011 1288 5067 induentur
1315 5011 1599 5081 justitiam,
1635 5024 1688 5068 et
1721 5013 1895 5068 sancti
1933 5016 2009 5069 ttti

434 5101 873 5159 exsultnbunt".
908 5122 928 5155 ι
962 5104 1017 5158 id
1048 5105 1189 5173 quod
1221 5105 1285 5159 de
1315 5104 1556 5175 gentium
1586 5104 1828 5161 Ecclesia
1854 5107 2011 5171 dixit,

436 5202 495 5250 ut
521 5194 781 5251 futurum.
809 5195 944 5250 Nam
976 5197 1020 5251 si
1050 5197 1116 5251 de
1146 5194 1427 5269 Synagoga
1462 5215 1478 5253 :
1515 5215 1534 5250 ι
1573 5196 1751 5253 induti
1784 5207 1926 5262 sunt,
1957 5208 2011 5255 et

434 5289 727 5354 exsultant,
763 5306 783 5340 ι
817 5288 1020 5343 dictum
1053 5290 1364 5359 oportebat.

503 5377 621 5434 Jam
673 5394 830 5446 vero,
866 5380 955 5435 ubi
1004 5394 1149 5434 nunc
1193 5377 1502 5435 Iudaeorum
1557 5396 1644 5437 res
1693 5380 1904 5443 divina.
1947 5398 2010 5439 ac

437 5471 652 5528 libatio?
681 5471 957 5542 Siquidem
991 5470 1435 5539 Deuteronomio,
1464 5471 1596 5528 Mosi
1629 5474 1770 5531 Deus
1804 5491 2009 5545 praece-

442 5568 511 5630 jlit
541 5582 556 5620 :
592 5582 611 5617 ι
643 5563 755 5619 Non
784 5563 952 5619 facies
981 5564 1150 5619 altare
1180 5564 1232 5619 in
1265 5567 1412 5621 omni
1448 5566 1585 5631 loco,
1613 5583 1785 5637 neque
1818 5566 2009 5622 offere-

438 5658 505 5712 tis
536 5658 827 5721 sacriﬁcia;
860 5658 952 5712 sed
990 5658 1040 5711 in
1073 5640 1195 5712 loco
1230 5674 1387 5728 quem
1428 5658 1650 5729 elegerit
1687 5659 1946 5716 Dominus
1986 5680 1999 5716 :

2092 4733 2443 4820 .absolveret.
2470 4729 2607 4786 Nam
2636 4739 2693 4786 et
2719 4731 2825 4785 vivi
2858 4745 2953 4800 per
2986 4730 3107 4799 ejus
3131 4743 3199 4784 ex
3231 4726 3454 4799 Virgine
3487 4736 3692 4792 ortum,

2120 4837 2229 4877 non
2274 4821 2480 4892 peccati
2527 4820 2706 4876 solum
2752 4820 3113 4891 chirographo
3159 4818 3395 4883 liberati,
3428 4821 3520 4875 sed
3562 4819 3694 4874 adu-

2118 4914 2304 4984 ptione
2355 4913 2519 4967 etiam
2572 4921 2699 4968 sunt
2747 4909 2951 4977 affecti,
2986 4922 3041 4967 et
3091 4921 3425 4967 mortuorum
3476 4911 3695 4975 animae,

2124 5020 2244 5075 quae
2280 5005 2421 5074 apud
2458 5002 2662 5059 inferos
2698 5004 3042 5068 tenebantur,
3068 5018 3163 5074 per
3196 5003 3315 5075 ejus
3345 5005 3693 5059 resurrectio-

2122 5112 2279 5161 nem,
2315 5112 2345 5151 e
2391 5096 2586 5151 diaboli
2637 5096 2887 5149 manibus
2935 5098 3163 5164 elapsae,
3200 5111 3426 5166 regnum
3471 5096 3699 5153 caeleste,

2122 5190 2495 5245 obtinuerunt.
2529 5188 2594 5245 Ut
2634 5189 2778 5245 enim
2821 5190 2927 5246 duo
2968 5200 3094 5245 sunt
3131 5199 3306 5255 ortus,
3337 5191 3417 5246 sic
3462 5191 3690 5246 duorum

2120 5283 2289 5348 salus,
2323 5283 2591 5348 vivorum,
2628 5283 2867 5352 inquam,
2902 5298 2965 5339 ac
3009 5292 3363 5349 mortuorum,
3398 5295 3688 5353 procurata

2116 5386 2218 5431 est.
2251 5377 2377 5432 Haec
2407 5378 2676 5446 passionis
2708 5379 3005 5433 necessitas
3037 5376 3173 5444 fuit;
3207 5393 3331 5432 nam
3366 5377 3472 5435 nisi
3508 5380 3689 5449 paSsio

2114 5466 2329 5536 fuisset,
2356 5485 2502 5526 mors
2531 5478 2713 5525 secuta
2749 5486 2852 5524 non
2880 5481 3047 5535 esset,
3076 5485 3195 5542 quae
3222 5471 3267 5526 si
3300 5471 3445 5527 haud
3475 5475 3687 5528 evenis-

2115 5572 2218 5630 set,
2248 5564 2556 5618 hmnanitas
2587 5564 2765 5619 omnis
2794 5579 2855 5619 ex
2887 5565 3081 5620 diaboli
3117 5573 3383 5636 potestate
3414 5566 3546 5639 eripi
3579 5583 3683 5623 non

2110 5666 2343 5728 poterat.
2377 5656 2656 5727 Siquidem
2694 5668 2749 5713 ut
2784 5667 3060 5729 peccatum
3095 5660 3263 5715 veteri
3303 5661 3509 5717 Adamn
3540 5662 3683 5732 juste

509 5842 553 5873 ⁶¹
578 5853 662 5911 sa
707 5853 798 5908 ιν,
831 5839 882 5903 7,
908 5838 960 5891 8.
1037 5838 1081 5869 "
1112 5839 1208 5893 lsa.
1240 5854 1346 5911 tm,
1372 5837 1511 5911 lJ.
1550 5837 1633 5911 _“
1662 5836 1787 5893 (ise.
1818 5854 1857 5911 ι,
1888 5839 1999 5893 1-5.

2114 5840 2373 5911 .bid.6-9.
2432 5842 2475 5873 ιο
2513 5840 2648 5896 Osee.
2680 5859 2737 5908 ιι,
2772 5843 2859 5898 l0.
2936 5845 2978 5878 ετ
3016 5844 3144 5899 ibid.
3178 5845 3387 5911 11.15.
3464 5849 3506 5880 σε
3544 5847 3682 5905 05cc

444 5927 539 5977 ιιι,
569 5910 655 5977 12,
688 5912 771 5966 Μ.
848 5911 890 5942 ⁵³
922 5912 1087 5965 Amos
1128 5925 1203 5975 ιιι,
1230 5909 1285 5964 9.
1361 5909 1405 5940 ⁷ο
1437 5908 1580 5963 Psal.
1615 5922 1800 5973 cxxxt,
1826 5909 1880 5965 9.
1957 5911 2000 5944 “

2114 5921 2182 5967 ut.
2219 5927 2313 5979 xn,
2344 5910 2433 5966 27.
2513 5914 2559 5944 "
2595 5911 2634 5966 ll
2668 5913 2843 5970 Paral.
2882 5931 3025 5982 ml,
3061 5917 3122 5973 l6
3153 5908 3303 5989 seqq.
