4060 6290
428 344 533 412 895

1589 343 2011 405 ANDRONICI
2045 341 2191 408 COM
2206 344 2393 405 NRNI

3596 336 3707 401 896

430 460 663 507 mortem
693 453 959 510 concivit:
994 439 1146 509 itaet
1170 467 1305 508 novo
1329 451 1777 515 Adamo,iusonti
1805 466 1867 506 ac
1895 451 2011 505 sine
2040 459 2082 511 Λ
2116 453 2264 508 ribus
2310 454 2453 510 misit
2496 467 2599 519 me,
2634 466 2829 510 sanare
2870 450 3132 509 contritas
3173 450 3360 517 co'rde,
3387 450 3711 522 praedicare

429 544 600 606 vitio,
643 545 879 615 irrogata
935 560 1081 600 mors
1122 545 1268 615 juste
1316 542 1537 598 admissi
1584 544 2010 613 chiragraphum

436 636 710 690 dissolvit.
745 637 930 705 Itaque
974 637 1236 706 benignus
1285 636 1374 690 ille
1426 635 1587 700 Dens,
1620 638 1685 689 de
1732 635 2009 689 hominum

430 728 601 779 salute
644 743 858 796 semper
892 727 1182 787 sollicitus.
1214 744 1321 781 non
1383 737 1639 781 aiternam
1690 731 1847 779 modo
1881 726 2003 779 titti-

437 819 603 887 geuiti
641 820 760 874 Filii
794 837 859 875 ex
896 829 1049 876 utero
1085 831 1210 875 ante
1244 820 1549 876 Luciferum
1583 820 2008 891 generationem,

434 926 529 977 per
576 913 867 981 prophetas
919 914 1136 983 praedici
1186 930 1248 967 ac
1296 914 1557 983 divulgari
1612 913 1868 976 indulsit,
1917 914 2009 966 sed

432 1004 597 1057 etiam
647 1007 1103 1075 quemadmodum
1155 1022 1383 1077 corpore
1425 1024 1489 1061 ex
1535 1022 1747 1077 setnper
1791 1006 2013 1074 Virgine

437 1096 603 1149 Maria
649 1107 960 1167 assumpto,
999 1100 1133 1155 duas
1181 1112 1402 1154 naturas
1451 1102 1681 1164 unierit,
1718 1102 2013 1169 miracula,

434 1187 736 1251 ingressum
768 1191 1032 1246 illustrem
1060 1202 1114 1246 et
1145 1194 1433 1248 adventum
1465 1192 1889 1266 Hierosolymam
1920 1211 2014 1249 su-

436 1297 535 1349 per
567 1283 735 1337 asina:
772 1283 941 1351 pullo,
976 1285 1358 1353 proditionem,
1394 1287 1739 1355 supplicium,
1773 1301 2013 1354 crucem,

435 1374 805 1442 sepulturam,
856 1378 1349 1443 resurrectionem,
1401 1378 1698 1433 inferorum
1752 1381 2014 1450 direptio-

438 1482 585 1529 netn,
616 1469 805 1521 mortis
834 1469 1133 1535 interitum,
1165 1470 1217 1524 in
1252 1472 1416 1525 caelos
1448 1486 1755 1537 ascensum,
1784 1473 2015 1541 denique

440 1570 468 1606 a
503 1555 711 1609 dextris
739 1572 1084 1625 consessum;
1117 1560 1253 1613 utin
1287 1576 1392 1629 quo
1422 1562 1537 1616 lucc
1562 1562 1741 1615 omnia
1776 1561 2012 1632 perfecta

433 1648 715 1715 videretis,
740 1665 865 1705 eum
907 1651 1242 1720 unigenitum
1273 1670 1395 1710 esse
1424 1653 1516 1710 Dei
1545 1655 1743 1711 Filium
1776 1656 2012 1721 sciretis,

434 1741 526 1810 qui
575 1753 628 1796 et
670 1742 783 1811 jam
831 1748 1063 1812 venerit,
1098 1757 1152 1802 et
1199 1764 1411 1803 rursum
1464 1750 1696 1819 gloriose
1745 1751 2014 1806 rediturus

2116 547 2347 617 captivis
2386 545 2784 609 remissionem,
2812 555 2863 600 et
2895 544 3054 601 caecis
3086 544 3259 599 visum
3277 544 3347 598 "'.
3384 562 3403 597 ι
3444 543 3603 599 ldem
3640 541 3708 596 de

2116 639 2375 707 apostolis
2404 657 2419 693 :
2454 658 2472 691 ι
2510 639 2564 692 lu
2596 639 2785 693 diebus
2816 638 2940 702 illis,
2971 638 3022 691 in
3055 638 3249 705 quibus
3280 634 3713 705 apprehendeat

2117 735 2301 789 decem
2355 733 2599 787 homines
2648 749 2712 787 et
2768 732 3019 787 omnibus
3070 730 3267 795 linguis
3317 729 3610 799 gentium.
3656 734 3707 781 et

2118 826 2529 896 apprehendent
2593 825 2857 879 limhriam
2927 824 3027 877 viri
3091 822 3300 887 Judaei,
3359 822 3619 876 dicentes
3692 838 3707 874 :

2116 919 2316 973 Ibimus
2361 918 2671 982 vobiscum;
2725 916 3026 970 audivimus
3064 913 3207 969 enim
3251 914 3512 983 quoniam
3563 909 3705 963 Dett~

2117 1011 2392 1065 Vobiscum
2439 1011 2604 1064 est".
2651 1028 2668 1057 ι
2719 1010 2780 1063 Et
2821 1008 2939 1077 quis
2985 1016 3067 1062 est
3107 1016 3284 1061 autem
3332 1007 3411 1060 vir
3452 1002 3709 1065 Jutltcus,

2118 1103 2218 1156 nisi
2256 1103 2394 1156 Deus
2425 1102 2585 1156 homo
2612 1100 2807 1155 .lesus?
2837 1111 3020 1155 decem
3054 1112 3182 1152 vero
3215 1097 3490 1163 homines,
3527 1096 3710 1151 divini

2118 1193 2345 1262 apostoli
2378 1204 2500 1247 sunt
2555 1210 2617 1248 ac
2647 1193 2915 1262 discipuli.

2186 1285 2309 1344 Jun.
2349 1287 2413 1340 Et
2462 1302 2559 1340 cur
2602 1294 2779 1341 autem
2832 1301 2935 1339 non
2968 1283 3105 1339 dixit
3146 1300 3160 1337 :
3199 1282 3393 1339 Decem
3440 1281 3680 1337 homine

2118 1396 2181 1435 ex
2219 1380 2460 1433 tribubus
2490 1379 2689 1433 lsrael?
2718 1379 2809 1435 sed
2839 1394 2853 1433 :
2888 1395 2908 1430 ι
2950 1393 3016 1433 ex
3052 1377 3300 1432 omnibus
3335 1375 3543 1444 linguis
3574 1388 3713 1443 gen-

2120 1470 2287 1526 tium?
2316 1491 2334 1525 ι
2367 1472 2605 1543 Apostoli
2634 1472 2773 1525 cnim
2801 1485 2988 1527 omnes
3015 1485 3079 1546 ex
3112 1469 3355 1524 tribubus
3381 1465 3712 1521 .lndmornm

2117 1576 2294 1621 erant.

2186 1660 2415 1716 Cnmsr.
2472 1658 2688 1715 Scilicet
2752 1657 3011 1727 praescius
3070 1665 3252 1719 vates,
3310 1654 3596 1716 futurum,
3658 1658 3718 1704 ut

2121 1753 2364 1822 neglecta
2414 1750 2721 1809 Iudaeorum
2782 1751 3100 1821 Synagoga,
3149 1754 3424 1815 praecones
3485 1742 3716 1799 cunctis

435 1835 528 1897 sit,
560 1834 653 1890 Dei
686 1836 929 1902 nomine,
965 1838 1142 1894 Patris
1173 1843 1403 1907 scilicet,
1430 1842 1567 1897 vivis
1595 1855 1759 1914 atque
1787 1844 2013 1898 mortuis
2051 1830 2091 1886 Β
2123 1848 2374 1917 gentibus
2416 1846 2630 1907 ﬂerent,
2661 1847 2761 1899 hoc
2807 1855 3012 1898 tantum
3057 1857 3191 1912 opus
3230 1838 3468 1911 prmtnlit
3514 1836 3713 1890 tribui.

433 1922 617 1989 index,
643 1924 785 1980 idem
816 1925 1073 1983 Dominus
1100 1941 1153 1984 et
1180 1943 1499 2001 praepotens,
1524 1942 1579 1988 et
1609 1933 1745 1998 Rex,
1766 1945 1818 1988 et
1850 1935 2010 2002 Deus,

434 2014 719 2101 divinitate
749 2026 913 2088 atque
945 2036 1109 2090 regno
1140 2021 1299 2077 linem
1331 2025 1623 2079 nesciente.

509 2109 677 2179 Igitur
722 2120 887 2167 testes
926 2128 1139 2179 eorum,
1174 2132 1291 2185 qua!
1337 2117 1590 2184 diximus,
1620 2119 1915 2187 prophetas
1955 2122 2011 2176 in

437 2202 676 2256 medium
722 2204 1090 2263 conferamus.
1142 2208 1215 2262 De
1262 2209 1542 2264 immensis
1587 2210 1793 2268 Christi
1844 2215 2012 2269 mira-

439 2294 578 2347 culis
619 2296 768 2351 velut
814 2296 868 2351 in
918 2308 1232 2357 transcursu
1276 2301 1475 2357 clamat
1521 2303 1686 2359 lsaias
1727 2320 1743 2357 :
1795 2324 1816 2358 ι
1864 2306 2015 2362 Tunc

448 2386 761 2455 aperientur
788 2391 928 2445 oculi
960 2407 1248 2460 caecorum,
1280 2405 1331 2447 et
1363 2408 1519 2448 aures
1546 2397 1830 2453 sorderum
1862 2411 2016 2468 pate-

438 2478 574 2534 bunt
616 2498 631 2536 :
680 2489 809 2538 tunc
852 2486 1011 2541 saliet
1050 2486 1189 2541 sicut
1229 2503 1421 2544 cervus
1457 2490 1705 2552 claudus,
1737 2502 1791 2547 et
1831 2504 2015 2563 aperta

440 2572 546 2625 erit
571 2572 753 2644 lingua
785 2585 1055 2632 mutorum
1073 2578 1143 2633 ⁷³.
1178 2598 1197 2628 ι
1230 2610 1298 2621 —-
1331 2599 1351 2633 (
1385 2581 1543 2645 Tum,
1584 2601 1603 2635 ι
1639 2582 1735 2647 ait,
1766 2585 2018 2654 quando?

442 2665 603 2731 Cum,
635 2675 694 2723 ut
725 2666 946 2725 Davidis
985 2672 1145 2725 verba
1185 2670 1366 2727 ferunt
1402 2690 1418 2728 :
1461 2693 1479 2726 ι
1523 2673 1735 2729 Veritas
1768 2675 1835 2730 de
1874 2686 2019 2732 terra

442 2767 561 2814 orta
612 2759 897 2829 fueriibet
934 2762 1143 2831 justitia
1189 2766 1254 2820 de
1299 2767 1454 2821 caelis
1503 2769 1938 2837 prospexerit";
1994 2790 2013 2823 ι

444 2850 679 2914 scilicet,
713 2852 853 2908 Dens
881 2854 1043 2909 homo
1072 2854 1251 2920 Jesus,
1285 2866 1343 2911 ut
1373 2858 1478 2913 alio
1509 2859 1628 2915 loco
1658 2861 1796 2916 idem
1829 2863 2022 2930 pra'di-

446 2956 535 3001 cat
562 2964 576 3001 :
617 2964 635 2997 t
670 2944 890 3001 Orietttr
922 2947 975 3001 in
1009 2948 1198 3003 diebus
1228 2948 1344 3017 ejus
1372 2951 1579 3020 jttstitia
1610 2964 1664 3007 et
1690 2956 2018 3011 abundantia

446 3035 680 3106 pacis".
737 3055 757 3089 ι
812 3036 983 3108 Ergo,
1029 3055 1151 3094 cum
1202 3054 1263 3093 ex
1318 3040 1534 3097 Doridis
1580 3046 1878 3107 sententia,
1928 3048 2018 3103 Dei

2120 1938 2255 1994 Nam
2284 1938 2737 2007 quemadmodum
2769 1935 2858 2005 qui
2889 1933 3042 1988 fratri
3084 1946 3266 1988 semen
3300 1929 3555 1991 suscitat,
3588 1939 3720 1995 pro-

2121 2030 2227 2085 lem
2259 2031 2673 2100 hattdquaquam
2708 2043 2861 2083 suam
2889 2027 3110 2095 deputat
3140 2041 3154 2079 :
3189 2037 3365 2091 neque
3392 2021 3542 2075 enim
3580 2017 3715 2081 sibi,

2121 2122 2217 2177 sed
2252 2133 2378 2177 ante
2408 2137 2466 2178 se
2494 2120 2647 2175 fratri
2679 2120 2902 2189 stirpem
2931 2119 3217 2180 instaurat,
3243 2114 3344 2168 etsi
3379 2128 3441 2167 es
3484 2127 3554 2165 eo
3585 2123 3718 2178 pro-

2120 2212 2201 2268 les
2242 2222 2491 2279 suscepta
2524 2226 2632 2264 non
2666 2210 2735 2264 sit
2769 2225 2782 2261 :
2820 2209 2889 2261 ita
2926 2215 2982 2261 et
3011 2208 3063 2261 in
3112 2204 3371 2276 apostolis
3410 2200 3714 2274 propheta,

2123 2308 2272 2364 illam
2338 2307 2406 2361 ab
2465 2302 2669 2361 Iudicis
2735 2302 2980 2371 stirpitus
3045 2299 3310 2371 originem
3371 2310 3470 2367 pro
3536 2294 3717 2348 nihilo

2124 2403 2349 2467 ducens,
2377 2412 2565 2454 eorum
2609 2396 2788 2466 potius
2826 2409 2951 2464 erga
2994 2403 3204 2463 gentes.
3234 2398 3293 2445 ut
3324 2390 3402 2444 sic
3435 2389 3710 2449 dixerim,

2124 2495 2505 2565 pateruitatem
2534 2501 2788 2560 tanquam
2824 2488 3091 2542 illustrem
3116 2491 3199 2540 est
3224 2483 3532 2551 amplexus.
3560 2480 3714 2534 Sane

2124 2587 2423 2643 Corinthiis
2469 2584 2752 2639 scribens.
2801 2580 2999 2637 clamat
3051 2576 3252 2633 Paulus
3309 2594 3324 2631 :
3382 2594 3400 2627 ι
3455 2572 3601 2628 Nam
3657 2572 3711 2626 in

2126 2681 2344 2737 Christo
2374 2678 2504 2734 Jesu
2540 2692 2635 2748 per
2670 2672 3016 2745 Evangelium
3058 2687 3159 2739 ego
3199 2684 3295 2724 vos
3335 2666 3523 2739 genui.
3556 2667 3714 2735 Rogo

2125 2789 2254 2843 ergo
2286 2787 2400 2836 vos,
2431 2772 2731 2825 imitatores
2764 2766 2866 2821 mei
2897 2773 3065 2820 estote
3080 2763 3150 2817 “.
3186 2781 3206 2817 ι

2202 2863 2404 2920 Deinde
2445 2879 2553 2917 non
2593 2862 2877 2934 ignorabat
2920 2858 3215 2928 propheta,
3254 2853 3397 2918 fore,
3435 2862 3493 2905 ιιι
3538 2849 3713 2905 Para-

2129 2953 2251 3008 cleti
2283 2950 2723 3020 Spiritussancti
2756 2948 2989 3001 adventu
3040 2953 3095 2997 et
3124 2942 3481 3014 inspiratione
3515 2952 3714 3020 otnnes

2129 3019 2369 3101 omnium
2405 3045 2643 3115 gentium
2672 3040 2878 3110 linguas
2908 3046 3070 3107 atque
3096 3033 3437 3105 disciplinam
3471 3019 3712 3101 apostoli

446 3127 684 3191 ’ustitia,
724 3129 1033 3198 unigenitus
1073 3132 1191 3202 ejus
1254 3131 1454 3199 Filius,
1489 3149 1519 3190 e
1563 3135 1717 3191 ctelis
1764 3140 2021 3201 exsistet.
2049 3181 2092 3240 α
2136 3152 2355 3207 repente
2385 3135 2585 3198 edocti,
2611 3132 2722 3187 suis
2754 3132 2949 3203 linguis
2978 3146 3166 3187 omnes
3191 3132 3466 3186 erudirent
3491 3141 3710 3203 gentes.

448 3230 554 3240 ._,,__
621 3231 654 3240 ..
706 3220 849 3240 εἈγο.
900 3238 908 3240 μ
974 3238 985 3240 -
1047 3234 1087 3240 _,
1171 3239 1176 3240 ,
1234 3214 1237 3217 λ
1304 3226 1313 3235 -
1357 3237 1365 3240 -
1508 3228 1557 3240 ι.
1770 3229 1801 3240 ι.
1846 3234 1857 3240 -
1906 3235 1916 3240 -
2005 3235 2016 3240 -
2203 3226 2220 3240 ι
2359 3228 2372 3240 ι
2713 3225 2725 3240 ι
2825 3226 2862 3240 a,
2907 3222 2918 3235 ο
3020 3223 3131 3240 ι-γσ-
3191 3224 3278 3240 -μι
3438 3223 3481 3240 1,
3540 3222 3699 3240 ,Uo,

448 3230 561 3276 tum
604 3231 655 3277 et
706 3220 919 3278 Veritas
965 3238 994 3277 e
1047 3234 1187 3278 terra
1234 3226 1471 3295 orietur,
1508 3228 1558 3281 id
1608 3240 1723 3291 est,
1751 3229 2018 3287 divinitati

446 3314 594 3367 unita
647 3331 742 3385 prr
785 3317 1029 3371 eamdem
1078 3316 1412 3390 hypostasim
1466 3336 1622 3386 caro,
1659 3332 1717 3376 ut
1768 3325 2021 3380 universa

447 3416 630 3457 vatum
668 3407 926 3476 prmsagia
963 3407 1015 3460 in
1053 3406 1226 3461 lucem
1264 3408 1637 3476 proferantur,
1672 3424 1822 3468 certo
1864 3424 2024 3485 atque

450 3497 731 3567 explorate
764 3498 1027 3567 completa
1056 3514 1119 3555 ac
1151 3498 1410 3570 perfecta.
1438 3499 1572 3556 Nam
1607 3512 1663 3557 ut
1696 3506 1889 3561 visibili
1924 3508 2026 3564 hoc

452 3589 677 3644 lucifero
705 3602 916 3655 exorto,
945 3592 1127 3647 omnia
1162 3591 1215 3646 in
1250 3595 1489 3649 tenebris
1523 3602 1731 3650 occulta
1764 3599 2027 3669 detegun-

456 3694 562 3748 tnr,
595 3682 674 3737 sic
708 3682 932 3751 iustitia:
974 3684 1101 3739 Sole
1140 3686 1352 3740 cmiittts
1396 3688 1671 3758 degresso,
1702 3701 1897 3745 cuncta
1938 3692 2023 3747 illa

459 3785 636 3829 vatum
685 3776 923 3830 involuta
972 3778 1110 3831 dicta
1152 3779 1305 3833 tuere
1348 3780 1638 3847 illustrata,
1669 3794 1722 3838 et
1770 3794 2024 3855 tanquam

450 3884 609 3923 suum
644 3880 842 3923 statum
876 3870 1143 3935 praedicta:
1170 3871 1413 3926 veritatis
1443 3887 1699 3942 accepere
1726 3874 1862 3946 (44).

528 3959 584 4013 Id
617 3961 749 4014 adeo
783 3961 945 4014 David
983 3961 1033 4015 in
1064 3960 1178 4016 haec
1207 3962 1367 4017 verba
1410 3982 1423 4019 :
1469 3983 1488 4016 ι
1523 3965 1731 4020 Etenim
1770 3967 2027 4023 Dominus

457 4054 604 4107 dabit
665 4054 1069 4123 benignitatem.
1128 4073 1147 4105 ι
1213 4054 1382 4109 Porro
1447 4056 1657 4111 Domini
1715 4058 2026 4129 benignitas

458 4147 678 4200 omnino
721 4146 1029 4216 unigenitns
1070 4150 1258 4201 aeterni
1298 4147 1475 4203 Patris
1522 4147 1689 4203 Filius
1732 4162 1812 4205 est
1854 4169 1868 4206 :
1918 4171 1937 4204 ε
1977 4165 2029 4208 et

461 4250 603 4291 terra
634 4248 821 4293 nostra
852 4239 1001 4293 dabit
1032 4239 1263 4294 fructum
1292 4242 1531 4297 suum".
1568 4261 1587 4295 ι
1620 4244 1966 4310 Assumptuut
1998 4263 2028 4300 a

460 4332 597 4387 Filio
638 4346 704 4386 cx
747 4332 889 4388 lutea
935 4347 998 4386 ac
1040 4334 1283 4387 terrestri
1328 4345 1514 4387 natura
1556 4351 1757 4406 corpus
1798 4338 2030 4394 fructum

456 4427 606 4484 edet,
663 4425 928 4478 luculenta
984 4425 1237 4479 miracula
1298 4441 1311 4479 :
1376 4443 1396 4477 ι
1454 4425 1669 4481 Justitia
1726 4439 1852 4485 aute
1905 4447 2025 4486 eum

2195 3226 2317 3283 Jun.
2347 3228 2412 3281 At
2438 3242 2535 3280 cur
2565 3242 2667 3280 non
2695 3222 2977 3279 duodecim
3002 3223 3157 3288 dixit,
3186 3224 3278 3279 sed
3308 3241 3323 3279 :
3372 3240 3392 3275 ι
3424 3222 3654 3279 decem?
3688 3239 3709 3273 a

2129 3322 2404 3391 Siquidem
2450 3317 2651 3373 Christi
2687 3317 2960 3388 apostolos
2993 3316 3276 3372 duodecim
3309 3330 3432 3371 esse
3464 3331 3570 3387 pro
3607 3331 3712 3370 nu-

2128 3428 2279 3467 mero
2308 3410 2740 3481 patriarcharum
2774 3408 3079 3464 didicimus.

2198 3504 2422 3559 Cuntsr.
2475 3501 2673 3564 Recte,
2721 3508 2778 3554 et
2824 3508 2884 3553 ut
2941 3514 3040 3570 par
3084 3509 3194 3562 est,
3244 3497 3553 3553 dubitastis.
3604 3495 3710 3550 Sed

2130 3596 2408 3668 explorate
2435 3595 2588 3649 vobis
2619 3593 2907 3648 tenendum
2935 3600 3018 3647 est
3047 3608 3063 3645 :
3096 3589 3285 3646 lsaiam
3315 3589 3429 3662 (45)
3460 3606 3528 3645 ex
3566 3591 3708 3644 tribu

2129 3690 2406 3760 Benjamin
2466 3695 2520 3744 et
2554 3686 2667 3741 Dan
2700 3685 2961 3741 oriundos
2995 3683 3266 3754 apostolos
3303 3683 3404 3738 hoc
3438 3697 3538 3738 suo
3570 3681 3709 3737 vati-

2131 3785 2274 3842 cinio
2317 3799 2422 3839 non
2463 3782 2785 3851 prodidisse.
2819 3779 2897 3833 Ac
2933 3778 3132 3832 tribum
3168 3776 3382 3846 quidem
3419 3774 3705 3846 Beniamin

2133 3876 2370 3937 reticuit,
2404 3871 2546 3944 quod
2591 3886 2742 3926 meus
2787 3869 3041 3923 Salvator
3072 3869 3126 3923 in
3170 3882 3393 3936 corpore
3427 3868 3573 3935 apud
3609 3881 3708 3921 nos

2132 3969 2355 4036 degens,
2388 3980 2485 4035 pro
2524 3977 2585 4017 se
2626 3962 2853 4031 loquens
2890 3974 2977 4024 os,
3005 3973 3255 4029 magnum
3294 3957 3441 4012 illum
3476 3958 3705 4011 Paulum

2132 4072 2237 4112 non
2286 4054 2593 4125 conspexit.
2630 4051 2745 4107 Dan
2790 4066 2919 4106 vero
2959 4051 3156 4106 tribum
3199 4049 3413 4103 silentio
3453 4050 3705 4111 transiit,

2131 4151 2200 4204 ob
2238 4148 2574 4203 nasciturum
2611 4160 2675 4199 ex
2713 4159 2773 4198 ea
2808 4141 2999 4199 ludam
3042 4143 3394 4214 proditorem,
3428 4144 3504 4197 uti
3549 4157 3703 4197 meus

2135 4244 2303 4297 Deum
2346 4242 2535 4297 videns
2573 4240 2700 4294 olim
2742 4237 3005 4293 divinavit
3043 4238 3096 4291 in
3141 4236 3280 4291 hanc
3323 4237 3646 4291 sententiam
3690 4250 3704 4287 :

2139 4355 2159 4387 ι
2199 4334 2320 4390 Fiet
2350 4333 2462 4388 Dan
2495 4334 2717 4388 coluber
2747 4332 2800 4386 in
2829 4330 2938 4395 via,
2967 4339 3203 4385 cerastes
3234 4330 3287 4383 in
3318 4330 3532 4393 semita,
3567 4342 3708 4382 mor-

2135 4428 2267 4482 dens
2307 4425 2537 4495 ungulas
2566 4426 2728 4495 equi;
2776 4441 2797 4476 ι
2846 4420 3206 4495 corporalem,
3238 4436 3302 4477 eo
3347 4431 3489 4493 typo,
3520 4433 3704 4473 necem

460 4517 785 4582 auzlmlabit,
821 4535 840 4565 ι
869 4517 919 4571 id
948 4528 1025 4571 cst
1048 4559 1062 4581 ,
1110 4519 1404 4583 immensa,
1449 4529 1503 4573 et
1552 4520 1805 4589 opinione
1861 4523 2031 4591 major
2058 4529 2110 4589 Ι)
2139 4517 2291 4571 nobis
2318 4517 2549 4571 innuens
2586 4534 2600 4570 :
2642 4534 2661 4568 ι
2698 4513 2771 4571 Ut
2797 4515 2952 4569 cadat
2980 4527 3238 4569 ascensor
3268 4510 3385 4578 ejus
3416 4524 3562 4566 retro
3580 4514 3648 4573 δ’,
3684 4527 3700 4559 ι

459 4611 821 4673 humanitas,t
847 4622 896 4664 et
928 4623 1087 4681 ponet
1118 4614 1167 4666 in
1203 4615 1283 4664 ria
1315 4627 1530 4682 gressus
1561 4614 1789 4683 ejns’h
1826 4613 2033 4671 Videtis

460 4718 621 4757 unam
658 4704 709 4757 in
742 4704 946 4757 duabus
979 4705 1186 4758 naturis
1217 4700 1666 4774 personami‘l’er
1694 4725 1715 4759 ι
1750 4709 2030 4764 veritatem

460 4796 801 4866 etjustitiam
839 4815 857 4848 ι
890 4795 1153 4867 Propheta
1188 4807 1431 4851 naturam
1467 4798 1753 4853 humanam
1782 4802 1937 4854 simul
1971 4818 2033 4855 ac

462 4890 693 4943 divinam
710 4889 1042 4961 significans,
1062 4905 1166 4943 nou
1186 4891 1318 4944 dixit
1341 4907 1387 4945 ει
1413 4890 1577 4945 Ponet
1600 4895 1651 4945 in
1670 4892 1776 4956 via,
1792 4912 1809 4943 ι
1830 4893 2037 4949 scilicet

463 4982 866 5042 miraculorum,
887 5000 906 5033 ‹
938 4997 1157 5047 gressus
1183 4996 1430 5044 earum,»
1458 4984 1550 5037 sed
1579 4984 1630 5037 in
1668 4998 1770 5037 nua
1798 4999 2031 5055 persona

468 5091 489 5127 ι
521 5090 738 5144 gressos
768 5074 906 5144 ejus.
942 5092 961 5125 ι

540 5171 683 5226 ldcm
722 5188 935 5226 rursum
975 5188 990 5225 :
1033 5190 1050 5222 ι
1090 5170 1231 5224 Misit
1262 5168 1491 5224 Verbum
1527 5184 1705 5234 suum,
1738 5179 1787 5224 et
1822 5170 2034 5226 sanavit

465 5280 560 5319 eos
606 5281 621 5321 :
669 5274 719 5320 et
758 5265 954 5335 eripuit
994 5279 1091 5319 eos
1134 5266 1200 5318 de
1242 5262 1642 5317 interitionibus
1684 5277 1872 5317 eorum
1892 5261 1960 5317 ’⁸.
2007 5280 2027 5316 ι

469 5359 637 5415 Isaias
676 5374 808 5415 vero
844 5359 1044 5414 clamat
1086 5377 1100 5413 :
1150 5376 1168 5411 t
1209 5357 1448 5426 Spiritus
1483 5355 1694 5411 Domini
1733 5372 1897 5428 super
1929 5372 2035 5422 me,

466 5467 532 5509 eo
564 5453 706 5524 quod
741 5452 953 5507 unxerit
987 5451 1244 5511 Dominus
1276 5465 1381 5505 me.
1414 5448 1796 5520 Evangelizarc
1830 5465 2037 5521 paupe-

2141 4610 2422 4665 divinitatc
2456 4608 2706 4663 allectum
2743 4623 2937 4675 corpus
2965 4606 3017 4660 in
3050 4620 3240 4661 recens
3264 4603 3481 4675 Iosephi
3515 4620 3704 4658 tuonu-

2142 4715 2378 4758 mentmn
2413 4702 2637 4756 salutem
2673 4709 2997 4769 exspectans
3031 4699 3275 4765 Domini;
3312 4699 3565 4752 nimirum
3610 4697 3704 4751 tri-

2141 4797 2372 4851 duanam
2406 4794 2882 4851 resurrectionem.

2213 4888 2363 4955 Quod
2400 4902 2529 4942 vero
2559 4902 2745 4941 omnes
2779 4886 2995 4942 Christo
3023 4885 3199 4941 obitas
3240 4885 3543 4939 functiones
3586 4895 3703 4951 pro—

2142 4982 2315 5050 phetae
2353 4982 2669 5043 nuntiarint,
2702 4980 2935 5036 ostendit
2972 4980 3075 5034 mei
3112 4979 3414 5034 Servatoris
3449 4976 3699 5031 lberoso-

2144 5076 2340 5147 lymam
2393 5078 2678 5141 adventus,
2713 5076 2779 5130 de
2822 5090 2930 5147 quo
2974 5076 3212 5129 omnium
3256 5075 3504 5143 princeps
3551 5067 3702 5124 lsrael

2143 5170 2218 5225 ait
2243 5188 2258 5230 :
2292 5190 2309 5222 ι
2341 5171 2579 5241 Alligans
2602 5171 2667 5225 ad
2694 5172 2863 5225 vitem
2878 5170 3084 5226 asinam
3108 5177 3359 5231 suam,et
3385 5166 3454 5221 ad
3484 5165 3699 5220 helicetn

2145 5263 2346 5336 pullum
2378 5265 2543 5318 asina!
2569 5279 2684 5320 suae
2701 5264 2770 5318 “.
2806 5281 2825 5315 ι

2215 5356 2446 5423 Videtis,
2479 5368 2537 5412 ut
2564 5358 2821 5428 abrogata
2856 5359 2972 5428 lege
3004 5356 3440 5428 propagationem
3476 5352 3699 5423 gentium

2145 5452 2409 5525 propheta
2438 5450 2745 5520 signiﬁcet?
2774 5451 2907 5506 Nam
2935 5466 3057 5507 cum
3086 5451 3237 5511 dicit.
3281 5467 3300 5502 ι
3330 5447 3541 5503 asinam
3565 5443 3652 5497 viti
3679 5458 3696 5491 ι

542 5637 589 5670 ⁷³
616 5636 723 5691 lsa.
751 5652 912 5701 xvxv,
942 5636 994 5691 5.
1071 5636 1116 5669 ⁷⁸
1142 5633 1284 5690 Psal.
1317 5652 1537 5700 nutv,
1567 5634 1651 5693 12.
1730 5635 1779 5668 ⁷³
1806 5632 1948 5690 Psal.
1976 5648 2125 5699 Lxxt,
2159 5632 2212 5687 7.
2287 5633 2333 5665 "
2366 5631 2510 5687 Psal.
2541 5646 2759 5691 Lxxxtv.
2792 5632 2903 5701 l3,
2954 5630 2997 5662 ⁷⁷
3028 5629 3156 5701 ibid.
3338 5627 3399 5701 7"
3427 5627 3571 5684 Psal.
3600 5638 3697 5684 CVI,

469 5709 562 5767 20.
636 5708 683 5739 "
716 5707 819 5763 lsa.
852 5725 963 5772 ut,
993 5707 1045 5762 l.

549 5824 664 5897 (44)
712 5825 1183 5879 ’Λποκατέιστασιν
1205 5821 1417 5878 ἔλαϐον.

1123 5706 1169 5740 ⁸⁸
1200 5705 1430 5762 Zachar.
1464 5721 1587 5774 vm,
1617 5707 1707 5762 23.

1787 5706 1828 5739 "
1863 5706 1880 5759 ι
1913 5708 2043 5760 Cor.
2075 5721 2148 5769 tv,
2179 5702 2267 5771 l5,
2298 5702 2387 5757 16.

2461 5704 2506 5735 ⁸’
2537 5704 2672 5757 Gen.
2706 5717 2853 5765 XLIX,
2886 5700 2973 5756 17.
3048 5700 3095 5733 ⁸³
3129 5700 3258 5755 ibid.
3291 5699 3380 5757 11.

2221 5817 2679 5889 (45)Ζιι;ὴπὶ;ιω.
