4060 6290
426 390 530 459 897.

428 596 780 651 stabilitatem
810 605 992 662 notat;
1021 610 1195 664 neque
1218 596 1361 650 enim
1391 595 1524 665 legis
1547 596 1827 665 disciplina
1859 597 2004 651 orbis

430 696 697 743 terrarum
726 687 1159 752 administratur,
1185 688 1281 740 sed
1307 685 1495 742 ludant
1524 689 1725 750 solum,
1748 687 2002 755 exiguum

428 780 548 848 ejus
587 790 941 849 segmentum.
975 778 1043 831 At
1069 769 1191 832 cuin
1239 779 1356 833 ait:
1418 798 1438 831 ι
1486 778 1649 831 asina:
1691 779 1893 846 pullum
1941 779 2007 831 ad

430 869 656 925 helic‘em
696 869 842 935 vitis,
882 887 900 921 ι
953 884 1045 924 seu
1091 870 1159 925 ad
1205 868 1425 923 brachia
1474 869 1687 933 vitium,
1720 878 2003 935 internum,

430 979 497 1020 ac
537 963 796 1029 sublime,
831 975 887 1018 et
938 972 1047 1019 toto
1095 963 1227 1019 orbe
1276 973 1623 1034 pervagatum
1677 966 2006 1031 praeconium

430 1056 697 1126 designat,
719 1055 984 1125 siquidem
1014 1054 1173 1110 helici
1205 1072 1300 1111 seu
1324 1056 1517 1110 vitium
1544 1056 1785 1111 brachiis
1815 1056 2010 1111 similis

429 1158 516 1206 est
541 1148 632 1203 illa
664 1148 814 1205 orbis
844 1148 1151 1203 conversio.
1183 1150 1261 1202 Ac
1292 1148 1357 1201 de
1388 1149 1470 1202 his
1496 1149 1760 1204 Servator
1788 1164 2009 1218 quoque

429 1242 499 1297 ad
530 1240 871 1313 Synagogam
906 1240 1221 1311 respiciens,
1252 1255 1413 1308 quam
1452 1241 1619 1296 asinae
1648 1244 2005 1311 comparavit,

430 1346 530 1404 per
581 1331 995 1387 similitudinem
1062 1341 1294 1387 testatur
1353 1349 1367 1385 :
1437 1350 1456 1385 ε
1520 1329 1694 1387 Homo
1749 1332 2010 1401 plantavit

430 1426 667 1493 vineam,
704 1443 723 1478 ι
759 1434 816 1482 et
844 1439 964 1495 quae
991 1419 1298 1496 sequuntur
1313 1423 1361 1457 “
1589 1427 1591 1431 “

505 1564 586 1619 Ad
622 1564 831 1634 pullum
867 1578 994 1619 vero
1035 1564 1284 1633 loquens,
1314 1564 1403 1633 qui
1442 1573 1524 1618 est
1556 1578 1727 1619 novus
1760 1564 2007 1633 populus,

431 1658 509 1711 ait
548 1674 566 1714 :
612 1675 631 1710 ι
674 1655 788 1729 Ego
829 1671 949 1713 sum
987 1658 1136 1722 vitis,
1166 1671 1263 1713 vos
1306 1657 1559 1726 palmites
1601 1674 1615 1711 :
1659 1655 1820 1711 Pater
1857 1671 2007 1711 tuens

432 1748 668 1818 agricola
714 1757 799 1803 est
842 1748 912 1802 ⁸⁸.
970 1766 990 1801 ι
1043 1746 1099 1802 ld
1146 1749 1282 1804 adeo
1328 1762 1511 1802 verum
1560 1761 1711 1811 esse,
1746 1747 2005 1815 majorum
2042 1761 2086 1817 Β

429 1851 732 1895 vestrorum
765 1824 1078 1911 responsum
1106 1840 1459 1897 demonstrat.
1479 1835 1613 1893 Nam
1644 1854 1675 1894 a
1704 1839 1813 1895 Deo
1843 1841 2007 1894 intur-

433 1931 605 2003 rogati
642 1949 657 1986 :
702 1950 721 1984 ε
766 1931 897 1986 Cum
931 1932 1139 1987 venerit
1173 1932 1433 1987 Dominus
1462 1933 1652 1997 vineae,
1685 1933 1811 2003 quid
1846 1932 2008 1987 faciet

430 2024 684 2093 agricolis
730 2022 870 2078 illis?
908 2024 1076 2079 Aiunt
1115 2023 1190 2076 illi
1235 2042 1250 2080 :
1299 2020 1469 2079 Malos
1510 2024 1651 2079 male
1694 2024 1909 2094 perdet;
1951 2032 2005 2078 et

429 2116 647 2169 vincam
682 2131 833 2170 suam
873 2115 1071 2170 locabit
1107 2115 1230 2170 aliis
1270 2115 1547 2186 agricolis,
1576 2115 1666 2185 qui
1702 2117 1925 2172 reddent
1956 2118 2005 2173 ei

430 2206 665 2263 fructum
725 2209 1060 2278 temporibus
1117 2205 1319 2263 suis“.
1377 2225 1397 2260 ι
1457 2207 1744 2278 Sophortiae
1792 2224 2006 2279 quoque

431 2301 545 2354 haec
569 2309 694 2354 sunt
726 2300 931 2354 verba:
978 2316 998 2351 ι
1037 2296 1245 2364 Gaude,
1282 2296 1390 2353 tilia
1426 2296 1580 2365 Sion,
1605 2299 1862 2367 praedica,
1899 2301 2004 2356 tilia

428 2390 751 2455 Ierusalem,
785 2390 1017 2457 exsulta,
1049 2400 1103 2446 et
1145 2390 1412 2445 delectare
1450 2389 1517 2445 de
1559 2399 1670 2446 toto
1695 2392 1857 2448 corde
1888 2402 1999 2459 tuo,

432 2485 539 2537 tilia
574 2482 897 2539 Jeru5alem.
935 2481 1175 2538 Abstulit
1208 2480 1473 2537 Dominus
1510 2482 1822 2552 iniquitates
1863 2492 2003 2551 tuas,

429 2578 656 2631 redemit
693 2586 746 2631 te
780 2577 847 2632 de
884 2591 1046 2631 manu
1082 2574 1429 2631 inimicorum
1475 2581 1716 2644 tuorum,
1752 2575 2007 2647 regnabit

428 2667 695 2725 Dominus
727 2671 779 2723 in
807 2669 983 2723 medio
1012 2667 1174 2724 tui".
1213 2685 1234 2721 ι

498 2807 790 2865 Zacharias
818 2808 966 2862 addit
994 2824 1039 2863 ει
1076 2806 1261 2863 Gaude
1290 2808 1660 2876 vehementer,
1686 2804 1795 2863 tilia
1822 2806 1985 2875 Sion,

433 2899 689 2970 praedica,
721 2897 826 2951 lilia
852 2894 1151 2953 Jerusalem
1183 2915 1199 2954 ε
1227 2911 1355 2954 ecce
1405 2895 1522 2952 Rex
1553 2906 1677 2953 tuus
1728 2898 1875 2955 venit
1905 2899 2003 2957 tibi

423 2991 639 3060 justus,
672 2997 729 3045 et
779 2989 1027 3055 salvans,
1060 2989 1177 3058 ipse
1228 2996 1573 3050 mansuetus.
1604 2999 1659 3044 et
1701 2989 2004 3047 ascendens

1475 387 1861 451 DIAL‘OGUS
1895 385 2197 451 CONTRA
2246 388 2574 449 JUDAZOS.

433 503 757 575 (alligatam)
792 504 1202 574 temporariam,
1230 518 1291 556 ac
1317 519 1452 573 pene
1484 504 1682 557 nullam
1716 502 2009 574 Synagogie
2043 523 2086 578 Α

3560 372 3670 439 898

2706 496 2935 555 CAPUT
2971 496 3104 556 LVI.

2458 593 2701 648 Psalmus
2748 596 3009 647 secundus
3056 595 3353 659 exponitur.

2189 685 2297 741 Sed
2332 688 2583 755 quoniam
2617 701 2783 755 super
2811 686 2973 739 asina:
3007 686 3150 754 pullo
3183 688 3479 746 Scdeulem,
3510 694 3556 734 ct
3596 682 3685 736 Dei

2111 779 2305 834 Filium
2358 797 2511 843 esse,
2549 791 2605 834 et
2656 780 2822 833 Deum
2867 796 3089 840 verum,
3130 787 3183 834 et
3230 780 3407 831 otnnis
3456 778 3689 833 universi

2116 887 2327 942 regem,
2369 873 2616 926 vaticinis
2667 873 2748 925 usi
2803 872 3116 936 sententiis,
3153 872 3519 932 ostendimus,
3559 884 3688 940 age,

2120 962 2383 1031 supplicia
2409 978 2623 1032 quoque
2651 962 2853 1015 Christi
2882 962 3328 1029 contemplemur,
3349 969 3400 1014 et
3416 958 3688 1027 ﬂagitiosa

2114 1054 2166 1106 in
2204 1068 2328 1107 eum
2364 1053 2587 1106 consilia
2625 1066 2779 1121 teque
2819 1067 2850 1105 e
2885 1060 3066 1105 vatum
3110 1052 3325 1119 scriptis
3370 1051 3689 1118 remprobe-

2114 1160 2254 1208 mus,
2279 1159 2309 1198 a
2337 1144 2537 1199 Davide
2565 1144 2768 1198 exorsi.
2793 1143 2964 1211 Igitur
2991 1142 3233 1197 futurum
3270 1154 3520 1214 tanquam
3553 1159 3688 1213 pra:-

2112 1251 2236 1290 sens
2283 1236 2652 1305 prospiciens,
2687 1236 2759 1288 ait
2796 1235 3061 1301 Propheta
3104 1250 3118 1288 :
3163 1254 3181 1287 ι
3225 1236 3405 1301 Quare
3441 1234 3685 1289 fremue-

2112 1337 2239 1383 runt
2284 1337 2500 1398 gentes;
2553 1339 2609 1383 et
2655 1330 2836 1398 populi
2889 1332 3100 1398 (gentes
3145 1329 3419 1384 Romanos
3465 1345 3684 1391 vocans,

2116 1420 2366 1489 populos,
2393 1420 2704 1474 Judmorum
2742 1421 2933 1489 tribus)
2973 1422 3212 1475 meditati
3251 1433 3372 1477 Sunt
3407 1422 3623 1476 inania?
3662 1442 3680 1475 ι

2113 1513 2344 1567 Omnino
2395 1530 2548 1574 sane,
2590 1513 2784 1581 inquit,
2821 1516 3104 1567 adversum
3157 1513 3435 1567 Christum
3486 1515 3686 1569 frustra

2113 1603 2503 1655 tumultuantur
2566 1614 2727 1673 atque
2773 1608 3027 1673 cogitant.
3096 1625 3113 1655 ι
3186 1607 3484 1659 Astiteruut
3531 1621 3687 1674 reges

2118 1705 2273 1749 terra:
2315 1694 2539 1762 (Pilatus
2596 1697 2800 1750 scilicet
2856 1707 3018 1765 atque
3088 1696 3370 1762 Herodes),
3401 1707 3454 1751 et
3484 1697 3687 1766 princie

2114 1802 2208 1856 pes
2237 1797 2613 1842 convenerunt
2644 1787 2696 1840 in
2733 1804 2926 1853 unum;
2971 1807 2987 1837 ο
3027 1787 3305 1855 pontiﬁces
3336 1804 3399 1841 ac
3430 1788 3686 1841 sai-cida-

2112 1891 2214 1946 tes,
2246 1882 2469 1949 pariter,
2503 1880 2684 1945 simul,
2720 1880 2907 1935 eadem
2957 1894 3134 1934 mente
3176 1889 3229 1932 et
3262 1882 3490 1935 consilio
3526 1900 3546 1932 ι
3583 1885 3681 1935 ad-

2110 1986 2298 2027 versus
2335 1971 2621 2025 Dominum
2678 1983 2734 2026 et
2771 1976 3026 2025 adversus
3064 1970 3341 2025 Chrisuum
3382 1972 3518 2041 ejus,
3560 1992 3578 2022 ι
3627 1982 3687 2027 ut

2106 2078 2230 2119 eum
2265 2063 2613 2119 interﬁciant.
2649 2083 2666 2117 ι
2709 2064 3090 2131 Dirumpamus
3125 2065 3332 2118 vincula
3364 2080 3555 2118 eorum
3578 2107 3592 2130 ,
3630 2078 3686 2120 et

2107 2156 2869 2228 projiciamusanobisiugum
2899 2157 3225 2227 ipsorum":
3263 2177 3282 2209 ι
3321 2168 3682 2213 ευιιεειιιεηιιειι

2111 2248 2366 2305 Mosaicis
2395 2250 2555 2305 dictis
2584 2247 2750 2303 David
2779 2250 3047 2319 loquitur;
3081 2267 3203 2303 nam
3240 2260 3296 2303 ut
3325 2252 3414 2305 ille
3440 2253 3505 2305 de
3532 2253 3685 2319 opiti-

2107 2341 2193 2397 cio
2216 2340 2512 2405 disserens,
2534 2356 2696 2396 unam
2724 2340 3056 2395 voluntatem
3090 2338 3190 2395 53.
3212 2340 3487 2395 Trinitatis
3516 2342 3687 2409 signi-

2108 2435 2280 2489 ﬁcans
2312 2431 2535 2503 inquit:
2577 2449 2597 2485 ι
2640 2429 2926 2487 Faciamus
2970 2431 3241 2486 hominem
3285 2431 3349 2484 ad
3396 2432 3680 2502 imaginem

2107 2536 2163 2583 et
2195 2525 2604 2583 similitudinem
2647 2536 2890 2581 nostram
2909 2526 2989 2593 ";
3042 2544 3061 2577 ι
3109 2525 3180 2579 ita
3220 2536 3275 2580 et
3313 2525 3403 2580 hic
3444 2525 3681 2596 gentium

2107 2634 2171 2675 ac
2203 2618 2525 2690 populorum
2559 2619 2799 2690 cogitata
2831 2629 2885 2674 et
2916 2619 3201 2684 tumultus,
3230 2626 3473 2672 astantes
3507 2632 3682 2686 reges,

2106 2715 2430 2783 optimatum
2464 2714 2670 2778 pariter
2695 2720 3044 2778 conventum,
3071 2712 3206 2773 haec,
3236 2712 3476 2780 inquam,
3501 2715 3684 2767 omnia

2104 2802 2307 2860 docens
2337 2804 2666 2869 consentire,
2694 2802 2769 2856 ait
2801 2820 2816 2857 :
2858 2821 2875 2853 ι
2921 2802 3299 2872 Dirumpamus
3333 2804 3543 2858 vincula
3587 2820 3683 2859 eo-

2105 2911 2246 2961 rum,
2276 2906 2331 2951 et
2359 2895 2706 2965 projiciamus
2737 2911 2763 2947 a
2797 2896 2954 2948 nobis
2978 2893 3162 2964 iugum
3194 2894 3453 2964 ipsorum.
3490 2914 3510 2949 υ
3541 2897 3681 2963 Quin

2106 2999 2164 3041 ut
2198 2990 2396 3043 clarius
2437 2998 2606 3052 esset,
2641 2999 2802 3054 atque
2838 2989 3077 3055 apertius
3113 2994 3254 3057 quod
3293 2987 3448 3052 dicit,
3479 2990 3625 3042 addit
3660 3010 3676 3045 ι

431 3098 599 3155 super
629 3080 966 3151 subjitgaletn
1000 3092 1053 3136 et
1080 3080 1282 3150 pullum
1317 3095 1515 3134 norum
1533 3079 1601 3134 ³⁸.
1636 3099 1657 3133 ι
1690 3080 1865 3151 Atque
1891 3083 2005 3137 [nec
2029 3107 2077 3171 ο
2113 3101 2131 3131 ι
2169 3079 2269 3146 Qui
2302 3080 2510 3134 habitat
2541 3082 2592 3133 in
2626 3081 2798 3145 cmlis,
2835 3098 2852 3132 ι
2886 3082 3051 3136 Pater
3082 3082 3348 3149 videlicet,
3381 3101 3397 3134 ι
3438 3084 3685 3139 irridebit

426 3178 647 3248 quidem
694 3174 984 3229 Zacharias
1034 3176 1100 3229 ad
1146 3171 1478 3236 Jerusalem,
1514 3174 1583 3228 ad
1630 3172 1825 3228 Filium
1868 3190 1998 3230 vero

429 3271 597 3326 David
642 3286 658 3326 :
713 3286 734 3321 ι
788 3269 960 3323 Sedes
1003 3277 1118 3334 tua,
1152 3267 1312 3329 Deus,
1342 3267 1399 3322 in
1443 3266 1699 3323 saeuium
1746 3270 1927 3325 saeculi
1978 3284 1996 3325 :

426 3366 577 3434 virga
596 3361 930 3425 directionis,
959 3359 1107 3430 virga
1142 3359 1290 3429 regni
1326 3358 1521 3416 tui”.s
1561 3360 1622 3415 Et
1651 3362 1716 3414 ad
1755 3377 1949 3430 pueros
1980 3378 1995 3418 :

430 3475 451 3508 4
478 3455 739 3517 Laudate,
757 3455 928 3523 pueri,
952 3452 1231 3507 Dominum
1246 3452 1316 3506 “.
1342 3470 1361 3504 ι
1388 3450 1457 3506 At
1478 3453 1629 3521 pueri
1654 3469 1669 3507 :
1703 3470 1721 3504 ι
1748 3450 1997 3510 llosanna

428 3548 565 3603 Filio
592 3548 757 3603 David
792 3565 807 3604 :
844 3545 1160 3600 benedictus
1184 3544 1274 3614 qui
1311 3544 1456 3599 venit
1486 3545 1537 3598 in
1569 3545 1784 3601 nomine
1817 3546 1997 3600 Demi-

432 3643 574 3697 ni".
615 3660 635 3692 ι
688 3642 816 3693 inde
860 3640 925 3691 ad
968 3635 1254 3691 Dominum
1293 3636 1487 3689 iterum
1524 3634 1732 3692 Psaltes
1768 3637 1946 3708 regius
1981 3655 1997 3692 :

430 3755 456 3789 ε
490 3733 567 3788 Ex
598 3749 694 3787 ore
728 3730 1013 3785 infantium
1047 3740 1102 3783 et
1132 3728 1441 3782 lactentinm
1478 3726 1751 3795 perfeciin
1787 3727 1997 3782 laudem

426 3828 659 3881 tuam".
692 3844 712 3877 θ
744 3824 1001 3877 Doininns
1029 3823 1093 3873 ad
1129 3818 1385 3890 populum
1417 3835 1432 3872 :
1468 3837 1487 3871 ‹
1524 3818 1694 3873 Sinite
1722 3821 1995 3887 parvulus,

422 3930 481 3975 et
511 3917 675 3972 nol;te
704 3931 799 3970 eos
827 3914 1114 3985 prohibere
1142 3912 1207 3965 ad
1242 3926 1325 3964 me
1352 3910 1536 3965 venire
1555 3910 1622 3963 “.
1663 3928 1683 3962 ι
1720 3910 1998 3980 Siquidem

420 4008 754 4065 Elisabcthae
809 4019 993 4058 vocent
1060 4012 1188 4056 sunt
1246 4000 1451 4065 secuti;
1513 4014 1641 4053 nam
1704 4001 1790 4054 illa
1850 4002 1927 4054 ait
1980 4019 1995 4055 :

433 4122 451 4153 ι
494 4100 817 4156 Benedictus
848 4098 1053 4151 fructus
1080 4094 1283 4149 ventris
1317 4093 1476 4147 tui“.
1518 4110 1536 4143 ι
1578 4092 1638 4147 lli
1673 4108 1736 4147 ex
1774 4109 1836 4148 ea
1872 4105 1999 4149 nato

428 4195 728 4247 arciamant
784 4208 797 4244 :
863 4207 884 4241 ι
947 4187 1266 4242 Benedictus
1322 4185 1413 4255 qui
1465 4186 1615 4239 venit
1667 4186 1719 4239 in
1780 4187 2000 4241 nomine

423 4285 658 4341 Domini.
694 4300 715 4335 ι
761 4280 805 4338 0
846 4292 1134 4350 parentum
1174 4277 1646 4349 ingratitudineml
1689 4292 1723 4332 0
1768 4279 1997 4332 liliorum

422 4375 844 4449 gratitudiueml
909 4373 1004 4426 lilii
1065 4383 1241 4425 vestes
1309 4383 1437 4423 suas
1503 4368 1921 4424 substernebant
1980 4387 1996 4424 :

424 4478 681 4542 parentes
714 4468 834 4537 ejus
867 4473 1045 4519 vestes
1081 4460 1476 4532 partiebantur.
1510 4459 1586 4514 Illi
1629 4479 1647 4512 ‹
1686 4460 1938 4517 llusauua
1973 4480 1993 4514 ›
2028 4469 2081 4529 Ῑ)
2108 4464 2197 4517 ille
2244 4463 2644 4531 inaspectabilis
2681 4465 2851 4517 tactus
2888 4463 2987 4517 luit
3017 4463 3364 4534 aspectabilis
3408 4485 3422 4520 :

423 4562 729 4627 canebant;
785 4559 839 4614 hi
894 4577 913 4610 ι
970 4556 1331 4626 Οτιιοιηεαωι·
1382 4573 1403 4607 ι
1467 4555 1793 4612 clamabant.
1846 4554 1998 4626 Sapit

424 4654 603 4710 iulans
639 4662 801 4717 atas;
840 4662 894 4705 et
928 4650 1018 4720 qui
1056 4650 1253 4703 stultos
1293 4662 1417 4703 esse
1461 4662 1658 4716 pueros
1706 4647 1996 4716 perhibue-

425 4757 583 4811 runt,
627 4742 1035 4800 stultescebaut.
1080 4739 1318 4808 Eratque
1371 4748 1482 4792 tum
1542 4738 1813 4804 insolens,
1866 4747 1919 4791 et
1965 4753 1996 4792 a

423 4851 614 4896 natura
665 4841 966 4892 abhorrens
1019 4833 1388 4904 spectaculum
1439 4832 1655 4898 videre,
1700 4829 1991 4898 lactentes,

423 4942 657 4986 tnatrum
695 4926 837 4981 ulnis
870 4934 1056 4980 vectos
1092 4921 1349 4986 infantes,
1381 4922 1504 4975 binc
1544 4920 1836 4974 mamillam
1884 4926 1997 4974 tra-

421 5037 594 5087 ctare,
623 5021 769 5075 illine
804 5028 935 5072 nato
969 5032 999 5072 e
1037 5016 1257 5084 Virgine
1294 5014 1401 5068 Deo
1433 5012 1620 5082 palma:
1658 5029 1836 5069 ramos
1869 5029 1997 5082 pru—

422 5117 672 5183 tendere;
698 5122 754 5168 et
777 5112 869 5181 qui
898 5110 980 5165 lac
1006 5118 1308 5162 maternum
1336 5108 1634 5169 traherent,
1654 5102 1993 5159 Dominicum

420 5218 745 5279 praeceptum
782 5204 975 5260 tenella
1007 5218 1101 5258 ore
1134 5200 1444 5265 effundere;
1481 5199 1796 5269 priusquam
1831 5198 1992 5252 verba

418 5304 570 5362 eﬂari
612 5310 854 5373 possent,
893 5300 1001 5353 Deo
1045 5294 1211 5349 verbo
1256 5292 1521 5361 explicate
1567 5291 1929 5345 acclamantes
1971 5304 1989 5343 :

422 5417 443 5450 ι
501 5397 749 5452 llosanna
791 5393 843 5447 in
888 5387 1210 5451 excelsis";
1260 5403 1279 5436 ι
1327 5382 1483 5453 quasi
1530 5381 1790 5447 dicerent,
1829 5378 1987 5435 Salva

419 5505 539 5559 nos,
567 5490 659 5561 qui
692 5488 746 5542 in
780 5485 904 5540 altis
932 5482 1165 5545 habitas,
1195 5486 1250 5533 et
1276 5474 1497 5531 humilia
1531 5473 1838 5542 respicis".

2106 3190 2197 3229 eos
2227 3191 2242 3227 :
2269 3186 2325 3228 et
2349 3173 2605 3228 Dominus
2635 3174 2983 3229 subsannabit
3013 3189 3031 3236 :
3065 3191 3084 3227 ι
3116 3174 3322 3230 scilicet
3363 3174 3563 3241 Filius,
3587 3175 3684 3246 qui

2107 3268 2246 3321 inter
2284 3279 2406 3331 eos,
2440 3280 2538 3320 ceu
2581 3267 2902 3330 damnatus,
2936 3266 3139 3332 astitit,
3177 3268 3397 3323 minime
3465 3270 3682 3325 interim

2107 3372 2327 3429 paterno
2373 3360 2495 3413 sinu
2537 3360 2790 3413 extorris.
2828 3378 2846 3413 ‹
2900 3357 3049 3414 Tunc
3096 3358 3343 3428 loquetur
3381 3363 3447 3415 ad
3489 3377 3585 3416 eos
3629 3363 3680 3418 in

2106 3453 2183 3504 ira
2208 3468 2301 3504 sua
2347 3468 2363 3505 :
2403 3461 2455 3504 et
2489 3451 2543 3503 in
2578 3448 2756 3506 furore
2796 3466 2893 3507 suo
2932 3452 3272 3506 eoaturbabit
3305 3464 3419 3506 eos.
3447 3469 3464 3504 ι
3499 3451 3682 3521 Tunc;

2106 3542 2362 3615 quando?
2392 3543 2524 3597 Cum
2555 3542 2721 3598 Juch
2754 3545 3055 3609 advenerit,
3087 3545 3339 3599 omnibus
3372 3545 3681 3601 cmlestibos

2105 3639 2277 3707 copiis
2304 3639 2557 3704 Stipatus,
2590 3638 2724 3691 τίκ-ῖς
2755 3653 2818 3691 ac
2852 3636 3076 3691 mortuis
3099 3636 3190 3706 ius
3217 3636 3475 3693 dicturus.
3508 3655 3532 3692 ς
3570 3636 3684 3708 Ego

2105 3742 2285 3787 autem
2326 3731 2650 3786 constitutus
2691 3747 2808 3784 smn
2853 3729 2964 3784 Rex
3006 3731 3073 3783 ab
3113 3727 3271 3796 eo”;
3322 3747 3341 3783 ι
3387 3732 3561 3785 oratio
3597 3742 3684 3787 est

2104 3824 2263 3894 digna
2322 3823 2466 3889 Deo,
2518 3831 2572 3875 et
2630 3822 2817 3891 regia,
2864 3831 2918 3875 et
2972 3821 3170 3877 Christi
3226 3826 3386 3876 etiam
3449 3823 3683 3878 hominis

2106 3928 2344 3982 perenne
2386 3913 2620 3967 iunueus
2656 3927 2916 3981 regnum;
2953 3912 3085 3965 dicit
3119 3911 3261 3965 enim
3302 3927 3316 3964 :
3360 3930 3378 3963 ι
3422 3911 3683 3980 Regnaliit

2109 4002 2367 4056 Dominus
2412 4002 2463 4055 in
2508 4000 2724 4066 saecula,
2764 4000 2903 4054 Deus
2955 4011 3098 4065 tuus,
3147 4001 3297 4056 Sion.
3338 4001 3509 4072 Super
3551 4006 3677 4057 Sion

2107 4090 2353 4149 mentem
2396 4104 2640 4150 sanctum
2693 4093 2872 4163 cjns‘.
2924 4112 2942 4144 ι
3003 4095 3259 4148 Sanctum
3311 4105 3545 4148 montem
3594 4096 3687 4149 hic.

2112 4183 2383 4256 Virginem
2426 4202 2489 4240 ac
2532 4183 2818 4255 Dciparam
2862 4185 3114 4256 intellige.
3148 4185 3217 4242 Ut
3260 4187 3401 4240 enim
3444 4185 3585 4241 Deus
3622 4184 3687 4242 tn‘

2104 4279 2234 4333 Sina
2281 4279 2612 4333 descendens
2658 4291 2984 4348 cotispectus
3030 4289 3115 4333 est
3168 4294 3199 4333 a
3247 4279 3418 4343 Mose,
3464 4280 3543 4335 sic
3592 4281 3681 4336 ille

2106 4372 2420 4425 incarnatus
2446 4386 2508 4425 ex
2535 4368 2778 4440 Virgine,
2799 4384 3149 4425 conversatus
3175 4381 3257 4427 est
3281 4389 3402 4426 cum
3432 4375 3677 4442 homine;

3471 4484 3488 4515 ι
3534 4465 3678 4520 Prte-

2104 4556 2293 4610 dicaus
2345 4565 2676 4625 prwceptum
2730 4554 2979 4620 Domini,
3033 4576 3054 4610 ι
3114 4555 3162 4609 id
3215 4567 3325 4620 est,
3377 4559 3677 4627 interpres,

2104 4656 2163 4703 ut
2208 4646 2390 4703 Patris
2444 4646 2711 4703 beneﬁcio
2757 4649 3029 4718 prophetae
3075 4646 3202 4702 olim
3252 4648 3613 4717 praedixerunt
3662 4667 3678 4707 :

2108 4758 2127 4792 ς
2182 4738 2443 4794 Dominus
2488 4740 2620 4794 dixit
2669 4741 2735 4793 ad
2791 4755 2906 4807 tne;
2963 4758 2983 4790 ι
3038 4740 3125 4808 qui
3174 4739 3307 4793 mihi
3358 4739 3522 4795 Pater
3569 4753 3678 4808 est,

2102 4834 2396 4886 secundum
2435 4831 2670 4886 divinam
2707 4843 2989 4896 naturam,
3025 4833 3273 4901 idemque
3306 4833 3448 4888 Deus
3480 4847 3676 4889 secun-

2102 4926 2227 4977 dntn
2273 4938 2489 4977 carnem
2537 4933 2912 4991 assumptam:
2952 4942 2969 4975 ι
3003 4922 3167 4979 Filius
3219 4940 3368 4981 meus
3417 4941 3474 4982 es
3521 4936 3612 4990 tu,
3652 4946 3671 4980 ι

2102 5014 2459 5070 charissimus
2524 5023 2647 5069 ante
2709 5014 2907 5068 saecula
2966 5015 3100 5069 citra
3158 5014 3362 5071 ﬂuxum
3424 5018 3555 5073 mihi
3616 5033 3674 5075 es

2100 5108 2289 5163 Filius.

2177 5220 2197 5252 ‹
2234 5202 2345 5272 Ego
2377 5199 2539 5255 hodie
2567 5200 2725 5271 genui
2761 5211 2831 5254 te.
2872 5220 2888 5252 ι
2929 5200 3097 5266 Quem
3130 5216 3195 5255 ex
3228 5211 3383 5258 utero
3414 5212 3541 5257 ante
3562 5202 3673 5259 Lu-

2099 5291 2323 5347 ciferum
2356 5291 2537 5361 genui,
2568 5290 2830 5345 hodierno
2862 5290 2946 5346 die
2984 5302 3328 5360 corporatum
3359 5308 3424 5347 ex
3459 5291 3669 5362 Virgine

2097 5382 2315 5453 prodire
2356 5382 2535 5448 volui;
2582 5396 2757 5451 neque
2800 5382 2943 5437 enim
2993 5382 3132 5436 alius
3172 5382 3349 5438 fuerat
3389 5384 3476 5437 ille
3512 5367 3682 5455 atque.

2096 5472 2238 5529 alius
2297 5482 2387 5538 tu,
2436 5472 2531 5528 sed
2587 5472 2764 5539 idem,
2819 5487 2956 5528 unus
3015 5488 3081 5526 ex
3136 5472 3341 5528 duabus
3393 5476 3602 5531 naturis
3651 5487 3663 5530 :

3504 5653 3548 5686 "
3574 5653 3671 5708 Za‘

2013 5652 2062 5685 ⁸⁸
2092 5652 2278 5709 Matth.
2309 5666 2421 5719 ut,
2454 5652 2543 5721 ιο,
2577 5652 2664 5709 41.
2775 5653 2821 5686 ³⁷
2847 5652 3083 5721 Sephon.
3110 5669 3194 5713 nt.
3224 5652 3308 5719 Η»,
3342 5656 3427 5710 15.

1940 5725 1987 5756 ’⁸
2018 5722 2211 5781 Matth.
2266 5740 2379 5789 tm,
2408 5725 2463 5781 9.
2565 5724 2610 5757 ”
2640 5721 2785 5779 Psal.
2815 5738 2932 5790 vui,
2960 5724 3015 5779 3.
3123 5726 3170 5758 "
3199 5725 3387 5780 Matth.
3420 5742 3505 5780 xix
3533 5764 3549 5790 ,
3580 5726 3659 5780 Η.

1940 5794 1972 5861 ἰ,
2002 5794 2059 5851 6.
2156 5796 2201 5829 ’⁷
2228 5794 2372 5854 Psal.
2408 5810 2467 5864 tt,
2499 5795 2608 5851 1-5.
2711 5795 2756 5828 ”
2782 5793 2918 5851 Gen.
2954 5811 2993 5863 ι,
3024 5794 3114 5852 26.
3211 5797 3257 5830 "
3287 5795 3427 5855 Psal.
3460 5812 3525 5863 tt,
3554 5796 3667 5853 H5.

486 5672 533 5705 “
562 5669 693 5725 Luc.
728 5681 819 5730 xx,
851 5663 914 5731 9;
942 5660 1135 5730 Matth.
1166 5672 1280 5731 ut.
1311 5654 1414 5731 ’55)Δ
1448 5652 1522 5731 M“
1550 5650 1707 5731 ._loan.
1736 5667 1828 5731 xv,
1862 5652 1915 5708 l.

415 5723 675 5802 charitx,
701 5739 754 5794 9.
808 5723 875 5767 ’⁸⁸
894 5723 1046 5787 ῬεεΙ.
1073 5745 1217 5790 XLIV.
1245 5727 1296 5802 ἶ.
1355 5726 1417 5802 _’_°
1448 5724 1749 5802 Psalgcxu,
1781 5723 1831 5776 i.

414 5797 465 5849 ’⁸
490 5812 622 5867 Luc.
653 5797 689 5871 ί,
720 5806 808 5862 42.
884 5807 929 5838 ’⁸
962 5803 1125 5859 Marc.
1156 5816 1229 5866 st,
1258 5799 1311 5865 9,
1348 5797 1433 5852 10.

419 5885 438 5916 ⁸
462 5881 609 5942 Paul.
650 5894 806 5941 cur.
835 5876 924 5935 10.

1510 5796 1555 5827 ³*
1579 5793 1721 5850 Psal.
1754 5809 1887 5863 cm,
1917 5794 1972 5861 ὅ,
2002 5794 2059 5851 6.
