4060 6290
458 308 565 380 899

1645 308 2074 373 ANDRONICI
2101 305 2449 369 COMNENI

3632 298 3738 363 900

465 452 481 482 ι
538 428 760 484 Postnla
809 442 837 480 a
883 439 989 492 mc,
1028 435 1082 480 et
1126 424 1267 493 dabo
1310 426 1409 483 tibi
1455 435 1645 496 gentes
1686 427 2053 481 linere-ditatem
2086 428 2130 485 Α
2162 431 2324 476 vocat
2357 421 2686 475 horrendam
2724 416 2875 473 illam
2911 414 3236 471 sententiam
3277 430 3292 468 :
3332 430 3352 465 ι
3399 410 3673 470 Discedite
3708 430 3738 470 a

463 536 630 577 tuam.
664 540 682 571 s
720 519 869 575 Solet
903 518 1068 575 David
1104 535 1223 590 qua:
1260 527 1383 575 sunt
1413 518 1711 589 Unigeniti,
1739 523 1805 574 ad
1844 518 1938 573 Dei
1978 532 2039 572 ac

466 614 643 669 Patris
668 613 999 667 voluntatem
1032 621 1195 683 atque
1221 621 1541 681 potestatem
1572 626 1849 676 revocare,
1880 626 1950 666 ne
1974 609 2043 663 ab

467 705 729 776 imperitis
764 704 875 760 Deo
917 706 1225 761 contrarius
1260 706 1575 761 crederetur
1612 723 1627 761 :
1673 723 1693 758 ‹
1727 703 1792 757 Ει
1824 719 2047 774 posses-

466 800 676 851 sioncm
716 807 860 849 luam
899 798 1164 853 terminos
1197 806 1385 865 terra);
1426 815 1446 850 ι
1480 797 1570 867 qui
1605 812 1823 851 sacrum
1840 807 2046 851 «omen

469 890 703 945 ferentes
739 899 912 955 tuum,
940 904 1034 958 per
1070 897 1122 945 te
1150 886 1361 961 iurent.
1393 908 1413 943 ι
1456 888 1631 958 Reges
1672 905 1765 944 eos
1812 892 1867 942 in
1902 890 2048 958 virga

467 983 716 1049 ferrea';
750 998 769 1033 ι
819 992 1089 1051 sceptrum
1155 998 1247 1037 seu
1306 982 1451 1054 virga
1527 980 1701 1036 ferrea
1756 979 2052 1037 divinitatis

472 1073 766 1142 potentiam
813 1072 1104 1144 signiﬁcat.
1130 1072 1262 1127 Nam
1298 1086 1582 1143 paternum
1619 1073 1723 1128 hoc
1757 1087 1853 1143 per
1886 1071 2051 1127 Davi-

470 1168 589 1221 dcm
604 1165 806 1221 dictum
825 1167 1155 1223 conﬁrmans
1175 1182 1325 1222 meus
1349 1166 1606 1222 Servatur
1622 1166 1697 1221 ait
1717 1178 1735 1222 :
1754 1184 1772 1219 ι
1798 1166 1913 1237 Ego
1935 1181 2052 1221 sum

468 1267 656 1329 pastor
686 1259 879 1324 bonus,
908 1268 963 1313 et
994 1273 1091 1328 ego
1132 1274 1365 1330 agnosco
1409 1275 1540 1315 oves
1569 1275 1739 1327 meas,
1768 1271 1824 1317 et
1852 1276 2052 1331 cogno-

471 1358 630 1405 scunt
658 1365 743 1405 me
770 1367 922 1407 mena.
944 1351 1095 1407 Sicut
1120 1355 1267 1407 novit
1299 1371 1382 1409 me
1409 1352 1590 1419 Pater,
1613 1364 1669 1408 et
1693 1369 1794 1425 ego
1820 1367 2056 1427 agnosco

478 1440 693 1497 Patrem
722 1461 737 1499 :
763 1456 814 1498 et
838 1446 1073 1498 animam
1101 1460 1274 1500 meam
1302 1460 1443 1515 pono
1468 1446 1779 1514 proovibus
1804 1448 1938 1501 meis
1955 1445 1998 1502 ³.
2030 1465 2048 1499 ι

473 1567 543 1578 κ-
573 1555 591 1588 r
624 1536 903 1609 Tanquam
932 1553 1025 1594 vas
1052 1538 1195 1607 ﬁguli
1225 1538 1534 1612 confringes
1559 1554 1673 1597 eos.
1700 1558 1717 1592 ι
1752 1539 1849 1597 llis
1874 1540 2057 1596 verbis

477 1640 591 1685 tum
629 1632 905 1687 hominum
940 1631 1180 1687 declarat
1210 1633 1504 1703 opiﬁcium,
1533 1633 1678 1705 quod
1710 1649 1943 1706 magnus
1974 1634 2061 1688 ille

470 1725 670 1794 ﬁgulus
729 1728 866 1780 Deus
914 1724 1118 1782 eﬁiuvit
1197 1743 1262 1783 ac
1320 1727 1538 1784 molitus
1596 1738 1711 1797 est;
1772 1740 1885 1784 tum
1933 1743 2062 1783 vero

2155 532 2263 581 me,
2299 514 2596 577 maledicti,
2631 511 2682 565 in
2727 511 2904 583 ignem
2949 520 3232 575 a‘ternum,
3262 509 3355 580 qui
3398 518 3624 579 paratus
3660 516 3742 562 est

2160 607 2377 663 diabolo
2404 614 2459 662 et
2488 605 2697 676 angelis
2729 604 2940 674 ejus“;
2979 621 3000 658 ι
3037 617 3201 674 quam
3236 612 3293 659 et
3318 613 3445 658 ante
3474 602 3743 672 judicium

2156 702 2527 773 unusquisque
2569 703 2875 769 recogitans
2902 737 2920 765 ,
2952 714 3021 755 ac
3058 713 3156 754 sua
3201 698 3373 768 ipsius
3411 698 3748 755 conscientia

2155 796 2355 859 victus,
2374 794 2559 850 horret
2583 811 2596 849 :
2630 812 2648 846 ι
2679 792 2829 849 Beati
2852 806 3038 847 omnes
3062 792 3154 862 qui
3176 790 3452 847 conﬁdunt
3474 792 3528 846 in
3552 792 3699 848 eo“.
3721 811 3740 845 ι

2165 886 2438 957 Propheta
2474 886 2771 941 humanam
2806 893 3057 940 naturam
3087 884 3141 940 in
3172 885 3308 940 duas
3341 888 3581 956 partitus
3608 887 3742 953 vias,

2159 980 2382 1033 damnat
2422 978 2764 1050 pervicaces;
2813 984 2868 1030 at
2911 976 3030 1045 pios
3083 977 3490 1048 rnorigerosque
3533 961 3744 1049 pietati,

2162 1072 2472 1141 incorrupta
2502 1085 2566 1125 ac
2593 1069 2815 1139 perenni
2841 1068 3178 1124 beatitudine
3206 1068 3389 1124 afﬁcit.
3530 1062 3533 1065 ’

2233 1166 2615 1221 Cousentauea
2650 1165 2795 1219 Patri
2829 1172 2887 1219 et
2906 1161 3167 1217 Salomon
3198 1160 3507 1218 Iudaeorum
3542 1161 3750 1216 scelera

2169 1260 2475 1330 publicatis,
2504 1259 2580 1312 ait
2618 1277 2633 1312 τ
2678 1276 2696 1310 ι
2734 1258 3001 1312 Dixerunt
3032 1257 3335 1327 cogitantes
3368 1256 3510 1326 apud
3549 1270 3610 1310 se
3644 1270 3748 1310 non

2168 1362 2313 1409 recte
2359 1370 2375 1408 :
2419 1350 2809 1421 Opprimamus
2850 1350 3085 1420 justum.
3124 1350 3376 1418 quoniam
3419 1348 3631 1403 inutilis
3674 1358 3756 1402 est

2168 1446 2347 1509 nobis,
2377 1454 2431 1499 et
2462 1444 2771 1513 contrarius
2802 1452 2887 1498 est
2915 1441 3175 1513 operibus
3209 1442 3431 1505 nostris,
3460 1449 3512 1501 et
3544 1442 3752 1509 impro-

2168 1548 2324 1610 perat
2350 1538 2505 1594 nobis
2531 1547 2755 1607 peccata
2784 1537 2940 1608 legis,
2965 1544 3015 1591 et
3043 1534 3289 1591 diﬁ'amat
3319 1535 3372 1593 in
3397 1548 3501 1593 nos
3531 1541 3753 1602 peccata

2171 1631 2465 1701 disciplina).
2488 1630 3083 1691 nostrm.Promittitse
3105 1628 3388 1684 scientiam
3417 1626 3507 1682 Dei
3533 1626 3752 1689 habere,
3844 1640 3849 1645 ·

2171 1735 2225 1780 ει
2274 1723 2466 1779 Filium
2520 1724 2611 1779 Dei
2667 1739 2726 1788 se
2780 1725 3040 1777 nominat.
3098 1721 3295 1775 Factus
3352 1730 3434 1774 est
3488 1720 3647 1775 nobis
3702 1718 3753 1772 in

478 1814 782 1871 Judaeorum
826 1817 1255 1873 internecionem
1293 1828 1348 1873 et
1378 1819 1679 1876 interitum.
1710 1817 1841 1873 Tam
1880 1818 2058 1885 facile,
2092 1806 2135 1863 Β
2169 1817 2568 1873 traductionem
2613 1815 3001 1886 cogitationum
3057 1824 3399 1887 nostrarum.
3428 1812 3627 1893 Gravis
3671 1822 3753 1866 est

481 1910 677 1978 inquit,
713 1910 959 1978 enllides,
994 1913 1086 1980 qui
1137 1920 1189 1966 te
1240 1919 1297 1965 ut
1335 1911 1584 1981 Opiﬁcem
1629 1928 1693 1967 ac
1741 1913 1906 1968 Deum
1953 1927 2060 1968 non

479 2013 827 2067 venerantur,
861 2006 955 2059 sed
996 2020 1202 2059 merum
1246 2007 1519 2064 hominem
1576 2009 1807 2073 ducunt,
1835 2009 2062 2065 salutari

490 2106 663 2150 morte
709 2106 759 2151 te
802 2095 1128 2160 multantes,
1156 2111 1314 2166 quam
1353 2097 1548 2167 ﬁgulus
1582 2097 1903 2155 fabricatum
1941 2117 1970 2154 a
2008 2115 2068 2157 se

488 2204 553 2243 ac
609 2190 1007 2247 coulormatum
1067 2188 1252 2246 ﬁetile.
1306 2189 1377 2246 Ut
1424 2191 1569 2246 enim
1630 2192 1897 2261 pecudes,
1948 2207 2068 2261 qua:

484 2278 720 2347 pastoris
768 2293 952 2332 vocem
1002 2289 1164 2347 atque
1207 2277 1424 2341 sibilum
1471 2288 1802 2350 sequuntur,
1837 2291 1894 2337 et
1939 2283 2069 2337 v-iri-

473 2368 645 2425 ditius
695 2380 989 2440 pascuntur
1045 2370 1266 2436 herbis,
1320 2382 1377 2427 et.
1428 2372 1821 2442 liquidissimus
1882 2384 2071 2444 potant

491 2464 708 2529 latices;
745 2478 866 2533 quae
896 2478 1027 2518 vero
1062 2480 1092 2519 a
1128 2473 1345 2537 pastore
1378 2466 1669 2535 resiliunt,
1703 2465 1832 2522 feris
1878 2467 2071 2538 praedic

442 2544 452 2550 ’
492 2564 650 2623 sunt;
697 2556 771 2610 ita
816 2565 1023 2612 tractus
1070 2572 1262 2612 oinncs
1306 2559 1520 2617 cunctis
1566 2568 1833 2616 terrarum
1868 2545 2073 2628 ﬁnibus

494 2650 804 2718 quicunque
848 2650 951 2704 mei
998 2648 1117 2705 Filii
1158 2666 1343 2730 vocem
1389 2651 1631 2720 audient,
1667 2654 1719 2707 in
1763 2653 2072 2710 cmlestibus

489 2742 815 2812 aeternisque
852 2742 1072 2801 sedibus
1113 2745 1307 2816 degent
1339 2759 1405 2801 ac
1449 2758 1698 2816 pascent,
1724 2757 1777 2803 et
1812 2746 1878 2803 ad
1915 2762 2074 2804 secu-

489 2851 584 2892 ras
619 2851 811 2892 amnes
845 2837 1170 2893 nutrientur.
1197 2839 1267 2892 At
1294 2837 1383 2908 qui
1415 2838 1535 2910 ejus
1558 2854 1747 2895 vocem
1782 2840 2073 2911 negligant,

498 2927 667 2982 attriti
705 2943 769 2983 ac
798 2930 983 2995 deleti,
1014 2927 1196 2984 infanti
1232 2927 1377 3000 lupo,
1408 2929 1647 2997 diabolo,
1676 2930 2073 3002 relinquentur.

574 3040 592 3073 ι
633 3021 699 3076 Ει
731 3036 896 3089 nunc,
957 3036 1133 3093 reges,
1165 3023 1449 3095 inteiligite
1464 3022 1507 3080 ⁸.
1540 3043 1562 3082 ›
1598 3024 1799 3082 Christi
1834 3036 2076 3096 potesta-

498 3124 631 3179 tem,
667 3114 1150 3181 resurrectionem,
1185 3123 1346 3184 atque
1384 3127 1611 3186 regnum
1656 3128 1782 3172 ante
1825 3125 2077 3173 accurate

495 3215 784 3262 exsecutus
813 3205 1107 3277 Propheta,
1135 3204 1433 3277 intelligere
1463 3220 1525 3261 ea
1555 3221 1773 3279 quoque
1800 3217 2069 3265 terrarum

498 3314 656 3372 reges
690 3300 844 3371 jubet
874 3314 940 3356 ac
974 3300 1247 3355 hortatur.
1283 3316 1303 3352 ι
1346 3299 1650 3360 Erudimini
1686 3300 1779 3372 qui
1816 3300 2075 3371 judicatis

502 3402 703 3448 terram
734 3410 747 3448 :
785 3409 805 3445 ι
834 3390 1268 3461 quandoquidem
1295 3392 1536 3464 judicum
1560 3392 1831 3461 iudicem,
1852 3395 2074 3450 deorum

506 3484 698 3554 Deum,
730 3497 970 3540 vestrum
1008 3500 1075 3541 ac
1110 3485 1276 3541 totius
1306 3485 1492 3541 mundi
1524 3484 1725 3558 Regem
1757 3486 2077 3542 Dominum-

498 3594 607 3651 que
646 3578 997 3648 exspectatis,
1035 3578 1228 3633 discite
1272 3592 1482 3646 omnes,
1511 3578 1605 3648 qui
1638 3578 1708 3635 de
1743 3579 1998 3642 terrenis,
2026 3588 2080 3634 et

501 3685 715 3728 terrena
742 3670 1020 3741 judicatis,
1045 3670 1310 3741 judicare,
1330 3684 1395 3726 ac
1420 3670 1508 3740 jus
1532 3681 1589 3727 et
1609 3686 1822 3741 aequum
1852 3672 2031 3728 facere
2060 3691 2076 3729 :

503 3784 523 3818 ι
575 3767 627 3820 iu
674 3780 783 3834 quo
841 3764 985 3821 enim
1023 3762 1827 3834 jndicaveritis,judicabimini
1874 3783 1889 3821 :
1933 3774 1986 3822 et
2022 3766 2079 3821 in

498 3873 604 3928 qua
631 3872 884 3914 mensura
915 3856 1088 3912 mensi
1114 3854 1347 3924 fueritis,
1375 3857 1693 3912 remetiatur
1714 3856 1868 3913 vobis
1885 3859 1929 3911 '.
1964 3877 1984 3911 ι
2010 3887 2080 3899 ~—

504 3969 526 4003 ι
575 3949 786 4006 Servite
832 3948 1057 4005 Domino
1101 3948 1157 4004 in
1202 3951 1428 4016 timore,
1459 3960 1514 4006 et
1551 3950 1819 4007 exsultate
1861 3952 1910 4006 ei
1957 3966 2077 4009 cum

502 4053 767 4110 tremore;
807 4061 826 4095 ι
867 4044 1010 4113 quod
1042 4043 1086 4099 si
1120 4043 1307 4099 timide
1334 4059 1399 4098 ac
1426 4043 1634 4115 trepide
1663 4044 1834 4100 Deum
1864 4045 2080 4113 celetis,

500 4138 840 4207 postmodum
872 4152 993 4191 cum
1019 4150 1084 4192 eo
1113 4145 1377 4192 aeternum
1406 4136 1786 4206 essultabitis;
1819 4154 1965 4194 nunc
1998 4137 2077 4192 la-

505 4229 736 4301 crymosi
767 4238 1017 4285 serentes
1046 4248 1061 4286 :
1093 4241 1148 4285 at
1175 4240 1285 4285 tum
1319 4229 1448 4285 lauti
1474 4238 1776 4287 vestrorum
1802 4228 2078 4286 fructuum

509 4324 842 4381 inillenarias
872 4324 1071 4380 aristas
1106 4324 1370 4389 messuri,
1401 4325 1825 4393 componendas
1858 4322 1911 4380 in
1946 4325 2077 4380 hor-

506 4431 595 4473 rea
623 4417 889 4473 cmlestia.
924 4436 943 4470 ι
977 4418 1381 4489 Appreheudite
1408 4415 1748 4485 disciplinam
1769 4416 1813 4483 ⁸,
1840 4436 1860 4469 ι
1891 4416 1946 4472 id
1974 4426 2079 4480 est,

2171 1910 2327 1966 nobis
2374 1910 2538 1967 etiam
2584 1910 2651 1981 ad
2694 1908 3008 1977 videndum,
3043 1908 3301 1977 quoniam
3348 1907 3637 1967 dissimilis
3678 1915 3758 1959 est

2169 2004 2289 2059 aliis
2335 2003 2449 2059 vita
2491 2002 2656 2071 illius,
2690 2010 2745 2064 et
2788 2003 3089 2069 immutatae
3131 2012 3257 2067 sunt
3301 2001 3400 2057 viae
3440 1999 3578 2068 ejus.
3610 1998 3755 2054 Tau-

2168 2112 2330 2167 quam
2378 2111 2615 2171 nugaces
2651 2095 2909 2151 mstimati
2955 2109 3147 2151 sumus
3186 2094 3254 2150 ab
3295 2093 3407 2155 illo,
3434 2104 3492 2146 et
3522 2092 3757 2147 absrinet

2171 2207 2232 2246 se
2256 2206 2287 2246 a
2314 2191 2415 2261 viis
2436 2189 2656 2264 nostris,
2681 2199 2936 2261 tanquam
2963 2187 3032 2247 ab
3058 2185 3437 2251 immunditiis,
3462 2197 3518 2242 et
3541 2183 3767 2263 ura'lert

2173 2285 2472 2342 novissima
2505 2283 2801 2357 justorum,
2833 2294 2889 2351 et
2919 2281 3184 2361 gloriatur
3216 2280 3429 2348 Patrem
3465 2295 3527 2335 se
3562 2279 3756 2333 habere

2174 2378 2369 2448 Deum.
2401 2376 2695 2448 Videamus
2724 2390 2858 2448 ergo
2891 2374 2939 2439 si
2974 2388 3255 2448 sermones
3291 2371 3435 2439 illius
3472 2372 3587 2428 veri
3626 2373 3751 2429 sint.

2173 2485 2228 2538 et
2270 2479 2543 2541 tentemus
2582 2484 2704 2547 quae
2732 2478 2968 2538 ventura
3011 2477 3143 2531 sunt
3176 2467 3286 2531 illi.
3316 2464 3663 2531 Contumelia
3708 2474 3758 2518 et

2177 2574 2449 2621 tormento
2497 2564 2895 2634 interrogemus
2938 2560 3456 2636 euinautsciamus
3501 2562 3757 2615 reveren-

2177 2655 2306 2711 tiam
2337 2656 2478 2727 ejus,
2504 2665 2558 2709 et
2582 2656 2873 2725 probemus
2897 2654 3215 2725 patientiam
3248 2653 3410 2708 illius.
3436 2651 3614 2708 Morte
3647 2662 3754 2704 tur—

2172 2750 2403 2820 pissima
2450 2751 2876 2805 condemnemus
2917 2763 3042 2802 eum
3088 2762 3105 2801 :
3149 2747 3254 2803 erit
3291 2747 3436 2801 enim
3480 2756 3758 2815 reSpectns

2174 2859 2243 2898 ex
2276 2842 2621 2898 sermonibus
2655 2840 2821 2896 illius.
2854 2839 2983 2894 Haec
3016 2839 3422 2911 cogitaverunt,
3451 2848 3506 2894 et
3541 2850 3760 2893 errave—
3843 2859 3846 2862 ~

2179 2943 2305 2992 runt
2339 2934 2682 3007 :exeaicavit
2716 2933 2861 2987 enim
2908 2932 3025 2989 illos
3065 2932 3272 2987 malitia
3314 2947 3528 2987 eorum.
3555 2931 3631 2985 iit
3664 2940 3759 2985 ne-

2179 3028 2424 3085 scierunt
2454 3035 2798 3083 sacramenta
2832 3024 2957 3093 Dei,
2986 3039 3160 3097 neque
3196 3024 3607 3095 iudicaverunt,
3636 3021 3757 3091 quia

2182 3129 2237 3177 tu
2268 3135 2328 3178 es
2356 3119 2502 3176 Deus
2533 3118 2701 3182 solus,
2729 3115 2823 3189 qui
2850 3118 2977 3172 vitae
3008 3129 3066 3172 et
3096 3117 3288 3171 mortis
3321 3114 3490 3170 habes
3527 3109 3761 3184 potesta-

2182 3224 2288 3271 tem
2326 3229 2342 3269 :
2379 3222 2435 3269 et
2463 3211 2642 3268 salvas
2676 3211 2729 3266 in
2767 3220 3011 3281 tempore
3044 3209 3435 3276 tribulationis,
3466 3216 3526 3264 et
3558 3208 3755 3272 liberas

2182 3306 2250 3361 ab
2279 3304 2431 3361 omni
2463 3301 2608 3359 malo
2641 3321 2659 3362 ς
2692 3302 2949 3373 quoniam
2984 3303 3108 3373 pius
3134 3310 3190 3356 et
3220 3298 3561 3365 misericors,
3586 3310 3640 3353 et
3669 3298 3759 3353 das

2177 3398 2412 3470 gratiam
2455 3397 2664 3454 sanctis
2705 3396 2836 3462 tuis,
2862 3405 2917 3451 et
2949 3396 3001 3450 in
3037 3393 3265 3451 brachio
3300 3382 3640 3449 tuo-resistis
3672 3406 3758 3447 su-

2180 3488 2367 3561 perbis
2385 3488 2450 3544 “.
2483 3507 2505 3543 ι

2252 3583 2320 3638 Et
2342 3598 2439 3655 per
2461 3581 2753 3639 Jeremiam
2782 3578 3035 3636 Christus
3061 3578 3306 3651 przedicit
3333 3582 3405 3633 τ’.
3439 3578 3555 3651 Ego
3577 3585 3752 3633 autem

2181 3678 2322 3735 sicut
2350 3690 2523 3747 agnus
2556 3676 2841 3739 innocens,
2868 3669 3065 3728 ductus
3105 3671 3171 3725 ad
3212 3671 3627 3736 immolandum,
3657 3682 3755 3723 non

2182 3768 2574 3837 cognoscebam
2620 3784 2636 3822 :
2680 3766 2809 3836 quia
2853 3766 3235 3837 cogitaverunt
3272 3778 3440 3835 super
3482 3777 3577 3821 me
3612 3761 3752 3831 cogi-

2187 3864 2447 3918 tationem
2495 3860 2718 3926 mslam,
2763 3858 3004 3914 dicentes
3056 3874 3075 3912 :
3119 3854 3342 3923 Venite,
3383 3867 3440 3912 et
3485 3857 3759 3913 mittamus

2184 3959 2384 4037 lignum
2427 3955 2482 4011 in
2523 3968 2719 4025 panem
2747 3952 2888 4023 ejus,
2918 3961 2975 4006 et
3005 3950 3299 4005 eradamus
3339 3965 3464 4005 eum
3505 3950 3579 4006 de
3618 3958 3753 4003 terra

2183 4046 2515 4115 viventium,
2563 4054 2619 4101 et
2667 4058 2869 4099 nomen
2920 4042 3039 4113 ejus
3090 4059 3199 4099 nou
3255 4052 3593 4099 memoretur
3641 4057 3752 4096 sm-

2184 4143 2325 4216 ptius
2343 4142 2410 4197 ".
2450 4158 2470 4194 ι
2501 4168 2573 4182 -——
2604 4157 2623 4190 ι
2662 4137 2892 4209 Lignum
2923 4156 2943 4192 ι
2979 4128 3248 4210 Propheta
3281 4137 3516 4208 appellat
3544 4136 3754 4191 vitalem

2183 4251 2436 4303 crucem;
2477 4253 2497 4288 ι
2538 4247 2758 4305 panem,
2794 4255 2815 4287 ι
2865 4233 3166 4298 Christum,
3195 4232 3272 4288 uti
3317 4232 3381 4287 de
3418 4247 3479 4287 se
3516 4230 3758 4287 Christus

2184 4330 2474 4387 conﬁrmat
2517 4347 2532 4384 :
2586 4347 2606 4381 ι
2658 4328 2773 4398 Ego
2820 4341 2939 4383 sum
2983 4327 3139 4395 panis
3179 4324 3358 4392 vivus,
3386 4324 3477 4395 qui
3520 4324 3592 4380 de
3630 4320 3759 4379 coelo

2185 4422 2439 4480 descendi
2460 4420 2528 4476 ¹⁶.
2568 4438 2587 4472 ›
3568 4421 3573 4425 ’

504 4508 569 4562 ad
602 4507 808 4577 frugem
842 4508 1098 4578 suscipite
1128 4507 1367 4563 divinam
1401 4508 1739 4575 doctrinam;
1777 4507 1853 4563 ait
1881 4508 2029 4563 enim
2062 4524 2076 4564 :
2112 4511 2160 4572 ἰ)
2258 4514 2432 4570 David
2464 4527 2686 4584 quoque
2714 4512 2782 4567 de
2815 4509 3043 4576 insanis,
3072 4518 3128 4565 et
3158 4509 3397 4580 pessimo
3426 4509 3654 4565 consilio
3678 4508 3756 4561 in-

510 4620 530 4652 ι
567 4599 632 4655 Et
660 4602 945 4672 disciplina
985 4613 1076 4656 tua
1110 4602 1346 4658 correxit
1378 4615 1465 4657 me
1498 4601 1551 4655 in
1583 4600 1743 4655 ﬁnem
1782 4618 1796 4656 :
1833 4612 1889 4657 et
1919 4602 2084 4658 disci-

503 4694 648 4765 plina
684 4705 774 4750 tua
809 4708 895 4748 me
931 4694 1241 4749 docebit'n
1283 4694 1347 4748 Et
1378 4709 1591 4749 rursum
1627 4692 1770 4748 LXX
1802 4711 1818 4749 :
1849 4712 1866 4746 ι
1908 4694 2082 4749 Disci-

510 4789 656 4858 plina
688 4786 902 4841 Domini
938 4786 1111 4855 aperit
1142 4801 1303 4842 aures
1332 4786 1552 4852 meas”;
1593 4808 1612 4838 ι
1649 4794 1813 4855 atque
1842 4786 2034 4841 iterum
2065 4806 2081 4842 :

510 4900 528 4933 ι
582 4881 868 4950 Castigans
908 4878 1191 4949 r-asrigavit
1234 4892 1318 4932 me
1360 4878 1643 4945 Dominus,
1675 4889 1730 4934 et
1770 4879 1932 4934 morti
1976 4894 2081 4935 non

511 4975 731 5030 tradidit
763 4972 909 5029 mc’.
944 4990 962 5023 ι
994 5001 1066 5012 ---
1102 4990 1119 5020 r
1152 4967 1229 5025 Ne
1264 4970 1477 5038 quando
1512 4970 1776 5025 irascatur
1802 4970 2084 5037 Dominus,

504 5079 559 5123 et
592 5068 826 5139 pereatis
860 5068 926 5121 de
958 5066 1039 5117 via
1072 5064 1215 5135 justa
1239 5063 1304 5115 ιο.
1348 5084 1363 5114 ο
1407 5062 1543 5117 lrnm
1578 5063 1807 5133 appellat
1845 5078 2093 5119 remune-

506 5159 733 5216 rationis
773 5160 960 5227 diem;
1004 5157 1181 5227 perire
1208 5158 1273 5210 de
1313 5156 1393 5209 via
1432 5155 1598 5223 justa,
1628 5157 1880 5214 excidere
1920 5167 2002 5213 est
2032 5173 2095 5213 ac

511 5252 763 5310 lrusuari
832 5251 1021 5307 dextra
1085 5248 1284 5318 judicis
1352 5249 1701 5315 assistentia,
1751 5265 1855 5321 qua
1920 5263 2097 5315 sancti

510 5360 698 5400 omnes
732 5358 795 5400 ac
824 5344 956 5415 justi
992 5347 1262 5401 fruentur.
1299 5361 1316 5394 ι
1359 5343 1493 5397 Cum
1539 5347 1806 5399 exarserit
1846 5346 1899 5399 in
1939 5345 2087 5400 brevi

510 5438 589 5492 ira
643 5435 850 5506 ejus“.
904 5455 925 5490 ι
984 5438 1341 5510 Bepentinam
1394 5436 1684 5491 vindictam
1734 5453 1797 5496 ac
1848 5439 2082 5496 furorem

570 5599 590 5628 ’
620 5596 766 5652 Psal.
799 5612 863 5663 ιι,
892 5595 949 5661 7,
978 5595 1033 5653 8.

501 5670 517 5703 ⁵
547 5669 649 5733 lsa,
682 5685 735 5736 ι,
767 5668 821 5723 5.

1110 5599 1131 5631 ³
1162 5599 1327 5655 Joan.
1354 5614 1413 5666 ι,
1447 5598 1536 5663 1-1,
1572 5599 1660 5654 15.

901 5669 922 5703 ⁸
950 5668 1095 5725 Psal.
1124 5687 1269 5727 cxvrt
1318 5670 1373 5725 8.
1455 5670 1497 5702 ‘°
1532 5667 1671 5727 Psal.
1705 5685 1761 5729 tt.
1798 5668 1884 5723 12.

504 5741 693 5811 12-‘2‘2',
726 5739 895 5797 Eccli.
924 5756 987 5805 tt,
1021 5741 1103 5811 1'5,
1134 5744 1218 5800 Η.
1256 5757 1262 5761 ‘
1299 5743 1339 5775 ¹⁵
1370 5738 1571 5797 locum.
1602 5758 1676 5809 Χι,
1706 5741 1793 5801 19,
1823 5741 1915 5797 20.

504 5812 541 5844 ιι
564 5808 675 5867 isti.
702 5825 873 5875 xsvu,
902 5812 986 5870 l3.

1737 5597 1758 5630 "
1790 5597 1933 5653 Psal.
1965 5617 2028 5663 ll,
2066 5603 2151 5657 10.

1966 5671 2008 5703 τι
2042 5674 2284 5731 itiiol.15.
2363 5676 2405 5704 "
2439 5673 2627 5730 Matth.
2662 5690 2787 5738 xxv,
2821 5674 2910 5728 42.

2019 5745 2061 5775 ¹⁶
2093 5744 2245 5806 iussu.
2282 5763 2354 5809 vr,
2385 5747 2475 5801 rit.

2188 4608 2414 4667 Structis
2449 4608 2525 4663 ait
2557 4623 2575 4662 :
2615 4624 2635 4660 ι
2675 4603 2933 4661 Fructum
2966 4620 3157 4663 eorum
3187 4608 3257 4660 de
3289 4613 3433 4659 terra
3469 4605 3681 4674 perdes,
3708 4607 3756 4654 et

2189 4716 2376 4757 semen
2419 4713 2607 4755 eorum
2645 4714 2672 4754 a
2713 4696 2841 4753 ﬁliis
2874 4697 3154 4753 hominum
3194 4697 3495 4767 :quoniam
3529 4694 3753 4750 declina-

2185 4798 2382 4846 verunt
2415 4790 2468 4845 in
2516 4800 2568 4846 te
2606 4789 2771 4856 mala,
2806 4792 3183 4861 eugitaverunt
3217 4788 3466 4853 consilia,
3497 4803 3617 4856 quae
3653 4798 3749 4838 non

2185 4892 2481 4954 potuerunt
2509 4884 2753 4940 stabilire
2781 4901 2795 4937 :
2826 4884 3081 4954 quoniam
3113 4896 3280 4952 pones
3303 4896 3395 4937 eos
3425 4881 3670 4943 dorsum;
3702 4875 3750 4928 in

2193 4978 2435 5049 reliquiis
2462 4979 2573 5033 tuis
2604 4976 2939 5049 praeparabis
2966 4975 3166 5029 vultum
3200 4988 3384 5029 eorum
3407 4973 3473 5035 ",
3517 4990 3536 5023 ι
3578 4971 3625 5025 id
3657 4974 3749 5031 est,

2194 5070 2246 5124 in
2287 5085 2555 5142 perennes
2587 5080 2750 5141 atque
2782 5070 3102 5125 interminos
3136 5066 3407 5123 cruciatus
3434 5065 3746 5121 abeuntinni.

2190 5161 2293 5219 Job
2337 5164 2498 5219 etiam
2553 5181 2569 5218 :
2622 5182 2641 5214 ι
2695 5163 2838 5218 Dens
2887 5163 3082 5233 impios
3124 5176 3232 5215 non
3275 5159 3467 5220 salvat,
3504 5176 3524 5210 ι
3570 5154 3745 5211 LXX:

2201 5274 2218 5307 ι
2260 5271 2326 5311 eo
2361 5258 2502 5325 quod
2539 5256 2831 5310 noluerunt
2873 5254 3014 5311 scire
3057 5252 3344 5309 Dominum
3366 5251 3432 5307 ⁸⁸.
3468 5268 3489 5304 ι
3539 5237 3701 5306 Ιεειὶίιέ
3731 5258 3743 5295 :

2202 5367 2220 5399 ι
2269 5347 2471 5402 Vanum
2540 5357 2623 5402 est
2683 5346 2968 5402 consilium
3040 5357 3256 5417 patrum
3320 5342 3737 5414 vestrorum".i

2197 5442 2343 5497 luem
2378 5456 2593 5497 rursum
2628 5459 2643 5494 :
2681 5458 2701 5493 ‹
2732 5439 2826 5496 Va:
2871 5440 2964 5494 ﬁlii
2995 5439 3323 5507 desertores,
3348 5439 3480 5496 dicit
3513 5436 3742 5493 Dominus

2805 5603 2827 5635 ⁸
2857 5600 2997 5657 Psal.
3031 5617 3092 5665 ll,
3130 5600 3213 5654 1‘2.
3290 5601 3310 5632 '
3339 5600 3480 5657 Psul.
3517 5616 3636 5660 xvu,
3662 5594 3740 5649 56.

2990 5673 3033 5704 ³³
3062 5672 3204 5726 Paul.
3237 5688 3298 5734 tt,
3319 5672 3404 5725 13.
3482 5670 3524 5703 ¹¹⁵
3541 5676 3655 5732 δην.
3684 5680 3740 5724 ΙΙ.

2581 5748 2623 5778 ³⁷
2654 5734 2795 5800 Psal.
2828 5762 2918 5814 xx,
2955 5746 3041 5809 Η,
3073 5745 3160 5801 12.
3266 5745 3307 5775 ⁸⁸
3337 5743 3437 5797 Job
3492 5756 3667 5800 um.
3692 5734 3744 5789 θα

2250 5606 2270 5635 δ
2305 5602 2493 5657 Matth.
2524 5618 2619 5668 vn,
2648 5604 2699 5659 1.
