3988 6284
228 412 324 477 901

1258 404 1645 468 DIALOGUS
1668 403 1974 465 CONTRA
2004 400 2352 463 'IUDAEOS.

3379 391 3498 457 909.

232 536 288 581 ut
313 524 559 580 faceretis
587 522 901 589 consilium,
932 528 986 576 ct
1012 536 1116 576 non
1150 537 1214 575 ex
1247 536 1330 574 me
1361 536 1374 574 :
1406 529 1462 574 et
1491 514 1805 572 ordiremini
1835 514 1885 574 Α
1917 531 1935 564 ι
1981 510 2126 566 Muta
2169 513 2298 565 tiant
2342 510 2483 565 labia
2525 508 2730 574 dolosa,
2762 522 2881 579 qnte
2912 506 3206 576 loquuntur
3237 503 3493 558 adversus

232 616 410 681 telam,
441 624 496 669 et
530 628 638 668 non
677 606 772 684 per
805 608 1066 684 Spiritum
1103 611 1361 668 mourn“.
1403 630 1421 664 ι
1464 608 1758 664 Zacharias
1789 624 1804 661 ε

235 728 252 759 ι
291 704 411 762 Ilaec
440 704 574 760 dicit
607 703 865 759 Dominus
894 720 909 758 :
944 701 1057 774 Ego
1090 718 1195 757 non
1231 717 1449 774 parcam
1474 701 1613 756 ultra
1648 714 1811 768 super

228 797 533 855 habitantes
588 808 795 852 terram
852 812 869 852 :
921 810 1050 852 ecce
1106 810 1209 866 ego
1264 799 1473 849 tradam
1526 795 1808 862 homines,

230 904 670 961 unumquemque
717 890 770 943 in
816 903 978 943 manu
1027 888 1259 959 proximi
1304 886 1412 953 sui,
1454 898 1506 941 et
1552 886 1603 941 in
1646 901 1808 940 manu

230 984 368 1057 regis
392 983 476 1040 sui
512 1001 525 1038 :
561 990 620 1037 et
654 980 941 1038 concident
969 996 1082 1046 eos,
1113 990 1163 1034 et
1191 996 1297 1033 non
1325 995 1508 1035 eruam
1546 980 1613 1034 de
1648 994 1811 1034 manu

230 1091 415 1133 eorum
446 1093 460 1131 :
488 1085 546 1132 et
575 1090 799 1146 pascam
834 1089 963 1131 oves
995 1073 1283 1129 occisionis
1316 1073 1367 1127 in
1399 1072 1810 1128 Chanaanitide.

236 1168 300 1225 Et
330 1182 613 1224 assumant
650 1168 782 1223 mihi
814 1168 949 1223 duas
973 1167 1155 1237 virgas
1190 1185 1205 1221 :
1239 1180 1401 1221 unam
1429 1165 1616 1220 vocavi
1648 1165 1813 1220 Deceo

230 1276 340 1317 rem
389 1279 403 1317 :
458 1269 515 1317 et
559 1258 791 1315 alteram
839 1262 1028 1314 vocavi
1086 1257 1430 1315 Funiculum.
1477 1260 1543 1314 Et
1596 1272 1811 1329 pascam

231 1369 374 1409 ores.
406 1353 477 1409 Et
523 1355 772 1409 auferam
822 1362 931 1407 tres
975 1365 1224 1423 pastores
1266 1356 1316 1409 in
1358 1368 1543 1409 mense
1584 1368 1720 1419 uno;
1761 1363 1816 1407 et

241 1450 576 1518 ingravescet
629 1448 811 1503 anima
862 1466 979 1505 mea
1031 1465 1195 1521 super
1245 1465 1340 1505 eos
1393 1466 1407 1503 :
1454 1447 1717 1517 siquidem
1760 1456 1816 1502 ct

231 1543 419 1596 anima!
445 1556 639 1597 eorum
678 1545 956 1615 rugicbant
981 1559 1146 1611 super
1173 1543 1345 1598 me“.
1381 1561 1401 1594 ι

806 1635 1036 1691 CAPUT
1076 1634 1234 1690 LVll.

235 1724 475 1783 Psalmus
512 1745 609 1784 χιι
634 1729 699 1784 de
733 1729 935 1785 Christi
962 1745 1189 1799 persona
1214 1730 1477 1799 eleganter
1499 1727 1815 1798 explicatur.

304 1818 469 1875 David
513 1839 528 1874 :
571 1824 596 1872 ‘s
634 1822 1128 1877 Circumdcderunt
1160 1836 1245 1875 me
1275 1820 1426 1875 vituli
1467 1820 1640 1885 multi,
1676 1821 1812 1875 tauri

236 1913 455 1983 pingues
494 1912 831 1969 obsederunt
877 1914 1043 1968 me”.
1087 1932 1106 1966 ι
1156 1913 1221 1967 Et
1267 1930 1478 1968 rursum
1532 1932 1545 1967 :
1597 1931 1616 1964 ι
1670 1914 1815 1969 Dixit

234 2005 491 2075 insipiens
525 2009 582 2061 in
610 2006 778 2062 corde
809 2022 928 2073 suo,
954 2004 1069 2062 Non
1100 2016 1180 2061 est
1208 2004 1383 2062 Deus:
1423 2010 1659 2075 corrupti
1688 2016 1816 2061 sunt

232 2109 285 2156 et
315 2100 717 2157 abominabiles
754 2099 882 2157 facti
918 2111 1043 2155 sunt
1086 2101 1137 2155 in
1183 2101 1378 2157 studiis
1417 2100 1530 2155 suis
1571 2115 1587 2155 :
1627 2114 1815 2155 omnes

234 2186 663 2262 declinaverunt,
701 2193 863 2249 simul
916 2193 1137 2249 inutiles
1186 2195 1313 2248 l'acti
1364 2202 1523 2261 sunt;
1573 2207 1683 2248 non
1734 2202 1817 2249 est

231 2286 318 2354 qui
353 2284 522 2343 iaciat
556 2288 784 2353 bonum,
812 2303 918 2343 non
958 2296 1044 2343 est
1079 2303 1251 2358 usque
1289 2289 1357 2345 ad
1401 2304 1565 2343 unum
1585 2289 1649 2343 ’³.
1687 2306 1705 2341 ι
1749 2288 1815 2346 Et

235 2377 425 2434 iterum
459 2396 478 2437 :
515 2399 536 2435 s
571 2380 789 2437 inimici
818 2382 923 2437 mei
955 2383 1191 2438 animam
1229 2397 1404 2438 uncam
1440 2382 1817 2439 circumdede-

234 2482 352 2530 runt
386 2490 402 2528 :
442 2475 669 2545 adipem
706 2491 862 2532 suum
902 2476 1310 2542 coneluseruut,
1346 2491 1408 2533 os
1443 2491 1631 2533 eorum
1667 2477 1816 2533 locu-

233 2573 338 2620 tum
372 2576 460 2623 est
496 2568 843 2640 superbiam.
877 2568 1234 2640 Projieicntes
1275 2584 1362 2625 me
1394 2584 1540 2624 nunc
1576 2567 1815 2625 circum-

239 2659 502 2718 dederunt
536 2676 668 2729 sne;
711 2660 898 2717 oculos
933 2677 1062 2718 suos
1100 2659 1406 2718 statuerunt
1440 2662 1715 2719 declinare
1758 2662 1812 2718 in

234 2760 448 2810 terram.
477 2755 864 2826 Susceperunt
892 2770 980 2811 me
1009 2755 1154 2812 sicut
1187 2754 1273 2812 leo
1310 2763 1533 2825 paratus
1569 2756 1637 2813 ad
1676 2772 1816 2827 prte-

235 2844 379 2914 dam,
401 2858 459 2905 et
485 2850 638 2905 sicut
668 2850 879 2906 catulus
914 2849 1085 2907 leonis
1115 2850 1370 2907 habitans
1395 2850 1674 2908 inabditis
1688 2850 1757 2908 “.
1784 2870 1807 2907 ι

237 2936 302 2992 Et
329 2940 489 3011 paulo
528 2952 654 3013 post
692 2958 708 2997 :
746 2960 766 2994 ι
800 2939 1046 2998 Saturati
1084 2952 1211 2998 sunt
1239 2941 1387 3009 ﬁliis,
1415 2953 1469 2998 et
1498 2943 1817 3003 dimiserunt

232 3023 487 3103 reliquias
554 3050 686 3091 suas
751 3034 991 3109 parvulis
1045 3036 1159 3097 suis
1183 3036 1251 3092 ".
1309 3056 1328 3089 ι
1385 3038 1562 3108 Atque
1610 3037 1737 3095 alibi
1795 3056 1813 3096 :

240 3139 263 3175 ι
294 3124 645 3198 Aperuerunt
672 3142 837 3198 super
872 3144 959 3183 me
993 3143 1055 3183 os
1091 3143 1270 3197 suum,
1302 3128 1444 3185 sicut
1477 3129 1561 3186 leo
1589 3131 1816 3202 rapiens

238 3225 292 3274 ct
327 3219 640 3290 rugiens".
675 3238 696 3274 ι
746 3219 891 3279 idem
937 3236 1003 3277 es
1043 3220 1203 3278 Pilati
1246 3236 1482 3294 persona
1528 3239 1544 3278 :

237 3308 534 3371 Ecclesiam
589 3312 1035 3387 malignantium,
1079 3324 1135 3372 et
1172 3330 1299 3373 cum
1340 3316 1524 3389 impiis
1572 3332 1677 3375 non
1716 3333 1820 3376 se—

233 3401 386 3461 debo.
421 3405 644 3463 L‘avabo
682 3407 824 3464 inter
880 3414 1139 3469 nocentes
1198 3424 1388 3466 manus
1425 3425 1574 3468 meas
1588 3412 1656 3467 ".
1689 3429 1708 3473 ι
1755 3412 1818 3468 Et

235 3496 301 3553 de
337 3499 693 3571 pontiﬁcibus
736 3518 753 3557 :
802 3517 822 3553 ι
862 3500 921 3558 ln
963 3516 1192 3573 quorum
1226 3503 1479 3560 manibus
1507 3502 1822 3575 iniquitates

232 3600 385 3661 sunt,
433 3594 635 3649 dextra
686 3606 880 3651 eorum
944 3595 1145 3665 repleta
1188 3605 1281 3653 est
1334 3598 1735 3656 muneribus“.
1794 3617 1817 3654 s

232 3682 429 3743 lterum
470 3699 734 3758 tanquam
774 3702 907 3744 voce
942 3689 1122 3745 carnis
1160 3709 1176 3746 :
1224 3709 1244 3744 ι
1286 3688 1365 3753 Ne
1405 3691 1694 3748 tradideris
1735 3706 1823 3759 me

237 3776 289 3834 in
316 3779 537 3838 animas
565 3780 943 3836 tribulantium
976 3797 1088 3848 me,
1115 3783 1371 3853 quoniam
1405 3784 1822 3843 insurrexerunt

231 3871 287 3928 in
318 3885 613 3932 metentes
650 3876 821 3948 iniqui
843 3876 908 3932 ”.
948 3894 966 3928 ι
1016 3876 1085 3933 Et
1118 3877 1186 3933 de
1224 3876 1819 3936 PbarismisChrlstum

231 3976 422 4034 capere
478 3964 802 4022 conantibus
851 3984 866 4022 :
921 3984 940 4019 ι
982 3966 1083 4036 Qui
1127 3967 1421 4037 loquuntur
1463 3984 1651 4041 pacem
1695 3987 1821 4027 cum

229 4057 483 4125 proximo
527 4073 652 4127 suo,
682 4058 820 4113 mala
863 4071 1049 4115 autem
1101 4060 1156 4116 in
1202 4061 1457 4119 cordibus
1499 4078 1710 4118 eorum.
1742 4061 1821 4119 Da

233 4148 360 4221 illis,
382 4152 639 4216 Domine,
660 4151 955 4209 secundum
998 4166 1161 4222 opera
1195 4169 1413 4223 eorum;
1443 4163 1499 4211 et
1526 4139 1819 4212 secundum

234 4245 535 4314 nequitiam
559 4244 1003 4303 adinventionum
1029 4248 1267 4319 ipsorum
1293 4266 1309 4306 :
1333 4251 1631 4307 secundum
1656 4266 1820 4321 opera

242 4351 504 4394 manuum
550 4352 739 4395 eorum
786 4338 964 4395 tribue
1014 4340 1150 4408 illis,
1196 4341 1359 4397 redde
1406 4342 1817 4400 retributionem

235 4443 425 4488 eorum
478 4430 614 4501 ipsis
670 4447 685 4486 :
737 4431 992 4503 quoniam
1048 4448 1157 4488 non
1209 4434 1593 4491 intellexerunt
1656 4450 1821 4505 opera

239 4518 473 4590 Domini,
502 4531 557 4577 et
582 4522 638 4579 in
666 4523 924 4594 operibus
955 4539 1215 4580 manuum
1258 4526 1375 4596 ejus
1393 4524 1458 4582 ".
1492 4545 1514 4581 ι
1554 4526 1644 4583 Dei
1678 4528 1817 4585 iacta

1908 605 2111 675 justum
2145 602 2485 671 iniquitatem
2506 602 2572 654 ³⁸.
2611 619 2628 651 ι
2664 602 2903 655 Rursum
2932 598 3078 653 velut
3108 612 3137 649 a
3168 609 3398 667 corpore
3427 596 3494 650 ad

1910 698 2246 755 disinitatem
2286 713 2300 751 :
2345 714 2366 748 ι
2408 694 2705 750 Exsultatio
2736 708 2878 761 mea,
2925 705 3054 747 erue
3086 704 3172 744 me
3197 703 3229 742 a
3257 688 3497 743 circum-

1913 791 2165 846 dantibus
2194 803 2282 844 me
2302 789 2372 845 ³⁸.
2406 806 2426 841 ι
2462 788 2526 843 Et
2553 789 2800 841 invectus
2830 786 2882 839 in
2916 782 3257 855 Syuagogam
3292 779 3493 833 Christi

1914 896 2049 937 nece
2106 878 2366 936 infatuem
2423 897 2437 935 :
2500 897 2518 930 ι
2581 877 2998 933 Confunduntur
3045 884 3100 930 et
3153 882 3495 930 revertantur

1914 975 2077 1033 simul
2124 974 2214 1044 qui
2262 983 2513 1043 qumrunt
2554 971 2792 1026 animam
2839 985 3013 1025 mcam
3060 986 3075 1024 :
3113 976 3497 1021 convertuntur

1915 1081 2216 1126 retrorsum
2245 1078 2301 1127 et
2328 1079 2685 1125 revereantur
2711 1066 2802 1138 qui
2832 1064 3017 1119 volunt
3049 1062 3179 1117 mihi
3214 1060 3352 1114 mala
3373 1060 3437 1142 θ’.
3473 1078 3491 1109 ι

1915 1166 1972 1221 ln
2015 1164 2182 1220 falsos
2226 1179 2444 1235 quoque
2490 1172 2656 1218 testes
2697 1164 2809 1215 haec
2858 1157 3173 1227 pronuntiat
3219 1174 3232 1209 :
3286 1173 3303 1205 ι
3360 1152 3498 1207 Sur-

1916 1274 2108 1333 gentes
2146 1273 2315 1318 testes
2354 1262 2547 1329 iniqui,
2581 1274 2698 1327 qum
2736 1255 3047 1328 ignorabam
3089 1251 3499 1320 interrogabant

1919 1372 2038 1422 me;
2075 1356 2449 1410 retribuebant
2481 1352 2611 1419 mihi
2650 1351 2788 1405 mala
2814 1363 2914 1417 pro
2948 1346 3129 1407 bonis,
3155 1343 3495 1397 sterilitatem

1919 1450 2118 1505 anima:
2150 1465 2282 1504 nica:
2301 1447 2365 1502 ³⁸.
2404 1467 2423 1498 ι
2464 1446 2523 1499 Et
2558 1447 2746 1497 iterum
2792 1460 2805 1496 :
2850 1461 2868 1492 ι
2912 1439 3026 1495 Non
3062 1435 3499 1504 Stipergandrant

1924 1543 2083 1607 Inibi,
2113 1544 2203 1613 qui
2238 1541 2598 1607 adversantur
2629 1535 2757 1591 mibi
2789 1535 2991 1604 inique,
3022 1531 3113 1601 qui
3151 1532 3382 1584 oderunt
3414 1541 3499 1580 me

1920 1636 2109 1708 gratis,
2142 1645 2197 1689 et
2234 1640 2480 1687 abnuunt
2520 1630 2691 1684 oculis
2741 1647 2755 1682 :
2804 1626 3058 1695 quoniam
3106 1622 3238 1678 Inibi
3280 1620 3504 1690 quidem.

1921 1728 2147 1798 pacilicc
2189 1722 2570 1796 loquebantur,
2605 1732 2659 1779 et
2700 1724 2749 1777 iu
2791 1717 3263 1794 iracundiadolos
3295 1715 3499 1785 cogita-

1922 1824 2051 1877 bant
2071 1822 2136 1875 ".
2169 1840 2187 1871 ι
3442 1864 3445 1869 .

1990 1917 2108 1970 .lam
2166 1914 2292 1970 illud
2342 1929 2450 1983 quo
2503 1910 2743 1967 referes?
2801 1928 2819 1962 ί
2876 1905 3202 1963 Considerat
3249 1911 3502 1974 peccator

1919 2010 2147 2081 justum,
2175 2016 2229 2063 et
2255 2006 2446 2078 quaerit
2478 2005 2803 2061 mortificare
2830 2015 2951 2056 emn
2982 2019 2996 2055 :
3027 1999 3286 2054 Dominus
3316 2006 3498 2050 autem

1924 2119 2033 2161 non
2061 2100 2404 2172 derelinquet
2431 2117 2553 2153 eum
2587 2099 2640 2154 in
2676 2097 2928 2152 manibus
2959 2093 3075 2159 eius
3104 2110 3119 2149 :
3148 2107 3247 2146 nec
3274 2092 3500 2144 damna-

1920 2198 2000 2255 bit
2028 2210 2177 2265 eum,
2206 2212 2328 2254 cum
2359 2193 2692 2265 iudicabitur
2720 2191 2792 2244 illi
2820 2190 2883 2242 ³⁸.
2922 2208 2939 2241 ι
2982 2186 3248 2241 Caeterum
3287 2183 3400 2237 lucc
3434 2181 3502 2235 de

1920 2291 2143 2349 Christo
2182 2306 2199 2348 :
2243 2308 2264 2344 ι
2298 2288 2693 2345 Benediccntes
2725 2284 2777 2338 ci
2818 2282 3207 2341 haereditabunt
3244 2288 3441 2331 terram
3484 2291 3499 2328 :

1923 2384 2313 2441 maledicentes
2336 2390 2519 2437 autem
2548 2377 2597 2433 ei
2627 2373 3058 2445 disperibunt".
3094 2390 3113 2425 ι
3153 2370 3321 2432 Dictis
3354 2368 3504 2423 isaae

1922 2482 2289 2533 consentanea
2338 2472 2553 2528 loeutus
2600 2476 2687 2523 est
2722 2466 2918 2521 David.
2953 2463 3045 2519 Ille
3091 2463 3235 2519 enim
3286 2462 3503 2531 prospi-

1888 2573 2106 2639 ciens,
2151 2567 2296 2640 quod
2324 2582 2413 2629 ,οι
2461 2565 2630 2634 stirpe
2671 2554 2837 2618 Jacob
2881 2559 3215 2630 exspectatio
3264 2557 3502 2628 gentium

1919 2649 2178 2723 Christus
2207 2661 2447 2721 oriturns
2476 2668 2639 2724 esset,
2669 2658 2748 2712 sic
2780 2655 3044 2726 praescius
3078 2652 3255 2706 aiebat
3286 2669 3299 2705 :
3334 2670 3359 2723 ,ι
3400 2649 3503 2716 Qui

1923 2754 2273 2819 maledixerit
2308 2754 2430 2821 tibi,
2459 2753 2534 2808 sit
2567 2736 2657 2806 ille
2695 2749 3017 2806 maledictus
3056 2765 3076 2823 γε
3118 2754 3174 2801 et
3206 2746 3297 2815 qui
3340 2744 3506 2799 bene-

1922 2851 2125 2910 dixerit
2152 2849 2274 2915 tibi,
2302 2838 3162 2921 benedictionibusrepleatur“.
3192 2856 3211 2891 ι
3244 2837 3310 2891 At
3334 2836 3504 2891 David

1922 2954 2112 3005 noster
2146 2959 2233 2999 ελ
2273 2939 2667 3003 Benedicentes
2708 2938 2757 2991 ei
2803 2931 3203 2990 haereditabunt
3245 2938 3442 2983 terram
3486 2969 3505 2993 ,

1922 3014 2315 3095 maledicentes
2363 3042 2550 3089 autem
2604 3031 2655 3087 ei
2704 3023 3131 3100 disperibunt“.
3189 3042 3207 3077 ι
3263 3023 3505 3086 Qum-um

1924 3131 2214 3189 verborum
2253 3128 2373 3185 haec
2408 3123 2693 3197 sententia,
2719 3132 2845 3179 est:
2885 3118 3347 3186 Quemadmodum
3391 3126 3504 3170 tum

1593 3243 1614 3278 ι
1660 3224 1814 3282 0divl
1844 3224 2027 3305 (μοιὶ
2067 3238 2133 3281 ex
2166 3217 2335 3299 Iacob
2359 3218 2511 3287 nati,
2547 3230 2820 3273 nonvero
2863 3214 3028 3268 etiam
3068 3226 3131 3267 ex
3173 3207 3339 3273 Esau,
3374 3209 3501 3278 pro-

1922 3317 2146 3374 missam
2180 3323 2383 3368 terram
2416 3307 2755 3378 occupabant
2792 3320 2807 3360 :
2846 3304 2917 3358 ita
2953 3317 3095 3357 nunc
3125 3316 3341 3371 quoque
3376 3300 3501 3365 soli,

1923 3409 2015 3480 qui
2056 3406 2279 3465 Christo
2324 3406 2463 3460 bene
2505 3404 2721 3467 volunt,
2747 3398 2952 3468 absque
2995 3395 3062 3451 iis
3103 3394 3193 3463 qui
3235 3394 3372 3447 male
3415 3408 3509 3445 vo-

1926 3502 2063 3566 lunt,
2096 3497 2377 3555 ctelestem
2422 3510 2486 3552 ac
2527 3506 2818 3566 perennem
2866 3488 3287 3559 Hierosolymam
3335 3486 3508 3555 possi-

1911 3592 2233 3740 ’όθῗιᾛῖιω
2267 3679 2435 3738 David
2481 3695 2497 3734 :
2550 3695 2569 3730 ι
2609 3674 2947 3748 Multiplicati
2984 3683 3113 3730 sunt
3147 3673 3238 3741 qui
3278 3671 3510 3726 oderunt

1931 3795 2018 3835 me
2054 3776 2259 3847 inique,
2286 3773 2379 3845 qui
2414 3772 2724 3843 retrihuunt
2753 3770 2891 3825 mala
2922 3782 3020 3839 pro
3052 3767 3226 3833 bonis,
3259 3765 3511 3820 detrahe-

1931 3872 2058 3931 bant
2095 3868 2258 3936 mihi,
2292 3867 2546 3939 quoniam
2584 3864 2858 3935 sequebar
2890 3862 3183 3918 bonitatem
3206 3859 3283 3926 “;
3327 3878 3345 3910 ι
3386 3873 3539 3943 quas

1926 3982 1993 4022 ex
2016 3948 2309 4036 ’Unigeniti
2337 3962 2433 4018 Dei
2462 3960 2584 4016 Filii
2613 3972 2843 4034 persona
2868 3955 3023 4013 dicit.
3050 3953 3298 4028 ibidem:
3331 3972 3353 4009 ι
3386 3950 3505 4009 Vim

1914 4038 2343 4128 iaciebant,qui
2386 4054 2698 4125 quaerebant
2745 4052 2982 4109 animam
3034 4065 3208 4105 meum
3254 4068 3271 4111 ε
3318 4057 3371 4103 et
3414 4045 3507 4117 qui

1924 4152 2274 4225 inquirebant
2319 4148 2459 4204 mala
2512 4145 2687 4212 mihi,
2730 4143 2900 4203 locuti
2949 4152 3079 4201 sunt
3121 4141 3415 4211 vanitates,
3454 4151 3509 4199 et

1932 4248 2087 4305 dolos
2132 4254 2249 4301 tota
2294 4243 2383 4299 die
2424 4241 2841 4298 meditabantur.
2876 4238 2986 4310 Ego
3028 4247 3205 4295 autem
3251 4247 3506 4306 tanquam

1923 4344 2125 4399 surdus
2158 4355 2266 4395 non
2301 4336 2618 4401 audiebam,
2645 4343 2702 4392 et
2730 4334 2874 4394 sicut
2903 4343 3225 4411 mutusnon
3255 4332 3509 4403 aperiens

1923 4453 1985 4494 os
2018 4449 2174 4492 suum
2212 4449 2228 4488 :
2264 4440 2315 4488 et
2351 4430 2525 4487 lactus
2558 4444 2681 4485 sum
2717 4428 2858 4489 sicut
2904 4428 3069 4484 homo
3112 4414 3508 4492 non‘audicns,

1924 4540 1981 4587 et
2027 4545 2129 4584 non
2178 4527 2383 4582 habens
2428 4524 2483 4579 in
2528 4537 2622 4577 ore
2672 4536 2769 4576 suo
2814 4520 3225 4592 redargutiones
3248 4520 3315 4577 ⁸³.
3362 4538 3381 4571 ι
3428 4521 3510 4575 Ae

237 4621 292 4669 et
314 4629 487 4685 opera
517 4630 799 4683 manuum,
823 4626 983 4671 vocat
1015 4616 1343 4673 ineffabilem
1375 4621 1441 4674 ad
1474 4634 1570 4677 nos
1597 4621 1823 4678 descen-
1849 4601 1903 4663 ι)
1932 4625 2059 4680 talia
2112 4620 2328 4690 quidem
2374 4616 2447 4672 de
2506 4614 2721 4673 silentio
2776 4612 2981 4676 Christi
3032 4612 3299 4685 patientis
3338 4609 3509 4667 DaVid

240 4721 380 4772 sum.
411 4717 468 4765 et
510 4709 658 4765 orbis
694 4719 962 4765 terrarum
999 4711 1231 4767 salutem
1270 4727 1335 4767 ex
1373 4713 1634 4771 immensa
1670 4717 1824 4773 boni-

242 4806 349 4856 tate
380 4801 659 4861 collatam.
688 4800 834 4857 lclem
865 4817 1083 4859 rursum
1114 4821 1131 4860 ε
1168 4824 1188 4858 ς
1222 4804 1395 4877 Super
1420 4824 1611 4864 OllllteS
1642 4811 1822 4865 inimi-

240 4906 334 4951 cos
373 4910 524 4950 meos
563 4892 741 4950 factus
794 4911 912 4952 sum
956 4897 1329 4967 opprobrium,
1362 4911 1414 4956 et
1451 4902 1647 4959 vicinis
1690 4904 1823 4960 meis

239 4985 413 5051 valde,
434 4994 488 5041 et
518 4986 679 5043 timor
704 4987 852 5043 notis
878 4990 1012 5044 meis
1029 4989 1096 5045 “.
1127 5008 1146 5043 ι
1180 4992 1318 5059 Quid
1342 4995 1438 5061 ita,
1462 5009 1495 5048 o
1516 4994 1823 5065 Propheta?

248 5092 266 5126 ι
308 5078 572 5143 Quoniam
620 5078 801 5134 audivi
838 5080 1292 5150 vituperationem
1333 5086 1624 5143 multorum
1670 5103 1816 5145 eom-

246 5172 569 5227 morantium
622 5170 679 5227 ln
726 5171 961 5229 circuitu
1010 5191 1024 5229 :
1075 5175 1129 5230 in
1184 5192 1249 5231 eo
1298 5178 1424 5234 dum
1469 5184 1822 5238 convenirent

247 5261 428 5331 simul,
462 5264 712 5336 accipere
748 5266 989 5323 animam
1025 5285 1202 5325 meam
1244 5272 1514 5327 consiliati
1550 5276 1757 5330 sunt".
1794 5293 1813 5329 ι

314 5354 431 5412 .lam
463 5357 717 5423 injustam
744 5357 950 5413 Christi
981 5375 1189 5424 necem,
1216 5370 1269 5416 et
1293 5364 1340 5417 ei
1375 5361 1572 5419 frustra
1602 5380 1821 5437 compa-

248 5457 415 5506 ratam
454 5450 698 5506 l'raudem
736 5452 1098 5523 prospiciens,
1140 5454 1330 5509 scribit
1365 5454 1417 5508 in
1458 5456 1572 5511 ιιωο
1609 5460 1768 5510 verba
1806 5475 1820 5513 :

314 5664 363 5699 ’⁵
393 5664 499 5718 isa.
530 5677 659 5725 xxx,
689 5661 738 5716 ι.

250 5733 295 5765 ³⁸
318 5735 459 5793 Psal.
491 5748 607 5799 nt,
638 5733 721 5787 M.
799 5733 843 5765 ³⁷
876 5733 1019 5797 Psal.
1045 5748 1172 5799 xxv,
1202 5732 1258 5795 ὅ,
1290 5730 1344 5786 6.

255 5875 297 5909 ³⁸
326 5876 469 5932 l‘sal.
505 5891 689 5936 uitri,
722 5874 808 5942 52,
843 5874 930 5929 55.

818 5662 862 5693 ἰ
889 5662 1119 5719 Zacbar.
1147 5675 1223 5721 st,
1256 5658 1373 5718 6.8.
1450 5662 1496 5694 "
1524 5660 1663 5719 Psal.
1694 5676 1812 5730 sui,
1843 5663 1894 5716 1.

876 5733 1019 5797 Psal.
1045 5748 1172 5797 xxv,
1202 5732 1258 5795 5,
1290 5731 1344 5786 6.
1422 5734 1468 5766 ³⁸
1499 5733 1628 5789 ibid.
1663 5732 1750 5789 l0.
1829 5735 1874 5765 "
1908 5731 2054 5787 P'sal.
2092 5749 2152 5796 ιι,
2190 5734 2243 5797 6,
2274 5733 2365 5789 ‘ll.

253 5804 339 5861 12.
410 5808 454 5838 ³³
486 5805 618 5860 ibid.
649 5804 735 5859 Li.
812 5804 859 5837 ³⁸
884 5805 1029 5859 Psal.
1058 5820 1190 5868 xxx,
1219 5804 1308 5859 l9.
1384 5802 1430 5837 “
1462 5803 1604 5860 Psal.
1640 5804 1860 5869 sunt.

255 5875 297 5909 ³⁸
326 5876 469 5932 l‘sal.
505 5891 689 5932 uitri.
722 5874 808 5932 52.
843 5874 930 5929 55.
1010 5875 1052 5908 ³⁹
1085 5876 1217 5930 ibid.
1246 5874 1336 5930 22.
1414 5874 1459 5909 "°
1490 5874 1625 5932 Gen.
1657 5891 1826 5932 vxvtt.
1852 5876 1923 5932 29

255 5892 297 5909 ··
328 5892 469 5932 t'sai.
505 5892 689 5936 xsxvr,
722 5892 808 5942 oz,
843 5892 930 5929 ea.
963 5935 977 5941 _
1010 5892 1052 5908 ··
1085 5892 1217 5930 tota.
1246 5892 1336 5930 zz.
1414 5892 1459 5909 ὐ
1490 5892 1625 5932 uen.
1657 5892 1826 5940 vxvn,
1852 5892 1943 5932 zu.

253 5945 296 5979 ⁸³
323 5949 453 6008 ibid.
488 5947 575 6017 l5,
618 5949 699 6003 14.
775 5950 821 5980 ⁸³
852 5946 1039 6004 Matth.
1072 5961 1236 6016 xxvii,
1270 5948 1358 6020 l2,
1387 5947 1481 6018 li;
1517 5946 1680 6034 Marc.
1716 5963 1806 6015 sv,
1838 5947 1893 6005 l.

1928 4715 2187 4790 prodidit.
2215 4710 2366 4768 Nunc
2400 4708 2787 4779 evangelistam
2814 4706 3098 4762 videamus
3137 4725 3151 4761 :
3198 4724 3216 4759 ι
3254 4704 3321 4759 Et
3350 4704 3510 4761 lusus

1935 4826 2057 4866 cum
2085 4812 2431 4863 accusaretur
2457 4818 2483 4857 a
2511 4800 2851 4871 principibus
2880 4799 3226 4855 sacerdotum
3253 4809 3307 4855 et
3331 4798 3512 4856 senio-

1927 4903 2108 4965 ribus,
2144 4898 2277 4954 nihil
2314 4895 2626 4966 reSpondit;
2664 4904 2724 4949 ut
2766 4893 3056 4948 miraretur
3088 4907 3286 4963 prreses
3321 4895 3493 4949 vehe-

1931 5003 2163 5051 menter.
2187 4990 2341 5046 Tune
2368 4988 2501 5044 dicit
2529 4986 2606 5042 illi
2638 4986 2846 5041 Pilatus
2880 5002 2896 5042 :
2929 4984 3059 5041 Mihi
3092 5000 3196 5039 nun
3235 4982 3508 5055 loqueris?

1928 5088 2085 5147 Jesus
2113 5096 2295 5142 autem
2332 5080 2635 5139 tacebat“.
2672 5095 2691 5133 ι
2731 5078 3006 5135 Consonat
3038 5077 3225 5133 Davidi
3260 5087 3314 5131 et
3342 5074 3506 5131 lsaias

1930 5186 1984 5240 in
2033 5182 2170 5239 hanc
2219 5176 2544 5235 sententiam
2592 5192 2605 5228 :
2660 5192 2679 5227 ι
2736 5173 2855 5243 Ipse
2902 5181 3117 5242 propter
3162 5168 3503 5227 alllictioncm

1930 5288 2035 5329 non
2071 5270 2244 5342 aperit
2274 5281 2335 5323 os
2370 5281 2549 5321 suum.
2580 5261 2732 5319 Sicut
2763 5263 2879 5318 ovis
2910 5261 2976 5318 ad
3012 5262 3280 5319 victimam
3314 5261 3508 5316 (luctus

1928 5374 2029 5427 est,
2058 5374 2112 5417 et
2146 5361 2289 5417 sicut
2321 5372 2490 5430 agnus
2531 5371 2711 5412 coram
2751 5354 3006 5410 tondente
3039 5354 3216 5408 mu‘tus
3237 5393 3251 5416 ,
3281 5354 3357 5407 sic
3399 5368 3504 5407 non

1931 5458 2103 5529 aperit
2144 5454 2292 5512 os“.
2327 5471 2345 5504 ι
2395 5452 2539 5507 idem
2589 5463 2801 5503 rursum
2848 5463 2910 5501 ex
2952 5461 3182 5517 persona
3224 5445 3401 5501 Patris
3441 5449 3508 5502 de

1971 5661 2017 5693 ¹³
2051 5660 2181 5716 ibid.
2228 5679 2289 5723 tt,
2320 5662 2409 5717 15.
2517 5660 2564 5692 ³⁸
2596 5658 2738 5714 Psal.
2764 5673 2885 5723 σενι,
2916 5657 3071 5713 9-12.
3176 5658 3219 5689 "
3250 5656 3379 5710 ibid.
3414 5660 3500 5714 14-

2442 5731 2487 5764 ³⁰
2519 5729 2661 5785 Psal.
2696 5745 2863 5797 uvn,
2893 5729 2948 5793 2,
2978 5729 3033 5784 ι.
3109 5727 3150 5760 ³³
3188 5727 3328 5782 Psal.
3365 5744 3503 5783 xxx.

1963 5803 2008 5835 "
2040 5802 2181 5857 Psal.
2234 5818 2420 5867 sxxtv,
2448 5802 2503 5858 5.
2603 5801 2669 5854 ³⁸.
2702 5800 2835 5856 ibid.
2870 5801 2959 5855 11.
3063 5800 3105 5832 ’τ
3133 5798 3259 5853 ibid.
3298 5798 3383 5862 19,
3411 5800 3499 5853 20.

2045 5876 2087 5905 ⁸⁸
2124 5873 2266 5929 Psal.
2329 5888 2513 5941 xxxvi,
2562 5870 2653 5928 22.
2758 5870 2803 5903 "
2834 5868 2977 5927 Psal.
3030 5885 3238 5933 xxxvii,
3291 5869 3380 5928 ill,
3412 5872 3498 5926 :22.

1967 5947 2012 5981 "
2036 5946 2294 6020 lsa._un.
2324 5943 2375 6000 7.
