4060 6290
485 311 593 374 903

492 420 835 477 immaculata
877 421 1128 491 passione
1168 418 1286 485 ejus
1327 439 1341 473 :

498 530 672 578 meus,
702 524 757 568 et
799 513 1151 579 exaltabitur,
1178 522 1233 567 et
1274 512 1664 583 gloriticabitur
1709 511 1882 565 valde.
1920 510 2074 565 Sicut

498 609 797 678 stupcbunt
825 622 991 675 super
1018 614 1070 660 te
1100 607 1285 673 multi;
1313 607 1392 660 sic
1420 606 1648 676 ingloria
1677 606 1782 659 erit
1808 605 1876 660 ab
1902 605 2075 658 homi-

493 702 651 755 nibus
692 699 897 769 species
941 710 1061 763 tua,
1097 706 1150 753 et
1190 697 1359 767 gloria
1406 711 1493 751 tua
1534 713 1561 751 a
1598 696 1724 751 ﬁliis
1767 696 2069 751 hominum.

493 794 583 847 Sic
623 791 962 847 mirabunlur
995 800 1180 863 gentes
1217 792 1396 846 multa:
1430 808 1593 862 super
1622 806 1710 855 eo,
1743 800 1798 846 et
1828 791 2073 846 contine-

494 885 627 939 bunt
657 900 806 955 rcges
833 900 895 938 os
925 900 1079 939 suum
1118 903 1132 938 :
1164 886 1287 954 quia
1318 884 1513 954 quibus
1541 900 1645 938 non
1673 893 1755 938 est
1784 881 2069 936 annuntia-

494 987 605 1029 tum
640 977 703 1029 de
734 991 820 1039 eo,
850 976 1143 1041 videbunt;
1183 985 1237 1030 et
1268 978 1357 1043 qni
1396 992 1499 1030 non
1534 977 1841 1039 audierunt,
1872 974 2069 1031 intelli«

490 1066 705 1135 gent“.
739 1086 756 1119 ι
793 1068 858 1122 Ει
887 1068 990 1121 alio
1020 1066 1139 1123 loco
1169 1087 1182 1123 :
1220 1087 1238 1120 ι
1272 1070 1530 1125 Dominus
1558 1072 1647 1124 dat
1668 1070 1801 1123 mihi
1826 1069 2064 1138 linguam

493 1159 808 1229 disciplinae.
835 1171 892 1214 ut
917 1160 1081 1215 sciam
1111 1161 1323 1229 quando
1348 1168 1594 1229 oporteat
1622 1161 1766 1232 loqui
1796 1163 2015 1215 verbum
2049 1178 2065 1214 :

493 1252 699 1305 addidit
744 1252 876 1305 mihi
929 1267 1117 1305 aurem
1171 1253 1237 1307 ad
1286 1252 1636 1317 audiendum,
1675 1265 1729 1307 et
1775 1251 2062 1320 disciplina

491 1342 700 1397 Domini
739 1343 911 1413 aputil
944 1359 1102 1399 aures
1137 1360 1289 1399 meas
1322 1361 1337 1399 :
1376 1360 1474 1415 ego
1509 1354 1689 1399 autem
1725 1361 1827 1400 non
1866 1361 2061 1411 renuo,

492 1450 665 1505 neque
707 1435 1041 1491 contradico.
1074 1437 1304 1493 Dorsum
1351 1453 1529 1493 meum
1564 1439 1688 1494 dedi
1728 1440 1794 1494 ad
1830 1438 2060 1508 ﬂagella,

483 1539 542 1582 et
587 1543 751 1599 genas
797 1545 945 1586 meas
988 1532 1056 1586 ad
1096 1532 1280 1602 alapas
1326 1551 1341 1587 :
1390 1542 1442 1587 et
1485 1533 1676 1588 faciem
1729 1550 1902 1588 meam
1954 1550 2061 1591 non

486 1623 657 1677 averti
704 1640 732 1677 ιι
782 1625 1096 1680 confusione
1142 1626 1513 1697 sputorum".
1559 1646 1580 1680 ι
1644 1627 1813 1683 David
1861 1643 1991 1683 vero
2040 1645 2056 1684 :

491 1734 511 1766 ι
556 1717 711 1770 Arnit
757 1728 1007 1787 tanquam
1053 1730 1187 1773 testa
1236 1720 1407 1774 virtus
1449 1735 1590 1785 mea,
1623 1733 1673 1773 et
1716 1719 1893 1791 lingua
1938 1736 2057 1776 mea

493 1812 717 1865 adhaesit
755 1811 999 1867 faucibus
1037 1816 1201 1882 meis;
1238 1822 1291 1868 et
1326 1814 1380 1869 in
1420 1816 1691 1884 pulverem
1737 1816 1928 1871 mortis
1968 1817 2060 1873 de-

489 1904 691 1956 duxisti
722 1904 890 1958 tne".
926 1924 943 1955 ι
976 1904 1117 1959 Idem
1149 1908 1292 1961 velut
1317 1925 1345 1960 a
1373 1922 1601 1976 corpore
1628 1910 1690 1962 ad
1722 1909 2057 1965 divinitatem

489 1997 791 2063 copulatam
833 2016 847 2052 ε
889 2016 906 2048 ι
945 1997 1083 2052 Erue
1115 2018 1143 2053 a
1179 1998 1826 2065 framea,Dcus,anitnam
1863 2020 2060 2073 meam,

484 2098 540 2140 et
576 2088 641 2142 de
686 2103 847 2142 inanu
897 2091 1050 2143 canis
1086 2094 1301 2145 unicam
1346 2094 1607 2147 meant".
1651 2113 1670 2146 ι
1721 2094 1786 2148 Et
1829 2093 1999 2153 Isaias
2043 2115 2059 2154 :

490 2198 509 2231 ι
558 2179 728 2232 Ilomo
766 2180 816 2234 in
863 2180 1015 2252 plaga
1057 2186 1286 2251 positos,
1317 2195 1370 2237 et
1404 2186 1583 2241 sciens
1627 2185 1994 2244 infirmitatem
2041 2208 2055 2246 :

485 2270 613 2338 quia
652 2286 838 2325 aversa
874 2287 955 2327 est
992 2275 1159 2328 facies
1192 2275 1331 2344 ejus,
1360 2276 1631 2344 despecta.
1656 2288 1712 2333 et
1747 2295 1850 2334 non
1893 2296 2059 2351 repu-

486 2376 620 2418 tata.
653 2364 760 2417 Iste
787 2376 1011 2432 peccata
1044 2376 1226 2421 nostra
1259 2377 1457 2436 portat,
1482 2379 1540 2426 et
1566 2384 1664 2438 pro
1691 2373 1850 2427 nobis
1874 2373 2015 2428 dolet
2041 2394 2056 2432 :

483 2473 538 2513 ot
574 2474 671 2513 nos
701 2462 1068 2528 reputavinms
1100 2476 1376 2517 eum-esse
1409 2465 1463 2517 in
1499 2466 1707 2532 labore,
1734 2475 1789 2521 et
1817 2466 1868 2521 in
1906 2467 2057 2539 plaga

484 2568 515 2604 ει
561 2549 688 2617 Deo,
714 2563 767 2605 et
807 2552 857 2606 in
899 2551 1209 2608 afﬂictione.
1242 2551 1365 2625 Ipse
1404 2562 1583 2610 autem
1617 2557 1931 2614 vulneratus
1971 2571 2058 2617 est

482 2652 703 2714 propter
751 2655 967 2713 peccata
1016 2656 1305 2713 no:.tra,et
1352 2648 1659 2705 inlirmatus
1705 2659 1790 2705 est
1837 2662 2057 2721 pr0pter

486 2736 805 2805 iniquitates
860 2746 1098 2794 nostras.
1152 2736 1347 2795 L‘ivore
1401 2739 1520 2811 ejus
1581 2756 1681 2797 nos
1734 2744 1910 2798 sanati
1965 2760 2060 2799 su-

484 2845 604 2883 mus
620 2829 688 2883 ⁸⁶.
724 2850 744 2881 ο
783 2832 947 2885 Amos
973 2831 1236 2899 propheta
1263 2832 1392 2887 dicit
1421 2852 1437 2893 :
1476 2852 1495 2886 ι
1535 2833 1643 2891 Pro
1674 2846 1899 2905 argento
1930 2851 2061 2891 ven-

485 2922 736 2977 diderunt
759 2922 965 2991 justum
986 2924 1055 2977 ".
1088 2943 1106 2977 ι
1144 2923 1436 2982 Zacharias
1460 2942 1525 2982 es
1556 2942 1785 2997 persona
1811 2928 2010 2985 Christi
2038 2946 2054 2985 :

489 3034 511 3066 ι
564 3014 949 3084 Appenderunt
997 3021 1298 3072 mercedem
1358 3033 1529 3073 meam
1567 3020 1806 3092 .triginta
1860 3035 2056 3090 argen-

1646 303 2065 370 ANDRONICI
2094 303 2432 365 COMNENI

1391 440 1408 470 ι
1455 419 1593 473 Ecce
1636 420 1901 488 intelliget
1937 433 2071 488 puer
2098 422 2141 480 Α
2172 425 2351 476 esset;
2391 408 2710 481 paenitentia
2751 408 2943 464 ductus
2982 409 3164 465 retulit
3200 409 3417 480 triginta
3456 420 3746 478 argenteos

3638 297 3747 362 904

2178 503 2516 577 principibus
2546 504 2889 557 sacerdotum
2920 511 2973 556 et
3000 502 3327 567 senioribus,
3353 503 3543 561 dicens
3574 522 3588 558 :
3616 503 3757 560 Pecs

2178 598 2320 662 cavi,
2358 596 2580 652 tradens
2614 596 2933 665 sanguinem
2962 595 3169 663 justum
3205 615 3219 651 :
3254 606 3307 652 et
3334 599 3521 653 abiens
3556 599 3749 671 laqueo

2172 705 2235 746 se
2272 689 2629 757 suspendit".
2669 706 2687 741 ι
2731 690 2861 756 Quae
2901 690 3082 761 omnia
3118 690 3380 760 Propheta
3424 692 3581 764 longe
3620 705 3744 749 ante

2171 784 2504 855 praesagiens
2553 782 2703 836 addit
2754 798 2770 837 :
2831 801 2850 834 ι
2911 781 3069 837 Fiant
3114 783 3230 838 dies
3281 785 3398 854 ejus
3447 782 3639 853 pauci,
3687 798 3746 843 et

2171 878 2535 953 episcopatum
2581 875 2700 947 ejus
2743 877 2973 946 accipiat
3009 876 3141 931 alter
3161 877 3229 931 ".
3270 895 3289 929 ι
3335 878 3479 932 Cur?
3532 896 3553 930 ι
3605 879 3742 945 Quia

2170 982 2486 1038 persecutus
2529 981 2613 1025 est
2657 970 2927 1025 hominem
2972 970 3209 1038 inopem.
3241 978 3294 1025 et
3334 971 3657 1036 mendicum,
3691 982 3743 1026 ct

2169 1073 2550 1132 compunctum
2610 1064 2769 1117 corde
2826 1062 3155 1118 mortiﬁcare
3176 1063 3244 1118 ".
3310 1080 3330 1115 ι
3392 1062 3533 1121 Vere
3596 1068 3739 1122 enim

2170 1158 2327 1227 inops
2355 1166 2439 1213 est
2462 1156 2722 1211 Dominus
2752 1169 2936 1213 noster
2959 1157 3117 1215 Jesus
3148 1160 3403 1221 Christus
3432 1179 3449 1218 :
3481 1178 3605 1217 nam
3637 1164 3734 1216 nisi

2177 1251 2493 1319 temperiem
2538 1261 2780 1304 nostram
2827 1252 2945 1321 (seu
2987 1266 3183 1321 corpus
3220 1254 3492 1316 nostrum)
3532 1255 3737 1310 tuendi-

2169 1356 2379 1409 casset,
2409 1360 2683 1413 nunquam
2712 1359 2813 1399 nos
2846 1342 2960 1411 ejus
2987 1346 3268 1401 divinitate
3292 1347 3445 1401 dilati
3481 1362 3731 1403 essemus.

2182 1437 2365 1505 Quare
2392 1452 2514 1492 cum
2546 1438 2788 1507 proditor
2813 1438 3096 1496 divinitate
3125 1441 3305 1510 augeri
3337 1445 3733 1509 contempserit,

2157 1530 2280 1601 jure
2316 1534 2369 1586 in
2411 1546 2533 1586 eum
2582 1528 2746 1584 infert
2778 1530 3044 1599 Propheta
3086 1548 3104 1586 :
3146 1551 3167 1584 ι
3206 1533 3269 1587 Ει
3298 1534 3486 1588 dilexit
3518 1535 3734 1591 maledi-

2160 1625 2421 1689 ctionem,
2446 1635 2501 1681 et
2540 1624 2719 1679 veniet
2759 1625 2808 1679 ei
2850 1641 2863 1678 :
2907 1636 2963 1679 et
3000 1625 3173 1681 noluit
3208 1626 3657 1692 benedictionem,
3684 1640 3734 1682 et

2165 1717 2505 1788 elongabitur
2543 1719 2611 1773 ab
2651 1733 2717 1773 eo
2738 1718 2806 1773 ".
2847 1737 2867 1771 ι
2922 1718 2998 1773 Ita
3047 1732 3147 1772 suo
3191 1735 3412 1773 munere
3458 1721 3735 1775 abdicatus

2167 1818 2273 1878 est,
2298 1824 2471 1881 eoque
2494 1812 2765 1877 abdicato,
2787 1810 3049 1867 suffectus
3073 1811 3348 1878 Matthias,
3372 1814 3732 1884 apostolorum

2163 1912 2365 1957 cretum
2398 1902 2635 1972 explevit
2652 1903 2720 1957 ⁸³.
2750 1902 3058 1959 Salomonis
3088 1920 3305 1975 quoque
3336 1906 3449 1960 haec
3473 1906 3539 1960 de
3569 1922 3631 1959 ιο
3658 1918 3736 1961 est

2163 1978 2435 2050 sententia
2470 2012 2484 2048 :
2528 2014 2547 2047 ι
2588 1994 2687 2050 Vir
2716 1995 2979 2066 insipiens
3015 1997 3126 2066 (46)
3161 2009 3216 2051 et
3245 1996 3468 2066 iniquus
3500 1997 3734 2052 ambulat

2164 2090 2282 2143 vias
2331 2103 2438 2144 non
2490 2089 2661 2144 bonas
2717 2106 2732 2143 :
2787 2090 2965 2144 innuit
3005 2090 3203 2154 oculis,
3240 2089 3511 2158 signiticat
3556 2103 3733 2146 autent

2166 2182 2334 2250 pede,
2388 2181 2547 2235 docet
2605 2181 2824 2235 nutibus
2887 2183 3199 2250 digitorum.
3260 2182 3584 2241 Perversum
3644 2200 3733 2239 cor

2161 2271 2463 2327 fabricatur
2498 2274 2661 2327 mala.
2694 2272 2799 2329 Per
2833 2276 3055 2331 vitiosas
3093 2277 3227 2338 vias,
3261 2279 3555 2346 proditoris
3591 2288 3735 2333 nutat

2161 2366 2435 2438 ingenium
2459 2384 2474 2431 ;
2514 2383 2608 2437 per
2636 2368 2918 2423 oculorum
2947 2377 3160 2433 nutum,
3189 2371 3253 2424 ad
3284 2371 3565 2439 pontiﬁces
3592 2372 3734 2427 defe-

2162 2471 2399 2515 ριιοιιθιιι
2446 2470 2499 2515 et
2540 2460 3033 2528 conspirationem;
3078 2475 3172 2530 per
3209 2461 3419 2532 pedem,
3451 2463 3735 2531 proditoris

2161 2552 2530 2618 celeritatem;
2574 2569 2674 2624 per
2712 2552 2861 2624 digiti
2907 2554 3276 2617 micationem.
3307 2554 3577 2611 occultam
3620 2556 3734 2627 ejus

2160 2645 2452 2701 Vafritiem.
2499 2644 2687 2714 Neque
2742 2660 2867 2699 vero
2925 2645 3012 2701 his
3072 2656 3364 2702 contentus
3419 2661 3732 2714 veterator,

2162 2742 2327 2794 etiam
2364 2738 2716 2794 fraudulento
2755 2738 2941 2792 osculo
2982 2738 3175 2794 herum
3218 2740 3475 2810 prodidit.
3510 2750 3735 2796 testatus

2157 2831 2379 2895 Judeis.
2408 2834 2493 2888 cui
2525 2834 2772 2887 suavium
2804 2835 2981 2897 daret,
3008 2846 3129 2886 eum
3164 2845 3310 2896 esse,
3340 2832 3736 2901 prehenderem

2162 2924 2433 2979 hominem
2454 2924 2520 2978 ⁸⁸.
2557 2944 2576 2977 ι
2616 2922 2713 2978 llis
2745 2939 2870 2978 vero
2904 2922 3138 2992 Sapiens
3172 2923 3286 2979 hate
3319 2923 3538 2993 subjicit
3569 2942 3583 2978 :
3626 2943 3646 2977 ι
3680 2921 3736 2980 In

2159 3019 2308 3073 omni
2346 3030 2607 3095 tempore,
2634 3017 2726 3088 qui
2761 3015 2886 3071 talis
2920 3026 3023 3083 est,
3055 3016 3392 3072 turbationes
3426 3015 3583 3071 affert
3605 3016 3737 3071 civi-

481 3108 683 3162 teos“.
718 3127 738 3160 ι
777 3107 840 3162 Ει
881 3106 1139 3164 Jeretnias
1180 3109 1470 3181 (referente
1493 3122 1678 3167 sancto
1718 3111 1991 3184 Matthaeo)
2029 3120 2116 3182 τε
2149 3112 2270 3166 tati.
2321 3131 2340 3164 ι
2378 3109 2520 3167 Vere
2549 3112 2693 3166 enim
2738 3111 2999 3180 insignem
3040 3110 3321 3164 tumultum
3350 3124 3413 3163 ae
3442 3110 3732 3181 perniciem

489 3221 509 3253 ι
566 3203 907 3270 Acceperunt
964 3201 1183 3272 triginta
1228 3214 1541 3275 argenteos,
1579 3205 1814 3274 pretium
1860 3220 2055 3276 appre-

482 3296 637 3360 tiati,
671 3310 828 3362 quem
865 3295 1308 3364 appretiaverunt
1341 3312 1369 3351 a
1404 3298 1526 3351 liliis
1559 3297 1723 3352 Israel
1762 3316 1778 3354 :
1815 3309 1868 3354 et
1897 3300 2059 3354 dede-

481 3398 605 3441 runt
655 3402 752 3442 eos
807 3390 860 3440 in
919 3402 1105 3455 agrum
1159 3387 1339 3458 figuli,
1395 3388 1537 3443 sicut
1590 3389 1871 3443 constituit
1926 3390 2055 3445 inibi

482 3473 821 3535 Dominus“.
863 3498 881 3531 ι
927 3478 1101 3533 David
1147 3480 1215 3536 de
1257 3481 1536 3548 proditore
1580 3498 1595 3537 :
1650 3500 1669 3534 ι
1717 3481 1818 3548 Qui
1864 3483 2059 3540 edebat

482 3589 673 3642 panes,
701 3574 982 3645 magniﬁca
996 3574 1067 3626 vit
1099 3588 1261 3644 super
1292 3588 1376 3629 me
1410 3575 1909 3645 supplantationem
1928 3576 1994 3632 “.
2029 3594 2047 3629 ι

479 3663 548 3720 Et
588 3664 753 3721 Isaias
796 3682 812 3720 :
865 3685 884 3718 ι
934 3664 1027 3723 Vae
1072 3666 1255 3737 iniquo
1297 3684 1311 3722 :
1348 3668 1499 3720 'tuala
1546 3668 1843 3742 secundum
1889 3684 2054 3736 opera

484 3774 741 3815 manuum
789 3762 903 3831 ejus
947 3760 1197 3816 accident
1239 3759 1371 3815 el".
1412 3779 1429 3812 ι
1466 3757 1544 3815 Et
1588 3759 1751 3815 David
1797 3762 1989 3816 iterum
2036 3778 2053 3817 :

490 3869 511 3901 ‹
558 3850 701 3904 Dixit
728 3851 961 3918 injustas
989 3863 1041 3905 ut
1068 3849 1349 3919 delinquat
1376 3848 1431 3904 in
1462 3850 1753 3919 semetipso
1786 3868 1798 3904 :
1835 3867 1939 3905 non
1973 3862 2057 3907 est

484 3944 645 3998 timor
673 3943 767 3998 Dei
797 3954 922 3997 ante
952 3943 1140 3998 oculos
1171 3943 1287 4009 eius
1306 3941 1374 3996 ".
1410 3961 1431 3994 ι
1467 3940 1824 4007 Quamobrem
1854 3943 2049 3998 Vates:

483 4053 505 4087 ‹
544 4036 808 4102 Quoniam
850 4036 1035 4092 dolose
1069 4034 1180 4105 egit
1214 4036 1270 4089 in
1308 4044 1600 4103 conspectu
1643 4033 1781 4103 ejus,
1809 4044 1866 4089 ut
1902 4036 2053 4090 inve-

481 4128 662 4184 niatur
708 4128 968 4198 iniquitas
995 4127 1113 4199 ejus
1140 4127 1207 4181 ad
1235 4126 1414 4181 odium
1432 4127 1500 4179 ".
1532 4145 1552 4178 ι
1590 4127 1731 4181 Sane
1760 4128 1909 4182 dolos
1936 4143 2053 4181 ver-

476 4223 638 4287 savit,
675 4230 862 4275 contra
906 4232 1013 4274 tam
1055 4230 1300 4274 sanctam
1341 4218 1735 4273 institutionem
1773 4226 1827 4271 ct
1857 4219 2055 4273 doctri-
2094 4242 2098 4247 λ

482 4331 644 4378 nam,
674 4324 729 4367 et
772 4314 954 4367 odium
1009 4312 1255 4368 exercuit
1301 4310 1356 4367 in
1405 4311 1629 4365 virtutes
1675 4320 1729 4365 ct
1773 4312 2048 4366 miracula.

477 4406 685 4459 Invenit
737 4404 1110 4474 iniquitatem;
1155 4404 1363 4459 scilicet
1407 4403 1680 4473 ingenium
1732 4420 1953 4459 avarum
1998 4412 2052 4459 et

482 4496 912 4561 sanguinarium.
963 4494 1144 4561 Quare
1198 4494 1391 4547 merito
1440 4492 1769 4560 itnprecatur
1817 4494 1864 4546 ei
1920 4491 2049 4548 Pro-

482 4586 640 4655 pheta
678 4603 691 4639 :
735 4604 753 4635 ι
794 4583 1073 4638 Constitue
1108 4596 1271 4652 super
1300 4596 1421 4635 eum
1458 4588 1824 4649 peccatorem,
1854 4593 1908 4634 et
1936 4582 2050 4633 dia-

484 4678 636 4731 bolus
676 4688 780 4731 stet
823 4692 850 4727 a
899 4674 1105 4729 dextris
1144 4673 1299 4743 ejus:
1345 4691 1363 4722 ι
1404 4671 1836 4740 quandoquidem
1874 4684 2053 4726 astare

485 4768 759 4822 Servatori
794 4769 856 4820 ad
894 4766 1143 4821 dextram
1178 4765 1311 4819 odit.
1352 4783 1370 4816 ι
1411 4762 1541 4816 Cum
1576 4763 1867 4833 iudicatur,
1896 4774 2051 4817 exeat

480 4859 889 4925 «indemnatus,
936 4878 956 4911 ι
1007 4858 1440 4929 quandoquidem
1492 4857 1544 4911 in
1589 4854 1809 4911 ferendo
1848 4856 2053 4926 judicio

483 4969 799 5009 consessum
832 4968 1027 5008 exosus
1061 4964 1164 5018 est,
1191 4969 1307 5008 eam
1343 4952 1413 5007 ob
1451 4968 1560 5007 rem
1592 4952 1863 5021 judicatus
1896 4951 2053 5006 abeat

486 5051 789 5105 damnatus.
826 5070 846 5103 ι
896 5050 962 5105 Et
1004 5050 1180 5105 oratio
1224 5049 1344 5119 ejus
1393 5050 1480 5103 tiat
1520 5047 1574 5103 in
1622 5057 1901 5119 peccatum
1921 5047 1986 5111 ⁵⁸,
2025 5067 2043 5099 ι

490 5158 682 5213 preces
711 5143 946 5213 appcilat
971 5144 1410 5212 intempestivam
1444 5142 1733 5210 proditoris
1765 5140 2051 5211 paenitudio

485 5251 629 5298 tlt‘lll,
658 5246 714 5288 ut
745 5245 828 5290 est
856 5235 994 5310 apud
1044 5235 1426 5303 evangelistam
1463 5233 1767 5289 Matthaeum
1799 5252 1814 5288 :
1849 5251 1867 5284 ι
1903 5230 2054 5286 Tunc

481 5326 672 5381 videns
715 5325 929 5393 Judas,‘
961 5326 1055 5396 qui
1104 5341 1224 5380 eum
1276 5325 1536 5391 tradidit,
1579 5326 1723 5397 quod
1771 5326 2055 5378 t‘lainnatus

560 5443 606 5475 “
637 5442 738 5497 Isa.
769 5460 864 5509 ιιι,
896 5442 1079 5498 1545.
1155 5444 1197 5477 ⁸⁷
1231 5444 1332 5498 lsa.
1360 5460 1410 5505 ι,
1439 5442 1558 5497 4-6.

485 5584 531 5617 ⁸⁸
559 5586 701 5639 Psal.
730 5599 880 5644 cwu.
908 5586 961 5649 6,
992 5585 1043 5642 7.
1120 5585 1162 5618 ⁸⁵
1194 5585 1383 5639 Matth.
1413 5599 1582 5651 xxvu,
1631 5584 1747 5639 3-5.

1670 5443 1715 5475 ⁸⁸
1742 5444 1882 5496 Psal.
1944 5458 2055 5503 xxt,
2088 5438 2175 5494 I6.

484 5515 530 5548 "
560 5512 788 5567 Zachar.
821 5531 893 5579 ιι,
926 5515 1011 5569 12.
1086 5513 1134 5545 ⁸⁸
1166 5514 1357 5568 Matth.
1394 5530 1561 5579 xxvn,
1592 5514 1646 5568 9.
1720 5513 1765 5546 “
1802 5512 1946 5567 Psal.
1979 5529 2067 5573 aL,
2096 5510 2184 5564 10.
2290 5510 2337 5539 ⁸⁸

485 5584 531 5617 ⁸⁸
559 5586 701 5636 Psal.
730 5599 880 5636 cvm.
908 5586 961 5636 6.
992 5585 1043 5636 7.
1120 5585 1162 5618 ⁸⁵
1194 5585 1383 5636 Matth.
1413 5599 1582 5636 xxvn.
1631 5584 1747 5636 5-5.
1849 5586 1894 5614 "
1925 5582 2068 5636 Psal.
2108 5593 2273 5636 cvm.
2305 5576 2337 5632 8

1970 5599 2068 5636 sat.
2108 5599 2273 5643 cvm,
2305 5599 2359 5632 ο.

2159 3203 2552 3274 Hierosolymis
2599 3203 2751 3260 ludat
2799 3201 3029 3272 proditio
3055 3202 3219 3257 dedit.
3291 3220 3312 3253 ‹
3364 3200 3592 3268 Propter
3634 3202 3733 3257 hoc

2160 3296 2435 3365 extemplo
2461 3296 2608 3349 venit
2637 3294 2868 3364 perditio
2900 3292 3090 3363 ipsius,
3120 3293 3419 3357 intercisio,
3451 3304 3504 3347 et
3533 3294 3732 3349 contrio

2161 3386 2236 3440 tio
2268 3386 2582 3441 insanabilis
2601 3386 2667 3441 “.
2701 3403 2720 3437 ι

2229 3479 2369 3546 Quin
2419 3486 2473 3534 ct
2516 3476 2683 3533 Isaias
2726 3477 2801 3531 ait
2847 3498 2864 3532 :
2910 3496 2929 3529 ‹
2977 3475 3092 3544 Ego
3130 3477 3406 3533 suscitabo
3447 3492 3571 3533 eum
3612 3493 3727 3532 cum

2157 3575 2371 3645 justitia
2422 3589 2601 3645 regem
2654 3590 2670 3629 :
2720 3582 2773 3628 et
2820 3587 3013 3629 omnes
3062 3575 3162 3629 vim
3211 3572 3353 3627 illius
3401 3581 3578 3627 recte.
3616 3570 3729 3640 Ipse

2156 3666 2448 3722 aedilicabit
2485 3665 2761 3719 civitatem
2809 3680 3017 3729 meam,
3052 3675 3105 3719 et
3147 3664 3509 3732 captivitatem
3553 3661 3728 3733 populi

2172 3760 2277 3815 mei
2318 3766 2618 3821 convertet,
2649 3773 2755 3811 non
2789 3772 2909 3811 cum
2948 3758 3144 3825 pretio,
3174 3771 3353 3826 neque
3386 3771 3506 3810 cum
3544 3769 3729 3809 mune-

2163 3852 2337 3906 ribus.
2378 3869 2397 3903 ι
2447 3850 2514 3906 Ει
2558 3851 2752 3905 iterum
2801 3867 2815 3905 :
2869 3870 2887 3902 ι
2945 3850 3087 3904 Dixit
3127 3849 3385 3903 Dominus
3426 3847 3666 3904 Sabaoth
3710 3864 3725 3906 :

2157 3942 2447 3999 Laboravit
2500 3941 2798 4014 Egyptus.
2841 3954 2897 3998 et
2944 3944 3232 4013 negotiatio
3279 3942 3627 4013 Ethiopum,
3676 3952 3729 3997 et

2156 4037 2372 4093 Satibati
2418 4038 2516 4091 viri
2563 4038 2762 4092 excelsi
2809 4040 2875 4091 ad
2919 4048 2972 4093 te
3010 4038 3336 4102 transibunt,
3365 4047 3419 4095 et
3457 4037 3535 4091 tui
3574 4045 3732 4096 erunt

2156 4131 2323 4197 servi,
2348 4141 2404 4184 et
2430 4139 2553 4199 post
2580 4139 2632 4184 te
2662 4141 2964 4200 sequentur
2989 4132 3153 4186 vincti
3182 4131 3430 4191 manicis.
3452 4139 3507 4185 et
3534 4129 3733 4184 transi-

2156 4222 2289 4278 bunt
2312 4223 2378 4276 ad
2406 4232 2549 4284 te,et
2576 4222 2879 4277 adorabunt
2906 4232 2984 4288 te;
3018 4222 3272 4288 quoniam
3301 4222 3354 4276 in
3385 4233 3436 4275 te
3461 4221 3597 4277 Deus
3622 4231 3725 4284 est,

2156 4327 2209 4368 et
2246 4330 2356 4368 non
2392 4327 2474 4370 est
2504 4313 2649 4370 Deus
2690 4316 2895 4384 absque
2935 4324 2987 4370 te
3006 4316 3074 4370 “.
3108 4334 3126 4367 ι
3172 4314 3304 4382 Qua:
3344 4324 3730 4369 connuemorat

2159 4418 2329 4473 vates,
2361 4417 2423 4463 ut
2448 4422 2631 4463 verum
2665 4405 2832 4463 Deum
2860 4422 2983 4464 esse
3012 4406 3287 4464 Christum
3325 4407 3585 4464 credatis.

2718 4541 2947 4599 CAPUT
2983 4543 3162 4599 LVIII.

2159 4656 2235 4710 De
2261 4654 2488 4711 Sebbalo
2516 4656 2846 4719 Jndteorum,
2868 4668 2913 4712 et
2941 4657 3220 4712 Dominira
3250 4656 3691 4713 Christianorum.

2228 4767 2349 4823 Jun.
2389 4768 2755 4835 Quamobrem
2789 4784 2883 4822 vos
2918 4770 3173 4822 honorem
3208 4780 3262 4822 et
3291 4769 3515 4839 gratiam
3553 4768 3731 4823 Demi-

2165 4863 2298 4916 nicte
2336 4862 2626 4926 tribuistis,
2657 4878 2818 4930 quant
2862 4863 2999 4931 apud
3040 4876 3138 4916 nos
3184 4862 3478 4915 Sabbatnm
3514 4860 3727 4915 habuit?

2229 4954 2451 5009 Cantsr.
2484 4952 2644 5008 Certe
2686 4954 2855 5007 multo
2892 4955 3101 5021 aequius
3141 4968 3263 5008 esse
3304 4965 3547 5008 sanctam
3591 4954 3727 5008 hanc

2160 5044 2492 5098 Dominicam
2538 5061 2646 5112 pra:
2690 5054 2865 5099 vestro
2908 5044 3145 5099 Sabbato
3190 5046 3477 5111 honorari,
3514 5048 3719 5099 abunde

2159 5148 2241 5191 est
2286 5139 2425 5191 unde
2470 5147 2788 5203 statuamus,
2828 5153 2932 5191 non
2981 5153 3047 5192 ex
3097 5139 3293 5192 nostris
3339 5138 3512 5193 solum
3557 5138 3724 5191 sacris

2164 5229 2546 5295 voluminibus,
2573 5231 2665 5285 sed
2697 5247 2763 5286 ex
2796 5232 2914 5301 ipso
2950 5235 3086 5286 adeo
3118 5230 3299 5285 divino
3330 5231 3565 5297 opiticio.
3598 5228 3721 5282 Nam

2162 5323 2206 5377 si
2247 5323 2541 5392 requietem
2577 5324 2825 5389 colimus,
2856 5336 3057 5395 quanto
3096 5323 3269 5394 magis
3309 5338 3531 5391 cperunt
3569 5337 3724 5376 exor-

2287 5438 2331 5469 "
2363 5439 2491 5493 ibid.
2521 5437 2612 5493 21.
2722 5438 2770 5472 ⁸⁸
2799 5438 2900 5495 lsa.
2931 5455 3060 5504 LIII,
3092 5438 3209 5494 5-5.
3320 5440 3365 5474 "
3391 5440 3555 5494 Amos
3582 5453 3638 5495 lt.
3669 5436 3719 5491 6.

2290 5508 2338 5539 ⁸⁸
2383 5510 2481 5565 lsa.
2520 5525 2602 5571 ιιι,
2637 5510 2724 5563 11.
2830 5512 2876 5542 ⁸⁸
2902 5508 3049 5564 Psal.
3082 5526 3247 5575 xxxv,
3278 5509 3332 5564 1.
3432 5510 3478 5541 ³⁷
3511 5509 3635 5562 ibid.
3667 5510 3720 5560 ‘1.

2460 5580 2511 5611 ιι
2537 5581 2673 5636 ibid.
2728 5581 2817 5637 ιτ.
2922 5580 3247 5639 “ibid.t6.
3350 5580 3541 5635 "Act.
3572 5578 3720 5645 1.26-

484 5654 531 5687 "
560 5654 719 5710 Prov.
748 5670 822 5720 vr,
858 5656 943 5721 ιε,
976 5656 1064 5711 l3.
1138 5657 1182 5689 ⁸⁸
1212 5656 1343 5711 ibid.
1378 5654 1464 5722 tt,
1492 5655 1578 5709 15.
1652 5655 1699 5687 ⁸⁵
1726 5655 1828 5709 Isa.
1863 5668 1984 5721 xcv,
2015 5652 2101 5720 15,
2129 5650 2213 5705 It.

562 5813 674 5885 (ιδ)
714 5812 967 5869 Nazianz.
996 5814 1236 5871 imitatur
1266 5816 1591 5887 iu_magnum
1638 5812 1903 5871 Basiliam
1940 5815 2025 5883 12,
2050 5814 2140 5887 56,
2166 5827 2218 5874 et
2245 5816 2397 5877 alibi.
