4060 6290
264 382 360 444 905

1331 390 1718 454 DIALOGUS
1755 391 2056 455 CONTRA
2098 397 2430 461 JUDJEOS.

3391 408 3498 472 906

259 498 433 555 dium!
474 501 663 572 Neque
696 505 838 558 enim
877 514 1157 576 propterea
1193 508 1542 565 honorandus
1571 519 1653 565 est
1681 509 1828 565 Ada—
1851 512 1902 574 Α
1928 511 2299 584 libamentum,
2332 533 2438 574 non
2470 518 2700 585 Pascha,
2737 535 2841 575 non
2869 521 3087 578 festum.
3117 519 3308 581 Merito
3339 525 3503 597 igitur

259 608 392 658 mus,
418 596 559 662 quod
591 595 838 652 violando
869 608 1136 669 praecepto
1168 613 1396 658 mortem
1427 603 1654 656 incurrit
1679 601 1827 673 (nam

259 683 303 737 id
346 687 559 754 quidem
592 699 671 742 est
702 691 1044 762 extremum),
1093 693 1186 746 sed
1257 695 1400 763 quod
1447 693 1680 763 primum
1731 694 1825 749 Dei

258 778 499 834 manibus
529 780 700 837 factus
731 791 836 847 est,
865 791 1030 853 atque
1060 781 1348 841 formatus.
1382 785 1518 842 Nam
1552 803 1678 843 ecce
1711 787 1824 844 haec

257 871 463 936 quidem
499 886 579 928 est
615 875 974 930 conformatio
1007 877 1219 944 divina;
1267 880 1432 935 altera
1471 895 1599 935 vero
1645 891 1825 936 trans-

259 966 459 1034 gressio
493 967 750 1023 humana.

323 1059 438 1115 Jam
487 1074 691 1132 quanto
733 1065 1048 1125 heminibus
1091 1071 1209 1125 sine
1249 1071 1652 1140 comparatione
1691 1085 1826 1140 prm-

255 1167 393 1211 stant
423 1159 625 1226 divina,
653 1175 964 1234 quantoque
993 1177 1076 1220 est
1103 1168 1424 1238 principium
1457 1168 1564 1222 fine
1596 1170 1826 1222 honora-

257 1251 354 1303 tius
385 1251 676 1319 (siquidem
713 1255 837 1310 illud
874 1258 1165 1315 molitionis
1199 1275 1359 1314 causa
1392 1269 1495 1324 est,
1524 1262 1610 1315 hic
1643 1275 1823 1315 rerum

252 1342 553 1398 moliturum
611 1348 951 1419 dissolutio),
987 1360 1139 1406 tanto
1191 1360 1276 1407 est
1325 1367 1539 1422 quoque
1587 1353 1826 1408 Sabbato

248 1434 507 1490 illustrior
551 1444 605 1492 et
647 1442 932 1510 augustior
968 1442 1271 1499 Dominica.
1309 1444 1578 1500 Praeterea
1623 1447 1827 1501 consti-

248 1536 359 1598 tuto
402 1531 676 1601 principio
720 1537 864 1605 cogit
899 1540 1194 1594 necessitas
1230 1539 1389 1594 finem
1429 1539 1684 1610 consequi
1719 1556 1734 1594 :
1771 1549 1827 1595 at

251 1627 407 1681 tinem
449 1641 569 1681 esse
613 1629 881 1698 principio
921 1647 1029 1687 non
1071 1643 1345 1700 exstante,
1378 1633 1618 1688 insolens
1655 1627 1737 1689 est
1770 1643 1824 1688 et

250 1716 570 1774 inauditum.
603 1719 838 1777 Praestat
862 1723 1029 1793 igitur
1059 1725 1300 1781 Sabbato
1332 1725 1632 1791 Dominica,
1665 1725 1823 1796 idque

243 1825 307 1866 ex
337 1812 400 1866 iis
429 1827 548 1882 qua:
578 1814 808 1871 dicimus
834 1818 936 1872 erit
965 1820 1222 1888 apertius.
1274 1834 1276 1836 '

315 1903 582 1962 Vicesima
631 1911 821 1979 quinta
875 1913 1076 1967 mensis
1125 1911 1288 1968 Nisan
1335 1913 1416 1983 (ut
1465 1928 1562 1968 vos
1608 1911 1822 1970 Hebraei

243 2000 481 2065 vocatis,
526 2001 686 2057 nobis
729 2017 861 2058 vero
914 2003 1135 2059 Martius
1163 2007 1296 2073 est),
1352 2006 1493 2062 Deus
1545 2006 1819 2076 opiﬁcium

242 2093 442 2163 erupit;
502 2095 778 2150 tricesima
830 2097 1143 2153 universum
1198 2099 1301 2154 hoc
1355 2115 1515 2156 omne
1570 2102 1816 2170 perfecit,

247 2187 520 2242 tricesima
563 2190 761 2257 prima,
792 2207 913 2261 qua:
958 2207 987 2244 a
1031 2202 1210 2261 coepto
1251 2192 1467 2261 opificio
1508 2203 1822 2248 numera-tur

238 2279 490 2347 septima,
521 2280 808 2348 requievit.
837 2282 915 2334 Ac
944 2280 1120 2335 videte
1151 2296 1286 2335 sane
1315 2282 1520 2336 exitum
1552 2284 1818 2338 veritatis.

249 2370 310 2425 In
343 2371 447 2426 hac
482 2371 851 2428 lsraelitarnm
887 2389 952 2429 ex
988 2372 1222 2446 IEgypto
1258 2372 1405 2443 fuga,
1435 2385 1489 2429 et
1521 2373 1574 2428 in
1609 2374 1822 2429 Chana-

246 2479 423 2519 nteam
469 2467 728 2520 transitus
780 2466 1036 2536 contigit;
1073 2466 1125 2519 in
1179 2467 1281 2521 bac
1333 2467 1616 2535 promissae
1664 2475 1822 2522 terra:

235 2556 450 2612 sortitio
500 2566 554 2612 et
594 2558 871 2628 ingressus
906 2557 1028 2612 fuit.
1088 2558 1146 2612 In
1200 2559 1300 2613 hac
1332 2557 1556 2613 Gabriel
1591 2559 1821 2614 archan-

238 2650 390 2720 gelus
432 2651 635 2723 Virgini
682 2666 743 2705 ac
786 2651 1028 2720 Deiparaa
1063 2652 1168 2705 laeti
1208 2652 1381 2705 nuntii
1416 2654 1578 2707 verba
1616 2653 1817 2718 attulit,

234 2759 358 2815 quae
407 2743 677 2814 extemplo
725 2753 786 2798 et
827 2743 1028 2800 Christi
1082 2760 1178 2816 pro
1229 2744 1383 2802 nobis
1440 2747 1558 2800 sine
1609 2745 1820 2800 semine

235 2845 535 2906 conceptus
566 2843 622 2890 et
653 2850 854 2890 arcana
902 2835 1208 2891 lncarnatio
1247 2846 1330 2890 est
1365 2846 1592 2902 secuta;
1626 2839 1678 2891 in
1719 2838 1818 2892 hac

238 2927 359 2997 ejus
398 2943 463 2983 ex
507 2927 739 2983 mortuis
787 2927 1150 2994 resurrectio;
1198 2943 1261 2982 ac
1295 2926 1585 2983 verisimile
1626 2936 1732 2991 est,
1765 2927 1817 2982 in

235 3023 341 3076 bac
367 3031 421 3076 et
447 3036 790 3077 communem
819 3021 1060 3076 omnium
1089 3029 1334 3075 nostrum
1365 3020 1814 3076 resurrectionem

235 3113 496 3176 futuram,
528 3131 650 3168 cum
696 3117 748 3169 in
789 3117 954 3169 vitam
1000 3113 1262 3169 restitutis
1303 3113 1580 3168 Christum
1621 3113 1816 3168 iterum

238 3223 298 3261 se
347 3207 677 3261 tremendum
728 3206 1014 3276 praabebit,
1047 3215 1102 3260 et
1141 3205 1511 3274 incorruptum
1559 3203 1813 3273 judicium

233 3298 535 3360 exercebit,
573 3296 844 3366 simulque
886 3296 1108 3367 grandis
1148 3297 1334 3351 arcani
1377 3295 1712 3366 inspectores
1752 3310 1817 3352 ac

228 3403 538 3458 praecones,
575 3389 741 3443 divini
772 3388 1019 3458 apostoli,
1050 3390 1102 3442 in
1121 3387 1406 3445 duodecim
1437 3389 1655 3444 sedibus
1675 3389 1817 3460 judi-

223 3481 423 3535 eandis
483 3479 775 3537 duodecim
843 3479 1160 3535 lsraeliticis
1224 3479 1471 3536 tribubus
1530 3481 1814 3536 sedebunt.

223 3571 507 3628 Caeterum
565 3571 863 3627 desiturum
925 3572 1248 3641 quandoque
1302 3570 1623 3640 Sabbatnm,
1677 3572 1819 3627 Deus

222 3665 548 3720 Abrahatno
591 3674 771 3719 vestro
814 3664 1026 3735 parenti
1068 3664 1284 3734 aperuit
1335 3664 1389 3717 iu
1437 3663 1552 3719 haec
1595 3665 1756 3719 verba
1799 3681 1813 3718 :

232 3778 254 3812 α
295 3757 386 3813 Tu
409 3774 538 3830 ergo
563 3758 837 3814 custodies
871 3768 1080 3829 pactum
1117 3774 1318 3826 meum,
1347 3767 1400 3812 et
1427 3772 1614 3814 semen
1645 3769 1815 3825 tuutn,

224 3856 288 3909 in
331 3855 710 3926 generationes
747 3869 874 3909 suas
897 3853 984 3920 ‘7;
1023 3872 1041 3904 ι
1084 3863 1138 3907 et
1173 3853 1366 3907 iterum
1401 3866 1418 3905 :
1461 3868 1480 3903 ι
1519 3851 1819 3906 Circumci-

225 3950 398 4002 detur
424 3961 492 4002 ex
525 3946 678 4002 vobis
703 3961 864 4002 omne
896 3945 1250 4001 masculinum
1290 3945 1344 3998 in
1384 3942 1818 4014 generationibus

218 4042 432 4100 vestris
448 4038 528 4106 ";
565 4059 583 4091 ι
626 4040 822 4095 ibidem
858 4051 874 4099 :
921 4057 940 4091 t
985 4037 1166 4093 Infans
1197 4045 1320 4092 octo
1348 4028 1557 4093 dierum
1581 4037 1824 4092 circum-

221 4136 448 4192 cidetur
487 4150 503 4190 :
543 4135 755 4202 eritque
800 4145 1015 4202 pactum
1060 4146 1239 4186 meum
1285 4130 1431 4185 inter
1465 4144 1551 4185 me
1588 4138 1643 4184 et
1676 4130 1821 4184 inter

224 4243 356 4295 vos,
381 4229 435 4284 in
461 4229 906 4298 generationibus
939 4227 1135 4280 vestris
1155 4225 1222 4278 “.
1253 4241 1271 4276 ι
1308 4223 1512 4278 Videtis
1539 4238 1662 4278 cum
1693 4234 1816 4277 ortu

222 4323 462 4379 hederis
524 4321 686 4376 etiam
744 4318 1062 4376 interitum?
1127 4318 1243 4373 Non
1289 4319 1430 4382 enim
1468 4317 1652 4371 dixit:
1707 4315 1818 4370 Hoc

221 4417 336 4472 erit
363 4417 578 4485 signum
610 4413 752 4468 inter
801 4428 889 4467 me
915 4423 970 4466 et
991 4411 1134 4466 inter
1160 4425 1256 4464 vos
1289 4409 1341 4463 in
1373 4403 1587 4477 pactum
1620 4407 1820 4476 sempi-

224 4519 448 4562 ternum
489 4505 626 4573 (47).
686 4503 871 4573 Neque
914 4502 965 4557 id
1003 4501 1173 4557 semel
1211 4501 1366 4566 dixit,
1421 4501 1514 4554 sed
1569 4507 1651 4553 ter
1684 4515 1818 4569 qua-

1929 619 2123 665 octavo
2174 609 2260 665 die
2313 611 2556 667 instituta
2611 614 2956 670 circumcisio
3001 626 3113 683 est,
3163 632 3262 673 ccu
3314 618 3503 674 sancto

1930 710 2091 770 atque
2142 703 2368 769 mundo;
2430 721 2550 758 nam
2609 706 2658 759 in
2707 705 2946 762 Levitico
2996 720 3248 774 octavus,
3281 722 3503 767 sanctus

1929 805 2094 863 atque
2152 796 2386 852 mundus
2439 808 2692 862 vocatur,
2747 798 2967 853 alteram
3023 803 3142 856 novi
3197 803 3418 859 ltederis
3470 819 3501 858 a

1928 883 2148 943 Christo
2189 892 2437 958 patrandi
2482 891 2654 960 legem
2698 891 3038 962 designans:
3077 916 3093 946 ι
3127 897 3342 968 Septem
3385 897 3501 954 dies

1932 979 2024 1032 tibi
2067 991 2118 1034 et
2163 981 2280 1047 bos,
2315 995 2369 1038 et
2404 983 2735 1052 iumentum,
2771 998 2824 1040 et
2868 989 3195 1056 mancipium
3241 990 3498 1055 servient,

1928 1081 2122 1127 octavo
2159 1072 2325 1129 libera
2364 1079 2636 1132 erunt"°'.
2676 1099 2693 1131 ι
2741 1079 2819 1133 En
2865 1091 3116 1135 oetavum
3156 1082 3295 1135 diem
3339 1082 3502 1138 liber-

1933 1164 2078 1230 tatis,
2113 1182 2232 1235 quaz
2261 1179 2506 1223 Sanctam
2538 1170 2874 1226 Dominicam
2909 1183 3195 1243 praenatat,
3224 1191 3329 1242 qua
3367 1177 3506 1231 Deus

1930 1266 2118 1322 noster
2145 1258 2400 1315 Christus
2431 1260 2618 1316 orbem
2651 1272 2913 1317 terrarum
2942 1278 2969 1316 a
2995 1262 3195 1318 diaboli
3225 1265 3506 1322 fraudibus

1928 1347 2198 1405 liberavit.

1997 1443 2115 1498 Jam
2165 1462 2294 1501 vero
2333 1449 2643 1505 universum
2695 1454 2794 1509 hoc
2845 1462 3050 1521 septem
3126 1456 3255 1510 aevis
3307 1455 3506 1508 durare

1922 1533 2136 1603 iussum
2181 1547 2284 1604 est,
2329 1549 2552 1595 auctore
2608 1539 2943 1598 Salomone:
2983 1562 3003 1594 ‹
3044 1545 3118 1599 Da
3156 1555 3366 1616 partem
3413 1560 3504 1599 se-

1927 1634 2098 1695 ptem,
2135 1644 2235 1684 nec
2267 1646 2372 1684 non
2400 1641 2454 1685 et
2485 1642 2611 1688 octo
2639 1634 2708 1688 ".
2744 1652 2763 1686 ι
2803 1633 2860 1689 ld
2880 1638 3024 1704 quod
3057 1645 3111 1691 et
3152 1652 3375 1707 magnus
3416 1637 3507 1690 ille

1928 1717 2201 1786 apostolus
2228 1718 2450 1785 Paulus,
2486 1722 2687 1777 Christi
2732 1739 2816 1789 os,
2849 1725 2939 1794 qui
2983 1727 3034 1778 in
3073 1727 3290 1779 tertium
3325 1740 3498 1794 usque

1930 1809 2129 1864 caelum
2165 1814 2501 1880 conscendit,
2538 1828 2764 1869 testatur
2807 1817 2858 1870 in
2916 1817 3027 1872 haec
3060 1817 3221 1872 verba
3254 1836 3268 1872 :
3315 1835 3334 1868 ι
3368 1817 3504 1871 Cum

1859 1869 1902 1930 Β
1934 1900 2220 1957 tradiderit
2270 1920 2496 1975 regnum
2534 1906 2643 1961 Deo
2688 1918 2740 1961 et
2790 1908 2934 1962 Patri
2985 1908 3153 1964 Filius
3178 1911 3247 1974 ⁷¹,
3297 1920 3406 1964 tum
3450 1918 3508 1964 et

1928 1990 2042 2062 ipsa
2085 2003 2336 2048 creatura
2396 1995 2717 2051 liberabitur
2757 2013 2785 2050 a
2842 1999 3107 2054 servitute
3159 2000 3228 2053 ⁷³.
3263 2019 3281 2052 ι
3340 1998 3503 2071 Igitur

1927 2085 2162 2139 nondum
2194 2087 2418 2155 cognito
2448 2088 2537 2141 die
2564 2099 2782 2156 octavo,
2825 2089 2950 2159 jure
2987 2091 3254 2160 septimus
3284 2094 3505 2148 coleba-

1930 2183 2034 2238 tur,
2068 2184 2124 2231 ut
2151 2174 2416 2246 feriatus;
2455 2196 2576 2234 nam
2625 2191 2680 2236 et
2732 2183 2967 2238 instante
3011 2185 3120 2251 illa,
3177 2195 3233 2239 at
3265 2188 3501 2241 nondum

1927 2280 2192 2336 praesente
2220 2278 2380 2327 aetate
2407 2283 2618 2339 octava,
2653 2286 2860 2345 septem
2898 2277 3160 2332 duntaxat
3190 2280 3501 2335 hominibus

1925 2369 2115 2417 anates
2144 2375 2425 2433 putantur.

1995 2450 2456 2518 Quemadmodum
2486 2463 2666 2511 autem
2697 2471 2814 2513 aevo
2859 2458 2948 2514 illo
2988 2471 3183 2518 octavo
3217 2464 3381 2533 (quod
3417 2462 3504 2518 fu-

1926 2552 2106 2597 turum
2135 2553 2240 2608 est,
2273 2556 2328 2600 et
2357 2561 2634 2617 nunquam
2665 2542 2905 2622 ﬁnietur)
2939 2569 3042 2607 non
3068 2553 3179 2621 jam
3215 2570 3377 2623 porro
3409 2571 3499 2610 se-

1925 2645 2069 2707 ptem
2124 2638 2546 2706 praecedentium
2580 2643 2844 2703 memoria
2877 2644 2980 2698 ulla
3013 2657 3241 2716 agetur;
3279 2649 3359 2703 sic
3387 2646 3499 2704 Do-

1925 2729 2152 2795 minicn,
2195 2731 2285 2801 qui
2321 2741 2548 2787 octavus
2587 2731 2856 2790 libertatis
2894 2736 3012 2792 dies
3061 2746 3164 2802 est,
3208 2750 3498 2809 praesente,

1926 2822 2147 2878 Sabbati
2209 2825 2424 2880 actione
2489 2840 2626 2894 opus
2679 2836 2761 2882 est
2819 2827 2984 2885 nulla.
3044 2830 3322 2901 Siquidem
3375 2848 3498 2888 tum

1924 2917 2170 2971 servituti
2207 2918 2512 2988 subiaceret
2537 2933 2710 2989 genus
2734 2921 3052 2989 humanum,
3097 2928 3413 2982 necessario
3443 2935 3504 2984 et

1925 3009 2162 3066 Sabbato
2182 3026 2316 3081 opus
2335 3021 2472 3074 erat,
2492 3011 2650 3067 fessis
2662 3014 2913 3084 exiguam
2940 3019 3237 3086 requietem
3265 3007 3494 3077 ferente.

1923 3104 1994 3159 At
2019 3104 2106 3160 ubi
2149 3103 2263 3174 jam
2315 3104 2427 3161 dies
2473 3116 2697 3161 octavus
2735 3106 2986 3164 libertate
3027 3110 3207 3165 omnia
3253 3111 3498 3180 donavit,

1924 3197 2110 3265 ecquis
2145 3195 2395 3266 deinceps
2432 3212 2563 3253 usus
2593 3197 2663 3252 sit
2695 3198 2950 3269 septimi?
2977 3202 3058 3257 Ac
3105 3201 3151 3257 si
3181 3201 3332 3270 libet,
3363 3200 3500 3260 con-

1925 3289 2162 3345 siderate
2221 3290 2510 3360 diligenter
2550 3293 3006 3363 quemadmodum
3069 3309 3192 3350 cum
3239 3309 3500 3367 parentes

1923 3383 2088 3438 vestri
2121 3399 2321 3438 manna
2352 3385 2402 3438 in
2429 3384 2646 3440 deserto
2679 3386 3054 3452 vescebantur,
3088 3397 3146 3443 ut
3183 3391 3260 3444 ait
3283 3389 3452 3448 David
3481 3413 3495 3448 :

1927 3493 1947 3529 ι
1983 3475 2182 3532 Panem
2215 3477 2531 3548 angelorum
2562 3479 2909 3534 manducavit
2933 3481 3097 3536 homo
3122 3484 3205 3549 ’δε
3239 3500 3260 3534 ι
3289 3487 3500 3543 caeteris

1923 3570 2115 3627 diebus
2148 3571 2286 3642 frugi
2318 3579 2372 3626 et
2397 3571 2543 3625 utilis
2577 3580 2694 3626 erat
2723 3587 2937 3626 marinae
2990 3572 3257 3641 collectio,
3309 3593 3413 3633 non
3443 3564 3500 3634 in

1923 3663 2221 3718 crastinum
2260 3678 2360 3731 pro
2386 3660 2612 3719 Judaica
2656 3663 2896 3732 ingluvie
2938 3680 3187 3734 manens,
3243 3670 3337 3724 sed
3380 3686 3502 3740 quae

1925 3757 2058 3813 satis
2078 3765 2224 3814 esset
2257 3757 2450 3813 diurno
2473 3756 2735 3812 alimento
2771 3774 2785 3813 :
2822 3758 2964 3829 quod
3009 3760 3053 3814 si
3095 3761 3336 3818 Sabbato
3368 3764 3495 3833 quis

1923 3849 2235 3920 collegerat,
2258 3849 2503 3905 inutilem
2527 3865 2751 3921 prorsus
2771 3852 3038 3908 sentiebat
3057 3867 3301 3924 operam.
3325 3854 3497 3912 Caete-

1922 3957 2043 3996 rum
2078 3957 2144 3996 ex
2169 3956 2276 4011 quo
2310 3941 2548 3998 calestis
2578 3942 2667 3997 ille
2697 3943 2874 4014 panis,
2919 3958 3076 4014 quem
3117 3957 3174 4002 ut
3198 3949 3492 4006 carbonem

1922 4033 2089 4088 Isaias
2109 4034 2406 4104 perspexit,
2425 4044 2478 4089 et
2493 4049 2524 4088 a
2541 4033 3011 4106 cberubinoflﬂ'),
3029 4037 3120 4105 qui
3146 4037 3354 4111 forcipe
3370 4055 3496 4098 eum

1920 4143 1987 4182 ex
2019 4143 2111 4182 ara
2136 4139 2466 4197 sumpserat,
2498 4134 2802 4193 contactus,
2832 4132 2926 4184 abs
2951 4129 3178 4187 Donnino
3202 4132 3313 4188 Deo
3340 4148 3500 4189 exer-

1923 4220 2126 4276 cituum
2170 4219 2376 4275 audivit
2417 4237 2432 4273 :
2489 4239 2506 4272 α
2542 4220 2684 4275 Ecce
2734 4223 2882 4294 tetigi
2935 4225 3036 4281 hoc
3083 4225 3226 4281 labia
3281 4237 3408 4295 tua,
3444 4239 3499 4284 et

1923 4311 2202 4368 auferetur
2230 4311 2494 4383 iniquitas
2523 4325 2636 4378 tua,
2668 4320 2723 4368 et
2755 4325 3037 4383 peccatum
3079 4328 3228 4373 tuum
3262 4323 3494 4376 munda-

1925 4403 2069 4458 bitur
2118 4403 2202 4469 ";
2233 4422 2253 4456 ι
2299 4417 2367 4458 ex
2417 4419 2552 4473 quo,
2617 4405 2859 4475 inquam,
2912 4408 3156 4464 caelestis
3204 4410 3294 4466 ille
3343 4415 3495 4481 panis

1923 4495 2256 4566 benignitate
2281 4499 2468 4552 mterni
2502 4495 2682 4554 Patris
2703 4539 2717 4563 ,
2749 4506 2804 4554 et
2834 4499 3004 4555 sancti
3039 4502 3275 4572 Spiritus
3302 4520 3403 4576 ope
3438 4508 3491 4563 in

227 4596 624 4670 terque.Unde
647 4594 1140 4665 constatjudicium
1172 4595 1276 4648 hoc
1306 4607 1479 4662 neque
1507 4593 1559 4647 in
1587 4594 1812 4646 alteram
1847 4611 1889 4664 ο
1928 4598 2129 4643 terram
2176 4586 2479 4655 descendit,
2531 4587 2610 4642 uti
2661 4588 2725 4643 de
2767 4603 2825 4642 se
2875 4589 2990 4658 ipse
3029 4592 3231 4648 clamat
3272 4613 3288 4650 :
3331 4614 3352 4648 ‹
3382 4595 3497 4667 Ego
3586 4665 3590 4669 η

223 4707 474 4757 aetatem,
508 4707 687 4762 neque
721 4692 786 4746 ad
810 4701 1052 4745 extrema
1093 4703 1265 4758 usque
1289 4690 1663 4754 statuendum;
1698 4685 1814 4750 sed,

221 4788 483 4856 Quandiu
507 4787 688 4842 animo
709 4800 828 4840 meo
851 4782 1163 4846 collubebit,
1184 4782 1556 4850 posteritatem
1577 4793 1814 4836 vestram

229 4894 488 4939 rectores
517 4888 681 4949 atque
716 4893 871 4949 reges
897 4877 1116 4932 habere.
1143 4873 1223 4929 0b
1254 4876 1304 4928 id
1330 4875 1583 4944 prasagit
1610 4873 1772 4928 Israel
1801 4891 1815 4927 :

226 4996 248 5030 ι
297 4975 418 5031 Non
450 4975 667 5030 deﬁciet
699 4973 807 5027 dux
841 4985 907 5026 ex
934 4969 1070 5025 Juda
1093 5011 1108 5034 ,
1134 4977 1188 5024 et
1221 4968 1472 5038 princeps
1509 4970 1575 5024 de
1613 4966 1820 5022 femore

219 5071 378 5141 ejus,
405 5070 576 5124 donec
608 5066 851 5130 veniant,
876 5079 996 5134 quae
1025 5062 1260 5132 reposita
1291 5072 1453 5125 sunt;
1485 5070 1541 5116 et
1570 5062 1683 5129 ipse
1711 5061 1817 5115 erit

220 5162 570 5232 exspectatio
615 5157 952 5229 gentium”.
1005 5175 1023 5208 ι
1077 5156 1148 5209 At
1197 5154 1288 5208 ubi
1334 5155 1482 5207 venit
1534 5152 1814 5214 Christus,

226 5271 344 5309 non
389 5255 501 5323 jam
550 5251 780 5322 amplius
837 5250 962 5305 huic
1008 5247 1342 5318 generationi
1387 5246 1816 5301 circumcisionis

223 5355 499 5402 stawtum
530 5345 702 5397 (αλιυδ
731 5343 908 5405 durat,
939 5355 1041 5394 non
1073 5339 1405 5399 vaticinium,
1433 5353 1536 5391 non
1566 5353 1814 5409 regnum,

224 5453 342 5494 non
371 5436 729 5506 pontificium,
762 5449 869 5488 non
904 5431 1220 5496 Sabbatum,
1251 5446 1358 5484 non
1385 5429 1673 5499 jejunium,
1707 5444 1816 5484 non

277 5580 348 5636 ν⁶⁷
373 5579 513 5634 Gen.
549 5593 684 5641 xvrt,
718 5576 770 5630 9.
872 5576 913 5609 ⁸⁸
942 5576 1072 5630 ibid.
1105 5575 1191 5629 10.
1287 5574 1331 5606 ⁶⁹
1359 5573 1487 5626 ibid.
1522 5573 1609 5629 l2.

221 5650 329 5704 "l
384 5653 510 5704 Cor.
558 5667 650 5710 xx,
695 5649 782 5701 24.
863 5649 906 5677 "
948 5647 1103 5699 Itoni.
1135 5661 1251 5712 vni,
1289 5644 1378 5698 2i.

219 5738 258 5785 ι
293 5741 348 5789 v,
383 5722 459 5774 l8.
535 5721 578 5752 ⁷⁸⁸
605 5723 771 5776 Exod.
803 5736 924 5784 xxv,
953 5720 1040 5770 50.

338 5903 459 5973 (Π)
497 5901 559 5954 Et
592 5909 770 5950 tamen
806 5896 929 5950 ibid.
967 5895 1165 5948 dicitur
1193 5893 1274 5947 his
1301 5911 1313 5946 :
1351 5909 1398 5946 v.
1426 5891 1454 5942 7
1483 5901 1537 5946 et
1564 5892 1649 5945 l5.

526 5997 797 6059 PATRQL.
830 5991 943 6053 (λιι.
987 5987 1320 6051 CXXXIII.

1712 5573 1757 5605 ⁷ο
1785 5569 1918 5626 Gen.
1959 5584 2103 5634 mit,
2156 5567 2242 5618 10.

1456 5647 1497 5674 7*
1529 5643 1674 5698 Psal.
1707 5657 1908 5706 Ltvvtt,
1947 5641 2036 5693 25.

1917 4695 2034 4737 sum
2063 4677 2240 4749 panis,
2266 4680 2354 4748 qui
2383 4679 2448 4734 de
2466 4678 2601 4734 coelo
2623 4679 2877 4734 descendi
2895 4681 2940 4711 '“
2965 4696 2980 4744 ;
3013 4700 3033 4733 ι
3059 4678 3127 4738 ex
3146 4698 3211 4740 eo
3240 4701 3339 4742 nec
3361 4688 3498 4744 Sab-

1913 4775 2098 4830 batum
2129 4773 2208 4840 tit,
2237 4788 2337 4827 nec
2366 4773 2543 4843 quies,
2605 4787 2702 4829 nec
2737 4774 2910 4830 tenuis
2932 4784 2987 4829 et
3011 4778 3201 4848 exigua
3229 4781 3361 4848 vita,
3391 4798 3492 4839 nec

1916 4865 2195 4921 moderata
2230 4864 2490 4933 partitio,
2535 4865 2631 4919 sed
2673 4865 2819 4920 omni
2856 4867 2989 4920 hora
3033 4867 3279 4925 Christus
3331 4883 3492 4930 aiter-

1917 4979 2039 5016 nam
2067 4975 2129 5014 ac
2160 4973 2451 5026 perennem
2489 4957 2650 5010 vitam
2683 4958 2797 5011 suis
2831 4957 3048 5012 famulis
3074 4959 3321 5028 largitur.

2500 5048 2731 5105 CAPUT
2773 5047 2908 5103 LIX.

1963 5144 1966 5147 “
2050 5143 2212 5197 Panis
2256 5141 2628 5210 propositionis
2651 5180 2666 5206 ,
2703 5154 2854 5210 typus
2888 5144 3119 5212 corporis
3151 5145 3368 5199 Christi.

1993 5239 2132 5306 Quin
2166 5248 2219 5289 et
2248 5236 2403 5303 panis
2434 5245 2488 5288 et
2522 5236 2729 5301 viuum,
2756 5252 2874 5302 qua:
2913 5235 3220 5306 proferebat
3260 5236 3488 5294 Melchi-

1925 5332 2122 5386 sedeth
2153 5328 2221 5392 ⁷⁷,
2257 5338 2310 5380 et
2345 5328 2499 5396 pultis
2545 5327 2950 5394 propositionis,
2987 5343 3123 5396 quos
3161 5329 3260 5384 soli
3307 5344 3492 5385 sacer-

1923 5430 2072 5480 dotes
2104 5422 2351 5496 edebant
2394 5422 2479 5487 ⁷⁸,
2529 5420 2773 5490 corporis
2821 5435 2884 5474 ac
2949 5421 3229 5492 sanguinis
3291 5421 3493 5480 Christi

2345 5566 2412 5597 "‘
2437 5563 2612 5619 Levit.
2644 5579 2796 5630 xxm,
2839 5563 2931 5618 36.
3037 5565 3081 5596 “
3120 5563 3297 5622 Eccie.
3331 5581 3404 5627 Ἢν
3438 5567 3495 5623 2ο

2117 5639 2156 5670 ⁷⁵
2191 5637 2288 5691 lsa.
2339 5655 2406 5699 v't,
2443 5637 2490 5689 7.
2604 5637 2648 5668 ⁷⁸
2684 5637 2836 5690 Joau.
2885 5653 2957 5698 Vl,
2982 5635 3071 5702 Η,
3101 5635 3192 5691 51.
3285 5637 3327 5668 ⁷⁷
3356 5637 3497 5696 Ge".

1979 5888 2114 5962 (ΔΤ)
2144 5888 2450 5960 Seraphin).

2984 5981 3064 6044 29
