3988 6284
578 356 679 419 907

1783 339 2209 404 ANDRONICI
2242 337 2584 411 COMNENI

3672 325 3755 390 908

577 469 906 528 sacriﬁcium
934 465 1351 539 prmsignabant.
1398 462 1532 519 Nam
1563 463 1663 519 etsi
1710 464 1945 532 majores
1977 459 2140 516 vestri
2172 469 2216 523 Α
2246 473 2351 529 que
2387 458 2532 513 enim
2563 454 2728 511 ullum
2759 450 2936 510 scelus
2968 459 3051 507 est
3078 448 3172 506 Dei
3225 446 3600 518 benignitatem
3633 459 3762 515 sure-

577 577 765 633 panem
794 561 966 625 illum,
1002 560 1090 630 qui
1121 558 1310 613 umbra
1340 556 1581 627 quaedam
1608 565 1662 610 et
1694 552 1968 624 exemplar
1994 560 2139 606 esset

574 657 948 720 comederunt,
976 661 1030 707 at
1063 650 1415 707 nihilominus
1439 663 1625 704 eorum
1653 645 1894 703 membra
1926 644 2141 699 accide-

575 754 724 810 runt,
765 746 818 800 in
850 743 1144 799 solitudine
1167 743 1243 808 7';
1275 740 1364 812 qui
1397 756 1529 796 vero
1569 741 1671 794 hoc
1709 753 1847 810 pane
1878 737 2136 801 vescitur,

573 838 700 908 quid
749 853 779 892 a
831 852 889 892 se
931 845 1250 905 accepturus
1299 832 1405 900 sit,
1465 833 1694 902 ipsemet
1742 830 1997 885 Servator
2043 827 2141 882 do--

572 938 657 985 cet
709 931 762 984 in
814 930 954 983 hanc
1007 928 1385 983 sententiam:
1443 944 1462 978 ε
1492 924 1593 992 Qui
1641 923 1931 978 manducat
1967 934 2138 974 meam

572 1037 812 1084 carnem,
851 1029 905 1074 et
953 1019 1087 1075 bibit
1132 1033 1306 1074 meum
1361 1019 1700 1088 sanguinem,
1753 1016 1919 1072 habet
1951 1015 2138 1085 ,vitam

571 1122 827 1169 aeternam
871 1113 941 1168 ”.
973 1129 991 1164 ι
1047 1111 1412 1178 Quamobrem
1461 1110 1661 1166 clamat
1716 1109 1884 1166 Isaias
1942 1125 1957 1163 :
2026 1125 2044 1160 ι
2077 1106 2142 1160 Et

571 1207 756 1260 critin
792 1205 878 1260 die
929 1205 1040 1271 illa,
1097 1202 1252 1259 radix
1285 1201 1457 1267 Jcsse,
1513 1202 1676 1272 ctqui
1729 1199 2027 1272 consurgit,
2084 1209 2144 1254 ut

572 1299 820 1368 princeps
861 1296 1228 1368 sitgenlium;
1261 1297 1313 1351 in
1346 1298 1461 1366 ipso
1499 1305 1686 1366 gentes
1715 1293 2013 1362 sperabunt
2046 1310 2058 1345 :
2087 1299 2144 1345 et

571 1387 677 1442 erit
712 1385 928 1457 requies
961 1383 1076 1454 ejus
1111 1386 1282 1440 honor
1323 1384 1393 1438 ".
1435 1403 1453 1437 ι
1494 1385 1558 1439 Et
1583 1399 1701 1452 quae
1730 1384 1832 1437 alia
1873 1393 2054 1437 autem
2090 1383 2139 1439 ei

573 1480 788 1550 requies
841 1478 966 1544 erit,
1021 1485 1184 1548 atque
1236 1477 1431 1543 honor,
1481 1492 1643 1547 quam
1696 1477 1760 1530 ad
1808 1491 2004 1531 arcana
2050 1475 2138 1530 illa

571 1573 753 1628 divina
787 1577 840 1625 et
870 1569 1068 1624 munda
1109 1583 1230 1623 cum
1260 1569 1460 1624 timore
1501 1578 1556 1623 et
1603 1569 1832 1624 horrore
1864 1583 2138 1634 accessus,

571 1674 624 1721 et
643 1662 918 1736 perceptio
942 1661 1216 1732 (eorum)?
1249 1659 1390 1717 Idem
1417 1660 1536 1718 alibi
1567 1678 1582 1715 :
1612 1679 1629 1714 α
1663 1660 1830 1716 Pleriit
1869 1662 2140 1730 princeps,

573 1758 667 1829 qui
698 1756 1052 1812 conculcabat
1071 1754 1339 1817 terram",
1371 1773 1391 1807 ι
1417 1753 1622 1810 scilicet
1640 1753 1727 1824 qui
1753 1767 1850 1810 nos
1877 1754 2138 1824 supplan.

572 1826 649 1905 tat
679 1849 964 1920 malignus,
994 1848 1060 1903 de
1087 1863 1194 1918 quo
1221 1857 1274 1905 et
1311 1863 1460 1903 meus
1492 1846 1754 1902 Dominus
1803 1847 1878 1900 ait
1913 1864 1928 1901 :
1966 1864 1982 1898 ι
2024 1844 2133 1899 Ve-
2169 1826 2215 1888 Β

574 1941 652 1996 nit
712 1939 964 2012 princeps
1020 1939 1204 1995 mundi
1258 1941 1439 2012 hujus,
1490 1949 1544 1995 et
1587 1940 1640 1995 in
1686 1953 1771 1995 me
1817 1954 1924 1994 non
1979 1940 2145 1994 habet

573 2031 867 2102 quidquam
897 2031 961 2086 “.
990 2050 1010 2082 ι
1039 2059 1102 2071 -~
1128 2049 1148 2082 r
1176 2030 1577 2102 Dirigelurcum
1597 2031 1968 2086 misericordia
1987 2031 2144 2086 tbro-

572 2138 676 2178 nus
702 2123 820 2192 ejus
835 2122 904 2188 ⁸⁸,
944 2140 962 2174 ι
1004 2124 1176 2177 hon0r
1211 2123 1458 2178 videlicet
1490 2124 1623 2190 lapsi
1647 2125 1859 2177 Adami.
1888 2123 1978 2178 Est
2000 2124 2142 2181 enim

576 2217 801 2270 thronus
851 2213 1072 2268 honoris
1133 2211 1366 2280 signum.
1418 2211 1487 2263 At
1519 2224 1625 2280 quo
1663 2218 1818 2278 pacto
1852 2209 2147 2280 dirigetur?

578 2325 600 2358 ι
632 2307 733 2362 Per
759 2305 967 2360 viscera
1002 2301 1391 2357 misericordiae
1421 2301 1514 2357 Dei
1545 2301 1714 2374 nostri
1743 2301 1813 2357 ⁸⁵.
1843 2321 1861 2355 υ
1897 2302 1960 2355 Ει
1993 2303 2148 2356 sede-

573 2399 654 2453 bit
700 2412 862 2466 super
905 2395 1056 2449 illum
1101 2408 1226 2449 cum
1274 2395 1507 2449 veritate
1553 2395 1605 2447 in
1651 2394 2001 2448 tabernaculo
2044 2393 2150 2447 Da-

576 2491 686 2553 vid,
759 2489 810 2542 id
861 2500 963 2554 est,
1019 2501 1242 2543 consors
1304 2485 1475 2541 tribus
1553 2501 1617 2540 ac
1677 2486 1858 2556 gloriae
1897 2487 2148 2557 perennis

578 2579 820 2643 sedebit;
851 2600 870 2630 ς
890 2578 1143 2648 judicans
1171 2585 1225 2632 et
1250 2575 1840 2646 exquirensjudicium,
1872 2585 1923 2630 et
1948 2575 2150 2631 faciens

576 2670 1014 2727 misericordiam
1071 2669 1140 2724 ⁸⁸.
1175 2688 1193 2721 ι
1248 2667 1588 2725 Zacharias:
1631 2687 1648 2720 ι
1695 2667 1921 2723 Venient
1967 2670 2150 2740 populi

574 2762 758 2826 multi,
799 2770 854 2817 et
883 2770 1072 2831 gentes
1115 2759 1381 2830 plurimae,
1412 2769 1469 2814 ut
1509 2769 1756 2829 quaarant
1798 2757 1993 2814 faciem
2043 2759 2149 2814 Do-

575 2857 712 2912 mini
742 2856 808 2911 ⁸⁷.
847 2873 865 2907 ›
897 2884 965 2896 -
989 2873 1005 2906 ι
1039 2853 1096 2908 In
1123 2854 1210 2909 die
1240 2852 1349 2920 illa,
1378 2852 1506 2908 dicit
1539 2852 1816 2918 Dominus,
1849 2851 2152 2922 disperdam

572 2949 799 3006 nomina
831 2946 1097 3003 idolorum
1129 2945 1196 2998 de
1229 2954 1394 3011 terra,
1421 2955 1476 3000 et
1506 2958 1612 2999 non
1652 2945 1758 2998 erit
1791 2942 1932 2999 ultra
1963 2958 2152 2998 eorum

585 3041 845 3097 memoria
895 3037 964 3093 ⁸⁸.
1011 3055 1030 3088 ι
1089 3035 1156 3090 Et
1207 3034 1373 3093 Isaias
1425 3053 1440 3091 :
1488 3053 1507 3088 ‹
1542 3036 1634 3091 Die
1687 3035 1775 3090 illa
1834 3035 2004 3092 lideus
2051 3038 2156 3090 erit

2243 565 2390 605 rans.
2423 550 2487 603 Et
2511 560 2630 619 post
2656 561 2826 618 pauca
2859 563 2872 602 :
2914 562 2933 598 ι
2973 543 3037 598 Et
3070 540 3298 614 populus
3330 543 3421 612 qui
3455 539 3758 605 creabitur‘,»

2246 644 2454 700 scilicet
2485 658 2581 713 per
2616 641 2981 713 evangelicum
3026 637 3350 702 doctrinam,
3387 652 3406 686 ς
3435 634 3658 689 laudabit
3679 632 3766 688 Do-

2248 737 2539 794 mitium".
2567 755 2586 789 ι
2613 736 2757 792 Idem
2786 747 2998 789 rursum
3025 749 3039 786 :
3071 716 3093 783 ι’
3115 729 3490 786 Verumtamen
3510 727 3636 782 Deus
3661 726 3772 780 redi-

2243 842 2352 887 met
2383 831 2618 885 animam
2668 843 2838 884 meam
2872 827 2938 882 de
2973 819 3134 880 manu
3171 821 3349 888 inferi,
3391 836 3509 876 cum
3541 818 3774 890 acceperit

2243 941 2329 980 me
2361 926 2431 990 ",
2467 943 2485 976 ι
2523 923 2573 977 id
2601 932 2705 986 est,
2737 936 2858 976 cum
2893 929 3169 990 assumpto
3196 932 3315 970 meo
3357 922 3773 983 temperamento,

2243 1027 2295 1072 et
2343 1018 2395 1071 in
2447 1030 2676 1085 corpore
2739 1023 2967 1068 mortem
3018 1011 3316 1074 sustinens,
3369 1021 3541 1060 meam
3595 1019 3777 1074 quoque

2243 1112 2482 1166 animam
2527 1109 2594 1164 ab
2629 1106 2844 1173 inferis,
2881 1116 2941 1158 ut
2988 1115 3334 1166 caeterorum,
3366 1099 3671 1162 vindicabit,
3700 1113 3780 1168 pro

2243 1205 2351 1276 quo
2375 1214 2429 1259 et
2460 1203 2624 1257 Isaias
2660 1201 2792 1254 facit
2820 1215 2838 1256 :
2884 1217 2900 1250 ι
2948 1197 3260 1265 Resurgent
3286 1192 3503 1257 mortui,
3534 1202 3584 1246 et
3606 1205 3775 1261 exper.

2243 1301 2542 1364 giscentur,
2579 1295 2671 1365 qui
2708 1294 2760 1347 in
2801 1291 3208 1356 monumentis,
3237 1297 3290 1341 et
3339 1284 3650 1340 laetabuntur
3703 1283 3781 1353 qui

2241 1400 2367 1446 sunt
2395 1391 2451 1446 in
2486 1402 2631 1445 terra
2662 1389 2734 1442 ".
2765 1407 2784 1440 ›
2838 1384 3217 1440 Praenuntians
3259 1381 3529 1451 publicam
3574 1390 3786 1433 resurre-

2241 1486 2482 1540 Ctionem
2539 1481 2791 1553 princeps
2836 1477 3085 1534 Christus
3139 1475 3425 1538 Dominus,
3472 1486 3536 1527 ex
3590 1470 3788 1525 mortuis

2242 1559 2432 1632 factus
2459 1585 2543 1631 est
2570 1574 2990 1645 primogenitus.

2318 1690 2336 1722 ε
2374 1668 2745 1732 Lmtabuntur,
2793 1667 3035 1733 inquam,
3066 1661 3156 1732 qui
3206 1668 3330 1716 sunt
3365 1659 3417 1712 in
3452 1667 3589 1712 terra
3619 1675 3632 1711 :
3666 1673 3683 1705 ι
3716 1668 3789 1709 ros

2245 1763 2411 1829 enim,
2456 1762 2546 1832 qui
2585 1775 2613 1814 a
2668 1769 2742 1823 te,
2791 1757 3003 1813 sanatio
3033 1764 3137 1828 est.
3186 1753 3252 1808 Et
3286 1753 3407 1822 quis
3453 1751 3587 1804 alius
3632 1759 3787 1803 autem

2246 1870 2335 1910 ros
2368 1853 2634 1908 medicina
2669 1859 2755 1906 est
2786 1848 2964 1915 nobis,
2999 1863 3160 1917 quam
3193 1846 3334 1900 sacri
3369 1842 3618 1912 baptismi
3649 1855 3790 1909 aqua,

2248 1947 2394 2001 unde
2454 1945 2762 2014 expiamur,
2823 1949 2878 1995 et
2937 1935 3314 1992 illusmmur?
3369 1932 3587 1988 «Terra
3637 1939 3793 1983 autem

2246 2040 2537 2110 impiorum
2571 2039 2750 2092 cadet.
2790 2053 2808 2087 ι
2850 2034 3146 2104 Impiorum
3181 2040 3350 2095 terra,
3395 2028 3562 2083 rebus
3591 2022 3796 2079 terrenis

2247 2132 2484 2194 delenita
2510 2132 2590 2186 vis
2620 2142 2669 2185 et
2708 2139 2899 2183 natura
2929 2137 3034 2188 est.
3070 2141 3188 2196 quae
3212 2123 3412 2187 spretis
3441 2120 3641 2176 divinis
3661 2115 3800 2178 iussis

2249 2235 2278 2273 a
2312 2218 2422 2275 Deo
2451 2223 2719 2286 separata,
2746 2229 2868 2269 cum
2897 2212 3190 2268 inferorum
3215 2207 3454 2280 principe
3481 2204 3714 2259 habitare
3733 2209 3801 2254 est

2250 2315 2502 2369 damnata
2538 2329 2551 2366 :
2586 2325 2706 2380 quae
2748 2320 2800 2363 et
2842 2306 3009 2361 Deum
3061 2303 3334 2358 hominem
3375 2313 3559 2354 coram
3595 2309 3803 2366 praesen.

2253 2413 2358 2460 tem
2391 2419 2564 2473 neque
2603 2400 2842 2472 agnovit,
2880 2411 3054 2465 neque
3096 2391 3367 2448 adoravit.
3401 2388 3540 2443 Nam
3580 2386 3803 2441 Christus

2252 2498 2305 2553 in
2343 2496 2521 2559 terris,
2565 2506 2619 2549 et
2652 2493 2792 2562 apud
2828 2506 2925 2544 nos
2966 2487 3211 2542 homines
3243 2497 3428 2553 agens,
3487 2495 3594 2534 non
3636 2490 3802 2532 omnes

2251 2592 2474 2648 omnino
2502 2587 2762 2650 servavit,
2798 2582 2892 2639 scd
2923 2596 3016 2636 eos
3048 2578 3142 2650 qui
3180 2592 3238 2632 se
3269 2575 3435 2629 Deum
3467 2577 3802 2643 agnoscerent

2253 2700 2315 2739 ac
2349 2682 2758 2754 proliterentur.
2794 2675 2868 2730 Ita
2899 2686 2953 2731 et
2987 2675 3126 2745 apud
3157 2671 3381 2738 inferos,
3429 2684 3492 2724 se
3531 2678 3806 2737 agnoscen-

2253 2783 2356 2840 tes,
2388 2787 2550 2844 atque
2580 2780 2635 2827 ut
2669 2770 2834 2826 Demn
2866 2780 3171 2833 veneratos,
3212 2763 3526 2834 sospitavit,
3554 2761 3607 2814 iu
3637 2758 3806 2811 vitam.

2254 2877 2360 2933 que
2394 2861 2631 2917 restituit
2677 2859 2820 2930 :qui
2878 2859 2928 2912 id
2982 2858 3202 2910 minime
3253 2854 3536 2916 fecissent,
3584 2865 3677 2905 eos
3705 2862 3805 2903 cum

2257 2954 2470 3010 Orcinis
2524 2951 2818 3023 spiritibus
2879 2950 3118 3020 reliquit.
3180 2949 3368 3017 Itaque
3404 2953 3463 2999 et
3527 2943 3694 2997 David
3751 2944 3800 2995 sic

2258 3048 2485 3104 eII'atur:
2512 3066 2530 3100 ι
2557 3047 2959 3102 Convertantur
2977 3053 3289 3114 peccatores
3315 3042 3367 3095 in
3389 3042 3689 3100 infernum.
3715 3054 3802 3090 0m-

576 3134 747 3189 -homo
791 3133 844 3187 in
876 3146 941 3187 eo
1007 3132 1097 3201 qui
1152 3129 1278 3185 fecit
1324 3144 1447 3185 eum
1478 3145 1494 3185 :
1530 3128 1669 3183 oculi
1717 3139 1900 3184 autem
1935 3129 2052 3200 eius
2100 3132 2152 3183 in
2179 3169 2225 3233 Ο
2261 3154 2354 3195 nes
2404 3150 2609 3210 gentes,
2664 3154 2781 3208 quae
2818 3137 3210 3192 obliviscuntur
3262 3133 3426 3188 Deum
3465 3134 3533 3186 θ’.
3578 3152 3597 3186 ι
3644 3132 3704 3186 Ει
3737 3143 3810 3195 ρετ

593 3235 838 3286 sanctum
876 3225 1045 3279 Israel
1075 3223 1430 3278 intuebuntur
1463 3221 1530 3275 δ’.
1561 3239 1580 3272 ι

665 3319 842 3388 Atque
905 3317 1020 3372 haec
1056 3326 1242 3370 sancta
1290 3317 1607 3371 oeconomia:
1665 3314 1868 3370 Christi
1924 3327 2124 3369 arcana

582 3413 866 3474 instabant.
918 3409 1117 3480 quibus
1175 3409 1540 3480 percipiendis
1603 3409 1784 3477 ipsum
1851 3409 2159 3465 Servatoris

577 3505 789 3561 Christi
842 3518 1060 3561 sacrum
1128 3518 1329 3573 corpus
1376 3504 1783 3574 pretiosumque
1840 3504 2155 3574 sanguinem

577 3598 938 3670 percipimus,
974 3607 1034 3652 ut
1063 3601 1129 3652 ab
1163 3611 1228 3652 eo
1255 3596 1432 3652 edocti
1465 3610 1654 3650 sunms
1687 3611 1703 3650 :
1748 3615 1766 3649 ς
1792 3595 1892 3662 Qui
1927 3598 2158 3650 mandu-

586 3698 680 3746 eat
711 3704 883 3745 meam
917 3703 1165 3754 carnem,
1208 3696 1263 3741 et
1313 3688 1448 3742 bibit
1499 3701 1678 3742 meum
1730 3689 2070 3758 sanguinem,
2106 3687 2158 3740 in

593 3795 680 3835 me
705 3788 907 3846 manet,
939 3787 997 3834 et
1026 3793 1128 3857 ego
1159 3778 1216 3832 in
1251 3777 1343 3833 illo
1382 3776 1452 3833 ”.
1490 3796 1508 3829 ι
1557 3777 1794 3832 Rursum
1827 3777 1893 3832 ad
1926 3778 2162 3846 discipu-

595 3870 711 3925 los:
747 3888 767 3922 ι
802 3870 1046 3940 Accipite
1068 3881 1122 3926 et
1147 3872 1452 3928 comedite:
1483 3874 1587 3931 hoc
1616 3886 1702 3931 est
1722 3891 1924 3946 corpus
1955 3895 2159 3937 meum.

588 3960 710 4018 Hoc
737 3963 896 4018 l'acite
925 3963 977 4017 in
1011 3977 1183 4018 meam
1233 3969 1802 4026 commemorationem
1839 3970 1906 4022 ⁹¹.
1947 3989 1965 4021 ι
2003 3970 2164 4026 Simi-

595 4060 718 4112 liter
751 4059 894 4112 etde
921 4055 1090 4113 calice
1121 4058 1296 4113 dicit:
1329 4077 1350 4112 ε
1388 4059 1563 4116 Dibite
1592 4078 1658 4116 ex
1690 4063 1793 4118 hoc
1821 4078 2032 4120 omnes.
2067 4065 2162 4122 llic

597 4161 680 4206 cst
704 4151 847 4205 enim
881 4151 1103 4220 sanguis
1160 4165 1315 4208 meus
1364 4155 1488 4209 novi
1551 4158 1882 4224 testamenti,
1943 4161 2033 4228 qui
2068 4176 2165 4228 pro

600 4243 751 4298 vobis
780 4255 833 4298 et
859 4256 956 4312 pro
983 4243 1167 4298 multis
1200 4243 1506 4301 effundetur
1531 4249 1582 4302 in
1638 4251 2010 4308 remissionem
2042 4269 2168 4323 pec-

595 4336 940 4392 catorum".
975 4353 994 4389 ο
1054 4336 1160 4393 Sed
1214 4338 1327 4394 haec
1359 4343 1492 4397 satis
1537 4354 1663 4398 sunt
1689 4345 1753 4400 de
1805 4346 2050 4417 principe
2101 4363 2166 4404 ac

597 4431 786 4499 regina
818 4429 1244 4496 dierum;'nunc
1277 4435 1544 4491 orationis
1589 4449 1744 4490 axem
1796 4441 1862 4492 ad
1916 4455 2164 4494 resurre-

2260 3231 2594 3289 Ezechielem
2615 3231 2842 3286 mortuis
2873 3231 2945 3283 ait
2967 3228 3138 3284 Deus:
3172 3248 3190 3280 ο
3215 3227 3353 3283 Ecce
3384 3242 3488 3296 ego
3521 3225 3704 3295 aperio
3725 3237 3809 3275 rne-

2261 3328 2464 3381 morias
2491 3336 2719 3382 vestras
2762 3341 2775 3378 :
2823 3333 2874 3378 et
2925 3323 3177 3378 reducam
3214 3335 3309 3374 vos
3343 3321 3406 3373 de
3441 3318 3710 3387 sepulcris
3740 3331 3809 3366 ve.

2261 3421 2408 3482 stris,
2449 3418 2641 3488 p0pule
2701 3417 2795 3480 mi,
2853 3424 2909 3470 et
2963 3415 3300 3468 introducam
3358 3427 3457 3466 vos
3522 3412 3575 3464 iu
3635 3420 3812 3464 terram

2262 3511 2422 3566 Israel
2451 3529 2463 3576 ;
2502 3520 2554 3565 et
2589 3509 2932 3582 cognoscetis
2963 3506 3216 3578 quoniam
3249 3520 3347 3575 ego
3400 3520 3527 3559 sum
3581 3501 3816 3556 Dominus

2263 3616 2462 3668 vester,
2499 3619 2620 3658 cum
2640 3616 2901 3672 aperuero
2927 3599 3166 3669 sepulcra
3201 3609 3403 3662 vestra,
3427 3608 3490 3652 ut
3521 3599 3738 3652 educam
3769 3595 3819 3644 de

2263 3698 2524 3769 sepulcris
2568 3695 2821 3767 populum
2877 3706 3093 3756 meum;
3137 3699 3191 3744 et
3217 3689 3354 3743 dabo
3379 3688 3636 3755 spiritum
3669 3698 3819 3738 meum

2265 3796 2317 3849 in
2360 3792 2505 3846 vobis
2532 3798 2590 3853 et
2628 3788 2819 3862 t'ivetis
2869 3785 2934 3840 ⁵⁸.
2971 3803 2991 3837 ι
3030 3783 3168 3850 Quin
3215 3794 3268 3837 et
3300 3780 3422 3838 Orci
3460 3782 3820 3848 direptionem,

2266 3905 2320 3949 et
2359 3899 2670 3961 vastitawm
2734 3881 3039 3960 praevidens
3097 3876 3299 3931 clamat
3340 3870 3514 3927 David
3573 3889 3588 3928 :
3649 3889 3666 3923 ι
3705 3870 3824 3945 Doug

2263 4000 2509 4044 conteret
2541 3990 2732 4044 dentes
2767 4004 2955 4044 eorum
2995 3990 3047 4043 in
3087 4003 3181 4044 ore
3217 3990 3458 4058 ipsorum
3491 4008 3506 4047 :
3544 3991 3709 4044 molas
3732 3989 3824 4041 leo-

2268 4097 2393 4138 num
2426 4080 2729 4151 confringet
2758 4081 3023 4136 Dominus
3053 4079 3122 4137 ".
3162 4100 3181 4132 ι
3223 4080 3290 4136 Et
3321 4082 3421 4137 Job
3452 4099 3470 4138 :
3509 4101 3529 4134 ι
3565 4081 3702 4146 ‘I‘ibi,
3733 4078 3824 4132 Do-

2267 4173 2437 4236 mine,
2466 4170 2787 4241 aperiuntur
2840 4179 2984 4224 metu
3035 4180 3205 4239 porta:
3240 4171 3451 4235 mortis,
3491 4179 3549 4226 et
3594 4173 3825 4225 ianitores

2267 4265 2469 4320 inferni
2501 4263 2748 4319 videntes
2774 4273 2824 4318 te
2848 4265 3144 4319 timuerunt
3182 4265 3222 4320 ¹.
3260 4283 3278 4316 a
3315 4263 3532 4322 Isaias:
3572 4284 3589 4316 t
3623 4264 3822 4320 Domine

2269 4360 2432 4426 Deus,
2462 4358 2772 4427 glorificabo
2809 4367 2881 4422 te,
2941 4357 3174 4413 laudabo
3214 4373 3406 4413 nomen
3472 4369 3656 4425 tuum,
3707 4370 3823 4428 quo-

2268 4456 2413 4509 niam
2458 4451 2634 4508 fecisti
2687 4451 3056 4516 admirabilia,
3098 4451 3386 4507 consilium
3436 4454 3723 4522 antiquum
3753 4462 3820 4504 ve-

600 4521 796 4576 ctionis
830 4521 1248 4589 disputationem
1282 4538 1681 4592 convertamus,
1705 4543 1766 4583 ac
1807 4545 2021 4584 rursum
2057 4550 2154 4587 ωτι

2274 4563 2389 4601 rum
2425 4564 2437 4598 :
2471 4545 2595 4614 quia
2628 4544 2854 4614 posuisti
2895 4543 3141 4599 civitates
3175 4543 3224 4597 in
3259 4545 3582 4608 tumultum,
3604 4545 3816 4598 civitates

600 4619 812 4674 caeteris
839 4621 1090 4676 omnibus
1128 4621 1382 4677 Davidem
1417 4632 1867 4694 contemplemur.

1183 4735 1414 4791 CAPUT
1467 4737 1578 4791 LX.

850 4823 926 4878 De
955 4825 1148 4880 Christi
1179 4843 1210 4880 a
1260 4831 1480 4882 mortuis
1510 4835 1900 4887 resurrectione.

674 4931 696 4963 ι
730 4913 807 4966 'l‘u
838 4928 1137 4984 exsurgens
1191 4915 1539 4973 misereberis
1571 4919 1722 4984 Sion,
1780 4924 1904 4990 quia
1960 4932 2170 4993 tempus

605 5004 897 5059 miserendi
933 5006 1074 5075 ejus,
1111 5008 1238 5076 quia
1292 5011 1437 5062 venit
1477 5019 1708 5079 tempus.
1765 5031 1782 5063 ι
1819 5013 1881 5066 Et
1923 5015 2119 5069 ibidem
2152 5033 2164 5067 :

609 5116 628 5148 ι
669 5095 982 5153 Αῐαίϐοειιήι
1017 5099 1278 5156 Dominus
1309 5101 1464 5169 SiOn,
1496 5112 1548 5157 et
1595 5106 1866 5158 videbitur
1913 5107 1964 5160 in
1997 5109 2170 5177 gloria
2202 5174 2204 5177 τ

601 5204 746 5242 sua:
794 5192 1030 5260 respexit
1066 5192 1117 5246 in
1149 5195 1446 5249 oralionem
1480 5197 1781 5250 humilium.
1822 5217 1840 5249 ι
1884 5197 2172 5266 Quorum?

599 5279 705 5345 Qui
738 5281 806 5334 ob
835 5279 1040 5351 flagitia
1076 5283 1390 5351 mancipati,
1422 5284 1603 5337 divina
1636 5286 2005 5339 misericordia
2034 5302 2172 5355 opus

600 5373 827 5429 habent.
898 5395 915 5427 ι
947 5373 1019 5429 'Et
1045 5391 1148 5430 non
1182 5376 1386 5445 sprevit
1421 5392 1642 5446 precem
1673 5393 1858 5433 eorum
1889 5379 1954 5433 ".
1991 5399 2007 5432 ι
2062 5381 2169 5434 Nc-

675 5539 720 5571 '"
753 5537 915 5593 Hebr.
947 5555 1026 5605 Ill,
1067 5540 1150 5594 I7.
1226 5542 1268 5572 3°
1294 5539 1448 5596 Juan.
1479 5558 1549 5605 vt,
1621 5542 1707 5597 56.

607 5605 653 5643 ³⁵
677 5608 807 5663 Luc.
848 5625 886 5673 ε,
918 5610 1003 5664 78.
1081 5612 1249 5666 "'Isa.
1297 5629 1406 5678 xw,
1433 5614 1485 5668 6.

606 5682 651 5715 “
679 5681 882 5734 Matth;
905 5696 1057 5747 xxvr,
1107 5683 1197 5737 ‘26.
1295 5685 1340 5715 θ’
1366 5687 1491 5739 Ibid.
1521 5702 1690 5750 xxvtt,
1717 5691 1806 5742 28.

609 5768 755 5815 xxvt,
787 5751 872 5807 I9.
973 5755 1016 5784 "
1039 5756 1078 5806 Ρ
1112 5757 1180 5809 al.
1218 5770 1290 5824 lx,
1323 5754 1408 5808 18.

607 5825 649 5877 1⁴
681 5837 833 5894 seqq.

1813 5545 1854 5577 θ’
1894 5546 1999 5600 ,Isa.
2049 5563 2122 5608 XI,
2168 5547 2252 5602 I7.

1600 5615 1644 5647 ⁸⁷
1694 5616 1922 5671 Zachat.
1971 5621 2202 5681 vm,:!'2.

1593 5702 1690 5761 γει,
1717 5691 1806 5742 28.
1911 5690 1954 5721 "
1984 5691 2124 5744 I’sal.
2151 5705 2221 5750 ει,
2254 5689 2436 5742 14-18.

1503 5759 1547 5790 ’⁸
1573 5757 1769 5818 Ezeclt.
1810 5777 2009 5825 xxxiii,
2057 5765 2139 5823 12,
2175 5763 2256 5816 15.

2273 4640 2526 4704 munitas,
2556 4649 2612 4692 ut
2651 4641 2909 4694 eaderent
2945 4638 3300 4692 fundamenta
3328 4652 3552 4702 earum,
3602 4638 3819 4692 civitates

2274 4731 2564 4798 impiorum
2602 4730 2655 4782 in
2699 4738 2962 4783 mternum
3000 4731 3354 4782 vastabuntur
3381 4746 3396 4783 :
3428 4740 3716 4800 propterea
3747 4727 3824 4780 be-

2275 4827 2487 4880 nedicet
2519 4825 2612 4878 tibi
2652 4825 2880 4894 populus
2925 4839 3151 4893 pauper,
3185 4835 3240 4877 et
3280 4823 3534 4879 civitates
3569 4824 3822 4879 hominum

2276 4922 2530 4990 iniuriam
2564 4921 2977 4988 sustinentium,
3016 4929 3067 4975 le
3117 4920 3444 4974 timentium.
3500 4919 3669 4974 Fuisti
3702 4917 3824 4973 enim

2278 5015 2421 5068 οιιιιιὶ
2454 5014 2659 5066 civitati
2694 5013 2880 5065 humili
2926 5011 3218 5065 auxiliator
3241 5011 3281 5064 ³.
3319 5030 3336 5062 ι
3383 5011 3605 5081 Impius,
3636 5013 3824 5080 opinor,

2278 5108 2545 5160 daemones
2607 5115 2784 5171 vocat,
2853 5104 3044 5174 oppida
3097 5103 3328 5169 munita,
3369 5106 3496 5158 Orci
3554 5106 3746 5175 regiam
3780 5108 3828 5154 et

2278 5200 2468 5254 mortis
2494 5198 2806 5263 domicilia;
2829 5213 2856 5251 a
2880 5199 3081 5268 quibus
3109 5198 3317 5261 inopes,
3343 5211 3526 5253 etnon
3549 5195 3825 5268 plenissimi
3924 5263 3925 5270 γ

2279 5294 2519 5347 moribus
2577 5309 2697 5347 cum
2758 5293 2955 5346 virtute
3004 5290 3308 5360 conjunctis
3352 5293 3730 5346 detinebantur
3773 5301 3829 5341 ac
3924 5277 3925 5284 “

2276 5381 2710 5451 possidebantur.
2753 5381 2942 5452 InOpes
2973 5384 3116 5437 enim
3137 5394 3260 5437 sunt
3289 5399 3476 5438 omnes
3519 5385 3612 5454 qui
3635 5377 3828 5435 virtutis

2347 5547 2392 5627 δέ
2421 5545 2521 5627 lsa.
2553 5563 2660 5612 xvi,
2813 5547 3038 5627 “idean.
3067 5563 3177 5611 κεν,
3207 5547 3296 5627 ξο.
3340 5545 3591 5627 ,βξ-18³.
3637 5539 3824 5627 κη,λῇ

2304 5617 2345 5648 ⁸⁸
2377 5619 2503 5672 ibid.
2539 5633 2660 5681 xut,
2686 5618 2740 5673 2.
2851 5620 2898 5650 "
2925 5619 3026 5670 lsa.
3053 5634 3184 5682 xvu,
3217 5618 3265 5672 7.
3340 5612 3597 5671 "‘Joau.
3645 5631 3712 5675 \‘I.
3745 5612 3822 5666 56·

2304 5689 2436 5742 't-I8.
2533 5689 2726 5743 "ibid.
2761 5688 2845 5742 I9.
2950 5689 2992 5720 ”
3027 5689 3162 5742 Psal.
3211 5705 3430 5743 LXXXIV.
3483 5688 3568 5743 I6.
3668 5688 3710 5716 "
3733 5681 3822 5736 Isrt.

2716 5731 2726 5743 ι
2765 5720 2845 5742 ΙΙΙ·
3027 5720 3162 5742 ἰθαι-
3213 5720 3430 5753 ιι-ιιιιν,
3483 5720 3568 5743 IV.
3735 5720 3822 5736 w"°

2355 5763 2398 5792 9’
2441 5761 2580 5815 Psal.
2623 5776 2775 5828 Lvtn,
2806 5762 2856 5812 7.
2963 5759 3102 5813 ’Job
3148 5775 3352 5824 xxxv”,
3398 5763 3446 5814 7.
3552 5756 3690 5811 ’Isa.
3727 5768 3821 5815 ιιι,
