3988 6284
235 323 337 391 909

1315 329 1701 393 DIALOGUS
1729 325 2034 390 CONTRA
2067 333 2395 395 IUD/EOS.

3368 331 3472 396 910

230 454 360 508 opes
391 455 498 496 non
516 439 785 497 obtinent.
815 439 1004 512 Itaque
1032 450 1184 498 vates
1213 443 1662 513 gratulabundus,
1690 454 1795 494 non
1824 439 1869 498 Δ
1899 441 2174 513 desuper:
2211 455 2266 501 et
2293 444 2515 516 spiritus
2549 459 2654 499 non
2671 453 2786 500 erat
2807 443 2857 499 in
2877 443 2976 500 eis.
2998 443 3064 498 Et
3087 443 3222 498 dixit
3251 442 3319 498 ad
3350 458 3471 500 me:

231 531 371 590 Orco
414 533 586 590 solum
621 549 652 589 a
702 532 922 590 Christo
951 534 1186 603 direpto.
1248 536 1341 591 sed
1395 534 1558 590 etiam
1612 531 1800 588 muni-

233 620 428 677 mentis
454 621 572 690 ejus
605 620 851 677 funditus
884 623 1117 688 eversis,
1143 623 1216 678 ait
1243 641 1258 678 :
1307 641 1326 676 ι
1365 621 1537 678 Fuisti
1572 620 1803 676 auxilia-

237 723 325 769 tor
357 715 504 768 omni
539 713 748 769 civitati
787 715 998 781 humili,
1032 734 1052 767 ι
1085 717 1138 771 id
1168 726 1271 777 est,
1308 716 1500 770 autimas
1531 714 1798 779 contritae,

232 807 374 876 quod
440 815 495 862 et
549 805 717 861 David
775 807 1057 876 prolitetnr
1112 821 1126 860 :
1191 826 1209 859 ι
1245 806 1354 862 Cor
1406 805 1696 860 contritum
1747 811 1801 859 et

235 897 598 962 lmmiliatum,
620 897 781 964 Deus,
805 911 910 951 non
941 896 1207 965 despicies
1229 898 1274 951 ⁸.
1295 914 1315 948 δ
1337 895 1470 950 Nam
1487 895 1706 950 Christo
1733 893 1801 945 ad

237 990 440 1042 interos
465 989 856 1056 descendente,
889 1003 997 1044 non
1027 997 1344 1044 sanctorum
1369 990 1564 1043 animae
1590 995 1801 1042 tantum

234 1079 478 1135 liberatae
504 1088 630 1133 sunt
665 1079 810 1144 inde,
845 1080 942 1135 sed
973 1093 1163 1134 omnes
1186 1080 1322 1136 adeo
1346 1078 1499 1149 prius
1519 1078 1572 1132 ln
1601 1073 1803 1133 diaboli

231 1185 440 1233 errore.
475 1179 531 1226 et
565 1166 988 1225 simulacrorum
1015 1170 1164 1225 cultu
1206 1169 1526 1225 servitutem
1560 1171 1804 1224 servien-

235 1276 338 1331 tes,
366 1264 512 1320 aucti
540 1264 818 1335 agnitione
843 1261 959 1329 Dei,
1017 1263 1246 1319 salutem
1309 1274 1436 1318 sunt
1486 1263 1798 1318 consecuti:

233 1372 402 1424 quare
443 1367 496 1413 et
527 1357 730 1428 gratias
757 1359 1007 1427 agebant,
1035 1355 1205 1412 Deum
1250 1356 1557 1412 laudantes.
1592 1354 1712 1412 Jam
1747 1365 1803 1412 et

235 1449 334 1505 Dei
365 1448 545 1505 Patris
573 1465 672 1520 per
698 1449 919 1515 Isaiam,
947 1447 1064 1504 haec
1095 1457 1224 1505 sunt
1251 1450 1318 1504 ad
1357 1447 1552 1504 Filium
1574 1448 1746 1504 verba
1787 1466 1800 1502 :

238 1560 259 1594 ι
293 1541 562 1611 Tempore
607 1553 833 1612 accepto
863 1542 1116 1598 exandivi
1163 1549 1238 1608 te,
1271 1549 1328 1598 et
1373 1543 1426 1598 in
1473 1542 1562 1598 die
1609 1540 1805 1597 salutis

236 1631 523 1693 auxiliatos
544 1651 663 1692 sum
693 1637 808 1704 tui;
836 1645 886 1693 et
921 1636 1042 1691 dedi
1068 1643 1120 1692 te
1160 1636 1216 1691 in
1257 1643 1638 1692 testamentum
1676 1651 1806 1705 gen-

240 1731 396 1794 tium,
428 1740 487 1784 ut
515 1730 878 1784 constitueres
907 1737 1130 1794 terram,
1153 1737 1209 1785 et
1233 1727 1539 1798 possideres
1570 1727 1802 1784 heredi-

1907 534 2180 606 Propheta
2211 552 2376 609 super
2397 539 2667 607 spiritum,
2692 537 2979 608 propheta,
3013 536 3087 592 illi
3117 537 3376 602 hominis,
3411 547 3467 591 et

1907 627 1993 683 dic
2023 629 2236 699 spiritui
2272 650 2284 685 :
2321 628 2447 687 Haec
2476 633 2608 688 dicit
2638 633 2899 687 Dominus
2927 652 2941 688 :
2971 632 3009 685 A
3047 641 3280 700 quatuor
3311 631 3474 701 spiri-

1905 716 2050 774 tibus
2086 719 2196 790 (48)
2238 720 2381 783 veni.
2434 730 2487 776 et
2549 719 2760 777 insumi
2817 721 2871 776 in
2919 731 3163 776 mortuos
3207 722 3340 775 istos
3367 759 3382 786 ,
3417 731 3476 777 et

1906 810 2109 867 vivant.
2144 811 2208 866 Et
2255 812 2595 882 prophetavi,
2633 815 2773 868 sicut
2828 823 3160 884 praeceperat
3212 814 3366 869 mihi.
3409 813 3478 868 Et

1904 903 2188 975 ingressus
2223 905 2276 959 in
2306 919 2401 960 eos
2429 912 2513 960 est
2545 899 2806 974 spiritus;
2835 915 2888 960 et
2926 905 3226 971 vixerunt,
3275 915 3328 960 et
3362 915 3476 960 ste—

1907 1005 2088 1049 terunt
2144 997 2196 1050 in
2250 997 2478 1066 pedibus
2512 999 2648 1063 suis,
2685 1000 3043 1069 congregatio
3087 999 3254 1052 multa
3291 997 3474 1053 nimis.

1904 1084 1972 1140 Et
2000 1085 2215 1142 locutus
2248 1097 2334 1142 est
2365 1086 2627 1142 Dominus
2653 1087 2716 1142 ad
2747 1103 2852 1154 me,
2884 1089 3072 1143 dicens
3101 1107 3113 1143 :
3163 1086 3265 1142 Fili
3303 1088 3478 1142 homi-

1903 1177 2014 1243 nis,
2065 1193 2188 1233 ossa
2237 1180 2352 1234 haec
2399 1178 2577 1235 omnis
2630 1180 2822 1235 domus
2866 1178 3033 1235 Israel
3069 1191 3153 1234 est
3200 1199 3214 1235 :
3276 1189 3327 1234 et
3376 1178 3477 1247 ipsi

1910 1268 2102 1323 dicunt
2135 1285 2148 1322 :
2187 1269 2350 1325 Arida
2399 1268 2538 1325 facta
2575 1279 2702 1324 sunt
2748 1285 2868 1324 ossa
2909 1279 3119 1337 nostra,
3155 1270 3315 1340 periit
3352 1283 3480 1336 spes

1909 1371 2117 1428 nostra,
2165 1363 2545 1419 dissonuimus.
2581 1363 2870 1430 Propterea
2903 1363 3222 1426 vaticinare,
3251 1374 3306 1418 et
3342 1363 3431 1417 die
3460 1379 3474 1416 :

1910 1450 2038 1508 Hrcc
2089 1452 2222 1508 dicit
2273 1453 2530 1509 Dominus
2581 1470 2598 1512 :
2647 1454 2790 1510 Ecce
2819 1469 2918 1525 ego
2962 1455 3149 1526 aperio
3186 1455 3478 1510 memorias

1919 1553 2128 1598 vestras
2164 1560 2180 1597 :
2212 1551 2265 1598 et
2317 1543 2570 1599 reducam
2612 1560 2708 1599 vos
2740 1546 2802 1598 de
2835 1545 3100 1614 sepulcris
3131 1546 3350 1610 vestris,
3381 1559 3482 1611 po-

1915 1635 2039 1706 pule
2075 1636 2171 1702 mi,
2218 1647 2273 1691 et
2302 1635 2645 1692 introducam
2694 1653 2790 1692 vos
2825 1638 2877 1692 in
2914 1645 3116 1692 terram
3163 1638 3332 1692 Israel
3375 1637 3417 1691 '.
3455 1655 3476 1691 ο

1907 1725 2019 1780 Hoc
2042 1725 2343 1782 Ezechielis
2355 1727 2673 1782 vaticinium
2689 1729 3048 1797 complevisse
3073 1743 3252 1784 meum
3276 1727 3482 1797 Iesum,

237 1830 374 1876 tates
402 1823 646 1877 desertas
669 1821 712 1888 ⁸,
747 1839 764 1874 i
803 1838 902 1892 per
931 1823 1175 1879 desertas
1207 1821 1550 1877 hacreditates
1601 1819 1804 1876 inferos
1839 1798 1880 1857 Β
1909 1817 2071 1872 docet
2115 1818 2448 1889 evangelista
2502 1818 2555 1874 in
2598 1818 2714 1874 haec
2765 1818 2927 1874 verba
2958 1837 2974 1873 :
3015 1837 3034 1871 r
3072 1819 3139 1875 Et
3181 1834 3307 1876 ecce
3339 1827 3483 1874 terra

235 1912 546 1981 signiﬁcans
569 1951 587 1979 ,
622 1926 758 1982 quos
789 1913 1010 1966 omnino
1037 1913 1281 1968 desertos
1312 1920 1474 1982 atque
1503 1921 1686 1967 vastos
1713 1912 1808 1967 ha-

239 2002 358 2058 buit
387 2003 658 2059 Christus.
714 2004 855 2072 Quin
894 2016 955 2060 ut
985 2005 1286 2060 orationem
1319 2004 1655 2075 exploratam
1685 2004 1810 2059 red-

241 2095 416 2164 deret,
452 2096 731 2167 subjungit
754 2112 773 2151 :
810 2115 830 2148 ι
865 2097 1057 2152 Dicens
1093 2097 1176 2152 bis
1200 2097 1292 2167 qui
1325 2098 1376 2151 in
1403 2098 1634 2152 vinculis
1659 2107 1808 2163 sunt,

239 2191 435 2259 Exite;
466 2200 519 2248 et
557 2192 644 2248 bis
697 2191 791 2263 qui
835 2193 886 2247 in
942 2186 1203 2259 tenebris,
1257 2202 1315 2249 ut
1355 2192 1662 2249 revelentur
1705 2195 1750 2249 '.
1786 2211 1806 2246 ι

239 2281 410 2340 Oseas
436 2285 605 2351 addit,
630 2295 886 2356 tanquam
923 2299 984 2340 se
1008 2286 1360 2341 hortarentur
1387 2295 1445 2341 et
1476 2285 1814 2355 impellerent

239 2377 476 2432 invicem
527 2377 774 2433 dicentes
806 2393 820 2431 :
875 2397 894 2430 ι
916 2378 1120 2433 Eamus
1153 2387 1210 2434 et
1245 2387 1580 2434 revertamur
1610 2382 1676 2433 ad
1709 2379 1814 2434 Do-

242 2471 442 2524 minum
475 2469 639 2524 Deum
680 2479 945 2536 nostrum,
990 2471 1118 2541 quia
1155 2471 1271 2542 ipse
1305 2470 1435 2526 fecit
1473 2486 1572 2527 nos
1605 2480 1660 2527 et
1691 2487 1816 2525 sau-

239 2562 499 2617 ctilicabit
529 2578 627 2618 nos
653 2573 774 2634 post
795 2565 910 2618 dies
927 2565 1060 2618 duos
1083 2563 1124 2618 ⁸.
1149 2583 1168 2617 ›
1191 2564 1416 2618 Sentitis
1450 2565 1765 2636 prophetam
1793 2565 1816 2618 τ

238 2655 485 2710 Primum
531 2656 767 2711 divinam
803 2667 1052 2711 naturam
1082 2656 1314 2712 innuens
1337 2657 1453 2712 ait:
1492 2675 1511 2708 ε
1544 2656 1664 2725 Ipse
1691 2655 1818 2712 fecit

241 2763 345 2802 nos
384 2765 399 2802 :
437 2766 455 2800 ι
491 2755 602 2803 tum
633 2756 812 2802 autem
834 2748 1170 2816 corporalem
1193 2747 1395 2804 Christi
1421 2758 1646 2802 mortem
1680 2763 1816 2819 prae-

237 2841 457 2910 sagiens
486 2857 500 2893 :
534 2857 554 2892 r
579 2839 707 2894 Post
726 2840 860 2896 duos
895 2841 1030 2905 dies,
1049 2841 1240 2910 inquit,
1263 2839 1621 2896 sanetilicabit
1645 2857 1765 2909 nos,
1792 2861 1810 2895 ι

241 2931 372 2986 illud
402 2932 624 2987 omnino
648 2941 708 2986 ut
754 2931 1106 2999 praeteritum,
1145 2931 1245 2985 hoc
1293 2938 1349 2984 ut
1415 2929 1692 2998 futurum;
1725 2932 1820 2986 de-

241 3023 409 3094 nique
436 3035 494 3078 ut
527 3032 817 3093 utrumque
843 3021 1175 3086 ostenderet,
1206 3023 1464 3076 audacter
1486 3021 1673 3076 addit:
1711 3039 1729 3074 ι
1762 3019 1818 3075 In

1911 1921 2057 1966 mota
2093 1921 2199 1974 est.
2257 1919 2312 1966 et
2362 1923 2530 1982 petrte
2582 1913 2771 1968 scissae
2824 1923 2973 1977 sunt,
3023 1922 3077 1968 et
3130 1919 3483 1967 monumenta

1910 2016 2096 2074 aperta
2120 2013 2266 2069 sunt,
2307 2013 2362 2059 et
2390 2004 2555 2059 multa
2592 2019 2821 2073 corpora
2855 2013 3193 2066 sanctorum,
3229 2003 3320 2074 qui
3355 2005 3486 2058 dor-

1917 2099 2171 2165 mierant,
2203 2106 2576 2154 surrexerunt.
2609 2096 2676 2152 Et
2718 2110 2978 2153 exeuntes
3017 2099 3084 2153 de
3113 2094 3482 2151 monumentis

1923 2202 2044 2263 post
2088 2194 2541 2248 resurrectionem
2594 2193 2731 2262 ejus,
2793 2202 3062 2247 venerunt
3111 2191 3164 2246 in
3239 2187 3483 2245 sanctam

1911 2283 2235 2347 civitatem,
2332 2293 2387 2338 et
2463 2291 2824 2353 apparuerunt
2895 2281 3147 2338 multis'.
3195 2299 3213 2333 ι
3320 2280 3488 2336 Isaias

1915 2391 2136 2445 quoque
2194 2377 2487 2433 ostendens
2546 2374 2979 2447 Hierosolymam
3028 2387 3148 2447 post
3216 2377 3484 2431 excidium

1915 2487 2136 2525 rursum
2155 2470 2416 2525 illustrem
2436 2468 2698 2534 futuram,
2718 2485 2953 2536 sacram,
2974 2479 3189 2526 auctam
3213 2472 3487 2534 thesauro.

1915 2560 2010 2614 Dei
2043 2559 2274 2614 hominis
2296 2556 2421 2614 Iesu
2475 2559 2726 2628 sepulcro
2758 2601 2773 2625 ,
2823 2559 3061 2616 clamat:
3115 2580 3134 2613 ι
3165 2561 3494 2631 Aperientur

1919 2664 2086 2723 portae
2123 2664 2226 2707 tua:
2269 2667 2530 2722 semper:
2563 2653 2652 2708 die
2690 2669 2753 2708 ac
2795 2662 2955 2708 nocte
3001 2670 3106 2710 non
3144 2654 3489 2718 claudentur,

1921 2755 1978 2802 ut
2034 2745 2381 2802 introducant
2431 2745 2498 2800 ad
2553 2756 2604 2802 te
2661 2745 3036 2802 fortitudinem
3104 2748 3384 2819 gentium,
3438 2758 3495 2802 et

1920 2854 2078 2911 reges
2107 2854 2318 2903 earum,
2351 2838 2441 2909 qni
2493 2839 2794 2894 adducendi
2848 2849 2996 2894 sunt.
3030 2840 3232 2896 Gentes
3266 2839 3408 2894 enim
3440 2849 3497 2895 et

1919 2947 2096 3000 reges.
2131 2929 2220 2998 qui
2273 2945 2379 2986 non
2412 2929 2651 2986 servient
2707 2928 2824 2997 tibi,
2874 2930 3152 3000 peribunt,
3206 2941 3258 2983 et
3306 2940 3496 3000 gentes

1923 3023 2212 3078 solitudine
2239 3022 2628 3078 desulahuntnr
2664 3022 2707 3076 ’.
2741 3041 2761 3076 ι
2813 3022 3022 3080 Videtis
3069 3033 3129 3077 ut
3179 3024 3246 3078 de
3277 3022 3497 3077 Christo

252 3118 337 3172 die
373 3116 535 3172 tertio
567 3130 916 3185 resurgemus
941 3123 998 3170 et
1038 3113 1284 3170 vivemus
1327 3114 1452 3168 cum
1485 3125 1574 3171 eo.
1613 3130 1634 3166 ι
1690 3113 1819 3168 Eze-
1845 3149 1891 3207 α
1924 3115 2242 3170 vaticinium
2275 3114 2385 3170 sit?
2415 3115 2544 3181 Quae
2567 3115 2712 3170 enim
2746 3129 2899 3186 gens,
2931 3125 3023 3170 aut
3055 3115 3144 3183 qui
3177 3130 3269 3169 rex
3303 3113 3496 3169 lliero-
3586 3109 3588 3111 ’

251 3208 387 3263 chiel
422 3209 587 3263 etiam
623 3205 904 3261 declarans
938 3204 1031 3259 Dei
1059 3202 1600 3274 magnitudinem,_ac
1628 3217 1818 3272 quem-

258 3299 551 3352 admodum
588 3313 683 3352 sua
721 3295 826 3351 sibi
865 3294 1105 3366 paranda
1157 3293 1560 3349 resurrectione
1593 3293 1816 3363 polleat,

251 3405 359 3445 non
393 3390 460 3445 de
482 3387 702 3444 Christo
730 3389 912 3453 modo,
945 3387 1038 3442 sed
1069 3386 1138 3441 de
1164 3383 1420 3440 omnibus
1450 3399 1664 3454 quoque
1697 3401 1818 3441 cum

249 3496 318 3537 eo
336 3479 496 3536 simul
515 3479 764 3537 redivivis
776 3489 856 3535 est
875 3479 1216 3534 vaticinatus.
1236 3477 1502 3532 Caeterum
1517 3478 1606 3546 qui
1624 3477 1822 3532 multos

248 3575 519 3632 suscitare
577 3583 774 3644 potest,
839 3581 1043 3642 quanto
1081 3572 1254 3642 magis
1289 3571 1530 3640 seipsuni
1580 3567 1822 3638 poterit?

254 3671 426 3737 Igitur
452 3669 654 3726 diserte
684 3670 884 3723 clamat
913 3685 928 3722 :
966 3686 982 3718 ι
1016 3665 1179 3721 Facta
1216 3673 1298 3720 est
1325 3679 1488 3734 super
1513 3679 1598 3717 me
1630 3677 1824 3718 manus

258 3761 474 3816 Domini
506 3778 520 3817 :
552 3769 608 3816 et
645 3760 830 3816 eduxit
868 3773 950 3813 me
983 3760 1034 3814 in
1085 3757 1277 3829 spiritu
1307 3755 1520 3811 Domini
1553 3765 1608 3810 et
1645 3755 1826 3826 posuit

255 3869 343 3908 me
379 3852 430 3908 in
465 3852 640 3907 medio
668 3851 844 3920 campi
875 3869 889 3905 :
922 3859 975 3904 et
1007 3851 1094 3905 hic
1119 3859 1236 3904 erat
1261 3849 1452 3919 plenus
1496 3847 1700 3903 ossium
1728 3847 1828 3902 hi)-

256 3945 465 3999 ininum
493 3962 507 4000 :
539 3956 592 3999 et
624 3941 987 3997 circumduxit
1021 3955 1104 3994 me
1133 3955 1297 4010 super
1324 3953 1384 3994 ea
1419 3953 1514 4008 per
1541 3953 1728 4009 gyrum
1772 3939 1825 3993 in

258 4038 493 4092 circuitu
526 4054 540 4089 :
574 4045 630 4090 et
664 4049 790 4090 ecce
818 4033 984 4088 multa
1015 4033 1180 4088 nimis
1215 4047 1376 4097 super
1403 4030 1595 4086 faciem
1625 4031 1824 4099 campi,

260 4129 412 4182 arida
449 4127 822 4182 vehementer.
883 4125 946 4178 Et
978 4123 1114 4177 dixit
1149 4122 1213 4177 ad
1265 4137 1350 4176 me
1381 4139 1396 4178 :
1430 4121 1532 4177 Fili
1571 4121 1826 4186 hominis,

259 4223 309 4277 si
341 4220 522 4278 virent
551 4236 674 4274 Ossa
714 4218 869 4273 hinc?
899 4217 1088 4272 Etdixi
1134 4235 1147 4270 :
1186 4216 1428 4276 Domine.
1480 4214 1728 4280 Domine,
1772 4224 1828 4270 tu

261 4314 406 4369 nosti
436 4315 568 4369 haec.
607 4312 672 4366 Et
695 4313 828 4366 dixit
855 4312 920 4364 ad
949 4324 1031 4364 me
1063 4327 1075 4363 :
1113 4308 1210 4363 Fili
1260 4307 1515 4372 hominis,
1569 4308 1828 4378 prepheta

262 4422 429 4477 super
460 4421 580 4462 ossa
615 4406 716 4460 ista
755 4421 770 4469 ;
803 4413 857 4458 et
888 4404 1036 4458 dices
1069 4402 1149 4457 eis
1189 4417 1205 4455 :
1238 4399 1370 4455 Ossa
1422 4401 1597 4466 arida,
1650 4400 1833 4456 audite

1921 3206 2142 3278 solymae
2173 3205 2416 3272 servivit,
2445 3214 2539 3260 aut
2566 3205 2793 3275 supplex
2824 3205 3060 3261 accidit?
3117 3205 3276 3259 Addit
3313 3221 3329 3260 :
3369 3222 3390 3257 ι
3429 3203 3497 3260 Et

1922 3298 2092 3369 gloria
2147 3295 2339 3351 Libani
2366 3297 2432 3352 ad
2472 3305 2522 3352 te
2551 3296 2733 3353 veniet
2758 3297 2812 3351 in
2838 3296 3136 3368 cyparisso,
3167 3307 3222 3351 et
3261 3298 3409 3367 pino,
3442 3307 3500 3351 et

1921 3390 2082 3444 cedro
2105 3386 2287 3447 simul.
2320 3396 2380 3440 ut
2414 3385 2750 3455 gloriﬁeetur
2780 3385 2933 3441 locus
2968 3393 3190 3440 sanctus
3225 3401 3412 3440 meus:
3444 3395 3498 3440 et

1924 3483 2101 3537 locum
2144 3481 2342 3550 pedum
2380 3493 2622 3534 meorum
2669 3477 2985 3548 glorillcaho
3015 3477 3082 3532 “.
3116 3495 3135 3528 ι
3179 3477 3488 3543 Explicato,

1924 3575 2065 3646 quod
2092 3572 2463 3642 Hierosolyma
2506 3579 2772 3635 maneret,
2807 3569 3092 3635 beneﬂcio,
3124 3570 3298 3639 aperit
3324 3579 3377 3624 et
3403 3585 3499 3624 au-

1924 3677 2170 3730 ctorem;
2207 3665 2360 3735 quasi
2405 3663 2611 3718 diceret
2651 3680 2666 3717 :
2709 3662 2843 3716 Cum
2884 3663 2935 3716 in
2975 3663 3102 3730 pino
3132 3672 3187 3717 et
3215 3663 3401 3727 cedro,
3433 3677 3497 3717 ac

1926 3775 2204 3831 cupresso,
2256 3774 2320 3814 ex
2368 3757 2564 3828 quibus
2611 3755 2871 3811 fabricata
2943 3763 3061 3810 erat
3112 3770 3268 3821 crux,
3328 3755 3493 3810 Deum

1929 3852 2196 3907 hominem
2216 3849 2397 3904 Jesnm
2421 3848 2688 3914 videritis,
2710 3855 2818 3902 tum
2841 3848 2908 3902 ab
2931 3861 2998 3902 eo
3011 3848 3126 3904 haec
3149 3847 3327 3903 omnia
3350 3847 3498 3902 llent.

1927 3948 2004 4000 Ae
2037 3943 2212 3998 videte
2242 3942 2577 4009 superiorum
2607 3957 2674 3997 ex
2722 3940 2789 3996 iis
2840 3955 2959 4009 quze
3007 3947 3335 4010 sequuntur,
3378 3955 3503 3993 sen-

1930 4037 2149 4093 tentiam
2185 4052 2199 4089 :
2243 4054 2261 4086 ι
2292 4031 2356 4087 Et
2402 4033 2555 4088 ibunt
2583 4033 2648 4088 ad
2677 4041 2729 4088 te
2759 4033 3012 4087 timentes
3038 4031 3130 4085 lilii
3163 4045 3374 4093 eorum,
3408 4031 3501 4100 qui

1932 4141 1981 4186 te
2012 4129 2430 4185 humiliaverunt
2451 4127 2515 4180 ¹¹.
2553 4147 2570 4179 ι
2602 4125 2904 4195 Intelligitis
2941 4133 3248 4179 accuratam
3273 4125 3505 4193 pr0phe-

1935 4232 2001 4277 tae
2023 4219 2392 4291 diligentiam?
2411 4216 2544 4271 Nam
2569 4217 2711 4286 quod
2734 4216 2885 4283 dicit,
2906 4216 3214 4285 huiusmodi
3239 4224 3322 4270 est
3350 4234 3362 4267 :
3399 4215 3508 4268 Ro-

1934 4329 2234 4378 manorum,
2265 4312 2353 4382 qui
2369 4321 2418 4366 te
2438 4310 2640 4381 pridem
2661 4310 2988 4373 amiserunt,
3009 4311 3229 4378 posteri,
3253 4307 3510 4363 formido-

1932 4409 2036 4464 losi
2061 4423 2123 4462 ac
2146 4413 2439 4462 trementes
2456 4405 2610 4458 modo
2626 4403 2690 4458 ad
2711 4413 2762 4458 te
2773 4401 3064 4459 continent.
3085 4415 3109 4454 ἰ
3121 4401 3187 4454 Et
3205 4401 3509 4455 adorabunt

259 4500 488 4555 verbum
523 4497 755 4553 Domini.
817 4495 942 4551 Haec
973 4494 1104 4550 dicit
1133 4494 1388 4548 Dominus
1417 4494 1637 4549 ossibus
1669 4493 1829 4549 istis:
1866 4503 1909 4558 D
1939 4499 2161 4568 vestigia
2191 4495 2387 4566 pedum
2431 4505 2644 4548 tuorum
2668 4535 2682 4560 ,
2720 4493 2813 4562 qui
2848 4491 3210 4546 detrahebant
3255 4489 3370 4559 (49)
3408 4489 3505 4544 tibi

265 4590 408 4646 Ecce
437 4605 537 4660 ego
568 4588 735 4642 atl‘ero
765 4602 928 4656 super
977 4601 1072 4642 vos
1119 4585 1370 4654 spiritum
1425 4587 1582 4652 vitae,
1615 4595 1670 4641 et
1697 4585 1838 4641 dabo

264 4699 433 4753 super
464 4697 558 4737 vos
586 4695 804 4742 nervos,
837 4687 891 4734 et
915 4679 1163 4733 inducam
1197 4693 1361 4746 super
1389 4692 1484 4732 vos
1511 4692 1750 4744 carnem,
1786 4687 1838 4731 et

266 4779 558 4831 extendam
588 4791 748 4843 super
773 4788 868 4828 vos
895 4773 1112 4843 pellem,
1141 4781 1194 4827 et
1222 4771 1362 4826 dabo
1385 4771 1633 4842 spiritum
1659 4786 1836 4825 meum

266 4867 321 4921 in
366 4868 549 4922 vobis:
585 4877 640 4918 et
669 4864 858 4918 vivetis
889 4881 902 4918 :
935 4874 990 4918 et
1037 4863 1379 4935 cognoscetis
1418 4863 1675 4930 quioniam
1737 4877 1836 4931 ego

265 4977 390 5016 sum
426 4961 712 5013 Dominus.
745 4957 803 5010 Et
841 4957 1183 5027 prolihetavi,
1217 4957 1358 5010 sicut
1392 4957 1645 5025 prmcepit
1679 4956 1832 5011 mihi.

268 5054 337 5108 Et
387 5053 528 5106 facta
574 5059 661 5105 cst
706 5065 830 5116 vos,
872 5065 992 5102 cum
1028 5063 1126 5119 ego
1150 5049 1563 5115 prophetarem;
1614 5061 1668 5103 et
1710 5064 1836 5103 ecce

271 5145 573 5199 commotio
607 5161 619 5194 :
659 5150 711 5192 et
740 5142 1070 5196 accedebant
1106 5155 1230 5194 ossa
1262 5140 1492 5193 invicem
1533 5141 1596 5193 ad
1622 5139 1836 5207 junctu-

269 5253 390 5291 ram
428 5251 604 5292 suam.
651 5233 714 5286 Et
756 5233 860 5288 vidi
892 5251 904 5287 :
935 5242 987 5286 et
1042 5247 1168 5286 ecce
1223 5247 1384 5301 super
1449 5247 1510 5284 ea
1565 5233 1711 5285 nervi
1785 5241 1841 5285 et

269 5347 470 5390 carnes
499 5331 816 5386 oriebantur
843 5345 858 5393 ;
897 5339 949 5383 et
982 5325 1345 5382 ascendebant
1365 5340 1531 5394 super
1563 5340 1625 5380 ea
1672 5326 1839 5397 pelles

343 5541 368 5572 ¹
390 5538 534 5594 Psal.
576 5553 631 5597 ι,
661 5536 746 5590 19.
820 5534 841 5566 ι
867 5532 972 5588 Isa.
1001 5546 1150 5586 san.
1182 5529 1234 5583 8.
1310 5531 1330 5562 ⁸
1356 5529 1486 5585 ibid.
1515 5531 1568 5585 9.
1646 5531 1666 5562 ⁸
1693 5529 1818 5585 Ose.
1852 5546 1925 5592 νι,
1955 5529 2069 5582 1-5.

343 5618 366 5653 ξ.
445 5610 466 5642 9
494 5609 596 5653 Ιςςι-
624 5623 712 5653 u.
737 5605 823 5653 11-
860 5604 943 5653 12.
1025 5603 1066 5634 ⁸⁸
1094 5601 1224 5653 ibid.
1257 5600 1342 5653 15.
1422 5601 1462 5632 ¹¹
1493 5601 1623 5653 ibid.
1654 5603 1735 5653 H.
1819 5602 1859 5630 “
1883 5600 2014 5653 ibid.

1884 5617 2014 5656 IDltlo

272 5611 369 5664 52.
445 5610 466 5642 ’
494 5609 596 5663 lsa.
624 5605 823 5670 1.x,il,
860 5604 943 5659 η.
1025 5603 1066 5634 ⁸⁸
1094 5601 1224 5656 ibid.
1257 5600 1342 5653 15.
1422 5601 1462 5632 ¹¹
1493 5601 1623 5656 ibid.
1654 5603 1735 5654 H.

360 5791 471 5862 (i8)
495 5789 592 5845 Ms.
623 5789 892 5861 περάτων.

1948 4596 2021 4660 (et
2056 4589 2344 4645 irritabant
2382 4599 2431 4643 te
2461 4589 2547 4656 ").
2586 4607 2604 4638 ι
2646 4586 2776 4640 Nam
2811 4598 2923 4638 tum
2956 4586 3173 4654 quidem
3207 4582 3277 4637 ob
3305 4581 3511 4637 Christi

1943 4683 2166 4740 necandi
2191 4681 2368 4737 scelus
2403 4682 2592 4736 incolae
2641 4680 2714 4732 tui
2768 4679 3112 4747 imploratum
3143 4675 3508 4730 Romanorum

1942 4790 2226 4849 praetorem
2267 4777 2331 4828 ad
2369 4775 2636 4827 insaniam
2667 4773 2834 4844 magis
2865 4771 3234 4838 instigarunt;
3275 4777 3327 4822 at
3364 4782 3511 4823 nunc

1943 4881 2294 4940 posteaquam
2340 4867 2463 4920 vita:
2500 4865 2704 4918 fontem
2755 4865 2808 4918 in
2857 4873 3074 4934 pectore
3126 4863 3510 4917 scaturientem

1947 4973 2098 5016 tenes
2149 4978 2163 5013 :
2229 4977 2246 5008 ι
2284 4955 2600 5010 Adorabunt
2646 4955 2870 5026 vestigia
2925 4956 3121 5024 pedum
3175 4963 3386 5008 tuorum
3421 4953 3512 5022 qui

1947 5054 2235 5109 irrilahant
2281 5059 2354 5105 te.
2413 5049 2473 5102 Et
2523 5048 2806 5103 vocaberis
2855 5046 3049 5101 civitas
3103 5046 3336 5106 Domini.
3385 5045 3510 5098 Sion

1949 5147 2125 5201 sancti
2161 5143 2320 5198 Israel
2358 5159 2371 5195 :
2405 5156 2502 5210 pro
2529 5157 2616 5206 eo,
2651 5140 2792 5210 quod
2829 5140 2972 5193 fuisti
3005 5138 3261 5192 derelicta
3310 5147 3362 5190 et
3391 5137 3513 5190 odio

1950 5240 2131 5293 habita
2176 5235 2239 5286 ¹³.
2278 5253 2294 5285 ι
2331 5231 2624 5287 Observato
2651 5231 3035 5301 ;propheticam
3075 5242 3333 5283 mentem.
3371 5228 3508 5282 Cum

1948 5331 2016 5385 ob
2052 5327 2394 5383 interfectum
2421 5324 2700 5379 Christum
2730 5323 2942 5391 captiva
2970 5337 3030 5376 ac
3069 5321 3283 5377 deserta
3321 5321 3510 5384 lueris,

2156 5525 2396 5580 'Ezech.
2447 5535 2652 5585 xxxvii,
2695 5518 2849 5574 1-12.
2927 5516 3162 5571 “Matth.
3223 5529 3392 5577 xxvu,
3422 5512 3512 5578 5i,

2092 5598 2134 5629 "
2160 5597 2286 5650 ibid.

2026 5780 2135 5846 (49)
2161 5777 2584 5843 παροξύναντις.
