4060 6290
572 273 676 336 9H

581 397 688 443 tum
726 383 918 439 merito
951 382 1121 450 magis
1152 383 1398 440 Deiurhs
1428 385 1712 449 vocabere.
1746 389 1888 457 quod
1926 388 2144 442 vitalem

582 487 806 532 mortem
839 475 889 530 in
925 485 974 530 te
1009 474 1150 529 Deus
1178 476 1340 530 homo
1366 476 1521 532 Jesus
1548 477 1828 534 dormierit
1855 498 1867 533 :
1898 498 1916 532 ι
1948 479 2016 534 Et
2041 497 2146 535 non

587 580 703 626 erat
743 569 834 638 qui
876 567 1231 622 auxiliaretur
1264 568 1358 622 tibi
1392 571 1455 634 ’⁸,
1492 589 1511 622 ι
1555 581 1750 637 praeter
1783 586 1866 626 me
1913 572 2145 630 scilicet.

584 663 672 733 qui
699 663 750 716 in
785 673 835 717 te
869 677 986 716 sum
1013 662 1371 717 exanimatus.
1413 681 1431 713 ι
1486 660 1550 719 Ει
1597 679 1790 732 ponam
1823 674 1875 719 te
1907 663 2147 718 exsulta-

581 756 778 810 tionem
812 765 1091 821 aeternam,
1115 754 1369 825 gaudium
1403 756 1811 824 generationum
1845 759 2149 826 generatio—

579 845 734 900 nibus
787 845 851 901 ⁸³.
886 864 902 896 ι
954 845 1098 902 idem
1151 855 1205 900 et
1259 846 1548 916 Deipareus
1611 847 1774 901 David
1829 850 2142 912 ostendens,

581 938 652 992 ait
690 956 704 993 :
745 959 761 990 ι
797 939 907 993 Nisi
944 938 1202 994 Dominus
1233 940 1552 994 custodierit
1587 941 1886 1007 civitatem,
1944 940 2142 995 frustra

578 1031 762 1098 vigilat
814 1032 907 1100 qui
955 1023 1191 1087 custodit
1258 1047 1373 1085 eam
1415 1032 1474 1084 ¹⁶.
1512 1050 1529 1082 ι
1576 1062 1637 1070 -—
1695 1050 1712 1082 ‹
1751 1031 1814 1085 Ει
1862 1045 2022 1101 suges
2064 1031 2147 1085 lac

578 1121 858 1189 gentium;
890 1140 909 1172 ι
950 1121 1377 1175 collaudationen
1411 1138 1472 1176 ac
1494 1123 1649 1176 fidem
1688 1122 1964 1193 gentilium
1997 1130 2147 1176 vates

579 1213 775 1277 innuit,
815 1232 832 1264 ι
863 1221 915 1268 et
940 1214 1153 1268 divitias
1187 1228 1370 1282 regum
1392 1216 1660 1270 comedcs.
1696 1235 1714 1266 ›
1749 1213 1894 1285 Opus
1936 1230 2144 1285 regum,

578 1317 669 1361 aut
707 1307 774 1361 ab
811 1307 932 1362 aliis
975 1306 1137 1360 allata
1194 1322 1444 1372 munera,
1493 1318 1587 1362 aut
1638 1307 2066 1362 confractionem
2094 1317 2146 1362 et

576 1396 992 1452 simulacrorum
1017 1397 1348 1468 ejectionem-
1387 1400 1644 1467 propheta
1681 1398 1991 1467 significat:
2030 1415 2046 1448 ι
2081 1395 2147 1452 Et

575 1489 739 1552 scies,
773 1490 895 1557 quia
923 1504 1022 1561 ego
1058 1491 1336 1550 Dominus,
1367 1491 1454 1560 qui
1506 1490 1653 1545 salvo
1681 1500 1754 1555 te,
1787 1499 1841 1545 et
1872 1489 1962 1558 qui
2011 1503 2144 1544 eruo

581 1593 632 1637 te
665 1583 806 1637 Deus
835 1582 1000 1637 lsrael
1030 1581 1095 1638 ”.
1129 1599 1146 1634 ι
1177 1610 1246 1621 —
1282 1600 1300 1633 ‹
1328 1580 1773 1650 Quandoquidem
1819 1595 1926 1645 me,
1971 1580 2145 1650 inquit

577 1689 674 1742 per
703 1673 1016 1740 Jcremiam,
1062 1672 1342 1729 beneﬂciis
1377 1673 1556 1729 affecti
1602 1690 1704 1730 non
1747 1683 2140 1744 cognoverunt,

1807 257 2230 340 ANDRONICI
2262 278 2608 342 COMNENI
3701 286 3787 351 912

2256 388 2384 453 lem,
2417 389 2823 460 corruptionem
2872 400 2964 446 aut
2998 389 3366 447 interitionem
3400 391 3535 463 (49‘)
3580 395 3790 468 effugisse

2253 495 2476 545 remur;
2511 480 2591 535 sin
2619 494 2713 535 vos
2749 481 2968 546 tenetis,
3004 481 3184 535 doceri
3215 483 3470 552 petimus.

2322 570 2546 627 Cuntsr.
2575 570 2632 625 in
2684 572 2798 626 haec
2841 573 2944 626 tria
2995 572 3283 628 humanam
3339 581 3584 628 naturam
3626 581 3793 646 partita

2251 675 2338 721 est
2380 665 2472 720 Dei
2522 666 2855 736 providentia
2896 683 2909 720 :
2950 666 3002 718 in
3073 680 3277 733 semen,
3343 671 3795 734 augmentationem

2252 775 2347 814 seu
2381 759 2757 822 nutritionem,
2799 766 2854 811 et
2901 757 2953 811 in
3008 765 3204 810 statum
3240 759 3617 813 consistentire.
3651 761 3796 829 Quam

2250 853 2318 903 ob
2350 865 2568 904 causam
2608 851 2707 903 tria
2752 856 2964 919 quoque
2993 864 3055 901 ex
3091 858 3212 902 nata
3249 860 3649 916 coasequuntur
3682 869 3794 909 cou-

2253 943 2417 994 traria
2460 958 2474 996 :
2518 955 2686 1005 mors,
2715 940 3015 1010 corruptio,
3043 941 3306 996 interitio.
3338 941 3466 1008 Quae
3493 957 3578 997 res
3612 945 3802 1001 evidens

2250 1043 2335 1086 est
2383 1048 2446 1088 ex
2496 1032 2848 1096 funeralibus,
2895 1047 3029 1100 quas
3076 1033 3315 1098 obimus,
3367 1033 3540 1088 feriis.
3587 1035 3707 1089 Nam
3756 1039 3800 1093 in

2251 1133 2422 1179 morte
2464 1124 2818 1193 sepulturam,
2847 1124 2899 1179 in
2943 1125 3250 1194 corruptela
3294 1128 3484 1180 tertias
3511 1140 3642 1195 quas
3667 1145 3806 1184 voca-

2250 1233 2370 1274 mus
2403 1218 2582 1282 ferias,
2637 1219 2686 1271 in
2734 1219 2892 1272 tertia
2948 1219 3410 1288 quadragenarias
3452 1219 3676 1275 obimus.
3709 1221 3798 1275 Νο-

2249 1309 2525 1365 vendiales
2563 1310 2711 1365 enim
2743 1312 3046 1364 animarum
3095 1310 3476 1366 instaurationi
3517 1315 3808 1384 excogitatae

2249 1411 2392 1456 sunt.
2429 1401 2591 1471 igitur
2618 1402 2832 1470 quidam
2881 1411 3008 1456 ante
3038 1402 3235 1473 legem,
3265 1412 3319 1458 et
3351 1403 3403 1458 in
3438 1403 3572 1474 lege,
3603 1414 3654 1459 et
3702 1418 3809 1474 post

2248 1497 2442 1565 legem,
2478 1499 2545 1550 ob
2587 1507 2930 1567 prtestantem
2962 1498 3014 1551 iu
3045 1497 3209 1552 Deum
3246 1514 3484 1555 amorem
3534 1517 3692 1572 supra
3724 1518 3810 1556 na-

2247 1594 2420 1640 turam
2475 1585 2682 1653 luctati,
2726 1586 3133 1656 corruptionem
3179 1602 3285 1642 non
3343 1598 3645 1654 senserunt,
3685 1605 3811 1642 tuor-

2249 1685 2359 1732 tem
2398 1678 2566 1748 passi.

576 1766 773 1837 captivi
816 1775 868 1822 et
917 1768 1175 1822 servitute
1214 1766 1420 1820 multati
1453 1777 1784 1837 cognoscent
1810 1767 1874 1821 ".
1912 1785 1931 1818 ι
1976 1764 2145 1821 Jacob
2174 1783 2222 1843 Β
2324 1789 2590 1846 Cancrum
2628 1805 2784 1846 meus
2815 1789 3068 1846 sarum.
3097 1800 3259 1861 “(me
3288 1792 3429 1846 Deus
3453 1802 3676 1848 mortem
3705 1807 3816 1860 με,

581 1872 714 1914 vero
751 1860 821 1911 ita
873 1859 1111 1928 loquitur
1148 1878 1163 1914 :
1205 1877 1223 1911 ι
1260 1857 1603 1914 Recumheus
1640 1859 1909 1923 dormisti,
1938 1867 1996 1912 ut
2040 1860 2144 1925 leo,

580 1959 638 2004 et
686 1953 839 2021 quasi
879 1952 1090 2010 catulus
1125 1952 1334 2007 leonis:
1381 1953 1500 2019 quis
1518 1951 1794 2008 suscitabit
1819 1967 1939 2007 eum
1990 1950 2082 2004 “i
2121 1969 2141 2003 ι

576 2037 645 2094 Ει
701 2040 769 2094 de
826 2040 1089 2095 confectis
1131 2055 1365 2096 maerore
1416 2042 1612 2096 animis
1674 2042 1862 2096 scribit
1916 2041 2083 2095 David
2130 2058 2146 2096 :

584 2150 602 2183 ι
643 2131 1025 2188 Clamaveruut
1054 2135 1118 2188 ad
1154 2134 1438 2188 Dominum
1477 2149 1599 2190 cum
1635 2133 2048 2200 tribularentur,
2094 2143 2152 2190 et

579 2228 645 2282 do
671 2227 1090 2282 necessitatibus
1113 2243 1297 2282 eorum
1326 2227 1527 2296 eripuit
1555 2242 1670 2292 eos,
1697 2227 1952 2282 sedentes
1984 2226 2037 2280 in
2066 2234 2145 2280 te-

578 2319 759 2374 nebris
803 2329 858 2375 et
889 2321 1078 2376 umbra
1114 2320 1328 2385 mortis,
1363 2320 1575 2377 vinctos
1617 2320 1668 2374 in
1715 2319 2061 2374 mendicitate
2093 2328 2148 2373 et

581 2410 727 2465 ferro
764 2412 831 2471 ὀ.
869 2429 886 2462 ι
931 2411 1107 2479 inopia
1149 2408 1242 2466 Dei
1271 2412 1497 2477 notitiae,
1537 2413 1679 2468 ferro
1706 2410 2143 2476 simulacrorum,

571 2501 753 2557 cultus
771 2503 993 2558 duritie.
1013 2502 1078 2558 Et
1097 2503 1294 2559 ibidem
1327 2520 1339 2557 :
1363 2523 1381 2555 ς
1409 2500 1780 2560 Portassereas
1796 2503 2074 2568 contrivit,
2093 2512 2148 2559 et

578 2604 758 2667 vectes
786 2594 990 2651 ferreos
1034 2594 1302 2665 confregit
1338 2597 1407 2651 “.
1435 2615 1454 2648 ι
1500 2596 1564 2650 Ει
1607 2596 1775 2651 lsaias
1806 2594 1950 2650 velut
1979 2610 2009 2648 a
2057 2595 2148 2648 Di-

581 2685 810 2740 viuitate
834 2684 900 2741 ad
933 2684 1238 2753 copulatum
1275 2701 1404 2740 cum
1436 2702 1499 2742 ea
1549 2701 1743 2756 corpus
1778 2704 1792 2740 :
1834 2703 1852 2738 ι
1890 2683 1982 2741 Sic
2013 2685 2146 2740 dicit

575 2775 835 2832 Dominus
878 2775 1020 2834 Dens
1041 2775 1262 2832 Christo
1295 2793 1411 2833 meo
1445 2797 1460 2834 :
1511 2777 1927 2849 Apprehendam
1962 2779 2150 2833 dexte-

577 2885 694 2927 ram
719 2872 858 2943 ejus,
891 2883 945 2928 et
983 2875 1263 2929 exaudiam
1295 2888 1455 2930 eum:
1489 2887 1614 2928 ante
1649 2873 1840 2928 faciem
1871 2872 1987 2940 ejus
2013 2888 2144 2944 gen-

575 2973 656 3019 tes
705 2973 762 3021 et
807 2965 1175 3022 fortitudinem
1233 2982 1416 3037 legum
1464 2966 1796 3037 disrumpam
1843 2986 1857 3022 :
1908 2969 2144 3038 aperiam

575 3064 702 3111 ante
731 3071 852 3112 eum
881 3056 1098 3126 ianuas,
1132 3068 1187 3114 et
1218 3060 1468 3115 civitates
1498 3076 1601 3114 non
1646 3060 1994 3116 claudentur.
2031 3061 2143 3132 Ego

2251 1897 2345 1937 sus
2379 1889 2462 1937 est
2488 1892 2712 1952 propter
2737 1898 2969 1953 corpus,
3006 1884 3149 1954 quod
3182 1899 3244 1939 ex
3270 1898 3404 1952 puro
3427 1885 3669 1953 virginali
3699 1900 3815 1939 san-

2250 1973 2432 2042 guine,
2459 1972 2721 2028 testandae
2748 1974 2972 2030 omnino
3010 1975 3253 2028 humana:
3281 1989 3393 2028 suae
3430 1983 3670 2038 naturae,
3701 1989 3818 2027 cou-

2253 2068 2435 2122 traxit.
2464 2065 2598 2120 Nam
2633 2067 2676 2122 si
2702 2068 2770 2121 ob
2787 2075 3068 2136 peccatum
3099 2067 3154 2120 in
3174 2066 3362 2120 orbem
3389 2077 3659 2121 terrarum
3688 2083 3820 2123 mars

2254 2159 2469 2225 invasit,
2522 2173 2720 2228 expers
2751 2167 2928 2213 autem
2958 2157 3164 2229 peccati
3191 2158 3442 2212 Christus
3468 2168 3574 2222 est,
3607 2174 3707 2212 non
3736 2161 3822 2213 ha-

2248 2252 2455 2306 buisset
2481 2252 2533 2306 in
2556 2267 2621 2307 eo
2653 2250 2828 2305 locum
2855 2266 3021 2316 mors,
3054 2251 3156 2306 nisi
3197 2251 3353 2321 jussa
3374 2252 3679 2321 paruisset;
3710 2267 3821 2306 cor-

2249 2346 2552 2415 ruptionem
2608 2359 2740 2400 vero
2795 2353 2888 2399 aut
2936 2344 3230 2414 perniciem
3269 2360 3620 2415 nequaquam
3670 2345 3825 2400 sensit

2248 2436 2585 2490 Dominicum
2615 2449 2832 2505 corpus,
2863 2449 2984 2490 cum
3020 2449 3123 2489 nec
3164 2442 3316 2491 satus
3347 2434 3570 2504 quidem
3616 2443 3672 2490 et
3715 2449 3822 2488 cor-

2247 2541 2415 2595 porea
2468 2527 2710 2598 voluptas
2759 2527 3134 2595 praeesserit;
3172 2539 3348 2596 neque
3403 2527 3454 2581 in
3503 2527 3659 2583 vitiis
3708 2541 3825 2582 coa-

2249 2627 2458 2688 ceptus,
2514 2635 2690 2689 neque
2753 2620 2808 2674 in
2854 2621 3088 2689 peccatis
3139 2620 3353 2684 enixus,
3419 2629 3477 2675 ut
3527 2620 3606 2674 ait
3634 2618 3825 2683 David;

2249 2710 2517 2781 siquidem
2555 2712 2642 2766 ubi
2680 2713 2797 2767 hzec
2831 2721 2979 2776 sunt,
3029 2713 3339 2767 necessario
3369 2721 3423 2766 et
3453 2713 3734 2781 corruptio
3779 2721 3826 2766 et

2249 2807 2517 2874 pernicies
2575 2815 3004 2875 consequuntur.
3074 2805 3333 2858 Servator
3400 2813 3590 2860 autem
3655 2803 3824 2856 mundi

2248 2897 2437 2953 volens
2464 2896 2689 2967 benigne
2711 2897 3009 2951 humanum
3044 2911 3215 2967 genus
3253 2910 3497 2961 servare,
3533 2896 3678 2949 ultro
3713 2893 3829 2949 sub-

2248 2990 2312 3045 iit
2362 2991 2662 3056 interitum,
2695 2989 2746 3044 id
2799 2990 2940 3060 quod
2986 2990 3053 3044 de
3077 3005 3134 3047 se
3161 2990 3276 3059 ipse
3304 2995 3584 3058 testaturg:
3645 3007 3663 3040 ι
3691 2989 3827 3043 Pete-

2251 3093 2442 3141 statem
2478 3084 2650 3141 habeo
2687 3083 2915 3152 ponendi
2939 3083 3198 3147 animam,
3227 3093 3280 3137 et
3305 3092 3634 3154 potestatem
3669 3082 3829 3138 habeo

577 3159 701 3204 ante
731 3159 780 3204 te
825 3151 933 3213 ibo,
967 3161 1020 3206 et
1074 3161 1286 3206 montes
1317 3153 1700 3221 complanabo,
1748 3161 1933 3219 portas
1976 3167 2146 3208 a‘reas

2252 3177 2453 3233 iterum
2477 3177 2719 3233 sumendi
2756 3191 2874 3231 eam
2899 3177 2966 3240 ",
3003 3193 3022 3227 ι
3060 3186 3220 3245 atque
3254 3176 3305 3230 id
3338 3176 3549 3232 factum
3578 3185 3666 3231 est
3696 3185 3823 3244 post.

582 3249 882 3305 conteram,
917 3251 969 3296 et
1016 3252 1196 3298 vectes
1233 3241 1440 3297 ferreos
1469 3243 1810 3314 confringant
1840 3243 1907 3296 “.
1946 3262 1964 3296 ι
1987 3244 2053 3298 Et
2083 3246 2149 3299 de

578 3333 883 3386 animarum
956 3349 1020 3392 ex
1089 3333 1279 3390 inferis
1343 3334 1661 3392 liberatione
1730 3337 1804 3391 ita
1871 3335 2146 3394 Nahum:

579 3443 602 3477 ο
633 3423 808 3481 Porta;
843 3426 1125 3483 civitatum
1175 3438 1377 3499 apertae
1425 3438 1595 3484 sunt:
1633 3438 1689 3484 et
1725 3430 1929 3504 regalia
1961 3434 2147 3488 concio

577 3518 792 3582 derunt,
819 3527 881 3574 et
907 3521 1212 3584 substantia
1250 3521 1480 3577 revelata
1518 3533 1603 3580 est
1637 3522 1870 3590 (scilicet
1914 3521 2009 3578 Dei
2054 3526 2151 3580 ho-

581 3610 743 3666 minis
763 3610 994 3684 Cbristi)
1019 3621 1079 3669 et
1104 3613 1315 3676 ancilla:
1341 3614 1455 3681 ejus
1485 3615 1820 3670 ducebantur
1845 3614 1913 3680 ",
1941 3633 1959 3666 ι
2008 3615 2150 3671 sicut

571 3700 844 3756 columbae
863 3701 1090 3773 (animat
1125 3713 1437 3761 sanctorum
1465 3701 1557 3758 Dei
1592 3704 1828 3758 hominis
1857 3703 1984 3759 Jesu
2018 3706 2150 3759 divi-

579 3793 747 3849 nitate
777 3793 1041 3862 ail‘ectaz);
1078 3795 1278 3864 quibus
1305 3796 1450 3851 addit
1480 3796 1645 3852 Isaias
1678 3813 1693 3851 :
1747 3815 1763 3847 ι
1794 3796 1896 3862 Qui
1937 3797 2149 3855 habita-

577 3886 648 3943 tis
675 3886 725 3941 in
758 3888 977 3958 regione
1008 3897 1062 3941 et
1087 3889 1274 3947 umbra
1307 3891 1522 3955 mOI'llS,
1547 3890 1727 3943 lumen
1755 3888 1960 3943 lucebit
1987 3903 2150 3958 super

577 3993 672 4035 vos
703 3978 771 4045 ’³,
809 3997 828 4031 ι
865 3977 1042 4035 lucem
1082 3978 1361 4048 appellans
1422 3979 1644 4045 Filium,
1705 3991 1764 4035 ιιι
1796 3994 1862 4034 ex
1911 3994 2150 4048 evange-

579 4070 704 4126 lista
736 4070 1047 4134 didicimus,
1079 4084 1142 4126 ex
1191 4085 1423 4142 persona
1453 4071 1655 4127 Christi
1687 4071 1940 4127 dicente:
1983 4089 2001 4122 ι
2034 4072 2149 4138 Ego

577 4178 695 4217 sum
732 4163 821 4217 lux
855 4162 1038 4217 mundi
1070 4179 1085 4218 :
1123 4164 1216 4233 qui
1251 4164 1500 4235 sequitur
1529 4177 1634 4227 me,
1670 4178 1774 4215 non
1825 4162 2064 4216 ambulat
2095 4163 2147 4216 in

575 4259 841 4325 tenebris,
867 4260 962 4314 sed
1018 4258 1240 4314 habebit
1278 4263 1457 4314 lumen
1499 4259 1620 4314 vita:
1654 4261 1722 4313 “.
1753 4277 1772 4311 ι
1809 4259 1948 4325 Quin
1993 4261 2151 4316 Chri-

576 4362 693 4408 stus
727 4353 842 4421 ipse
872 4366 967 4419 per
1002 4351 1258 4406 Davidcm
1293 4351 1438 4406 velut
1465 4366 1492 4404 a
1522 4366 1750 4422 corpore
1781 4353 1848 4404 ad
1893 4352 2060 4405 Deum
2094 4363 2150 4407 et

578 4446 797 4500 Patrem
833 4443 1032 4499 clamat
1062 4460 1076 4498 :
1113 4463 1132 4495 ι
1169 4443 1440 4509 Quoniam
1497 4458 1602 4499 non
1652 4443 1997 4512 derelinques
2025 4445 2147 4498 ani-

577 4552 719 4592 mam
754 4551 928 4592 meam
963 4535 1016 4592 in
1048 4536 1266 4592 interno
1309 4552 1324 4590 :
1373 4552 1473 4593 nec
1515 4536 1672 4590 dabis
1716 4546 1962 4590 sanctum
1998 4546 2146 4590 tuum

580 4629 765 4683 videre
795 4628 1204 4697 corruptionem
1234 4628 1300 4680 “.
1331 4646 1358 4679 ιι
1408 4627 1566 4693 Agite
1601 4641 1750 4691 vero,
1779 4627 1907 4695 quid
1942 4627 2010 4681 de
2048 4626 2150 4681 hoc

581 4731 771 4776 sancto
799 4720 1288 4791 censetis?ecquid
1323 4721 1466 4774 enim
1505 4729 1722 4773 sanctus
1753 4717 1930 4774 omnis
1959 4733 2149 4772 corru-

579 4809 772 4876 ptelam
807 4825 912 4864 non
961 4811 1370 4881 sensitiApage
1402 4811 1495 4865 sis.
1519 4809 1674 4866 Unus
1722 4811 1986 4866 duntaxat
2026 4826 2153 4867 vere

580 4914 800 4959 sanctus
837 4916 889 4959 et
922 4919 949 4957 a
991 4905 1099 4960 Deo
1128 4905 1355 4972 electus,
1395 4914 1450 4960 et
1483 4905 1575 4975 qui
1611 4906 2015 4974 corruptionem
2045 4919 2150 4960 non

579 4998 800 5062 viderit,
831 4996 1052 5053 Chistus
1077 5006 1185 5052 est.

1103 5089 1259 5148 CAP.
1297 5089 1604 5144 LXI-LXII.

793 5184 1030 5239 Christus
1066 5179 1304 5238 mortuus
1337 5184 1718 5250 corruptionem
1751 5181 1956 5252 afugit.

649 5298 772 5354 Jun.
825 5294 934 5352 Nos
993 5299 1207 5366 quidem
1274 5299 1540 5352 nemiuem
1593 5297 1868 5350 hominem
1930 5304 2150 5347 morta-

651 5459 695 5488 “‘
729 5455 1048 5517 lsa.Lx,15.
1130 5457 1172 5488 ¹³
1201 5454 1331 5509 ibid.
1402 5454 1450 5486 '”
1479 5455 1618 5511 Psal.
1644 5469 1821 5515 cxxvl,
1860 5454 1907 5507 l.

584 5529 905 5589 31.10.15.
1026 5523 1237 5579 "Psal.
1284 5541 1390 5589 cvt,
1419 5525 1506 5579 i6.
1629 5525 1806 5580 "lsa.
1854 5539 1974 5590 XLV,
2009 5527 2125 5581 1-3.

574 5601 624 5633 ⁴⁶
651 5600 792 5654 Psal.
821 5615 912 5664 xv,
943 5599 1028 5653 ib.
1111 5597 1156 5627 "
1186 5595 1342 5651 Joan.
1379 5613 1430 5662 x,
1464 5597 1552 5651 ιθ.

648 5765 789 5826 (ω’)
830 5764 1135 5821 Διαωθοοὰν
1172 5761 1542 5818 καταφθοράν.

1989 5455 2028 5486 "
2055 5453 2151 5508 Isa.
2175 5452 2375 5510 Lx.16.

1628 5596 1672 5627 ’⁸
1705 5595 1888 5650 Matth.
1925 5612 2058 5661 χχιι,
2093 5595 2183 5651 29.

2254 3280 2311 3324 ιιι
2349 3269 2605 3324 omnibus
2632 3270 2855 3323 omnino
2885 3268 3076 3322 Adami
3109 3269 3362 3338 posteris,
3389 3280 3664 3338 quantum
3695 3270 3746 3322 in
3776 3282 3830 3321 eo

2254 3371 2444 3428 esset,
2512 3362 2822 3416 libertatem
2873 3371 3144 3430 quaereret
3213 3361 3386 3415 soluta
3445 3361 3700 3432 corporis
3748 3362 3829 3416 da.-

2253 3454 2551 3520 nmatione,
2585 3453 2638 3508 in
2687 3454 2805 3522 ipso
2836 3469 3067 3524 corpore
3094 3455 3361 3509 exstincta
3397 3465 3604 3510 morte.

2817 3592 3048 3650 CAPUT
3081 3591 3268 3648 LXI".

2324 3706 2592 3762 Ghristuna
2615 3717 2730 3776 post
2762 3711 3188 3762 resurrectionem
3220 3709 3412 3775 edisse,
3440 3717 3492 3763 et
3525 3710 3584 3764 in
3614 3709 3770 3764 calor

2877 3780 3202 3834 ascendisse.

2320 3895 2443 3953 Jun.
2506 3895 2868 3964 Quamobrem
2923 3910 3086 3959 vero,
3138 3910 3316 3965 quove
3343 3905 3505 3964 pacto
3564 3895 3833 3951 Christum

2253 3991 2593 4056 redivivum,
2631 3999 2687 4044 et
2742 3989 3140 4057 incorruptum,
3203 4005 3377 4060 neque
3437 3988 3557 4058 jam
3620 3986 3833 4045 caducis

2252 4094 2500 4156 egentem
2559 4084 2720 4149 cibis,
2777 4099 2990 4139 rursum
3040 4086 3367 4149 comedisse,
3421 4099 3490 4138 ac
3551 4084 3612 4138 in
3678 4081 3836 4139 caelos

2253 4188 2586 4246 assumptum
2614 4178 2794 4232 dicitis
2817 4179 2840 4233 ?
2884 4179 3033 4233 Itane
3059 4178 3304 4233 homines
3331 4193 3555 4245 quoque
3584 4187 3706 4244 post
3729 4174 3833 4248 (50)

2252 4271 2703 4326 resurrectionem
2756 4271 3024 4340 publicam
3075 4270 3271 4339 epulati
3307 4270 3361 4324 in
3395 4271 3573 4324 caelos
3606 4270 3836 4338 denique

2253 4365 2668 4420 conscendent?

2321 4456 2549 4512 CHRIST.
2585 4458 2656 4511 De
2704 4458 2787 4512 his
2818 4473 2948 4513 sane
2979 4475 3130 4512 meus
3179 4457 3434 4513 Servator
3467 4467 3688 4512 certam
3719 4469 3837 4508 scn-

2259 4550 2484 4604 tentiam
2518 4551 2676 4604 dixit.
2708 4549 2838 4610 Nam
2880 4549 3181 4618 majoribus
3227 4555 3425 4605 vestris
3464 4549 3838 4619 quaerentibus

2257 4656 2380 4695 eum
2415 4642 2483 4696 de
2516 4642 2840 4706 quibusdam
2889 4650 3098 4710 septem
3151 4640 3454 4706 fratribus,
3506 4640 3606 4708 qui
3657 4650 3838 4693 omnes

2263 4750 2428 4789 unam
2460 4750 2685 4788 uxorem
2723 4735 3013 4797 duxerant,
3041 4743 3102 4788 ut
3129 4733 3281 4787 fratri
3310 4747 3492 4788 semen
3533 4732 3838 4786 excitarent

2259 4829 2558 4882 secundum
2592 4827 2786 4895 legem,
2828 4827 2983 4895 cujus
3021 4843 3085 4880 ex
3136 4836 3340 4894 septem
3373 4835 3542 4888 esset,
3577 4827 3633 4878 in
3661 4837 3838 4877 resur-

2260 4919 2544 4974 rectione?
2576 4938 2593 4970 ι
2627 4917 2860 4982 Erratis,
2897 4918 3097 4986 inquit,
3134 4919 3439 4971 nescientes
3493 4916 3834 4986 Scripturas,

2260 5029 2432 5082 neque
2460 5014 2710 5067 virtutem
2742 5012 2835 5066 Dei
2860 5030 2873 5066 :
2901 5012 2955 5067 in
2983 5012 3595 5080 resttrrectionepcque
3615 5011 3834 5068 nubent,

2260 5119 2433 5172 neque
2499 5106 2793 5169 nuheutur,
2856 5103 2949 5159 sed
3007 5110 3168 5158 erunt
3222 5102 3362 5157 sicut
3417 5099 3601 5168 angeli
3659 5097 3750 5151 Dei
3785 5096 3832 5146 in

2258 5199 2398 5254 cosio
2427 5199 2493 5252 ³⁸.
2531 5218 2548 5251 ι
2587 5197 2851 5252 Caeterum
2883 5198 3024 5266 quod
3052 5196 3199 5251 dubii
3235 5195 3376 5250 seire
3420 5192 3699 5263 quaeritis,
3731 5202 3834 5259 quo

2259 5304 2418 5364 pacto
2447 5301 2565 5361 post
2607 5293 3067 5347 resurrectionem
3110 5286 3428 5354 comederit,
3460 5285 3626 5340 facile
3672 5294 3832 5353 atque

2456 5453 2497 5484 "'
2517 5450 2716 5506 Jerem.
2745 5465 2893 5513 χχιιι,
2920 5447 3011 5498 δι.
3089 5447 3131 5478 ¹⁹
3155 5444 3288 5502 Gen.
3313 5461 3454 5504 χιιι.
3478 5443 3536 5498 9.
3620 5443 3668 5474 ’⁸
3689 5439 3829 5513 Psal.

2243 5525 2290 5558 "
2315 5524 2530 5577 Nahum
2582 5539 2642 5586 ιι,
2669 5521 2721 5578 6.
2751 5525 2800 5575 7.
2883 5510 2954 5549 ³⁸
2985 5518 3087 5574 Isa.
3113 5534 3188 5582 ιιι,
3216 5518 3272 5572 2.
3346 5515 3578 5571 "Joan.
3599 5530 3718 5582 vttt,
3749 5510 3831 5567 li.

2323 5756 2434 5821 (50)
2466 5755 2724 5811 Nazianz.
2759 5754 2812 5810 in
2850 5753 3116 5818 Eniphan.
3152 5755 3280 5817 235,
3307 5753 3397 5809 52.
