3988 6284
225 404 339 469 913

1357 414 1738 494 DiALOGUS
1775 411 2075 475 CONTRA
2111 407 2440 476 Jungaos.

3389 412 3494 478 914

229 523 509 591 explorate
551 539 615 582 ex
662 528 730 583 iis
775 544 893 600 qua:
927 531 1148 596 tenetis,
1185 543 1238 585 et
1264 535 1606 601 queStionem
1637 548 1803 602 expe-
1835 536 1882 592 Α
1916 530 2120 585 Deinde
2149 529 2352 587 Christi
2389 531 2829 601 praepotentium;
2881 543 3170 602 rerumque
3211 527 3491 601 gestarum

229 613 404 682 diam,
433 625 486 671 et
507 621 824 688 scrupulum
861 624 1174 680 dissolvam.
1203 623 1468 680 Nimirum
1500 638 1558 683 ut
1588 627 1802 695 epulata

229 714 319 758 est
347 716 532 761 sancta
560 706 826 777 Trinitas,
862 713 1091 768 invitata
1131 716 1199 768 ab
1234 713 1545 770 Abrahamo
1580 718 1808 786 patriar-

229 797 358 858 cha,
386 805 443 849 ut
471 798 588 868 ejus
638 800 918 858 facultates
957 805 1258 873 absumpsit
1311 806 1471 876 ignis,
1519 821 1642 861 cum
1687 807 1808 875 qui-

229 885 356 939 dem
388 888 586 943 solidas
627 892 838 947 hostias
884 895 1144 951 disseruit
1193 897 1421 962 medias,
1450 908 1501 952 et
1537 899 1588 951 in
1633 897 1804 952 frusta

227 978 470 1048 redegit;
516 997 643 1038 aves
683 1000 788 1038 non
824 986 1115 1052 disseruit,
1150 988 1243 1042 sed
1277 989 1492 1043 ctelitus
1541 989 1680 1056 ignis
1709 989 1804 1042 de-

231 1068 420 1138 lapsus
459 1077 900 1144 consumpsit";
935 1079 1385 1146 quemadmodum
1431 1091 1484 1135 et
1532 1081 1661 1135 Elia:
1692 1097 1802 1135 nte-

228 1163 402 1216 moria
435 1179 552 1218 cum
584 1167 947 1226 incendiarias
975 1173 1240 1235 victimas,
1271 1183 1323 1226 et
1344 1173 1508 1243 ligna.
1535 1183 1584 1227 et
1611 1190 1804 1244 aquam

224 1253 284 1306 in
337 1258 528 1313 scrobe
559 1269 612 1313 et
663 1263 883 1318 humum
937 1265 1123 1319 lambit
1171 1266 1309 1338 ignis
1337 1268 1402 1320 ³ο.
1439 1267 1555 1321 .iam
1593 1283 1722 1321 vero
1744 1277 1805 1322 ut

225 1347 284 1400 in
332 1347 502 1404 cmlos
546 1355 945 1420 ascenderit-,et
973 1358 1262 1412 immortali
1303 1357 1449 1412 Patri
1493 1358 1682 1414 dexter
1714 1376 1800 1414 se-

225 1436 380 1504 deat,
412 1457 734 1511 rursumque
759 1447 812 1500 in
850 1461 1015 1502 carne
1039 1448 1349 1518 iudicandis
1386 1451 1523 1504 vivis
1556 1466 1616 1503 ae
1658 1465 1802 1504 mor-

227 1530 342 1583 tuis
369 1540 625 1586 venturus
674 1536 765 1600 sit,
799 1538 1072 1606 prophetae
1125 1540 1212 1593 hic
1246 1555 1482 1609 quoque,
1527 1556 1632 1595 non
1680 1557 1800 1610 ego,

225 1624 386 1677 vobis
417 1626 649 1690 prodent
680 1629 985 1686 veritatem.
1012 1630 1180 1700 igitur
1207 1631 1376 1685 isaias
1417 1632 1644 1697 Christi,
1677 1649 1798 1686 cum

227 1730 457 1780 corpore
522 1733 803 1773 ascensum
861 1722 1084 1786 videns,
1138 1732 1190 1776 et
1247 1725 1321 1778 rei
1376 1726 1800 1795 magnitudinem

225 1813 451 1869 smpens
493 1819 554 1859 ac
589 1807 896 1873 demirans,
930 1809 1171 1879 clamat:
1205 1828 1224 1862 ι
1261 1812 1393 1878 Quis
1441 1823 1524 1867 est
1555 1814 1676 1879 iste,
1709 1815 1797 1882 qui

1916 619 2338 688 magnitudinem
2384 621 2611 672 miratus
2653 616 2855 673 infert:
2895 637 2916 670 ‹
2953 617 3066 672 Non
3108 618 3348 686 legatus,
3385 630 3489 675 nan

1915 710 2160 780 angelus,
2188 710 2280 764 sed
2309 708 2422 777 ipse
2454 709 2714 763 Dominus
2743 709 2972 764 salvavit
3009 723 3103 762 eos
3127 707 3194 762 δ’.
3228 725 3247 759 ι
3285 705 3492 760 Zacha-

1916 801 2062 856 rias:
2094 820 2112 853 ι
2155 799 2281 855 Haec
2326 802 2456 855 dicit
2509 801 2770 856 Dominus
2804 816 2816 853 :
2856 802 2993 856 Ecce
3051 803 3165 856 dies
3211 800 3404 855 venit:
3436 806 3491 852 et

1915 894 2134 946 stabunt
2171 895 2332 960 pedes
2365 891 2481 961 ejus
2521 893 2571 946 iu
2605 893 2690 948 die
2721 893 2804 946 illa
2842 907 3004 961 super
3041 899 3277 946 montem
3300 887 3480 944 Oliva-

1921 1001 2038 1039 t-um
2071 985 2140 1040 δ’.
2180 1005 2196 1037 ι
2232 987 2400 1041 Pedes
2429 978 2561 1040 vero
2589 986 2677 1038 Dei
2706 987 3016 1053 nominans,
3044 999 3152 1039 non
3182 992 3484 1045 actuosam,

1913 1093 2032 1148 qua:
2079 1095 2106 1130 a
2158 1079 2385 1148 pedibus
2437 1089 2636 1143 manat,
2690 1079 2782 1131 Dei
2842 1077 3152 1132 facultatem
3213 1072 3484 1142 intelligit,

1911 1169 2359 1237 quemadmodum
2402 1168 2562 1222 David
2598 1183 2714 1220 eam
2751 1183 2870 1234 qum
2895 1181 2922 1219 a
2958 1164 3203 1218 manibus
3239 1161 3486 1231 proﬁcis-

1908 1261 2068 1318 citur.
2134 1276 2323 1315 maous
2367 1262 2651 1327 appellavit
2692 1262 2772 1312 his
2807 1259 2982 1313 verbis
3037 1276 3052 1312 :
3097 1275 3116 1307 ί
3156 1255 3346 1309 Manus
3378 1263 3480 1307 tuae

1913 1353 2154 1406 fecerunt
2178 1368 2281 1413 me,
2306 1361 2358 1403 et
2388 1354 2790 1419 plasntareruut
2820 1366 2902 1404 me
2921 1349 2988 1412 “,
3021 1366 3040 1400 ι
3078 1348 3170 1402 sed
3195 1361 3484 1415 corporeos

1910 1444 2072 1504 pedes
2107 1443 2468 1511 signiﬁcavit;
2503 1457 2625 1494 nam
2673 1456 2792 1494 eam
2840 1442 3093 1503 obrem,
3131 1450 3190 1492 et
3237 1438 3377 1491 diem
3433 1447 3487 1490 et

1911 1534 2105 1589 Oliveti
2159 1544 2394 1588 montem
2454 1527 2923 1596 commemoravit,
2975 1540 3036 1585 ut
3093 1532 3402 1594 humanam,
3432 1538 3486 1583 et

1909 1626 2053 1680 velut
2113 1625 2577 1694 circumscriptam
2644 1623 2847 1680 Christi
2901 1633 3149 1678 naturam
3199 1620 3481 1681 iudicaret.

1910 1715 2078 1770 David
2112 1731 2326 1785 quoque
2351 1716 2550 1770 Christi
2586 1730 2613 1768 a
2652 1713 2878 1770 mortuis
2912 1712 3391 1774 resurrectionem,
3423 1724 3485 1763 ac

1909 1819 2028 1876 post
2056 1822 2172 1861 eam
2202 1812 2252 1861 in
2285 1809 2453 1862 ccelos
2498 1823 2805 1872 ascensum,
2836 1815 2890 1859 et
2933 1807 3049 1871 eius
3077 1804 3231 1874 quasi
3266 1803 3486 1858 restitu-

221 1896 372 1948 vcuit
399 1899 462 1951 de
502 1896 692 1963 Edom,
729 1899 894 1953 rubor
945 1903 1174 1956 vestium
1215 1903 1280 1959 de
1315 1903 1529 1958 Bosorz
1558 1904 1635 1959 sic
1688 1905 1794 1958 for-
1830 1922 1870 1978 η
1900 1901 2099 1953 tionem
2131 1901 2184 1955 in
2217 1902 2481 1969 integrum
2506 1900 2692 1954 volens
2742 1913 2900 1967 quam
2929 1895 3282 1966 liquidissime
3298 1907 3483 1951 osten-

220 2000 410 2039 tuosus
465 1989 517 2041 in
574 1990 708 2043 stola
765 1990 849 2043 ³ίῖ
885 2011 902 2043 ι
941 1991 1241 2061 luteiligitis
1285 1995 1503 2048 vatem?
1555 1997 1686 2048 Cum
1743 1997 1796 2048 in

219 2072 424 2128 Christi
459 2076 848 2133 humanitatem
909 2077 1236 2146 intueretur,
1272 2085 1522 2138 ruborem
1569 2083 1800 2139 vestium

217 2166 361 2232 eius,
395 2177 451 2222 et
481 2169 546 2223 de
595 2168 786 2235 Bosor,
834 2173 988 2236 dixit,
1019 2177 1163 2243 quod
1203 2186 1321 2230 erat
1365 2176 1567 2231 carnis.
1604 2176 1670 2231 At
1717 2177 1801 2229 ubi

219 2259 273 2311 in
307 2259 545 2314 divinam
584 2273 831 2318 naturam
868 2267 1209 2335 perspicaces
1253 2268 1448 2322 mentis
1496 2269 1681 2323 oculos
1713 2283 1800 2322 re-

217 2351 367 2419 iecit,
405 2353 480 2406 ait
515 2369 529 2406 :
562 2373 581 2406 ς
626 2354 715 2411 Sic
740 2356 1010 2413 formosus
1060 2360 1108 2412 in
1157 2360 1335 2414 stola?
1373 2379 1389 2411 ι
1430 2360 1565 2414 Tum
1617 2371 1796 2414 autem

217 2454 279 2498 ut
311 2446 636 2512 apertiorem
684 2450 988 2504 orationem
1022 2452 1293 2516 redderet,
1325 2453 1472 2507 velut
1498 2469 1527 2508 a
1573 2454 1680 2508 Deo
1712 2454 1806 2507 ho.

219 2536 390 2599 mine,
429 2537 623 2590 addit:
664 2556 682 2590 ι
723 2540 834 2610 Ego
883 2543 973 2609 qui
1027 2542 1219 2611 loquor
1261 2544 1547 2614 justitiam,
1578 2555 1634 2599 et
1665 2544 1805 2612 judi-

217 2626 426 2679 dicittm
471 2627 749 2684 salutaris.
782 2649 800 2680 ι
861 2630 1131 2686 Justitiam
1201 2633 1433 2702 (loquor)
1495 2645 1550 2688 ut
1600 2635 1688 2704 qui
1740 2635 1805 2690 ad

219 2717 497 2770 hominum
526 2720 751 2774 salutem
781 2723 940 2778 homo
965 2724 1139 2778 iaetus
1167 2726 1289 2788 sim,
1326 2727 1415 2796 qui
1447 2744 1472 2781 a
1501 2727 1806 2783 simulacris

218 2809 568 2875 aitsistentes,
598 2827 650 2866 et
682 2814 747 2867 iis
794 2817 1088 2882 praestitum
1147 2818 1462 2887 religionem
1511 2832 1673 2889 atque
1713 2822 1807 2874 ho—

221 2915 410 2954 norem
469 2904 534 2956 ad
597 2920 781 2957 verum
837 2906 1002 2962 Deum
1072 2911 1487 2965 transtulerunt.
1535 2912 1804 2968 iudicium

221 2993 501 3057 salutaris,
553 3004 610 3048 ut
658 2999 751 3066 qui
793 2997 933 3052 Deus
979 3001 1240 3064 existens,
1263 3004 1515 3057 omnibus
1550 3014 1808 3060 venturus

226 3084 408 3151 iudex,
450 3086 552 3137 sint
606 3102 1049 3158 unumquemque
1085 3106 1179 3159 pro
1212 3092 1324 3145 Suis
1367 3090 1525 3148 factis
1561 3109 1809 3149 remune-

235 3186 400 3231 ratus.
437 3176 535 3230 Cui
572 3180 852 3234 sententia:
877 3191 1179 3237 consonant
1217 3184 1302 3237 illa
1339 3185 1594 3242 Davidis:
1626 3205 1643 3240 ι
1675 3188 1808 3258 Spe-

1907 1997 2052 2058 dere,
2103 1992 2243 2046 inter
2291 2007 2350 2046 se
2401 1991 2708 2046 dubitantes
2758 1990 2943 2056 copias
2973 1989 3221 2044 caelestes
3255 1989 3482 2055 inducit;

1905 2099 2235 2153 carmenque
2271 2101 2367 2154 per
2412 2083 2894 2154 interrogationem
2940 2081 3104 2136 simul
3150 2097 3213 2136 ac
3257 2098 3484 2152 respon-

1907 2176 2109 2229 sionem
2134 2176 2394 2228 detexens
2419 2173 2496 2228 sic
2523 2172 2718 2227 ell‘atur
2747 2189 2761 2226 :
2799 2191 2816 2223 ι
2855 2169 3098 2224 Attollite
3123 2179 3305 2240 portas
3335 2168 3488 2238 prin.

1908 2266 2057 2334 cipes
2091 2275 2297 2320 vestras
2323 2306 2337 2330 ,
2371 2276 2424 2319 et
2457 2265 2741 2320 elevamiui
2777 2271 2944 2328 portae
2966 2261 3267 2326 teternales,
3299 2268 3353 2315 et
3398 2260 3487 2314 in-

1908 2359 2092 2412 troibit
2121 2371 2213 2411 rex
2263 2357 2446 2427 gloriae
2472 2355 2540 2410 ".
2579 2373 2598 2407 ι
2637 2353 2806 2423 igitur
2838 2353 2888 2407 hi
2933 2353 3315 2408 ascendentem
3363 2365 3482 2405 cum

1908 2460 2132 2515 corpore
2186 2445 2479 2516 gloriosum
2533 2445 2699 2500 Deum
2751 2443 3072 2510 conspicati,
3118 2451 3171 2498 et
3231 2441 3483 2497 insolenti

1909 2538 2220 2608 spectaculo
2274 2538 2534 2607 perculsi,
2594 2552 2826 2607 rogare:
2869 2554 2888 2588 ι
2921 2535 3050 2600 Quis
3095 2544 3180 2590 est
3235 2535 3335 2589 iste
3390 2550 3481 2589 res

1908 2630 2136 2699 gloriae?
2175 2648 2194 2682 ι
2227 2628 2302 2683 illi
2335 2641 2526 2684 contra
2565 2629 2891 2698 respondere
2919 2646 2933 2683 :
2966 2648 2984 2676 ι
3026 2629 3283 2683 Dominus
3331 2627 3484 2682 fortis

1908 2731 1964 2776 et
1993 2735 2204 2790 potens,
2251 2721 2510 2777 Dominus
2563 2729 2754 2788 potens
2807 2721 2858 2773 in
2909 2719 3092 2787 praelio
3124 2720 3194 2785 ",
3245 2739 3261 2771 ι
3294 2728 3481 2773 contra

1911 2821 2160 2877 mortem,
2197 2813 2418 2875 inferos,
2449 2821 2503 2866 et
2526 2811 2821 2876 diabolum;
2859 2811 3065 2864 calcata
3107 2811 3250 2864 enim
3285 2822 3476 2869 morte.

1909 2904 2132 2973 direptis
2159 2905 2365 2968 inieris,
2402 2901 2571 2956 fracto
2601 2901 2837 2968 diabolo,
2884 2908 2943 2956 ut
2994 2899 3134 2956 Dens
3161 2899 3313 2954 fortis
3343 2914 3486 2954 nunc

1909 2997 2184 3060 ascendit;
2223 3013 2351 3066 ergo
2382 3015 2400 3048 ‹
2432 2995 2659 3050 attollite
2689 3004 2872 3064 portas
2897 2993 3165 3063 principes
3190 3001 3416 3059 vestras,
3453 3009 3473 3043 ι

1909 3089 2291 3159 Angelicarum
2330 3098 2657 3159 potestatum
2705 3086 2955 3152 Domino,
2986 3084 3327 3156 gloriosoque
3358 3099 3484 3154 rege

1912 3183 2200 3244 intrature.
2243 3183 2293 3237 id
2333 3193 2436 3245 est,
2467 3198 2586 3237 cum
2619 3197 2845 3250 corpore
2883 3181 2992 3235 Deo
3022 3188 3075 3234 et
3105 3178 3253 3235 Patri
3284 3196 3312 3234 a
3353 3181 3482 3235 dex-

227 3268 403 3324 riosus
438 3270 608 3324 forma
642 3287 747 3341 prae
785 3274 904 3328 ﬁliis
935 3276 1207 3329 hominum
1228 3276 1364 3328 ³¹·⁸⁶.
1402 3295 1419 3328 ι
1458 3275 1524 3331 Ει
1564 3277 1757 3332 iterum
1787 3299 1800 3334 :
1828 3268 1873 3332 C
1908 3276 2007 3330 tris
2034 3291 2333 3332 assessuro.
2365 3275 2509 3329 idem
2544 3290 2753 3328 rursum
2792 3273 2855 3326 de
2887 3270 3074 3326 eodem
3106 3273 3470 3326 ascendente:

226 3377 245 3408 ι
286 3361 426 3414 Deus
464 3361 658 3430 iudex,
709 3365 904 3430 iustus,
957 3364 1136 3432 fortis,
1184 3381 1239 3421 et
1286 3370 1496 3436 patiens
1527 3369 1590 3422 ³⁷.
1631 3391 1646 3423 ι
1685 3371 1791 3426 εδδ

222 3451 389 3508 lsaias
420 3455 602 3510 volens
633 3457 848 3524 insuper
882 3460 1224 3527 apertissime
1263 3463 1569 3528 ostendere,
1599 3480 1802 3534 nequa-

217 3562 382 3614 quam
420 3547 583 3601 alium
629 3563 777 3612 esse,
822 3551 911 3620 qui
945 3552 1010 3606 de
1037 3554 1173 3610 coelo
1200 3554 1535 3610 descendens
1562 3599 1576 3623 ,
1610 3574 1800 3627 passus

217 3650 274 3692 et
303 3640 542 3707 sepultus
585 3641 789 3699 inferos
828 3646 1137 3712 spoliasset,
1170 3658 1222 3700 ct
1258 3649 1418 3700 alium
1468 3650 1557 3717 qui
1599 3665 1630 3704 e
1657 3659 1798 3703 terra

219 3731 275 3784 in
314 3733 483 3786 caelos
510 3735 852 3798 eveheretur,
892 3737 1373 3806 interrogationem
1420 3739 1546 3795 facit
1574 3742 1638 3794 ad
1672 3740 1802 3794 Scr-

219 3831 503 3880 vatorem:
543 3844 560 3877 ι
595 3824 771 3891 Quare
831 3829 992 3883 rubra
1050 3841 1174 3884 sunt
1217 3833 1534 3887 vestimenta
1579 3842 1703 3899 tua,
1747 3844 1802 3888 et

221 3919 534 3973 indumenta
589 3930 675 3972 tua
738 3921 876 3974 sicut
930 3923 997 3976 de
1063 3923 1274 3978 ealcato
1329 3925 1625 3990 torculari,
1659 3925 1800 3994 pleni

219 4009 583 4076 percalcatm?
615 4009 794 4075 Quare
838 4029 968 4083 ergo
1017 4025 1100 4070 est
1155 4016 1375 4070 rubrum
1425 4017 1797 4071 indumentu-n

221 4115 396 4167 tuom,
422 4111 474 4156 et
498 4106 820 4157 vestimenta
870 4086 954 4158 tua
1005 4105 1143 4160 sicut
1179 4107 1504 4160 calcautimn
1536 4107 1588 4161 in
1623 4117 1802 4161 torcu-

222 4192 323 4244 lari
351 4191 435 4248 ⁸⁸2
461 4210 480 4243 ›
509 4192 684 4261 Atque
712 4193 798 4247 ille
830 4196 1043 4262 quidem
1090 4204 1239 4266 rogat
1280 4196 1332 4249 in
1375 4197 1520 4250 hunc
1563 4197 1797 4262 modum,

223 4283 578 4354 ituitatusque
615 4284 889 4339 Christum
952 4287 1257 4353 Dominum,
1295 4288 1389 4356 qui
1436 4288 1538 4341 sibi
1595 4288 1695 4357 ipsi
1747 4299 1799 4341 ct

223 4375 530 4440 sacriﬁcus,
581 4386 637 4430 et
683 4378 1010 4432 sacriﬁcium
1064 4377 1198 4444 fuit,
1249 4395 1446 4449 rogans
1485 4381 1797 4448 respondet,

220 4467 522 4521 orationem
549 4466 776 4537 ﬁngens,
808 4469 962 4536 quasi
997 4467 1084 4522 ille
1111 4469 1483 4538 responderet.
1518 4470 1657 4539 Ergo
1685 4471 1782 4522 ait:

227 4579 247 4612 ι
289 4561 555 4615 Torcular
583 4561 784 4615 calcavi
822 4560 987 4625 solus,
1013 4572 1066 4614 et
1102 4563 1167 4615 de
1202 4563 1452 4634 gentibus
1478 4579 1580 4615 non
1612 4575 1694 4618 est
1720 4568 1798 4619 vir

222 4669 433 4708 mecum
466 4654 534 4706 ”.
567 4670 585 4704 ι
620 4653 752 4707 Nam
788 4663 847 4708 ut
872 4654 920 4709 ei
950 4665 1193 4723 tempore
1225 4655 1492 4722 passionis
1529 4671 1634 4709 non
1665 4672 1800 4726 opus

218 4754 342 4801 erat
366 4745 650 4801 duodecim
681 4746 980 4816 legionibus
1021 4747 1334 4816 angelorum
1371 4749 1608 4818 (poterat
1650 4750 1794 4803 enim

221 4839 306 4893 vel
334 4841 482 4894 solus
515 4855 571 4894 se
600 4855 961 4908 propugnare.
991 4849 1043 4893 et
1074 4850 1301 4893 tuortetn
1336 4840 1591 4908 eﬁttgere,
1628 4844 1672 4898 si
1707 4861 1800 4897 γοα

225 4933 442 4999 luisset,
477 4933 827 5002 quantumvis
855 4931 1147 4984 humanum
1177 4932 1430 5000 quiddam
1465 4933 1797 5002 loqueretur:

223 5043 245 5076 ι
294 5023 454 5077 Pater
485 5021 579 5087 mi,
615 5021 659 5075 si
698 5020 953 5091 possibile
1008 5031 1123 5085 est,
1163 5034 1403 5076 transeat
1443 5038 1470 5076 a
1521 5039 1603 5077 me
1645 5025 1789 5079 calix

220 5119 368 5172 iste:
406 5122 776 5169 verumtamen
835 5129 938 5166 non
1006 5114 1140 5166 sicut
1191 5129 1287 5182 ego
1328 5115 1467 5176 volo,
1513 5118 1604 5169 sed
1659 5118 1798 5170 sicut

221 5211 336 5263 tu“
370 5227 416 5262 »ε
445 5209 514 5262 ita
539 5208 622 5262 hic
647 5223 860 5277 quoque
886 5207 1122 5260 tercular
1146 5209 1371 5260 calcavit
1401 5208 1567 5271 solus,
1600 5211 1797 5264 nullius

222 5316 255 5355 e
286 5299 544 5370 gentibus
571 5313 704 5368 opus
737 5297 959 5351 habens.
994 5299 1062 5349 At
1108 5297 1158 5349 in
1190 5312 1442 5361 ascensu,
1472 5300 1612 5368 quod
1651 5300 1791 5354 idem

226 5393 398 5449 lsaias
431 5405 641 5444 rursum
687 5398 939 5453 testatur,
975 5407 992 5440 ι
1026 5388 1214 5442 Decies
1258 5399 1482 5442 centena
1516 5391 1700 5457 millia,
1741 5401 1794 5447 et

223 5485 422 5541 millies
455 5495 682 5538 centena
719 5481 884 5536 millia
915 5481 1184 5538 serviliter
1207 5483 1254 5536 ei
1289 5482 1736 5538 tttittiSlrabant“.
1766 5505 1784 5535 ι

299 5686 344 5716 ’⁸
380 5683 517 5738 Gen.
555 5700 707 5747 xvm,
739 5685 792 5741 '5.
818 5685 870 5738 4.

224 5771 384 5820 ant,
414 5755 469 5808 Ξ.
546 5754 590 5785 ³⁹
619 5756 746 5807 ibid.
780 5758 833 5809 5.

228 5842 416 5887 cxvut,
447 5821 536 5879 ὕῦ.
643 5825 685 5856 ⁸³
724 5825 864 5877 P~al.
902 5841 1055 5886 nm,
1096 5826 1144 5878 7.
1174 5823 1227 5876 9.

232 5897 278 5927 "‘
304 5896 424 5952 Psal
472 5911 590 5957 xw,
622 5894 655 5947 ϐ
752 5897 792 5927 ⁸⁸
827 5894 965 5950 i‘sal.
1008 5910 1154 5957 xvut,
1184 5895 1237 5958 ι’,
1266 5893 1316 5948 7.

951 5684 995 5714 ³⁸
1021 5683 1085 5737 111
1107 5681 1239 5752 Reg.
1264 5698 1412 5745 xvtu,
1444 5682 1531 5736 ⁸58.

908 5757 952 5787 ⁸ο
981 5753 1169 5806 Matth.
1207 5769 1352 5809 xxu.
1385 5755 1471 5807 59.
1550 5753 1590 5784 ⁸³
1637 5755 1744 5806 Dan

908 5841 1055 5886 mn,
1096 5826 1144 5878 7.
1174 5823 1227 5876 9.
1336 5822 1381 5855 “
1421 5823 1548 5878 ibid.
1573 5824 1629 5890 8,
1666 5825 1747 5878 iO.

1610 5683 1651 5715 ³¹
1688 5685 1785 5740 Isa.
1817 5700 1971 5742 thtt.
2000 5688 2047 5738 i.

1550 5752 1590 5784 ⁸³
1637 5755 1767 5807 Dan.
1813 5771 1909 5818 νιν,
1947 5757 2030 5809 il.

1849 5825 1890 5856 ’⁸⁷
1926 5828 2067 5879 ΡδιιΙ.
2099 5843 2204 5889 ιγι,
2238 5829 2318 5879 12.

1906 3389 1925 3422 ‹
1967 3371 2218 3425 Exaltare
2250 3385 2410 3440 super
2437 3369 2628 3432 cmlos,
2659 3369 2819 3432 Deus,
2860 3380 2911 3422 et
2943 3370 2995 3422 in
3022 3383 3233 3421 omnem
3279 3379 3479 3421 terram

1901 3462 2067 3533 gloria
2096 3461 2268 3526 tua",
2291 3461 2544 3531 quoniam
2570 3462 2907 3531 magniticata
2930 3469 3011 3515 est
3035 3474 3201 3528 usque
3227 3457 3290 3512 ad
3314 3458 3479 3513 cmlos

1902 3553 2268 3608 misericordia
2297 3562 2386 3606 tua
2423 3572 2436 3620 ;
2466 3562 2520 3608 et
2551 3569 2717 3624 usque
2749 3552 2812 3605 ad
2842 3556 3009 3608 nubes
3032 3555 3226 3608 veritas
3254 3552 3424 3617 tua“,
3455 3571 3474 3605 ι

1902 3645 2053 3714 quasi
2085 3647 2289 3700 diceret
2320 3661 2333 3698 :
2383 3643 2538 3697 Nunc
2565 3645 2673 3714 iam
2709 3659 2895 3701 omnes
2930 3654 3106 3699 vatum
3140 3645 3471 3715 praesagitio-

1903 3753 1997 3791 nes
2020 3745 2142 3792 sunt
2170 3737 2470 3806 completas.
2505 3737 2640 3790 Ante
2681 3737 2826 3790 enim
2869 3745 2990 3790 tuus
3038 3737 3088 3788 in
3135 3746 3336 3790 terram
3379 3735 3477 3788 ad-

1901 3837 2137 3891 ventus,
2171 3843 2198 3882 e
2255 3827 2498 3895 virginali
2552 3826 2812 3894 sanguine
2867 3827 3110 3894 corporis
3154 3827 3474 3896 assumptio,

1902 3922 2159 3978 miracula
2186 3963 2200 3984 ,
2234 3920 2540 3977 intimorum
2597 3920 2850 3987 ludibria,
2905 3936 3032 3976 crux
3060 3961 3075 3986 ,
3128 3921 3472 3990 supplicium,

1903 4031 2072 4077 mors.
2106 4014 2408 4084 sepultura,
2444 4012 2566 4067 Orci
2609 4013 2874 4082 direptio,
2912 4013 3102 4068 mortis
3145 4015 3473 4079 internecio,

1903 4119 2024 4178 post
2056 4108 2293 4163 triduum
2325 4123 2390 4161 ex
2425 4107 2653 4160 mortuis
2702 4109 3064 4174 resurrectio,
3103 4123 3246 4163 nunc
3276 4117 3329 4163 te
3359 4109 3478 4178 glo-

1903 4200 2045 4252 riose
2089 4199 2349 4265 redivivo,
2406 4197 2776 4252 misericordia
2823 4206 2912 4252 tua
2963 4214 3133 4267 usque
3187 4197 3256 4252 ad
3306 4199 3475 4254 cceios

1902 4288 2244 4358 magniﬁcata
2279 4291 2397 4356 est,
2431 4297 2484 4342 et
2540 4304 2712 4357 usque
2767 4289 2833 4342 ad
2880 4289 3048 4343 nubes
3104 4289 3307 4344 veritas
3360 4297 3473 4345 tua.

1904 4382 2058 4438 Unde
2089 4391 2144 4437 et
2188 4381 2345 4436 iretus
2394 4389 2604 4448 gratum
2657 4395 2874 4435 carmen
2932 4380 3159 4434 Domino
3210 4381 3474 4450 Propheta

1901 4476 2194 4529 decantatis
2221 4475 2285 4526 ab
2330 4477 2561 4527 humana
2599 4484 2785 4526 natura
2822 4472 2960 4535 (erat
2989 4474 3131 4527 enim
3160 4473 3248 4526 illa
3275 4473 3474 4527 misere

1832 4612 1876 4664 ι)
1906 4565 2154 4635 paradiso
2189 4568 2468 4618 exturbata
2493 4603 2508 4628 ,
2547 4579 2687 4617 nunc
2719 4563 2932 4633 egregia
2971 4563 3172 4644 Christi
3227 4563 3475 4631 benigni-

1906 4668 2014 4712 tate
2073 4657 2404 4720 revocanda,
2448 4666 2501 4710 et
2528 4657 2593 4709 ad
2628 4655 2926 4726 maiestatis
2986 4655 3234 4710 dextram
3283 4656 3472 4712 :eterni

1902 4752 2084 4810 Patris
2117 4751 2451 4820 collocanda)
2481 4770 2494 4805 :
2535 4769 2552 4803 ι
2590 4751 2721 4817 Quis
2749 4751 3018 4822 loquetur,
3063 4752 3253 4823 inquit,
3282 4758 3470 4820 poten-

1903 4843 2006 4896 tias
2032 4841 2266 4904 Domini,
2294 4849 2348 4894 et
2378 4843 2591 4895 auditas
2626 4839 2786 4895 faciet
2812 4855 3000 4895 omnes
3027 4839 3216 4896 laudes
3237 4841 3461 4912 ejus“ir

1902 4935 1967 4988 Et
1999 4936 2192 4990 iterum
2221 4953 2234 4988 :
2278 4953 2295 4985 ι
2330 4934 2582 4989 Ascendit
2617 4933 2758 4987 Deus
2805 4933 2859 4987 in
2888 4933 3080 5002 iubilo,
3127 4944 3180 4987 et
3209 4931 3470 4988 Dominus

1901 5025 1953 5078 in
1981 5038 2115 5079 voce
2147 5025 2288 5079 tuba:
2322 5023 2387 5077 ⁵⁸.
2429 5044 2446 5074 ›
2489 5023 2623 5076 Alibi
2654 5040 2667 5076 :
2706 5040 2724 5074 ι
2764 5022 2820 5076 in
2855 5023 2967 5077 sole
3000 5023 3177 5091 posuit
3215 5023 3468 5077 taberna-

1905 5118 2082 5171 culum
2120 5134 2296 5183 sunm,
2332 5137 2348 5168 ι
2385 5134 2502 5170 cum
2543 5132 2768 5187 corpore
2809 5116 3236 5185 assumptionem
3264 5116 3472 5182 signiti-

1906 5228 2068 5277 caus;
2107 5221 2162 5266 et
2215 5213 2372 5278 paulo
2395 5221 2555 5280 post:
2594 5229 2612 5262 ‹
2671 5211 2715 5263 Α
2768 5225 2985 5264 summo
3039 5208 3178 5262 cmlo
3229 5207 3472 5277 egressio

1903 5304 2038 5374 eius,
2066 5313 2118 5358 et
2150 5319 2409 5359 Occursus
2439 5304 2555 5373 eius
2579 5319 2747 5371 usque
2777 5303 2841 5355 ad
2888 5316 3153 5355 summum
3197 5299 3312 5367 eius
3348 5301 3416 5358 ⁸¹.
3445 5319 3462 5353 ι

1901 5399 2106 5467 Quibus
2151 5401 2328 5454 verbis
2380 5400 2642 5466 duplicem
2676 5400 2995 5454 descensum
3024 5412 3052 5451 e
3083 5397 3233 5451 caelis
3270 5400 3321 5451 in
3359 5408 3466 5452 ter-

1898 5496 2104 5549 ram,et
2126 5487 2227 5540 sub
2249 5499 2469 5549 terram,
2493 5502 2813 5556 rursumque
2833 5487 2986 5542 exiis
3014 5486 3064 5539 in
3087 5486 3252 5541 cmios
3271 5503 3464 5543 ascen-

2125 5684 2571 5746 ³³·³⁶Ι)δ;ι1.χιιν,
2617 5685 2670 5737 5.
2749 5685 2790 5715 ³⁷
2825 5685 2962 5740 i‘sal.
3003 5701 3094 5747 γη,
3131 5685 3213 5738 i2.
3292 5687 3336 5718 ³⁸
3367 5688 3466 5747 lsa,

2111 5757 2154 5786 θ’
2196 5757 2294 5809 ista.
2332 5771 2480 5816 unt,
2518 5756 2570 5808 9.
2650 5754 2943 5808 "Zachar.
2978 5771 3084 5814 xlv,
3119 5755 3169 5806 4.
3249 5756 3292 5786 ’⁵⁸
3325 5755 3462 5814 Ρδειι,

2424 5825 2630 5878 “i‘sai.
2685 5841 2812 5887 cvn',
2861 5825 2911 5877 6.
3009 5826 3052 5856 δ’
3079 5825 3217 5878 Psal.
3270 5842 3352 5892 Cv,
3413 5830 3464 5883 ξ,

2749 5685 2790 5715 ³⁷
2825 5685 2962 5740 i‘sal.
3003 5701 3094 5749 γη,
3131 5685 3213 5738 i2.
