3988 6284
522 396 631 462 915

1759 406 2168 469 ANDRONIC!
2198 403 2534 465 COMNENl
3671 389 3757 451 916

522 535 667 584 sunt,
693 526 747 574 et
784 518 966 591 gloriae
996 519 1390 591 potestatisqne
1432 522 1776 578 traditionem
1810 532 1961 578 notat
1989 541 2003 578 :
2038 524 2109 577 ita
2138 523 2188 583 Α
2218 523 2449 578 mntabis
2481 538 2574 578 eos
2596 562 2610 586 ,
2646 532 2697 577 et
2730 519 3123 575 mutabuntur:
3161 524 3216 569 tu
3254 523 3430 567 autem
3482 508 3615 564 idem
3652 508 3751 577 ips-

537 611 686 665 cnim
713 618 767 665 et
794 609 1124 666 dilectusille
1139 610 1469 679 evangelista
1498 614 1571 668 ait
1599 631 1643 667 τι
1666 611 1838 669 Nemo
1861 614 2106 669 ascendit

525 701 581 756 in
630 700 854 766 ccelum,
889 699 990 756 nisi
1020 701 1110 772 qui
1142 701 1425 759 descendit
1455 705 1519 760 de
1545 694 1706 773 cuilo,
1738 704 1909 760 Filius
1932 705 2105 760 homi-

524 797 633 857 nis.
654 796 745 863 qui
775 798 930 849 estin
949 796 1087 851 caelo
1116 798 1186 852 δ’.
1215 799 1280 855 Ει
1302 798 1369 854 de
1391 809 1700 854 sanctarum
1719 799 2021 853 animarum
2042 813 2106 853 ex

524 888 715 942 inferis
748 887 1091 955 liberatione,
1137 899 1301 960 atque
1326 888 1600 960 Unigeniti
1626 906 1875 957 ascensu,
1905 902 1959 947 et
1987 908 2106 948 ses-

522 981 675 1033 sione
703 978 769 1034 ad
797 978 1074 1034 dexteram
1096 980 1271 1038 Patris
1300 981 1622 1050 vaticinans,
1640 991 1695 1037 et
1711 983 1779 1036 ob
1804 997 1985 1037 curam
2012 981 2109 1036 ho-

525 1086 823 1142 noremque
839 1072 1069 1127 humano
1091 1074 1273 1143 generi
1302 1077 1599 1144 praistitum
1622 1074 1689 1128 ab
1722 1073 1927 1143 Opiﬁce
1949 1082 2003 1129 et
2032 1086 2110 1130 to-

526 1164 635 1217 tius
654 1162 891 1218 universi
913 1176 1262 1233 procuratore
1283 1167 1634 1222 vehementer
1649 1166 1925 1222 exsultans
1940 1183 2001 1222 ac
2024 1185 2112 1239 ga-

525 1256 693 1323 tisus,
726 1257 942 1327 inquit:
1004 1259 1311 1317 «Dominus
1360 1262 1628 1331 regnavit,
1666 1262 1913 1316 decorem
1947 1262 2108 1317 indu-

538 1357 624 1401 tus
650 1357 732 1403 est
761 1349 833 1415 ⁸³,
857 1367 876 1401 ι
911 1350 1287 1405 excellentiam
1309 1353 1552 1422 corporis
1581 1369 1643 1407 ex
1678 1354 1897 1408 interitu
1918 1363 1971 1410 et
1990 1363 2110 1425 post

528 1440 805 1495 interitum
850 1442 965 1509 ejus
1009 1442 1467 1496 immortalitatem
1495 1444 1567 1498 ita
1602 1459 1820 1499 vocans.

598 1531 775 1602 Atque
800 1533 849 1587 id
882 1534 953 1587 ita
980 1546 1102 1588 esse
1127 1548 1189 1587 ex
1215 1534 1571 1601 sequentibus
1603 1534 1782 1588 verbis
1808 1536 2108 1605 planiorem

536 1625 803 1679 habebitis
823 1626 1086 1679 dictorum
1129 1640 1369 1691 sensum,
1410 1628 1485 1680 ait
1523 1628 1708 1681 enim:
1742 1646 1759 1678 ι
1797 1626 1975 1682 lnduit
2006 1628 2109 1682 Do-

529 1716 708 1773 minus
756 1716 1178 1785 fortitudinem,
1215 1727 1267 1774 et
1311 1719 1590 1788 praecinxit
1644 1735 1703 1775 se
1749 1722 1946 1773 virtute
1979 1719 2049 1772 ⁸⁵.
2085 1740 2102 1772 ι

529 1810 605 1865 Ac
644 1808 842 1877 videte,
874 1819 931 1862 ut
966 1810 1080 1865 haec
1116 1810 1181 1865 de
1223 1810 1571 1880 inseparabili
1614 1818 1892 1879 assumpto
1937 1809 2105 1874 dicat,

528 1914 709 1972 neque
745 1916 888 1957 nunc
918 1912 1011 1956 aut
1042 1900 1249 1973 pridem
1277 1902 1484 1958 viribus
1512 1901 1696 1956 induta
1723 1910 1804 1958 est
1838 1899 2103 1957 Divinitas
2136 1906 2177 1961 Β

528 2007 706 2067 neque
755 1996 806 2049 in
855 2004 1131 2066 posterum
1170 1994 1465 2061 indttetur;
1505 1995 1597 2049 sed
1643 2004 1770 2049 ante
1802 1994 2020 2061 saecula,
2051 2005 2105 2048 rt

528 2102 699 2155 nunc,
731 2096 784 2143 et
814 2088 1024 2160 cunctis
1059 2088 1278 2159 insuper
1307 2086 1505 2143 futuris
1528 2087 1738 2143 szeculis
1785 2088 1969 2143 induta
1999 2098 2100 2141 est.

527 2172 716 2245 Neque
746 2176 861 2246 ipsa
902 2176 1075 2231 solum
1109 2191 1205 2245 per
1248 2191 1306 2231 se
1358 2177 1532 2232 valida
1567 2188 1673 2245 est,
1720 2178 1811 2232 sed
1856 2179 2106 2232 omnibus

528 2268 651 2324 aliis
679 2276 891 2338 queque
921 2269 1109 2324 eadem
1142 2282 1199 2322 nt
1227 2268 1461 2336 valeant,
1497 2270 1744 2342 largitur.
1775 2269 1890 2337 Qua
1938 2270 2003 2325 de
2048 2286 2106 2325 re

529 2359 769 2416 Danielis
802 2362 1067 2416 sententia
1118 2362 1231 2417 haec
1260 2371 1386 2418 est:
1424 2381 1443 2415 ι
1479 2361 1547 2417 Ει
1595 2378 1722 2419 ecce
1770 2364 1923 2433 quasi
1970 2363 2105 2417 visio

528 2453 627 2509 ﬁlii
673 2453 946 2509 hominis:
978 2463 1034 2509 et
1073 2454 1247 2510 erexit
1298 2471 1383 2511 me
1430 2469 1594 2525 super
1638 2470 1813 2527 genua
1863 2470 2005 2523 mea,
2053 2466 2104 2510 et

528 2558 694 2616 super
741 2543 966 2613 vestigia
1010 2544 1204 2614 pedum
1245 2557 1535 2612 meorum;
1573 2550 1630 2597 et
1676 2543 1815 2599 dixit
1870 2546 1936 2599 ad
1977 2558 2102 2598 me:

530 2636 776 2693 Viriliter
822 2651 943 2707 age.
992 2649 1046 2691 et
1091 2636 1449 2693 confortare:
1491 2645 1548 2692 et
1605 2639 1732 2692 dum
1795 2637 2107 2709 loqueretur

533 2741 744 2783 mecum
772 2765 791 2793 ,
830 2726 1163 2785 confortatus
1192 2743 1310 2783 sum
1333 2727 1402 2782 ⁸⁸.
1436 2747 1455 2780 ι
1490 2726 1615 2783 Haec
1644 2729 1755 2786 ille.
1818 2728 1929 2785 Nos
1956 2728 2105 2800 psal.

533 2835 748 2876 morum
792 2820 1032 2875 carmina
1074 2828 1401 2889 repetamus.
1434 2837 1454 2872 t
1485 2818 1678 2875 Parata
1709 2829 1793 2876 est
1826 2822 1982 2876 sedes
2016 2830 2103 2875 ttta

532 2927 600 2967 ex
630 2920 758 2967 tunc
785 2914 854 2979 ",
882 2931 901 2966 ι
934 2913 1188 2984 quando?
1220 2929 1285 2970 ex
1318 2929 1425 2985 quo
1449 2914 1730 2971 molienda:
1761 2924 1922 2985 atque
1947 2912 2111 2968 fabri-

537 3006 722 3057 caudae
777 3004 955 3058 omnis
1003 3013 1268 3059 creaturae
1315 3003 1464 3058 Patri
1513 3019 1741 3061 consors
1802 3003 1979 3059 factus
2028 3018 2106 3058 εδ.

537 3094 816 3166 Siquidem
862 3098 1179 3152 (econotnia:
1210 3106 1313 3151 tua:
1345 3101 1575 3162 arcana,
1610 3097 1677 3153 ab
1700 3098 1845 3151 omni
1891 3098 2111 3151 aeterni-

526 3198 648 3244 tate
670 3190 993 3259 praestituta,
1028 3190 1289 3245 extremis
1313 3181 1645 3259 temporibus
1672 3200 1795 3245 sunt
1847 3191 2106 3260 perfecta.

2209 630 2291 679 es,
2322 624 2373 672 et
2405 616 2533 670 anni
2571 615 2646 670 tui
2679 628 2783 669 non
2818 613 3071 668 deﬁcient
3100 609 3166 661 “.
3201 627 3221 661 ι

2279 707 2565 778 Propheta:
2606 710 2771 761 Amos
2804 706 2919 760 haec
2955 710 3080 758 sunt
3111 700 3314 756 verba:
3354 717 3372 750 ι
3411 695 3510 763 Qui
3554 691 3761 749 aediﬁcat

2211 798 2265 855 in
2297 798 2436 856 ctelo
2484 792 2856 854 ascensionem
2911 809 3087 860 suam,
3136 800 3192 846 et
3238 789 3583 845 securitatem
3625 797 3762 838 suam

2213 906 2378 960 super
2423 900 2625 946 terram
2680 887 2911 942 fundat:
2964 882 3054 954 qui
3084 889 3240 936 vocat
3274 892 3466 947 aquam
3517 871 3677 928 maris
3719 878 3765 924 et

2211 985 2436 1042 ell'undit
2475 998 2595 1037 eam
2648 972 2812 1049 super
2861 976 3053 1032 faciem
3087 984 3271 1039 terrae,
3317 969 3577 1024 Dominus
3606 964 3765 1020 omni-

2212 1086 2403 1149 potens
2435 1091 2627 1131 nomen
2666 1074 2715 1130 ei
2746 1073 2813 1126 ".
2849 1091 2867 1125 ι
2895 1068 2990 1125 Est
3020 1078 3199 1123 autem
3228 1062 3367 1134 quod
3400 1060 3533 1115 dicit
3552 1057 3767 1129 ejusmo-

2212 1172 2262 1228 di
2292 1189 2306 1225 :
2336 1171 2479 1225 Deus
2514 1167 2601 1224 ille
2631 1165 2996 1234 omnipotens,
3028 1155 3399 1216 universitatis
3433 1152 3768 1212 architectus,

2211 1263 2302 1334 qui
2344 1260 2598 1316 reductas
2646 1257 2809 1312 totius
2856 1263 3016 1309 terra:
3076 1264 3246 1320 aquas
3294 1246 3349 1301 in
3410 1243 3768 1312 conceptacula

2211 1357 2457 1429 quaedam
2490 1353 2687 1423 coegit,
2728 1348 3048 1421 degentibus
3098 1345 3152 1400 in
3204 1352 3349 1398 terra
3402 1338 3557 1412 (51),
3589 1337 3696 1406 ipse
3726 1334 3771 1388 in

2210 1464 2374 1505 carne
2403 1448 2625 1519 degens,
2651 1442 3003 1501 securitatem
3049 1453 3228 1503 suam,
3258 1450 3377 1507 qua:
3415 1447 3539 1488 vera
3570 1439 3650 1485 est
3690 1442 3771 1483 rc-

2212 1543 2363 1613 ligio,
2398 1541 2618 1596 molitus
2642 1539 2783 1613 fuit:
2814 1533 3010 1590 solium
3044 1546 3174 1586 vero
3207 1543 3364 1584 suum
3401 1527 3453 1580 itt
3489 1524 3624 1579 coelo
3650 1521 3773 1581 tittit,

2215 1644 2409 1687 notans
2460 1631 2885 1699 assumptionem
2945 1625 3071 1695 (qna
3124 1628 3433 1690 assumptus
3492 1616 3546 1670 in
3596 1613 3775 1670 cuslutn

2210 1728 2359 1782 sedet
2398 1728 2464 1781 ad
2498 1724 2587 1779 Dei
2627 1722 2802 1777 Patris
2831 1716 3128 1786 dextram).

2759 1897 2991 1955 CAPUT
3033 1895 3212 1952 LXIV.

2570 2040 2642 2095 De
2676 2039 2876 2119 Christi
2903 2046 3131 2093 secundo
3168 2038 3418 2094 aduentu.

2276 2176 2646 2233 Consentanea
2707 2185 2832 2230 sunt
2908 2175 2998 2230 illa
3064 2191 3078 2231 :
3127 2192 3145 2225 ι
3196 2172 3261 2226 Ει
3316 2171 3567 2228 ascendit
3636 2184 3783 2238 super

2206 2271 2517 2334 Cherubim,
2549 2280 2601 2326 et
2636 2269 2834 2323 volavit
2884 2283 3047 2337 super
3094 2281 3300 2337 pennas
3359 2272 3646 2321 ventorum
3670 2262 3732 2317 “.
3761 2280 3778 2315 ι

2209 2368 2383 2435 Atque
2413 2365 2582 2419 alibi:
2620 2381 2639 2415 ι
2696 2362 2967 2425 Exaltare,
3021 2360 3271 2423 Domine,
3320 2359 3374 2412 in
3424 2356 3633 2412 virtute
3683 2365 3782 2422 tua,

2208 2459 2548 2514 cantabimus
2595 2467 2649 2513 et
2698 2438 2988 2529 psallemus
3034 2456 3265 2511 virtutes
3307 2462 3426 2509 tuas
3450 2453 3524 2508 ".
3579 2471 3599 2505 ι
3636 2449 3785 2505 Porro

2209 2559 2389 2606 autem
2451 2551 2515 2605 de
2561 2550 2800 2607 secundo
2846 2548 3050 2604 Christi
3094 2546 3325 2602 adventu
3374 2561 3473 2616 per
3524 2543 3783 2599 Michrrant

2210 2647 2344 2703 Filio
2392 2647 2467 2702 ait
2508 2648 2692 2704 Deus:
2733 2668 2751 2699 r
2792 2645 2964 2717 Surge
3014 2656 3069 2701 et
3126 2645 3319 2699 tritura
3371 2643 3550 2713 :qttia
3599 2654 3781 2696 cornua

2212 2750 2295 2794 tua
2330 2756 2523 2810 ponant
2563 2738 2764 2807 ferrea,
2797 2748 2847 2793 et
2892 2737 3116 2810 ungulas
3160 2746 3279 2791 tuas
3331 2750 3532 2803 ponam
3589 2748 3782 2788 aereas:

2208 2838 2263 2884 et
2312 2830 2647 2885 comminnes
2704 2829 2929 2899 populos
2989 2826 3184 2882 multos
3227 2827 3308 2892 ἐς
3364 2844 3382 2878 ι
3431 2837 3490 2880 et
3548 2826 3782 2879 iterum:

2217 2944 2235 2978 σ
2278 2925 2453 2992 Surge
2477 2923 2721 2993 judicare
2772 2923 2912 2992 apud
2960 2930 3170 2975 montes
3212 2928 3313 2977 :et
3356 2918 3588 2973 audiant
3636 2914 3783 2972 colles

2211 3032 2396 3071 vocem
2434 3024 2599 3070 tuam.
2628 3014 2843 3080 Audite,
2878 3024 3117 3077 montes,
3172 3012 3432 3083 judicium
3485 3009 3719 3074 Domini,
3745 3018 3787 3063 et

2210 3108 2397 3174 valles,
2430 3116 2484 3163 et
2521 3107 2865 3162 fundamenta
2897 3117 3056 3161 terra:
3082 3123 3096 3172 ;
3122 3104 3246 3174 quia
3275 3103 3542 3173 judicium
3576 3100 3782 3155 Domino

2212 3204 2473 3258 adversus
2512 3199 2761 3271 pupulum
2805 3215 2999 3262 suum;
3034 3208 3088 3252 et
3133 3210 3255 3250 cum
3308 3195 3471 3251 Israel
3528 3192 3783 3265 judicahi-

531 3257 719 3350 Addit,
751 3291 810 3337 ut
838 3257 1140 3338 orationem
1168 3257 1456 3339 illustrat:
1492 3301 1512 3335 ‹
1549 3284 1591 3337 A
1616 3274 1812 3337 saeculo
1840 3257 1893 3336 tu
1925 3298 1984 3338 es
2006 3283 2103 3338 ".t

2222 3305 2310 3350 tur
2336 3295 2402 3351 ".
2443 3313 2461 3346 ι
2498 3293 2602 3348 Per
2628 3292 2825 3349 isaiam
2852 3307 2985 3348 vero
3017 3289 3159 3346 Deus
3193 3290 3271 3345 sic
3300 3306 3315 3344 :
3352 3305 3372 3341 ‹
3412 3285 3639 3342 Justitia
3689 3298 3786 3340 mea

532 3372 603 3427 Et
648 3373 809 3444 paulo
856 3383 1013 3443 post:
1041 3392 1061 3426 ι
1108 3374 1443 3430 Testimonia
1498 3384 1589 3431 tua
1636 3375 1918 3431 credibilia
1970 3375 2112 3431 facta

531 3475 660 3521 sunt
710 3466 871 3523 nimis
900 3468 969 3533 ⁵⁸,
1003 3486 1022 3519 ι
1063 3469 1116 3523 id
1167 3477 1273 3532 est,
1333 3468 1439 3523 [in
1501 3479 1555 3524 et
1582 3470 1959 3526 irrevocabilia
2025 3480 2113 3525 tua

533 3566 826 3627 pmcepta,
862 3559 1019 3626 quale
1052 3565 1171 3625 est,
1198 3559 1341 3630 quod
1386 3558 1809 3616 Deuteronomio
1864 3562 1994 3617 Mosi
2040 3563 2117 3619 ait

534 3647 678 3706 Deus
710 3665 724 3705 :
764 3669 783 3701 ι
820 3651 1092 3706 Descende
1143 3661 1200 3707 et
1241 3661 1553 3708 contestare
1613 3653 1865 3724 populum
1902 3653 1969 3718 ",
2008 3671 2026 3706 ›
2060 3664 2117 3706 ut

534 3751 794 3798 accurate
818 3742 1108 3799 observent
1140 3746 1523 3818 mysteriorum
1584 3760 1681 3801 seu
1712 3756 2111 3815 praceptorum

535 3835 801 3891 rationem
832 3855 846 3891 :
882 3855 901 3888 ι
943 3837 1166 3893 Domum
1204 3850 1350 3894 tuam
1382 3840 1539 3896 decet
1566 3842 1873 3896 sanctitudo
1914 3842 1966 3895 in
1998 3841 2114 3895 Ion-

531 3928 829 3999 gitudinem
856 3930 1066 3985 dierum
1100 3932 1169 3987 ".
1204 3950 1223 3983 ι
1266 3931 1493 3988 Domum
1526 3933 1619 3989 Dei
1652 3933 1890 4005 intellige
1916 3933 2113 3988 divini-

534 4032 647 4078 tate
692 4021 944 4078 aﬂ‘ectum
986 4024 1264 4080 Christum
1309 4036 1649 4096 assumptum
1680 4043 1695 4081 :
1724 4028 2032 4083 sanctitudo
2061 4036 2116 4083 et

536 4114 819 4186 longitudo
855 4116 1092 4185 dierum,
1125 4129 1208 4173 est
1252 4120 1510 4192 perennis
1536 4128 1851 4192 aeternaque
1879 4121 2113 4175 duarum

534 4216 851 4264 naturarum
893 4211 1044 4276 unio,
1077 4227 1198 4284 quae
1236 4214 1519 4268 discidium
1569 4214 1638 4269 sit
1682 4227 1933 4284 passura.
1964 4213 2112 4269 ldem

540 4316 796 4359 rursum:
841 4321 859 4354 ι
901 4304 1379 4359 Annuntiaverunt
1414 4305 1537 4360 cmli
1566 4305 1834 4373 justitiam
1873 4303 2024 4373 eius,
2063 4315 2117 4359 et

533 4393 784 4449 viderunt
804 4408 993 4449 omnes
1016 4396 1195 4465 populi
1230 4396 1453 4467 gloriam
1479 4398 1675 4466 eius“.
1707 4416 1725 4449 ι
1751 4397 1814 4452 Et
1840 4398 2116 4453 adoranti-

534 4487 635 4541 hus
669 4486 862 4541 Filium
899 4488 1125 4556 angelis,
1164 4490 1237 4542 ait
1266 4507 1280 4544 :
1316 4508 1334 4541 ε
1364 4490 1602 4545 Adoratc
1632 4506 1778 4557 eum,
1803 4506 1993 4547 omnes
2019 4507 2111 4545 an-

2220 3402 2324 3443 non
2363 3386 2705 3459 elongahitur
2739 3403 2753 3441 :
2788 3393 2840 3439 et
2887 3384 3139 3449 salutem,
3170 3396 3289 3452 quae
3338 3396 3366 3433 a
3412 3395 3504 3435 me
3548 3391 3653 3443 est,
3696 3388 3787 3431 tare

2218 3480 2348 3534 dare
2375 3493 2485 3534 non
2518 3478 2710 3534 faciam
2742 3478 2812 3533 '°.
2851 3495 2870 3530 ι
2916 3475 3263 3546 Sophonias:
3298 3492 3316 3526 ι
3355 3470 3575 3527 Timete
3614 3482 3642 3524 a
3674 3468 3789 3523 facie

2222 3570 2430 3625 Domini
2483 3569 2614 3633 Dei,
2644 3571 2769 3641 quia
2810 3584 2977 3640 prope
3016 3576 3098 3623 est
3128 3567 3244 3621 dies
3279 3564 3491 3620 Domini
3526 3564 3598 3619 “.
3634 3581 3653 3615 ι
3690 3559 3784 3614 Za-

2217 3665 2432 3719 charias
2464 3680 2479 3718 :
2514 3682 2534 3717 ι
2575 3661 2703 3718 Haec
2752 3662 2882 3717 dicit
2931 3650 3193 3717 Duminns
3232 3659 3581 3727 omnipotens
3628 3653 3792 3712 :Ecce

2222 3754 2332 3820 Vir,
2366 3756 2559 3813 Oriens
2607 3770 2801 3810 nomen
2856 3754 2973 3826 eius
3020 3769 3040 3814 :
3079 3763 3133 3808 et
3172 3752 3242 3807 ab
3286 3749 3641 3807 inferioribus
3692 3748 3791 3815 ipse

2216 3853 2446 3915 orietur,
2470 3860 2525 3904 et
2556 3849 2762 3904 sedebit
2791 3862 2951 3916 super
2973 3848 3167 3902 throno
3199 3860 3297 3901 suo
3315 3845 3383 3898 τ’.
3416 3861 3434 3896 I
3472 3842 3647 3899 Isaias
3675 3855 3789 3896 vero

2218 3942 2409 3995 iterum
2442 3958 2455 3994 :
2499 3960 2517 3992 ι
2552 3938 2773 3995 lndntus
2817 3948 2901 3995 est
2937 3939 3203 4009 justitiam
3241 3936 3394 4010 quasi
3457 3934 3704 3997 loricant,
3739 3942 3786 3985 et

2217 4036 2395 4106 posuit
2431 4035 2639 4107 galeam
2666 4035 2719 4089 in
2753 4033 2929 4103 capite
2960 4046 2978 4088 :
3008 4040 3064 4087 et
3112 4029 3475 4087 circumdatus
3519 4038 3608 4083 est
3647 4024 3792 4080 vesti-

2216 4134 2401 4182 mento
2451 4127 2736 4191 vindictae,
2762 4136 2817 4180 et
2851 4124 3014 4195 pallio
3043 4124 3182 4191 zeli,
3239 4120 3395 4193 quasi
3430 4120 3788 4176 retributurus

2218 4218 2629 4274 retributionem
2671 4216 3022 4286 opprobrium
3062 4215 3388 4271 adversariis
3430 4212 3568 4279 suis,
3598 4221 3652 4267 et
3682 4209 3788 4264 vin-

2217 4307 2413 4362 dictam
2478 4305 2725 4362 hostibus
2764 4306 2879 4361 suis
2922 4325 2938 4361 :
2989 4305 3181 4361 insulis
3236 4304 3406 4359 vicem
3468 4297 3785 4359 reddet.‘Et

2220 4400 2482 4455 timebunt
2509 4399 2598 4468 qui
2646 4400 2714 4454 ab
2769 4397 3061 4453 Occidente
3109 4411 3303 4451 nomen
3355 4395 3593 4461 Domini,
3627 4404 3679 4449 et
3704 4388 3784 4462 qui

2219 4494 2287 4547 ab
2336 4504 2458 4557 ortu
2507 4492 2635 4548 solis
2689 4506 2883 4546 nomen
2928 4492 3045 4560 ejus
3095 4489 3377 4560 inclytum.
3413 4486 3609 4544 Veniet
3664 4483 3788 4567 enim

534 4584 638 4655 geli
672 4583 791 4655 ejus
813 4586 881 4641 “.
916 4604 936 4639 ι
982 4588 1053 4641 At
1085 4584 1244 4653 Filio,
1282 4589 1370 4656 qui
1404 4589 1694 4644 adoretur:
1738 4606 1755 4641 t
1785 4588 1958 4646 Sedes
1999 4596 2109 4655 tua,
2143 4604 2188 4663 ι)
2218 4584 2372 4652 quasi
2418 4583 2611 4639 ﬂuvius
2640 4582 2906 4638 violentus
2937 4583 3014 4636 ira
3045 4582 3163 4650 eius
3198 4582 3415 4635 :veniet
3444 4595 3569 4633 cum
3599 4580 3784 4632 furore.

535 4681 699 4748 Deus,
741 4680 794 4735 in
844 4681 1101 4736 saeculum
1151 4681 1356 4743 swculi,
1390 4682 1537 4753 virga
1586 4683 1926 4751 directionis,
1957 4683 2105 4753 virga

537 4772 691 4845 regni
721 4773 821 4831 tui.
854 4774 1103 4830 Dilexisti
1131 4773 1422 4843 justitiam,
1454 4786 1509 4830 et
1537 4774 1699 4831 odisti
1732 4776 2108 4845 iniquitatem:

536 4877 821 4938 propterea
868 4868 1027 4922 unxit
1075 4878 1127 4923 te
1178 4868 1338 4934 Deus,
1392 4858 1534 4923 Deus
1579 4876 1724 4934 tuus,
1754 4868 1874 4925 oleo
1918 4869 2114 4924 laetitia

536 4974 649 5029 prae
696 4959 1039 5014 consortibus
1087 4959 1298 5024 tuis“,
1330 4977 1348 5010 ι
1399 4970 1451 5014 et
1488 4968 1566 5021 tu,
1617 4959 1706 5028 qui
1763 4974 1905 5014 nunc
1952 4974 2114 5015 carne

537 5050 762 5105 vestitus
793 5052 859 5105 ad
890 5049 1086 5109 ccelum
1119 5049 1441 5121 regrederis,
1486 5069 1503 5101 ι
1543 5050 1699 5106 lnitio
1731 5062 1807 5117 tn,
1864 5048 2111 5116 Domine,

538 5154 738 5198 terram
793 5143 1053 5207 fundas“,
1088 5150 1141 5196 et
1195 5157 1359 5213 opera
1415 5158 1673 5198 manuum
1729 5153 1939 5197 tuarum
1988 5151 2115 5199 sunt

536 5233 708 5290 cteli:
749 5233 848 5302 ipsi
887 5234 1141 5304 peribunt
1174 5240 1226 5286 tu
1262 5242 1441 5286 autem
1490 5246 1797 5300 permanes,
1841 5241 1895 5285 et
1923 5245 2112 5284 omnes

538 5327 680 5383 sicut
706 5328 1088 5381 vestimentum
1117 5335 1478 5390 veterascent,
1515 5334 1567 5379 et
1598 5324 1738 5378 sicut
1778 5322 2107 5392 opertorium

607 5471 654 5503 ⁸¹
681 5469 839 5525 Joan.
879 5486 970 5531 ttt,
1024 5472 1104 5525 l5.
1204 5471 1248 5502 ⁸⁸
1309 5468 1449 5525 Psal.
1504 5486 1632 5531 χρη.
1688 5470 1738 5523 ‘l.
1862 5467 2074 5525 “.ibid.

539 5537 583 5571 "
615 5541 747 5596 ibid.
766 5541 822 5593 5.

538 5627 610 5677 Cl,
649 5611 739 5667 26.

537 5696 679 5747 XLVI,
712 5684 800 5738 15.

1204 5471 1248 5502 ⁸³
1309 5468 1449 5525 Psal.
1504 5486 1632 5532 χρη.
1688 5470 1738 5523 ί.

900 5543 944 5573 ⁸⁸
974 5540 1120 5596 Exod
1178 5558 1287 5605 χιι,
1321 5542 1409 5593 Ἠ.

818 5612 864 5645 θ’
902 5613 1065 5666 Amos
1114 5630 1185 5679 ts,
1216 5614 1271 5669 6.
1367 5614 1411 5645 ⁸⁸
1450 5612 1590 5667 Psal.
1618 5628 1745 5677 xvtt,
1773 5613 1857 5667 Η.

878 5682 921 5714 ’⁵⁸
951 5683 1117 5753 SOph.
1163 5701 1201 5751 t,
1231 5686 1282 5737 7.

612 5857 723 5933 (Si)
754 5854 1106 5930 imperfectus
1136 5864 1191 5911 et
1221 5854 1485 5910 obscurus
1517 5866 1729 5912 sensus.

2207 5469 2253 5503 ⁸³
2285 5466 2418 5521 Dan.
2460 5482 2515 5530 x,
2573 5463 2659 5523 16.
2711 5463 2793 5525 18,
2826 5463 2911 5519 19.

1489 5542 1533 5573 ⁸⁸
1562 5542 1706 5596 Psal.
1730 5555 1853 5597 xcn.
1887 5541 1939 5595 5.
2016 5543 2058 5573 ⁸³
2093 5538 2232 5593 Psal.
2265 5554 2405 5597 mw.
2437 5539 2487 5590 6.
2564 5536 2607 5568 ⁶²
2643 5535 2769 5588 ibid.
2791 5536 2843 5590 8.

1953 5612 1996 5645 "
2027 5609 2171 5666 Psal.
2208 5625 2299 5669 xx.
2335 5608 2423 5662 Η.

1361 5683 1403 5714 ⁷³
1434 5682 1599 5738 Zactt.
1633 5698 1703 5748 vt,
1737 5682 1821 5737 12.
1900 5683 1946 5716 ⁷³
1972 5680 2073 5739 lsa.
2106 5697 2218 5747 ιιι,
2262 5680 2345 5748 l7,
2390 5679 2473 5742 l8,
2508 5692 2661 5748 seqq.

2220 4676 2284 4729 Et
2324 4676 2499 4730 veniet
2537 4691 2602 4729 ex
2645 4674 2775 4728 Sion
2828 4674 2916 4742 qtti
2959 4672 3172 4734 liberat,
3212 4681 3267 4724 et
3307 4676 3515 4724 avertet
3564 4667 3787 4735 impieta-

2222 4777 2299 4823 tes
2322 4784 2349 4821 a
2380 4766 2567 4831 Jacob,
2605 4766 2739 4822 dixit
2776 4764 3035 4823 Dominus
3084 4762 3426 4832 omnipotens
3454 4759 3521 4813 ⁷³.
3549 4750 3667 4811 {Et
3698 4754 3786 4809 Da-

2222 4860 2307 4913 vitl
2338 4873 2353 4912 :
2396 4878 2413 4912 ε
2454 4860 2713 4929 Exsurge,
2751 4857 2993 4922 Domine,
3022 4856 3074 4909 in
3124 4855 3200 4907 ira
3252 4863 3361 4920 tua,
3397 4859 3451 4905 et
3485 4850 3720 4905 exaltare
3742 4843 3785 4897 in

2224 4952 2419 5006 ﬁnibus
2468 4952 2807 5005 inimicorum
2861 4961 3116 5003 tuorum:
3162 4954 3217 5001 et
3274 4958 3521 5014 exsurge,
3574 4940 3782 4997 Domine

2224 5046 2365 5100 Deus
2390 5060 2558 5105 meus,
2587 5043 2639 5096 itt
2664 5051 2926 5111 pre-cepto
2949 5041 3086 5111 quod
3135 5039 3423 5101 mandasti,
3454 5047 3508 5091 et
3530 5045 3779 5107 synagoga

2223 5139 2541 5212 populorum
2576 5136 2931 5192 circumdabit
2976 5143 3066 5190 te:
3111 5144 3165 5189 et
3193 5142 3412 5202 propter
3452 5132 3590 5185 hanc
3638 5129 3689 5182 in
3720 5124 3783 5179 al-

2222 5242 2337 5288 tum
2367 5232 2652 5301 regredere
2677 5248 2691 5284 :
2730 5228 2985 5283 Dominus
3014 5226 3220 5297 iudicat
3263 5224 3492 5295 populos
3521 5219 3589 5277 ".
3623 5239 3640 5271 ι
3667 5217 3784 5274 Vide

2222 5332 2279 5377 ut
2308 5330 2429 5392 apta
2449 5329 2502 5375 et
2522 5319 2921 5390 composita’sit
2950 5318 3237 5373 sententia.
3263 5316 3536 5385 Explicata
3569 5312 3780 5382 primum

3582 5453 3625 5486 "
3654 5449 3776 5510 ibid.

3574 5526 3618 5557 “
3646 5520 3772 5576 Psal.

3613 5594 3655 5627 ⁷⁸
3678 5591 3769 5646 lsn.

3025 5461 3072 5494 ⁵⁸
3099 5460 3240 5515 Psal.
3263 5475 3389 5521 acu,
3418 5458 3473 5515 ἓ.

2928 5534 2973 5564 ⁸³
3001 5530 3143 5586 Psal.
3179 5547 3327 5595 λων,
3356 5530 3408 5593 7,
3438 5532 3489 5584 8.

2505 5607 2549 5638 ⁸⁸
2584 5605 2776 5659 Matth.
2813 5619 2890 5668 tv,
2924 5604 3009 5661 i3.
3109 5602 3153 5633 ⁸⁸
3187 5601 3347 5655 Mich.
3383 5617 3452 5667 vt,
3481 5598 3527 5653 1.

2740 5676 2787 5708 ⁷⁸
2822 5675 2964 5731 Psal.
2996 5689 3094 5739 vtt,
3128 5672 3242 5728 7-9.
