4060 6290
320 350 425 414 917

1380 333 1766 400 DIALOGUS
1805 335 2106 400 CONTRA
2146 341 2482 408 JUD/EOS.

3466 333 3574 402 9l8

320 465 406 519 his
445 460 621 518 verbis
642 473 706 514 ex
742 455 930 512 inferis
963 447 1360 509 resurrectione
1393 465 1408 502 :
1439 466 1456 498 ι
1491 447 1766 515 Exsurge,
1801 443 1905 498 Do-
1937 460 1986 518 Α
2011 447 2292 503 desursum
2321 491 2334 516 ,
2369 459 2422 503 et
2477 454 2677 518 terram
2731 442 3043 503 discernere
3069 444 3351 528 'populnm
3402 461 3578 500 suum.

337 560 484 614 mine
542 558 596 612 in
653 559 733 610 ira
767 567 875 620 tua,
918 571 936 604 ι
971 553 1024 606 id
1081 557 1164 604 est
1202 547 1384 601 furore
1423 545 1606 616 gloriae
1678 551 1782 598 tua:
1839 543 1906 598 ad

323 650 478 703 .Iuda:
549 647 967 702 internecionem
1025 658 1039 697 :
1101 637 1429 708 subjungit;
1483 633 1792 688 r'Exaltare
1853 631 1906 686 in

324 745 526 798 tiuibus
580 741 927 795 inimicorum
974 747 1223 798 tuorum;
1267 752 1287 784 ι
1339 732 1392 786 in
1442 728 1580 782 coelo
1630 742 1732 782 una
1783 741 1906 781 cum

321 842 532 908 angelis
590 852 752 904 super
803 835 971 889 nubes
1031 828 1451 885 conscendens:
1490 843 1507 877 ι
1547 824 1611 878 Et
1652 835 1905 890 exsurge,

321 933 549 988 Domine
595 928 737 983 Deus
778 941 955 990 mens,
993 927 1048 981 in
1079 930 1350 994 praecepto
1383 917 1527 988 quod
1561 915 1854 976 mandasti,
1883 933 1900 961 ι

319 1021 578 1093 quando?
612 1035 731 1074 cum
783 1018 835 1072 in
871 1026 1016 1071 terra
1059 1021 1381 1082 corporatus
1429 1009 1573 1062 visus
1605 1022 1697 1070 es,
1734 1014 1788 1058 et
1827 1004 1908 1056 in-

321 1125 409 1170 ter
454 1115 698 1167 homines
742 1119 1010 1163 versatus.
1049 1104 1275 1160 Gemina
1307 1110 1435 1158 sunt
1487 1113 1666 1153 autem
1713 1108 1766 1150 et
1819 1095 1906 1149 illa

318 1205 664 1276 evangelista:
719 1202 879 1258 verba
917 1219 929 1255 :
969 1219 986 1252 ι
1023 1198 1175 1252 Tunc
1208 1196 1421 1251 sedebit
1462 1193 1630 1247 Filius
1668 1189 1906 1244 hominis

320 1313 486 1367 super
535 1301 715 1351 sedem
777 1292 1077 1359 majestatis
1129 1304 1240 1344 suae
1283 1307 1296 1341 :
1336 1296 1388 1340 et
1437 1282 1910 1353 congregabuntnr

321 1400 454 1444 ante
488 1404 611 1443 eum
655 1401 845 1442 omnes
875 1393 1086 1454 gentes,
1121 1391 1174 1436 et
1207 1381 1483 1449 separabit
1530 1390 1624 1431 eos
1665 1375 1731 1429 ab
1763 1374 1906 1428 invi-

322 1496 465 1547 cem,
518 1479 660 1535 sicut
717 1487 903 1548 pastor
954 1485 1200 1546 segregat
1253 1486 1382 1527 oves
1431 1469 1500 1524 ab
1557 1468 1728 1523 bmdis
1776 1469 1842 1533 ⁷⁸,
1878 1484 1897 1518 θ

324 1575 468 1644 quod
504 1572 644 1627 idem
675 1581 757 1627 est
788 1585 908 1624 cum
940 1568 1032 1623 illo
1061 1565 1381 1637 prophetico
1409 1582 1420 1617 :
1467 1582 1483 1614 ι
1520 1561 1587 1615 Ει
1632 1575 1904 1631 synagoga

327 1666 650 1736 populorum
682 1663 1046 1722 circumdabit
1076 1671 1149 1716 te.
1190 1678 1208 1712 ι
1242 1658 1510 1713 Caeterum
1543 1665 1601 1710 ut
1641 1667 1904 1710 aeternum

329 1775 398 1811 ac
448 1754 681 1828 perenne
740 1768 953 1824 tempus
985 1751 1274 1824 signiﬁcet,
1306 1750 1484 1802 addit:
1521 1766 1539 1798 ‹
1577 1747 1644 1802 Et
1689 1755 1907 1816 propter

2006 539 2347 612 Congregate
2404 541 2479 596 illi
2541 551 2761 596 sanctos
2813 541 2953 608 ejus,
2985 540 3077 611 qui
3116 541 3370 595 ordinant
3421 543 3584 592 testa-

2009 641 2249 686 mentum
2282 633 2400 702 ejus
2440 646 2604 700 super
2643 633 2909 687 sacrilicia
2941 631 3010 686 ⁸⁵.
3043 650 3061 683 ι
3099 631 3167 686 Ει
3195 630 3323 685 alibi
3354 648 3368 686 :
3397 629 3439 679 ἰ
3482 630 3582 684 Se-

2009 723 2114 777 mel
2155 723 2366 779 iocutus
2392 734 2476 780 est
2509 723 2688 789 Deus;
2722 722 2831 777 duo
2876 723 2990 778 haec
3025 723 3246 788 audivi;
3283 740 3300 773 ο
3328 736 3584 792 quaenam

2009 813 2142 868 illa?
2170 817 2220 869 in
2273 826 2416 870 terra
2460 817 2621 880 Deus,
2657 816 2709 870 in
2754 817 2909 871 caelis
2948 817 3132 871 homo.
3168 815 3341 871 Addit
3387 815 3589 871 oratio-

2012 918 2130 957 nem
2167 903 2493 959 coolirmans
2522 923 2534 961 :
2577 923 2595 956 ί
2635 905 2767 972 Quia
2815 916 3054 976 potestas
3088 907 3176 961 Dei
3230 915 3312 960 est
3345 923 3357 960 :
3390 917 3439 960 et
3473 913 3585 970 tua,

2009 994 2270 1063 Domine,
2303 998 2671 1052 misericordia
2707 1015 2721 1051 :
2774 1000 2897 1070 quia
2925 1011 2978 1054 tu
3041 1000 3229 1054 reddes
3292 1001 3589 1068 unicuique

2003 1086 2157 1155 juxta
2191 1103 2352 1157 opera
2387 1102 2480 1142 sua
2509 1089 2576 1142 ⁸⁵.
2618 1108 2635 1140 ι
2672 1089 2917 1160 Eumque
2950 1103 3170 1147 secutus
3203 1092 3404 1147 Paulus
3437 1097 3585 1148 voci-

2010 1178 2219 1234 feratur
2252 1199 2266 1235 :
2311 1198 2328 1231 ε
2375 1181 2429 1233 In
2461 1197 2524 1236 eo
2559 1182 2725 1249 enim,
2764 1183 2815 1236 in
2849 1199 2953 1253 quo
2981 1197 3178 1254 passus
3206 1195 3288 1240 cst
3332 1187 3466 1255 ipse,
3500 1203 3594 1256 po-

2014 1283 2130 1326 tens
2166 1283 2326 1328 estet
2357 1275 2456 1337 eis,
2494 1275 2583 1343 qui
2619 1284 2924 1340 tentantur,
2980 1277 3228 1330 auxiliari
3257 1277 3324 1332 ⁸⁸.
3357 1297 3374 1330 ι
3408 1278 3471 1332 Et
3500 1294 3594 1349 per

2013 1357 2343 1433 Supboniazn
2380 1365 2520 1421 Deus
2567 1366 2728 1420 Pater
2771 1370 3098 1423 confirmat;
3139 1389 3156 1420 ι
3213 1368 3278 1424 Ει
3325 1370 3594 1427 tribuiabo

2011 1458 2259 1514 homines
2291 1468 2344 1512 et
2383 1459 2736 1514 ambulabunt
2770 1472 2826 1514 ut
2856 1464 3001 1528 caeci,
3042 1467 3168 1533 quia
3209 1465 3434 1519 Domino
3467 1482 3595 1536 pec-

2011 1553 2301 1607 caruut".
2339 1571 2355 1604 ι
2393 1551 2649 1608 Videtis?
2688 1569 2790 1609 non
2844 1557 2978 1610 dixit
3030 1574 3043 1610 :
3095 1557 3232 1624 Quia
3282 1559 3410 1612 mibi
3473 1573 3598 1628 pec-

2009 1656 2222 1712 carunt,
2292 1647 2404 1711 sed,
2440 1667 2457 1698 r
2496 1647 2766 1714 Domino;
2801 1668 2818 1700 ο
2874 1650 3200 1715 cbarissiuto
3256 1654 3396 1705 enim
3460 1649 3595 1708 Filio

2012 1752 2198 1806 pmnas
2259 1738 2605 1808 irrogarunt,
2685 1740 2977 1794 secundum
3063 1750 3414 1812 assumptum.
3470 1743 3595 1798 ideo

324 1823 470 1904 hanc
522 1852 799 1919 (causam,
852 1823 949 1898 iob
1001 1823 1186 1899 verum
1252 1855 1442 1909 nempe
1496 1836 1781 1907 judicium)
1856 1836 1908 1890 in
1947 1823 1985 1878 Β
2023 1847 2040 1880 ‹
2080 1829 2348 1881 eliuudam
2396 1829 2714 1896 sanguinem
2757 1844 2943 1883 eorum
3000 1831 3141 1886 sicut
3197 1833 3509 1901 pulverem,
3541 1847 3596 1889 et

325 1944 498 1997 aitum
531 1943 837 2009 regredere,
877 1958 894 1990 ι
927 1939 1227 1993 ostendens
1251 1933 1417 1988 alium
1443 1932 1647 2001 justum
1673 1930 1908 2000 judicem

326 2051 452 2089 esse
498 2035 720 2095 nullum,
768 2033 868 2085 nisi
901 2043 951 2087 te
983 2031 1180 2090 solum,
1220 2027 1310 2096 qui
1349 2026 1501 2095 prius
1531 2024 1596 2077 ad
1631 2022 1908 2076 hominum

325 2131 585 2195 salutem,
613 2139 732 2196 post
764 2127 830 2180 ad
859 2125 1119 2196 judicium
1147 2136 1177 2177 e
1221 2120 1358 2176 cmlo
1389 2118 1717 2174 descendisti
1738 2153 1753 2177 ,
1789 2130 1910 2168 rurv

327 2235 563 2288 sumque
605 2219 657 2272 in
708 2215 878 2270 callos
928 2211 1243 2267 ascendisti.
1292 2209 1527 2279 Ideoque
1578 2207 1912 2263 charus'ille

325 2311 631 2380 discipulus
671 2319 822 2365 tonat
857 2325 870 2362 :
927 2325 946 2357 ι
980 2304 1148 2360 Nemo
1182 2304 1434 2359 ascendit
1470 2303 1520 2354 in
1556 2301 1776 2364 caelum,
1809 2299 1909 2353 nisi

326 2407 423 2476 qui
453 2402 735 2458 descendit
777 2406 840 2456 de
893 2401 1054 2465 cmlo,
1089 2396 1260 2451 Filius
1298 2394 1554 2454 hominis,
1587 2392 1674 2460 qui
1729 2399 1810 2444 est
1858 2390 1910 2442 in

325 2499 470 2553 cmlo
501 2496 566 2548 ⁷⁸.
610 2515 628 2548 ι
678 2493 925 2549 Jeremiac
966 2506 1180 2562 quoque
1223 2489 1338 2544 haec
1374 2501 1498 2543 sunt
1555 2486 1714 2539 verba
1749 2501 1763 2538 :
1800 2502 1817 2535 ‹
1855 2485 1909 2537 ln

328 2601 578 2660 tempore
618 2587 708 2643 illo
741 2586 1008 2642 vocabunt
1061 2583 1362 2640 Jerusalem
1413 2579 1608 2634 solium
1657 2576 1908 2632 Domini:

324 2695 386 2740 et
413 2681 888 2752 congregabuntur
913 2691 1101 2732 omnes
1129 2687 1319 2743 gentes
1357 2674 1421 2728 ad
1453 2688 1572 2726 eam
1608 2670 1676 2723 ⁷⁷.
1715 2687 1731 2721 ι
1767 2668 1909 2735 Quin

327 2785 392 2828 et
449 2773 707 2827 Salomon
741 2770 861 2823 ait:
901 2785 919 2820 ς
963 2767 1184 2838 Repello
1233 2766 1367 2818 iram
1417 2779 1444 2815 a
1491 2762 1653 2815 corde
1700 2770 1816 2823 tuo,
1859 2767 1913 2812 et

327 2867 486 2922 aufer
517 2863 773 2919 malitiam
809 2877 839 2916 a
873 2875 1036 2916 carne
1085 2871 1212 2912 tua:
1258 2870 1540 2926 usquequo
1596 2871 1699 2909 non
1756 2853 1914 2908 obte-

331 2961 621 3014 nebrcscet
654 2957 760 3021 sol,
794 2963 846 3009 et
875 2954 1001 3007 luna
1037 2962 1090 3007 et
1122 2951 1289 3006 stella:
1322 2965 1425 3003 non
1485 2949 1685 3001 dabunt
1732 2947 1910 3000 lumen

333 3066 489 3105 suum
529 3049 596 3101 ⁷³.
639 3065 655 3098 ι
694 3047 762 3100 iis
789 3046 966 3100 verbis
1006 3043 1308 3098 secundum
1361 3038 1561 3094 Christi
1623 3041 1911 3092 adventum

342 3146 586 3207 innuens,
621 3156 745 3195 cum
785 3139 1095 3192 universum
1151 3137 1254 3188 hoc
1300 3147 1460 3188 omne
1504 3132 1826 3199 mutabitur,
1859 3142 1914 3186 et

337 3234 492 3303 quasi
523 3233 840 3301 retingetur.
881 3229 947 3282 Et
977 3227 1144 3280 David
1181 3246 1196 3282 :
1235 3243 1255 3276 ι
1291 3227 1560 3291 Quoniam
1605 3239 1734 3279 ecce
1766 3239 1919 3293 reges

335 3331 496 3375 terra:
527 3318 834 3389 congregati
881 3327 1023 3382 sunt,
1057 3326 1428 3370 convenerunt
1461 3315 1513 3370 in
1550 3330 1714 3368 unum
1752 3331 1767 3369 :
1811 3315 1912 3384 ipsi

333 3414 585 3467 videntes
623 3412 703 3465 sic
736 3408 987 3463 admirati
1035 3418 1193 3473 sunt,
1228 3405 1537 3462 conturbati
1585 3418 1731 3471 sunt,
1767 3421 1918 3461 com-

337 3506 473 3560 moti
509 3515 654 3571 sunt,
688 3513 889 3560 tremor
935 3501 1287 3573 apprehendit
1317 3516 1412 3556 eos
1442 3520 1454 3556 :
1488 3501 1558 3555 ibi
1591 3501 1827 3562 dolores,
1861 3513 1919 3554 ut

334 3599 688 3668 parturientis
729 3598 797 3651 τ’.
841 3616 859 3649 ι
896 3597 960 3650 Ει
992 3596 1243 3650 Μίειιεθθε
1278 3611 1292 3648 :
1333 3612 1350 3645 ι
1393 3594 1530 3649 Ecce
1561 3595 1675 3648 dies
1711 3594 1917 3648 Demini

334 3691 494 3747 venit
553 3690 751 3744 ardens
805 3701 863 3743 ut
912 3688 1207 3743 clibanus:
1259 3696 1309 3741 et
1369 3686 1702 3742 comburet:
1759 3697 1918 3742 erunt

332 3797 531 3838 attines
557 3782 702 3851 impii
729 3792 782 3835 et
809 3792 1138 3850 peccatores,
1167 3780 1308 3834 sicut
1346 3779 1579 3848 stipula;
1615 3791 1667 3832 et
1695 3796 1920 3835 succerr-

334 3879 435 3930 det
458 3890 550 3929 eos
600 3875 712 3930 dies
749 3875 1014 3928 veniens:
1056 3883 1112 3926 et
1165 3889 1271 3927 non
1330 3870 1664 3940 relinquetur
1717 3890 1782 3928 ex
1838 3877 1918 3929 eis

339 3983 556 4033 ramus,
609 3982 786 4036 neque
837 3969 987 4021 radix
1036 3966 1102 4019 '°.
1137 3966 1404 4034 Aggwus:
1445 3983 1462 4016 ς
1510 3967 1700 4020 Adhuc
1749 3967 1918 4022 semel

334 4075 443 4130 ego
477 4061 821 4115 commovebo
843 4073 1028 4114 omnes
1053 4068 1238 4127 gentes
1261 4056 1327 4108 δι.
1357 4075 1373 4107 i
1407 4055 1608 4111 is.iias:
1643 4073 1661 4108 ι
1694 4054 1914 4111 Ιιιᾱιιςιιιι

337 4151 542 4206 cwlum
602 4152 861 4216 tenebris,
895 4159 949 4204 et
1002 4149 1156 4218 quasi
1204 4147 1440 4202 cilicium
1490 4163 1685 4216 ponam
1740 4149 1918 4217 cperi-

339 4251 586 4299 nteutum
614 4241 728 4311 ejus
751 4242 826 4298 ⁸¹.
861 4259 878 4294 ι
915 4240 1082 4295 David
1113 4259 1124 4294 :
1162 4259 1179 4291 ι
1217 4240 1356 4295 Deus
1384 4241 1606 4295 deorum
1658 4242 1917 4296 DOminus

340 4338 559 4390 locutus
591 4344 693 4400 est,
725 4344 778 4389 et
826 4336 1039 4389 vocavit
1089 4343 1289 4388 terram
1338 4349 1366 4386 a
1400 4333 1528 4388 solis
1571 4343 1694 4388 ortu
1749 4349 1917 4404 usque

339 4428 415 4480 ad
458 4441 710 4480 occasum
755 4441 860 4479 :ex
901 4427 1032 4480 Sion
1083 4427 1294 4495 species
1328 4427 1539 4481 decoris
1571 4427 1729 4497 ejus:
1773 4427 1915 4482 Deus

2018 1931 2212 1970 carnes
2257 1931 2442 1970 eorum
2495 1919 2634 1972 sicut
2681 1929 2920 1974 stercora
2975 1921 3134 1974 boum
3169 1939 3182 1977 :
3217 1933 3272 1976 et
3315 1935 3613 1992 argentum

2017 2018 2319 2073 eorum,‘et
2354 2025 2544 2064 aurum
2579 2026 2766 2066 eorum
2814 2013 3081 2067 ventilabo
3116 2027 3368 2085 tanquam
3418 2019 3599 2087 pulve-

2020 2115 2131 2153 rem
2165 2110 2259 2164 ;et
2290 2115 2392 2154 non
2426 2103 2621 2171 poterit
2653 2118 2843 2158 eruere
2871 2119 2968 2159 eos
3001 2105 3054 2158 in
3087 2106 3172 2161 die
3205 2108 3299 2161 irae
3342 2108 3548 2163 Domini
3579 2124 3596 2164 :

2019 2198 2272 2267 quoniam
2333 2199 2382 2250 in
2452 2199 2573 2269 igne
2652 2200 2751 2252 zeli
2817 2199 2933 2269 ejus
2995 2210 3347 2257 consumetur
3420 2206 3600 2260 omnis

2022 2301 2160 2346 terra
2195 2291 2263 2345 ³⁸.
2303 2310 2322 2343 ι
3300 2304 3303 2308 ·

2088 2381 2383 2439 Observate
2417 2400 2568 2452 sane,
2606 2400 2711 2440 non
2743 2388 2828 2442 ait
2863 2405 2874 2444 :
2910 2387 2966 2443 in
2998 2389 3085 2444 die
3126 2390 3218 2445 ira:
3253 2404 3404 2456 meas,
3451 2392 3544 2447 sed
3576 2408 3593 2446 :

2025 2495 2043 2527 ‹
2089 2477 2142 2530 in
2171 2480 2293 2548 igne
2329 2478 2429 2532 zeli
2467 2479 2606 2548 ejus,
2645 2498 2664 2532 ι
2713 2480 2998 2553 Uuigenito
3031 2483 3224 2554 judicii
3262 2493 3586 2554 potestatem

2023 2571 2288 2624 tribuens.
2339 2572 2528 2642 itaque
2581 2582 2634 2626 et
2683 2588 2832 2628 meus
2887 2575 3146 2630 Servator
3191 2577 3313 2631 ait:
3355 2595 3373 2628 ι
3409 2576 3593 2647 Neque

2018 2662 2180 2719 Pater
2205 2666 2408 2732 judicat
2451 2683 2803 2739 quemquam,
2844 2671 2938 2726 sed
2972 2685 3138 2726 omne
3156 2671 3418 2742 judicium
3453 2674 3602 2730 dedit

2022 2754 2158 2810 Filio
2187 2757 2255 2810 ”.
2295 2776 2312 2810 ι
2354 2757 2419 2812 Et
2471 2761 2539 2814 de
2591 2761 2729 2815 Filio
2779 2761 2946 2818 David
2980 2779 2995 2819 :
3031 2786 3048 2814 ι
3085 2763 3230 2833 Ignis
3268 2775 3392 2820 ante
3429 2766 3599 2836 ipsum

2021 2847 2331 2917 praecedet,
2395 2862 2449 2904 et
2516 2851 2873 2908 inﬂammabit
2945 2855 2996 2909 in
3067 2856 3294 2911 circuitu
3356 2858 3604 2914 inimicos

2019 2940 2138 3010 ejus
2165 2941 2232 2997 ’°.
2272 2961 2290 2994 ι
2330 2944 2406 2998 En
2464 2955 2521 2998 ut
2575 2946 2719 3000 Deus
2767 2947 2960 3001 iterum
3019 2948 3197 3002 veniet
3241 2963 3598 3020 corporatus;

2023 3051 2148 3088 nam
2187 3053 2325 3108 quas
2355 3039 2487 3094 alias
2519 3041 2830 3096 inimicitias
2861 3042 3397 3112 Cbristopdtuerunt
3427 3046 3602 3099 homi-

2027 3146 2121 3185 nes
2147 3132 2405 3202 objicere,
2436 3139 2731 3187 secundum
2761 3135 2998 3190 divinam
3027 3138 3140 3205 ejus
3165 3147 3216 3192 et
3242 3137 3599 3191 immortalem

2029 3234 2301 3290 naturam,
2363 3226 2464 3279 nisi
2528 3227 2764 3281 humana
2822 3228 3105 3296 supplicia,
3158 3243 3277 3298 qua:
3325 3245 3355 3282 a
3406 3228 3603 3285 ludatis

2028 3315 2328 3369 sustinuit?
2369 3315 2712 3385 Quapropter
2766 3333 2844 3372 vae
2895 3319 3040 3374 illius
3092 3319 3326 3375 inimicis
3380 3335 3440 3375 ea
3489 3316 3600 3377 die.

2026 3409 2172 3462 idem
2210 3424 2426 3463 rursum
2460 3425 2473 3462 :
2506 3427 2524 3459 ι
2558 3411 2974 3465 Aununtiabunt
2998 3411 3121 3466 εωιὶ
3151 3411 3418 3480 justitiam
3447 3415 3598 3486 ejus:

2027 3500 2287 3571 quoniam
2345 3500 2487 3557 Deus
2537 3501 2704 3572 judex
2759 3515 2836 3558 est
2865 3504 2933 3559 ⁹¹.
2969 3524 2989 3558 ι
3047 3504 3296 3561 Ezechiel
3357 3522 3482 3562 vero
3528 3509 3607 3563 sic

2029 3595 2193 3647 habet
2229 3611 2244 3650 :
2288 3613 2306 3646 ι
2341 3593 2706 3666 Consurgant,
2761 3599 3053 3654 ascendant
3099 3613 3288 3656 omnes
3323 3612 3508 3672 gentes
3551 3603 3603 3656 in

2027 3686 2222 3740 vallem
2246 3684 2537 3757 Josaphat;
2567 3690 2690 3759 quia
2721 3691 2789 3744 ibi
2811 3690 3032 3755 sedebo,
3067 3699 3124 3744 ut
3146 3691 3384 3761 judicent
3415 3709 3602 3750 omnes

2026 3789 2215 3849 gentes
2252 3780 2306 3835 in
2339 3782 2590 3836 circuitu.
2632 3783 2876 3838 Emittite
2912 3783 3101 3852 falces,
3139 3787 3394 3857 quoniam
3426 3798 3603 3843 matu-

2027 3877 2168 3929 ravit
2213 3877 2437 3943 messis;
2496 3877 2734 3944 introite,
2789 3879 3029 3945 calcate,
3083 3880 3208 3948 quia
3259 3879 3473 3950 plenum
3527 3895 3608 3938 est

2026 3969 2264 4022 torcular
2304 3985 2320 4034 ;
2361 3970 2664 4024 redundant
2714 3971 3024 4038 toreularia,
3067 3973 3192 4042 quia
3242 3973 3442 4043 repleta
3482 3987 3608 4030 sunt

2025 4060 2166 4114 mala
2199 4077 2408 4117 eorum.
2441 4060 2665 4117 Sonitus
2689 4063 2925 4118 exauditi
2955 4073 3079 4118 sunt
3108 4066 3161 4119 in
3188 4066 3327 4121 valle
3351 4066 3605 4135 iustitiae:

2025 4153 2105 4208 soi
2138 4163 2191 4208 et
2225 4154 2347 4207 luna
2379 4152 2898 4220 obtenebrabuntnr,
2949 4168 3003 4209 et
3042 4156 3213 4211 stellae
3243 4157 3493 4213 occidere
3525 4158 3606 4212 fa-

2023 4248 2170 4301 cient
2197 4245 2540 4313 splendorem
2583 4261 2786 4300 snum:
2828 4245 3085 4302 Dominus
3126 4256 3306 4304 autem
3357 4247 3427 4302 de
3475 4248 3605 4303 Sion

2025 4338 2302 4402 clamabit,
2340 4347 2394 4392 et
2445 4339 2512 4392 de
2554 4335 2855 4392 Jerusalem
2897 4338 3045 4393 dabit
3086 4353 3272 4392 vocem
3328 4354 3524 4396 suam:
3557 4343 3620 4394 et'

2027 4430 2334 4484 movebitur
2371 4429 2568 4482 cmlum
2605 4439 2659 4482 et
2694 4439 2840 4483 terra
2872 4468 2887 4484 .
2919 4428 3182 4484 Dominus
3211 4442 3388 4484 autem
3423 4443 3610 4500 parcet

343 4517 634 4574 manifeste
659 4518 952 4573 veniet‘h
979 4517 1121 4582 Non,
1153 4529 1208 4571 ut
1239 4529 1733 4584 aute,mausuctus,
1762 4519 1916 4587 quasi
1953 4563 1998 4617 υ
2028 4522 2223 4591 populo
2278 4537 2377 4575 suo
2401 4522 2468 4575 θ’.
2506 4539 2524 4572 ι
2583 4520 2651 4575 Ει
2701 4520 2917 4576 Moses:
2955 4540 2974 4574 ι
3024 4519 3298 4577 Judicabit
3351 4519 3610 4579 Dominus

349 4612 508 4666 luitis
536 4626 733 4682 agnus,
763 4609 917 4680 quasi
959 4621 1107 4682 gutta
1141 4611 1338 4665 leniter
1367 4612 1421 4665 in
1454 4612 1622 4665 vellus
1660 4609 1918 4677 deﬂuens,

345 4704 508 4773 quasi
540 4705 657 4757 ovis
685 4705 752 4757 ad
785 4705 982 4758 caedem
1024 4712 1311 4772 pertracta,
1345 4715 1399 4757 et
1444 4707 1593 4772 quasi
1643 4718 1812 4773 agnus
1843 4705 1924 4758 in-

347 4810 556 4850 nocens
586 4794 867 4849 ducendus
896 4795 958 4847 ad
990 4795 1259 4848 victimam
1284 4811 1299 4861 ;
1331 4796 1424 4849 sed
1454 4797 1689 4865 gloriose
1719 4797 1919 4861 veniet,

346 4891 407 4945 id
441 4897 544 4952 est,
573 4887 740 4956 regie,
782 4897 944 4955 atque
975 4896 1031 4940 ut
1073 4886 1236 4948 Deum
1279 4889 1452 4952 decet,
1477 4881 1730 4956 angustis
1758 4890 1923 4956 stipa-

351 4993 446 5034 tus
481 4977 707 5048 angelis,
738 4980 1052 5045 cunctisque
1083 4977 1253 5047 copiis
1280 4979 1589 5032 coelestibus
1610 4980 1922 5045 comitatus,

350 5075 424 5128 ab
447 5073 593 5128 omni
638 5073 963 5135 aeternitate,
994 5074 1044 5125 in
1078 5087 1401 5140 omnemque
1440 5073 1823 5133 mternitatem,
1871 5085 1926 5126 et

347 5168 578 5234 insuper
625 5179 878 5235 regnans.
928 5163 1092 5234 Igitur
1162 5183 1180 5215 ι
1220 5167 1397 5218 veniet
1445 5163 1584 5218 Deus
1621 5176 1822 5229 noster,
1870 5176 1922 5218 et

349 5274 463 5314 non
491 5256 674 5310 silebit
703 5272 718 5310 :
755 5258 895 5326 ignis
929 5258 983 5309 in
1028 5266 1320 5325 conspectu
1348 5258 1464 5322 ejus
1498 5258 1833 5322 exardescet,
1869 5269 1924 5313 et

349 5343 409 5410 in
439 5338 670 5408 circuitu
699 5350 817 5420 ejus
847 5361 1136 5420 tempestas
1164 5351 1360 5403 valida.
1398 5350 1699 5406 Advocabit
1724 5352 1918 5405 coelum

427 5613 473 5644 "'
504 5610 690 5666 Matth.
718 5627 841 5678 xxv,
867 5611 954 5666 51.
1059 5612 1105 5642 ⁷⁸
1135 5610 1290 5664 Joan.
1323 5626 1400 5675 ιιι,
1433 5611 1515 5664 I5.

352 5684 403 5717 σο
435 5681 659 5736 nancti.
696 5699 748 5746 v,
786 5684 836 5737 t.
946 5683 990 5714 ιι
1039 5683 1170 5752 Agg.
1208 5698 1264 5735 ιι.
1301 5682 1389 5735 es.
1505 5683 1548 5710 κ’
1576 5680 1759 5752 usei,
1787 5678 1838 5752 5,

351 5757 405 5788 ⁸⁸
434 5755 596 5808 Hebr.
627 5753 682 5819 2,
713 5753 798 5807 i8.
878 5753 922 5786 ⁸⁷
951 5749 1116 5822 Soph:
1149 5769 1184 5816 ι,
1214 5753 1299 5804 l7.
1403 5752 1448 5784 ⁸⁸
1483 5752 1607 5804 ibid.
1642 5750 1728 5812 18,

352 5827 404 5861 ⁸³
445 5824 554 5878 imo
591 5823 701 5880 Juel
745 5840 825 5891 ιιι,
868 5825 1048 5881 iit-lii.
1155 5825 1197 5855 θ’
1238 5822 1388 5877 Deut.
1421 5840 1586 5885 nx“,
1623 5823 1708 5875 36.

1623 5610 1664 5641 '”
1689 5605 1888 5692 Jersnt.
1914 5621 1996 5707 tt:g
2020 5607 2114 5707 37.

1950 5676 2163 5730 “Psal.
2199 5691 2346 5738 χιιι,
2385 5674 2433 5728 1.

1927 5748 1972 5778 ⁸⁸
2007 5748 2162 5802 Joan.
2201 5762 2254 5810 ν,
2296 5747 2385 5800 22.

1785 5819 1829 5850 ³⁵
1861 5818 1900 5872 ΙΙ
1936 5817 2109 5872 Much.
2145 5832 2239 5882 vtt,
2284 5819 2351 5882 δι
2390 5814 2524 5870 Psai.
2563 5830 2780 5882 cxxxtv,
2817 5813 2900 5868 ii.

2032 4611 2286 4681 potnilnm
2322 4627 2479 4666 suum
2517 4627 2532 4665 :
2566 4619 2619 4665 et
2652 4610 2707 4664 in
2745 4611 2915 4666 servis
2948 4612 3062 4667 suis
3091 4614 3462 4667 consolabitttr
3484 4617 3550 4668 ⁸³.
3585 4635 3602 4664 ι

2034 4707 2224 4760 Servor
2254 4705 2532 4774 appellans
2571 4713 2807 4768 sanrtos,
2860 4703 2951 4773 qui
2991 4713 3044 4759 et
3090 4704 3418 4758 meditantur
3449 4705 3611 4773 justi-

2033 4802 2137 4853 tias
2166 4799 2304 4867 ejus,
2346 4807 2397 4852 ct
2433 4797 2640 4851 faciunt
2673 4797 2923 4851 mandata
2969 4796 3110 4865 ejus.
3151 4795 3409 4863 Populum
3454 4808 3610 4851 vocat

2035 4896 2230 4961 impios
2257 4901 2314 4946 et
2344 4902 2600 4946 nocentes
2629 4901 2943 4960 peccatores
2974 4904 2988 4942 :
3032 4890 3171 4943 unde
3200 4890 3297 4944 hos
3322 4889 3606 4957 judicabit,

2035 4987 2089 5039 in
2121 4986 2226 5038 illis
2255 4983 2627 5038 consolabitur
2652 4982 2720 5035 ³⁵.
2760 4981 2926 5034 Isaias
2965 4980 3078 5033 bam
3109 4980 3181 5033 ita
3219 4983 3564 5048 prosequitur
3594 5001 3603 5029 :

2034 5097 2052 5132 ι
2095 5079 2240 5133 Ecce
2277 5077 2536 5130 iiorninus
2562 5076 2702 5129 sicut
2733 5075 2875 5143 ignis
2896 5074 3095 5134 veniet,
3130 5082 3182 5125 et
3212 5071 3351 5125 sicut
3375 5071 3607 5140 procella

2028 5184 2223 5223 currus
2254 5167 2389 5235 ejus,
2443 5169 2665 5220 reddere
2715 5165 2768 5218 in
2806 5164 2989 5219 furore
3039 5164 3294 5218 ultionem
3342 5177 3518 5226 suam,
3556 5175 3608 5217 et

2030 5261 2450 5329 increpationem
2483 5273 2636 5312 suam
2678 5255 2730 5311 in
2762 5254 2975 5310 [intuma
3009 5256 3187 5322 ignis;
3232 5255 3282 5308 in
3320 5255 3440 5324 igne
3462 5256 3615 5309 enim”

2027 5351 2242 5406 Domini
2271 5349 2605 5421 judicabitur
2637 5349 2816 5404 omnis
2847 5361 2988 5402 terra
3019 5347 3085 5400 ”.
3125 5365 3142 5397 ι
3188 5345 3354 5400 David
3387 5360 3402 5401 :
3434 5364 3453 5397 ‹
3490 5345 3606 5400 ιω-

2223 5605 2267 5635 ’⁸
2304 5603 2448 5658 Eccl.
2484 5619 2560 5666 χι,
2603 5603 2699 5667 i0;
2735 5618 2831 5668 xu,
2860 5601 2914 5660 2,
3027 5602 3067 5631 τῖ’
3108 5599 3244 5653 Psai.
3277 5615 3442 5661 XLVII,
3469 5600 3522 5665 5,
3548 5613 3601 5655 ο.

2237 5691 2321 5705 ..ν
2385 5674 2405 5705 ι
2505 5673 2680 5705 ιιιιιιιι
2738 5672 2771 5705 ’ζ
2835 5673 2856 5705 ι
2979 5671 3026 5705 85
3059 5669 3176 5705 βαι
3239 5687 3327 5705 ιν.
3389 5672 3453 5705 μ)
3511 5671 3574 5705 ιπ

2505 5673 2706 5728 l"ibid.
2737 5672 2791 5737 5,
2830 5673 2882 5726 4.
2979 5671 3026 5705 ⁸⁵
3057 5669 3200 5725 Psai.
3239 5687 3354 5731 LXI,
3389 5672 3473 5734 i2,
3511 5671 3599 5727 1ῖι.

2463 5744 2506 5822 ’f
2545 5744 2688 5799 Psat.
2730 5759 2891 5822 Lata.
2930 5742 3020 5822 '5.”
3064 5744 3116 5822 _°’
3163 5744 3305 5795 Psal.
3348 5756 3507 5822 χιιι,
3548 5745 3599 5796 l5.

2979 5815 3020 5845 “
3062 5813 3165 5870 lsa.
3197 5827 3340 5879 Lavi,
3377 5812 3461 5868 15.-
