3988 6284
495 370 601 432 919

493 585 547 631 et
576 576 855 646 plenitudo
888 574 1009 645 eius
1042 592 1056 629 :
1088 574 1396 646 gaudebunt
1427 575 1625 644 campi,
1665 583 1721 628 et
1746 573 1926 627 omnia
1950 587 2071 642 quia

497 669 549 720 in
580 668 659 722 eis
687 677 833 724 sunt.
870 665 1022 721 Tunc
1052 665 1400 721 exsultabnnt
1431 668 1611 721 omnia
1638 665 1779 734 ligna
1811 664 2068 719 silvarum

496 776 526 814 a
558 760 693 814 facie
727 757 965 825 Domini,
1002 758 1127 827 quia
1159 758 1343 812 venit:
1378 757 1633 827 quoniam
1659 755 2072 824 venitju‘dicare

497 867 721 905 terram.
765 849 1042 905 .ludicabit
1070 848 1256 903 orbem
1288 861 1449 909 terra:
1483 850 1536 903 in
1571 849 1845 917 aquitate,
1891 857 1943 902 et
1977 863 2072 917 po-

496 943 649 1010 pulos
685 944 737 995 in
771 942 999 996 veritate
1034 956 1130 995 sua
1155 940 1225 996 ".
1265 959 1285 993 ι
1326 940 1499 1006 itane,
1543 939 1735 996 vates?
1778 954 1897 994 cum
1929 953 2073 994 mor-

499 1034 633 1087 tales
656 1049 843 1088 omnes
874 1035 1094 1087 horrere
1123 1042 1287 1103 atque
1317 1034 1381 1087 ad
1414 1032 1508 1087 Dei
1532 1041 1811 1103 aspectum
1844 1040 2074 1086 tremere

495 1126 586 1179 alii
620 1129 899 1196 propheta:
930 1127 1252 1196 praedicant,
1283 1135 1337 1182 tu
1366 1126 1587 1191 caelum,
1630 1135 1850 1191 terram,
1881 1123 2071 1190 saltus,

498 1229 659 1287 atque
692 1218 858 1273 colles
893 1219 1132 1289 gaudere
1166 1235 1229 1274 ac
1259 1233 1424 1274 ovare
1440 1219 1631 1274 canis?
1663 1217 1827 1284 Sane,
1862 1217 2070 1286 inquit:

496 1310 631 1365 Nam
667 1313 890 1366 veniens
925 1311 1067 1367 Deus
1112 1312 1178 1365 iis
1211 1311 1301 1383 qui
1330 1326 1388 1367 se
1435 1321 1493 1365 ut
1540 1312 1703 1366 Deum
1734 1311 2072 1381 agnoverint,

496 1412 551 1458 ct
576 1416 846 1474 praecepta
878 1403 1234 1470 servaverint,
1263 1404 1745 1467 immortalitatem,
1775 1418 2072 1473 perennem

495 1497 686 1561 vitam,
725 1507 887 1568 atque
926 1512 1149 1568 regnum
1185 1497 1481 1567 largietur;
1524 1498 1666 1553 dicet
1695 1498 1835 1552 enim
1872 1513 1884 1550 :
1917 1516 1935 1547 ‹
1972 1497 2076 1552 Ve-

497 1588 634 1654 nite,
669 1588 930 1643 benedicti
968 1586 1144 1643 Patris
1181 1591 1305 1655 mei,
1340 1589 1608 1659 possidete
1629 1600 1876 1657 paratum
1910 1588 2059 1644 vobis

498 1694 724 1749 regnum
767 1694 794 1732 a
829 1679 1218 1735 constitutione
1256 1680 1437 1734 mundi
1463 1678 1533 1735 ’⁷.
1566 1697 1585 1731 ι
1621 1678 1771 1745 Quod
1810 1680 1855 1734 si
1888 1693 2077 1733 omnes

498 1772 697 1841 campi,
734 1780 1052 1841 cunctaaque
1100 1772 1326 1827 arbores
1367 1772 1645 1827 silvestres
1687 1771 1995 1841 gaudebunt
2023 1777 2076 1826 et

1717 366 1813 425 AN
1822 364 2028 427 DRON
2042 364 2143 425 lCI
2183 360 2528 425 COMNENI

409 521 412 524 .
494 494 675 538 tettlul‘
705 481 851 547 coeli,
890 490 946 537 et
988 480 1221 537 exsultet
1252 488 1394 537 terra
1427 496 1443 534 :
1473 490 1882 538 commoveatur
1916 493 2065 534 mare
2094 486 2141 543 Α
2169 476 2287 533 fore
2310 515 2325 541 ,
2383 485 2438 531 et
2475 485 2816 546 peccatorem
2874 475 2929 531 in
2974 475 3256 549 aeternum)
3312 476 3719 537 comburcudum

3622 363 3718 429 920

2170 575 2446 625 servatum
2477 568 2591 640 (53)
2633 570 2700 625 iri
2727 569 2771 626 '.
2810 587 2829 623 ι
2865 568 2931 625 Et
2962 568 3015 624 id
3047 569 3266 640 quidem
3294 569 3562 643 integrum
3590 586 3725 627 nian-

2171 674 2378 724 surum,
2421 668 2477 719 et
2523 670 2863 729 peccatorem
2916 662 2968 715 in
3012 670 3272 716 aeternum
3320 661 3723 719 comburendum

2173 761 2503 805 reservatum
2542 752 2629 807 iri.
2678 750 2827 807 Licet
2871 752 2972 821 ipsi
3027 751 3162 811 illud
3204 752 3350 823 quod
3407 768 3511 808 non
3546 753 3729 810 confu-

2173 854 2284 898 tnat
2314 844 2452 916 (5i),
2472 853 2525 899 et
2545 860 2759 910 semper
2790 845 2842 899 in
2859 844 3071 904 ﬂamma
3093 845 3345 912 retineat,
3366 856 3728 918 argumentum

2172 936 2368 993 salutis
2411 946 2464 995 et
2501 937 2837 995 remissionis
2890 936 3242 994 arbitrentur.
3300 938 3357 992 Si
3406 951 3533 992 vero
3584 938 3732 992 dictis

2173 1025 2344 1081 sancti
2376 1025 2527 1081 Pauli
2562 1027 2639 1083 sic
2679 1028 3057 1092 adversantur.
3091 1037 3168 1095 et,
3221 1036 3280 1082 ut
3307 1042 3413 1083 non
3442 1027 3730 1099 Oportebat,

2173 1118 2583 1186 contradieant,
2656 1129 2835 1175 tamen
2909 1136 2937 1177 a
3013 1129 3203 1179 sancto
3274 1121 3473 1177 Davide
3560 1123 3734 1176 redar-

2174 1218 2429 1281 guuntur.
2470 1212 2563 1267 Sic
2595 1213 2739 1267 enim
2792 1212 2906 1284 ipse
2951 1213 3136 1269 docuit
3193 1225 3414 1284 aperte,
3470 1212 3734 1271 confusio‘

2174 1318 2322 1369 nem,
2352 1313 2407 1359 et
2451 1306 2943 1377 conturbationem,
2998 1316 3053 1363 et
3104 1307 3160 1364 in
3216 1306 3487 1363 infernum
3520 1321 3739 1364 conver-

2176 1395 2386 1451 sionem
2442 1397 2831 1465 sempiternam
2891 1397 3049 1464 fore,
3114 1400 3345 1454 mendax
3398 1410 3483 1455 est
3535 1397 3736 1455 illorum

2176 1486 2510 1559 exspectatio
2557 1487 2784 1557 alicuius
2825 1489 2914 1545 vel
2969 1490 3258 1547 levissima
3295 1489 3637 1557 cessationis.
3683 1490 3745 1545 Et

2178 1582 2285 1637 alio
2315 1581 2522 1651 psalmo
2552 1582 2764 1653 quidem
2797 1584 2928 1645 dicit
2958 1603 2969 1637 :
3001 1603 3021 1635 ι
3054 1584 3315 1652 Quoniam
3342 1586 3582 1656 probasti
3625 1600 3735 1651 nos,

2176 1674 2360 1732 Deus:
2392 1676 2517 1747 igne
2561 1692 2663 1732 nos
2700 1678 3030 1733 examinasti
3079 1677 3224 1734 sicut
3274 1678 3619 1733 examinatnr
3663 1692 3745 1730 ar-

2182 1779 2401 1843 gentum
2431 1783 2447 1823 :
2482 1768 2747 1826 induxisti
2782 1784 2881 1824 nos
2918 1770 2971 1825 in
3002 1769 3276 1838 laqueum,
3319 1770 3548 1839 posuisti
3588 1768 3747 1825 tribu-

498 1864 735 1917 ovabunt
757 1902 772 1928 ,
811 1871 866 1915 at
898 1862 949 1916 in
981 1862 1160 1931 priore
1196 1862 1452 1929 adventu,
1481 1872 1609 1917 tunc
1638 1862 1779 1916 enim
1802 1860 2076 1932 gaudium,
2112 1835 2153 1890 Β
2182 1860 2412 1917 lationes
2444 1861 2496 1915 in
2528 1862 2694 1917 dorso
2728 1871 2951 1930 nostro;
2984 1862 3285 1932 imposuisti
3316 1861 3566 1918 homines
3594 1878 3747 1932 super

501 1963 557 2008 et
577 1954 883 2008 ovationem
909 1955 1087 2009 omnia
1121 1967 1275 2009 nacta
1300 1966 1422 2009 sunt
1452 1964 1736 2009 :caeterum
1762 1955 1815 2007 in
1840 1953 2079 2007 secundo

498 2044 626 2114 justi
660 2044 923 2097 duntaxat
958 2043 1025 2099 iis
1056 2044 1352 2113 potientur.
1379 2040 1660 2113 Siquidem
1692 2039 2077 2103 exsecrabiles,

501 2144 664 2205 atque
716 2135 768 2189 in
825 2135 1150 2190 exteriorem
1204 2135 1377 2204 ignem
1430 2137 1721 2199 abeuntes,
1781 2133 2076 2203 ingentem.

502 2226 935 2293 intolerabilem,
988 2228 1315 2282 acerrimam
1374 2226 1762 2281 ustulationem
1820 2225 2074 2281 sentient.

503 2319 689 2385 Quare
723 2336 845 2375 cum
896 2321 1049 2389 dicit,
1114 2339 1132 2373 ι
1170 2320 1308 2387 Quia
1348 2318 1519 2398 venit,
1558 2337 1578 2370 ι
1614 2317 1845 2388 priorem
1875 2319 2080 2372 adven-

505 2426 620 2467 tum
657 2413 961 2483 signiﬁcat;
999 2429 1121 2469 cum
1159 2413 1383 2483 repetit,
1443 2430 1461 2463 ι
1502 2411 1767 2479 Quoniam
1815 2413 1962 2465 venit
1994 2409 2083 2480 ju-

502 2507 685 2561 dicare
740 2515 964 2575 terram,
1000 2524 1021 2560 ι
1078 2507 1309 2564 alterum
1374 2512 1770 2575 reprmscntat,
1831 2517 1937 2573 quo
1975 2518 2081 2556 non

505 2598 729 2653 libertas
766 2609 930 2670 atque
976 2598 1144 2667 salus,
1186 2599 1281 2655 sed
1333 2597 1610 2652 damnatio
1654 2611 1717 2651 ac
1761 2597 2082 2665 supplicium

503 2702 713 2762 agetur.
752 2689 885 2744 Nam
942 2690 1169 2747 Creator
1226 2700 1280 2746 et
1334 2689 1594 2744 Dominus
1638 2705 1760 2743 cum
1817 2688 2084 2742 inclinans

477 2786 673 2841 ecrelos
717 2787 1015 2855 descendit,
1066 2802 1131 2841 ac
1174 2785 1560 2855 benignitatem
1608 2801 1761 2842 suam
1793 2784 2081 2855 probavit;

506 2897 618 2938 tum
668 2883 733 2937 de
784 2883 1135 2947 humanitate,
1182 2890 1295 2937 tum
1343 2881 1413 2938 de
1441 2882 1646 2952 judicio
1680 2891 1909 2937 testatus
1940 2890 2070 2935 est:

507 2978 577 3030 de
604 2975 692 3029 illa
725 2989 847 3031 cum
876 2976 953 3030 ait
980 2993 994 3031 :
1025 2993 1044 3027 ι
1079 2975 1180 3043 Qui
1200 2974 1369 3030 credit
1394 2974 1447 3029 in
1472 2990 1577 3039 me,
1599 2974 1811 3030 etiamsi
1842 2984 2086 3027 mortuus

504 3066 691 3135 fuerit,
724 3068 870 3121 vivet
903 3084 917 3121 :
953 3076 1008 3122 et
1042 3068 1219 3127 omnis
1264 3067 1356 3136 qui
1411 3068 1543 3121 vivit
1579 3074 1633 3120 et
1670 3065 1846 3121 credit
1883 3065 1935 3118 in
1971 3078 2077 3130 me,

2183 1953 2359 2024 capita
2384 1962 2599 2009 nostra.
2631 1953 3009 2010 Transivimus
3038 1971 3135 2024 per
3168 1956 3343 2026 ignem
3376 1965 3430 2010 et
3462 1970 3678 2026 aquam,
3700 1964 3749 2011 et

2182 2046 2443 2104 induxisti
2500 2062 2599 2101 nos
2634 2047 2685 2101 in
2723 2046 3131 2119 refrigerium".
3168 2065 3188 2099 ι
3231 2048 3336 2107 Sed
3390 2048 3477 2104 hic
3527 2056 3746 2103 tantum.

2183 2140 2299 2197 Non
2332 2143 2476 2197 enim
2506 2142 2607 2198 nisi
2641 2143 2808 2197 solam
2840 2143 3122 2211 praesentis
3154 2142 3277 2196 vita:
3312 2142 3749 2211 inaequalitatem.

2181 2244 2237 2289 et
2272 2234 2631 2289 humanarum
2681 2249 2863 2293 rerum
2910 2234 3342 2299 conversionem,
3387 2249 3450 2290 ac
3485 2233 3750 2289 vicissitu-

2185 2327 2365 2383 dinem
2399 2326 2466 2383 iis
2497 2328 2676 2384 verbis
2721 2327 3039 2385 declaravit.
3089 2326 3189 2385 Hic
3233 2343 3420 2384 eorum
3466 2328 3751 2398 perniciem

2183 2414 2524 2485 exploratius
2573 2417 2975 2482 demonstrans,
3014 2417 3241 2477 subdit:
3274 2436 3293 2470 α
3330 2416 3397 2472 Et
3434 2426 3755 2488 cognoscant

2186 2509 2310 2578 quia
2360 2523 2557 2563 nomen
2592 2511 2688 2565 tibi
2741 2510 3044 2567 Dominus:
3076 2520 3129 2566 tu
3169 2510 3317 2567 solus
3358 2512 3677 2567 Altissimus
3705 2512 3752 2565 in

2185 2598 2330 2653 omni
2376 2589 2593 2652 terra".
2630 2618 2649 2651 ι
2692 2598 2773 2653 Tu
2801 2599 2948 2653 solus
2982 2615 3270 2669 supremus
3311 2614 3391 2664 es,
3434 2601 3527 2666 qui
3557 2598 3698 2654 solus
3728 2612 3755 2652 e

2186 2690 2455 2759 supremis
2474 2692 2827 2753 descendisti,
2855 2692 3108 2761 solusque
3129 2693 3264 2749 citra
3294 2702 3583 2762 peccatum
3609 2692 3755 2745 homo

2184 2782 2383 2850 factus,
2414 2784 2481 2839 ab
2512 2783 2660 2837 omni
2694 2785 3003 2837 aeternitate
3037 2782 3297 2837 Dominus
3343 2793 3395 2835 et
3433 2782 3606 2836 totius
3640 2782 3755 2836 uni-

2186 2876 2329 2933 versi
2357 2892 2449 2931 rcx
2484 2889 2647 2947 atque
2672 2876 2813 2931 Deus
2838 2892 2918 2931 es.
2944 2876 3224 2931 Consonat
3255 2875 3440 2930 Davidi
3473 2876 3541 2929 de
3562 2888 3757 2930 aeterno

2186 2969 2450 3040 supplicio
2475 2978 2527 3022 ct
2551 2968 2724 3026 Isaias
2757 2987 2770 3023 :
2808 2986 2828 3022 ‹
2863 2967 3056 3023 Veniet
3099 2967 3279 3022 omnis
3311 2982 3459 3030 caro,
3492 2979 3551 3020 ut
3579 2970 3755 3022 adoret

2187 3060 2242 3115 in
2284 3069 2579 3129 coiispectu
2642 3074 2759 3115 meo
2819 3060 2874 3115 in
2927 3059 3250 3123 Jerusalem,
3301 3059 3429 3112 dicit
3482 3060 3754 3113 Dominus.

504 3173 612 3210 non
643 3156 901 3211 morietur
923 3157 975 3210 in
990 3165 1250 3210 teternum
1275 3155 1340 3209 ".
1374 3174 1392 3208 ι
1427 3152 1664 3209 Tandem
1690 3154 1816 3209 alibi
1848 3152 2081 3209 declarat
2109 3191 2150 3249 ο
2192 3152 2255 3207 Ει
2298 3151 2663 3222 egredientur,
2721 3161 2773 3206 et
2824 3153 3084 3206 videbunt
3134 3152 3401 3205 cadavera
3457 3151 3754 3212 hominum.

506 3247 894 3321 benignitatem
927 3265 940 3301 :
978 3264 995 3298 ε
1026 3245 1142 3305 Non
1167 3248 1284 3302 veni
1312 3261 1504 3301 vocare
1533 3246 1736 3316 justos,
1773 3247 1867 3301 sed
1889 3260 2082 3316 pecca-

508 3353 656 3395 tores
688 3341 755 3394 ad
787 3340 1162 3409 paenitentiam
1188 3341 1254 3393 ’9.
1296 3358 1313 3390 ι
1360 3339 1431 3395 De
1459 3340 1665 3410 judicio
1698 3354 1863 3408 agens
1897 3340 1968 3392 ita
1995 3338 2080 3393 lo-

506 3434 732 3509 quitur:
773 3451 791 3484 (
831 3432 887 3487 Si
925 3448 1030 3487 non
1067 3434 1357 3498 venissem,
1390 3442 1442 3487 et
1480 3432 1689 3486 locutus
1730 3433 1949 3486 fuissem
1983 3430 2079 3495 eis,

518 3533 802 3596 peccatum
828 3542 936 3581 non
968 3528 1227 3583 haberent
1254 3542 1265 3578 :
1303 3540 1447 3580 nunc
1471 3534 1649 3579 autem
1683 3524 2085 3579 excusationem

507 3632 615 3673 ron
650 3619 848 3674 habent
888 3619 955 3676 de
995 3626 1216 3688 peccato
1259 3634 1357 3675 suo
1384 3619 1398 3649 ¹
1430 3634 1444 3683 ;
1476 3636 1497 3671 ι
1534 3630 1589 3673 et
1638 3633 1851 3671 rursum
1887 3634 1901 3674 :
1934 3635 1949 3666 ι
1985 3614 2088 3681 Qui

507 3725 596 3767 me
626 3710 903 3782 negaverit
930 3724 1115 3765 coram
1146 3710 1473 3776 hominibus,
1510 3710 1715 3780 negabo
1747 3718 1801 3762 et
1830 3722 1929 3778 ego
1959 3725 2081 3762 eum

509 3814 699 3855 coram
738 3800 902 3856 Patre
937 3814 1096 3867 meo,
1139 3802 1231 3869 qui
1280 3802 1331 3854 in
1382 3801 1533 3855 caelis
1564 3808 1647 3853 est
1670 3802 1713 3849 ί.
1748 3818 1766 3850 ι
1813 3799 1987 3868 Atque
2035 3798 2090 3851 id

508 3907 701 3947 verum
733 3906 857 3948 esse
883 3890 1119 3950 ostendit
1147 3888 1312 3946 Vates
1342 3908 1356 3943 :
1395 3907 1413 3941 ι
1455 3889 1864 3945 Confundantur
1903 3903 2092 3942 omnes

511 3990 600 4059 qui
638 3991 869 4043 adorant
892 3984 1185 4055 sculptilia,
1232 3996 1287 4040 et
1320 3985 1410 4054 qui
1460 3984 1761 4054 gloriantur
1788 3983 1839 4035 in
1870 3981 2092 4037 simula-

511 4081 623 4137 cris
653 4080 768 4137 suis
790 4078 835 4135 ³.
869 4096 889 4130 δ
922 4076 1176 4148 Idemque
1203 4076 1266 4132 de
1296 4077 1509 4147 perdite
1534 4076 1809 4131 sceleratis
1838 4092 1851 4129 :
1885 4095 1903 4128 ί
1930 4075 2095 4145 Imple

511 4171 683 4227 facies
713 4185 901 4227 eorum
942 4168 1261 4239 ignominia,
1293 4180 1348 4223 et
1389 4174 1628 4238 qurerent
1666 4181 1863 4221 nomen
1910 4177 2084 4234 tuum,

511 4262 766 4317 Domine.
815 4260 1155 4316 Erubeseant
1199 4272 1252 4313 et
1294 4261 1684 4312 ronturhentur
1730 4257 1782 4311 in
1837 4258 2091 4312 saeculum

515 4354 697 4411 sreculi
730 4370 747 4408 :
782 4364 836 4407 et
865 4351 1272 4408 confundantur
1304 4362 1356 4405 et
1388 4350 1675 4421 pereant‘.
1714 4367 1732 4400 ι

587 4448 793 4503 Doceut
828 4457 1007 4501 autem
1036 4460 1321 4517 pinnarum
1363 4444 1521 4498 finem
1555 4445 1688 4510 fore,
1744 4451 1797 4497 et
1834 4443 2092 4515 piaculari

2188 3245 2279 3315 qui
2322 3243 2663 3313 praevaricati
2707 3245 2919 3299 suntin
2963 3261 3068 3300 me.
3124 3244 3338 3303 Vermis
3385 3248 3532 3303 enim
3580 3261 3753 3302 eorum

2189 3353 2294 3393 non
2335 3340 2620 3405 morietur,
2652 3350 2709 3394 et
2739 3339 2879 3408 ignis
2907 3356 3092 3394 eorum
3120 3356 3228 3394 non
3267 3342 3650 3411 exstinguetur
3675 3358 3689 3395 :
3711 3352 3757 3395 et

2187 3444 2345 3487 erunt
2387 3434 2439 3486 in
2481 3433 2742 3488 visionem
2789 3434 2936 3489 omni
2986 3435 3205 3491 carni’.
3241 3454 3259 3486 ι
3314 3435 3501 3490 Daniel
3550 3451 3757 3508 quoque

2189 3527 2243 3581 in
2290 3528 2539 3582 eumdem
2592 3528 2808 3582 modum
2866 3528 2933 3583 de
2986 3530 3290 3583 aeternitate
3331 3530 3753 3600 suppliciorum:

2199 3640 2218 3673 ι
2258 3620 2409 3675 Multi
2442 3622 2507 3675 de
2540 3621 2623 3675 bis
2665 3621 2752 3689 qui
2790 3621 3069 3676 dormiunt
3098 3623 3150 3675 in
3195 3632 3352 3676 terra:
3377 3623 3623 3693 pulvere,
3652 3622 3758 3684 evi-

2194 3714 2474 3784 gilabunt:
2511 3712 2601 3767 alii
2634 3713 2686 3767 in
2716 3714 2883 3768 vitam
2915 3726 3197 3780 aeternam,
3250 3724 3305 3769 et
3348 3715 3436 3769 alii
3487 3717 3542 3769 in
3574 3728 3759 3785 eppro-

2193 3809 2369 3862 brium
2420 3816 2475 3861 et
2521 3807 2890 3863 confusiOnem
2962 3816 3240 3862 aeternam.
3298 3808 3362 3863 Et
3410 3808 3762 3877 intelligentes

2194 3900 2475 3972 fulgebunt
2513 3900 2666 3969 quasi
2708 3900 2964 3970 splendor
2993 3901 3321 3955 ﬁrmamenti
3353 3917 3368 3955 :
3415 3912 3470 3956 et
3509 3902 3577 3956 de
3610 3900 3760 3970 justis

2198 3982 2438 4060 plurimi,
2470 3993 2620 4062 quasi
2664 3991 2831 4045 stellae
2862 3992 2916 4046 in
2950 3991 3170 4056 saecula,
3211 4001 3264 4046 et
3298 3991 3434 4047 ultra
3463 3992 3531 4048 “.
3562 4012 3582 4045 ι
3617 3990 3758 4059 Quod

2197 4086 2243 4140 si
2277 4085 2392 4138 haec
2440 4084 2694 4138 vaticinia
2732 4083 2876 4139 dicta
2930 4084 3118 4139 insane
3169 4084 3438 4139 ardebunt
3488 4094 3757 4146 evertere,

2201 4176 2411 4230 Domini
2452 4182 2598 4229 certe
2632 4175 2925 4245 exploratis
2976 4177 3157 4233 verbis
3202 4177 3643 4241 continebuntur,
3676 4189 3761 4228 ne-

2199 4268 2374 4337 gantis
2420 4267 2681 4337 majorem
2719 4282 2841 4322 esse
2896 4268 3029 4323 hero
3082 4283 3325 4332 servum,
3377 4279 3472 4322 aut
3517 4277 3762 4337 praestare

2202 4357 2525 4428 discipulum
2557 4359 2834 4427 magistro.
2862 4356 2956 4411 ille
2986 4357 3129 4412 enim
3161 4359 3379 4429 preprie
3416 4369 3471 4413 ct
3502 4373 3627 4413 vere
3655 4370 3759 4411 ma-

2201 4445 2369 4515 gister
2398 4455 2500 4510 est,
2536 4446 2627 4514 qui
2677 4445 2771 4498 Dei
2822 4454 2876 4499 et
2923 4443 3108 4502 Patris
3154 4447 3520 4512 voluntatem,
3573 4446 3657 4501 cui
3688 4454 3761 4500 est

515 4543 640 4611 igne
670 4545 888 4609 peccata
925 4545 1301 4606 consumptum
1340 4537 1405 4589 iri
1432 4535 1766 4602 existimant,
1796 4551 1859 4590 ac
1890 4536 1969 4589 sic
1998 4533 2094 4588 de-
2130 4568 2173 4629 ι)
2207 4548 2501 4608 potestate,
2529 4549 2584 4591 et
2613 4537 2840 4605 honore,
2866 4546 3029 4609 atque
3060 4550 3250 4593 natura
3281 4556 3399 4609 par,
3434 4554 3538 4594 non
3565 4549 3757 4595 tantum

520 4633 688 4701 nique
721 4631 784 4685 ad
815 4644 1105 4699 perennem
1134 4629 1298 4684 vitam
1321 4637 1483 4696 atque
1512 4627 1839 4697 voluptatem
1865 4627 2096 4686 transire

523 4732 870 4794 exspectant,
905 4722 1361 4793 interpretatione
1397 4722 1539 4775 illius
1576 4720 1731 4775 Pauli
1771 4723 2091 4778 sententiae:

533 4835 551 4867 ι
594 4816 731 4882 Quia
770 4815 823 4869 in
856 4815 978 4885 igne
1004 4813 1365 4879 revelabitur;
1397 4822 1451 4866 et
1495 4814 1923 4884 uniuscujusque
1964 4827 2101 4883 opus

521 4910 683 4980 quale
719 4910 811 4973 sit,
856 4908 995 4980 ignis
1051 4905 1301 4977 probabit
1342 4923 1359 4962 :
1402 4907 1446 4961 si
1489 4902 1651 4974 cujus
1689 4922 1826 4975 opus
1877 4908 2100 4971 arserit,

523 5002 907 5059 detrimentum
952 5001 1228 5069 patietur:
1262 4999 1378 5070 ipse
1420 5010 1599 5053 autem
1636 4999 1815 5055 salvus
1851 5000 1977 5062 erit,
2023 5002 2102 5054 sic

523 5108 702 5149 tamen
726 5094 882 5164 quasi
907 5108 1000 5164 per
1024 5092 1201 5163 ignem
1224 5093 1268 5145 '.
1295 5108 1313 5142 ι
1345 5092 1450 5147 Sed
1475 5091 1590 5162 (52)
1617 5092 1758 5145 enim
1787 5096 2101 5161 neutiquam

524 5182 908 5252 suppliciorum
968 5182 1129 5235 linem
1188 5182 1299 5235 hac
1351 5192 1620 5245 astruunt,
1669 5184 1760 5235 sed
1794 5195 1976 5235 contra
2004 5198 2101 5250 po-

527 5275 637 5331 tius
686 5290 872 5330 eorum
925 5283 1308 5343 augmentum;
1364 5280 1442 5344 (et
1500 5277 1551 5330 id
1614 5277 1830 5344 quidem
1895 5292 2107 5345 semper

600 5457 648 5490 “
686 5454 835 5511 Psal.
880 5470 1002 5520 xcv,
1040 5456 1127 5521 11,
1164 5457 1253 5510 12.
1329 5457 1371 5486 ’⁷
1411 5455 1600 5510 Matth.
1650 5471 1778 5520 xxv,
1821 5458 1911 5512 54.
1986 5456 2033 5491 ⁸⁸
2070 5458 2082 5512 J

600 5528 774 5581 Matth.
816 5544 872 5584 x.
914 5528 1004 5582 55.
1081 5527 1101 5558 ⁸
1130 5526 1275 5580 Psal.
1309 5540 1451 5584 xcvi.
1485 5527 1534 5579 7.
1631 5526 1654 5556 ‘
1690 5527 1833 5582 Psal.
1874 5545 2074 5584 Lxxxn.

2188 5478 2222 5516 ι.
2257 5477 2319 5525 ιι,
2352 5460 2444 5522 25,
2469 5459 2560 5515 26.

2195 5571 2207 5583 .
2298 5532 2319 5562 ⁸
2366 5531 2540 5584 lCor.

2048 5602 2090 5632 ‘°
2125 5602 2259 5656 Dan.
2290 5618 2389 5669 xu,
2420 5602 2476 5667 2,
2520 5605 2573 5656 5.

528 5530 550 5560 '
589 5528 774 5581 Matth.
816 5544 872 5587 x.
914 5528 1004 5582 55.
1081 5527 1101 5558 ⁸
1130 5526 1275 5580 Psal.
1309 5540 1451 5592 xcvi,
1485 5527 1534 5579 7.

531 5602 621 5665 11,
662 5599 747 5652 12.
836 5597 1024 5652 'Psal.
1068 5614 1278 5665 Lxxxn,
1340 5600 1425 5653 19.
1502 5598 1522 5628 ⁸
1555 5596 1659 5651 lsa.
1702 5613 1847 5663 vat,
1880 5602 1968 5653 25.

606 5758 718 5828 (52)
751 5758 1032 5827 lnterpres
1070 5761 1251 5815 omisit
1287 5760 1353 5816 η
1387 5760 1575 5814 lineas.

609 5830 719 5902 (55)
762 5831 833 5883 Τὸ
864 5830 1021 5884 σῶον.

2205 4627 2388 4685 auditu
2430 4630 2654 4683 edoctus
2690 4628 2971 4698 discipulis
3014 4629 3270 4699 prodidit.
3320 4631 3447 4697 Qua:
3477 4641 3562 4686 est
3593 4640 3758 4684 autem

2205 4718 2412 4789 liquida
2449 4719 2756 4775 Servatoris
2783 4721 3096 4775 sententia?
3134 4739 3154 4773 ι
3191 4722 3257 4776 Ει
3295 4723 3444 4777 ibunt
3476 4723 3528 4777 hi
3561 4723 3613 4776 in
3646 4735 3763 4790 sup-

2207 4808 2425 4877 pliciqu
2448 4821 2710 4866 mternum
2738 4811 2824 4886 (de
2848 4813 3097 4867 sontibus
3128 4813 3369 4886 laqueus)
3398 4815 3566 4885 :justi
3594 4825 3758 4869 autem

2212 4903 2264 4956 in
2298 4903 2464 4957 vitam
2499 4915 2757 4960 aeternam
2785 4906 2851 4960 ³³.
2888 4925 2906 4957 ι
2954 4906 3017 4959 Et
3048 4907 3342 4964 Micbaaas:
3376 4926 3396 4961 ί
3439 4909 3577 4965 Ecce
3610 4906 3758 4968 venit.

2212 4998 2346 5051 dicit
2372 4997 2631 5053 Dominus
2664 5001 3009 5069 omnipotens
3040 5018 3054 5055 :
3088 5010 3143 5054 et
3175 5000 3295 5069 quis
3322 5001 3607 5056 sustinebit
3632 5000 3759 5053 diem

2212 5092 2472 5144 adventus
2506 5089 2645 5157 ejus,
2678 5100 2771 5145 aut
2823 5095 2945 5161 quis
3016 5091 3161 5147 ferre
3207 5094 3408 5162 poterit
3458 5103 3512 5147 ut
3554 5089 3760 5161 aspiciat

2212 5183 2380 5237 eum?
2417 5185 2541 5253 quia
2577 5185 2691 5251 ipse
2726 5184 3051 5254 ingreditur,
3088 5187 3243 5256 quasi
3282 5186 3420 5257 ignis
3452 5178 3760 5247 conflatoris,

2215 5287 2268 5327 ιιι
2327 5278 2478 5345 quasi
2535 5276 2704 5331 herba
2746 5277 3065 5332 lavantium.
3126 5279 3350 5335 Sedebit
3409 5278 3661 5343 conflatis,
3710 5283 3760 5330 et

2659 5465 2707 5497 νο
2747 5462 2930 5516 Matth.
2978 5478 3029 5515 tx
3054 5500 3069 5524 ,
3120 5463 3208 5519 15.
3310 5464 3326 5496 ¹
3367 5460 3520 5519 Joau.
3552 5476 3637 5526 xv,
3674 5456 3752 5513 22.

2298 5532 2319 5562 ⁸
2366 5532 2382 5584 ι
2416 5531 2540 5585 Cer.
2581 5548 2663 5598 ιιι,
2702 5533 2784 5589 15.
2834 5533 2917 5585 li.
2998 5535 3019 5564 ⁸
3059 5534 3192 5588 ibid.
3246 5534 3333 5589 15.
3426 5532 3447 5566 ⁷
3484 5531 3622 5589 Psal.
3648 5544 3755 5594 LI":

2298 5618 2389 5668 till,
2420 5602 2476 5667 2,
2520 5605 2573 5656 5.
2653 5607 2696 5637 ἰ
2740 5602 2925 5658 Matth.
2960 5618 3087 5668 xxv,
3126 5604 3211 5661 46.

2295 5762 2404 5834 (54)
2447 5759 2542 5817 Vel
2579 5761 2716 5818 forte
2750 5775 3049 5819 consumat.
