3988 6284
246 393 350 462 921

1311 400 1699 465 DIALOGUS
1737 400 2045 464 CONTRA
2070 397 2402 463 JUDEOS.

3390 398 3496 472 922

243 508 538 564 emundant
580 509 720 567 sicut
771 518 1054 581 argentum
1080 550 1095 578 ,
1150 518 1203 567 et
1246 510 1388 567 sicut
1443 528 1633 569 aurum
1684 514 1750 569 ³⁸.
1796 532 1816 567 ι
1851 523 1896 582 Α
1925 515 2198 571 incoctum
2228 530 2243 567 :
2274 523 2329 569 et
2376 512 2538 566 homo
2587 508 2760 582 magis
2815 509 3112 566 honoratus
3154 512 3285 574 erit,
3322 529 3486 582 quam

243 602 403 670 Quod
432 602 503 657 illi
539 600 757 659 Davidis
788 604 1060 673 gettiinum
1092 612 1175 659 est
1207 621 1225 660 :
1257 622 1277 658 ι
1311 604 1455 675 ignis
1482 614 1615 663 ante
1638 606 1818 676 ipsum

243 696 538 766 praecedet,
604 705 661 753 et
732 697 1088 751 inﬂammabit
1153 698 1206 753 in
1270 699 1504 754 citmitu
1564 698 1821 757 inimicos

240 789 364 858 ejus
389 789 456 844 ".
491 807 511 840 ι
548 787 811 845 Saiomon
844 788 919 843 ita
964 803 1077 843 rem
1114 790 1375 859 proponit
1406 808 1424 846 :
1459 809 1480 843 ε
1520 790 1670 848 Tunc
1702 803 1817 847 sta-

246 880 534 948 buntjusti
573 882 627 935 in
679 896 872 954 magna
903 881 1211 939 constantia
1250 883 1514 939 adversus
1557 899 1675 950 eos,
1726 885 1816 954 qui

239 987 304 1029 se
322 972 856 1043 angustiavertmt,et
877 974 967 1042 qui
1001 972 1339 1030 abstulerunt
1363 973 1573 1031 labores
1601 984 1814 1032 eorum.

242 1064 503 1120 Videntea
533 1064 895 1121 turbabuntur
930 1066 1128 1122 timore
1156 1066 1424 1131 horribili,
1452 1077 1509 1124 et
1539 1068 1819 1125 mirabun~

240 1170 333 1213 tur
365 1162 419 1213 iu
450 1158 785 1214 subitatione
816 1160 1108 1229 imperata:
1130 1160 1327 1217 salutis
1354 1161 1420 1219 ".
1454 1179 1475 1214 ι

312 1282 577 1337 Craterum
618 1278 783 1333 David
818 1295 922 1333 non
966 1279 1229 1347 judicium
1278 1280 1461 1343 modo,
1503 1280 1597 1338 sed
1637 1281 1816 1339 iocum

238 1372 589 1443 adeojudicii
615 1372 877 1443 prodidit,
904 1374 955 1427 in
992 1373 1109 1427 haec
1144 1374 1304 1428 verba
1332 1389 1346 1428 :
1380 1391 1398 1425 ι
1436 1372 1671 1429 Laetatus
1695 1388 1815 1429 sum

236 1467 295 1521 in
348 1468 433 1521 his
479 1482 602 1537 qua:
656 1466 800 1521 dicta
850 1476 978 1522 sunt
1016 1466 1170 1533 mibi,
1228 1467 1281 1520 in
1338 1467 1554 1522 domum
1607 1467 1847 1522 Domini‘

237 1556 486 1613 ibimus:
521 1557 746 1614 Stantes
793 1566 952 1613 erunt
991 1560 1154 1629 pedes
1199 1560 1368 1615 nostri
1424 1561 1474 1612 in
1528 1559 1680 1614 atriis
1711 1560 1817 1615 tuis

238 1647 543 1705 Jerusalem
575 1664 593 1705 :
620 1648 942 1715 Jerusalem,
991 1667 1113 1722 quae
1156 1650 1465 1707 aedificatur
1512 1661 1569 1705 ut
1597 1652 1813 1719 civitas,

235 1742 397 1813 cujus
454 1742 804 1816 participatis
857 1743 979 1810 ejus
1043 1745 1095 1799 in
1151 1744 1420 1814 idipsum;
1479 1744 1607 1799 illuc
1668 1745 1812 1798 enim

231 1836 601 1891 ascenderunt
638 1837 833 1900 tribus.
886 1838 1060 1893 tribus
1114 1837 1376 1905 Domini,
1443 1838 1810 1894 testimonium

1927 603 2065 674 lapis
2090 604 2160 657 de
2188 601 2409 673 Sophia.
2433 600 2645 656 Gaium
2670 600 2816 655 enim
2844 600 3239 671 indignabitur,
3271 610 3327 659 et
3351 612 3494 659 terra

1928 698 2329 754 concutietura
2380 693 2755 749 fundamentis
2803 697 2937 761 suis,
2989 705 3209 764 propter
3258 695 3496 751 furorem

1924 792 2020 848 irae
2055 790 2266 847 Domini
2304 791 2564 858 Sabaoth,
2603 792 2653 845 in
2682 791 2771 845 die
2801 789 2914 857 illa,
2962 805 3083 861 qua:
3124 793 3499 861 supervenerit

1920 884 2079 940 furor
2095 881 2284 953 ejus".
2303 901 2320 935 ι
2348 882 2466 937 Alio
2490 883 2608 937 loco
2630 882 2707 937 sic
2730 882 2869 936 idem
2898 881 3084 936 isthaec
3108 882 3457 951 prosequitur
3482 901 3495 937 :

1928 995 1949 1029 ι
1986 976 2295 1047 Consurget
2341 975 2601 1031 Dominus
2652 975 2889 1030 Sabaoth
2944 975 2997 1029 in
3050 976 3187 1030 valle
3232 975 3495 1031 Gabaon:

1921 1084 2044 1126 cum
2086 1067 2269 1123 furore
2301 1067 2467 1123 faciet
2505 1082 2665 1138 opera
2714 1082 2834 1135 sua,
2877 1068 3253 1122 amaritudinis
3290 1082 3493 1138 opera:

1922 1161 2076 1217 furor
2129 1161 2248 1233 ejus
2308 1160 2487 1218 alieno
2557 1170 2763 1227 utetur,
2838 1171 2895 1217 et
2953 1162 3257 1217 amaritudo
3325 1164 3498 1218 aliena

1919 1263 1976 1309 et
2041 1270 2135 1309 vos
2184 1255 2354 1310 nolite
2407 1255 2599 1323 lzetari,
2660 1269 2835 1324 neque
2880 1255 3256 1311 coui‘ortentur
3284 1258 3497 1312 vincula
3594 1316 3597 1317 ν

1921 1356 2099 1403 vestra
2137 1364 2151 1400 :
2184 1348 2310 1418 quia
2353 1357 2763 1417 consummatas
2806 1356 2861 1402 et
2902 1349 3243 1405 abbreviatas
3286 1364 3373 1405 res
3403 1366 3500 1404 au~

1919 1442 2027 1497 divi
2061 1456 2090 1496 a
2129 1442 2357 1498 Domino
2419 1440 2681 1505 Sabaoth,
2725 1454 2862 1512 quas
2916 1441 3157 1499 facturus
3207 1452 3289 1497 est
3337 1456 3499 1509 super

1918 1550 2137 1592 omnem
2173 1547 2374 1592 terram
2399 1537 2466 1605 ἐ.
2506 1556 2525 1589 ι
2563 1537 2625 1591 Et
2662 1534 2839 1605 capite
2872 1537 3121 1605 sequenti
3152 1537 3269 1592 haec
3298 1536 3494 1596 habet:

1925 1644 1945 1678 ι
1980 1627 2115 1682 Cum
2145 1628 2386 1684 viderint
2411 1643 2576 1700 opera
2624 1644 2780 1694 mea,
2828 1628 3249 1684 sanctiﬁcabunt
3298 1644 3494 1685 nomen

1919 1736 2124 1788 meum,
2159 1729 2214 1777 et
2264 1722 2687 1779 sanctiﬁcabunt
2726 1733 2970 1778 sanctmn
3022 1724 3190 1793 ipsius
3230 1721 3398 1779 Jacob
3442 1736 3499 1779 et

1916 1811 2085 1867 Deum
2136 1814 2304 1869 lsraei
2354 1813 2711 1871 timebunt".
2762 1832 2782 1867 ι
2846 1818 3013 1871 Amos
3067 1815 3181 1870 hac
3232 1814 3493 1884 reliquit:

233 1885 598 1891 ---ην--.νη
641 1885 833 1900 -------,
888 1885 1056 1893 ------
1114 1885 1376 1905 _-.-.--..,

230 1928 422 1997 israei,
473 1931 539 1984 ad
591 1929 954 1986 conﬁtendum
1006 1932 1212 1987 nomini
1253 1932 1506 1988 Domini:
1538 1933 1665 2001 quia
1702 1932 1804 1986 illic

1925 1924 1946 1958 ‹
1980 1905 2347 1973 Quimdiiicat
2376 1909 2432 1961 in
2479 1907 2619 1963 ctelo
2678 1907 3049 1962 ascensionem
3095 1923 3270 1974 suam,
3324 1918 3379 1962 et
3413 1924 3499 1963 se~

231 2022 497 2077 sederunt
531 2022 585 2076 in
610 2022 841 2091 judicio,
873 2024 1032 2077 sedes
1065 2040 1233 2094 super
1258 2026 1477 2078 domum
1512 2025 1677 2078 David
1705 2025 1803 2079 ι’.»

228 2112 301 2169 Et
334 2112 546 2170 Isaias:
587 2134 605 2167 ι
644 2114 797 2170 Tunc
856 2117 1019 2171 stabit
1070 2119 1123 2172 in
1170 2117 1374 2186 judicio
1422 2117 1702 2185 Dominus,
1754 2127 1809 2174 et

225 2214 437 2261 statuet
472 2207 538 2263 ad
578 2208 845 2276 judicium
895 2210 1149 2279 populum
1182 2226 1363 2265 suum.
1396 2207 1511 2279 ipse
1549 2210 1808 2265 Dominus

226 2300 298 2355 ad
320 2298 589 2371 judicium
625 2301 806 2356 veniet
841 2317 962 2355 cum
1011 2300 1318 2365 senioribus
1367 2301 1566 2369 populi,
1602 2310 1653 2355 et
1684 2317 1806 2356 cum

224 2392 570 2466 principibus
614 2394 732 2462 ejus
756 2393 820 2448 “.
855 2412 874 2445 ι
917 2393 981 2447 Et
1009 2408 1227 2448 rursum
1264 2409 1279 2448 :
1320 2412 1337 2445 ι
1378 2392 1501 2448 llaec
1535 2396 1669 2450 dicit
1705 2396 1806 2450 Do-

228 2486 432 2540 minus.
489 2485 582 2539 Die
635 2484 721 2538 illa
778 2484 1057 2539 illucescet
1116 2484 1255 2539 Deus
1304 2485 1356 2537 in
1408 2484 1632 2540 consilio
1681 2498 1805 2538 cum

222 2575 402 2645 gloria
456 2589 617 2641 super
663 2580 892 2641 terram,
944 2585 1001 2629 ut
1037 2575 1244 2630 exaltet
1278 2584 1333 2630 et
1373 2575 1637 2644 gloriﬁcct
1671 2574 1805 2630 resi-

221 2666 394 2720 duum
428 2663 616 2720 Israel.
650 2664 717 2719 Et
745 2667 874 2731 erit,
901 2667 1043 2735 quod
1072 2665 1337 2735 reliquum
1372 2664 1533 2720 fuerit
1563 2667 1615 2719 in
1648 2665 1800 2733 Sion,

217 2768 275 2812 et
305 2758 449 2826 quod
481 2759 807 2812 remanserit
837 2758 890 2812 in
914 2756 1242 2823 Jerusalem,
1269 2759 1442 2813 sancti
1468 2760 1804 2813 vocabuntur

218 2865 414 2906 omnes
454 2850 642 2921 scripti
680 2853 746 2906 ad
783 2852 946 2907 vitam
989 2852 1041 2906 in
1070 2850 1396 2906 Jerusalem.
1435 2850 1628 2905 Abluet
1657 2852 1800 2907 enim

227 2940 491 2997 Dominus
514 2944 730 2997 sordem
756 2942 989 2997 iiiiorum
1014 2953 1066 2998 et
1097 2942 1325 2996 illiarnm
1358 2942 1510 3006 Sion,
1533 2953 1587 2997 et
1607 2957 1803 2997 emun-

219 3033 370 3087 dabit
400 3034 725 3103 sanguinem
757 3036 822 3090 de
846 3036 1025 3089 medio
1053 3049 1243 3089 eorum
1277 3034 1327 3087 in
1359 3036 1554 3103 spiritu
1583 3034 1798 3105 judicii,

225 3133 280 3178 et
308 3124 506 3194 spiritu
567 3127 1048 3182 combustiouis".
1082 3145 1098 3177 ι
1130 3125 1229 3181 Ubi
1292 3142 1390 3195 per
1449 3130 1554 3181 duo
1596 3128 1798 3191 judicia

232 3219 523 3286 requietem
551 3231 713 3287 atque
736 3220 1253 3289 pmnamsigniiicat.
1286 3218 1395 3287 (‘Ei
1417 3223 1595 3275 veniet
1622 3222 1801 3275 Domi.
1830 3258 1872 3315 Ο

225 3324 352 3374 nus,
370 3321 426 3364 et
447 3310 552 3363 erit
574 3312 751 3366 OlltliiS
792 3311 942 3367 locus
984 3313 1181 3368 montis
1211 3310 1365 3378 Sion,
1394 3322 1447 3367 et
1474 3314 1653 3367 omnia
1682 3330 1800 3383 qum

222 3399 277 3455 in
314 3402 545 3456 circuitu
574 3402 690 3473 ejus
735 3413 883 3474 sunt,
918 3405 1263 3459 obumbrahit
1305 3407 1476 3459 nubes
1508 3420 1604 3473 per
1634 3408 1798 3475 diem,

215 3502 274 3549 et
299 3499 558 3563 tanquam
598 3495 769 3562 fumo,
794 3505 847 3550 et
876 3497 992 3551 luce
1027 3497 1165 3567 ignis
1190 3498 1415 3552 ardente
1447 3513 1541 3567 per
1566 3509 1800 3564 noctem,

212 3602 271 3648 et
307 3594 454 3649 omni
497 3578 669 3665 gloria
703 3605 1038 3664 protegctur.
1096 3593 1161 3648 Et
1209 3597 1316 3649 erit
1364 3594 1417 3649 in
1454 3596 1699 3651 umbraut
1731 3598 1800 3651 ab

211 3696 350 3742 aestu
392 3700 487 3755 per
519 3685 685 3749 diem,
735 3694 788 3739 et
833 3686 888 3740 in
934 3688 1355 3755 protectionem,
1388 3696 1442 3741 et
1487 3689 1539 3742 in
1574 3688 1800 3743 abscon-

213 3778 430 3831 siunem
484 3777 551 3830 ah
601 3777 893 3847 asperitate
934 3789 988 3831 et
1022 3777 1199 3848 pluvia
1228 3778 1296 3833 ¹⁸.
1336 3797 1354 3829 ι
1390 3796 1409 3829 ‹
1448 3777 1512 3832 Ει
1546 3779 1798 3833 humilia-

215 3871 366 3925 bitur
398 3866 581 3934 homo,
611 3880 665 3922 et
689 3868 1122 3924 dehonorabitur
1150 3870 1252 3933 vir,
1285 3880 1340 3925 et
1360 3871 1501 3925 oculi
1538 3872 1799 3928 sublimes

214 3963 687 4021 bumiiiabuntur;
725 3971 779 4014 et
822 3962 1152 4017 cxaltabitur
1189 3962 1448 4018 Dominus
1477 3960 1714 4019 Sabaoth
1743 3964 1795 4017 in

211 4058 437 4130 judicio,
460 4067 517 4113 et
538 4057 680 4111 Deus
701 4066 924 4111 sanctus
946 4054 1339 4125 gloriiicabitur
1371 4056 1424 4110 in
1446 4055 1662 4124 justltia
1691 4056 1756 4106 ι’.
1772 4072 1791 4108 ι

213 4156 279 4209 Et
324 4153 451 4209 alibi
484 4171 498 4208 :
531 4172 549 4206 ι
588 4152 760 4222 Prope
809 4162 893 4206 est
948 4152 1062 4207 dies
1109 4150 1342 4215 Domini,
1387 4161 1441 4205 et
1483 4151 1737 4205 contritio
1763 4163 1795 4205 a

211 4246 324 4302 Deo
348 4245 549 4300 veniet.
602 4246 832 4314 Propter
876 4245 975 4299 hoc
1016 4243 1193 4297 omnis
1226 4256 1418 4297 manus
1448 4241 1795 4309 dissolvetur,

213 4348 271 4393 et
300 4338 481 4391 omnis
516 4336 695 4389 anima
749 4334 986 4389 hominis
1032 4333 1364 4388 iormidabit.
1407 4330 1798 4389 Turbabuntur

215 4428 408 4502 legati,
441 4435 498 4481 et
530 4427 745 4481 dolores
780 4441 873 4479 eos
902 4426 1178 4485 tenebunt,
1206 4424 1359 4494 quasi
1397 4424 1641 4479 mulieris
1670 4440 1795 4495 par-

214 4519 477 4576 turientis
508 4538 523 4574 :
559 4527 614 4572 et
644 4516 1010 4572 condolebunt
1039 4515 1177 4570 alter
1208 4517 1274 4571 ad
1317 4515 1572 4581 alterum,
1603 4526 1658 4571 et
1682 4523 1797 4571 stu-

1918 1999 2208 2053 curitatem
2274 2015 2427 2055 suam
2487 2014 2651 2070 super
2699 2008 2900 2054 terram
2965 1997 3155 2053 fundat
3204 2017 3218 2054 :
3261 2000 3354 2069 qui
3406 2015 3502 2055 vo-

1915 2100 2006 2144 cat
2058 2105 2255 2161 aquam
2305 2093 2497 2156 maris,
2548 2102 2606 2148 et
2658 2090 2886 2148 eﬂ'undit
2929 2106 3049 2148 eam
3100 2107 3265 2163 super
3302 2090 3497 2148 faciem

1916 2191 2075 2239 terra:
2102 2183 2167 2238 “.
2207 2201 2227 2237 ι

1986 2294 2183 2352 Notate
2212 2297 2502 2368 diligenter
2531 2306 2850 2368 conceptam
2883 2300 3103 2356 inverso
3131 2300 3323 2355 ordine
3362 2316 3492 2357 sen-

1917 2389 2166 2443 tentiam.
2226 2387 2359 2443 Nam
2406 2391 2547 2459 quod
2602 2391 2756 2456 dicit,
2798 2392 3102 2458 huiusmodi
3147 2393 3491 2449 est:0mni-

1913 2494 2106 2553 potens
2138 2484 2263 2549 ille,
2314 2494 2369 2538 et
2414 2484 2658 2541 universi
2706 2485 2926 2541 molitor
2976 2485 3142 2553 Deus,
3190 2488 3281 2559 qui
3331 2488 3498 2545 maris

1916 2590 2091 2645 aquas
2125 2575 2179 2630 in
2215 2576 2382 2631 totius
2412 2587 2569 2631 terrae
2601 2577 2776 2632 solum
2807 2576 3054 2643 effundit,
3089 2579 3155 2634 ad
3189 2586 3493 2634 extremum

1914 2669 1969 2724 in
2005 2679 2204 2723 terram
2250 2684 2405 2724 suam
2450 2670 2803 2726 stabilitatem
2840 2670 3101 2742 deﬁgens,
3133 2672 3186 2726 id
3216 2683 3324 2735 est,
3354 2671 3492 2725 citra

1914 2771 2196 2829 peccatum
2232 2762 2392 2815 homo
2424 2761 2601 2818 factus
2634 2762 2786 2833 (nam
2817 2765 3089 2818 stabilitas
3111 2764 3182 2819 sit
3220 2763 3345 2819 Filii
3375 2778 3496 2818 cor-

1913 2850 2047 2919 pus)
2104 2852 2436 2918 incarnatus,
2494 2862 2549 2907 et
2592 2863 2878 2908 contracto
2928 2869 3159 2923 corpore
3210 2855 3351 2909 inter
3397 2867 3497 2911 nos

1911 2956 2101 2998 servos
2144 2953 2415 3007 versatus,
2474 2960 2601 3000 suos
2651 2946 2704 3000 in
2751 2947 2888 3001 coelo
2934 2947 3136 3016 gradus
3184 2947 3489 3004 aediﬁcavit.

1910 3030 2025 3087 Joel
2061 3050 2073 3086 :
2113 3051 2132 3084 ι
2171 3031 2261 3087 801
2293 3045 2643 3090 convertetur
2675 3037 2728 3090 in
2759 3037 3033 3103 tenebras,
3061 3049 3112 3093 et
3140 3038 3265 3092 luna
3292 3040 3342 3092 in
3369 3055 3493 3093 san-

1911 3125 2150 3192 guinem,
2203 3137 2498 3198 antequam
2552 3129 2733 3183 veniat
2780 3131 2894 3183 dies
2930 3129 3139 3184 Domini
3175 3147 3401 3202 magnus
3437 3140 3495 3187 et

1912 3220 2161 3276 illustris.
2211 3222 2275 3274 Et
2313 3223 2415 3276 erit
2456 3239 2473 3279 :
2525 3220 2719 3277 Omnis
2769 3224 2859 3293 qui
2910 3226 3247 3279 invocaverit
3295 3242 3489 3281 nomen

1912 3312 2146 3379 Domini,
2186 3314 2367 3369 salvus
2398 3314 2504 3369 erit
2525 3312 2593 3368 “.
2629 3334 2647 3365 ι
2696 3314 2759 3369 lit
2798 3331 2894 3384 per
2924 3316 3256 3386 Sophoniam
3309 3318 3483 3373 Deus:

1914 3425 1931 3456 ι
1973 3405 2271 3460 Tribulabo
2304 3407 2573 3471 homines,
2609 3418 2661 3460 et
2692 3407 3045 3464 ambulabunt
3092 3419 3147 3464 ut
3180 3410 3331 3475 creci,
3357 3414 3484 3480 quia

1890 3498 2139 3553 Domino
2174 3502 2627 3569 peccaverunt".
2662 3518 2680 3551 ι
2721 3498 2983 3570 Equidem
3008 3516 3111 3556 non
3151 3503 3286 3556 dixit
3314 3503 3487 3569 Deus;

1907 3591 2032 3659 quia
2066 3592 2199 3645 mihi
2249 3603 2634 3659 peccaverunt,
2682 3594 2775 3647 sed
2828 3593 3077 3659 Domino,
3121 3594 3327 3651 scilicet
3358 3596 3491 3650 cha-

1907 3686 2124 3741 rissima
2176 3684 2336 3741 Filio.
2377 3682 2567 3755 itaque
2616 3696 2669 3740 et
2723 3684 2985 3741 Dominus
3053 3703 3204 3743 meus
3256 3688 3488 3756 majores

1904 3789 2115 3834 vestros
2167 3776 2450 3847 alloquens
2495 3778 2573 3832 ait
2608 3796 2625 3835 :
2664 3796 2683 3830 ι
2721 3779 2781 3834 In
2814 3780 3079 3851 judicium
3121 3795 3222 3846 ego
3256 3780 3307 3835 in
3342 3782 3487 3837 hunc

1904 3867 2165 3920 mundum
2202 3866 2321 3921 veni
2356 3883 2372 3919 :
2407 3866 2583 3934 utqui
2612 3882 2718 3921 non
2762 3868 2966 3926 vident.
3002 3869 3244 3937 videant,
3289 3878 3344 3924 et
3388 3871 3482 3939 qui

1902 3958 2107 4024 vident,
2158 3958 2285 4013 caeci
2338 3957 2558 4013 ﬁant".
2604 3977 2623 4010 ι
2662 3956 2969 4017 Jeremias:
3008 3977 3027 4010 ι
3058 3959 3261 4030 Aspexi
3312 3976 3485 4031 super

1905 4060 2103 4105 terram
2131 4068 2145 4104 :
2169 4060 2224 4104 et
2252 4064 2378 4104 ecce
2409 4049 2542 4105 nihil
2575 4067 2591 4124 :
2624 4059 2680 4105 et
2704 4052 2755 4104 in
2793 4050 3029 4117 caelum;
3067 4059 3122 4106 et
3166 4068 3270 4107 non
3315 4064 3471 4108 erant

1904 4140 2107 4194 lumina
2150 4140 2286 4209 ejus,
2351 4149 2406 4193 et
2457 4141 2565 4194 vidi
2621 4150 2867 4206 montes;
2915 4153 2969 4195 et
3005 4156 3133 4197 ecce
3171 4151 3326 4198 erant
3373 4154 3484 4202 tre-
3534 4156 3537 4157 '

1904 4243 2136 4300 mentes,
2160 4242 2215 4288 et
2237 4249 2430 4289 omnes
2461 4232 2625 4289 colles
2651 4235 2895 4290 turbatos
2920 4250 2947 4287 a
2974 4235 3115 4290 facie
3134 4236 3345 4291 Domini
3363 4239 3431 4293 ’⁷.
3457 4259 3475 4292 ι

1903 4328 1970 4383 Ει
1996 4325 2210 4381 David:
2244 4344 2263 4377 ι
2302 4326 2469 4392 Vidit,
2506 4336 2562 4381 et
2597 4337 2870 4381 commota
2912 4336 2997 4383 est
3046 4337 3187 4382 terra
3218 4345 3232 4383 :
3262 4340 3477 4388 montes

1900 4434 1957 4478 et
1987 4437 2176 4477 omnes
2219 4421 2387 4477 colles
2429 4421 2573 4475 sicut
2626 4434 2750 4474 cera
2801 4422 3114 4477 illuxerunt:
3154 4424 3279 4492 quia
3331 4427 3481 4481 venit

1902 4515 2201 4581 Dominus,
2271 4514 2526 4581 quoniam
2592 4515 2741 4567 venit
2784 4513 3031 4583 judicare
3090 4526 3288 4571 terram
3334 4517 3398 4571 ’⁸.
3454 4538 3472 4572 ι

211 4613 440 4682 pebunt,
482 4621 539 4664 et
569 4607 762 4663 faciem
813 4622 964 4661 suum
1007 4608 1163 4675 quasi
1199 4604 1438 4673 ﬂamma,
1486 4607 1795 4662 mutabunt.
1831 4616 1874 4673 υ
1906 4637 1973 4647 --
2017 4626 2033 4658 ι
2068 4605 2339 4661 Judicabit
2389 4604 2573 4660 orbem
2622 4616 2780 4660 terra:
2834 4606 2888 4660 in
2942 4611 3219 4677 aequitate,
3271 4618 3325 4665 et
3377 4625 3480 4680 po-

208 4705 356 4760 Ecce
389 4704 533 4758 enim
559 4702 676 4756 dies
718 4699 933 4754 D0mini
961 4703 1105 4754 venit
1138 4700 1480 4765 insanabilis,
1511 4698 1712 4755 furoris
1739 4710 1794 4754 et

207 4800 330 4861 iraa,
368 4796 432 4849 ad
462 4796 769 4865 ponendum
797 4796 982 4846 orbem
1016 4801 1172 4845 terra:
1205 4791 1503 4859 desertum,
1526 4800 1579 4844 et
1604 4807 1796 4862 pecca-

210 4900 363 4941 tores
401 4886 707 4954 perdendos
738 4900 801 4937 ex
839 4897 923 4937 eo.
966 4881 1148 4937 Stellae
1185 4886 1328 4937 enim
1362 4882 1481 4938 cmii
1510 4893 1564 4936 et
1603 4882 1790 4953 Orion,

203 4993 262 5036 et
290 4979 473 5034 omnis
504 4984 731 5031 ornatus
763 4976 909 5041 coeli,
942 4990 1049 5029 non
1082 4976 1290 5031 dabunt
1310 4976 1525 5042 lumen;
1562 4986 1614 5032 et
1640 4977 1792 5033 obte-

207 5072 591 5129 nebrabuntur
617 5069 831 5124 oriente
861 5068 1010 5133 sole;
1057 5076 1107 5121 et
1140 5067 1263 5121 luna
1297 5085 1403 5124 non
1438 5071 1583 5124 dabit
1612 5071 1788 5125 lumen

206 5183 398 5225 suum.
432 5165 498 5219 Et
539 5162 807 5218 mandabo
836 5162 1107 5216 universa:
1139 5171 1297 5217 terra:
1334 5168 1497 5225 mala,
1531 5173 1585 5219 et
1616 5164 1793 5234 impiis

209 5269 435 5335 peccata
473 5272 661 5315 eorum
695 5264 796 5312 :et
837 5257 1056 5323 perdam
1103 5254 1411 5324 superbiam
1456 5255 1788 5322 iniquorum,

206 5365 266 5411 et
308 5350 690 5415 contumeliam
742 5346 1099 5416 superborum
1147 5346 1467 5402 bumiiiabo.
1516 5346 1583 5401 Et
1627 5356 1791 5403 erunt

209 5448 309 5521 qui
348 5442 590 5502 derelicti
626 5441 843 5505 iuerint,
887 5437 1139 5495 honorati
1190 5438 1364 5507 magis
1395 5454 1558 5509 quam
1591 5454 1788 5494 aurum

290 5667 336 5699 “
366 5665 479 5720 imo
506 5659 738 5714 Malach.
772 5671 857 5723 ιιι,
886 5656 944 5712 2.

214 5738 335 5796 1-4.
414 5732 461 5766 ⁸⁸
500 5732 639 5786 ibid.
676 5730 731 5791 5,
765 5728 821 5783 6.
916 5727 958 5760 ¹⁹
1000 5726 1101 5781 Isa.
1140 5740 1193 5793 ν,
1239 5724 1327 5796 15,
1360 5724 1447 5779 16.

214 5795 386 5868 Amos
420 5820 496 5866 ιιι,
530 5805 588 5856 s.
690 5800 738 5831 ιι
776 5798 892 5853 Joel
933 5814 995 5863 ιι,
1027 5798 1117 5868 st.
1223 5796 1269 5829 η
1305 5795 1474 5863 Soph.
1516 5795 1700 5868 I,_17.

212 5867 273 5938 δ.
352 5880 397 5911 ’⁸
428 5874 574 5932 Psai.
622 5886 747 5937 xcv,
788 5870 877 5926 13.
954 5869 997 5901 ³·
1028 5867 1185 5925 Joan.
1225 5881 1339 5935 xiv,
1371 5867 1425 5923 6.

1025 5654 1069 5687 ¹¹
1099 5651 1243 5709 Psal.
1275 5668 1422 5719 xcvi,
1458 5653 1513 5709 5.
1592 5651 1637 5685 ¹⁶
1667 5652 1796 5723 Sap.
1834 5668 1889 5721 ν,
1930 5654 1983 5708 1.

1025 5742 1101 5776 sa.
1140 5740 1193 5776 ν.
1239 5724 1327 5776 15.
1360 5724 1447 5776 16.
1550 5724 1596 5756 ¹⁰
1637 5722 1739 5776 Isa.
1771 5739 1895 5776 xm.

1662 5740 1739 5779 sa.
1771 5739 1895 5790 xm,
1993 5739 2145 5781 o-ta.
2223 5739 2267 5759 τι

1662 5796 1700 5849 l.
1808 5796 1855 5826 “
1882 5794 2038 5855 Joau.
2070 5815 2150 5864 xl,
2192 5798 2281 5855 59.

1505 5870 1547 5901 "
1584 5866 1685 5923 isa.
1726 5881 1781 5933 ιι,
1826 5867 1913 5934 11,
1952 5869 2007 5923 4.

1904 4701 2059 4773 pulos
2112 4700 2165 4755 in
2212 4702 2439 4755 veritate
2481 4699 2673 4755 sua".
2708 4718 2728 4753 ι
2775 4698 2990 4755 Veritas
3036 4715 3215 4758 autem
3256 4711 3341 4757 est
3392 4704 3480 4776 ip-

1900 4795 2015 4850 sius
2077 4791 2419 4863 Unigenitus,
2495 4803 2553 4846 ut
2590 4791 2641 4846 in
2685 4791 2977 4861 Evangelio
3011 4794 3121 4864 ipse
3152 4796 3479 4853 conilrmat:

1907 4914 1926 4939 ι
1962 4886 2075 4957 Ego
2107 4901 2224 4941 sum
2267 4887 2378 4951 via,
2411 4886 2612 4941 veritas
2644 4894 2699 4942 et
2730 4886 2840 4946 vita
2867 4886 2934 4942 “.
2970 4905 2989 4939 ι
3058 4886 3122 4941 Et
3162 4886 3331 4944 lsaias
3377 4892 3480 4947 ite-

1902 4996 2021 5035 rum
2057 4997 2073 5036 :
2108 4998 2127 5033 ι
2162 4977 2507 5035 Exaltabitur
2541 4976 2806 5034 Dominus
2845 4980 2995 5036 solus
3043 4980 3097 5035 in
3128 4980 3215 5036 die
3260 4983 3384 5048 illa;
3423 4996 3480 5041 et

1900 5082 2093 5145 arguet
2120 5073 2375 5143 populum
2408 5070 2723 5129 multum“.
2757 5091 2778 5125 ι
2808 5072 3049 5138 Quorum
3076 5074 3361 5129 verborum
3388 5077 3479 5134 hic

1900 5175 1985 5220 est
2027 5181 2243 5221 sensus.
2282 5162 2473 5219 Veniet
2509 5164 2762 5219 Christus
2811 5166 2864 5218 in
2908 5166 3149 5231 sublimi,
3188 5167 3349 5236 inque
3377 5184 3475 5225 sua

1901 5261 2081 5313 divina
2123 5256 2434 5326 majestate,
2485 5257 2576 5327 qui
2607 5256 2991 5312 condemnabit
3016 5274 3119 5312 non
3142 5273 3352 5322 omnes,
3380 5265 3475 5317 sed

1900 5350 2284 5415 refractarios,
2320 5357 2371 5405 et
2421 5365 2544 5404 eum
2592 5364 2700 5403 non
2758 5350 3040 5403 rereritos.
3091 5350 3157 5404 Et
3208 5366 3304 5418 per
3339 5351 3480 5408 Ezeo

1900 5443 2127 5499 chielem
2163 5443 2347 5498 Deus:
2386 5462 2403 5495 ι
2442 5440 2895 5512 Unumquemque
2944 5442 3000 5495 in
3044 5442 3149 5498 viis
3179 5446 3292 5500 suis
3325 5445 3480 5516 judi-

2064 5657 2107 5688 ’⁵
2144 5656 2290 5710 Psal.
2313 5665 2463 5717 εχει,
2496 5654 2617 5709 1-5.
2695 5655 2740 5687 ¹⁶
2774 5653 2874 5710 isa.
2905 5670 2987 5721 ιιι,
3021 5656 3106 5711 15.
3185 5657 3230 5689 "
3252 5654 3356 5711 isa.
3398 5661 3476 5719 iv,

1993 5726 2145 5781 6-15.
2222 5727 2267 5759 ¹¹
2324 5725 2703 5793 Ρεθίεχινιιι,
2734 5725 2825 5779 ‘21.
2903 5727 2949 5758 “
2989 5726 3090 5781 isa.
3121 5743 3213 5793 xx,
3256 5728 3347 5782 23.
3429 5730 3476 5761 “

2376 5797 2423 5829 ³⁷
2462 5790 2665 5852 Jerem.
2712 5811 2784 5863 tv,
2812 5795 2904 5852 23.
2982 5798 3029 5831 ’⁸
3067 5790 3213 5853 Psai.
3242 5812 3387 5862 xcrt,
3417 5797 3475 5867 4,
