3988 6284
558 373 667 439 923
1823 381 2149 467 JOANNIS
2186 382 2456 447 PHOCE
3675 394 3763 459 est

545 468 684 521 cabo
708 483 801 523 vos
826 469 1019 525 domus
1043 470 1206 529 Israel
1227 474 1292 527 ".
1326 492 1345 528 ι
1376 471 1508 529 Vivo
1529 488 1649 545 ego,
1674 473 1806 530 dicit
1834 472 2122 537 Dominus.
2153 478 2199 537 Δ
2232 476 2488 531 transibit
2520 490 2535 530 :
2570 484 2625 533 et
2655 491 2879 548 regnum
2919 476 3059 549 ejus.
3089 480 3232 549 quod
3266 494 3369 537 non
3402 495 3762 553 corrumpetur.

549 557 688 624 Quid
717 562 795 615 ait
838 565 1031 619 vates?
1063 566 1214 622 Itane
1246 576 1305 621 ut
1332 567 1459 622 vim
1481 576 1757 623 auctorem
1788 566 1973 622 vivere
1995 580 2123 637 pro-
2229 565 2455 624 Horruit
2498 568 2723 639 spiritus
2773 584 2946 638 meus,
3001 570 3055 625 in
3110 572 3294 627 habitu
3333 588 3474 637 meo,
3514 583 3563 629 et
3602 592 3767 634 sensus

550 654 758 717 titeare,
813 654 905 724 qui
955 656 1203 723 spiritum
1253 668 1305 711 et
1347 659 1512 712 vitam
1560 656 1772 713 cunctis
1814 656 2123 713 viventibus
2226 675 2404 728 meus,
2432 670 2488 715 et
2516 675 2613 718 cor
2643 677 2822 718 meum
2868 664 3146 719 turbatum
3196 664 3318 720 fuit.
3370 666 3439 722 Et
3483 669 3672 724 accessi
3711 671 3767 724 ad

550 742 919 811 inspiraverit.
952 745 1116 807 Sane,
1154 747 1361 816 inquit,
1407 764 1513 803 non
1548 746 1844 804 secundum
1879 746 2122 801 divinam
2226 764 2394 805 unum
2442 751 2837 818 assistentium,
2883 764 2938 810 et
2989 756 3269 812 veritatem
3297 760 3604 828 quaerebam
3632 760 3693 814 ab
3715 774 3769 815 eo

549 846 795 889 naturam
835 837 998 891 Deum
1034 840 1217 894 vivere
1262 840 1557 904 conﬁrmo,
1592 840 1727 895 nihil
1764 839 1943 894 minus
1974 838 2122 911 (jam
2229 848 2440 904 discere
2472 850 2539 906 de
2574 851 2829 907 omnibus
2862 852 2968 907 his.
3018 852 3083 907 Et
3126 853 3266 909 dixit
3312 853 3443 909 mihi
3493 855 3767 918 veritatem,

548 940 611 980 θα
644 926 965 984 ίιιὶιηοτιθιίε
999 938 1083 985 εει
1129 942 1192 985 3'0
1225 934 1501 1002 Ρθτθηηίε)
1552 933 1647 989 sed
1686 932 1986 989 secundum
2022 933 2125 988 hll-
2225 951 2283 996 et
2310 938 2815 1012 interpretationem
2838 957 3152 1000 sermonum
3177 956 3361 1000 notam
3387 947 3516 1003 mihi
3547 946 3767 1003 iecit'h

546 1034 783 1075 manant.
839 1019 1037 1079 Factus
1087 1027 1233 1079 enim
1269 1036 1352 1081 est
1402 1035 1625 1097 propter
1668 1043 1765 1083 nos
1818 1027 1981 1083 homo
2037 1026 2127 1083 ille
2225 1058 2300 1075 υ-
2328 1049 2347 1083 ι
2386 1029 2475 1096 Ει,
2504 1031 2561 1087 in
2598 1033 2955 1104 temporeillo
2976 1047 3270 1104 consurget
3292 1036 3521 1091 Michael
3550 1039 3773 1106 princeps

551 1112 831 1169 hominum
868 1118 1300 1181 amantissimus.
1346 1130 1402 1173 et
1441 1122 1766 1191 corruptela:
1800 1120 2124 1200 permissum
2228 1139 2482 1194 magnus,
2511 1127 2603 1195 qui
2629 1135 2735 1181 stat
2762 1142 2860 1197 pro
2886 1128 3009 1184 ﬁliis
3032 1129 3210 1199 populi
3245 1129 3343 1184 tui.
3373 1129 3442 1183 Et
3464 1131 3560 1183 erit
3588 1138 3773 1199 tempus

547 1222 743 1275 corpus
800 1209 866 1261 ad
927 1218 1233 1264 extremum
1286 1211 1593 1266 immortale
1648 1221 1703 1267 ct
1752 1212 2126 1282 incorruptum
2232 1217 2600 1277 tribulationis
2624 1219 2901 1277 tribulatio
2926 1222 3104 1291 qualis
3130 1222 3385 1288 nonfuit,
3415 1238 3480 1276 ex
3506 1221 3774 1292 quoiactus

550 1299 808 1365 reddidit,
862 1316 925 1353 ac
978 1308 1238 1369 perpetuo
1286 1301 1552 1356 victurum
1603 1304 1877 1373 produxit.
1914 1301 1980 1356 Et
2009 1303 2130 1371 quis
2230 1320 2316 1365 est
2346 1312 2507 1366 homo
2550 1327 2718 1382 super
2752 1323 2977 1376 tenam,
3012 1329 3184 1384 usque
3218 1314 3285 1369 ad
3316 1323 3526 1384 tcmpus
3562 1313 3696 1367 illud,
3722 1310 3779 1366 Et

548 1408 678 1449 vero
710 1406 812 1459 εει,
846 1394 938 1463 qui
967 1410 1089 1449 eum
1133 1397 1407 1464 peremit?
1440 1398 1657 1453 lsraelis
1691 1410 1883 1467 genus,
1917 1397 2007 1464 qui
2042 1392 2133 1449 Pi-
2228 1398 2287 1454 in
2324 1411 2565 1471 tempore
2596 1402 2684 1455 illo
2716 1402 3016 1458 salvabitur
3050 1402 3278 1474 populus
3327 1410 3447 1457 tuus
3490 1402 3675 1469 omnis,
3698 1402 3777 1472 qui

550 1487 724 1543 latum
760 1488 838 1542 sic
877 1490 1118 1560 aggressi
1174 1498 1344 1544 sunt:
1384 1509 1401 1542 ε
1442 1491 1666 1545 Domine
1716 1488 1984 1544 recordati
2036 1503 2133 1544 su—
2231 1495 2472 1565 scriptus
2505 1496 2669 1550 fuerit
2698 1496 2754 1551 in
2802 1496 2939 1551 libro
2972 1513 2988 1550 :
3020 1507 3073 1552 et
3122 1495 3273 1551 multi
3318 1495 3384 1551 de
3416 1495 3503 1549 his
3545 1494 3633 1564 qui
3673 1494 3781 1549 dor-

558 1598 699 1645 mus.
735 1583 862 1651 quia
906 1584 1161 1643 SBIIUCIOI'
1196 1583 1291 1638 ille
1326 1583 1465 1638 dixit
1510 1584 1686 1639 adhuc
1729 1584 1915 1639 vivens
1952 1602 1965 1638 :
2004 1581 2133 1638 Post
2234 1591 2408 1645 miunt
2447 1589 2503 1644 in
2537 1597 2698 1643 terrae
2742 1588 2980 1659 pulvere,
3021 1587 3390 1660 evigilabunt,
3416 1587 3508 1642 alii
3549 1589 3598 1641 in
3638 1588 3779 1641 vitam

555 1685 671 1730 tres
703 1679 817 1731 dies
841 1692 1147 1748 resurgam.
1181 1677 1317 1733 Jube
1345 1694 1477 1748 ergo
1508 1677 1770 1734 custodiri
1800 1676 2133 1745 sepulcrum,
2235 1689 2517 1747 mternam,
2537 1680 2695 1737 etalii
2716 1682 2768 1736 in
2792 1682 3139 1752 opprobrium
3165 1690 3221 1735 et
3254 1681 3619 1736 confusionem
3646 1692 3784 1735 aeter-

550 1784 723 1839 usque
748 1770 801 1825 iu
833 1772 973 1825 diem
1012 1772 1230 1825 tertium
1265 1789 1279 1827 :
1320 1788 1389 1826 ne
1432 1772 1572 1828 forte
1622 1772 1845 1826 veniant
1883 1770 2133 1841 discipuli
2164 1838 2201 1844 _
2238 1793 2387 1833 nam.
2425 1776 2493 1831 Et
2520 1776 2884 1844 intelligentes
2913 1773 3197 1844 fulgebunt
3240 1774 3391 1843 quasi
3420 1773 3591 1829 stellae
3622 1774 3671 1828 in
3699 1786 3785 1827 sa-

547 1868 704 1935 ejns,
763 1876 818 1922 et
870 1866 1119 1921 furentur
1165 1883 1287 1922 eum
1341 1879 1531 1933 nocte,
1607 1874 1661 1921 et
1707 1865 1891 1921 dicant
1942 1838 2085 1935 ple—hi
2113 1883 2127 1921 :
2158 1838 2379 1936 Bcula,
2426 1878 2483 1924 et
2521 1838 2792 1924 θυαμ-Εἰ.
2842 1878 2897 1922 ιιι
2944 1838 3131 1922 Daniel
3167 1838 3355 1922 claude
3406 1881 3697 1931 sermones,
3740 1873 3787 1921 et

552 1960 805 2015 Surrexit
834 1976 864 2016 a
899 1962 1127 2016 mortuis
1157 1979 1171 2018 :
1210 1971 1264 2015 et
1298 1962 1403 2016 erit
1432 1960 1759 2016 novissimus
1791 1974 1949 2015 error
1978 1961 2132 2029 pejor
2233 1962 2388 2031 signa
2436 1961 2636 2017 librum
2691 1976 2863 2031 usque
2906 1961 2973 2015 ad
3034 1972 3244 2031 tempus
3288 1961 3786 2027 consummationis,

556 2054 737 2121 priore
762 2053 830 2109 ⁸⁸.
857 2073 876 2105 ι
906 2053 1246 2124 Quapropter
1273 2054 1417 2109 velut
1439 2069 1502 2109 ex
1529 2054 1649 2123 ejus
1680 2067 1913 2126 persona
1936 2052 2133 2108 clamat
2233 2057 2408 2112 donec
2436 2055 2735 2111 doceantur
2756 2054 2936 2118 multi,
2961 2061 3017 2107 et
3040 2050 3427 2122 multiplicetur
3456 2054 3676 2109 scientia
3696 2053 3781 2107 ".o

554 2145 805 2202 Ezechiel
844 2165 857 2201 :
896 2146 1155 2216 Equidem
1212 2161 1318 2201 nou
1369 2161 1511 2210 sum,
1562 2145 1706 2216 quod
1759 2144 1895 2199 falso
1936 2144 2131 2200 remitti
2302 2150 2482 2217 Atque
2517 2147 2569 2202 in
2621 2147 2765 2202 hunc
2815 2146 3033 2200 modum
3081 2161 3176 2201 nos
3215 2152 3430 2218 quoque
3480 2156 3663 2204 contra
3698 2146 3788 2202 Ec-

550 2237 743 2304 Juda‘i,
777 2248 1049 2303 mortuus,
1086 2237 1181 2292 sed
1220 2237 1292 2291 ita
1321 2238 1467 2300 vivo,
1501 2246 1559 2291 ut
1588 2251 1689 2306 pro
1723 2238 1839 2292 suis
1864 2250 2134 2307 quemque
2230 2239 2600 2309 clesiaelnpos,
2624 2239 2770 2293 velut
2798 2237 2913 2305 ejus
2938 2237 3141 2292 alumni
3170 2238 3593 2294 decertavimus.
3621 2236 3673 2292 ln
3695 2253 3788 2308 quo

552 2329 794 2384 moribus
856 2330 959 2385 sim
1015 2328 1381 2399 judicaturus.
1444 2325 1584 2383 Vere
1635 2328 1782 2382 enim
1834 2327 2129 2397 gloriosum
2231 2328 2277 2383 si
2304 2343 2406 2399 pro
2433 2328 2697 2400 dignitate
2722 2327 2997 2394 diximus;
3032 2327 3293 2383 habenda:
3325 2328 3433 2384 Deo
3479 2339 3681 2408 grates,
3715 2328 3785 2385 sin

549 2421 823 2488 videbitis,
861 2431 919 2477 ut
962 2437 1084 2479 cum
1120 2422 1305 2476 divino
1334 2420 1600 2476 Zacharia
1636 2420 1828 2490 loquar
1852 2419 1921 2486 “,
1966 2433 2130 2490 quem
2234 2420 2436 2486 minus,
2478 2420 2641 2477 etiam
2696 2420 2775 2475 sic
2814 2419 3075 2475 habendae
3107 2430 3289 2491 grates
3336 2419 3711 2486 inenarrabili,
3744 2428 3790 2476 et

549 2514 875 2571 conlisistis.
931 2514 1241 2569 Salomonis
1297 2528 1514 2585 quoque
1571 2514 1688 2569 haec
1747 2521 1875 2568 sunt
1922 2512 2128 2566 verba:
2232 2513 2704 2582 incomprehensa:
2729 2528 2792 2568 ac
2824 2513 3101 2584 praestanti
3134 2510 3249 2581 ejus
3280 2512 3585 2567 divinitatis
3606 2512 3787 2581 glorias.

554 2626 575 2659 ι
610 2606 870 2663 Dominus
903 2608 1067 2663 corda
1102 2606 1346 2663 omnium
1393 2606 1609 2661 noscit:
1639 2616 1692 2661 et
1738 2605 1829 2679 qui
1878 2603 2132 2676 ﬁguravit
2233 2619 2395 2676 quam
2438 2619 2543 2659 non
2597 2606 2833 2660 humana
2873 2605 3048 2660 solum
3084 2620 3147 2660 ac
3183 2605 3464 2661 terrestris
3507 2614 3712 2671 natura,
3740 2614 3788 2659 ut

548 2699 799 2771 spiritum
836 2700 1112 2762 omnibus.
1162 2700 1279 2770 ipse
1331 2688 1483 2753 novit
1540 2699 1749 2765 omnia,
1808 2698 1897 2770 qui
1953 2696 2133 2752 reddit
2233 2708 2472 2755 meretur
2512 2698 2734 2754 laudare
2786 2699 3010 2770 nequit,
3060 2700 3155 2755 sed
3200 2700 3331 2770 ipsa:
3383 2700 3523 2755 adeo
3566 2697 3789 2754 cmlestes

551 2790 844 2859 unicuique
878 2792 1031 2861 juxta
1062 2804 1227 2859 opera
1262 2788 1379 2860 ejus
1402 2790 1471 2846 ".
1502 2807 1521 2841 ι
1560 2786 1712 2844 Unde
1758 2798 1814 2844 et
1870 2788 2130 2843 Dominus
2234 2791 2462 2848 virtutes
2488 2793 2541 2847 id
2571 2792 2790 2863 assequi
2822 2808 2927 2846 non
2963 2801 3209 2862 possunt.
3248 2792 3306 2849 Si
3336 2793 3485 2849 enim
3520 2794 3603 2848 vel
3633 2791 3790 2862 angeli

550 2898 702 2939 meus
760 2882 1068 2939 Salomonis
1117 2883 1441 2937 sententiam
1474 2882 1806 2936 conﬁrmans
1848 2881 1901 2935 in
1948 2880 2130 2934 Evan-
2231 2897 2373 2955 nigro
2398 2884 2464 2938 ad
2493 2892 2697 2937 tantam
2738 2883 3058 2953 dignitatem
3095 2893 3409 2955 assurgant,
3442 2885 3640 2956 inquit,
3672 2884 3789 2940 Gre-

550 2975 691 3043 gelio
720 2975 795 3028 uit
824 2994 837 3030 :
873 2995 891 3027 α
930 2977 1086 3030 Pater
1121 2992 1223 3029 non
1246 2976 1823 3047 judicatquemquam,
1846 2976 1940 3032 sed
1966 2990 2129 3031 omne
2233 2978 2417 3049 gorius
2454 2978 2543 3032 ille
2578 2977 2845 3047 theologia
2879 2978 3149 3034 excellens
3182 2976 3327 3050 (55);
3355 2979 3487 3047 quin
3521 2980 3700 3045 addit;
3731 2979 3789 3034 si-

544 3070 804 3138 judicinm
837 3068 983 3125 dedit
1025 3069 1159 3125 Filio
1184 3069 1250 3124 “.
1285 3089 1305 3121 ι
2232 3071 2449 3141 quidem
2480 3070 2590 3127 illis
2621 3070 2783 3127 etiam
2826 3075 2895 3127 ad
2936 3086 3181 3128 summas
3222 3082 3277 3127 et
3306 3082 3585 3127 extremas
3624 3072 3788 3126 laudet

619 3159 908 3227 Caeterum,
937 3170 996 3215 ut
1025 3162 1317 3218 ﬁrmiorem
1349 3177 1535 3217 eorum
1583 3178 1703 3233 qua:
1742 3163 1996 3227 diximus,
2039 3178 2128 3217 ve-
2164 3219 2202 3233 Α
2233 3164 2316 3218 fus
2339 3163 2407 3217 sit
2431 3164 2766 3233 contingere.
2789 3161 2897 3218 Nos
2923 3163 3139 3233 quidem
3167 3171 3311 3217 certe
3329 3160 3504 3233 (illius
3528 3163 3784 3220 clementia

550 3253 768 3308 ritatem
805 3263 1129 3318 statuamus,
1173 3257 1353 3309 veniat
1380 3257 1447 3309 ad
1488 3266 1670 3324 partes
1709 3266 1763 3311 et
1806 3254 1996 3310 Daniel
2040 3257 2125 3311 ille
2157 3219 2202 3282 θ
2231 3255 2537 3326 perspecta)
2576 3256 2823 3311 veritatis
2862 3255 3124 3320 studium,
3156 3254 3313 3325 quasi
3352 3254 3516 3309 vidua
3556 3254 3643 3309 illa
3676 3258 3788 3309 duos

550 3346 907 3413 admirabilis,
936 3347 1016 3400 vir
1046 3348 1343 3417 gratiosus,
1376 3358 1427 3403 et
1457 3363 1579 3419 quae
1610 3360 1926 3418 corporatus
1950 3351 2125 3403 adhuc
2232 3348 2530 3412 teruucios,
2563 3354 2812 3402 sanctum
2848 3358 2902 3401 et
2930 3362 3145 3402 sacrum
3184 3362 3307 3403 esse
3342 3346 3630 3417 jussitnus.
3672 3347 3786 3402 Nam

548 3440 737 3495 obiens
796 3440 848 3495 in
906 3449 1085 3506 terra,
1147 3441 1408 3509 iungentia,
1478 3458 1750 3511 supraque
1818 3445 2113 3498 humanum
2233 3442 2299 3497 ei:
2346 3455 2505 3496 sacra
2545 3439 2823 3511 Scriptura
2869 3440 2923 3495 id
2968 3438 3073 3495 Deo
3097 3452 3312 3512 gratum
3346 3456 3469 3497 esse
3502 3442 3785 3502 didicimus,

549 3542 761 3605 captum
797 3537 991 3603 posita,
1030 3536 1336 3603 conspexit,
1368 3536 1513 3589 edat.
1553 3553 1573 3588 ι
1607 3537 1985 3606 Aspiciebam,
2037 3538 2122 3589 in-
2228 3536 2371 3605 quod
2420 3550 2517 3603 pro
2566 3532 2709 3589 virili
2754 3534 3088 3589 elaboratum
3141 3544 3245 3589 est.
3299 3532 3470 3604 lgitur
3512 3532 3646 3605 Regi
3686 3536 3788 3588 sine

548 3632 705 3700 quit,
739 3631 791 3682 in
825 3630 1031 3684 visione
1059 3630 1235 3684 noctis
1268 3647 1284 3685 :
1314 3639 1369 3685 et
1397 3644 1525 3685 ecce
1556 3646 1676 3685 cum
1707 3631 1940 3687 nubibus
1972 3631 2120 3696 cmli,
2230 3629 2537 3700 principio,
2577 3638 2631 3683 et
2682 3626 2978 3682 immortali
3019 3626 3340 3683 saeculorum
3395 3627 3653 3693 Auctori,
3703 3625 3785 3681 soli

548 3729 699 3793 quasi
724 3724 763 3779 Ρ
770 3726 889 3782 ilius
914 3725 1146 3782 hominis
1178 3728 1430 3791 veniens;
1461 3732 1515 3780 et
1546 3742 1716 3796 usque
1738 3729 1802 3781 ad
1833 3727 2129 3794 Antiquum
2231 3721 2464 3790 sapienti
2510 3719 2643 3784 Deo.
2672 3720 2867 3792 gloria,
2921 3726 3180 3790 potestas,
3227 3720 3400 3776 honor
3427 3731 3595 3792 atque
3631 3719 3787 3774 cultus

548 3826 755 3878 dierum
786 3823 1061 3892 pervenit;
1086 3832 1138 3876 et
1155 3822 1352 3877 obtulit
1373 3837 1434 3878 se
1458 3821 1512 3875 in
1540 3834 1890 3891 conspectum
1921 3822 2123 3893 ipsius:

2230 3831 2354 3871 cum
2392 3812 2702 3884 Unigenito,
2731 3824 2784 3867 et
2812 3812 3056 3882 ejusdem
3089 3822 3320 3876 natura,
3360 3828 3424 3868 ac
3456 3811 3785 3883 comperenui

546 3928 604 3972 et
638 3918 797 3971 datus
826 3926 909 3970 est
944 3916 1016 3969 illi
1050 3916 1403 3986 principatus,
1448 3924 1502 3969 et
1548 3918 1741 3979 honor,
1790 3924 1846 3969 et
1877 3928 2126 3985 regnum.
2227 3908 2405 3973 Filio,
2460 3919 2516 3963 et
2561 3917 2643 3962 ter
2700 3915 2922 3967 sancto.
2982 3905 3126 3961 bono
3182 3921 3247 3961 ac
3306 3906 3523 3961 viviﬁco
3579 3904 3783 3977 Spiritu,

549 4011 615 4065 Et
660 4026 847 4065 omnes
894 4010 1097 4077 populi,
1130 4008 1324 4071 tribus,
1378 4020 1433 4062 et
1477 4007 1674 4075 linguae
1710 4008 1811 4077 ipsi
1861 4007 2124 4061 servient.
2230 4017 2375 4058 nunc
2415 4012 2471 4057 et
2519 4013 2757 4071 semper,
2806 4008 2968 4068 atque
3016 3998 3069 4053 in
3106 4012 3319 4053 onmem
3359 3998 3787 4068 perpetuitatem.

546 4101 792 4157 Potestas
827 4101 967 4171 ejus,
1003 4112 1243 4170 potestas
1274 4098 1633 4169 sempiterna,
1680 4113 1800 4168 qua?
1845 4114 1951 4151 non
1996 4113 2123 4168 per-
2226 4099 2420 4151 Amen.

619 4219 664 4250 "
703 4218 899 4272 Ezech.
941 4232 1172 4281 unm,
1216 4217 1300 4269 ll.
1396 4215 1442 4248 ³³
1482 4212 1675 4269 Matth.
1724 4229 1891 4278 urit,
1939 4213 2029 4278 65,
2062 4211 2155 4267 64.
2231 4207 2281 4242 ³⁴
2319 4206 2556 4264 Zachar.
2600 4223 2703 4270 tm,
2746 4206 2834 4260 10.
2911 4205 2958 4238 ⁸³
3000 4203 3160 4261 l‘rov.
3205 4220 3353 4273 utv,
3392 4206 3481 4263 l2.
3564 4208 3608 4240 “
3643 4204 3781 4263 Joan.

547 4307 601 4355 v,
632 4288 724 4344 22.
802 4290 847 4321 ³¹
888 4289 1021 4342 Dan.
1053 4305 1150 4353 vit,
1178 4287 1245 4340 l3
1274 4286 1357 4341 l6.
1435 4286 1480 4318 ³⁸
1525 4287 1657 4339 Dan.
1702 4301 1797 4349 sit,
1840 4285 1955 4340 1-2.

621 4414 732 4487 (55)
760 4413 818 4467 S.
848 4412 1009 4480 Greg.
1041 4409 1314 4466 Nazianz.
1358 4410 1410 4464 in
1454 4408 1512 4463 S.
1550 4407 1781 4465 Pascha.

940 4549 1179 4559 -'——-—.—
1206 4548 1287 4555 ...-

618 4553 755 4561 ...ι-...-

618 4553 755 4561 “-“⁸“““”
765 4551 1059 4559 ’⁵-“⁴¹““⁶“-
1072 4549 1179 4555 ω
1206 4540 3751 4555 "ﬂme

552 4539 3775 4608 Μ

1448 4687 2002 4807 δίΕρυιι
2103 4683 2910 4802 DUODEClMl
3924 4852 3925 4859 ᾧ

677 4938 852 5104 DE
958 4932 1405 5102 TlilillA
1512 4927 2019 5100 sum
2135 4923 2956 5094 SCRIPTORES
3068 4926 3666 5121 QUINQUE.

1289 5344 1719 5437 LEONlS
1816 5342 2311 5431 ALLATII
2419 5344 3053 5435 ΡΒΛΞΡΑΤΙΟ

1540 5526 1596 5576 In
1622 5522 1900 5590 Symmictis
1922 5522 2137 5575 Colonias
2160 5520 2448 5587 Agrippinae
2482 5522 2621 5583 1655,
2645 5523 2802 5573 in-iS.

632 5802 762 5855 Dum
794 5797 908 5853 Citii
944 5811 1088 5849 varia
1136 5792 1524 5858 manuscripts,
1583 5787 1774 5843 Nihusi
1808 5785 2277 5856 pmstantissime,
2330 5780 2468 5837 locis
2502 5796 2533 5837 e
2571 5782 2736 5838 variis
2762 5782 3094 5852 conquisita,
3126 5784 3315 5841 evolvo
3360 5782 3587 5841 sedulus,
3624 5774 3755 5870 venit

555 5891 611 5948 itt
647 5906 836 5944 manus
871 5903 1016 5942 meas
1052 5883 1279 5940 Joannis
1308 5882 1502 5937 l‘hocm
1538 5880 1778 5934 lucorum
1839 5875 2135 5931 Palaestinae
2179 5885 2234 5932 et
2294 5870 2466 5943 Syriae
2512 5871 2921 5942 compendiaria
2973 5872 3301 5942 descriptio,
3335 5874 3638 5928 charactere
3669 5877 3755 5916 ml-
