3988 6284
258 440 368 505 925
1313 446 1772 512 DESCRIPTIO
1812 450 2088 512 TERRIE
2128 452 2460 516 sanam.
3418 440 3530 520 926

255 559 573 629 nutissimo,
632 561 687 617 in
724 563 930 619 .charta
972 563 1324 635 bombycina,
1383 583 1498 623 nou
1546 567 1776 623 multum
1832 569 2116 640 eleganter
2151 581 2398 627 exarata.
2459 569 2708 628 Noritate
2750 572 3059 642 argumenti
3102 579 3265 642 atque
3289 572 3501 627 auctori

253 650 546 719 pellectus,
610 652 853 707 animum
902 653 1029 723 figo,
1089 646 1415 726 etperlego.
1462 656 1671 712 Auctor
1706 655 1930 726 elegans
1962 666 2017 713 et
2050 668 2362 726 accuratus,
2420 668 2581 730 prout
2628 661 2715 716 illa
2749 660 2998 718 ferebant
3054 671 3323 730 tempora,
3376 661 3532 716 visus

252 749 379 792 est:
416 754 586 810 quare
640 741 856 814 mpiam
898 741 1045 799 illius
1082 742 1215 797 mihi
1264 743 1666 801 destinaveram
1700 763 1716 813 ;
1760 745 1880 811 sed,
1920 746 2040 804 aliis
2081 747 2414 818 interceptus
2466 749 2721 819 negotiis,
2752 748 2984 818 neglexi.
3035 748 3165 804 Post
3206 749 3406 804 multos
3437 764 3533 801 an-

256 840 385 893 nos,
417 845 540 883 cum
596 831 1019 903 manuscriptos,
1052 849 1190 904 quos
1220 835 1336 903 ipse
1374 832 1640 899 videram,
1677 836 1898 892 codices
1941 836 2127 891 Roma
2153 835 2208 890 in
2240 838 2564 894 memoriam
2622 819 2958 903 revocarem,
3009 838 3260 903 interque
3292 836 3532 892 familia-

255 917 344 972 ria
393 918 662 987 colloquia
711 935 892 975 sermo
921 921 990 978 de
1018 921 1152 978 locis
1202 924 1408 980 sanctis
1434 924 1739 990 incidisset,
1788 924 1996 981 Phoeas
2036 926 2090 980 in
2123 927 2366 982 animum
2401 927 2588 991 rediit,
2623 928 2922 997 ingensque
2946 926 3294 982 subsecutum
3329 936 3413 982 est
3435 926 3533 981 de-

256 1010 543 1076 siderium,
592 1011 721 1067 illud
772 1013 927 1075 mihi,
982 1024 1258 1085 utcunque.
1289 1031 1529 1086 possem,
1577 1018 1949 1096 comparandi.
2005 1018 2238 1089 Scripsi,
2304 1018 2561 1089 rescripsi
2615 1020 2833 1084 amicis,
2895 1019 2970 1074 illi
3026 1020 3188 1074 etiam
3248 1020 3338 1090 qui
3393 1002 3532 1075 mihi

257 1104 524 1159 utendum
562 1106 832 1173 dederat;
891 1122 1110 1177 rogans,
1159 1124 1444 1180 remgaus,
1492 1112 1815 1178 obsecrans,
1866 1113 2150 1182 promissis
2204 1114 2368 1169 etiam
2421 1130 2537 1169 rem
2599 1116 2706 1186 egi.
2769 1114 2876 1171 Sed
2904 1115 3071 1171 verba
3107 1115 3209 1171 feci
3259 1115 3527 1170 mortuis:

260 1192 334 1247 ad
387 1193 598 1265 reliqua
651 1202 858 1261 omnia,
889 1207 1257 1268 praterquam
1286 1200 1353 1255 ad
1409 1202 1512 1256 hoc
1564 1217 1752 1270 unum,
1806 1217 2022 1273 semper
2057 1203 2111 1258 iu
2154 1213 2408 1273 promptu
2454 1219 2775 1275 responsum
2823 1204 2943 1261 fuit.
2974 1206 3157 1271 Quare
3199 1206 3377 1273 quievi
3409 1214 3533 1260 tan-

260 1288 396 1342 dem
445 1290 652 1343 animo.
727 1288 1113 1347 Verumtamen
1154 1308 1298 1347 anno
1332 1292 1539 1367 elapso,
1581 1309 1706 1349 cum
1762 1294 1813 1348 iu
1846 1308 1942 1365 spe
1980 1309 2160 1349 rerum
2189 1296 2421 1350 aliarum
2478 1312 2750 1362 versarer,
2799 1298 2995 1352 littera
3055 1298 3184 1353 mihi
3213 1299 3279 1354 ab
3331 1300 3531 1364 amico,

260 1377 359 1445 qui
405 1376 543 1433 Chio
607 1388 735 1434 tunc
791 1381 1063 1447 veniebat,
1119 1383 1293 1437 reddi.
1352 1382 1486 1436 Dum
1540 1384 1762 1438 nomina
1814 1397 2168 1455 recognosco,
2234 1400 2326 1451 en,
2378 1386 2517 1443 caelo
2573 1386 2771 1441 missus
2839 1385 3049 1445 Phocus
3102 1386 3373 1458 apparuit,
3422 1403 3530 1442 non

267 1469 451 1526 aliena
503 1486 667 1525 manu
734 1474 1064 1543 descriptus,
1119 1480 1213 1530 sed
1264 1478 1440 1547 ipsum
1477 1477 1897 1546 antegraphum,
1933 1478 2076 1547 quod
2111 1478 2229 1533 Chii
2289 1494 2703 1547 conspexeram,
2755 1495 2787 1534 a
2847 1480 3051 1549 reliquo
3090 1481 3383 1546 volumine,
3438 1480 3530 1535 cui

263 1569 390 1613 erat
441 1574 739 1624 annexum,
792 1565 1059 1617 avulsum.
1113 1564 1325 1631 Quanta
1387 1564 1639 1634 perfusus
1687 1566 1882 1621 fuerim
1942 1567 2129 1622 latitia
2180 1568 2383 1623 frustra
2436 1583 2672 1624 conarer
2722 1570 2922 1626 dicere.
2978 1571 3096 1625 Non
3162 1582 3531 1639 reportassent]

268 1653 471 1709 bonum
514 1668 746 1723 tantum,
782 1658 826 1714 si
882 1659 1195 1716 thesaurum
1234 1662 1586 1718 invenissem.
1625 1662 1771 1717 Illius
1807 1663 1991 1734 itaque
2024 1664 2260 1721 versioni
2321 1680 2405 1718 me
2439 1665 2677 1731 aceinxi,
2706 1676 2759 1721 et
2787 1667 2993 1736 aliquot
3026 1668 3141 1721 dies
3190 1667 3242 1721 in
3272 1682 3336 1721 eo
3367 1682 3534 1736 expo-

268 1741 454 1799 liendo
489 1746 775 1815 insumpsi.
815 1747 1073 1815 Joannes,
1110 1749 1275 1804 Creta
1322 1752 1609 1816 oriundus,
1668 1760 1873 1821 patrem
1920 1752 2110 1808 habuit
2161 1754 2500 1817 Matthaum,
2543 1754 2637 1825 qui
2684 1764 2870 1825 postea
2927 1756 3255 1810 monachum
3287 1756 3516 1810 induens

267 1839 327 1894 in
363 1839 556 1897 Patmo
601 1844 776 1899 insula
832 1860 892 1900 se
922 1861 1207 1912 exercens,
1257 1847 1398 1901 diem
1419 1846 1593 1902 obit:
1671 1848 1807 1917 ipse,
1859 1857 2020 1903 atate
2080 1850 2361 1921 grandior,
2412 1850 2514 1905 sub
2576 1851 2930 1905 Emmanuele
2990 1850 3266 1906 Cmnneno
3313 1863 3531 1904 munera

271 1926 486 1983 militia
528 1931 670 1985 tulit.
702 1976 703 1979 η
734 1930 1111 2001 Meminitipse
1142 1948 1262 2003 cap.
1309 1933 1401 2002 2t,
1437 1936 1503 1990 de
1547 1950 1677 1991 sene
1711 1936 1846 1992 lberi

1953 1937 2115 1991 [Ιάλαι
2149 1936 2245 1990 ἐπὶ
2284 1938 2502 2008 χρόνοις
2531 1939 2747 2010 συχνοῖς
2767 1940 2825 1993 ὲν
2854 1938 2930 2010 τῷ
2962 1938 3094 2010 περὶ
3128 1938 3227 2009 τὴν
3260 1937 3528 1991 Odiosast

262 2020 369 2090 τῆς
408 2020 697 2088 Ἀτταλίας
728 2028 1002 2098 πεπηγότι
1038 2027 1191 2099 λίθῳ,
1225 2031 1354 2093 τοὺς
1386 2031 1720 2101 ἀσκητικοὺς
1752 2031 2018 2095 διανύσας
2064 2032 2281 2097 πόνους,
2314 2033 2401 2086 ὅτε
2439 2031 2536 2089 καὶ
2570 2033 2731 2103 ἡμεῖς
2755 2032 2833 2104 τῷ
2897 2033 3052 2101 ἀνδρὶ
3084 2031 3429 2103 ἐνετύχομεν,
3461 2030 3528 2101 τιῖ

265 2111 502 2183 ἀοιδίμῳ
531 2112 770 2183 ,βασιλεῖ
811 2119 905 2171 καὶ
938 2118 1444 2190 Πορφυρογεννήτῳ
1486 2119 1564 2190 τῷ
1626 2121 1840 2191 Κομνηη

1953 2121 2458 2191 πυστρατευόμενος.
2519 2120 2623 2187 Qui
2655 2122 2857 2186 pridem
2900 2138 2993 2190 per
3028 2121 3206 2188 plures
3259 2135 3428 2173 annos
3470 2120 3528 2173 iu

266 2223 425 2272 saxo,
477 2209 547 2261 ad
579 2226 726 2265 mare
769 2210 987 2267 Attulit:
1038 2213 1285 2282 fundato,
1344 2214 1617 2270 laboribus
1656 2217 1924 2270 continuis
1970 2215 2355 2286 sudoribusque
2396 2231 2507 2270 sese
2546 2223 2895 2280 exercuerat;
2922 2215 3121 2285 .ibique
3172 2231 3265 2268 nos
3303 2230 3419 2268 eum
3456 2213 3531 2267 al-

267 2300 438 2355 locnti
474 2301 678 2372 fuimus
703 2344 717 2366 ,
773 2306 901 2359 dum
939 2324 1045 2362 una
1099 2323 1219 2362 cum
1259 2308 1597 2364 celeberrimo
1655 2311 1971 2377 imperatore
2023 2319 2074 2364 et
2130 2301 2630 2381 Porphyro'geuneta
2662 2307 2927 2366 Comueuo
2963 2309 3333 2364 militaremus.
3365 2308 3531 2379 Ejus-

268 2398 397 2454 dem
438 2396 806 2454 Emmanuelis
864 2402 1106 2457 meminit
1147 2402 1275 2458 alibi
1336 2403 1532 2471 sapius
1579 2402 1680 2458 hoe
1736 2402 1926 2457 eodem
1984 2402 2181 2458 libello.
2229 2403 2396 2457 Ducta
2449 2418 2656 2469 uxore,
2703 2419 2771 2459 ex
2824 2419 2887 2459 ea
2934 2403 3101 2458 filium
3158 2401 3365 2458 habuit.
3414 2401 3532 2473 Ejus

273 2502 476 2544 nomen
527 2502 559 2543 a
608 2490 1147 2560 compaginatoribus
1182 2490 1327 2557 libri,
1375 2494 1503 2546 dum
1538 2492 1715 2546 cultro
1768 2491 2017 2548 [oliorum
2073 2493 2447 2548 extremitates
2496 2502 2821 2562 aequarunt,
2854 2495 3157 2550 abscissum
3184 2504 3286 2549 est.
3336 2494 3533 2547 Postea

274 2576 582 2631 monachus
627 2578 825 2644 factus,
883 2580 1067 2634 invisit
1107 2581 1223 2655 loca
1264 2590 1449 2635 sancta
1486 2596 1628 2635 anno
1685 2580 1842 2636 1185.
1898 2580 1965 2635 Et
2013 2581 2128 2635 hac
2174 2581 2356 2634 omnia
2394 2581 2571 2637 habeo
2602 2597 2665 2635 ex
2715 2583 2919 2643 notula,
2963 2598 3083 2653 qua
3136 2582 3315 2637 rubeis
3345 2582 3534 2636 litteris

272 2668 331 2723 in
386 2671 629 2741 margine
686 2673 943 2727 additur:
992 2675 1384 2745 Συγγραφεῖσα
1440 2673 1597 2745 παρὰ
1654 2674 1845 2729 Ἰωάνν

1965 2675 2159 2743 ἱερέως
2212 2673 2306 2727 τοῦ
2367 2675 2769 2731 εὐσεϐεστάτου
2834 2678 3024 2742 ama,
3076 2676 3194 2730 υἱοῦ
3249 2674 3534 2731 Ματθαίου

275 2760 518 2831 μονοιχοῦ
562 2760 656 2814 τοῦ
696 2763 1054 2829 ἑνασκοῦντος
1100 2766 1159 2818 ἐν
1191 2766 1401 2837 Πάτμῳ
1437 2768 1501 2837 τῇ
1554 2767 1727 2834 νήσῳ,
1758 2764 1932 2835 ὅσπερ
1971 2759 2080 2819 εἶδε
2113 2764 2237 2826 τοὺς
2292 2764 2482 2832 ἁγίους
2541 2764 2740 2830 τόπους
2777 2765 2857 2828 εἰς
2907 2764 3111 2835 χιλίους
3146 2762 3286 2835 pus’.
3327 2762 3535 2830 Scripta

275 2870 313 2907 a
358 2851 569 2909 Joanne
620 2857 896 2911 sacerdote
946 2859 1183 2928 piissimo
1236 2859 1436 2924 Phoca,
1470 2859 1583 2928 ﬁlio
1620 2857 1864 2912 Matt/sai
1916 2858 2187 2923 monachi,
2236 2858 2328 2927 qui
2361 2873 2415 2912 se
2460 2868 2666 2913 exercet
2708 2860 2763 2913 in
2809 2856 2996 2913 Palma
3040 2858 3375 2928 insula;qui
3408 2858 3535 2911 vidit

274 2961 461 3005 sancta
514 2951 631 3005 loca
680 2969 816 3005 anno
862 2954 1019 3009 1185.
1050 2954 1106 3008 1η
1146 2945 1333 3010 fronte
1386 2971 1513 3009 vero
1564 2955 1686 3031 libri
1744 2954 1849 3009 seri

1958 2969 2007 3008 m
2060 2964 2227 3009 erat:
2280 2954 2412 3017 Υἱὸς
2470 2954 2662 3026 ἱερέως
2716 2953 2811 3006 τοῦ
2859 2954 3023 3006 Φωκᾶ
3076 2954 3141 3007 ὲκ
3178 2952 3275 3024 τῆς
3318 2951 3533 3023 Κρήτης,

275 3040 477 3110 γράφω
514 3041 632 3104 νῦν,
666 3040 996 3113 τοῦνομα....
1058 3042 1233 3098 Filius
1279 3044 1565 3097 sacerdotis
1597 3041 1788 3097 Phoco:
1828 3041 2090 3098 Cretensis
2128 3043 2300 3097 scribo
2348 3059 2505 3107 nunc,
2541 3044 2843 3099 nomine....

353 3134 459 3189 S.d
497 3152 565 3191 ne
614 3135 825 3191 Phocus
872 3150 1060 3193 noster
1109 3139 1317 3207 palaret
1372 3138 1539 3204 solus,
1570 3140 1747 3192 socios
1790 3138 1841 3193 ei
1877 3136 2126 3193 dedimus
2183 3138 2356 3201 binos,
2384 3139 2518 3191 alias
2546 3152 2574 3190 a
2619 3136 2868 3201 Morello,
2901 3137 2993 3207 qui
3026 3153 3119 3193 eos
3149 3152 3180 3192 e
3209 3137 3535 3193 bibliotheca

293 3221 547 3279 Vaticana
598 3240 695 3293 per
748 3226 1101 3281 Sirmuudum
1160 3226 1445 3290 habuerat,
1486 3229 1686 3281 misere
1727 3234 1782 3280 et
1834 3226 2124 3281 infeliciter
2183 3228 2380 3288 editos,
2438 3224 2796 3297 Epiphanium
2854 3229 3178 3282 monachum
3221 3226 3535 3295 Hagiopoli-

286 3322 396 3367 tam
430 3329 590 3382 prosa
621 3315 890 3381 oratione,
944 3325 998 3369 ct
1044 3316 1207 3370 alium
1253 3317 1494 3372 carmine
1545 3315 1786 3385 politico,
1845 3316 1960 3370 hac
1995 3316 2183 3370 eadem
2228 3316 2343 3372 loca
2406 3312 2817 3385 persequentes.
2878 3316 3098 3381 Omnia,
3169 3317 3416 3385 inquam,
3465 3315 3535 3371 ibi

277 3406 361 3494 sic
395 3410 975 3494 scatenatl,‘crroribus,
1012 3420 1071 3465 ut
1124 3410 1307 3465 multis
1345 3411 1398 3465 in
1453 3411 1588 3466 locis
1632 3413 1717 3465 vix
1750 3411 1975 3482 intelligi
2035 3412 2264 3480 possint.
2316 3409 2516 3477 Quare,
2552 3420 2610 3464 ut
2648 3412 2876 3466 cultiore
2942 3410 3130 3466 habitu
3164 3419 3537 3481 compareant,

280 3493 651 3565 Epiphaniam
682 3502 747 3552 ad
805 3501 1236 3569 manuscriptqu
1274 3499 1611 3563 Vaticanum,
1650 3501 1789 3554 unde
1830 3510 2235 3571 transsumptus
2270 3510 2410 3566 erat,
2470 3500 2719 3567 restitui;
2750 3515 2814 3553 ex
2837 3516 2943 3569 quo
2981 3504 3153 3556 ferme
3178 3503 3384 3564 omnia,
3421 3515 3536 3569 qua

279 3590 599 3661 scrupulum
625 3590 848 3662 injicere
881 3602 1154 3662 poterant,
1192 3593 1564 3661 corriguntur.
1613 3590 2123 3662 Interpretationem
2174 3596 2335 3649 etiam
2370 3592 2618 3647 Latinam
2660 3593 2728 3649 ad
2758 3593 2922 3648 verba
2955 3593 3149 3649 Graca‘
3179 3592 3537 3662 iuterpolavi;

285 3687 348 3733 ut
396 3695 505 3735 non
550 3689 763 3736 tantum
810 3681 1019 3749 Graece,
1071 3680 1169 3739 sed
1232 3683 1397 3737 etiam
1458 3681 1672 3747 Latine,
1722 3682 2040 3738 concinnior
2084 3684 2278 3739 exiret.
2329 3682 2585 3739 Carmina
2641 3681 2827 3737 Graeca
2870 3700 2937 3736 ex
2992 3682 3363 3751 manuscriplo
3422 3697 3538 3739 meo

281 3772 570 3844 supplevi;
629 3789 749 3843 qua
778 3789 846 3830 an
890 3774 1108 3831 Maximi
1167 3774 1422 3830 Plauuda
1448 3777 1579 3842 sint,
1627 3776 1679 3830 in
1733 3775 1953 3831 dubium
1977 3775 2117 3831 verti
2155 3777 2375 3846 poterit,
2409 3792 2529 3830 cum
2562 3778 2617 3832 in
2670 3791 2793 3831 meo
2836 3776 3043 3830 nullum
3087 3774 3322 3831 auctoris
3344 3788 3538 3828 nomen

284 3862 597 3931 praferant,
647 3864 1107 3930 quemadmodum
1157 3873 1213 3917 et
1264 3864 1317 3917 in
1362 3861 1659 3932 Vaticano;
1696 3864 1947 3933 quamvis
1994 3863 2047 3917 in
2090 3863 2215 3931 hoc,
2270 3873 2398 3919 ante
2462 3876 2519 3919 et
2572 3874 2691 3934 post
2744 3865 2885 3919 dicta
2943 3865 3211 3927 carmina,
3275 3862 3537 3931 nonnulla

287 3958 439 4014 sunt,
495 3964 615 4018 qua
655 3949 910 4006 Planuda
970 3951 1192 4007 nomine
1238 3961 1523 4018 notantur,
1579 3967 1684 4005 non
1724 3951 1904 4007 alieno
1957 3966 2021 4007 ac
2073 3952 2177 4007 ista
2232 3950 2478 4007 carmina
2514 3953 2835 4009 charactere
2858 3952 3181 4008 exarata.ln
3209 3952 3393 4007 codice
3424 3968 3537 4005 mas

285 4037 571 4108 nuscripto
627 4037 942 4105 Viennensi,
997 4054 1157 4111 quem
1212 4041 1348 4097 vidit
1401 4040 1822 4097 doetissimuset
1871 4040 2276 4096 eruditissimus
2316 4039 2494 4095 Lucas
2538 4040 2873 4105 Holstenius,
2906 4041 3020 4095 hac
3042 4041 3299 4096 Carmina
3344 4039 3536 4095 tribue-

284 4135 485 4187 bantur
540 4129 832 4200 Perdicca,
891 4132 1266 4204 protouotario
1306 4131 1601 4203 Ephesino.
1645 4130 1859 4202 Περδῑκι

1981 4129 2429 4201 Πρωτονοταρίου
2455 4128 2557 4198 τῆς
2610 4128 2840 4197 Ἐφέσου
2869 4130 3184 4200 Ἐκφρεισις
3214 4127 3304 4182 διὰ
3341 4126 3536 4199 στίχων

284 4230 418 4301 περὶ
464 4228 571 4284 τῶν
620 4229 680 4283 ὲν
742 4226 1150 4300 Ἰεροσολύμοις
1203 4227 1489 4302 κυριακῶν
1536 4226 1855 4297 θεαμάτων.

1962 4227 2187 4280 ρνάὶοτω
2232 4224 2597 4294 protonotarii
2632 4223 2887 4292 Ephesini
2921 4223 3221 4296 Expositio,
3286 4222 3537 4287 carmine,

283 4323 711 4391 spectaculorum
763 4321 1165 4379 Dominicorum
1204 4333 1252 4378 et
1312 4321 1752 4383 uiemorabilium,
1785 4335 1906 4390 qua:
1958 4317 2341 4390 Hierosolymis
2391 4319 2658 4374 videntur.
2699 4317 2915 4373 Titulus
2964 4333 3068 4373 non
3117 4332 3255 4372 unus
3287 4317 3337 4372 in
3365 4317 3537 4373 omni-

285 4413 392 4469 bus
427 4422 545 4480 est;
578 4414 692 4468 alii
722 4414 866 4468 enim
914 4404 1125 4483 legunt,
1180 4412 1311 4484 περὶ
1364 4413 1678 4482 Θεαμάτων,
1735 4410 1808 4465 De
1857 4448 1860 4460 ς

1963 4407 2204 4472 :taculis;
2234 4407 2348 4472 alii,
2397 4407 2529 4481 περὶ
2569 4408 2858 4480 Θεμάτων,
2905 4406 2981 4462 De
3014 4408 3336 4462 thematibus
3360 4422 3379 4472 ,'
3428 4406 3538 4472 alii,

288 4501 425 4571 περὶ
483 4500 808 4579 saepem,
868 4500 942 4555 De
969 4501 1264 4556 miraculis.
1297 4499 1601 4571 Θεαμάτων
1654 4509 1832 4555 tamen

875 4500 942 4555 De
969 4501 1264 4556 miraculis.
1297 4499 1601 4571 Θεαμάτων
1654 4509 1832 4555 tamen
1873 4502 1996 4558 aliis
2048 4502 2450 4573 proposuerim.

364 4591 599 4647 Additur
656 4591 973 4663 Anonymus
1007 4590 1073 4645 de
1126 4590 1313 4646 iisdem
1344 4589 1496 4654 locis,
1557 4590 1833 4644 communi
1866 4588 2180 4647 Graecorum
2214 4590 2396 4661 lingua
2433 4589 2675 4661 quidem,
2713 4588 3003 4660 diligenter
3058 4599 3260 4652 tamen,
3293 4585 3539 4642 conscri-

290 4696 440 4757 ptus,
489 4693 543 4739 et
584 4684 636 4739 in
676 4684 837 4739 rebus
895 4684 1184 4740 narrandis
1228 4692 1555 4747 accuratus;
1598 4698 1626 4737 a
1680 4698 1788 4752 quo
1819 4686 2193 4742 tantummodo
2232 4696 2476 4754 repetere
2504 4682 2684 4739 valeas
2743 4683 3068 4739 Christiana
3109 4682 3325 4752 pietatis
3358 4698 3420 4738 ac
3452 4697 3539 4737 re-

289 4773 528 4845 ligionis,
579 4788 708 4843 erga
759 4774 875 4829 loca
933 4783 1308 4838 sacrosancta,
1354 4770 1772 4843 praeclarissima
1809 4774 2085 4845 vestigia;
2125 4773 2198 4829 oh
2237 4773 2395 4828 molis
2445 4772 2798 4845 exiguitatem
2837 4773 2924 4828 vix
2986 4773 3133 4829 visus
3165 4772 3535 4828 traducendus

290 4872 348 4925 in
396 4870 637 4936 linguam
673 4867 945 4933 Latinam,
989 4868 1271 4923 traductus
1306 4880 1503 4922 tamen.

369 4957 754 5031 Eugesippum,
800 4958 866 5013 de
924 4956 1195 5013 distantiis
1234 4958 1474 5014 locorum
1500 4958 1685 5014 Terra
1712 4958 1955 5025 Sancta,
2008 4959 2388 5016 humanissimi
2440 4958 2621 5017 Caroli
2668 4958 2877 5014 Maroni
2943 4957 3297 5014 beneficentia
3357 4958 3541 5013 habui.

290 5052 410 5109 Non
445 5052 733 5109 videbatur
767 5052 898 5107 tanti
943 5066 1045 5106 non
1086 5052 1328 5108 nemini:
1374 5069 1587 5117 verum,
1643 5069 1765 5107 cum
1819 5069 1973 5109 rarus
2005 5055 2299 5110 admodum
2341 5053 2415 5109 sit
2444 5064 2498 5109 et
2540 5054 2820 5125 antiquus,
2858 5069 2924 5107 ne
2974 5053 3119 5123 quis,
3160 5050 3539 5119 hujuscemodi

292 5150 515 5205 nomine
554 5148 760 5217 majora
789 5149 892 5202 sibi
939 5148 1166 5216 ﬁngens,
1218 5148 1364 5203 illius
1408 5147 1716 5219 privatione
1764 5145 2027 5214 indoleat,
2070 5148 2286 5203 hortatu
2334 5146 2632 5202 amicorum
2684 5164 2803 5204 cum
2848 5146 2971 5202 aliis
3015 5147 3080 5201 de
3132 5144 3303 5201 Terra
3337 5145 3541 5199 Sancta

292 5241 664 5315 scriptoribus
720 5240 1103 5313 publicandum
1160 5240 1488 5298 censuimus.
1528 5239 1769 5296 Aliorum
1812 5240 2096 5311 dignitate,
2143 5240 2391 5313 gloriam,
2448 5240 2494 5296 si
2534 5255 2657 5312 qua
2708 5240 2894 5307 fuerit,
2929 5240 2981 5295 in
3033 5254 3092 5296 se
3131 5237 3469 5294 transvehet.
