3988 6284
533 377 635 438 927

1797 378 2121 445 JOANNIS
2159 381 2430 445 PHOC/E

3639 383 3742 449 923

604 582 3732 616 Μ

1291 760 2046 902 ΙΩΑΝΝΟΥ
2111 763 2467 898 ΤΟΥ
2551 760 3020 898 ΦΩΚΑ

1872 1015 2100 1052 ΕΚΟΡΔΞΙΣ
2129 1015 2191 1052 EN
2217 1013 2423 1051 ΞΥΝΟΨΕῙ

525 1153 662 1207 ΤΩΝ
712 1152 823 1208 ΑΠ’
852 1154 1271 1209 ΔΝΤΙΟΧΕΙΑΣ
1317 1153 1584 1210 ΜΕΧΡΙΣ
1611 1152 2110 1211 ῘΕΡΟΣΟΛΥΜΩΝ
2137 1147 2477 1215 ΚΔΣΤΡΩΝ,
2512 1149 2631 1203 ΚΑΙ
2669 1148 2919 1214 ΧΩΡΩΝ,
2944 1140 3213 1218 ΣΥΡῙΑΣ,
3253 1145 3607 1207 ΦΟΙΝῙΚΗΣ,
3638 1146 3746 1199 ιω

1453 1250 1594 1305 ΤΩΝ
1622 1249 1816 1305 ΚΑΤΑ
1843 1247 2322 1306 ΠΑΛΑῘΣἸῚΝΗΝ
2351 1247 2559 1302 ΑΓΙΩΝ
2591 1244 2826 1300 ΤΟΠΩΝ

1256 1583 2148 1744 JOANNIS
2300 1583 3037 1742 ΡΗΟΟᾸΕ

1660 1839 2182 1916 COMPENDIARlA
2213 1857 2625 1917 DESCRIPTIO

515 2016 986 2082 CASTRORUM
1015 2019 1119 2079 ET
1156 2017 1482 2091 URBIUM,
1523 2018 1626 2077 AB
1656 2017 1866 2080 URBE
1896 2016 2339 2079 ANTIOCHIA
2379 2015 2632 2090 USQUE
2665 2011 3368 2088 HIEROSOLYMAM;
3405 2016 3558 2102 NEC
3594 2015 3749 2078 NON

848 2120 1132 2194 SYBUE,
1176 2119 1277 2181 AC
1303 2119 1748 2192 PHCENICIJE,
1784 2120 1888 2180 ET
1924 2119 2000 2180 IN
2030 2119 2502 2181 PALIESTINA
2533 2119 2966 2184 SACRORUM
3010 2118 3428 2183 LOCORUM.

2087 2297 2169 2311 κ

581 2429 632 2485 1.
659 2429 742 2482 An
767 2441 898 2482 vero
939 2441 1036 2482 nos
1066 2425 1192 2495 ipsi,
1241 2426 1331 2496 qui
1368 2427 1731 2483 sacrosanctis
1766 2427 2068 2500 spectaculi:

2265 2436 2333 2484 α’.
2369 2431 2436 2483 Τί
2463 2431 2518 2484 δὲ
2557 2430 2606 2484 oi
2653 2432 2761 2485 τῶν
2797 2431 2960 2503 ἱερῶν
2995 2433 3526 2504 κατατρυφήσαντες
3566 2433 3761 2505 Θεαμά-

507 2521 751 2577 animum
781 2519 1135 2590 explevimus,
1198 2517 1421 2587 locaque
1471 2519 1646 2577 oculis
1685 2523 2087 2592 usurpavimus,

505 2612 559 2667 in
611 2612 807 2680 quibus
851 2609 991 2663 Deus
1041 2608 1169 2662 olim
1223 2617 1471 2664 versatus
1529 2618 1632 2674 est,
1666 2619 1721 2664 et
1785 2609 2086 2683 fugientem

504 2703 758 2776 populum
815 2717 912 2771 per
942 2700 1158 2771 Moysen
1199 2715 1262 2755 ex
1311 2699 1546 2773 Egypto
1583 2703 1635 2756 in
1681 2703 1851 2774 signis
1889 2717 1940 2758 et
1964 2721 2090 2775 pro-

504 2796 664 2867 digiis
714 2794 972 2859 deduxit;
1036 2807 1198 2846 manu
1254 2791 1429 2846 valida
1486 2793 1719 2863 populis,
1785 2806 2088 2865 eorumque

503 2887 773 2959 dynastis,
808 2884 950 2942 Seon
985 2897 1108 2955 rege
1137 2885 1600 2952 Amorrlmorum,
1629 2896 1680 2942 et
1713 2886 1793 2958 0g
1831 2903 1956 2958 rege
1985 2887 2074 2942 Ba-

500 2994 619 3043 san,
646 2987 699 3032 et
731 2976 994 3032 universis
1039 2975 1218 3045 regnis
1265 2974 1523 3030 Chanaan
1583 2977 1889 3044 debellatis,
1920 2989 2086 3049 atque

499 3070 716 3125 excelso
761 3069 1010 3131 brachio,
1050 3067 1103 3122 in
1159 3083 1345 3124 eorum
1386 3068 1525 3135 loco,
1564 3071 1850 3143 peregrino
1882 3072 2082 3140 populo

499 3161 764 3219 collocato
793 3179 808 3230 ;
842 3177 999 3233 quem
1047 3162 1098 3215 in
1138 3169 1346 3216 tantum
1390 3163 1540 3216 auxit
1572 3173 1736 3232 atque
1769 3165 2076 3235 ampliavit,

498 3268 756 3327 quantum
802 3257 956 3312 nobis
989 3255 1183 3310 divina:
1239 3255 1462 3312 Littera:
1511 3257 1787 3324 ingerunt,
1847 3274 2078 3331 quaeque

496 3345 790 3418 postremis
839 3347 1033 3401 deinde
1103 3348 1434 3416 temporibus
1497 3363 1594 3414 per
1651 3347 1928 3421 Unigeniti
1992 3350 2078 3407 sui

495 3443 735 3499 divinam
812 3443 1249 3499 incarnationem
1314 3445 1697 3512 sanctiﬁcavit,
1753 3447 2078 3504 admirando

495 3547 692 3593 nostra:
724 3537 1087 3591 renovationis
1108 3551 1270 3606 opere
1291 3537 1533 3592 absoluto
1561 3556 1572 3591 :
1597 3542 1676 3596 An
1705 3555 1824 3604 nos,
1855 3541 2074 3611 inquam

495 3629 585 3701 qui
621 3630 736 3686 haec
786 3630 1184 3699 perspeximus,
1214 3628 1312 3683 soli
1366 3630 1663 3697 participes
1714 3634 1942 3700 erimus,
1980 3635 2074 3688 Ite-

493 3725 686 3781 inones
735 3734 790 3781 et
837 3725 1076 3794 gurgites
1143 3723 1196 3780 in
1252 3725 1386 3779 cibis
1436 3724 1760 3780 devorandis
1792 3725 2076 3781 aemulati?

2191 2539 2302 2575 των
2337 2523 2521 2595 ἡμεῖς,
2557 2524 2648 2577 καὶ
2673 2523 2871 2587 τόπους
2920 2524 3140 2586 ἰδόντες,
3183 2523 3269 2592 ἐφ’
3296 2518 3380 2588 οἷς
3415 2524 3557 2588 Θεὸς
3605 2526 3759 2580 πάλαι

2195 2617 2295 2688 μὲν
2322 2617 2685 2688 ἐχρημάτισε,
2717 2617 2846 2672 λαὸν
2877 2617 3093 2687 φυγάδα
3117 2617 3204 2671 διὰ
3231 2617 3482 2681 Μωσέως
3512 2617 3572 2685 ἒξ
3601 2620 3759 2688 Αῐγὺο

2193 2723 2329 2762 πτου
2359 2710 2639 2781 ἐψτέρασι
2673 2709 2766 2761 καὶ
2809 2711 3060 2780 σημείοις
3089 2708 3415 2780 μεταγαγὼν
3457 2711 3607 2781 χειρὶ
3636 2727 3758 2780 κρα-

2189 2804 2336 2874 ταιᾷ,
2372 2803 2622 2868 πατάξας
2653 2803 2779 2874 ἔθνη
2826 2805 2917 2855 καὶ
2947 2804 3216 2866 δυνάστας
3245 2803 3449 2867 αὐτῶν,
3489 2805 3584 2858 τὸν
3619 2805 3765 2875 Σηὼν

2191 2895 2418 2967 βασιλέα
2446 2893 2559 2948 τῶν
2591 2895 2984 2966 Ἀμωρῤαίων,
3013 2897 3109 2947 καὶ
3146 2894 3238 2948 τὸν
3271 2896 3373 2963 Ὦγ
3413 2894 3645 2965 βασιλέα
3671 2896 3762 2965 τῆς

2188 2987 2390 3054 Βασὰν,
2436 2987 2530 3041 καὶ
2580 2989 2761 3052 πάσας
2808 2988 2907 3052 τὰς
2952 2987 3235 3057 βασιλεέας
3273 2989 3503 3042 Χαναὰν
3565 2990 3658 3044 καὶ
3712 2992 3763 3044 ἐν

2191 3078 2440 3151 βραχίονι
2489 3078 2679 3151 ὑψηλῷ
2731 3077 3131 3149 ὲγκαθιδρῦσας
3190 3081 3307 3134 ἐκεῖ
3350 3081 3488 3135 λαὸν
3537 3082 3757 3150 ἔπηλυν,

2182 3173 2279 3226 καὶ
2312 3170 2568 3225 τοσοῦτον
2601 3171 2844 3241 αὐξήσας
2871 3171 2996 3225 ὅσον
3021 3173 3077 3225 αἱ
3115 3172 3255 3226 θεῖαι
3280 3176 3603 3244 παριστῶσι
3631 3177 3760 3247 Γρα-

2182 3261 2305 3331 φαὶ,
2345 3261 2434 3317 ἐπ’
2476 3263 2725 3334 ἐσχάτων
2758 3263 2813 3316 δὲ
2846 3263 2936 3318 διὰ
2975 3266 3072 3333 τῆς
3104 3264 3197 3317 τοῦ
3225 3266 3576 3334 Μονογενοῦς
3605 3266 3755 3320 αὗτοῦ

2183 3355 2336 3418 Θείας
2374 3356 2848 3427 ὲνανθρωπήσεως
2886 3355 3230 3425 καθαγιάσας
3286 3358 3513 3424 αὐτοὺς,
3570 3361 3664 3412 καὶ
3706 3359 3760 3413 τὸ

2181 3446 2500 3518 θαυμαστὸν
2528 3443 2689 3519 ἔργον
2730 3451 2828 3518 τῆς
2859 3448 3017 3519 ἡμῶν
3051 3450 3344 3513 ἐκτελέσας
3377 3451 3754 3514 ἁναπλάσεως,

2182 3541 2333 3610 μόνοι
2363 3541 2458 3595 τοῦ
2505 3539 2715 3610 ἀγαθοῦ
2748 3543 2905 3595 τοῦδε
2950 3542 3333 3613 μετάσχωμεν,
3371 3545 3506 3609 τοὺς
3554 3545 3758 3616 λίχνους

2179 3636 2310 3702 περὶ
2333 3634 2432 3696 τᾶς
2458 3634 2690 3704 βρώσεις
2726 3634 3085 3705 μιμούμενοι;
3121 3636 3232 3687 Καὶ
3279 3636 3381 3688 ποῦ
3417 3638 3483 3690 τὺ
3518 3655 3758 3690 κοινωνι-

2179 3723 2274 3776 κὸν
2304 3726 2400 3777 καὶ
2430 3725 2754 3795 φιλάλληλον
2788 3730 3066 3796 φανεῖται,
3094 3727 3163 3780 δι’
3210 3720 3284 3780 ὧν
3318 3730 3380 3780 τὸ
3408 3732 3514 3800 τῆς
3545 3732 3757 3800 ἀγάπης

490 3819 590 3873 Ast
641 3817 856 3875 ubinam
909 3817 1151 3888 gentium
1185 3816 1448 3872 naturalis
1495 3819 1732 3874 societas
1761 3829 1816 3874 et
1853 3827 2068 3873 mutuus

2180 3780 2507 3884 ἐμφαίνεται
2555 3780 2766 3888 χρήμα,
2801 3780 2913 3870 ⁸καὶ.
2958 3818 3019 3871 τὸ
3054 3780 3152 3886 τῆς
3184 3819 3345 3890 ὴμῶν

492 3927 672 3976 amor.
735 3925 833 3982 per
889 3925 1009 3982 quae
1065 3911 1283 3965 dilectio
1339 3913 1669 3978 ostenditur,
1715 3922 1770 3968 et
1817 3914 2071 3970 humanae

490 4004 735 4060 conditio
803 4013 1029 4068 naturae,
1098 4004 1260 4060 veluti
1319 4005 1662 4061 lineamentis
1719 4007 2069 4075 quibusdam,

489 4095 812 4167 exprimitur
832 4095 982 4152 iRcs
1014 4097 1197 4166 itaque
1222 4111 1318 4167 pro
1345 4097 1549 4152 viribus
1579 4098 1941 4168 aggredienda
1965 4110 2068 4163 est,

489 4197 548 4245 ut
585 4189 748 4245 veluti
781 4189 834 4244 in
882 4188 1084 4253 tabula,
1140 4191 1382 4245 locorum
1431 4189 1620 4256 situm,
1651 4203 1803 4259 aeque
1829 4206 1895 4246 ac
1930 4194 2068 4244 lma-

487 4279 664 4350 gines,
717 4280 899 4334 verbis
941 4281 1315 4352 depingamus,
1360 4290 1438 4349 et,
1488 4297 1611 4352 (ποτε
1637 4297 1735 4337 nos
1765 4283 1868 4351 ipsi
1909 4298 2068 4353 aspe-

487 4372 774 4436 ctavimus,
841 4374 1014 4428 media
1087 4376 1382 4444 scriptura,
1439 4392 1622 4431 rerum
1694 4377 2068 4446 hujuscemodi

485 4464 743 4522 studiosis
769 4481 1101 4522 enarremns.
1157 4470 1223 4521 At
1261 4484 1388 4522 vero
1427 4469 1533 4523 illis
1573 4469 1661 4538 qui
1691 4485 1752 4524 ea
1796 4470 1912 4524 loca
1939 4487 2066 4539 per-

483 4557 755 4622 vidernnt,
814 4557 1011 4614 frustra
1048 4574 1147 4615 nos
1211 4574 1429 4631 operam
1476 4576 1690 4616 sumere
1723 4562 2051 4627 videbimur,

483 4648 687 4704 etenim
719 4651 763 4705 si
820 4653 1055 4706 sermoni
1085 4667 1145 4706 ea
1181 4669 1334 4709 mens
1365 4662 1469 4713 est.
1515 4663 1574 4708 ut
1617 4663 1896 4724 aspectum
1940 4656 2065 4709 imi-

486 4751 670 4809 tetur;
723 4752 780 4799 et
810 4747 986 4800 omnis
1036 4745 1264 4799 imitatio
1313 4759 1502 4801 exacta
1544 4748 1884 4803 discussione
1921 4747 2060 4804 infe-

483 4833 595 4888 rior
619 4845 724 4898 est,
758 4838 1026 4905 sequitur,
1059 4854 1142 4892 me
1175 4839 1341 4894 etiam
1376 4841 1637 4898 minorem
1672 4842 1778 4898 illis
1818 4841 2059 4897 laetitiam

480 4937 944 4995 comparaturum,
976 4943 1038 4982 ea
1095 4930 1388 4999 voluptate,
1424 4945 1544 5000 quae
1575 4933 1702 4999 ipsis
1741 4947 1840 5004 per
1869 4935 2059 4989 oculos

479 5015 699 5072 insedit.
730 5016 867 5084 Quid
905 5033 1066 5087 porro
1092 5035 1271 5075 sermo
1294 5021 1317 5073 ?
1338 5037 1432 5076 eos
1469 5025 1781 5088 expressius
1803 5023 2054 5094 instruet,

2177 3903 2284 3961 οἶδε
2311 3910 2848 3980 χαρακτηρίζεσθαι;
2894 3909 3280 3983 Ἐγχειρητέον
3304 3912 3396 3966 οὖν
3429 3915 3569 3968 ὡσεὶ
3603 3915 3757 3969 δύναιο

2180 4019 2292 4073 μις,
2335 4001 2401 4054 ἵν’
2435 4003 2512 4066 ὡς
2543 4005 2600 4056 ἐν
2634 4002 2824 4057 πίνακι
2868 4003 2930 4057 τὸ
2960 4004 3286 4075 διάγραμμα
3320 4003 3412 4060 διὰ
3458 4007 3559 4060 τοῦ
3598 4007 3754 4074 λόγου

2175 4095 2715 4166 εἰκονουργὴσωμεν,
2752 4096 2848 4149 καὶ
2881 4095 3024 4162 ἅπερ
3079 4097 3307 4168 ἁμέσως
3358 4095 3606 4168 εἴδομεν,
3669 4099 3750 4152 διὰ

2177 4186 2346 4256 μέσου
2371 4182 2468 4240 τοῦ
2503 4187 2833 4256 γράμματος
2871 4188 2985 4249 τοῖς
3017 4187 3287 4257 φιλοοέοις
3335 4189 3753 4260 καθιστορήσω-

2176 4291 2298 4343 μεν.
2330 4274 2458 4335 Τοῖς
2493 4273 2593 4343 μὲν
2619 4272 2711 4326 οὖν
2741 4273 2864 4338 τοὺς
2888 4275 3093 4339 τόπους
3113 4277 3501 4347 θεασαμένοις,
3533 4278 3750 4350 περίερ-

2171 4365 2266 4435 γόν
2297 4384 2349 4420 τι
2378 4365 2514 4432 δόξω
2547 4368 2746 4421 ποιεῖν.
2781 4367 2844 4422 Εἰ
2877 4367 2988 4438 γὰρ
3019 4367 3096 4439 τῷ
3132 4369 3276 4441 λόγῳ
3313 4372 3520 4436 σκοπὸς
3565 4373 3748 4442 μιμεῖ-

2173 4459 2299 4512 σθαι
2323 4457 2423 4529 τὴν
2447 4456 2598 4524 θέαν,
2633 4459 2784 4511 πᾶσα
2810 4458 2869 4512 δὲ
2905 4460 3136 4533 μίμησις
3160 4458 3324 4531 ἧττόν
3351 4483 3470 4522 mu:
3501 4467 3747 4535 φαίνεται

2167 4553 2268 4622 τῆς
2300 4550 2612 4623 ἀκριῦείας,
2637 4550 2793 4618 δῆλον
2825 4552 2899 4615 ὡς
2919 4547 3085 4626 ἦττον
3116 4555 3374 4626 εὐφρανῶ
3395 4556 3500 4627 τῆς
3528 4557 3617 4611 διὰ
3643 4558 3745 4611 τῶν

2167 4646 2433 4715 ὀμμάτων
2471 4646 2843 4716 ὲνιδρυθείσης
2890 4647 3058 4711 αὐτῆς
3091 4643 3203 4720 [ἷσ.
3264 4648 3471 4721 αὐτοῖς]
3534 4651 3742 4721 ἡδονῆς.

2167 4738 2348 4792 Τίοῦν
2396 4741 2425 4792 ὁ
2473 4738 2672 4806 λόγος;
2720 4739 2845 4801 τοὺς
2876 4738 2994 4806 ὕψει
3050 4741 3123 4810 μὴ
3177 4742 3594 4812 παρειληφότας
3625 4743 3743 4804 τοὺς

2166 4833 2425 4901 ἀρίστους
2479 4832 2677 4895 τόπους
2712 4831 2885 4884 ἐνίοτε
2931 4831 2985 4883 δέ
3011 4849 3111 4884 που
3147 4835 3263 4896 τοῖς
3297 4831 3618 4904 λεγομένοις
3657 4839 3738 4888 ὲνο

2163 4925 2548 4997 τευξομένους,
2586 4927 2998 4996 ἐναργέστερον,
3033 4921 3211 4994 οἶμαι,
3245 4927 3445 4991 διδάξει
3469 4929 3581 4981 τῶν
3612 4928 3738 4982 ἀϐα-

2166 5021 2432 5083 σανίστως
2479 5019 2953 5088 ὲπαγγελλὸντων.
3001 5019 3220 5073 Μᾶλλον
3246 5020 3301 5072 δὲ
3332 5021 3429 5073 καὶ
3465 5024 3581 5085 τοῖς
3615 5021 3736 5073 θεα-

479 5109 569 5175 qui
608 5109 781 5164 oculis
809 5125 962 5166 sacra
997 5111 1080 5166 illa
1116 5111 1232 5167 loca
1272 5129 1378 5167 non
1441 5115 1860 5183 pet-lustrarunt,
1921 5133 2063 5188 smpe

2175 5114 2425 5184 σαμένοις
2460 5113 2667 5179 εἰσάξει
2698 5114 2821 5168 τινα
2856 5113 3071 5185 τέρψιν,
3102 5111 3262 5184 εἴπερ
3299 5112 3334 5168 ἃ
3363 5113 3588 5186 βλέπειν
3616 5117 3731 5188 ἡδὺ,

477 5200 641 5254 etiam
670 5211 725 5255 et
766 5217 883 5269 eos,
917 5205 1010 5274 qui
1063 5219 1126 5258 ea
1153 5205 1498 5260 narrantibus
1539 5216 1856 5272 occurrunt,
1891 5224 2048 5277 quam

2161 5208 2366 5262 τούτων
2395 5207 2700 5278 ἀκροᾶσθαι
2739 5208 2995 5279 τερπνόν.

479 5293 578 5357 illi,
626 5297 716 5365 qui
747 5297 864 5352 sine
901 5298 1008 5354 ullo
1059 5300 1306 5356 examine
1363 5303 1668 5370 enuntiant,
1730 5303 1840 5358 imo
1871 5313 1926 5358 et
1986 5304 2053 5360 iis
2090 5304 2184 5373 qui
2221 5301 2400 5358 intuiti
2465 5309 2613 5370 sunt,
2681 5303 3008 5372 voluptatem
3067 5303 3304 5372 aliquam
3368 5302 3729 5367 conciliabit,

480 5383 526 5439 si
557 5400 676 5450 qua!
713 5389 1028 5456 conspicere
1059 5391 1236 5456 dulce,
1270 5405 1331 5446 ea
1380 5392 1544 5447 etiam
1597 5408 1766 5449 suave
1818 5403 1904 5449 est
1961 5396 2168 5451 audire.

547 5481 604 5535 Ξ.
634 5481 918 5550 Exstabat,
956 5495 1067 5540 tum
1105 5501 1228 5542 cum
1267 5499 1386 5542 erat
1415 5489 1483 5544 ad
1507 5488 1764 5544 Orontem
1795 5490 2052 5547 Antiochi

479 5574 790 5646 Theopolis,
822 5578 1154 5634 theatrorum
1185 5581 1577 5652 magnitudine,
1605 5591 1846 5638 stoarum
1873 5585 2056 5653 splen-

479 5668 724 5733 doribus,
762 5671 1084 5739 templorum
1143 5676 1452 5741 structuris,
1483 5677 1634 5745 c0pia
1667 5676 1794 5730 item
1824 5677 2051 5744 civium,

478 5767 532 5815 et
558 5761 867 5818 divitiarum
925 5765 1349 5833 magniﬁcentia,
1399 5769 1634 5838 superba
1682 5784 1744 5822 ac
1801 5778 2048 5826 tumens:

475 5852 688 5924 lateque
713 5864 936 5912 casteras
962 5855 1076 5914 fere
1121 5859 1414 5916 orientales
1453 5860 1612 5916 urbes
1649 5861 2050 5928 exsuperabat:

2228 5487 2409 5558 β⁹.⁷[1ν
2440 5492 2527 5545 ὅτε
2559 5491 2667 5561 ἄρα
2701 5490 2796 5544 καὶ
2841 5486 2908 5561 ἦν
2946 5491 2978 5563 ἡ
3003 5491 3134 5563 περὶ
3164 5491 3258 5545 τὸν
3279 5493 3538 5563 Ὀρόντην
3565 5491 3722 5546 θεού-

2156 5587 2311 5648 πολις
2350 5584 2624 5655 Ἀντιόχου
2654 5583 2873 5652 μεγέθει
2902 5582 3170 5655 θεάτρων,
3204 5585 3376 5638 στοῶν
3415 5583 3716 5647 καλλοναῖς,

2154 5677 2249 5730 καὶ
2281 5676 2423 5729 ναῶν
2459 5675 2822 5746 ἀφιδρύμασι,
2855 5673 3053 5745 πλήθει
3094 5691 3155 5729 τε
3200 5676 3458 5739 πολιτῶν,
3489 5678 3585 5729 καὶ
3620 5691 3713 5727 πο·

2152 5767 2375 5840 λυολσίᾳ
2395 5767 2699 5839 χρημάτων
2734 5765 3070 5838 βρενθιῶσα,
3095 5773 3190 5821 καὶ
3222 5768 3437 5841 λαύρως
3464 5769 3711 5836 ὑπερκει-

2157 5864 2295 5936 μένη
2349 5861 2459 5914 τῶν
2518 5859 2616 5932 τῆς
2670 5858 2940 5929 ἀνατολῆς
2999 5859 3182 5931 σχεδὸν
3245 5862 3434 5916 πασῶν
3487 5862 3706 5913 πόλεων.
