3988 6284
253 345 370 411 9‘29

1296 352 1756 412 DESCRIPTlO
1795 353 2074 415 TERPUE
2117 352 2448 417 SANCT/E.

3421 354 3526 420 930

248 459 424 517 Ἀλλὰ
465 463 656 536 χρόνος
690 464 782 535 καὶ
813 465 1088 537 βάρϐαρος
1130 466 1251 538 χεὶρ
1285 467 1494 537 ταύτης
1539 467 1634 521 τὸν
1678 467 1823 520 ὅλὸοι

1937 469 2037 524 sed
2087 480 2316 539 tempus,
2359 483 2421 524 ac
2453 468 2534 523 vis
2583 468 2838 535 barbara,
2895 466 3215 523 beatitatem
3258 465 3402 523 illius
3426 484 3526 523 ex-

253 556 517 624 ἠφάνισε,
543 557 648 608 κᾶν
676 557 754 610 ἔτι
802 557 1225 630 περιαπράπτῃ
1256 559 1646 630 πυργώμασιν,
1678 561 1846 613 ἐπάλ-

255 649 396 714 ξεών
430 667 487 702 τε
524 649 688 721 ίσχύῖ,
733 652 957 722 εὐανθὶᾳ
995 655 1470 724 περισχιζομένων
1505 655 1713 708 ὑδάτων
1751 673 1843 707 κε-

251 742 568 808 λαρισμοῖς,
631 742 815 812 ἠρέμα
874 759 995 806 πως
1026 743 1384 814 διαχεομένου
1431 747 1495 815 τῇ
1546 745 1699 799 πόλει
1743 745 1838 798 τοῦ

250 830 504 898 ποταμοῦ
555 831 646 882 καὶ
703 830 1187 903 περιζωννύοντος,
1225 835 1320 887 καὶ
1367 835 1563 905 ὑγραῖς
1599 838 1841 902 ἐπαφαῖς

252 921 736 990 περιπλεκομένου
791 941 899 978 των
953 927 1342 997 πυργωμάτων
1377 927 1572 998 αὐτῆς.
1617 930 1737 983 Ἔτι
1784 929 1840 982 δὲ

248 1016 368 1077 τοῖς
398 1017 460 1067 ἐκ
485 1015 586 1084 τῆς
623 1017 934 1080 Κασταλίας
966 1024 1150 1089 πηγῆς
1196 1021 1566 1091 διαφερόντως
1616 1025 1840 1092 ἀρδευο-

251 1108 395 1179 μένη
426 1113 650 1179 νάμασι,
680 1114 978 1185 γρουνηδὸν
1010 1117 1442 1186 περιῤῥεομὲνου
1485 1119 1581 1171 καὶ
1629 1119 1839 1190 ταύτης

247 1201 351 1252 τοῦ
385 1202 606 1270 ῥείθρου
642 1203 732 1254 καὶ
761 1206 986 1273 συχναῖς
1015 1205 1250 1275 ἁμαρῶν
1281 1209 1436 1276 χοαῖς
1463 1209 1524 1260 τὸ
1556 1208 1704 1262 ἅπαν
1737 1226 1839 1262 πε·-

252 1297 534 1362 ριχέοντος
587 1295 747 1356 ἄστυ,
795 1297 890 1349 καὶ
941 1297 1099 1351 τοῦτο
1131 1302 1243 1362 τοῖς
1269 1299 1512 1370 χεύμασι
1555 1303 1840 1357 καταπλύ-

243 1401 454 1450 νοντος,
507 1386 764 1458 δαψιλείᾳ,
810 1389 996 1460 χειρὸς
1043 1393 1141 1445 καὶ
1169 1391 1560 1466 μεγαλοψύχου
1599 1396 1694 1449 τοῦ
1739 1401 1840 1467 τῆς

248 1479 462 1542 πόλεως
498 1481 770 1547 οἰκιστοῦ,
810 1484 873 1536 ὲκ
907 1482 1015 1539 τῶν
1061 1487 1232 1557 αὐτῆς
1269 1489 1460 1558 πηγῶν
1513 1509 1839 1563 μετοχετεύ-

245 1568 436 1631 θέντος
469 1569 564 1623 τοῦ
596 1572 862 1642 νάματος,
890 1575 978 1630 διὰ
1023 1577 1132 1630 τῶν
1165 1579 1336 1651 ὀρέων
1395 1584 1558 1654 μέχρι
1593 1583 1694 1654 τῆς
1737 1586 1837 1639 πό-

248 1659 402 1725 λεως.
449 1664 736 1720 Ἐντεῦθεν
771 1668 831 1721 τδ
876 1671 1208 1743 περιϐόητον
1253 1674 1354 1744 τῆς
1395 1676 1616 1747 Δάφνης
1661 1679 1836 1748 προά-

246 1767 426 1803 στειον
456 1756 727 1810 παντοίων
771 1759 956 1828 φυτῶν
985 1780 1050 1814 πε
1061 1764 1490 1833 ριστεφανοῦται
1521 1769 1826 1843 ἀναδρομῇ,

1948 561 2164 629 hausit;
2218 561 2349 617 licet
2397 564 2688 631 conspicua
2717 561 2896 617 adhuc
2920 561 3011 626 sit,
3068 571 3122 616 et
3149 563 3378 616 turrium
3402 562 3529 617 alti-

1947 654 2152 718 tudine,
2187 660 2240 706 et
2256 652 2783 722 propugnaculorum
2829 651 3125 716 validitate,
3163 661 3216 706 et
3251 662 3525 716 pratorum

1941 761 2006 803 ac
2036 747 2225 802 ﬂorum
2277 748 2561 818 omnigena
2610 745 2968 813 fecunditate,
3002 756 3055 800 et
3103 747 3156 800 in
3188 746 3371 815 plures
3402 763 3528 816 par-

1944 848 2023 895 tes
2062 855 2184 896 sese
2211 842 2564 897 dividentium
2602 856 2866 910 aquarum
2902 841 3115 906 sibilis;
3150 854 3270 895 cum
3304 840 3513 909 placide

1941 930 2134 986 ﬂuvius
2165 933 2509 987 circumﬂuat
2558 934 2748 987 urbem
2783 941 2837 987 et
2877 933 3078 1003 cingat,
3114 943 3168 984 et
3198 930 3343 984 molli
3375 939 3522 984 tactu

1941 1026 2060 1096 ejus
2119 1037 2301 1081 turres
2367 1028 2870 1096 circumplectatur.
2919 1025 3144 1095 insuper
3208 1038 3239 1080 e
3300 1024 3524 1079 Castalii

1944 1120 2106 1174 fontis
2139 1118 2354 1175 ﬂuentis
2385 1135 2599 1191 egregie
2626 1118 3097 1189 lrrigatur~;cujus
3132 1132 3282 1188 aqua:
3315 1129 3527 1173 torren-

1946 1213 2076 1266 tium
2113 1213 2286 1267 instar
2334 1212 2628 1283 pelluntur,
2694 1223 2748 1268 et
2811 1211 3190 1281 frequentibus
3253 1209 3528 1264 sulcorum

1945 1307 2071 1362 rivis
2104 1306 2292 1361 urbem
2316 1307 2624 1361 universam
2656 1303 3009 1374 perfundunt,
3039 1318 3268 1374 eamque
3295 1303 3531 1358 ﬂuxibus

1940 1406 2266 1468 aspergunt;
2307 1413 2594 1467 operarum
2631 1397 2807 1466 copia,
2844 1405 2898 1451 et
2950 1395 3251 1451 conditoris
3283 1395 3530 1466 magniﬁ-

1940 1491 2139 1555 centia,
2172 1505 2237 1545 ex
2268 1490 2412 1546 illius
2473 1489 2714 1545 fontibus
2768 1504 2864 1560 per
2897 1498 3110 1545 montes
3141 1491 3206 1544 ad
3231 1489 3401 1558 ipsam
3444 1489 3530 1542 ci-

1939 1591 2166 1645 vitatem
2199 1590 2449 1646 laticibus
2486 1590 2798 1648 corrivatis.
2855 1590 2954 1645 Hic
3004 1590 3148 1646 fama
3213 1603 3308 1661 per
3335 1592 3522 1646 orbem

1941 1684 2215 1754 vulgatum
2242 1683 2488 1754 Daphnes
2518 1683 2860 1751 suburbium,
2880 1685 3120 1753 proceris
3169 1697 3330 1738 omne
3360 1699 3530 1753 genus

1925 1777 2227 1832 .arboribus
2295 1786 2636 1840 exornatum,
2665 1789 2721 1832 et
2763 1791 2920 1833 mons
2969 1786 3052 1833 est
3088 1779 3325 1833 maxime
3374 1779 3529 1834 nobi-

244 1845 342 1894 καὶ
374 1844 434 1896 τὸ
468 1825 793 1916 θαυμαστόν
823 1853 972 1904 ἐστιν
989 1825 1138 1920 ὅρος,
1175 1825 1244 1909 οὗ.
1265 1855 1525 1928 πολιστὴς
1563 1863 1590 1913 ὁ
1617 1825 1823 1932 θὲιυξιςῖξ

1937 1873 2006 1927 lis
2034 1885 2194 1940 quem
2242 1871 2594 1926 admirandus
2624 1869 2844 1928 Simeon
2898 1872 2950 1926 in
2983 1871 3371 1927 habitationem
3429 1871 3528 1927 ad-

244 1937 373 2000 στός
407 1938 663 2008 Συμεών.
710 1940 936 2008 Τούτοις
967 1949 1160 2019 όμορεῖ
1190 1950 1249 2003 τὸ
1285 1952 1508 2024 Μαῦρον
1533 1953 1658 2025 ὅρος
1682 1957 1773 2009 καὶ
1803 1957 1831 2010 ό

240 2029 542 2097 Σκόπελος,
569 2037 628 2087 ὲν
652 2029 736 2100 οἷς
766 2039 937 2094 πάλαι
963 2042 1062 2112 μὲν
1090 2044 1275 2098 πολλοὶ
1301 2045 1584 2116 Θεοφιλεῖς
1617 2051 1832 2122 ἅνθρω-

239 2139 334 2176 ποι
372 2124 464 2178 τὸν
494 2127 627 2181 Θεὸν
653 2131 1061 2202 ἐκζητήσαντες
1094 2130 1283 2206 εὖρον,
1317 2140 1412 2192 καὶ
1445 2137 1541 2194 νῦν
1581 2141 1690 2196 τῶν
1717 2159 1830 2196 σω·-

235 2217 490 2287 ζομένων
524 2222 652 2285 είσὶ,
683 2224 778 2276 καὶ
808 2225 908 2290 τὰς
953 2226 1160 2298 λόχμας
1213 2231 1322 2284 τῶν
1353 2228 1539 2287 αὐτῶν
1576 2235 1823 2291 οἰκοῦσιν

239 2307 437 2376 όρέων,
465 2312 681 2365 ἐκείνου
726 2317 826 2384 τῆς
879 2317 1147 2390 καλλονῆς
1176 2321 1478 2393 ἐφιέμενοι,
1524 2325 1590 2379 Ἦ
1619 2327 1677 2380 δὲ
1709 2328 1832 2380 Κα-

236 2402 438 2454 σταλία
471 2405 620 2476 πηγὴ
684 2409 854 2478 μέσον
890 2410 984 2464 δύο
1043 2411 1253 2481 βουνῶν
1285 2416 1738 2488 ἀποθρώσκουσα
1765 2421 1830 2475 ἐκ

235 2494 352 2549 τῶν
379 2500 668 2568 προπόδων
690 2502 786 2556 τοῦ
819 2505 956 2574 πρὸς
981 2507 1262 2563 θάλασσαν
1292 2511 1410 2576 ἑνὸς
1441 2513 1828 2581 ἀπονεύοντος,

223 2588 475 2669 ἐξαίσιόν
527 2609 580 2645 τι
633 2594 781 2665 νᾶμα
827 2598 1020 2666 χανδὸν
1063 2602 1490 2675 ἀπερῥεύγεται,
1543 2607 1601 2660 ὲν
1734 2608 1832 2662 καὶ

233 2685 371 2738 στοὰ
407 2687 772 2760 παμμεγέθης
801 2691 1020 2761 ὁρᾶται,
1052 2699 1460 2768 περιοροφοῦσα
1485 2701 1555 2754 τὰ
1585 2705 1685 2773 τῆς
1719 2722 1828 2773 πη-

229 2774 342 2844 γῆς
386 2777 637 2847 νάματα,
673 2782 767 2850 ἀφ’
820 2779 888 2856 ἦς
919 2785 980 2837 τὸ
1028 2785 1174 2857 ὕδωρ
1212 2791 1500 2860 πλησμίως
1543 2796 1828 2850 ἀποπτυό-

235 2881 405 2936 μενον
433 2866 559 2922 δυσὶ
611 2874 994 2942 περισχίζεται
1038 2875 1302 2947 χεύμασι.
1340 2881 1451 2934 Καὶ
1482 2883 1543 2936 τὸ
1572 2883 1675 2953 μὲν
1711 2886 1830 2940 δια-

230 2957 618 3025 μαρευόμενον
649 2961 709 3012 ὲν
760 2960 1096 3033 ὑψιόάμοσιν
1129 2966 1366 3036 ὀχετοῖς,
1428 2969 1526 3023 καὶ
1579 2974 1830 3045 ὲναέριος

232 3049 534 3119 γενόμενον
568 3053 810 3124 ποταμὸς
859 3055 917 3121 ἐξ
964 3057 1304 3127 ὑπερδεξίων
1351 3065 1418 3133 τῇ
1463 3065 1616 3119 πόλει
1664 3086 1828 3142 περι-

240 3143 395 3212 φοιτᾷ
420 3157 434 3171 ·
494 3143 555 3196 τὸ
602 3145 658 3198 δὲ
693 3149 816 3211 ταῖς
848 3150 938 3203 ἐπ’
989 3151 1258 3224 ἀριστερᾷ
1300 3156 1369 3225 τῇ

237 3235 530 3304 πελαγίζον
561 3239 917 3310 ὲπιλιμνὰζει
948 3243 1062 3307 τοῖς
1097 3243 1249 3297 ἕλεσι
1289 3249 1383 3300 καὶ
1425 3248 1550 3302 ὅλον
1584 3251 1678 3305 τὸν
1721 3254 1820 3325 τῆς

231 3328 454 3397 Δάφνης
502 3333 732 3402 ὲπάρδει
758 3331 1021 3405 λειμῶνα,
1054 3339 1148 3391 καὶ
1175 3342 1297 3403 ταῖς
1328 3340 1422 3394 τοῦ
1479 3344 1729 3414 Ὀρόντου
1762 3346 1823 3414 ἐξ

231 3422 540 3492 εὐωνύμων
601 3428 752 3493 ῥοαῖς
808 3428 1190 3500 ὲπιμίγνυται.
1267 3435 1340 3488 Τὸ
1398 3437 1455 3491 δὲ
1505 3437 1822 3511 θαυμαστὸν

222 3515 359 3586 ὅρος
391 3517 598 3585 μεταξὺ
625 3520 722 3588 τῆς
770 3522 986 3588 πόλεως
1017 3526 1112 3578 καὶ
1144 3526 1246 3597 τῆς
1301 3527 1582 3602 θαλάσσης
1621 3533 1821 3605 λοιμού-

232 3625 398 3678 μενον
426 3610 664 3676 ἐξαίσιόν
695 3631 748 3665 τι
785 3615 972 3685 χρῆμα
1006 3618 1102 3671 καὶ
1135 3618 1432 3692 ὀφθαλμῶν
1464 3625 1674 3697 ἀγλαΐᾳ
1707 3631 1822 3692 τοῖς

225 3702 627 3773 ἐντυγχάνουσι
660 3705 942 3775 βλέπεται,
983 3709 1310 3779 μεθοριάζον
1342 3714 1450 3786 γὰρ
1484 3717 1583 3785 τήν
1615 3734 1672 3770 τε
1716 3719 1818 3772 πό-

225 3790 471 3857 λιν,·καὶ
498 3792 599 3864 τὴν
630 3796 791 3865 ῥωσῶ
834 3797 892 3862 ἐξ
925 3798 1207 3870 ἑκατέρων
1240 3803 1407 3856 αὑτοῦ
1458 3805 1570 3858 τῶν
1633 3809 1820 3879 μερῶν

225 3885 290 3938 τὸ
312 3885 439 3958 ὅρος
468 3885 585 3958 ἔχει
622 3889 713 3941 τὸν
763 3888 1058 3968 Σκόπελον,
1094 3894 1189 3946 καὶ
1220 3896 1312 3948 τὸν
1336 3895 1633 3968 λεγόμενον
1669 3903 1821 3955 Καύ-

228 3994 424 4035 κασον.
457 3980 520 4035 '0
574 3981 631 4035 δὲ
665 3985 909 4054 ποταμὸς
958 3985 1219 4056 Ὀρόντης
1265 3989 1530 4059 είλιγμῶν
1573 3992 1819 4063 ἀπείρων

228 4070 606 4146 περιδινήσεσι
647 4076 776 4145 περὶ
829 4077 957 4142 τοὺς
1010 4078 1289 4149 πρόποδας
1345 4084 1456 4153 ῥέει
1492 4083 1586 4139 τοῦ
1631 4084 1816 4156 ἤρους,

227 4164 323 4217 καὶ
349 4167 415 4234 τῇ
445 4165 687 4240 θαλάσσῃ
713 4168 776 4221 τὸ
799 4167 1015 4240 ῥεῖθρον
1037 4169 1286 4228 ἐκπτύει.
1317 4174 1520 4229 Τούτου
1539 4175 1633 4229 τοῦ
1657 4176 1815 4247 ὅρους

227 4256 294 4328 τῇ
333 4261 552 4330 κορυφῇ
581 4261 609 4313 ὀ
659 4260 834 4331 μέγας
867 4265 1227 4335 ὲφησυχάσας
1265 4266 1406 4338 ἀνὴρ
1447 4269 1678 4335 ἐκεῖνος,
1721 4275 1818 4329 καὶ

228 4345 534 4411 ἀναϐάσεις
560 4346 791 4419 θέμενος
825 4351 884 4404 ὲν
918 4352 1137 4424 καρδίᾳ,
1183 4355 1480 4426 μετάρσιος
1510 4359 1568 4411 ὲν
1600 4360 1817 4431 σώματι

224 4439 460 4508 γίνεται,
490 4442 586 4498 καὶ
624 4446 927 4512 φιλονεικεῖ
950 4449 1096 4516 μετὰ
1133 4445 1394 4518 σώματος
1429 4450 1692 4519 γενέσθαι
1725 4456 1814 4508 αῖ-

1935 1965 2165 2033 aptavit.
2213 1963 2377 2018 Hisce
2437 1964 2698 2020 ﬂnitimus
2731 1975 2815 2019 est
2840 1980 2996 2020 mons
3034 1963 3273 2031 Maurus,
3306 1975 3360 2020 et
3393 1965 3530 2021 Sco-

1940 2057 2121 2126 pulus,
2159 2057 2239 2114 Iin
2280 2056 2476 2127 quibus
2499 2056 2798 2126 antiquitus
2833 2059 2986 2114 multi
3033 2057 3142 2114 Deo
3171 2059 3528 2116 addictissimi

1936 2149 2061 2213 viri,
2109 2147 2278 2204 Deum
2336 2150 2741 2219 conquirentes,
2783 2152 3132 2219 invenerunt,
3166 2162 3222 2209 et
3289 2153 3357 2209 ad
3411 2150 3529 2211 haec

1933 2258 2179 2322 tempora
2215 2253 2546 2322 perdurant,
2577 2261 2652 2318 et,
2708 2252 3048 2310 laudatorum
3105 2256 3369 2312 montium
3405 2259 3528 2327 pul-

1935 2343 2248 2399 chritudine
2279 2345 2521 2415 pellecti,
2559 2345 2724 2400 silvas
2756 2347 3082 2402 inhabitant.
3113 2348 3382 2404 Castalius
3405 2348 3528 2407 fons

1938 2435 2079 2493 inter
2133 2437 2267 2493 duos
2298 2438 2463 2494 colles
2516 2438 2800 2506 exsiliens,
2860 2456 2927 2496 ex
2963 2441 3079 2511 ejus
3110 2443 3200 2513 qui
3268 2445 3318 2498 in
3376 2458 3527 2500 mare

1936 2531 2236 2599 procurrit,
2309 2532 2415 2586 ima
2473 2545 2647 2602 parte,
2711 2534 2912 2588 eximia
2975 2535 3220 2604 quadam
3257 2552 3521 2606 aquarum

1933 2622 2135 2694 irrigua
2165 2624 2405 2691 evomit;
2458 2625 2509 2678 in
2561 2641 2668 2693 quo
2714 2627 3048 2697 praegrandis
3093 2630 3325 2700 assurgit
3354 2629 3525 2698 porti-

1935 2731 2055 2781 cus,
2102 2731 2322 2771 cursum
2353 2717 2522 2774 l'ontis
2554 2734 2945 2775 concamerans
2973 2739 2988 2775 :
3027 2721 3154 2775 hinc
3181 2738 3338 2792 aqum
3366 2723 3524 2777 aliiu-

1932 2815 2088 2862 enter
2120 2807 2487 2877 prosilientes,
2521 2809 2574 2862 in
2601 2810 2734 2864 duos
2768 2811 2913 2865 rivos
2944 2808 3259 2865 dividuntur
3288 2825 3520 2866 :earum

1932 2915 2037 2953 uua
2087 2915 2212 2970 pars
2249 2916 2345 2971 per
2374 2902 2667 2958 altissimos
2703 2904 2920 2969 ductus,
2963 2904 3127 2958 veluti
3170 2904 3371 2970 sulcos,
3399 2922 3526 2960 cur-

1932 2993 2127 3058 rivata,
2162 3010 2314 3063 aeque
2344 3011 2407 3050 ac
2434 3010 2624 3051 aereus
2659 2995 2856 3050 ﬂuvius
2909 3012 2972 3051 ex
3017 3005 3172 3066 parte
3203 2998 3390 3052 dextra
3429 3014 3527 3054 su-

1933 3084 2241 3155 periorique
2283 3088 2333 3141 in
2387 3086 2588 3144 Urbem
2626 3086 2822 3155 inﬂuit,
2881 3087 3077 3153 altera,
3122 3089 3364 3147 sinistris
3386 3089 3522 3146 fonti

1418 3159 1568 3228 πηγῇ
1601 3160 1821 3216 πεδιάσι

1929 3175 2061 3232 locis
2103 3179 2504 3250 campestribus
2553 3181 2863 3246 exundans,
2919 3181 2974 3234 in
3007 3181 3295 3250 paludibus
3330 3200 3522 3253 super-

1928 3280 2164 3341 stagnat,
2194 3270 2557 3341 univerSaque
2619 3272 2874 3342 Daphnes
2929 3283 3088 3344 prata
3149 3273 3518 3340 irrorat;de-

1927 3381 2069 3421 mum
2132 3365 2283 3421 lavis
2318 3363 2539 3421 Orontis
2566 3367 2782 3420 ﬂuentis
2814 3364 3174 3422 immiscetur.
3208 3366 3359 3421 Mons
3388 3383 3520 3422 vero

1924 3459 2276 3513 admirandus
2309 3459 2452 3513 inter
2471 3459 2659 3514 urbem
2696 3468 2749 3512 et
2782 3473 2932 3513 mare
2966 3460 3164 3520 elatus,
3192 3474 3276 3514 res
3304 3463 3516 3532 egregia

1922 3565 1987 3604 ac
2049 3550 2380 3619 spectabilis.
2435 3560 2489 3604 et
2531 3549 2940 3605 advenientium
3004 3551 3177 3605 oculis
3236 3550 3514 3618 delicium,

1923 3641 2280 3711 conspicitur.
2329 3641 2577 3711 Namque
2627 3641 2745 3696 urbi
2806 3641 3070 3712 Rosoque
3107 3644 3514 3708 conterminus,

1926 3734 2175 3801 utrisque
2229 3735 2552 3804 epartibus,
2602 3744 2805 3799 monte,
2855 3735 3099 3806 scopulo,
3162 3736 3524 3807 Caucasoth

1922 3828 2334 3900 constringitur.
2399 3823 2633 3883 Orontes
2666 3825 2861 3882 ﬂuvius
2895 3827 3196 3883 innumeris
3261 3829 3515 3885 inﬂexio-

1922 3939 2049 3978 num
2073 3921 2373 3977 verticibus
2407 3921 2472 3975 ad
2502 3923 2668 3991 pedes
2697 3923 2893 3975 montis
2930 3920 3172 3992 proﬂuit,
3203 3933 3253 3978 et
3280 3922 3332 3976 in
3367 3938 3517 3977 mare

1922 4028 2090 4082 aquas
2131 4011 2392 4067 immittit.
2456 4009 2515 4065 in
2555 4011 2757 4067 montis
2803 4011 3029 4082 hujusce
3061 4014 3263 4070 vertice
3292 4029 3514 4084 magnus

1922 4105 2016 4174 ille
2057 4110 2160 4170 vir,
2199 4102 2492 4174 tranquille
2527 4104 2694 4159 vitam
2722 4119 2908 4175 agens,
2946 4111 2999 4158 et
3051 4105 3103 4160 in
3135 4107 3298 4160 corde
3322 4122 3514 4161 ascen-

1919 4195 2102 4253 siones
2153 4196 2470 4265 disponens,
2528 4211 2756 4266 corpore
2817 4197 3064 4252 sublimis
3107 4196 3401 4265 extollitur,
3458 4208 3515 4258 et

1919 4302 2042 4343 cum
2078 4287 2195 4357 ipso
2223 4301 2451 4356 corpore
2479 4287 2753 4344 aethereus
2793 4288 2934 4355 ﬂeri,
2975 4290 3229 4359 interque
3262 4290 3425 4344 Deum
3453 4298 3515 4348 et

1917 4380 2169 4437 homines
2214 4382 2423 4438 medius
2476 4395 2616 4447 esse,
2662 4383 2962 4438 contendit.
3019 4384 3088 4438 At
3141 4398 3247 4452 qua
3299 4389 3513 4440 ratione

1918 4471 2030 4529 Deo
2063 4473 2242 4528 dedito
2277 4472 2397 4528 viro
2453 4474 2556 4528 ista
2605 4489 2692 4529 res
2721 4473 3083 4529 admiratione
3120 4475 3279 4548 digna
3306 4490 3508 4532 evene-

228 4532 437 4602 θέριος,
481 4537 577 4588 καὶ
622 4536 790 4606 μέσον
823 4530 965 4592 εἷναι
1003 4538 1140 4593 Θεοῦ
1173 4543 1268 4596 καὶ
1321 4543 1654 4614 ἀνθρώπων.
1701 4549 1812 4604 Καὶ

1929 4560 2014 4624 rit,
2071 4559 2189 4631 ipse
2267 4560 2468 4618 dicam.
2530 4561 2912 4632 Lapicidarum
2979 4578 3143 4632 Opera
3177 4530 3510 4621 vsummitate

225 4625 378 4686 ὅπως
429 4626 724 4697 εἴργασται
774 4633 925 4685 τουτὶ
971 4632 1032 4685 τὸ
1089 4634 1398 4705 παράδοξον
1450 4636 1527 4708 τῷ
1571 4638 1816 4710 θεοφιλεῖ

226 4721 425 4793 ἐκείνῳ
453 4723 628 4793 ἀνδρὶ,
653 4722 766 4792 ἐγὼ
795 4725 1048 4795 δηλώσω.
1077 4716 1252 4798 Χερσὶ
1280 4728 1558 4794 λαξευτῶν
1595 4733 1676 4791 εἰς
1710 4734 1812 4806 βά-

224 4812 318 4874 θος
366 4811 624 4877 κοιλάνας
679 4815 773 4884 τὴν
811 4816 909 4868 τοῦ
962 4817 1286 4888 θαυμαστοῦ
1339 4822 1592 4895 κορυφὴν
1645 4825 1811 4894 ὅρους

225 4905 537 4976 μονόλιθον,
569 4907 601 4977 ἢ
634 4908 880 4978 μονοφυῆ
917 4910 1085 4979 μονὴν
1123 4913 1521 4982 ἀπειργάσατο,
1547 4910 1615 4989 ἧς
1643 4919 1810 4988 μέσον

221 5000 472 5070 αὐτοφυῆ
506 4998 776 5065 λαξεύσας
800 5001 976 5065 κίονα,
1007 5004 1065 5054 ἐν
1088 5003 1238 5076 αὐτῷ
1271 5004 1369 5070 τὰς
1402 5007 1591 5076 βάσεις
1629 5009 1805 5078 ἔθετο,

219 5094 318 5150 ἐπὶ
367 5094 577 5166 πέτρας
631 5096 773 5149 κατὰ
823 5096 884 5149 τὸ
929 5094 1112 5166 λόγιον
1156 5087 1300 5163 τοὺς)
1345 5101 1514 5166 πόδας
1557 5103 1802 5174 ἐρείσας,

219 5190 353 5260 περὶ
385 5188 442 5243 δὲ
493 5189 785 5261 ἀνίσχοντα
810 5190 965 5262 ἥλιον
994 5192 1123 5245 ναὸν
1165 5192 1356 5264 ἤγειρε
1395 5195 1702 5266 περικαλλῆ
1729 5197 1806 5266 τῷ

220 5283 365 5356 Θεῷ,
401 5284 459 5337 ὲν
486 5283 634 5354 αὐτῷ
669 5284 958 5339 συνεκάλει
999 5285 1124 5348 τοὺς
1158 5286 1323 5338 αὐτοῦ
1377 5288 1624 5360 μαθητάς
1663 5305 1676 5318 ·
1709 5289 1803 5344 καὶ

217 5376 373 5442 ὄντος
419 5379 523 5448 μὲν
579 5380 638 5432 ὲν
692 5379 969 5450 ὑπαίθρῳ,
1012 5374 1159 5433 οὗτοι
1209 5379 1266 5432 δὲ
1298 5379 1510 5434 ἔνδοθεν
1543 5382 1638 5435 τοῦ
1671 5385 1800 5439 ναοῦ

217 5473 526 5536 όλονύκτως
582 5473 886 5542 ἱστάμενοι,
941 5473 1056 5535 τοῖς
1104 5472 1282 5540 ἁγίοις
1325 5475 1652 5545 πρέπουσαν
1708 5477 1804 5531 λα-

217 5565 412 5635 τρείαν
441 5565 559 5635 Θεῷ
589 5565 957 5636 προσέφερον.

286 5657 358 5726 γ’.
393 5658 550 5712 Μετὰ
605 5657 660 5710 δὲ
696 5657 870 5712 ταῦτα
911 5657 1005 5711 καὶ
1056 5656 1157 5729 τὴν
1213 5658 1542 5729 Ἀντιόχειαν
1583 5662 1732 5715 ἐστιν
1765 5663 1797 5734 ἡ

1919 4654 2119 4709 montis
2152 4653 2455 4710 admirandi
2506 4657 2615 4711 alte
2664 4669 2946 4721 excavata,
3003 4661 3403 4714 monasterium
3438 4673 3506 4720 ex

1915 4763 2022 4801 uno
2051 4747 2340 4803 conﬂatum
2380 4749 2931 4820 compaginatumque
2977 4748 3154 4821 lapide
3191 4753 3459 4808 exstruxit
3489 4766 3502 4805 :

1915 4841 1967 4895 in
2043 4841 2218 4898 media
2294 4843 2608 4898 monasterii
2674 4843 2814 4897 inter
2863 4843 3079 4898 excisos
3135 4843 3341 4912 lapides
3406 4859 3505 4903 sua

1913 4946 2102 5006 sponte
2125 4944 2248 4990 nata
2281 4936 2534 4991 columna
2567 4936 2768 5006 gradus
2791 4937 3061 5007 appinxit,
3085 4951 3245 5006 super
3272 4947 3500 5008 petram,

1911 5039 1970 5083 ut
2001 5043 2158 5084 sacro
2206 5026 2432 5099 Eloquio
2461 5029 2716 5093 traditur,
2751 5030 2978 5098 pedibus
3018 5029 3272 5093 ﬁrmatis,
3312 5044 3503 5091 versus

1909 5132 2244 5185 exorientem
2289 5131 2457 5186 solem
2489 5129 2744 5199 templum
2780 5129 3205 5198 pulcherrimum
3246 5130 3353 5186 Dco
3381 5148 3503 5188 ενοι

1911 5225 2012 5286 xit,
2067 5224 2119 5278 in
2161 5225 2300 5292 quod
2334 5224 2637 5294 discipulos
2664 5225 3046 5280 convocabat:
3081 5236 3246 5295 atque
3283 5228 3354 5280 ita
3386 5232 3490 5286 sub

1909 5314 2000 5369 dio
2036 5315 2150 5384 ipse
2178 5331 2544 5380 commorans,
2582 5316 2659 5370 illi
2695 5322 2806 5371 tota
2846 5327 3004 5372 nocte
3038 5317 3087 5370 in
3114 5319 3315 5387 templo
3347 5330 3497 5374 stau-

1911 5415 2015 5470 tes,
2069 5414 2129 5458 ut
2157 5403 2384 5461 decebat
2437 5415 2677 5472 sanctos,
2737 5406 2973 5463 debitum
3033 5406 3144 5464 Deo
3174 5409 3376 5464 cultum
3409 5412 3492 5465 or-

1905 5496 2173 5553 ferebant.

1974 5675 2027 5729 5.
2065 5676 2195 5730 Post
2233 5677 2346 5731 luet:
2385 5687 2439 5730 et
2467 5678 2828 5743 Antiochiam,
2884 5678 3148 5735 Laodicea
3215 5683 3486 5751 sequitur,

220 5753 536 5816 Λαοδίκεια,
574 5753 731 5817 πόλις
772 5754 982 5824 μεγάλη
1035 5756 1130 5808 καὶ
1194 5755 1646 5827 πολυάνθρωπος,
1691 5759 1799 5815 κᾶν

1929 5765 2095 5820 :ivitas
2165 5766 2374 5836 ingens,
2427 5769 2579 5835 copia
2643 5770 2922 5825 hominum
2973 5771 3268 5841 frequens;
3350 5776 3476 5831 licet

233 5851 260 5901 ό
299 5849 492 5922 χρόνος
539 5849 634 5902 καὶ
667 5846 873 5920 ταύτης
919 5848 978 5903 τὸ
1033 5851 1322 5921 μεγαλεῖον
1378 5851 1642 5924 ἐλώΰησε,
1701 5855 1798 5909 καὶ

1905 5864 2111 5928 tempus
2146 5859 2284 5917 illius
2319 5874 2532 5932 quoque
2586 5861 2923 5935 splendorem
2956 5863 3305 5928 imtniuuet'it.
3331 5866 3478 5933 illum
