4060 6290
547 290 652 356 931

1832 296 2020 359 JOAN
2033 298 2075 358 Ν
2088 298 2156 357 IS
2197 298 2463 359 PHOC/E
3684 299 3767 371 93‘2

545 404 822 475 excipiunt
865 404 1089 474 Gabala,
1114 407 1226 463 sive
1258 408 1438 467 Zebel.
1463 409 1591 467 Post
1626 410 1854 477 Gabala,
1879 421 2118 471 castrum

2239 412 2349 469 151‘
2379 414 2598 486 εκείνην
2646 413 2716 469 τὰ
2762 414 2979 471 Γάϐαλα
3018 416 3141 489 ἦτοι
3198 415 3259 470 τὸ
3316 416 3524 482 Ζέϐελ,
3566 418 3701 487 μετὰ
3729 417 3775 471 δι

547 499 813 573 sequitur,
874 499 1152 556 Antarada
1194 502 1421 568 dictum,
1478 505 1592 561 sive
1635 494 1883 561 Tortosa.
1943 506 2008 559 Et
2055 505 2135 562 sic

547 588 1028 661 littori,.'l‘ripolin
1085 608 1277 664 usque,
1325 596 1476 652 varia
1511 606 1689 653 castra
1739 596 2012 668 adjacent.
2076 595 2133 654 ln

549 688 969 749 mediterraneis
1022 690 1212 760 iugum
1281 708 1533 760 maguum
1613 693 1931 766 porrigitur,
1990 694 2139 765 quod

547 782 801 852 Chasysii
827 783 1126 849 accolunt,
1162 798 1293 849 gens
1331 782 1624 851 Saracena,
1656 799 1831 854 neque
1851 784 2134 841 Christum

549 874 906 944 amplectens.
956 889 1131 947 neque
1173 891 1296 931 cum
1342 875 1681 932 Machumeto
1731 878 1992 943 sentiens,
2030 880 2126 933 sed

525 968 785 1039 "propriae
832 978 995 1026 secta:
1050 982 1211 1024 tenax
1240 1011 1255 1036 ,
1285 968 1448 1025 Deum
1478 971 1807 1039 conﬁtetur;
1852 980 1927 1036 et,
1995 971 2141 1026 inter

552 1074 648 1113 eos
670 1060 887 1129 primas;
922 1072 1300 1131 occupantem,
1336 1061 1568 1130 legatum
1626 1060 1721 1116 Dei
1775 1070 2132 1132 nuncupant;

551 1153 709 1221 cujus
763 1153 989 1223 imperio
1016 1152 1084 1208 ad
1135 1170 1450 1224 magnarum
1482 1153 1694 1209 urbium
1749 1155 2021 1224 principes
2054 1155 2137 1208 di-

548 1243 726 1312 missi,
779 1262 872 1302 cos
934 1246 1158 1302 ensibus
1201 1247 1565 1314 obtruncant;
1629 1263 1750 1302 nam
1784 1259 1982 1318 printer
2035 1262 2135 1303 ex-

548 1341 939 1407 spectationem
980 1339 1032 1394 in
1082 1354 1176 1395 eos
1205 1339 1453 1407 irruuut;
1503 1351 1579 1403 et,
1632 1339 1870 1395 facinore
1908 1341 1964 1394 in
1996 1340 2137 1410 ipso,

554 1441 782 1485 mortem
823 1440 1106 1502 oppetunt,
1160 1449 1189 1487 a
1226 1433 1409 1487 multis
1429 1432 1584 1502 pauci
1610 1432 1684 1487 illi
1719 1441 1838 1502 post
1868 1439 2138 1501 patratum

553 1519 735 1576 scelus
760 1520 1120 1578 circumventi
1149 1541 1166 1590 ;
1230 1523 1390 1593 idque
1421 1523 1740 1594 martyrium
1768 1538 1910 1589 esse,
1942 1534 1999 1580 et
2028 1524 2138 1579 im-

551 1613 899 1671 mortalitatis
952 1616 1375 1687 perceptionem,
1399 1612 1734 1671 existimant.

620 1804 676 1860 4.
702 1802 842 1876 Iugo
876 1804 1101 1862 inharet
1146 1809 1543 1887 pulcherrimus
1569 1820 1622 1867 et
1655 1826 1938 1867 sacrarum
1977 1811 2129 1869 Serio

550 1904 834 1963 ptui-arum
899 1897 1053 1955 laude
1107 1899 1272 1971 digne
1324 1904 1608 1960 decoratus
1666 1905 1926 1971 Libanus,
1979 1921 2135 1962 mons

551 1990 905 2061 praegrandis,
933 2006 964 2046 a
1004 1994 1211 2049 vertice
1258 1995 1325 2051 ad
1364 1997 1499 2053 imos
1528 1999 1694 2069 pedes
1755 1998 1896 2055 nivis
1929 2009 2134 2057 tractus

551 2079 719 2136 veluti
756 2082 1037 2139 cincinnos
1062 2082 1312 2151 induens,
1358 2088 1505 2156 pino,
1535 2090 1719 2157 cedro,
1769 2105 2135 2162 cupressoque

540 2176 829 2258 consitus,
878 2185 932 2231 et
990 2176 1114 2245 aliis
1156 2176 1434 2251 frugiferis
1493 2181 1668 2253 iisque
1721 2183 1889 2239 variis
1945 2193 2136 2254 satque

556 2265 964 2324 abundantibus
1032 2269 1231 2339 plantis
1297 2272 1548 2328 refertus.
1605 2273 1815 2339 Partes,
1867 2275 1920 2330 in
1986 2289 2137 2331 mare

555 2364 832 2421 nutantes,
866 2356 1051 2412 colunt
1094 2356 1437 2415 Christiani:
1468 2359 1789 2417 Damascum
1836 2356 2135 2432 respicien-L

556 2458 637 2503 tes
664 2457 719 2503 et
771 2437 1051 2515 Arabiam,
1110 2451 1368 2509 Saraceni
1420 2454 1739 2521 possident:
1771 2469 1837 2511 ex
1864 2455 2018 2512 rimis
2071 2469 2136 2511 ac

552 2539 784 2597 vallibus
833 2542 980 2599 ﬂuvii
1008 2544 1077 2599 ad
1127 2559 1280 2601 mare
1327 2546 1539 2614 pulchri
1568 2547 1999 2619 gelidissimique
2030 2547 2130 2603 de-

553 2644 776 2688 currunt
805 2650 820 2701 ;
860 2649 980 2689 cum
1019 2650 1212 2701 recens
1246 2637 1335 2692 nix
1365 2638 1648 2706 dissoluta,
1679 2638 1854 2695 fluxus
1909 2655 2138 2696 curren-

557 2728 689 2782 tium
722 2743 984 2795 aquarum
1015 2731 1255 2801 crystalli
1293 2733 1466 2788 instar
1519 2734 1739 2790 efliciat.
1796 2734 1876 2789 Ad
1935 2735 2135 2790 montis

552 2821 719 2890 pedes
780 2821 1014 2893 Tripolis
1040 2824 1232 2895 jacet;
1286 2841 1446 2896 quam
1492 2827 1815 2883 conditorin
1846 2826 2132 2896 peninsula

539 2898 775 2981 'posuit:
824 2930 1059 2987 namque
1084 2931 1152 2973 ex
1182 2915 1391 2974 Libano
1428 2929 1588 2974 tenue
1637 2919 1861 2997 dorsum
1924 2921 2130 2976 sensim

553 3007 913 3075 descendens,
969 3008 1270 3081 linguaeque
1300 3010 1472 3067 instar
1528 3012 1584 3066 in
1642 3025 1790 3066 mare
1825 3026 1947 3068 sese
2000 3012 2134 3068 insi-

2234 508 2409 561 ταῦτα
2441 509 2502 560 τδ
2528 508 2767 579 κάστρον
2798 508 3181 579 ὴἋντάραδα,
3222 508 3345 580 ἦτοι
3394 509 3428 579 ἡ
3466 507 3774 580 Τουρτοῦσσ.

2237 600 2349 653 Kal
2376 597 2551 665 οὕτως
2579 602 2706 673 περὶ
2743 602 2844 673 μὲν
2869 601 2959 655 τὸν
2991 600 3239 670 αίγιαλδν
3274 600 3547 655 καστέλλα
3576 600 3779 671 διάφορα

2236 691 2345 756 ἕως
2359 692 2699 763 Τριπόλεως,
2724 694 2853 765 περὶ
2881 694 2937 750 δὲ
2956 693 3017 748 τδ
3044 694 3330 765 μεσόγειον
3349 695 3621 766 διέρχεται
3648 693 3781 763 ζυγὸς

2240 785 2437 852 μέγας,
2471 788 2551 849 είς
2580 784 2637 839 δν
2660 784 2905 839 οἰκοῦσιν
2933 784 2987 839 ei.
3006 784 3295 855 λεγόμενοι
3334 782 3627 845 Χασύσιοι,
3656 782 3782 845 ἔθνος

2238 880 2642 952 Σαρακηνικδν,
2680 879 2818 949 μήτε
2842 877 3253 948 Χριστιανίζον,
3285 877 3426 948 μήτε
3446 876 3516 931 τά
3543 874 3643 930 τοῦ
3662 876 3787 932 Που-

2238 975 2481 1047 χουμέτη
2517 974 2759 1045 φρονῶν,
2798 972 2916 1028 ἀλλ’
2945 970 3085 1025 ῑδίαν
3109 969 3235 1041 ἔχον
3272 968 3491 1042 αἵρεσιν
3531 968 3624 1022 τὸν
3676 967 3788 1023 Θεὸν

2238 1067 2542 1137 ὁμολογεῖν,
2572 1065 2665 1119 καὶ
2692 1064 2784 1118 τὸν
2812 1064 2869 1117 ὲν
2902 1063 3119 1128 τούτοις
3172 1061 3527 1132 πρωτεύοντα
3569 1060 3786 1131 πρέσϐυν

2238 1158 2533 1230 ὀνομάζειν
2581 1157 2743 1222 Θεοῦ,
2774 1150 2836 1211 οὗ
2867 1160 2933 1228 τῇ
2967 1156 3219 1211 κελεύσει
3244 1156 3384 1227 πρὸς
3420 1155 3675 1226 μεγάλων
3701 1152 3791 1225 χω-

2241 1254 2353 1328 ρῶν
2392 1253 2806 1324 ἐκπεμπόμενοι
2832 1250 3129 1323 ἄρχοντας,
3160 1250 3559 1304 κατακαίνουσι
3588 1250 3790 1313 τούτους

2242 1348 2568 1421 μαχαίραις,
2606 1349 2672 1400 ὲκ
2697 1343 2790 1411 τοῦ
2824 1345 3215 1418 ἀπροδοκήτως
3246 1344 3483 1408 ἐκείνοις
3510 1344 3788 1415 έπιπηδᾷν,

2239 1442 2337 1495 καὶ
2365 1439 2877 1510 συναποθνῄσκουσι
2917 1437 2995 1509 τῷ
3031 1438 3367 1509 τολμήματι,
3400 1437 3507 1491 ύπδ
3539 1438 3650 1492 τῶν
3680 1434 3796 1489 πολ-

2238 1531 2348 1586 λῶν
2387 1530 2527 1601 μετὰ
2580 1531 2680 1599 τὴν
2739 1527 2833 1583 τοῦ
2886 1528 3165 1599 δράματος
3207 1530 3527 1600 ἐγχείρησιν
3563 1529 3614 1582 οί
3642 1527 3795 1596 ὀλίγοι

2241 1622 2598 1694 κτεννύμενοι
2622 1639 2637 1654 ο
2673 1620 2837 1675 τοῦτο
2860 1619 3162 1692 μαρτύριον
3190 1620 3425 1692 ἥγηνται
3464 1622 3581 1682 ⁴καὶ.
3615 1618 3798 1673 ἀθανα-

2240 1716 2362 1781 σίας
2386 1714 2703 1787 περιϐολήν.

2310 1810 2373 1865 δ’.
2405 1809 2562 1864 Μετὰ
2588 1807 2653 1863 δὲ
2683 1807 2776 1862 τὸν
2812 1806 3056 1862 τοιοῦτον
3082 1804 3245 1874 ζυγὸν
3273 1804 3423 1859 εστιν
3455 1804 3487 1858 6
3533 1802 3799 1872 πάγκαλος

2238 1897 2334 1952 καὶ
2356 1895 2522 1962 ἀξίως
2548 1896 2882 1967 περιϐόητος
2910 1898 2968 1949 ὲν
2991 1897 3117 1960 ταῖς
3142 1896 3386 1966 Γραφαίς
3433 1894 3683 1960 Λίϐανος,
3715 1893 3806 1959 ζυ-

2236 1990 2333 2060 γὸς
2366 1988 2692 2060 πάμμεγας,
2733 1987 3040 2059 κορυφὸθεν
3076 1989 3241 2061 μέχρι
3278 1990 3566 2061 προπόδων
3598 2004 3806 2061 συρμα-

2235 2081 2330 2146 δας
2386 2082 2566 2152 χιόνος
2598 2080 2673 2145 ὡς
2715 2080 3052 2154 βοστρύχους
3091 2080 3586 2154 περιϐαλλόμενος,
3634 2084 3810 2158 πεύκη

2238 2178 2334 2227 καὶ
2369 2173 2547 2244 κέδρῳ
2592 2174 2686 2227 καὶ
2741 2173 3067 2247 κυπαρίττῳ
3128 2174 3687 2246 καταδενδρούμενος.
3719 2176 3810 2232 καὶ

2236 2266 2413 2321 ἄλλων
2470 2266 2843 2338 ὀπωροςοόρων
2900 2268 3089 2337 φυτῶν
3129 2268 3407 2339 διαφόρων
3442 2268 3709 2339 πλήθεσιν
3736 2270 3809 2323 ὡς

2239 2359 2585 2431 ραῖζόμενος.
2620 2362 2826 2415 Τούτου
2855 2361 2924 2415 τὰ
2959 2360 3095 2432 πρὸς
3125 2360 3409 2415 θάλασσαν
3448 2363 3662 2416 οἰκοῦσι
3689 2363 3817 2433 Χρι-

2239 2455 2472 2521 στιανοὶ,
2496 2455 2562 2508 τά
2594 2454 2651 2509 δὲ
2688 2454 2825 2525 πρὸς
2844 2455 2944 2527 τὴν
2970 2457 3266 2525 Δαμασκὸν
3299 2455 3395 2509 καὶ
3424 2457 3523 2524 τὴν
3550 2453 3816 2525 ’Δραϐίαν

2239 2545 2549 2615 Σαρακηνοὶ
2574 2547 2855 2617 νέμονται,
2890 2548 2954 2600 ἐκ
2979 2547 3087 2601 τῶν
3117 2546 3284 2601 αὑτοῦ
3316 2548 3554 2620 ῥωχμῶν
3584 2551 3682 2603 καὶ
3703 2566 3818 2603 κοι-

2236 2635 2415 2691 λάδων
2450 2638 2787 2711 ἀπορρέουσι
2822 2638 3059 2709 ποταμοὶ
3095 2639 3260 2709 μέχρι
3285 2638 3591 2712 θαλάσσης,
3625 2642 3817 2713 ὡραῖοι

2238 2727 2334 2782 καὶ
2366 2728 2719 2800 πάμψυχροι,
2745 2731 2845 2801 τῆς
2875 2730 3057 2803 χιόνος
3103 2731 3229 2802 ἄρτι
3259 2731 3556 2802 λυομένης,
3599 2735 3700 2787 καὶ
3734 2751 3822 2787 κα-

2237 2820 2757 2892 τακρυσταλλούσης
2773 2823 2871 2886 τὰς
2893 2825 3003 2877 τῶν
3018 2823 3279 2895 ναμάτων
3306 2824 3592 2896 ἐπιῤῥοάς.
3609 2824 3817 2880 Τούτου

2238 2915 2524 2985 περὶντοὺς
2555 2916 2832 2987 πρόποδας
2864 2917 3015 2970 ἐστὶν
3061 2918 3095 2988 ἡ
3140 2916 3425 2983 Τρίπολις,
3460 2917 3528 2990 ἢν
3553 2919 3582 2971 6
3620 2916 3812 2987 δειμά-

2244 3022 2405 3075 μενος
2438 3006 2532 3060 ὲπὶ
2571 3007 2941 3079 χερσοννήσου
2973 3001 3237 3077 ὶπήξατο.
3302 3009 3411 3062 Καὶ
3456 3008 3566 3079 γὰρ
3620 3010 3694 3063 ἑκ
3728 3008 3814 3063 τοῦ

553 3115 751 3165 nuans,
819 3101 888 3156 ad
939 3103 1344 3159 orientaliorem
1402 3115 1612 3175 partem
1675 3106 2011 3170 incurvatnr,
2074 3105 2131 3161 in

2239 3098 2471 3153 Λιϐάνου
2514 3100 2714 3154 λεπτὸν
2745 3100 2935 3171 ραχίον
2965 3100 3397 3172 κατερχόμενον,
3436 3100 3820 3170 γλωσσοειδῶς

552 3193 707 3263 cuius
736 3194 961 3259 vertice,
1010 3196 1100 3263 qui
1132 3198 1320 3251 urbem
1366 3197 1746 3263 exaedificavit,
1777 3197 2132 3254 fundamenta

554 3286 847 3358 illiusjecit
881 3307 895 3343 :
928 3289 1159 3345 circuitu
1191 3289 1506 3359 ambituque
1531 3305 1631 3346 suo
1654 3292 1940 3348 admodum
1968 3305 2134 3361 parva

552 3390 660 3443 est,
688 3396 873 3436 verum
924 3397 1201 3438 murorum
1253 3384 1557 3452 altitudine,
1613 3376 1667 3441 et
1728 3383 2134 3456 pulchritudine

553 3472 924 3541 :edificiorum,
958 3474 1287 3546 spectabilis.

626 3656 680 3713 5.
720 3658 854 3715 Eam
900 3661 1147 3731 sequitur
1172 3659 1422 3727 Zcbelet;
1450 3677 1571 3718 mox
1612 3661 1839 3734 Berytus
1859 3665 2133 3733 obiicitur,

558 3748 688 3808 urbs
741 3752 947 3821 ingens,
1007 3764 1064 3807 et
1125 3752 1474 3813 multitudine
1547 3755 1826 3811 hominum
1884 3755 2132 3823 amuens,

556 3858 833 3915 pratorum
880 3847 1119 3917 undique
1156 3847 1311 3918 copia
1368 3857 1544 3919 septa,
1572 3858 1626 3904 et
1658 3861 1845 3921 portus
1894 3852 2135 3923 pulchri-

563 3939 754 3995 tudine
821 3939 1172 4010 percelebris.
1224 3939 1451 3997 Portum
1522 3942 1720 3998 ewnim
1778 3958 1885 3999 non
1939 3954 2133 4000 natura

554 4030 723 4095 dedit,
755 4032 847 4087 sed
880 4032 924 4087 is
972 4035 1105 4089 artis
1139 4034 1407 4091 industria
1445 4036 1799 4105 fabrefactus,
1852 4040 1905 4096 in
1952 4041 2132 4098 sinum

556 4124 709 4179 urbis
737 4128 802 4179 ad
853 4125 992 4180 lunae
1046 4129 1265 4183 modum
1319 4128 1633 4197 ingeritur;
1675 4130 1811 4187 etin
1846 4134 2131 4201 extremis,

557 4232 677 4290 quae
731 4218 887 4287 quasi
930 4236 1131 4274 cornua
1182 4234 1500 4291 egeruntur,
1530 4224 1649 4279 dum
1702 4240 1909 4294 magnae
1960 4235 2137 4283 turres

557 4320 843 4367 exstructa:
878 4323 1023 4375 sunt,
1080 4328 1309 4382 quarum
1347 4330 1413 4370 ex
1457 4332 1561 4371 una
1626 4315 1680 4371 in
1731 4316 1957 4372 alteram
2007 4333 2137 4390 pro-

556 4391 711 4457 tensa
740 4411 926 4459 catena
964 4419 1128 4459 naves
1166 4405 1216 4459 in
1256 4416 1411 4475 portu
1465 4416 1671 4464 stantes
1700 4408 1941 4464 obserat.
2010 4408 2135 4465 Haec

556 4502 611 4547 et
641 4490 811 4564 Syria:
841 4492 1243 4566 Pbmnicizeque
1272 4498 1537 4553 terminus
1566 4505 1672 4554 est.

627 4680 680 4735 6.
712 4680 917 4736 Dehine
967 4680 1156 4747 Sidon,
1198 4692 1252 4737 et
1290 4683 1344 4738 in
1393 4697 1456 4738 ea
1502 4693 1718 4752 portus,
1767 4683 1975 4756 Didymi
2034 4699 2132 4739 no-

558 4775 705 4831 mine
755 4775 966 4829 clueus.
1010 4774 1156 4828 illius
1213 4775 1349 4830 situs
1380 4764 1819 4847 descriptionem,
1873 4777 1965 4847 qui
1998 4777 2137 4831 Leu-

558 4865 740 4936 cippes
768 4880 852 4919 rcs
876 4874 1052 4935 gestas
1084 4865 1286 4934 scripto
1322 4865 1564 4929 tradidit,
1584 4866 1786 4934 optime
1818 4868 2085 4935 expressit
2117 4884 2132 4933 ;

562 4972 794 5029 namque
824 4957 867 5011 si
902 4957 967 5011 ad
1014 4957 1188 5013 locum
1231 4958 1527 5026 appuleris,
1568 4969 1802 5027 portum,
1854 4968 1907 5014 et
1952 4960 2130 5014 sinum

562 5060 686 5105 ante
719 5058 957 5120 portum,
1001 5060 1058 5103 ut
1108 5050 1310 5117 scripto
1338 5048 1654 5115 delineatur,
1689 5065 1885 5106 revera
1922 5051 1993 5105 ita
2016 5066 2135 5106 esse

566 5143 884 5199 intueberis.
925 5143 1091 5197 Extra
1146 5144 1352 5205 urbem,
1386 5144 1453 5198 ad
1488 5143 1648 5199 trium
1707 5146 2023 5215 sagittarum
2053 5147 2137 5216 ja-

564 5247 731 5305 ctum,
768 5237 1021 5306 templum
1072 5237 1281 5300 visitur,
1337 5238 1544 5305 porticu
1600 5237 1873 5308 przclonga
1932 5254 2132 5294 conca-

568 5341 873 5396 meratum;
922 5338 975 5385 et
1018 5330 1197 5399 templi
1249 5331 1455 5401 mytulo
1482 5331 1773 5397 quadratus
1800 5332 1933 5400 lapis
1970 5331 2136 5386 iuba:—

569 5431 672 5484 ret,
701 5422 752 5476 in
784 5437 913 5491 quo,
942 5431 998 5477 ut
1023 5422 1308 5476 multorum
1330 5432 1383 5475 et
1422 5422 1658 5484 traditio,
1681 5421 2133 5479 Sulvatormundi

563 5515 812 5571 Christus
838 5522 1007 5579 stans,
1044 5513 1228 5569 turbas
1261 5512 1589 5569 instituebat.

636 5703 691 5758 7.
717 5700 848 5757 Post
885 5700 1140 5756 Sidonem
1190 5699 1453 5765 Sarepbta
1479 5706 1714 5752 castrum
1750 5699 1801 5752 in
1868 5698 2135 5754 alluvione

571 5796 684 5868 ipsa
723 5795 887 5852 maris
919 5793 1192 5859 fundatur,
1221 5801 1275 5848 et
1300 5789 1557 5859 templum
1615 5790 1889 5864 prOpbeta:
1918 5787 2048 5843 Elia:
2083 5789 2133 5843 in

2240 3194 2308 3263 τῇ
2344 3189 2591 3267 θαλάσσῃ
2618 3194 2909 3264 ἐμφύεται,
2942 3194 3315 3267 κυρτούμενον
3360 3198 3490 3265 περὶ
3519 3197 3583 3249 τὸ
3618 3190 3823 3250 ἀνατοὲ-

2237 3282 2540 3356 λικὼτερον
2570 3285 2753 3357 μέρος,
2808 3268 2897 3357 ’ἐφ’
2926 3281 2999 3347 οὗ,
3021 3287 3081 3341 τὸ
3128 3286 3299 3359 ἄκρον
3329 3290 3357 3342 6
3397 3288 3496 3359 τὴν
3530 3289 3695 3343 πόλιν
3726 3290 3827 3343 δει-

2240 3377 2487 3448 μάμενος
2518 3378 2617 3441 τὰς
2656 3379 2842 3447 βάσεις
2873 3380 3080 3451 ταύτης
3115 3380 3383 3450 ἐπήξατο.
3419 3381 3579 3434 Ἐστι
3604 3380 3651 3434 δ’
3676 3380 3822 3450 αὕτη

2239 3475 2587 3543 σμικροτάτη
2616 3471 2761 3540 ἄγαν
2791 3473 2850 3525 ὲν
2882 3475 2949 3544 τῇ
2978 3474 3270 3545 περιϐόλου
3302 3478 3648 3545 περιγραφῇ,
3694 3473 3825 3544 ὕψει

2236 3558 2293 3614 δὲ
2329 3560 2559 3631 τειχέων
2593 3562 2687 3615 καὶ
2730 3562 2960 3632 καλλονῇ
3018 3563 3335 3631 κτισμάτων
3389 3563 3824 3635 καθωραϊζεται.

2309 3650 2373 3705 ε’.
2408 3652 2543 3705 Μετ’
2606 3653 2777 3724 αὐτὴν
2804 3654 2922 3706 ἐστι
2974 3653 3035 3707 τὸ
3082 3653 3381 3724 λεγόμενον
3414 3653 3672 3711 Ζεϐελέτ.
3712 3655 3832 3709 Καὶ

2236 3740 2411 3803 οὕτως
2440 3741 2478 3812 ἡ
2500 3727 2746 3813 Βηρυτὸά
2777 3741 2933 3805 πόλις
2970 3742 3182 3815 μεγάλη
3215 3744 3312 3798 καὶ
3361 3744 3826 3816 πολυάνθρωπος,

2236 3833 2519 3904 λειμώνων
2576 3835 3122 3907 περιστοιχειουμένη
3165 3836 3441 3908 πλήθεσι,
3493 3839 3589 3893 καὶ
3628 3839 3831 3897 κάλλει

2235 3927 2456 3998 λιμένος
2486 3928 2942 4002 λαμπρυνομένη.
2969 3931 3043 3983 Οὐ
3075 3930 3184 4002 γὰρ
3222 3936 3453 4001 φυσικός
3498 3934 3647 3989 ἐστιν
3681 3934 3715 3987 6
3746 3935 3833 3989 λι-

2240 4020 2371 4091 μὴν,
2412 4019 2550 4075 άλλά
2577 4021 2847 4091 τεχνικῶς
2884 4022 3203 4094 γενόμενος,
3268 4024 3572 4095 μηνοειδῶς
3621 4027 3832 4096 ἐγκολ-

2237 4110 2435 4166 ποῦται
2463 4114 2531 4183 τῇ
2585 4112 2761 4179 πόλει,
2805 4114 3063 4185 καὶπερὶ
3106 4115 3175 4170 τὰ
3223 4114 3320 4170 τοῦ
3355 4116 3667 4186 μονοειδοῦς
3704 4117 3826 4191 [Ισ.

2240 4202 2586 4276 μηνοειδοῦς]
2643 4205 2924 4275 σχήματα,
2958 4206 3169 4275 κέρατα
3218 4206 3313 4262 δύο
3351 4208 3582 4278 μεγάλοι
3608 4209 3834 4280 πύργοι

2238 4298 2577 4370 ἐφίδρυνται,
2608 4291 2686 4352 ὧν
2714 4300 2779 4353 ἐκ
2832 4298 2929 4352 τοῦ
2964 4298 3201 4371 θατέρου
3235 4300 3375 4370 πρὸς
3405 4302 3500 4356 τὸν
3529 4302 3727 4374 ἕτερον
3765 4303 3835 4358 ἆ-

2241 4389 2395 4456 λυσις
2457 4392 2753 4447 ἐκταθεῖσα
2806 4393 2906 4456 τὰς
2969 4392 3103 4457 ναῦς
3162 4392 3368 4448 ἔσωθεν
3429 4395 3527 4450 τοῦ
3590 4396 3833 4468 λιμένος

2168 4476 2209 4532 Β
2240 4484 2606 4541 ὲναποκλείει.
2639 4484 2790 4557 Αὕτη
2832 4485 3149 4557 μεθοριάζει
3186 4486 3385 4559 Συρίαν
3415 4505 3474 4542 τε
3510 4489 3608 4543 καὶ
3638 4488 3835 4543 Φοινί-

2236 4593 2360 4647 κην.

2311 4677 2388 4733 ς’.
2438 4669 2727 4725 Ἐντεῦθεν
2758 4672 2791 4740 ἡ
2827 4669 2997 4725 Σιδὼν
3023 4672 3122 4726 καὶ
3146 4674 3173 4725 ὁ
3206 4674 3264 4727 ὲν
3301 4671 3440 4745 αὐτῇ
3494 4673 3665 4745 λιμὴν
3702 4674 3839 4746 6.66-

2240 4781 2404 4835 μενος
2435 4763 2692 4834 Δίδυμος,
2724 4758 2786 4817 οὗ
2818 4765 2918 4834 τῆς
2951 4764 3153 4829 θέσεως
3183 4766 3283 4835 τὴν
3311 4764 3627 4839 διαγραφὴν
3653 4770 3687 4823 ὁ
3724 4769 3838 4839 τὴν

2237 4858 2566 4928 Λευκίππην
2621 4858 2947 4928 συγγράψας
3000 4858 3243 4930 ἀρίστως
3297 4858 3626 4930 ἑξέφρασεν.
3670 4863 3839 4935 Ἰδῃς

2237 4957 2345 5023 γὰρ
2375 4954 2439 5006 ἂν
2485 4952 2830 5023 ἐπιδημήσας
2865 4951 2940 5022 τῷ
2975 4953 3125 5022 τόπῳ
3151 4952 3247 5005 τόν
3292 4970 3349 5004 τε
3378 4951 3598 5022 λιμένα,
3622 4956 3727 5007 καὶ
3771 4953 3840 5006 τὸ

2240 5046 2574 5116 προκόλπιον
2636 5045 2777 5099 κατὰ
2806 5045 2905 5113 τὴν
2954 5047 3053 5113 τῆς
3108 5043 3327 5115 γραφῆς
3355 5045 3839 5114 διαζωγράφησιν

2236 5142 2303 5211 τῇ
2329 5139 2560 5209 ἁληθεῖᾳ
2596 5139 2923 5207 φαινόμενα.
2953 5137 3065 5205 Τῆς
3093 5136 3149 5190 δὲ
3194 5137 3402 5201 πόλεως
3442 5138 3645 5203 ἔξωθεν
3681 5138 3841 5192 ὡσεὶ

2238 5233 2404 5304 τριῶν
2443 5232 2611 5296 τόξων
2643 5231 2801 5302 βολῆς
2832 5229 3034 5285 ἄποθέν
3069 5231 3185 5284 ἐστι
3224 5229 3354 5295 ναδς
3393 5232 3526 5302 στοᾷ
3556 5231 3842 5302 περιοροέ

2240 5324 2506 5396 φούμενος
2547 5325 2835 5393 ὲπιμὴκει,
2870 5324 2965 5376 καὶ
3013 5323 3143 5393 περὶ
3188 5323 3249 5377 τὸ
3279 5323 3516 5392 μυάκιον
3558 5323 3651 5377 τοῦ
3680 5323 3838 5377 ναοῦ

2236 5416 2580 5485 τετράγωνος
2607 5416 2883 5470 ἐπίκειται
2910 5416 3076 5481 λίθος,
3120 5416 3200 5481 είς
3230 5416 3307 5482 ὃν,
3338 5416 3414 5482 ὡς
3454 5417 3563 5469 τῶν
3594 5416 3839 5469 πολλῶν

2238 5508 2351 5578 ἔχει
2380 5508 2559 5575 λόγος,
2588 5511 2616 5561 ὀ
2640 5509 2832 5579 Σωτὴρ
2860 5507 2956 5561 τοῦ
2984 5509 3192 5578 κόσμου
3222 5509 3460 5582 Χριστὸς
3484 5509 3655 5572 ἑστὼς
3681 5508 3838 5571 τοὺς

2237 5601 2428 5672 ὄχλους
2462 5601 2764 5656 ἐδίδασκεν.

2310 5691 2375 5757 ζ’.
2415 5694 2568 5747 Μετὰ
2617 5693 2715 5764 τὴν
2749 5696 2939 5748 Σιδόνα
2985 5697 3046 5749 τὸ
3100 5694 3363 5764 Σαραφθὰ
3400 5695 3636 5765 κάστρον
3674 5694 3831 5765 περὶ

2244 5787 2301 5839 ra
2349 5785 2566 5853 κλύσμα
2601 5784 2698 5854 τῆς
2733 5785 3011 5857 θαλάσσης
3063 5784 3477 5855 τεθεμελίωται,
3506 5786 3619 5857 ’καὶ
3676 5784 3831 5845 ναὸς
