4060 6290
305 357 414 422 933

1349 340 1805 408 DESCRIPTIO
1845 338 2123 401 ΤΕΒΒιΕ
2166 335 2496 397 ΞΑΝΩΤίΕ.

3455 329 3572 394 934

303 466 402 521 τοῦ
454 467 738 539 προφήτου
788 463 974 517 Ἠλιοῦ
1040 461 1131 515 ἐπὶ
1165 463 1231 532 τῇ
1274 461 1421 530 οἰκίᾳ
1467 459 1565 530 τῆς
1600 455 1887 522 ξενισάσης

2011 450 2112 503 ede
2144 449 2339 515 viduae,
2391 463 2511 519 qua:
2550 461 2670 500 eum
2704 444 2937 515 hospitio
2959 451 3270 512 exceperat,
3297 445 3471 500 media
3519 448 3578 511 in

305 559 475 613 αὑτὸν
506 561 706 630 χήρας,
739 559 904 626 μέσον
945 554 1040 608 τοῦ
1083 553 1414 624 πολίσματος
1444 551 1680 621 ἵδρυται.

379 656 450 719 η’.
498 650 746 704 Ἐκεῖθεν
778 651 811 718 ὴ
850 646 1026 718 Τύρος
1068 647 1186 701 ἐστὶ
1236 643 1412 709 πόλις,
1459 641 1649 713 σχεδὸν
1701 639 1892 692 πασῶν

307 742 423 795 τῶν
461 742 560 810 τῆς
591 742 850 812 Φοινίκης
890 740 1201 810 ὲξοχωτέρα
1231 738 1290 790 ὲν
1323 735 1558 806 καλλονῇ
1589 748 1604 765 ο
1656 733 1753 786 καὶ
1783 733 1894 802 γάρ

310 835 455 906 αὕτη
491 836 566 906 τῷ
621 835 863 906 σχήματι
897 834 995 902 τῆς
1021 831 1338 903 Τριπόλεως
1360 831 1418 882 έν
1440 827 1601 898 ὁμοίᾳ
1632 825 1896 898 χερρονή-

315 947 398 1001 σῳ
425 929 838 1000 τεθεμελίωται.
874 927 1037 980 Ἀλλὰ
1065 925 1241 997 ταύτῃ
1267 923 1490 994 μεγέθει
1519 920 1703 991 πολλῷ
1731 918 1896 973 πλέον

314 1023 539 1091 ἐκείνης
588 1020 920 1091 εὐρύνεται,
976 1020 1076 1072 καὶ
1123 1017 1361 1086 καλλονῇ
1417 1013 1741 1084 κτισμάτων
1800 1011 1896 1064 καὶ

313 1115 636 1184 ὡραιότητι.
669 1113 741 1164 Τὸ
794 1113 849 1165 δὲ
878 1111 1086 1179 ταύτης
1135 1109 1468 1180 προκόλπιόν
1513 1108 1630 1160 ἐστι
1682 1121 1898 1173 παρεμ-

313 1201 482 1270 φερὲς
529 1200 605 1270 τῷ
654 1199 836 1271 λιμένι
881 1201 981 1267 τῆς
1029 1198 1303 1270 Βηρυτοῦ,
1339 1195 1446 1250 κᾶν
1481 1197 1661 1248 ἐκεῖνο
1713 1189 1894 1260 πολλῷ

312 1289 480 1344 πλέον
519 1292 733 1362 ἐκείνης
791 1292 1088 1362 εὐρύνηται
1133 1288 1353 1360 μεγέθει
1407 1288 1503 1342 καὶ
1539 1286 1748 1349 κάλλει,
1801 1286 1897 1339 καὶ

312 1385 394 1455 τῷ
430 1385 538 1437 τῶν
597 1384 827 1453 πύργων
861 1385 983 1454 ὕψει
1027 1384 1375 1453 ὑπέρκειται.
1430 1381 1539 1450 Τῆς
1593 1380 1648 1433 δὲ
1684 1379 1896 1442 πόλεως

313 1468 519 1539 ἔξωθεν
541 1473 670 1525 ὡσεὶ
698 1473 792 1525 δύο
813 1474 983 1536 τόξων
1012 1471 1171 1541 βολῆς
1201 1469 1404 1524 ἄποθεν
1430 1468 1578 1530 λίθος
1604 1469 1721 1520 ἐστὶ
1753 1469 1899 1537 πάμ-

321 1579 520 1631 μεγας,
551 1564 608 1614 ὲν
636 1555 678 1628 ᾧ
710 1559 1317 1629 προσαναπαυσάμενσς
1348 1558 1376 1610 ὁ
1401 1556 1657 1626 Χριστὸς,
1692 1556 1899 1625 Πέτρον

317 1656 415 1706 καὶ
432 1654 684 1724 Ἰωάννην
717 1656 844 1718 τοὺς
863 1653 1043 1724 ἱεροὺς
1064 1651 1420 1716 ἀποστόλους,
1436 1651 1510 1713 ώς
1531 1649 1727 1717 όλόγος
1750 1643 1895 1718 ἔχει,

318 1748 458 1817 πρὸς
479 1747 576 1816 τὴν
597 1749 750 1801 πόλιν
772 1745 1071 1816 ἐξέπεμψε,
1091 1746 1252 1816 χάριν
1279 1744 1458 1815 ἄρτων
1479 1744 1771 1812 εὑρέσεως,
1799 1739 1894 1794 οἵδ’

316 1808 668 1905 ἀπελθόντες,
689 1843 786 1895 καὶ
806 1808 1458 1910 ἀγαγόντεςαύτοὺςᾶμα
1477 1808 1560 1907 τῶ
1579 1837 1795 1905 Σωτῆρι
1817 1835 1898 1898 είς
1932 1808 1973 1863 Β

313 1935 419 2002 τὴν
450 1933 762 2004 πρόσεγγυς
782 1933 915 1986 ώσεὶ
935 1933 1112 2003 μίλιον
1131 1932 1188 1985 ἓν
1211 1931 1418 2002 κρήνην
1450 1928 1755 1982 ἀπέλθοσαν
1781 1929 1838 1980 ὲν

313 2030 346 2078 ὁ
369 2026 556 2098 Σωτὴρ
574 2027 826 2089 καθίσας,
855 2027 950 2079 καὶ
976 2025 1075 2078 σὺν
1090 2026 1202 2088 τοῖς
1224 2021 1540 2084 ἀποστόλοις
1566 2020 1896 2085 ὲστιασθεὶς,

315 2119 416 2172 καὶ
454 2119 590 2172 πιὼν
634 2121 696 2173 ἐκ
731 2120 823 2172 τοῦ
863 2118 1077 2182 ὓδατος,
1112 2116 1388 2188 ηὑλόγησε
1419 2115 1518 2185 τὴν
1558 2113 1764 2185 πηγὴν,
1804 2112 1898 2166 καί

323 2213 476 2265 ἐστιν
511 2212 596 2264 ἐπ’
625 2211 855 2282 ἀληθείᾳ
877 2209 983 2272 ἕως
1015 2209 1108 2262 τοῦ
1141 2207 1236 2261 νῦν
1276 2208 1310 2278 ἡ
1339 2207 1564 2276 τοιαύτη
1595 2206 1744 2274 πηγὴ
1774 2204 1900 2257 δυσο

315 2305 628 2376 έκφραστον
651 2305 906 2375 ὁρωμένη
937 2303 1118 2372 θέαμα
1137 2317 1154 2333 ο
1208 2301 1372 2372 μέσον
1395 2301 1506 2370 γὰρ
1533 2299 1894 2368 ἀναδιδομένη

313 2398 431 2452 τῶν
463 2399 580 2451 ἐκεῖ
608 2397 914 2468 λειμώνων,
949 2393 1267 2463 θαυμαστόν
1305 2409 1361 2446 τι
1389 2393 1602 2463 χρῆμα,
1634 2394 1730 2445 καὶ
1770 2407 1897 2462 τερ-

314 2488 565 2559 ψόθυμον
607 2491 722 2550 τοῖς
760 2487 964 2549 όδίταις
999 2485 1364 2540 ἐνδείκνυται.
1407 2484 1642 2551 Λέγεται
1672 2482 1727 2534 δὲ
1756 2474 1898 2534 εἶναι

315 2586 528 2654 ταύτην
555 2581 646 2635 καὶ
677 2581 938 2654 άϐαθρον.
964 2581 1038 2632 Τὸ
1066 2581 1121 2633 δὲ
1150 2577 1281 2648 περὶ
1319 2576 1525 2648 ταύτην
1557 2576 1764 2645 κτίσμα
1804 2574 1899 2627 καλ⁹

319 2677 513 2747 σχῆμά
573 2677 690 2729 ἐστι
754 2672 1021 2729 τοιοῦτον.
1086 2672 1292 2744 Πύργῳ
1351 2670 1898 2743 περιθριγκώσαντες

318 2765 623 2836 ὁκταγώνῳ
649 2767 698 2820 οἱ
749 2766 981 2836 πρώτως
1011 2763 1513 2835 φιλοπονησάμενοι
1559 2764 1660 2831 τὴν
1692 2761 1896 2834 πηγὴν,

317 2861 403 2922 είς
421 2861 488 2913 οὔ
524 2860 747 2931 μέτριον
785 2858 918 2928 ὕψος
963 2859 1054 2913 τὸν
1085 2857 1294 2929 πύργον
1327 2857 1630 2928 ἀνήγαγον,
1684 2854 1782 2908 καὶ
1817 2854 1888 2907 τὰ

305 2951 518 3006 ’τούτου
580 2950 958 3022 φιαλώσαντες
997 2951 1144 3021 ἄκρα
1175 2949 1282 3005 ἀνὰ
1322 2950 1421 3012 τὰς
1455 2948 1662 3018 γωνίας
1704 2948 1800 3000 ἐπὶ
1827 2946 1898 3001 τά

323 3046 528 3100 κάτισα
563 3048 770 3100 τούτων
803 3045 899 3099 τοῦ
962 3045 1232 3116 λειμῶνος
1270 3045 1428 3115 μήκη
1475 3043 1570 3096 ἐπὶ
1623 3039 1900 3112 καμαρῶν

1997 540 2127 593 urbe
2151 540 2407 607 assurgit.

2065 630 2116 684 8.
2153 629 2280 685 Inde
2328 636 2411 684 est
2456 628 2631 700 Tyrus
2675 643 2825 693 urns,
2852 627 3061 683 caeteris
3089 627 3202 681 fere
3291 624 3582 681 r’noenicizn

1997 721 2222 777 urbibus
2246 721 2647 791 pulchritudine
2670 729 2954 788 praestans.
2993 716 3212 772 Etenim
3249 715 3392 792 ipsa,
3425 732 3581 786 aeque

1997 827 2059 865 ac
2102 811 2358 880 Tripolis,
2406 813 2458 864 itt
2488 811 2650 865 simili
2707 810 3014 879 peninsula
3047 809 3149 863 sila
3181 818 3261 863 est
3293 825 3308 874 ;
3351 823 3576 862 verum-

1999 913 2177 959 tamen
2222 906 2335 961 haec
2390 903 2769 974 magnitudine
2802 904 2980 958 multo
3009 904 3095 958 illa
3131 904 3322 972 magis,
3359 900 3413 959 et
3445 905 3578 958 aedi-

2001 998 2243 1051 liciorum
2308 998 2590 1067 majestate
2627 1011 2689 1050 ac
2731 996 3159 1067 pulchritudine,
3190 997 3470 1051 dilatatur.
3497 993 3577 1050 Si-

1999 1100 2101 1138 nus
2154 1083 2340 1149 maris,
2412 1085 2504 1152 qui
2567 1093 2694 1137 ante
2766 1083 2936 1153 ipsam
2984 1084 3343 1152 conspicitur,
3392 1083 3573 1154 portui

2000 1176 2269 1248 Berytcno
2302 1177 2442 1232 baud
2477 1176 2758 1231 dissimilis
2809 1186 2931 1231 est:
2971 1177 3219 1245 quamvis
3267 1177 3357 1232 ille
3405 1189 3458 1233 et
3485 1180 3584 1232 de»

1999 1284 2126 1326 core
2157 1279 2210 1325 et
2238 1271 2630 1340 magnitudine,
2661 1277 2715 1324 et
2748 1269 3073 1323 celsitudine
3101 1270 3329 1324 turrium
3355 1269 3585 1340 amplior

1999 1371 2056 1417 et
2095 1361 2444 1431 spectabilior
2499 1361 2591 1416 sit.
2623 1360 2788 1415 Extra
2822 1362 3010 1416 urbem
3064 1361 3131 1415 ad
3177 1361 3454 1431 geminum
3482 1375 3575 1415 saa

2000 1453 2145 1522 gittzu
2195 1452 2402 1524 jactum
2453 1453 2892 1520 conspicitur,in
2939 1467 3066 1522 quo,
3104 1461 3163 1506 ut
3195 1452 3304 1506 fert
3331 1450 3576 1515 traditio.

2001 1545 2252 1600 Christus
2297 1546 2556 1601 Dominus
2591 1547 2875 1615 quiescens
2907 1545 3127 1600 Petrum
3182 1556 3238 1601 et
3292 1544 3585 1614 Joannem,

2002 1649 2380 1695 sacrosanctos
2439 1638 2731 1708 apostolos,
2791 1639 2842 1691 in
2877 1638 3151 1705 civitatem
3189 1638 3355 1704 misit,
3381 1639 3448 1692 ad
3482 1655 3581 1708 ραι

2003 1745 2101 1786 nes
2136 1730 2573 1796 comparandos;
2608 1729 2680 1782 illi
2733 1730 3019 1797 abeuntes,
3045 1740 3100 1786 et
3147 1728 3454 1794 afferentes,
3480 1747 3586 1787 una

2002 1838 2126 1878 cum
2166 1822 2447 1878 Salvatore
2500 1825 2566 1877 ad
2595 1823 2831 1878 vicinum
2869 1823 3092 1889 fontem,
3131 1823 3278 1878 mille
3331 1838 3438 1877 non
3461 1838 3584 1877 am-

2002 1913 2142 1983 plius
2171 1916 2418 1984 passibus
2463 1913 2776 1980 distantem,
2813 1914 3042 1985 profecti
3079 1925 3242 1970 sunt:
3279 1931 3402 1971 cum
3429 1914 3589 1971 Chri-

2001 2019 2119 2065 Stus
2157 2008 2409 2074 sedisset,
2451 2010 2772 2063 convivatus
2813 2024 2934 2064 cum
2989 2008 3271 2079 apostolis,
3329 2024 3394 2063 ex
3446 2024 3586 2080 aqua

2001 2101 2158 2166 bibit,
2209 2100 2454 2170 fontique
2478 2100 2794 2168 benedixit;
2833 2111 2889 2157 et
2930 2103 2996 2156 ad
3053 2104 3165 2156 haec
3201 2111 3439 2172 tempora
3468 2103 3587 2160 fons

2007 2188 2125 2260 ille,
2154 2195 2199 2250 si
2231 2209 2418 2250 verum
2444 2192 2604 2248 fateri
2639 2194 2910 2262 volumus,
2947 2195 3265 2250 miraculum
3291 2205 3376 2250 est
3401 2197 3590 2250 viden-

2003 2289 2168 2352 tibus,
2228 2289 2371 2360 quod
2417 2288 2597 2343 verbis
2649 2288 2879 2358 exprimi
2930 2304 3036 2343 non
3095 2298 3294 2358 potest,
3355 2305 3590 2360 namque

2002 2378 2054 2433 in
2099 2380 2310 2446 mediis,
2372 2379 2467 2450 qui
2528 2380 2723 2434 ibidem
2763 2378 2924 2435 latius
2989 2381 3358 2447 effunduntur,
3420 2383 3590 2454 pratis

2001 2471 2217 2535 Saliens,
2255 2474 2553 2543 peregrinis
2610 2474 2663 2527 in
2699 2473 3062 2529 admiratione
3121 2485 3226 2541 est,
3267 2485 3320 2531 et
3375 2492 3588 2533 summo

2001 2563 2416 2628 delectamento,
2448 2548 2752 2635 dietturque
2772 2579 2891 2619 esse
2933 2564 3318 2635 profunditatis
3363 2580 3586 2635 expers.

2003 2663 2290 2717 Structura
2345 2677 2474 2718 vero
2527 2663 2672 2719 illius
2734 2664 3016 2735 ﬁguraque
3091 2664 3204 2719 hac
3257 2672 3360 2720 est.
3422 2665 3586 2719 Turri

2001 2755 2289 2825 octangula
2318 2755 2819 2828 circumsepientes,
2849 2758 2937 2826 qui
2965 2757 3120 2827 primi
3151 2756 3350 2812 fontem
3383 2760 3434 2811 in
3463 2773 3587 2813 eum

2003 2858 2348 2918 prospectum
2390 2848 2733 2918 redegerunt,
2773 2848 2827 2904 in
2865 2865 2969 2904 non
3029 2850 3354 2906 mediocrem
3401 2850 3592 2906 altitu-

2003 2939 2182 2994 dinem
2217 2940 2359 2995 illam
2392 2943 2720 3009 excitarunt,
2752 2942 3105 3012 ejusdemque
3131 2942 3448 3012 angulorum
3484 2957 3586 3000 ex-

2005 3033 2393 3100 tremitatibus,
2424 3035 2493 3089 ad
2526 3021 2741 3089 modum
2795 3035 2986 3104 phiala:
3049 3037 3496 3099 accommodatis,
3517 3036 3584 3090 ad

330 3134 461 3206 ὕψη,
492 3136 715 3206 ἀμάρας
747 3114 1235 3199 ύποκοιλάναντες,
1268 3114 1569 3205 κρουνηδὸν
1615 3127 1904 3201 ὲκχεϊσθαι

2011 3126 2242 3195 aequales
2281 3114 2559 3196 pratorum
2597 3125 2928 3193 altitudines,
2969 3126 3021 3179 in
3051 3126 3451 3183 summitatibus
3479 3125 3589 3181 for-

328 3225 390 3276 τὸ
417 3223 843 3295 ἀναθλιὸόμενον
887 3221 1032 3294 ὕδωρ
1070 3222 1426 3293 εἰργάσαντο,
1482 3221 1620 3290 ὅπερ
1675 3219 1902 3290 κελαρι-

326 3316 485 3382 σμοῖς
542 3311 807 3384 ὲπηχοῦν,
859 3311 990 3376 τοὺς
1026 3312 1158 3382 περὶ
1189 3311 1288 3381 τὴν
1351 3310 1565 3382 κρήνην
1624 3307 1902 3379 λειμῶνας

324 3409 542 3478 συχνοῖς
573 3407 799 3477 ἐπάρδει
828 3408 942 3469 τοῖς
979 3407 1207 3474 νάμασι.
1243 3404 1352 3457 Καὶ
1392 3402 1541 3456 ἔστιν
1571 3401 1648 3463 ὡς
1682 3401 1744 3467 ἐξ
1769 3402 1905 3457 ἀπό-

292 3562 299 3568 _
326 3516 466 3553 πτου
497 3501 591 3554 τοῦ
624 3499 837 3570 πύργου
874 3517 946 3562 τις
976 3499 1343 3569 ἐφιστάμενος
1372 3498 1433 3550 τὸ
1473 3496 1776 3568 συνκρεφὲς
1797 3495 1908 3549 τῶν

326 3593 516 3660 φυτῶν
550 3593 797 3647 πετάλων
839 3591 1241 3661 σαλευομένων,
1277 3589 1371 3643 καὶ
1408 3591 1466 3642 ὲν
1514 3590 1771 3661 σταθηρᾷ
1805 3607 1900 3660 με·

330 3686 582 3759 σημὸρίᾳ
611 3685 1130 3758 καταψεκαζόμενον
1152 3684 1213 3738 τὺ
1235 3682 1327 3738 τοῦ
1352 3683 1616 3756 λειμῶνος
1644 3684 1762 3738 ὅλον
1785 3700 1910 3737 στε-

331 3780 588 3850 φάνωμα.

407 3871 472 3926 θ’.
507 3870 753 3924 Ἐκεῖθέν
795 3873 942 3925 ἐστιν
990 3873 1036 3948 ἡ.
1070 3868 1377 3943 Πτολεμαῒς
1430 3869 1549 3940 ἦτοι
1597 3867 1661 3921 τδ
1695 3867 1868 3920 Ἀκκε
1892 3880 1907 3895 ·

337 3965 460 4035 ἡδὲ
516 3965 670 4028 πόλις
725 3963 864 4036 αὕτη
902 3967 1020 4017 ἐστὶ
1057 3965 1292 4036 μεγάλη,
1344 3963 1440 4016 καὶ
1486 3959 1910 4031 πολυάνθρωπος

333 4059 530 4112 πασῶν
555 4058 666 4112 τῶν
703 4057 880 4113 ἄλλων
913 4058 1314 4130 ὑπερκειμένη,
1343 4057 1378 4126 ἢ
1409 4059 1591 4120 πάσας
1618 4054 1717 4119 τάς
1762 4060 1912 4122 ἀγω-

345 4156 533 4224 ίίμους
568 4153 889 4223 ὑποδέχεται
919 4152 1054 4218 ναῦς
1085 4154 1143 4206 ὲν
1259 4153 1366 4212 πᾶς
1398 4152 1426 4203 ὁ
1447 4151 1535 4204 διὰ
1555 4148 1790 4218 Χριστὸν
1821 4147 1911 4212 ξε-

337 4249 569 4301 νιτεύων
621 4247 748 4311 λαὸς
790 4248 880 4302 διά
932 4265 992 4301 τε
1023 4248 1127 4319 γῆς
1181 4247 1272 4298 καὶ
1301 4243 1573 4316 θαλάττης
1625 4244 1907 4314 ἐπιφοιτᾷ.

339 4340 655 4395 Κάντεῦθεν
700 4341 791 4395 τοῦ
849 4342 1012 4411 ἀέρος
1067 4340 1432 4412 φθειρομένου
1487 4338 1591 4392 ὑπὸ
1657 4339 1753 4408 τῆς
1803 4337 1912 4388 τῶν

339 4435 624 4507 ἐπηλύδων
687 4433 1070 4507 πολυπληθοῦς
1116 4433 1454 4506 παρουσίας,
1505 4433 1914 4502 ἀλληπάλληλοι

2007 3224 2182 3277 nicum
2211 3219 2372 3275 sulcis
2418 3219 2714 3284 excavatis,
2740 3218 3051 3290 depressam
3083 3234 3276 3288 aquam
3307 3220 3357 3273 in
3390 3218 3592 3274 salien-

2007 3313 2076 3368 tis
2129 3311 2359 3381 speciem
2403 3309 2603 3366 efl‘undi
2637 3322 3030 3380 procurarunt;
3075 3328 3193 3382 qua:
3252 3329 3412 3369 cursu
3446 3329 3593 3369 reso-

2009 3421 2164 3468 nans,
2197 3413 2375 3474 prata.
2405 3402 2610 3458 fontem
2658 3405 2972 3466 ambientia.
2995 3405 3365 3472 frequentibus
3398 3407 3591 3481 irrigat

2008 3496 2265 3553 fluentis:
2299 3508 2354 3552 et
2397 3485 2721 3567 quandoque
2773 3497 3040 3568 quispiam
3072 3497 3124 3551 in
3167 3498 3300 3552 turri
3334 3507 3590 3568 tanquam

2009 3590 2064 3646 in
2115 3589 2327 3660 specula
2364 3599 2514 3644 stans
2549 3590 2732 3644 videre
2783 3589 2980 3661 puterit
3037 3589 3255 3644 densam
3285 3589 3590 3660 plantarum

2013 3680 2348 3750 congeriem,
2376 3690 2450 3747 et,
2480 3681 2608 3734 dum
2640 3674 2766 3735 folia
2808 3692 3219 3736 commoventur
3246 3691 3301 3736 et
3333 3681 3591 3738 meridies

2012 3772 2207 3841 fervet,
2251 3775 2390 3842 prati
2427 3773 2730 3827 universam
2754 3788 3008 3828 coronam
3045 3774 3341 3844 irrigatam.

2084 3871 2136 3928 9.
2178 3871 2307 3928 Inde
2336 3871 2648 3940 Ptolemais,
2676 3873 2790 3928 sive
2839 3878 3001 3951 Acce,
3035 3872 3138 3929 sita
3183 3884 3316 3941 est;
3359 3878 3484 3930 urbs
3511 3875 3596 3929 iu-

2014 3980 2167 4037 gens,
2202 3974 2258 4020 et
2313 3964 2465 4032 copia
2500 3965 2782 4021 hominum
2836 3965 3007 4034 dives,
3063 3966 3184 4021 aliis
3215 3968 3468 4020 omnibus
3501 3985 3596 4021 ex-

2018 4060 2234 4113 celsior.
2271 4057 2346 4112 Ea
2409 4072 2795 4113 navesomnes
2845 4061 3122 4114 onerarias
3172 4061 3417 4129 excipit;
3454 4071 3509 4115 et
3542 4063 3594 4116 in

2017 4167 2135 4205 eam
2179 4166 2273 4219 pro
2302 4149 2520 4206 Christo
2557 4153 2987 4221 peregrinatores
3026 4163 3166 4207 terra
3199 4157 3446 4224 marique
3475 4170 3596 4210 sese

2022 4246 2306 4315 recipiunt.
2375 4243 2510 4298 Hinc
2555 4246 2883 4301 advenarum
2919 4247 3197 4302 immensae
3237 4247 3596 4320 multitudinis

2019 4353 2265 4403 accessu,
2301 4340 2534 4393 dumaer
2568 4340 2951 4409 corrumpitur,
2987 4342 3298 4397 morborum
3344 4341 3598 4413 frequen-

2022 4431 2150 4482 tium
2197 4444 2394 4497 genera
2448 4429 2654 4483 exitiali
2710 4429 3228 4500 desaeviuntciade;
3267 4440 3379 4488 tum
3400 4433 3594 4498 odores

341 4530 492 4582 νόσοι
537 4530 923 4599 συμϐαίνουσι,
955 4529 1050 4583 καὶ
1087 4529 1301 4590 τούτοις
1334 4528 1635 4596 ἐπάγονται
1669 4517 1907 4592 θάνατοι,

2025 4523 2274 4591 pessimi,
2310 4537 2377 4575 ex
2435 4536 2560 4576 aere
2611 4532 2955 4592 putrescente
2993 4525 3262 4580 funestum
3293 4525 3598 4583 hominibus

343 4621 404 4687 ἐξ
456 4613 530 4673 ὧν
560 4619 836 4684 δυσωδίαι,
872 4619 1172 4673 κάντεῦθεν
1203 4621 1232 4672 ό
1280 4619 1392 4690 ἀὴρ
1427 4617 1751 4689 ἐπιφέρεται
1805 4615 1918 4688 [ἵσ.

343 4713 776 4786 ὲπιφθείρετος],
831 4717 927 4768 καὶ
975 4714 1090 4767 ἔστι
1141 4712 1200 4766 τὸ
1253 4714 1422 4766 κακὸν
1460 4711 1678 4783 ἄμαχον
1717 4711 1922 4780 ταύτης

344 4811 446 4880 τῆς
499 4809 730 4872 πόλεως.
771 4807 932 4877 Δεξιᾷ
991 4807 1089 4876 μέν
1120 4807 1272 4860 ἐστιν
1326 4806 1360 4876 ἡ
1396 4805 1700 4877 Κάρμηλος
1759 4803 1853 4856 καὶ
1888 4804 1921 4872 ή

347 4900 618 4970 παράλιος
653 4900 843 4953 πασῶν
882 4899 983 4968 τῆς
1021 4897 1411 4970 Παλαιστίνης.
1440 4897 1523 4949 Τά
1572 4896 1628 4949 δὲ
1662 4894 1925 4965 ετιώνυμα

347 4995 552 5063 ταύτης
585 4993 682 5063 τὴν
709 4992 1004 5054 Γαλιλαίαν
1031 4993 1125 5045 καὶ
1144 4992 1243 5062 τὴν
1270 4991 1586 5061 Σαμάρειαν
1608 4989 1812 5060 ἔχουσι.

428 5090 480 5143 ι’.
536 5086 776 5156 Πρώτως
811 5083 904 5137 οῦν
964 5083 1106 5137 κατά
1160 5083 1260 5154 τὴν
1312 5081 1655 5152 Πτολεμαΐδα
1694 5083 1846 5134 ἐστὶν
1890 5082 1924 5150 ἡ

355 5178 636 5247 Σεμφωρὶ,
667 5176 822 5240 πόλις
845 5175 946 5245 τῆς
977 5174 1268 5238 Γαλιλαίας
1297 5175 1474 5246 πάντη
1509 5173 1693 5238 ἄοικος
1714 5173 1926 5245 σχεδὸν,

361 5271 496 5342 μηδὲ
527 5269 777 5339 λείψανον
808 5270 908 5339 τῆς
963 5266 1157 5338 πρώην
1207 5267 1383 5337 αὐτῆς
1418 5267 1764 5337 εὐδαιμονίας
1820 5266 1925 5335 ep-

358 5365 646 5435 φαίνουσα.
675 5363 828 5417 Μετὰ
858 5362 919 5416 ὁὶ
956 5362 1156 5431 ταύτην
1185 5361 1331 5415 ἐστὶν
1383 5361 1417 5431 ἡ
1463 5359 1643 5427 Κανά,
1696 5359 1928 5412 καστέλ-

359 5460 474 5511 λιον
507 5456 688 5526 πάντη
720 5455 941 5526 μικρὸν,
992 5455 1056 5508 τδ
1088 5454 1232 5518 τέως
1280 5452 1376 5508 νῦν
1416 5452 1714 5524 ὁρώμενον.
1760 5450 1932 5506 Ἔνθα

360 5549 422 5603 τὸ
449 5547 592 5619 ὕδωρ
623 5550 650 5602 ό
692 5548 886 5620 Σωτὴρ
917 5549 997 5611 είς
1039 5542 1184 5601 οἶνον
1218 5547 1572 5619 μετεποίησε.
1615 5545 1726 5602 Καὶ
1755 5544 1932 5610 οὕτως

356 5628 534 5717 ,μέσον
560 5643 836 5713 διαφόρων
870 5640 1077 5712 βουνῶν
1111 5641 1205 5696 ἐπὶ
1238 5639 1316 5711 τῷ
1349 5639 1505 5712 βάθει
1529 5640 1628 5711 τῆς
1653 5639 1716 5708 ἐξ
1749 5639 1932 5695 αὐτῶν

2024 4615 2294 4670 excidium
2347 4613 2625 4669 ali'erunt:
2668 4627 2722 4671 et
2773 4626 2917 4671 tanta
2963 4633 3102 4672 noxa
3166 4636 3273 4674 non
3310 4622 3379 4674 ita
3422 4621 3599 4676 facilis

2025 4722 2334 4778 expugnatu
2391 4719 2516 4776 est;
2566 4725 2664 4764 nec
2700 4712 2995 4765 remedium
3043 4713 3185 4769 malo
3211 4715 3480 4770 inveneris
3509 4731 3601 4770 ur-

2023 4802 2107 4856 bis
2161 4803 2396 4856 dexteraa
2426 4811 2605 4872 partes
2656 4802 2958 4858 Carmelum
2984 4813 3037 4860 et
3081 4807 3409 4860 maritimam
3439 4806 3602 4861 Palae-

2027 4895 2184 4948 stina:
2211 4910 2389 4958 oram,
2445 4896 2682 4949 sinistrae
2736 4893 3009 4951 Galikeam
3047 4908 3098 4952 et
3143 4897 3442 4952 Samariam
3503 4902 3602 4954 ha-

2026 4987 2174 5039 bent.

2100 5088 2185 5144 10.
2215 5087 2390 5142 Prima
2425 5088 2606 5156 itaque
2638 5099 2760 5156 post
2798 5087 3183 5144 Ptolemaidem
3216 5093 3343 5147 urbs
3372 5091 3604 5149 Galilmm

2031 5169 2315 5249 Setnplt'ori
2369 5181 2470 5232 sita
2506 5191 2614 5244 est,
2661 5195 2882 5250 prorsus
2923 5183 3143 5246 inculta,
3197 5194 3358 5252 atque
3390 5185 3571 5240 inbabi

2033 5273 2229 5338 labilis,
2266 5273 2578 5342 nullumque
2634 5273 2747 5327 fere
2803 5275 3043 5342 pristinae
3081 5275 3359 5329 beatitatis
3400 5292 3507 5345 prae
3541 5294 3601 5332 se

2033 5368 2137 5422 fert
2185 5367 2485 5438 vestigium.
2532 5367 2663 5421 Eam
2696 5370 2896 5437 excipit
2944 5369 3423 5435 Cana,ca3tellutn
3483 5359 3606 5440 par-

2032 5475 2178 5525 vum,
2217 5467 2273 5512 ιιι
2297 5473 2440 5511 nunc
2481 5457 2683 5512 videnti
2716 5457 2987 5530 obiicitur.
3046 5459 3120 5512 lbi
3161 5474 3357 5527 aquam
3409 5460 3605 5522 Salva-

2037 5561 2121 5605 tor
2178 5551 2230 5603 in
2269 5549 2448 5602 vinum
2508 5551 2792 5605 convertit.
2829 5549 2963 5604 Tum
3019 5551 3162 5606 inter
3217 5552 3400 5606 varios
3446 5553 3609 5607 colles

2038 5643 2232 5709 media,
2268 5644 2336 5698 ad
2369 5646 2472 5700 ima
2534 5644 2603 5699 ab
2669 5645 2872 5700 eisdem
2919 5645 3216 5701 etim-mata:
3252 5645 3427 5712 vallis,
3479 5649 3609 5702 urbs

369 5738 652 5808 φάραγγος
687 5735 721 5805 ἡ
749 5732 1006 5805 Ναζαρὲτ
1054 5731 1209 5798 πόλις
1246 5732 1662 5804 τεθεμελίωται,
1698 5727 1842 5806 ιφ⁵ᾖ
1873 5750 1900 5787 τ

2037 5736 2308 5794 Nazaretb
2335 5737 2510 5792 locum
2550 5737 2710 5792 habet
2740 5754 2755 5804 ;
2791 5731 2844 5793 in
2876 5755 2977 5809 qua
3030 5739 3221 5809 ingens
3252 5754 3345 5810 per
3377 5737 3608 5793 Gabrie-

372 5833 518 5906 μέγα
566 5830 864 5902 μυστήριον
910 5827 995 5883 διὰ
1044 5828 1138 5884 τοῦ
1191 5827 1532 5900 ἀρχαγγέλου
1578 5825 1816 5897 Γαϐριὴλ,
1864 5829 1933 5898 τῇ

2040 5833 2141 5888 lem
2191 5831 2574 5901 archangelum
2633 5832 2948 5903 mysterium
2993 5832 3232 5903 Deiparte
3264 5832 3466 5902 Virgini
3517 5849 3610 5887 an-
