4060 6290
303 381 412 442 937

1333 371 1790 434 DESCRIPTIO
1831 372 2110 431 TERRE
2151 368 2487 432 SANCTIE.

3448 366 3557 434 938

304 489 385 564 τῷ
413 491 529 562 δρει
573 491 886 558 πρόσεστιν,
918 487 946 539 ὃ
978 488 1066 539 καὶ
1100 485 1274 558 χαρὰν
1319 485 1584 539 ἀποπνέει
1637 501 1882 553 πνευμα-

1997 484 2179 552 spirat.
2202 481 2365 538 Collis
2387 492 2470 536 est
2493 478 2752 535 rotundus
2785 487 2839 533 et
2863 481 3136 537 moderate
3175 495 3292 537 sese
3319 481 3552 549 erigens.

309 583 494 654 τικήν.
526 583 715 634 Ἔστιν
741 575 832 633 οῦν
857 581 884 631 ὁ
920 577 1106 648 βουνὸς
1153 576 1486 647 στρογγύλος
1512 578 1606 629 καὶ
1639 577 1874 645 μετρίως

309 675 636 745 ὑψούμενος.
671 671 790 725 Eia“.
820 671 874 724 δὲ
915 672 1054 724 κατὰ
1092 672 1189 741 τὴν
1232 668 1397 723 αὑτοῦ
1428 667 1672 740 κορυφὴν
1713 667 1875 737 μοναὶ

304 767 422 832 δύο,
461 765 546 835 ἔφ’
573 765 638 827 ἃς
660 767 717 817 ἐν
744 763 1099 834 ἀλλογλώσσῳ
1128 763 1281 834 ὕμνῳ
1308 761 1622 832 Χριστιανοὶ
1645 760 1874 831 ὁμότρο-

311 875 406 911 ποι
435 857 494 910 τὸ
519 858 676 910 Θεῖον
709 855 1133 926 ὲξευμενίζουσι,
1186 855 1282 908 καὶ
1313 853 1436 907 καθ’
1465 854 1532 924 ἢν
1570 852 1668 921 μὲν
1695 852 1728 923 ἡ
1768 853 1878 904 Σω-

305 953 497 1022 τήριος
525 950 714 1018 γέγονε
751 949 1188 1019 Μεταμόριρωσις
1221 947 1312 999 τοῦ
1337 945 1601 1017 Χριστοῦ,
1630 943 1877 998 Λατίνων

310 1042 564 1114 μοναχῶν
633 1042 868 1113 ὑπάρχει
926 1040 1158 1111 πληθύς.
1213 1039 1302 1091 Ἐν
1361 1039 1418 1092 δὲ
1482 1043 1547 1108 τῇ
1616 1036 1882 1108 ἀριστερᾷ

306 1137 358 1188 οἱ
421 1134 542 1188 καθ’
575 1134 722 1204 ἡμᾶς
793 1134 1112 1203 Ναζηραῖοι
1154 1131 1245 1185 τὸν
1309 1131 1450 1199 ἱερὸν
1515 1133 1719 1183 ἐκεῖνον
1767 1130 1879 1198 χῶ-

308 1245 406 1299 ρον
454 1225 805 1296 ἁγιαζόμενοι
858 1225 1165 1295 ἀγιάζουσι.
1216 1224 1278 1276 Ἦ
1336 1224 1392 1278 δὲ
1451 1219 1725 1295 Σωτήριος
1785 1222 1879 1276 τοῦ

308 1318 551 1390 Χριστοῦ
582 1319 1030 1389 Μεταμόρφωσις
1087 1319 1143 1370 tv
1186 1320 1252 1387 τῇ
1282 1320 1496 1387 κορυφῇ
1552 1316 1746 1386 γέγονε
1785 1317 1880 1370 τοῦ

309 1411 532 1483 βουνοῦ,
561 1412 682 1465 καθ’
721 1414 786 1482 ἦν
814 1413 910 1465 καὶ
942 1411 1051 1464 τῶν
1082 1411 1331 1464 Λατίνων
1359 1409 1478 1462 ἐστὶ
1507 1410 1666 1480 μονὴ,
1701 1403 1770 1481 ἧς
1822 1411 1878 1460 tv

307 1500 389 1570 τῷ
419 1500 510 1554 τοῦ
545 1500 680 1555 Θεοῦ
710 1500 820 1574 [ιον.
863 1500 1020 1573 ναοῦ]
1059 1499 1430 1571 Θυσιαστηρίῳ
1469 1500 1617 1553 ἐστὶν
1639 1501 1667 1551 ὁ
1695 1499 1880 1563 τόπος,

309 1597 396 1662 ἐφ’
429 1588 473 1664 ᾧ
506 1597 532 1648 6
558 1595 762 1669 Κύριος
795 1593 1194 1666 μετεμορφώθη
1227 1593 1330 1646 ἀνά
1373 1593 1538 1663 μέσον
1569 1592 1756 1646 Ἦλιοῦ
1789 1593 1883 1646 καὶ

309 1689 614 1753 Μωῦσέως,
655 1688 750 1741 καὶ
799 1688 909 1742 τῶν
939 1687 1105 1760 τριῶν
1137 1685 1303 1741 αὑτοῦ
1358 1687 1672 1757 προκρίτων
1705 1686 1883 1757 μαθη-

304 1782 440 1847 τῶν,
473 1781 678 1850 Πέτρου
717 1798 774 1833 τε
805 1782 900 1836 καὶ
921 1780 1168 1834 Ἰωάννου
1201 1779 1287 1832 καὶ
1315 1779 1884 1850 Ἰακώΰου.Ὺπάρχει

1983 574 2039 625 lu
2077 573 2278 626 vertice
2311 573 2418 626 duo
2450 580 2727 626 exstructa
2781 580 2908 624 sunt
2947 573 3312 634 monasteria;
3369 572 3420 625 in
3473 571 3558 627 liis

1980 671 2255 717 extranea:
2310 662 2502 731 lingua:
2557 660 2806 714 laudibus
2865 659 3185 726 Christiani,
3254 661 3554 716 solitariam

1980 755 2144 808 vitam
2173 755 2486 823 amplexati,
2527 750 2735 807 Numen
2790 753 3084 822 propitium
3144 754 3392 811 reddunt.
3445 753 3558 806 Mo-

1982 846 2303 913 nasterium,
2345 847 2398 900 in
2452 861 2556 915 quo
2591 846 2843 901 salutaris
2877 845 3080 901 Christi
3124 845 3560 917 Transliguratio

1984 940 2202 1004 accidit,
2243 939 2558 994 Latinorum
2596 939 2981 993 monachorum
3033 941 3320 993 multitudo
3376 950 3556 1006 tenet;

1983 1033 2199 1097 laevum,
2240 1031 2330 1103 qui
2370 1041 2554 1086 nostra
2585 1029 2976 1085 consuetudine
3009 1032 3330 1085 monachum
3369 1031 3561 1086 indue-

1986 1136 2114 1180 runt
2164 1124 2430 1180 Nazareni
2459 1122 3046 1177 saerosanctumillum
3093 1123 3267 1176 locum
3318 1123 3562 1177 sanctiﬁ-

1989 1220 2093 1275 cati
2155 1217 2515 1274 sanctiﬁcant.
2571 1213 2836 1269 Salutaris
2866 1214 3066 1270 Christi
3118 1213 3556 1285 Transﬁguratio

1987 1312 2040 1366 in
2063 1310 2265 1366 vertice
2293 1308 2448 1365 collis
2476 1307 2680 1372 evenit,
2705 1307 2795 1361 ubi
2828 1305 3140 1366 Latinorum
3173 1307 3560 1361 monasterium

1986 1405 2210 1469 visitur;
2242 1405 2292 1457 in
2324 1401 2480 1471 cujus
2510 1401 2692 1456 divino
2715 1401 2873 1455 altari
2906 1400 3164 1454 Dominus
3223 1400 3361 1454 inter
3389 1399 3563 1454 Eliaut

1986 1503 2042 1547 et
2094 1492 2329 1563 Moysen,
2374 1506 2437 1547 ac
2466 1499 2577 1545 tres
2605 1494 2901 1561 praecipuos
2953 1488 3266 1557 discipulos,
3317 1487 3562 1552 Petrum,

1985 1582 2267 1645 Joannem.
2320 1591 2375 1636 et
2429 1580 2710 1646 Jacobum,
2755 1582 3173 1652 transﬁguratus
3225 1589 3328 1636 est.
3386 1580 3566 1638 Locus

1988 1677 2144 1731 aereis
2189 1676 2446 1732 cancellis
2496 1677 2940 1744 circumsepitur.
2985 1675 3086 1732 Ubi
3143 1689 3271 1729 vero
3298 1681 3569 1730 steterunt

1992 1770 2204 1825 Domini
2254 1769 2437 1839 pedes,
2482 1769 2856 1840 praecandidus
2883 1769 3046 1824 umbo
3078 1777 3370 1838 spectatur,
3418 1777 3470 1822 et
3515 1769 3568 1820 ln

305 1872 367 1924 δὲ
401 1872 428 1922 6
459 1870 634 1941 χῶρος
685 1872 893 1934 ἐκεῖνος
941 1871 1046 1924 ὑπὸ
1075 1869 1342 1942 χαλκείων
1378 1869 1667 1937 κιγκλίδων
1717 1885 1874 1938 περιο

1997 1864 2132 1918 illius
2183 1862 2360 1918 medio
2408 1864 2578 1932 iigura
2636 1860 2830 1916 divinae
2884 1861 3084 1926 crucis,
3138 1876 3204 1915 ex
3265 1876 3371 1931 qua
3425 1858 3571 1915 haud

308 1964 726 2036 θριγγούμενος.
756 1964 879 2035 Ἐφ’
904 1964 961 2017 ὃν
990 1964 1046 2016 δὲ
1077 1963 1240 2017 τόπον
1282 1962 1518 2034 ἔστησαν
1555 1964 1603 2015 oi
1636 1960 1729 2016 τοῦ
1773 1962 1885 2014 Ku-

310 2058 436 2127 ρίου
470 2057 650 2123 πόδες,
683 2058 878 2127 ὁρᾶται
901 2056 1167 2127 ὀμφάλιον
1200 2055 1339 2109 πάνυ
1374 2053 1593 2118 λευκὸν,
1628 2053 1684 2104 tv
1715 2045 1757 2119 ᾧ
1792 2053 1886 2122 pit—

311 2160 407 2196 σον
437 2146 746 2207 ἐκτύπωσις
782 2145 928 2198 Θείου
965 2144 1230 2215 Σταυροῦ,
1279 2143 1338 2207 ἐξ
1378 2139 1444 2213 ἦς
1483 2143 1720 2213 ἄρρητος
1749 2142 1885 2194 εὐωο

308 2235 401 2287 δία
451 2237 774 2302 ὲκπνὲουσα,
818 2237 925 2290 τῶν
979 2240 1313 2307 προσιόντων
1360 2235 1748 2306 κατευφραίνει
1791 2234 1887 2300 τὴν

310 2330 608 2400 ὄσφρησιν.
643 2329 886 2395 Ἕξωθεν
904 2331 1081 2403 δὲξτῆς
1116 2331 1313 2400 μονῆς,
1356 2329 1488 2382 ὡσεὶ
1523 2328 1669 2380 λίθου
1700 2326 1885 2396 βολῆς,

311 2419 435 2473 ἐστι
463 2422 658 2494 μικρὸν
683 2424 967 2494 σπήλαιον,
999 2425 1056 2474 tv
1080 2415 1123 2490 ᾧ
1152 2422 1288 2492 μετά
1317 2419 1414 2491 τὴν
1441 2419 1674 2491 φρικτὴν
1704 2419 1888 2472 Μετα-

316 2514 625 2584 μόρφωσιν,
652 2516 908 2570 εἰσελθὼν
936 2518 962 2570 6
1009 2516 1266 2586 Χριστὸς,
1294 2516 1420 2577 τοὺς
1465 2514 1709 2584 μαθητὰς
1769 2513 1886 2564 tve-

311 2607 555 2674 τείλατο,
593 2609 781 2679 μηδενὶ
825 2612 996 2663 εἰπεῖν
1027 2611 1226 2672 αὐτοὺς
1257 2610 1318 2662 τὸ
1345 2609 1551 2679 ὅραμα,
1596 2606 1789 2677 μέχρις
1821 2603 1887 2656 ἂν

313 2695 386 2746 ἐκ
411 2695 617 2764 νεκρῶν
651 2697 880 2766 ἀναστῇ.
917 2697 1052 2768 Περὶ
1094 2697 1150 2750 δὲ
1186 2695 1247 2750 τὸ
1293 2694 1540 2767 ἀρκτῷον
1592 2693 1755 2762 μέρος
1795 2690 1892 2743 τοῦ

313 2784 481 2853 ὅρους
529 2781 764 2855 ὑπάρχει
793 2784 854 2836 τὸ
885 2785 979 2837 τοῦ
1035 2785 1373 2854 Μελχισεδὲκ
1425 2780 1712 2852 σπήλαιον,
1752 2780 1889 2846 ὅπερ

314 2876 472 2927 ἐστὶν
499 2875 830 2940 ἀξιοθέατον·
865 2877 1131 2947 τέτρωται
1164 2878 1270 2946 γὰρ
1306 2879 1385 2939 είς
1414 2873 1704 2942 διαφόρους
1727 2871 1888 2937 δπάς,

315 2965 417 3016 καὶ
469 2966 605 3017 είσὶν
640 2967 698 3018 tv
735 2967 881 3038 αὺτῷ
920 2968 1168 3039 ὑπερῷα,
1207 2971 1300 3021 καὶ
1336 2969 1596 3036 ὑπόγαια,
1648 2968 1740 3020 καὶ
1765 2966 1885 3019 διά-

321 3073 466 3126 φορα
494 3059 773 3129 οίκήματα
808 3061 904 3114 καὶ
949 3060 1134 3114 κελλία
1161 3063 1243 3125 είς
1288 3062 1543 3133 ἀσκητῶν
1574 3058 1891 3128 καταμονάς

1994 1963 2173 2019 facilis
2201 1973 2460 2020 enarratu
2503 1964 2638 2019 odor
2657 1978 2940 2031 emanans,
2971 1964 3378 2020 advenientium
3411 1979 3571 2020 nares

1995 2057 2252 2113 delectat.
2307 2059 2470 2114 Extra
2522 2059 2940 2125 monasterium,
2996 2061 3061 2114 ad
3097 2058 3301 2128 jactum
3358 2059 3569 2130 lapillis,

1995 2151 2188 2221 pusilla
2227 2153 2468 2222 aperitur
2491 2152 2770 2222 spelunca,
2807 2154 2858 2205 in
2909 2167 3070 2223 quam
3119 2163 3242 2224 post
3276 2153 3571 2207 admirabi-

1997 2243 2098 2298 lem
2132 2241 2686 2313 Transiigurationem
2744 2244 3000 2300 Dominus
3043 2245 3346 2321 ingressus,
3409 2245 3574 2301 disci-

1996 2337 2132 2408 pulis
2155 2338 2425 2407 praecepit,
2451 2352 2518 2393 ne
2547 2338 2779 2410 cuipiam
2811 2338 3059 2394 dicerent
3087 2339 3378 2408 visionem,
3405 2341 3574 2398 donec

1997 2430 2113 2499 ipse
2177 2447 2208 2485 a
2257 2431 2485 2487 mortuis
2533 2441 2864 2502 resurgeret.
2928 2432 3008 2487 Ad
3044 2433 3318 2488 borealem
3363 2447 3573 2504 partem

2000 2521 2216 2580 montis.
2256 2520 2633 2577 Meleliisedeci
2680 2522 2932 2590 spelunca
2993 2523 3357 2592 conspicitur,
3413 2525 3576 2594 (ligna

2000 2628 2117 2682 qua:
2141 2612 2208 2667 ab
2247 2613 2498 2668 omnibus
2534 2614 2782 2669 videatur
2806 2655 2824 2682 ,
2876 2615 3104 2670 diversis
3149 2615 3382 2684 undique
3436 2615 3579 2671 iura-

2001 2705 2235 2760 minibus
2276 2714 2508 2776 pateus:
2548 2705 2600 2759 in
2651 2722 2826 2776 eaque
2870 2707 2984 2762 loca
3021 2707 3330 2776 superiora,
3358 2718 3413 2762 et
3455 2711 3579 2762 sub.

2001 2808 2274 2864 terranea,
2308 2805 2362 2851 et
2413 2797 2574 2852 variae
2631 2797 3010 2863 habitationes,
3065 2809 3120 2853 et
3147 2798 3294 2853 cellae
3327 2798 3381 2854 in
3415 2802 3580 2856 Asce-

2001 2902 2175 2946 tarum
2240 2891 2539 2948 ministeria
2593 2893 2961 2962 exercitiaque
3029 2891 3471 2964 dispertiuntur;
3524 2905 3579 2948 et

2005 2984 2160 3038 multi
2183 2983 2484 3054 ingentium
2510 2993 2846 3051 sanctorum,
2878 2983 3288 3047 exercitationis
3316 3000 3428 3040 suae
3457 3000 3581 3039 cur-

1999 3093 2118 3132 sum
2134 3077 2186 3131 in
2199 3075 2304 3131 illis
2320 3076 2683 3134 absolverunt.
2699 3076 3014 3146 Speluncam
3031 3091 3194 3145 prope
3206 3087 3287 3132 est
3301 3077 3579 3146 templum,

325 3151 752 3220 χρηματίζοντα,
778 3155 857 3216 ei;
887 3152 923 3208 ἀ
963 3156 1056 3206 καὶ
1091 3154 1275 3208 πολλοὶ
1304 3155 1411 3208 τῶν
1446 3153 1697 3224 μεγάλων
1726 3153 1891 3220 ἁγίων

2001 3167 2188 3222 eodem
2241 3167 2332 3223 illo
2359 3168 2411 3222 in
2457 3166 2592 3234 loco,
2622 3171 2674 3222 in
2707 3182 2813 3234 quo
2847 3160 3078 3222 Abrahae
3125 3180 3418 3222 occurrens
3449 3167 3580 3222 Met-

325 3244 420 3296 τὸν
443 3247 739 3318 ἀσκητικὸν
763 3248 960 3319 δρόμον
984 3249 1263 3322 διήνυσαν.
1287 3249 1488 3319 Ἐγγὺς
1510 3249 1604 3303 τοῦ
1631 3249 1896 3320 σπηλαίου

321 3338 522 3392 τούτου
556 3341 676 3394 ἐστὶ
707 3342 854 3408 ναὸς,
902 3344 1025 3395 κατ’
1071 3343 1235 3398 αὐτὸν
1273 3342 1336 3414 δὴ
1372 3344 1464 3396 τὺν
1511 3343 1697 3408 τόπον,
1736 3344 1812 3404 είς
1842 3343 1900 3396 ὂν

320 3433 436 3486 ἀπὸ
462 3435 560 3504 τῆς
589 3435 765 3505 κοπῆς
800 3436 893 3490 τὸν
923 3437 1176 3510 Ἀϐραὰμ
1202 3437 1619 3507 ἀποστρέφοντα
1647 3438 1674 3489 6
1698 3437 1902 3506 Μελχι-

321 3526 490 3580 σεδὲκ
533 3530 896 3598 συναντήσας,
955 3531 1050 3583 καὶ
1105 3529 1410 3601 εὐλογήσας
1454 3529 1712 3594 ἐξένισεν.
1769 3529 1902 3582 Ἀπὸ

321 3615 423 3669 τοῦ
451 3619 697 3671 τοιούτου
723 3617 883 3687 ἁγίου
929 3619 1120 3690 βουνοῦ
1155 3621 1292 3690 πρὸς
1319 3617 1417 3691 τὴν
1449 3619 1672 3691 πρώτην
1703 3618 1898 3673 ἀνατο-

321 3709 429 3781 λὴν
461 3711 738 3778 ἀτενίσας,
775 3712 845 3766 τὰ
873 3713 971 3783 έλη
1017 3715 1112 3766 καὶ⁸
1140 3713 1238 3784 τὴν
1267 3713 1527 3783 φάραγγα
1555 3711 1675 3782 ὕψει
1722 3711 1816 3766 τοῦ
1845 3714 1900 3763 tv

325 3808 602 3874 ποταμοῖς
654 3806 962 3876 ἀγιωτάτου
1005 3806 1300 3877 Ἰορδάνου.
1333 3804 1458 3860 Ἐπὶ
1507 3805 1674 3859 πλέον
1704 3805 1761 3858 δὲ
1810 3804 1899 3857 τὸν

323 3897 610 3967 ὸςρθαλμδν
637 3899 885 3962 ἐκτείνας
923 3897 991 3953 τὰ
1027 3897 1121 3953 τοῦ
1158 3897 1394 3952 Λιϐάνου
1436 3898 1572 3969 πρὸς
1612 3895 1901 3966 ἀνίσχοντα

324 3991 603 4062 βλέποντα
638 3991 789 4062 ἣλιον
820 3993 963 4063 μέρη
989 3991 1184 4062 θεάσῃ,
1229 3991 1321 4043 καὶ
1348 3988 1440 4043 δύο
1473 3989 1745 4060 μεγάλους
1778 3988 1901 4058 βουο

323 4085 455 4147 νοὺς
486 4079 560 4138 ὧν
593 4088 760 4154 μέσον
785 4086 819 4156 ή
852 4083 1142 4155 Δαμασκδς
1181 4083 1420 4154 ἵδρυται.
1451 4079 1826 4151 Παρεκκλίνας
1847 4079 1904 4133 δὲ

328 4178 533 4246 μικρὸν
564 4176 698 4244 πρὸς
727 4177 789 4228 τὸ
827 4175 1253 4247 εὐωνυμώτατον
1287 4177 1450 4246 μέρος
1489 4173 1582 4227 τοῦ
1633 4173 1902 4244 Ἰορδάνου

323 4268 426 4321 τὸν
457 4267 753 4336 ὀφθαλμὸν,
777 4270 910 4339 ὁρᾷς
925 4269 1023 4340 τὴν
1053 4267 1632 4338 Τισεριάδαθάλασσαν
1655 4267 1794 4319 πάνυ
1809 4282 1905 4318 κα-

328 4360 520 4430 θαρῶς
550 4361 643 4414 καὶ
668 4363 1055 4432 ἀνενοχλήτως,
1080 4355 1147 4433 ἦς
1172 4361 1230 4414 tv
1259 4360 1334 4430 τῷ
1363 4360 1722 4430 ἀντιπέραθεν
1749 4360 1905 4431 μέρει

2001 3258 2270 3325 cbisedec,
2330 3259 2617 3314 revertenti
2679 3274 2709 3313 a
2768 3258 2934 3327 caede,
2998 3257 3290 3322 benedixit,
3328 3259 3583 3328 hospitio-

2002 3366 2104 3420 que
2152 3351 2399 3407 eumdem
2459 3351 2694 3421 excepit.
2730 3351 2805 3404 Ex
2864 3351 2967 3406 hoc
3031 3349 3204 3417 colle,
3265 3349 3332 3404 ad
3381 3349 3581 3419 primos

2001 3443 2130 3498 solis
2179 3451 2331 3497 ortus
2378 3441 2550 3498 aciem
2594 3442 2872 3498 oculorum
2948 3442 3271 3508 intendens,
3331 3441 3576 3509 paludes,

2003 3536 2306 3604 vallemque
2346 3575 2360 3600 ,
2407 3535 2732 3590 sanctissimi
2785 3534 3034 3590 Jordanis
3075 3535 3214 3588 inter
3266 3531 3477 3598 ﬂuvios,
3506 3546 3579 3597 et,

2002 3629 2046 3682 si
2080 3628 2302 3684 ulterius
2327 3628 2496 3683 aciem
2524 3627 2806 3692 direxeris,
2841 3636 3022 3696 partes
3053 3625 3263 3694 Libani,
3294 3626 3360 3681 ad
3393 3628 3579 3682 orien-

2005 3730 2109 3775 tem
2143 3722 2307 3776 solem
2342 3732 2629 3784 vertentes,
2671 3720 3000 3785 intueberis;
3039 3719 3308 3790 simulque
3362 3728 3415 3775 et
3447 3721 3580 3774 duos

2005 3810 2250 3880 ingentes
2318 3819 2548 3877 montes,
2583 3812 2636 3866 ln
2686 3826 2915 3881 quorum
2943 3810 3118 3866 medio
3145 3812 3435 3865 Damascus
3469 3809 3580 3864 col-

2006 3900 2237 3956 locatur.
2273 3901 2557 3956 Declinans
2577 3917 2705 3957 vero
2756 3900 3026 3971 paululum
3062 3904 3127 3954 ad
3150 3902 3425 3956 sinistram
3457 3897 3579 3953 Jor-

2007 3991 2161 4046 danis
2219 3991 2426 4059 oculos,
2482 3991 2784 4048 Tiberiadis
2838 4007 2984 4046 mare
3039 4005 3295 4061 perquam
3343 3990 3488 4044 clare
3519 4005 3582 4043 ae

2005 4084 2123 4138 sine
2155 4083 2261 4138 ullo
2293 4084 2677 4154 impedimento
2718 4083 3008 4154 spectabis.
3056 4083 3223 4150 Cujus
3257 4083 3310 4137 in
3355 4083 3578 4137 adversa

2006 4187 2158 4244 parte
2215 4192 2412 4247 parvus
2450 4193 2614 4247 agger
2658 4178 2938 4245 attollitur,
2983 4177 3038 4231 in
3101 4190 3271 4246 eoque
3335 4174 3581 4229 Salvator

2007 4270 2235 4339 panibus
2318 4269 2616 4333 benedixit,
2686 4279 2739 4325 et
2793 4271 3029 4340 quinque
3091 4269 3260 4323 millia
3303 4267 3579 4322 hominum

2008 4363 2357 4430 exsaturavit,
2394 4369 2588 4433 etpost
2610 4365 3060 4418 resurrectionem
3112 4376 3221 4417 una
3255 4375 3378 4416 cum
3419 4359 3579 4414 disci-

331 4454 535 4525 μικρόν
571 4471 624 4507 τι
663 4452 864 4524 ὕψωμα
898 4454 1226 4525 ἐμφαίνεται
1274 4453 1547 4524 χώματος,
1594 4455 1654 4506 tv
1685 4447 1730 4521 ᾧ
1775 4454 1891 4517 τοὺς

2008 4453 2169 4523 pulis,
2202 4463 2323 4524 post
2353 4465 2568 4509 centum
2591 4454 2977 4524 quinquaginta
3033 4454 3192 4508 trium
3224 4453 3451 4523 piscium
3483 4465 3575 4506 ca-

325 4523 535 4619 ἀρτυυς
565 4551 592 4602 6
621 4548 810 4620 Σωτὴρ
841 4523 1138 4618 ηὑλόγησε,
1167 4548 1261 4602 καὶ
1280 4523 1410 4610 τοῦς
1434 4545 1891 4616 πεντακισχιλίους

2010 4523 2246 4616 pturam,
2280 4563 2510 4619 pransus
2543 4523 2646 4604 est.
2671 4523 2918 4617 Ejusdem
2943 4547 3140 4602 montis
3163 4547 3231 4602 ad
3253 4546 3577 4616 septentrio-

327 4642 607 4712 éqltb'rtd’s,
639 4642 775 4712 μετά
789 4642 844 4696 δὲ
870 4640 967 4712 τὴν
993 4643 1289 4697 ἀνάστασιν
1325 4643 1436 4705 τοῖς
1465 4640 1734 4711 μαθηταῖς
1765 4657 1903 4692 συν-

326 4735 658 4805 ηρίστησεν,
719 4736 776 4787 ὲν
820 4735 1051 4814 τῶν
1101 4735 1298 4789 ἑκατὸν
1350 4735 1698 4804 πεντήκοντα
1738 4733 1905 4804 τριῶν

332 4828 542 4899 ἰχθύων
571 4829 736 4900 ἄγρᾳ.
773 4819 1029 4882 Κατέινδὲ
1074 4830 1133 4882 τὸ
1176 4827 1425 4898 ἀρκτῷον
1472 4827 1635 4898 μέρος
1682 4827 1773 4880 τοῦ
1805 4827 1905 4880 αὺ-

327 4919 435 4973 τοῦ
464 4919 678 4989 βουνοῦ,
709 4922 894 4990 ἕτερος
925 4921 1024 4991 τὴν
1049 4922 1277 4974 πεδιάδα
1303 4921 1520 4992 ἐκείνην
1543 4918 1904 4990 περιξωννύει

329 5011 525 5079 ζυγὸς,
575 5012 707 5064 ὡσεὶ
731 5013 938 5081 δώδεκα
972 5014 1200 5067 σταδίων
1233 5015 1509 5085 διάστημα
1540 5016 1572 5086 ἢ
1605 5016 1694 5068 καὶ
1720 5015 1903 5068 πλεῖον

328 5101 513 5158 αὑτοῦ
537 5103 938 5174 διαιρούμενον.
979 5105 1245 5177 ’Υπάρχει
1279 5105 1334 5159 δὲ
1363 5108 1421 5160 tv
1457 5110 1568 5170 τοῖς
1607 5107 1770 5161 αὑτοῦ
1804 5126 1908 5162 καο

331 5194 708 5268 ταχύμασινή
740 5197 892 5260 πόλις
923 5197 1122 5268 Ναεὶμ,
1150 5201 1228 5261 είς
1254 5200 1321 5271 ἢν
1353 5202 1382 5253 ὁ
1432 5194 1635 5269 Κύριος
1683 5203 1776 5256 τὸν
1806 5203 1907 5271 τῆς

331 5291 518 5364 χήρας
545 5291 662 5344 υἱὸν
687 5293 750 5343 ἐκ
779 5293 987 5361 νεκρῶν
1015 5294 1256 5364 ἤγειρεν.
1304 5295 1391 5348 Ἐν
1439 5295 1496 5347 δὲ
1529 5295 1605 5364 τῷ
1658 5295 1904 5350 ἀνατολι-

334 5385 573 5456 κωτέρῳ
600 5387 757 5456 μέρει
803 5389 898 5455 τῆς
933 5388 1104 5457 αὐτῆς
1145 5388 1351 5450 πόλεως
1379 5391 1571 5458 ὁρᾶται
1605 5391 1664 5442 τὸ
1704 5391 1904 5460 χωρίον

2005 4638 2184 4694 nalem
2232 4639 2623 4710 partem,aliud
2659 4641 2844 4710 jugum
2884 4640 3161 4708 planitiem
3199 4639 3386 4710 cingit,
3444 4641 3580 4695 duo-

2006 4733 2179 4789 decim
2211 4733 2509 4788 stadiorum
2541 4732 2710 4788 ferme
2752 4733 3036 4788 intervallo
3066 4741 3122 4789 et
3155 4735 3383 4804 amplius
3414 4733 3576 4789 etiam

2005 4825 2363 4881 subdivisum.
2422 4827 2481 4880 In
2516 4825 2660 4882 illius
2712 4841 2946 4884 excursu
2981 4829 3126 4899 jacet
3163 4827 3291 4883 urbs
3313 4825 3494 4892 Naim,
3522 4826 3578 4880 in

2005 4934 2109 4989 qua
2141 4918 2402 4976 Dominus
2426 4920 2592 4975 lilium
2647 4920 2821 4976 viduae
2849 4935 2917 4976 ex
2951 4923 3181 4976 mortuis
3221 4920 3274 4974 in
3305 4921 3472 4974 vitam
3494 4933 3576 4972 re-

2013 5013 2244 5067 vocavit.
2291 5010 2349 5067 ln
2414 5012 2694 5068 orientalis
2728 5014 2961 5069 civitatis
3003 5021 3180 5082 parte.
3211 5010 3467 5081 oppidum
3494 5012 3572 5064 vi-

2004 5105 2146 5160 situr
2201 5105 2438 5161 Aendor.
2467 5105 2612 5160 inter
2647 5106 2999 5171 Thaborium,
3056 5103 3233 5171 Nalm,
3263 5111 3316 5158 et
3342 5103 3574 5165 Aendor,

2009 5206 2219 5252 torrens
2283 5197 2474 5253 Cisson
2533 5197 2762 5268 perﬂuit,
2817 5200 2885 5255 de
2923 5214 3029 5269 quo
3089 5198 3165 5252 ait
3236 5194 3577 5251 DaViszac

2005 5301 2111 5355 illis
2142 5303 2276 5357 sicut
2303 5302 2519 5358 Madian
2560 5315 2605 5358 et
2645 5303 2864 5372 Sisara},
2892 5308 3027 5360 sicut
3083 5303 3243 5357 Jabin
3267 5303 3319 5354 in
3347 5310 3577 5354 torrente

2005 5393 2189 5450 Cisson
2228 5411 2246 5449 :
2273 5396 2621 5466 disperierunt
2645 5397 2700 5452 in
2721 5399 2932 5452 Aendor
2955 5399 2999 5452 ⁸.

329 5479 602 5551 Ἀενδὼρ,
637 5481 799 5550 μέσον
828 5480 885 5537 δὲ
909 5480 1001 5532 τοῦ
1051 5478 1250 5549 Θαόὼρ
1287 5480 1385 5550 τῆς
1426 5480 1605 5550 Ναείμ
1637 5499 1696 5534 τε
1735 5483 1829 5536 καὶ
1867 5484 1960 5537 τοῦ
1997 5484 2232 5555 ’Δενδὼρ
2278 5488 2562 5558 περιρρέει
2612 5489 2642 5543 δ
2682 5489 2984 5560 χείμαρρος
3042 5487 3286 5547 Κίσσων,
3346 5484 3476 5550 περὶ
3513 5469 3574 5531 οὗ

335 5598 515 5654 φησιν
547 5579 576 5631 6
597 5577 760 5632 Δαὸίδ
781 5596 794 5610 ·
822 5578 1086 5646 Ποίησον
1110 5576 1330 5641 αὐτοὺς
1363 5577 1442 5641 ὡς
1467 5577 1580 5646 τὴν
1607 5575 1840 5648 Μαδιάμ
1870 5578 1967 5644 καί
1995 5574 2075 5642 τῷ
2103 5578 2346 5647 Σισάρᾳ,
2382 5581 2461 5645 ὡς
2507 5581 2573 5633 τὸ
2619 5579 2834 5650 Ἰαϐείμ
2878 5581 2947 5634 ἐν
2983 5577 3064 5644 τῷ
3105 5573 3400 5647 χειμάρρῳ
3433 5574 3576 5624 Κισ-

332 5673 476 5733 σών
500 5691 513 5704 ·
549 5672 1078 5740 ἐξωοθρεύθησιιν
1103 5671 1171 5722 ἐν
1213 5668 1469 5740 ’Λενόώρ.

415 5835 436 5867 ⁸
468 5833 608 5890 Psal.
641 5848 808 5899 χχιιι,
857 5834 940 5889 10.

675 5927 941 5988 Ριτιιοῐ..
981 5931 1095 5988 Gtt.
1144 5923 1457 5987 CXXXIII.

3193 5920 3268 5987 30
