3988 6284
599 406 705 470 939

1882 405 2175 469 JOANNII

2279 407 2520 469 ’HOCE
3733 412 3818 475 940

667 520 754 578 12.
798 519 971 576 Unius
1023 518 1127 575 diei
1183 518 1361 591 spatio
1402 518 1534 575 urbs
1580 515 1806 575 SebaSte
1858 520 2044 585 distat,
2117 518 2175 573 ab

2362 520 2451 590 ιβ’.
2483 520 2591 573 Καὶ
2623 520 2743 590 μεθ’
2771 520 2984 592 ἡμέρας
3023 522 3154 592 μιᾶς
3199 520 3352 574 διάστ
3378 520 3479 593 ιμά
3514 524 3655 577 ἐστιν
3691 526 3817 594 ﬁgi.

599 612 804 668 llerode
830 612 1123 668 Tetrareha
1158 612 1210 667 iu
1250 612 1507 667 honorem
1563 610 1795 667 Caesaris
1830 612 2095 667 restituta.
2120 610 2177 664 lu

595 716 657 755 ea
683 706 1049 757 venerandum
1074 702 1474 773 caputmajoris
1506 702 1648 758 inter
1682 715 1840 758 natos
1871 703 2177 767 mulierum,

594 793 821 852 Joannis
884 795 1157 866 Baptistae,
1190 797 1370 852 minor
1430 795 1690 863 Herodes,
1719 794 1861 851 inter
1882 797 2179 851 convivan-

594 890 745 953 dum,
804 887 1053 944 abscidit.
1113 891 1169 945 In
1219 890 1393 944 media
1440 888 1663 945 civitate
1702 903 1890 943 carcer
1944 898 2059 954 est;
2126 889 2178 943 in

595 996 778 1051 quem,
836 983 961 1035 dum
987 980 1342 1037 Herodiadem
1370 982 1460 1038 ille
1511 983 1953 1052 reprehenderet,
1993 982 2180 1052 conje-

593 1083 737 1139 ctus,
794 1073 1079 1142 capiteque
1124 1073 1481 1127 imminutus."
1542 1071 1745 1129 Carcer
1794 1074 2181 1129 subterraneus

591 1175 694 1231 est,
722 1175 779 1219 et
820 1164 1008 1234 vgiuti
1073 1164 1336 1234 gradibus
1382 1163 1437 1218 in
1505 1179 1627 1219 eum
1706 1163 2052 1219 descenditur
2080 1181 2095 1218 :
2125 1164 2180 1218 in

594 1258 750 1326 cujus
785 1257 963 1312 medio
989 1260 1160 1313 altare
1183 1257 1430 1329 erigitur,
1458 1256 1547 1313 ubi
1583 1273 1614 1312 a
1646 1257 1973 1326 spiculatore
2006 1260 2183 1327 capite

592 1354 948 1409 obtruncatus
986 1362 1086 1408 est.
1124 1354 1166 1408 A
1209 1353 1428 1408 dextera
1463 1352 1670 1418 altaris,
1720 1352 1911 1407 urnula
1963 1353 2179 1420 visitur,

592 1449 645 1502 in
691 1463 796 1519 qua
849 1448 1023 1502 sancti
1082 1446 1381 1513 Zachariae,
1436 1445 1794 1503 Przecursoris
1829 1448 2021 1518 patris,
2053 1462 2180 1504 cor-

591 1557 690 1612 pus
742 1551 1016 1596 servatum
1044 1540 1262 1606 fuerat;
1314 1556 1341 1594 a
1364 1540 1517 1605 laeva,
1548 1539 1719 1596 altera
1752 1539 1971 1607 urnula,
1997 1540 2051 1595 in
2074 1554 2180 1609 qua

590 1648 793 1704 corpus
844 1644 1046 1689 sanctae
1087 1632 1395 1700 Elisabetre,
1425 1631 1668 1704 ejusdem
1727 1634 1937 1690 matris.
1985 1633 2177 1702 jacet:

589 1729 1041 1802 quemadmodum
1100 1739 1154 1785 et
1189 1730 1260 1797 ;in
1311 1728 1554 1798 utrisque
1601 1727 1835 1783 carceris
1892 1727 2177 1793 lateribus,

589 1826 863 1878 variorum
895 1831 1206 1877 sanctorum
1246 1819 1508 1891 reliquiae,
1544 1829 1598 1875 ct
1628 1817 2011 1890 discipulorum
2036 1817 2183 1872 Prat-

2283 611 2461 683 δαστὴ
2504 611 2683 677 πόλις,
2717 613 2783 683 ῆν
2825 612 3072 683 Ἡρώδης
3123 616 3152 667 6
3196 614 3519 686 Τετράρχης
3570 616 3646 680 είς
3688 619 3820 689 τιμὴν

2280 708 2373 760 τοῦ
2411 706 2690 778 Καίσαρος
2716 705 3086 766 ἀνεκαίνισεν.
3124 708 3214 761 Ἐν
3299 711 3397 764 καὶ
3421 709 3523 780 τὴν
3550 711 3725 778 τιμίαν
3751 729 3821 763 κε-

2284 802 2459 873 φαλὴν
2489 802 2584 856 τοῦ
2613 805 2672 855 ἐν
2704 804 2987 874 γεννητοῖς
3014 804 3294 873 γυναικῶν
3325 804 3572 875 μείζονος
3605 805 3820 859 Ἰωάννου

2283 896 2376 950 τοῦ
2410 896 2749 961 Βαπτιστοῦ,
2796 897 2855 951 ὲν
2903 896 2982 967 τῷ
3041 896 3208 951 αὑτοῦ
3262 899 3552 969 συμποσίῳ
3581 899 3607 950 6
3661 899 3821 968 μικρὸς

2296 990 2550 1062 Ἡρώδης
2580 990 2879 1061 ἀπέτεμεν.
2921 992 3111 1043 Ἔστιν
3148 986 3241 1045 οὖν
3284 992 3450 1062 μέσον
3482 992 3581 1060 τῆς
3606 990 3825 1059 τοιαύτης

2284 1085 2495 1148 πόλεως
2526 1087 2559 1156 ἡ
2608 1084 2849 1157 φυλακὴ,
2883 1088 2964 1149 είς
2993 1086 3058 1157 ἢν
3088 1083 3357 1156 ἐνεϐλήθη
3403 1084 3511 1137 τῶν
3540 1084 3645 1153 τῆς
3682 1086 3828 1154 Ἡρω-

2282 1174 2462 1239 διάδος
2512 1176 2676 1232 ἕνεκα
2705 1177 2977 1249 ἐλεγμῶν,
3028 1176 3114 1247 ἐφ’
3147 1170 3182 1251 ᾖ
3211 1179 3308 1231 καὶ⁵
3337 1176 3436 1248 τὴν
3466 1175 3700 1247 κεφαλὴν
3744 1178 3828 1229 ἀπ-

2286 1268 2526 1342 ετμήθη.
2570 1271 2635 1324 Ἥ
2671 1271 2730 1326 δὲ
2776 1270 2999 1341 τοιαύτη
3031 1270 3249 1341 φυλακή
3302 1272 3447 1324 ἐστιν
3477 1269 3583 1323 ὑπὸ
3614 1267 3704 1340 τὴν
3725 1270 3825 1341 γῆν,

2282 1363 2480 1435 ἔχουσα
2510 1362 2780 1435 βαθμίδας
2809 1366 2876 1419 ὲκ
2907 1364 3015 1418 τῶν
3061 1361 3274 1419 ἄνωθεν
3320 1363 3427 1427 ἕως
3452 1361 3625 1432 αὑτῆς
3663 1361 3829 1424 εἴκοσι,

2283 1457 2341 1510 ὲν
2384 1456 2551 1528 δὲτῴ
2589 1456 2741 1529 μέσῳ
2793 1456 2961 1529 αὑτῆς
3013 1457 3251 1529 ὑπάρχει
3308 1456 3691 1526 θυσιαστήριον
3727 1458 3833 1527 περὶ

2282 1551 2376 1606 τὸν
2400 1551 2591 1619 τόπον,
2617 1552 2741 1606 καθ’
2770 1552 2830 1606 ὃν
2857 1552 3275 1623 ἀπεκεφαλίσθη
3303 1550 3411 1604 ὑπὸ
3440 1548 3536 1605 τοῦ
3567 1548 3835 1603 σπεκουλά-

2283 1662 2464 1717 τορος.
2497 1644 2661 1718 Δεξιᾷ
2686 1645 2744 1699 δὲ
2768 1645 2862 1701 τοῦ
2895 1645 3140 1702 τοιούτου
3174 1643 3571 1716 θυσιαστηρίου
3602 1643 3834 1714 ἐστιλαρ-

2284 1739 2492 1804 νάκιον,
2556 1741 2637 1804 εἰς
2692 1740 2721 1794 δ
2766 1740 3203 1813 ὲτεθησαύριστο
3235 1740 3296 1794 τὸ
3349 1739 3515 1811 σῶμα
3566 1738 3657 1793 τοῦ
3700 1738 3835 1807 ἁγίου

2285 1833 2558 1905 Ζαχαρίου
2600 1833 2697 1888 τοῦ
2746 1834 2957 1907 πατρὸς
3006 1833 3101 1889 τοῦ
3162 1834 3513 1906 Προδρομου.
3558 1833 3647 1886 Ἐν
3677 1832 3729 1887 δὲ
3774 1832 3836 1902 τῷ

589 1919 855 1984 cursoris,
894 1916 1199 1986 quiescunt.
1234 1914 1414 1986 Supra
1461 1928 1736 1970 carcerem
1796 1912 2056 1982 templum
2098 1925 2175 1965 as-

2288 1927 2557 2000 εὐωνύμῳ
2587 1928 2776 2000 ἕτερον
2812 1928 3131 2001 λαρνάκων,
3173 1928 3232 1982 ἐν
3273 1921 3315 1997 ᾧ
3342 1929 3463 1981 ἐστι
3512 1925 3753 1997 κείμενον
3790 1925 3835 1977 ti

585 2017 781 2086 surgit,
810 2015 935 2070 etin
977 2030 1042 2072 eo
1086 2030 1232 2070 urnze
1253 2015 1397 2079 duae,
1420 2028 1487 2069 ex
1511 2013 1744 2069 candido
1787 2026 2057 2067 marmore
2082 2025 2177 2066 ex-

583 2112 747 2174 cisze;
781 2123 1011 2179 quarum
1050 2108 1269 2163 dextera
1306 2106 1574 2163 combusti
1604 2105 1846 2175 corporis
1882 2099 2172 2157 venerandi

584 2200 952 2258 Prmcursoris
982 2202 1226 2267 cineres,
1257 2200 1429 2257 altera
1462 2199 1637 2254 Eiisaai
1668 2200 1944 2269 prophetas
1976 2210 2175 2266 corpus

585 2295 865 2353 continet;
914 2308 1187 2365 supraque
1209 2294 1264 2349 in
1294 2308 1459 2350 aureo
1486 2307 1632 2359 vase,
1659 2292 1877 2347 sinistra
1914 2290 2175 2346 Praecur-

580 2388 722 2443 seris
743 2402 957 2456 manus,
997 2401 1430 2458 quaquaversum
1460 2397 1516 2442 et
1546 2387 1661 2457 ipsa
1714 2399 1849 2441 auro
1917 2386 2171 2439 obducta.

586 2481 641 2537 la
696 2481 888 2537 mediae
923 2490 979 2536 et
1010 2481 1308 2552 superioris
1347 2480 1517 2552 partis
1569 2478 1801 2534 civitatis
1825 2476 1983 2543 colle,
2035 2478 2175 2531 anti-

577 2575 762 2646 quit’us
814 2582 933 2630 erat
955 2572 1184 2631 Herodis
1230 2572 1411 2644 regia;
1440 2572 1529 2627 ubi
1570 2581 1624 2627 et
1665 2571 1969 2626 convivium
2000 2583 2171 2641 appa-

580 2677 754 2722 ratum
808 2666 928 2735 fuit,
975 2677 1032 2722 et
1086 2665 1417 2722 exsecranda
1472 2664 1563 2721 illa
1628 2665 1800 2735 puella
1866 2664 2098 2728 saltavit,
2119 2672 2174 2718 et

593 2759 899 2815 saltationis
933 2761 1238 2828 praemium,
1286 2767 1690 2815 sacrosanctum
1725 2755 1982 2826 Baptistae
2012 2760 2174 2825 caput

577 2851 764 2907 retulit
789 2868 804 2905 :
825 2866 968 2907 nunc
999 2864 1128 2906 vero
1158 2851 1305 2907 locus
1328 2848 1418 2905 ille
1438 2848 1748 2906 Graecorum
1780 2848 2168 2903 monasterium

577 2960 684 3005 cst.
729 2940 1009 3019 Templum
1039 2948 1355 3005 monasterii
1405 2947 1721 3015 trollatum;
1761 2954 1813 3002 et
1844 2947 1897 3001 in
1934 2947 2064 3001 laeva
2094 2945 2173 3001 al-

581 3041 714 3096 taris
776 3052 930 3111 parte
993 3041 1215 3110 cellula,
1272 3042 1404 3096 etin
1431 3040 1551 3111 ejus
1583 3038 1759 3094 medio
1798 3052 1867 3093 ex
1898 3052 2170 3093 marmore

578 3135 741 3189 umbo
793 3134 846 3189 in
877 3133 1033 3206 longe
1076 3133 1338 3190 altissima
1394 3130 1539 3189 fossa
1569 3131 1925 3204 conspicitur,
1974 3131 2028 3185 in
2061 3145 2170 3202 quo

438 3252 469 3291 χ
579 3227 751 3297 prima
797 3224 1090 3281 venerandi
1125 3234 1180 3280 et
1234 3225 1440 3296 angelis
1492 3224 1773 3281 reverendi
1804 3222 1996 3293 capitis
2033 3222 2168 3277 Prae-

575 3320 819 3376 cursoris
858 3319 1101 3377 inventio
1139 3318 1260 3388 fuit,
1321 3320 1466 3391 quod
1522 3336 1587 3378 eo
1622 3318 1725 3375 loci
1752 3318 1821 3376 ab
1866 3318 2168 3375 Herodiade

580 3410 856 3468 defossum
894 3413 1115 3468 latebat.
1192 3427 1197 3431 '

2284 2021 2447 2093 σῶμα
2474 2021 2573 2092 τῆς
2600 2022 2763 2091 ἁγίας
2812 2021 3103 2076 Ἐλισάσετ
3127 2021 3230 2093 τῆς
3256 2019 3502 2092 μητέρος
3543 2019 3721 2074 αὑτοῦ.
3761 2018 3835 2073 Ἐν

2277 2110 2322 2163 δ’
2355 2108 2697 2181 ἀμφοτέραις
2719 2112 2839 2175 ταῖς
2866 2110 2966 2182 τῆς
2995 2110 3243 2181 φυλακῆς
3273 2108 3541 2181 πλευραῖς
3559 2109 3836 2162 ἑναπὰκειν-

2254 2192 2367 2257 ται
2392 2203 2665 2275 διαφόρων
2703 2204 2875 2274 ἁγίων
2900 2203 3131 2274 λείψανα
3162 2204 3260 2257 καὶ
3305 2203 3421 2255 τῶν
3480 2202 3735 2274 μαθητῶν
3758 2201 3831 2255 voti

2280 2294 2625 2367 Προδρόμου.
2660 2295 2937 2369 ’Υπερθεν
2967 2295 3023 2348 δὲ
3049 2295 3150 2367 τῆς
3173 2294 3429 2366 φυλακῆς
3456 2294 3690 2364 ὑπάρχει
3711 2293 3833 2359 vulg,

2279 2390 2358 2453 si;
2393 2390 2453 2445 δν
2479 2389 2757 2460 ἔγκεινται
2784 2379 3059 2461 λάρνακες
3094 2390 3211 2454 δύο,
3246 2386 3356 2443 άπὸ
3395 2386 3600 2442 λευκοῦ
3628 2387 3835 2459 λατομη-

2278 2482 2466 2549 θέντες
2503 2484 2820 2556 μαρμάρου,
2858 2477 2933 2539 ὧν
2959 2484 3022 2539 τὸ
3062 2484 3383 2555 δεξιώτερον
3414 2486 3539 2557 ἔχει
3570 2484 3714 2539 κόνιν
3760 2481 3834 2536 τοῦ

2275 2578 2761 2649 ἀποτεφρωθέντος
2788 2577 3039 2649 σώματος
3066 2579 3159 2633 τοῦ
3193 2577 3377 2647 τιμίου
3398 2578 3706 2649 Πρςδόμου,
3726 2575 3832 2632 τὸδὲ

2273 2667 2464 2740 ἕτερον
2497 2669 2556 2723 τὸ
2587 2667 2749 2739 σῶμα
2786 2668 2881 2723 τοῦ
2906 2670 3190 2740 προφήτου
3217 2667 3524 2722 Ἐλισαίου.
3566 2668 3830 2739 Πρόκειται

2272 2761 2317 2815 δ’
2343 2761 2582 2833 ὕπερθεν
2638 2761 2831 2817 τούτου
2863 2762 3017 2825 ἐντὸς
3049 2761 3283 2833 χρυσέου
3319 2759 3560 2823 σκεύους
3588 2761 3622 2833 ἠ
3666 2757 3829 2814 εὐώνυ-

2276 2869 2378 2923 μος
2401 2852 2497 2907 τοῦ
2531 2852 2852 2924 Προδρὸμου
2881 2851 3027 2921 χεὶρ,
3065 2849 3568 2923 χρυσῷςπάντοθεν
3599 2850 3694 2923 καὶ
3724 2848 3823 2918 αὑτὴ

2273 2946 2821 3019 περικεκαλυμμένη.
2864 2948 2953 3001 Ἐν
2995 2948 3053 3001 δὲ
3084 2944 3164 3019 τῷ
3195 2946 3528 3020 ὑψηλοτέρῳ
3570 2946 3725 3019 μέρει
3761 2944 3818 3011 τῆς

2271 3040 2479 3104 πόλεως
2510 3038 2626 3093 ἐστι
2673 3037 2815 3093 κατὰ
2841 3040 2940 3109 τὴν
2968 3039 3142 3111 μέσην
3177 3039 3351 3108 αὐτῆς
3381 3038 3678 3109 γηόλοφος,
3714 3036 3764 3087 ἑν

2272 3135 2440 3189 πάλαι
2468 3134 2565 3206 μὲν
2597 3128 2666 3206 ἦν
2700 3132 2760 3186 τὸ
2791 3130 2888 3186 τοῦ
2923 3130 3163 3204 Ἡρώδου
3208 3134 3497 3197 παλάτιον,
3525 3130 3655 3185 ἔνθα
3685 3125 3829 3183 καὶτὸ

2273 3223 2578 3295 συμπόσιον
2604 3222 2819 3291 γέγονε,
2855 3220 2951 3276 καὶ
2999 3224 3032 3293 ὴ
3079 3222 3251 3293 μιαρὰ
3282 3220 3422 3293 κόρη
3465 3221 3655 3290 εκείνη
3682 3218 3832 3291 ὠρχή·

2278 3334 2431 3381 σατο,
2458 3317 2553 3372 καὶ⁸
2585 3313 2747 3371 ἆθλον
2796 3316 2899 3388 τῆς
2949 3315 3234 3388 ὀρχήσεως
3267 3314 3366 3387 τὴν
3413 3314 3577 3388 ἱεράν
3624 3308 3831 3381 κεφαλὴν

2273 3412 2371 3466 τοῦ
2398 3410 2706 3466 Βαπτιστοῦ
2734 3409 2947 3481 εἴληφε.
2974 3409 3091 3463 Νῦν
3120 3410 3177 3462 δὲ
3214 3411 3243 3464 6
3285 3409 3537 3473 τοιοῦτος
3570 3408 3729 3471 τόπος
3764 3404 3834 3474 γέ-

577 3525 701 3581 γονε
742 3506 1056 3580 Ῥωμαϊκὸν
1126 3478 1495 3579 μοναστήριον
1534 3520 1547 3537 ο
1577 3503 1816 3575 ὑπάρχει
1856 3498 1951 3558 οὖν
1988 3505 2017 3557 6
2090 3504 2217 3573 ναὸς
2244 3506 2345 3579 τῆς
2378 3506 2637 3578 τοιαύτης
2693 3478 3253 3575 μονῆςτρουλλωτός.
3285 3502 3376 3556 Ἐν
3403 3486 3465 3556 δ’ὲ
3493 3501 3576 3574 τῷ
3601 3500 3835 3579 εὐωνύμῳ

581 3607 737 3681 μέρει
763 3603 860 3660 τοῦ
915 3602 1307 3682 θυσιαστηρίου
1349 3604 1466 3657 ἔστι
1520 3601 1736 3657 κελλίον
1792 3602 2014 3674 μικρὸν,
2081 3596 2145 3659 οὗ
2190 3605 2355 3675 μέσον
2401 3604 2595 3675 δρᾶται
2640 3602 2704 3656 ὲκ
2762 3603 3058 3674 μαρμάρου
3100 3599 3391 3673 ὀμφάλιον,
3432 3602 3534 3655 ἐπὶ
3583 3600 3836 3674 βαθυτάτῳ

578 3701 790 3772 σφόδρα
816 3699 1095 3772 ὀρύγματι
1116 3698 1394 3770 κείμενον,
1427 3697 1486 3751 έν
1508 3689 1552 3766 ᾧ
1583 3699 1618 3769 ἡ
1642 3696 1843 3769 πρώτη
1885 3696 2106 3769 εὑρεσις
2134 3698 2238 3770 τῆς
2277 3701 2466 3773 τιμίας
2498 3697 2768 3770 κεφαλῆς,
2804 3698 2901 3753 καὶ
2939 3696 3196 3767 ἀγγέλοις
3239 3695 3532 3768 αἱδεσίμου
3582 3694 3676 3750 τοῦ
3721 3697 3837 3766 Προ-

574 3797 781 3870 δρόμου
809 3792 1056 3872 γέγονεν,
1092 3790 1128 3845 ἦ
1159 3791 1218 3846 ὲν
1248 3790 1325 3863 τῷ
1350 3789 1503 3862 τόπῳ
1542 3789 1742 3863 ἑκείνῳ
1791 3788 2011 3863 ἐχώσθη
2057 3790 2162 3845 ὑπὸ
2198 3792 2297 3862 τῆς
2344 3791 2698 3863 Ἡρωδιάδος.

653 3889 743 3946 15.
776 3885 1095 3942 Excurrenti
1119 3884 1377 3955 deinceps
1427 3885 1599 3940 stadia
1627 3884 1798 3942 ferme
1841 3884 2175 3956 quindecim,

2352 3886 2443 3959 ιγ’.
2472 3883 2606 3942 Εἶτα
2632 3887 2774 3960 μετὰ
2800 3886 3168 3959 παραδρομὴν
3191 3885 3424 3941 σταδίων
3451 3885 3591 3940 ὡσεὶ
3618 3884 3741 3939 δέκα
3761 3880 3839 3939 καί.

582 3980 1049 4037 Samaritanorum
1109 3975 1424 4046 metropolis
1488 3974 1681 4032 Sichar
1748 3976 1906 4033 obvia
1968 3976 2053 4045 ﬁt,
2088 3975 2175 4032 cui

2279 3978 2442 4033 πέντε
2473 3980 2621 4033 ἐστιν
2650 3979 2685 4049 ἡ
2723 3978 2833 4034 τῶν
2880 3978 3186 4051 Σαμαρέων
3222 3976 3573 4050 μητρόπολις
3601 3976 3781 4047 Σιχὰρ,
3810 3976 3836 4043 ἠ

581 4073 924 4148 postmodum
960 4068 1182 4140 Neapoli
1206 4082 1402 4125 nomen
1431 4067 1555 4135 fuit,
1610 4070 1753 4125 inter
1790 4071 1927 4126 duos
1964 4081 2175 4127 monte

2282 4074 2423 4143 μετὰ
2450 4072 2625 4127 ταῦτα
2660 4072 2925 4143 κληθεῖσα
2951 4072 3250 4138 Νεάπολις,
3268 4071 3523 4142 ’κειμένη
3556 4072 3717 4141 μέσον
3758 4067 3837 4122 δύο

587 4173 715 4236 sita,
771 4182 1001 4240 quorum
1064 4163 1311 4235 pedibus,
1359 4163 1728 4220 fundamentis
1753 4163 1869 4235 ipsa
1905 4164 2043 4232 suis,
2069 4180 2175 4236 qua

2279 4166 2506 4237 βουνῶν,
2557 4166 2890 4238 ἀμφοτέρων
2925 4165 3347 4237 περιαπτομένη
3376 4163 3458 4236 τῷ
3490 4164 3726 4235 θεμελίῳ
3758 4161 3834 4214 ἐπὶ

581 4281 641 4322 se
668 4263 879 4335 longius
910 4261 1171 4329 extendit,
1201 4259 1447 4315 inhaeret.
1486 4258 1545 4315 In
1574 4260 1882 4315 dexteriore
1907 4260 2174 4315 montium

2279 4263 2448 4332 μήκει
2494 4262 2622 4325 τοὺς
2672 4260 2975 4332 πρόποδας.
3021 4251 3123 4312 Ὧν
3162 4260 3224 4312 τὸ
3257 4259 3591 4331 δεξιώτερον
3625 4260 3837 4330 ὑπάρχει

589 4359 1080 4432 (Samaritanorqu
1130 4370 1195 4411 ea
1233 4352 1448 4409 traditio
1515 4350 1621 4425 est)
1664 4352 1804 4408 Deus
1862 4351 2175 4409 Alirahamo

2279 4355 2337 4407 τὸ
2361 4354 2484 4425 ὅρος
2510 4356 2569 4409 ὲν
2624 4346 2669 4423 ᾧ
2698 4357 2749 4407 οἱ
2786 4354 3068 4426 Σαμαρεῖς
3117 4354 3339 4424 λέγουσι
3396 4353 3736 4427 χρηματίσαι
3775 4350 3837 4421 τῷ

581 4467 906 4524 responsum
941 4449 1109 4516 dedit,
1139 4458 1194 4504 et
1218 4448 1468 4503 lsaacum
1500 4448 1554 4502 in
1590 4444 1924 4502 sacriﬁcium
1986 4447 2174 4517 petiit;

584 4558 637 4602 et
684 4542 1016 4615 patriarcha,
1071 4552 1129 4596 ut
1158 4540 1319 4595 iidem
1366 4539 1704 4605 existimant,
1730 4539 1858 4595 licet
1906 4540 2006 4610 ipsi
2041 4539 2175 4611 quid

585 4640 770 4696 dicant
832 4638 1102 4700 nesciant,
1153 4635 1208 4690 in
1257 4648 1321 4689 eo
1353 4634 1584 4691 hostiam
1631 4634 1961 4701 Immoiavit;
2014 4648 2172 4690 mons

2279 4637 2498 4701 αὑτοὺς,
2531 4638 2622 4689 τὸν
2654 4637 3036 4708 Πατριάρχην,
3072 4633 3175 4689 κᾶν
3198 4636 3300 4688 οὐκ
3333 4634 3515 4689 οἴδασι
3543 4636 3595 4690 τί
3616 4635 3833 4705 λέγουσι.
3934 4630 3935 4699 ξ

2281 4728 2355 4781 Τὺ
2384 4728 2495 4799 γὰρ
2524 4727 2654 4799 δρος
2693 4731 2872 4782 ἐκεῖνο
2916 4728 2979 4779 τὸ
3025 4727 3169 4780 θεῖόν
3203 4729 3321 4780 ἐστι
3368 4725 3729 4798 λιθόστρωτον
3755 4724 3835 4779 τοῦ
3934 4742 3935 4805 γ

586 4731 787 4789 etenim
844 4730 935 4785 ille
960 4729 1195 4794 divinus,
1252 4726 1529 4797 Golgotbae
1549 4724 1942 4783 Lithostrotum
1978 4738 2083 4795 est,
2119 4730 2173 4783 in

586 4842 693 4897 quo
726 4825 1021 4882 salutarent
1085 4822 1387 4891 passionem
1418 4821 1668 4875 Salvator
1706 4821 1893 4874 mundi
1933 4822 2171 4889 pertulit.

585 4923 666 4977 Ad
692 4919 855 4991 pedes
892 4916 1088 4971 montis
1132 4914 1467 4985 conspicitur
1510 4929 1657 4984 ager,
1700 4929 1728 4967 a
1767 4912 1989 4981 Jacobo,
2020 4911 2174 4969 .lose-

588 5014 695 5082 pho
746 5010 853 5065 ﬁlio
900 5008 1177 5065 exhibitus
1208 5022 1223 5059 :
1258 5005 1313 5061 in
1369 5019 1500 5076 agro
1562 5004 1790 5070 Jacobi,
1824 5015 2017 5076 puteus
2083 5004 2171 5057 ubi

591 5104 845 5159 Dominus
885 5103 1070 5162 labore
1096 5098 1397 5155 delassatus
1447 5097 1670 5169 quievit,
1701 5107 1755 5152 et
1794 5094 2171 5165 Samaritantr,

587 5212 707 5267 quas
728 5210 943 5252 sacrum
1008 5193 1354 5263 prosequitur
1380 5189 1751 5261 Evangelium,
1813 5194 2052 5245 elocutus
2071 5201 2172 5245 est.

595 5292 667 5345 De
700 5290 800 5343 hoc
826 5286 1013 5342 eodem
1040 5294 1223 5340 monte
1258 5284 1449 5340 mulier
1490 5282 1717 5339 Domino
1768 5281 1978 5337 dixerat
2011 5298 2027 5337 :
2062 5280 2172 5335 Pa-

592 5394 695 5437 tres
724 5381 889 5435 nostri
919 5381 971 5434 in
991 5388 1164 5434 monte
1194 5380 1291 5433 hoc
1318 5380 1672 5433 adoraverunt
1706 5378 1750 5432 ⁸.
1792 5375 1859 5430 Ει
1889 5376 2174 5444 Dominus,
2200 5400 2202 5403 ·

590 5490 823 5547 quanam
850 5476 1059 5530 ratione
1089 5475 1156 5530 iis
1188 5475 1278 5545 qui
1304 5476 1355 5528 iu
1381 5460 1570 5544 spiritu
1597 5480 1652 5527 et
1678 5470 1904 5527 veritate
1928 5471 2175 5537 adorant,

591 5574 733 5627 Deus
778 5567 1151 5640 praecolendus
1190 5568 1283 5651 sit,
1348 5566 1617 5638 colloquio
1681 5565 1775 5623 illo
1828 5580 2020 5622 omnes
2049 5565 2181 5619 edo-

591 5665 727 5719 cuit.

667 5923 691 5962 ⁸
716 5922 876 5983 Joau.
912 5941 988 5993 tv,
1026 5922 1120 5981 20.
1150 5962 1154 5967 ι

2277 4445 2536 4519 Ἁϐραάμ
2592 4450 2684 4503 τὸν
2739 4448 2895 4514 Θεὸν,
2961 4449 3060 4503 καὶ
3112 4447 3211 4518 τὴν
3252 4447 3444 4502 θυσίαν
3490 4449 3723 4521 ζητῆσαι
3759 4444 3834 4500 τοῦ

2276 4541 2487 4608 Ἰσαάκ,
2532 4542 2627 4595 καὶ
2674 4546 2732 4595 ἐν
2781 4540 2933 4612 αὑτῷ
2979 4541 3186 4612 ταύτην
3215 4542 3458 4609 τελέσαι,
3502 4544 3628 4597 ὅσον
3656 4543 3715 4597 τὸ
3736 4539 3836 4595 κατ’

2282 4820 2545 4889 Γολγοθᾶ,
2578 4824 2638 4874 ὲν
2664 4816 2708 4891 ᾧ
2730 4822 2790 4873 τὸ
2825 4820 3093 4891 σωτήριον
3123 4820 3295 4884 πάθος
3324 4822 3352 4873 ὁ
3378 4821 3470 4875 τοῦ
3504 4823 3707 4891 κόσμου
3736 4820 3835 4871 Σω-

2279 4914 2384 4985 τὴρ
2421 4914 2737 4984 ὑπέμεινεν.
2784 4914 2876 4967 Ἐν
2910 4915 2967 4967 δὲ
3016 4915 3133 4979 τοῖς
3177 4914 3274 4967 τοῦ
3322 4914 3518 4984 βουνοῦ
3568 4913 3835 4987 προπόδοις

2280 5010 2399 5061 ἐστι
2449 5014 2510 5061 τὸ
2550 5009 2771 5080 χωρίον,
2807 5009 2834 5062 ὃ
2868 5008 3101 5062 δέδωκεν
3140 5006 3335 5061 ’ἰακὼὸ
3394 5010 3596 5079 Ἰωσὴφ
3639 5005 3832 5077 τῷύίῷ

2280 5101 2469 5167 αὑτοῦ,
2524 5104 2581 5155 ἐν
2630 5097 2674 5172 ᾧ
2708 5105 2825 5157 ὲστι
2856 5105 2951 5157 καλ⁸
2996 5102 3054 5155 τὸ
3088 5103 3185 5157 τοῦ
3220 5102 3385 5157 αὑτοῦ
3430 5102 3627 5158 Ἰακὼὸ
3656 5101 3830 5172 φρέαρ.

2281 5196 2411 5251 ἔνθα
2434 5199 2460 5250 6
2489 5196 2693 5269 Κύριος
2725 5199 3076 5261 κεκοπιακὼς
3105 5198 3353 5263 ἐκάθισε,
3387 5198 3483 5253 καὶ
3511 5200 3576 5270 τῇ
3612 5192 3833 5268 Σαμαρί-
3934 5194 3935 5203 “

2281 5291 2383 5343 τιδι
2415 5288 2685 5360 διελέχθη,
2725 5289 2761 5345 ὃ.
2805 5290 2863 5343 τὸ
2932 5290 3076 5360 ἱερὸν
3105 5289 3304 5356 ἔξεισιν
3331 5290 3675 5358 Εὑαγγέλιον.
3712 5285 3830 5355 Περὶ

2279 5382 2373 5436 τοῦ
2426 5384 2670 5437 τοιούτου
2717 5383 2910 5454 βουνοῦ
2946 5385 3151 5455 ἔφησεν
3181 5388 3212 5456 ή
3268 5384 3405 5457 γυνὴ
3441 5386 3578 5458 πρὸς
3612 5384 3695 5437 τὸν
3729 5378 3817 5432 Κύ-

2283 5494 2397 5548 ριον
2426 5492 2439 5506 ’
2473 5480 2537 5530 02
2573 5476 2824 5545 πατέρες
2856 5476 3028 5547 ἡμῶν
3051 5479 3121 5531 ἐν
3154 5476 3232 5543 τῷ
3263 5478 3383 5546 ὄρει
3408 5478 3594 5543 τούτῳ
3631 5486 3823 5543 προσε-

2277 5573 2577 5639 κύνησαν.
2610 5573 2718 5624 Καὶ
2744 5573 2773 5623 6
2803 5570 3006 5641 Κύριος
3034 5573 3150 5635 πῶς
3174 5573 3253 5624 δεῖ
3289 5570 3609 5642 προσκυνεῖν
3641 5567 3751 5627 τοὺς
3774 5564 3821 5615 ὲν

2280 5666 2554 5737 πνεύματι
2587 5667 2683 5718 καί
2707 5665 2940 5737 ἀληθείᾳ
2972 5664 3444 5735 προσκυνοῦντας,
3478 5663 3566 5718 διὰ
3584 5661 3675 5732 τῆς
3704 5654 3819 5729 πρὸς

2279 5760 2494 5831 ἐκείνην
2520 5759 2739 5831 ὁμιλίας
2764 5760 2929 5813 πᾶσιν
2962 5757 3221 5823 ἐδίδαξεν.
