4060 6290
341 414 446 479 941

1366 405 1820 472 DESCRIPTIO
1859 398 2143 467 TERRIE
2182 401 2516 464 SANCTAE.

3388 377 3392 380 ⁴
3480 400 3589 469 at!

415 528 499 581 ιδ’.
554 526 692 581 Ἀπὸ
740 526 837 596 τῆς
882 523 1197 597 Σαμαρείας
1225 522 1329 587 ἕως
1376 523 1474 594 τῆς
1502 521 1667 590 ἁγίας
1705 517 1915 582 πόλεως

2089 515 2180 575 Η.
2210 517 2255 572 Α
2288 513 2533 571 Samaria
2573 514 2640 581 ad
2692 528 2904 570 sacram
2936 512 3228 585 ‘civitatem
3270 512 3446 568 stadia
3486 532 3591 568 nu.

336 621 449 675 εἰσι
484 619 672 673 στάδια
702 618 1036 689 ὀγδοήκοντα
1088 617 1353 688 τέσσαρα,
1386 609 1463 672 ὧν
1492 615 1524 685 ἠ
1552 612 1726 677 διόδος
1758 614 1911 667 πᾶσα

338 709 725 782 λιθόστρωτος,
756 710 850 763 καὶ
888 708 1062 763 ταῦτα
1107 709 1419 781 κατάξηρος
1473 702 1609 763 οὖσα
1670 708 1706 778 ἡ
1756 708 1913 761 πᾶσα

338 801 569 873 τοιαύτη
606 802 782 873 χώρα,
830 798 929 859 κάλ
976 803 1239 875 αὐχμηρὰ
1269 804 1387 857 ἐστι
1419 806 1514 859 καὶ
1563 798 1913 869 κατάμπελος

339 892 437 945 καὶ
465 890 812 962 ὑπόδενδρος,
862 891 894 962 ή
936 891 995 945 δὲ
1026 891 1159 961 ἁγία
1190 890 1343 955 πόλις
1375 894 1555 946 κεῖται
1593 890 1760 962 μέσον
1798 890 1915 941 δια-

338 977 523 1050 φόρων
551 976 876 1051 φαράγγων,
911 982 1008 1035 καὶ
1040 979 1270 1050 βουνῶν,
1307 982 1402 1035 καὶ
1436 978 1557 1035 ἐστὶ
1582 976 1644 1033 τὸ
1677 980 1735 1032 ιν
1773 977 1913 1048 αὐτῇ

338 1068 729 1143 θεωρούμενον
761 1069 1240 1142 θαυμαστόνηἚν
1275 1068 1451 1142 ταύτῃ
1486 1068 1595 1141 γὰρ
1640 1068 1915 1140 ὑπερανε-

341 1164 573 1233 στηκυῖα
622 1163 816 1234 δρᾶται
860 1164 895 1235 ἡ
936 1163 1093 1227 πόλις
1142 1164 1237 1218 καὶ
1306 1162 1586 1235 χθαμαλὴ.
1630 1160 1767 1233 πρὸς
1804 1161 1914 1232 γάρ

340 1254 442 1326 τὴν
472 1255 575 1326 τῆς
608 1253 874 1320 Ἰουδαίας
901 1256 1091 1329 χώραν
1136 1254 1289 1311 ἔστιν
1324 1254 1729 1329 ὑπερκειμένη,
1776 1252 1915 1324 πρὸς

338 1346 397 1399 δὲ
424 1344 496 1402 τά
537 1346 779 1419 ιχόμενα
807 1348 1013 1422 ταύτης
1051 1347 1298 1420 γηόλοφα
1330 1345 1753 1420 χθαμαλίζεται.
1818 1346 1916 1411 Εἰς

340 1441 451 1511 γάρ
482 1438 580 1494 δύο
611 1439 753 1511 μέρη
794 1443 823 1495 6
862 1441 1005 1505 θεῖος
1047 1434 1205 1514 οὗτος
1246 1441 1544 1513 διαιρεῖται
1581 1440 1782 1513 χῶρος,
1817 1438 1918 1495 καὶ

340 1530 479 1603 πρὸς
514 1531 615 1603 μὲν
644 1531 705 1586 τὸ
733 1532 828 1587 τοῦ
864 1532 1042 1599 δεξιοῦ
1075 1533 1264 1606 βουνοῦ
1287 1532 1718 1605 χθαμαλώτερον
1750 1533 1917 1604 μέρος

342 1625 376 1694 ἡ
411 1622 544 1693 ἁγία
591 1623 745 1689 πόλις
774 1625 1081 1696 έφίδρυται,
1115 1622 1184 1699 ἧς
1219 1627 1249 1679 6
1287 1624 1572 1698 περίϐολος
1604 1626 1767 1697 μέχρι
1817 1627 1917 1697 τῆς

343 1712 629 1786 φάραγγος
653 1719 924 1789 καταντᾷ,
949 1719 1011 1772 τὸ
1047 1718 1094 1772 δ’
1124 1717 1363 1791 ὕπερθεν
1391 1718 1601 1790 ταύτης
1630 1719 1781 1773 ἐστὶν
1795 1718 1917 1773 ὅλον

344 1810 697 1880 ὑπάμπελον,
730 1813 789 1864 ὲν
819 1804 863 1880 ᾧ
894 1811 987 1865 καὶ
1024 1812 1052 1864 ό
1082 1812 1347 1884 λιθασμὸς
1380 1812 1477 1867 τοῦ
1514 1812 1917 1883 πρωτομάρτυ-

2011 618 2290 665 merantur
2338 620 2573 679 quatuor
2600 615 2652 663 et
2679 609 2974 679 octoginta.
3018 606 3115 662 Via
3158 617 3241 663 est
3301 607 3479 663 omnis
3512 607 3590 661 la-

2016 702 2232 773 pidibus
2259 712 2450 769 strata,
2485 711 2557 766 et,
2611 702 2734 757 licet
2760 712 2873 757 tota
2913 716 2977 757 ea
3008 699 3156 771 regio
3192 700 3436 757 siccitate
3464 714 3591 756 are-

2011 802 2131 850 scat
2175 802 2231 851 et
2283 793 2552 865 squaleat,
2585 793 2782 865 ubique
2821 802 3003 850 tamen
3052 793 3254 850 viribus
3302 804 3359 849 et
3384 793 3593 849 arbori-

2012 883 2115 940 bus
2161 887 2526 954 constipatur.
2568 884 2770 942 Sancta
2821 886 3013 942 civitas
3070 886 3235 959 variis
3282 885 3511 942 vallibus
3538 895 3594 942 et

2014 976 2293 1032 montibus
2346 975 2779 1045 circumsepitur,
2845 992 2944 1033 nec
2998 976 3359 1034 admiratione
3406 985 3591 1043 caret,

2012 1065 2240 1138 quodin
2300 1080 2364 1122 ea
2414 1076 2721 1138 spectatur;
2766 1068 2957 1125 eodem
2990 1068 3134 1124 enim
3184 1070 3447 1138 temporis
3470 1084 3591 1123 mo-

2016 1168 2219 1225 mento,
2280 1169 2336 1215 et
2408 1156 2817 1230 supereminens
2881 1170 2939 1215 et
2988 1163 3243 1233 depressa
3308 1171 3587 1232 apparet:

2014 1266 2251 1321 namque
2297 1252 2342 1308 si
2392 1250 2590 1309 Iudaeae
2625 1267 2776 1310 oram
2825 1252 3142 1325 inspexeris,
3183 1253 3590 1323 supereminet;

2015 1343 2062 1399 si
2101 1344 2270 1400 colles
2332 1343 2406 1399 illi
2482 1345 2844 1412 adhaarentes,
2931 1346 3328 1416 complanatur.
3372 1346 3595 1403 Divinus

2016 1437 2212 1507 quippe
2258 1437 2408 1515 locus
2429 1437 2481 1493 in
2530 1449 2713 1509 partes
2740 1440 2873 1495 duas
2896 1438 3175 1506 dividitur,
3220 1450 3272 1495 et
3292 1440 3359 1494 ad
3395 1442 3594 1497 montis

2015 1527 2223 1585 dexteri
2255 1539 2463 1599 partem
2494 1528 2843 1586 decliviorem
2868 1540 3052 1587 sancta
3082 1530 3273 1587 civitas
3301 1530 3593 1591 fundatur:

2018 1619 2171 1689 cujus
2225 1620 2461 1676 ambitus
2514 1622 2582 1676 ad
2625 1622 2813 1677 vallem
2846 1638 3015 1693 usque
3053 1621 3408 1688 diﬂ'unditur;
3474 1635 3599 1690 pars

2020 1711 2164 1768 illius
2216 1714 2463 1783 superior
2502 1724 2612 1769 tota
2653 1715 2853 1771 vitibus
2894 1719 3100 1772 consita
3127 1728 3233 1783 est,
3264 1719 3351 1772 ubi
3375 1729 3598 1773 sanctus

2018 1814 2385 1877 protomartyr
2429 1806 2737 1877 Stephanus
2794 1809 3056 1879 lapidibus
3117 1810 3360 1879 obrutus,
3409 1811 3599 1866 laevam

348 1920 442 1975 ρος
464 1904 627 1973 ἁγίου
655 1904 928 1976 Στεφάνου
954 1908 1190 1975 ἐγένετο.
1216 1908 1290 1961 Τὸ
1310 1906 1368 1962 δὲ
1395 1905 1588 1961 τούτου
1608 1905 1911 1977 εὐώνυμον,

2029 1896 2160 1953 illius
2191 1909 2399 1967 partem
2432 1911 2580 1956 trans
2608 1900 2800 1956 vallem
2836 1914 2992 1957 mons
3033 1899 3308 1958 Olivarum
3332 1915 3598 1974 occupat;

342 2000 443 2054 καὶ
472 2000 571 2071 τῆς
626 2000 915 2072 φάραγγος
948 2000 1191 2072 πέραθεν
1222 2002 1284 2055 τὸ
1326 2000 1421 2055 τοῦ
1451 2000 1746 2065 Ἐλαιῶνος
1786 2000 1918 2074 δρος

343 2095 604 2167 ὑπάρχει,
654 2095 785 2153 ἔνθα
822 2099 850 2151 6
884 2096 1088 2167 Κύριος
1128 2096 1390 2162 πολλάκις
1432 2096 1915 2169 έμφιλοχωρήσας,

339 2177 435 2232 τὸν
466 2178 589 2233 ὅλον
611 2181 820 2235 ἐκεῖνον
850 2182 1155 2254 καθηγίασε
1203 2184 1368 2237 τόπον
1406 2184 1474 2255 τῇ
1511 2183 1816 2254 προσευχῇ,
1849 2181 1915 2251 τῇ

339 2269 687 2343 διδασκαλίᾳ,
722 2270 821 2326 καὶ
868 2273 1020 2337 τέλος
1067 2277 1132 2346 τῇ
1183 2274 1305 2346 θεία
1361 2274 1499 2345 πρὸς
1548 2280 1640 2329 τὸν
1696 2272 1916 2344 Πατέρα

341 2362 610 2433 ἀναλήψει
670 2364 855 2421 αὑτοῦ.
900 2366 965 2420 Ἦ
999 2365 1057 2420 δὲ
1104 2365 1241 2436 άγία
1295 2365 1435 2422 Σιὼν
1479 2364 1789 2439 ἔμπροσθεν
1817 2365 1919 2435 τῆς

338 2454 503 2521 ἁγίας
562 2456 768 2521 πόλεώς
812 2460 971 2525 ἐστι,
1022 2462 1253 2533 κειμένη
1288 2462 1418 2533 περὶ
1468 2462 1537 2515 τὰ
1568 2459 1722 2528 δεξιὰ
1775 2460 1919 2531 μέρη

341 2545 537 2616 αὐτῆς.
568 2544 848 2617 Ἐχειθοῦν
883 2550 914 2620 ἡ
943 2549 1150 2621 ταύτης
1183 2552 1504 2623 περιγραφὴ
1531 2550 1725 2615 οὕτως.
1758 2549 1920 2604 Ἐστι

342 2639 685 2705 κεστέλλιον,
734 2641 792 2696 έν
837 2636 882 2711 ᾧ
920 2642 1165 2713 ὑπάρχει
1202 2646 1235 2716 η
1278 2643 1412 2712 ἁγία
1456 2643 1615 2709 Σιὼν,
1666 2646 1699 2715 η
1737 2643 1922 2715 μήτηρ

340 2735 452 2788 τῶν
474 2733 888 2803 Ἐκκλησιῶνοό
913 2735 969 2789 δὲ
999 2734 1241 2800 τοιοῦτος
1272 2736 1398 2798 ναός
1436 2739 1552 2789 ἐστι
1584 2736 1911 2807 πάμμεγας,

342 2823 706 2895 κυλινδρωτὸν
747 2822 887 2895 έχων
920 2824 1018 2896 τὴν
1053 2825 1279 2898 ὀροφήν.
1325 2817 1401 2880 Οὗ
1444 2826 1775 2889 εἰσελθόντος
1821 2825 1922 2891 τὰς

341 2918 554 2990 ὡραίας
583 2916 777 2983 πύλας,
806 2920 920 2973 ἔστι
959 2920 1101 2973 κατὰ
1134 2918 1528 2991 τὸεύνώνυμον
1565 2920 1733 2992 μέρος
1772 2923 1920 2976 οίκὶα

347 3009 443 3064 τοῦ
478 3008 634 3079 ἁγίου
668 3008 916 3065 Ἰωάννου
949 3010 1043 3065 τοῦ
1077 3010 1364 3081 Θεολόγου,
1396 3012 1454 3064 ὲν
1561 3014 1592 3080 ἡ
1643 3014 1921 3083 ὐπεραγία

349 3103 613 3168 Θεοτόκος
642 3104 782 3177 μετὰ
806 3105 905 3175 τὴν
934 3105 1234 3160 ἀνάστασιν
1266 3106 1569 3177 κατέμενεν
1598 3123 1614 3139 ·
1647 3108 1775 3160 ἔνθα
1822 3109 1919 3161 καὶ

353 3181 642 3266 ἐκοιμήθη.
677 3195 786 3248 Καὶ
809 3194 953 3247 ἐστιν
982 3195 1039 3247 ἐν
1065 3194 1142 3265 τῷ
1173 3195 1327 3267 τόπῳ
1355 3195 1548 3268 ὲκείνῳ
1589 3195 1798 3250 κελλίον
1832 3195 1922 3252 διὰ

2026 2004 2185 2061 quem
2249 1991 2512 2048 Dominus
2574 1991 2888 2063 frequenter
2915 1993 3177 2061 invisens,
3228 1994 3371 2052 etin
3410 2011 3476 2052 eo
3498 1996 3602 2051 im-

2025 2098 2272 2151 morans,
2337 2084 2647 2141 universum
2702 2087 2991 2144 sanctitate
3051 2088 3295 2160 replevit,
3331 2089 3598 2157 oratione,

2027 2177 2432 2246 pmdicatione,
2460 2188 2513 2233 et
2540 2180 2755 2233 demum
2783 2190 3130 2236 sacrosancta
3171 2196 3266 2236 sua
3290 2183 3357 2237 ad
3386 2181 3602 2251 Patrem

2027 2270 2366 2326 ascensione.
2425 2270 2621 2327 Sancta
2649 2287 2779 2329 vero
2810 2272 2940 2330 Sion
2976 2283 3103 2330 ante
3138 2284 3382 2331 sanctam
3409 2275 3602 2335 urbem

2027 2362 2221 2418 sedem
2246 2363 2350 2419 sibi
2390 2364 2573 2431 habet,
2594 2365 2660 2421 ad
2689 2377 2899 2436 partem
2920 2365 3063 2423 illius
3096 2367 3371 2423 dexteram
3388 2369 3601 2438 iacens.

2028 2458 2195 2531 Cujus
2216 2460 2509 2531 descriptio
2528 2463 2642 2519 haec
2696 2462 2903 2519 fuerit:
2933 2464 3228 2521 Castellum
3275 2473 3377 2534 est,
3411 2468 3463 2523 in
3495 2482 3604 2541 quo

2027 2562 2214 2610 sancta
2260 2554 2412 2622 Sion,
2444 2553 2807 2613 Ecclesiarttm
2857 2568 3050 2627 mater,
3085 2559 3413 2630 collocatur;
3466 2575 3607 2632 pratv

2026 2648 2215 2718 grandi
2257 2650 2625 2721 magnitudine
2648 2651 2877 2709 ecclesia
2926 2654 3216 2724 conspicua
3257 2663 3601 2721 est;tectum

2029 2739 2081 2794 in
2118 2740 2502 2809 proceritatem
2557 2742 2839 2814 aequaliter
2902 2745 3255 2801 orbiculatam
3300 2743 3602 2816 eﬂlngitur;

2029 2832 2185 2904 cujus
2237 2834 2513 2906 speciosas
2555 2847 2738 2905 portas
2766 2837 3012 2907 ingresso
3037 2828 3156 2904 tibi,
3194 2838 3260 2895 ad
3281 2848 3490 2911 partem
3514 2838 3608 2893 ιω.
3706 2835 3708 2837 ’

2028 2940 2152 2981 vam
2208 2926 2461 2997 objicltur
2504 2930 2680 2985 sancti
2727 2928 2954 2987 Joannis
3003 2929 3262 3003 Theologi
3303 2933 3517 2998 domus,
3551 2930 3607 2990 in

2029 3034 2136 3090 qua
2165 3019 2505 3076 sanctissima
2534 3019 2761 3093 Deipara
2798 3030 2920 3093 post
2973 3023 3427 3080 resurrectionem
3459 3039 3608 3080 con-

2031 3113 2367 3177 morabatur,
2398 3112 2485 3168 ubi
2516 3122 2571 3169 et
2600 3124 2830 3171 mortem
2864 3115 3031 3183 obiit;
3086 3116 3386 3191 visiturque
3408 3114 3606 3174 ibidem

2028 3204 2223 3262 cellula
2273 3205 2471 3263 ferreis
2505 3208 2757 3264 cancellis
2786 3208 3239 3275 clrcummnnita,
3274 3220 3328 3265 et
3356 3209 3409 3265 in
3463 3210 3603 3287 loco.

353 3287 617 3360 σιδηρέων
655 3286 949 3357 κιγκλίδων
994 3287 1548 3359 περιθριγγούμενον,
1598 3291 1691 3343 καὶ
1753 3293 1809 3344 ὲν
1842 3287 1919 3359 τῷ

2029 3300 2118 3355 ubi
2185 3300 2581 3356 sanctissimam
2640 3302 2873 3358 animam
2907 3302 3017 3358 Deo
3076 3270 3320 3377 Filiorjue
3347 3270 3604 3374 reddidit;

346 3380 523 3452 τόπῳ,
557 3379 616 3433 ιν
641 3373 686 3450 ᾧ
711 3377 809 3451 τὴν
840 3380 1113 3450 παναγίαν
1142 3379 1313 3450 αὐτῆς
1336 3380 1514 3451 ψυχὴν
1545 3381 1816 3453 παρέθετο
1848 3382 1926 3453 τῷ

352 3473 469 3545 Υίῷ
491 3474 587 3528 καὶ
613 3472 758 3546 Θεῷ,
791 3472 1041 3544 όμφάλια
1088 3471 1202 3530 δύο.
1252 3475 1413 3547 Δεξιᾷ
1443 3474 1498 3528 δὲ
1538 3474 1633 3527 τοῦ
1675 3476 1926 3531 τοιούτου

354 3566 489 3623 ναοῦ
513 3570 632 3621 ἐστι
669 3567 807 3638 πρὸς
842 3568 902 3620 τὸ
933 3565 1258 3639 δεξιώτερον
1291 3569 1460 3641 μέρος
1494 3569 1587 3623 τοῦ
1630 3570 1928 3645 θυσιαστη-

359 3659 482 3730 ρίου
520 3660 582 3712 τὸ
633 3659 907 3730 ὑπερῷον,
960 3660 1101 3730 ἔχων
1138 3659 1240 3732 τὴν
1290 3661 1478 3715 ἄνοδον
1512 3661 1600 3717 διὰ
1647 3664 1930 3737 βαθμίδων

359 3749 464 3819 ξα’.
532 3751 803 3825 ’Υπάρχει
849 3748 944 3807 οὖν
983 3754 1011 3807 6
1043 3754 1282 3820 τοιοῦτος
1329 3756 1457 3821 ναὸς
1500 3760 1930 3831 τετρακάμαρος

356 3846 719 3920 τρουλλωτός.
744 3845 833 3900 Ἐν
866 3846 922 3899 δὲ
954 3847 1030 3920 τῷ
1063 3847 1334 3920 εὐωνύμῳ
1359 3850 1516 3921 μέρει
1541 3850 1634 3905 τοῦ
1676 3853 1930 3929 ὑπερῴου

356 3943 549 4014 ὁρᾶται
581 3943 609 3996 6
640 3940 827 4006 τόπος,
860 3940 990 3996 ἔνθα
1021 3941 1247 4011 γέγονεν
1277 3944 1304 3995 6
1342 3942 1663 4009 δεσποτικὸς
1693 3945 1929 4012 δείπνος.

360 4035 474 4089 Καὶ
497 4036 554 4089 ὲν
580 4035 659 4103 τῷ
690 4035 862 4108 μύακι
892 4033 988 4089 τοῦ
1023 4034 1270 4106 βήματος
1312 4037 1345 4106 ἡ
1374 4036 1513 4107 πρὸς
1548 4038 1674 4103 τοὺς
1702 4040 1933 4094 ἀποστό-

361 4130 488 4192 λους
514 4127 737 4192 κάθοδος
770 4126 866 4181 τοῦ
888 4126 1048 4197 ἁγίου
1079 4126 1419 4197 Πνεύματος.
1464 4128 1853 4183 ’Υποκάτωθεν
1875 4128 1933 4183 δὲ

362 4221 458 4275 τοῦ
496 4221 742 4275 τοιούτου
795 4221 922 4274 ναοῦ
955 4221 1183 4291 γέγονεν
1228 4223 1255 4275 6
1284 4222 1521 4294 νιπτὴρ·
1565 4226 1661 4278 καὶ
1693 4225 1930 4296 ἅκτικρὺ

360 4317 558 4372 τούτου
584 4314 704 4371 ἐστὶ
744 4315 889 4382 ναὸς,
920 4315 1051 4371 ἔνθα
1074 4315 1136 4369 τὸ
1172 4315 1385 4388 οἴκημα
1410 4313 1497 4387 ἦν,
1530 4317 1589 4371 ἐν
1620 4310 1665 4387 ᾧ
1697 4318 1805 4375 τῶν
1837 4318 1933 4374 θυ-

367 4412 478 4485 ρῶν
532 4410 939 4482 κεκλεισμένων
979 4410 1005 4461 6
1035 4409 1272 4481 Χριστὸς
1319 4409 1572 4482 εἰσῆλθεν
1619 4410 1760 4483 πρὸς
1808 4412 1936 4476 τοὺς

366 4504 723 4569 αποστόλους.
762 4501 934 4559 Ἔνθα
970 4507 1109 4576 μετὰ
1160 4502 1223 4557 τὸ
1266 4503 1589 4578 λιθασθῆναι
1633 4506 1662 4559 6
1718 4522 1936 4577 πρωτο-

2030 3393 2293 3450 umbones
2320 3394 2453 3448 bini.
2480 3394 2704 3450 Dextera
2738 3395 2940 3463 templi,
2975 3399 3040 3455 ad
3086 3396 3446 3454 dexteriorem
3468 3412 3607 3471 par-

2033 3493 2138 3538 tem
2196 3484 2407 3549 altaris,
2451 3489 2811 3551 cmuaculum,
2869 3488 2919 3541 in
2974 3489 3114 3559 quod
3139 3488 3393 3557 gradibus
3427 3504 3533 3544 uno
3555 3499 3610 3547 et

2032 3578 2310 3648 sexaginta
2362 3580 2694 3634 ascenditur.
2755 3579 3033 3651 Templum
3088 3592 3322 3653 quatuor
3372 3582 3608 3640 fornices

2030 3682 2086 3727 et
2131 3671 2345 3726 trullam
2382 3670 2562 3726 habet.
2614 3671 2904 3729 lnsinistra
2928 3683 3083 3744 parte
3120 3675 3405 3743 caenaculi,
3436 3676 3606 3746 locus,

2033 3764 2086 3820 in
2116 3781 2225 3837 quo
2252 3766 2387 3821 facta
2422 3776 2505 3821 est
2529 3764 2808 3822 Dominica
2834 3779 3020 3833 ctena;
3053 3768 3105 3822 in
3124 3766 3360 3825 Bematis
3383 3769 3605 3845 mytulo,

2032 3863 2209 3919 sancti
2254 3862 2488 3934 Spiritus
2518 3864 2575 3918 in
2622 3860 2907 3933 Apostolos
2957 3863 3271 3923 descensus.
3318 3864 3375 3921 In
3422 3868 3607 3939 templi

2034 3956 2290 4012 inferiore
2351 3964 2502 4026 parte
2536 3955 2780 4011 Cbrisms
2817 3957 2978 4027 pedes
3033 3957 3396 4028 apostolorum
3437 3960 3607 4033 lavit,

2034 4056 2186 4124 cujus
2220 4055 2336 4111 loco
2372 4055 2600 4113 adverso
2635 4054 2887 4125 templum
2927 4056 3181 4126 erigitur;
3225 4057 3277 4112 itt
3306 4072 3371 4115 eo
3394 4058 3605 4128 domus,

2034 4148 2089 4203 in
2125 4162 2286 4218 quam
2319 4148 2565 4204 Christus
2594 4148 2772 4220 januis
2800 4148 2995 4205 clausis
3022 4148 3090 4206 ad
3119 4152 3391 4221 apostolos
3418 4153 3609 4208 introi~

2038 4245 2154 4312 vit;
2190 4244 2278 4299 ubi
2338 4256 2459 4317 post
2489 4244 2871 4317 lapidationem
2903 4252 3268 4318 protomartyr
3299 4246 3608 4319 Stephanus

2007 4369 2010 4372 ~
2038 4337 2278 4410 sepultus
2305 4348 2409 4405 est,
2439 4346 2548 4392 tum
2582 4338 2687 4393 alio
2715 4354 2743 4390 a
2769 4337 3062 4395 Gatnaliele
3120 4350 3361 4396 avectus.
3388 4339 3609 4397 Davidic

2039 4436 2203 4493 turris
2228 4435 2283 4490 in
2316 4434 2723 4506 septentrionali
2753 4435 2898 4491 urbis
2921 4445 3070 4505 parte
3108 4436 3211 4491 sita
3240 4448 3345 4503 est,
3386 4437 3607 4493 immani

2039 4530 2414 4601 magnitudine
2472 4528 2818 4600 superbiens;
2873 4541 2927 4585 et
2957 4530 3083 4586 licet
3116 4531 3183 4587 ab
3207 4529 3609 4605 Hierosolomy-v

370 4600 588 4671 μάρτυρ
632 4598 906 4669 Στέφανος
941 4597 1235 4662 τέθαπται,
1278 4598 1372 4653 καὶ
1410 4598 1563 4669 παρά
1594 4598 1690 4653 τοῦ
1741 4600 1926 4671 Γαμα-

2043 4625 2185 4681 tanis
2210 4623 2411 4680 accolis
2439 4634 2720 4679 asseratur
2757 4638 2877 4680 esse
2910 4624 3143 4690 Davidis,
3174 4640 3201 4679 a
3246 4639 3332 4682 me
3373 4641 3478 4681 non
3512 4626 3611 4680 im-

307 4735 311 4739 .
365 4693 490 4765 λιηλ
525 4691 792 4765 μετετέθη
827 4694 908 4757 είς
942 4690 1131 4765 ἕτερον
1181 4692 1368 4746 τόπον.
1429 4692 1490 4746 ὐ
1541 4692 1599 4746 δὲ
1637 4692 1937 4765 λεγόμενος

364 4788 460 4841 τοῦ
493 4767 886 4857 “omnem;
914 4786 1094 4838 κεῖται
1118 4784 1247 4855 περὶ
1273 4784 1333 4839 τὸ
1356 4783 1607 4856 άρκτῷον
1638 4787 1807 4857 μέρος
1839 4788 1939 4857 τῆς

366 4881 600 4945 πόλεως,
634 4881 730 4932 καὶ
760 4879 908 4932 ἐστιν
949 4882 978 4932 6
1020 4877 1231 4948 πύργος
1263 4878 1815 4951 παμμεγεθέστατος,
1844 4882 1938 4933 καὶ

367 4972 470 5027 κᾶν
516 4972 612 5026 τοῦ
660 4970 823 5025 Δαὸὶδ
871 4970 1023 5041 παρὰ
1073 4972 1293 5025 πάντων
1329 4971 1437 5025 τῶν
1468 4973 1527 5024 ὲν
1578 4969 1938 5043 Ἰερουσαλὴμ

365 5066 741 5137 ὡμολόγηται,
792 5048 909 5119 ἀλλ’
940 5066 1154 5134 ἔμοιγε,
1214 5063 1292 5128 ὼς
1339 5058 1515 5135 οἶμαι,
1565 5065 1632 5119 δι’
1683 5067 1940 5135 εὐλόγους

366 5159 767 5231 ἀμφιϐάλλεται
800 5160 1000 5224 αἰτίας.
1033 5159 1144 5213 Καὶ
1173 5158 1281 5231 γὰρ
1303 5158 1392 5214 διὰ
1427 5158 1616 5226 ξεστοῦ
1632 5158 1781 5215 λίθου
1815 5163 1941 5213 λευ-

367 5256 468 5311 κοῦ
499 5259 526 5310 6
566 5254 826 5326 Ἰώσηπος
858 5254 949 5307 τὸν
992 5253 1237 5308 τοιοῦτον
1269 5238 1480 5326 πύργον
1528 5254 1735 5327 ἱστορεῖ
1782 5254 1943 5323 γενέ-

370 5354 519 5417 σθαι,
546 5351 638 5405 τόν
664 5368 726 5404 τε
773 5351 917 5415 ναὸν,
957 5351 1052 5405 καὶ
1090 5351 1216 5415 τοὺς
1244 5352 1466 5423 ἑτέρους
1502 5352 1558 5415 ἐς
1589 5348 1816 5424 ὕστερον
1848 5350 1943 5404 δύο

294 5506 297 5509 ,
370 5449 622 5519 πύργους
653 5445 801 5520 παρὰ
838 5444 1194 5517 τοῦἮρὼδου
1223 5446 1300 5509 είς
1328 5444 1499 5517 ὄνομα
1523 5445 1817 5513 Φασαίλου,
1848 5443 1944 5498 καὶ

370 5544 671 5613 Μαριάμης
698 5541 1038 5605 κτισθέντας.
1082 5540 1140 5593 Ὀ
1173 5540 1229 5592 δὲ
1258 5542 1322 5593 ἐκ
1349 5540 1531 5594 κοινοῦ
1562 5538 1713 5592 λίθου
1742 5540 1941 5611 ἀνεγη-

371 5640 641 5712 γερμένος
675 5637 889 5709 ὁρᾶται.
926 5637 1037 5689 Καὶ
1081 5636 1210 5699 ἴσως
1238 5637 1265 5688 6
1295 5634 1388 5689 νῦν
1419 5632 1693 5706 ὁρώμενος
1723 5638 1816 5688 ἐπὶ
1847 5634 1942 5687 τοῦ

376 5732 713 5788 παλαιτάτου
734 5731 984 5804 θεμέλιος
1002 5728 1215 5803 πύργου
1235 5728 1944 5800 ἁνῳκοδόμηται.Ἐχόμενα

376 5828 568 5883 τούτου
594 5825 828 5897 ὑπάρχει
855 5825 889 5897 η
924 5823 1060 5895 πρὸς
1091 5824 1187 5895 τὴν
1221 5823 1376 5877 πόλιν
1405 5822 1652 5894 φέρουσα
1682 5821 1848 5893 πύλη,
1878 5824 1945 5894 ἢν

376 5920 637 5977 εἰσελθὼν
675 5918 920 5995 πορεύσῃ
966 5920 1228 5975 πλατεῖαν
1252 5918 1389 5986 ὁδὸν,
1423 5914 1491 5993 ἧς
1526 5916 1675 5989 δεξιᾷ
1715 5916 1945 5993 πλησίον

2040 4714 2321 4789 probabili,
2365 4723 2422 4768 ttt
2470 4730 2612 4779 reor,
2662 4714 2872 4769 ratione
2934 4715 2986 4768 in
3037 4713 3257 4769 dubium
3328 4714 3608 4771 vertitur:

2039 4823 2273 4878 namque
2304 4808 2489 4861 turrim
2515 4804 2734 4861 Davidis
2755 4822 2819 4859 ex
2847 4806 2992 4863 rasili
3021 4805 3142 4860 albo
3193 4804 3368 4876 lapide
3393 4816 3608 4862 exstru-

2040 4907 2179 4955 ctam
2240 4897 2425 4963 fuisse,
2495 4897 2748 4968 templum
2779 4907 2829 4953 et
2892 4897 3027 4953 alias
3061 4899 3194 4953 duas
3226 4907 3404 4953 turres
3426 4907 3606 4969 postea

2041 4992 2109 5047 ab
2137 4989 2343 5046 Herode
2371 4989 2424 5044 in
2480 4990 2735 5044 honorem
2769 4988 2995 5044 Pliaszcli
3032 5000 3087 5045 et
3142 4989 3451 5045 Maritimum
3469 5006 3609 5046 cata--

2043 5083 2283 5139 diﬂcatas
2332 5081 2597 5151 Josepbus
2651 5083 2794 5151 fert;
2829 5093 2901 5148 at,
2938 5098 3055 5159 qua:
3091 5085 3247 5140 modo
3301 5084 3510 5149 visitur,
3542 5102 3607 5139 et

2042 5174 2315 5231 communi
2369 5176 2541 5246 lapide
2596 5186 2904 5231 constructa
2963 5187 3062 5233 est.
3124 5176 3192 5232 Et
3248 5175 3408 5243 forte,
3447 5192 3608 5247 quam

2044 5283 2186 5323 nunc
2241 5269 2535 5337 intuemur,
2604 5284 2767 5340 super
2798 5271 3176 5326 vetustissimae
3222 5271 3387 5326 torris
3422 5270 3610 5326 funda-

2044 5373 2223 5419 tnenta
2257 5363 2509 5434 assurgit.
2545 5362 2716 5435 Prope
2744 5365 2955 5430 turrim,
2980 5379 3098 5434 qua).
3117 5364 3183 5417 ad
3214 5366 3402 5419 urbem
3445 5364 3609 5429 ducit,

2044 5462 2218 5526 porta,
2250 5471 2410 5526 quant
2433 5457 2694 5525 ingresso,
2742 5456 2844 5509 lata
2877 5456 3048 5524 platea
3080 5457 3182 5512 iter
3210 5457 3402 5527 aperit,
3431 5457 3483 5511 in
3519 5471 3612 5512 cu-

2038 5548 2127 5616 jus
2185 5545 2310 5602 laeva
2364 5554 2515 5616 parte
2572 5546 2731 5614 regiis
2763 5548 2972 5618 palatiis
3006 5548 3178 5603 sancti
3215 5547 3388 5620 Patris
3441 5549 3609 5605 nostri

2048 5642 2241 5699 Sabbae
2288 5640 2610 5698 Metocliium
2646 5645 2902 5700 editas-el.
2946 5642 3118 5707 Viam,
3150 5646 3213 5697 ad
3264 5646 3471 5714 sagitta:
3530 5642 3616 5713 ja-

2048 5742 2215 5803 ctunt,
2246 5748 2527 5799 emensus,
2566 5735 2773 5790 celebre
2800 5735 3057 5790 Dominici
3081 5736 3323 5807 Sepulcri
3356 5734 3608 5805 templum

2051 5829 2321 5897 reperies;
2355 5830 2509 5899 cujus
2541 5844 2646 5883 non
2675 5828 2775 5882 alia
2810 5828 2979 5899 ﬁgura
3007 5826 3190 5897 fuerit,
3256 5843 3414 5900 quam
3442 5842 3609 5898 quaen

2051 5922 2216 5978 variis
2251 5924 2451 5991 scripto
2476 5922 2775 5977 mandatur.
2817 5920 3085 5985 Spelunca
3125 5922 3175 5976 in
3204 5922 3461 5978 llmnittici
3491 5916 3610 5979 Cor-
