4060 6290
522 407 632 474 943

1790 405 2118 469 JOANNIS
2156 403 2425 467 PHOC/E
3651 406 3742 473 944

521 521 668 590 poris
697 519 1003 591 sepulcrum
1051 532 1332 582 conversa,
1388 518 1521 573 duas
1571 517 1625 572 in
1652 528 1833 588 partes
1861 519 2100 589 sejttngi-

2208 516 2314 572 τῶν
2363 516 2635 587 Ῥηγικῶν
2681 515 2998 586 ἀνακτόρων
3045 513 3263 585 πέπηγε
3290 515 3353 568 τὸ
3396 516 3638 585 μετόχιον
3668 522 3749 574 τοῦ

521 622 636 679 tur;
668 626 894 681 quarum
923 610 977 665 in
1026 625 1129 664 una
1153 610 1289 680 lapis
1319 608 1592 665 revolutus
1616 611 1924 680 repositus,
1953 625 2087 665 can-

517 705 657 767 didis
689 704 1053 759 marmoribus
1084 702 1427 769 custoditur;
1455 701 1508 757 in
1533 702 1700 758 altera
1730 704 1796 758 ad
1821 703 2094 759 borealem

516 806 746 865 partem,
770 794 906 864 lapis
936 809 1031 864 pro
1060 792 1349 864 pavimenti
1380 806 1633 848 mensura
1693 791 1983 863 expolitus,
2006 807 2095 848 cu-

517 886 634 941 bito
687 901 796 942 uno
839 886 1237 955 supereminet;
1265 885 1319 939 in
1352 899 1476 955 quo-
1510 894 1776 953 mortuus,
1803 886 2094 956 nudusque

517 981 642 1036 vitae
679 980 898 1051 largitor
947 980 1154 1050 positus
1177 986 1298 1045 est;
1350 992 1486 1032 auro
1518 991 1674 1045 puro,
1725 993 1791 1034 ex
1822 978 2098 1033 desiderio

517 1072 694 1127 etllde
725 1070 927 1126 domini
954 1070 1060 1125 mei
1110 1069 1457 1139 imperatoris
1496 1066 1757 1125 Manuelis
1790 1067 2098 1141 Porphyro-

518 1171 763 1231 genuete
811 1159 1071 1216 ϐουνιοοί
1112 1160 1572 1215 circumornatus.
1633 1156 1809 1230 Prope
1859 1170 1981 1213 eum
2013 1168 2096 1214 est

519 1250 806 1320 Golgotha,
861 1248 918 1303 in
954 1263 1062 1318 quo
1106 1245 1367 1303 Calvariaa
1431 1246 1603 1311 locus,
1654 1255 1709 1302 et
1734 1245 1919 1301 excisa
1944 1244 2096 1301 cruci

521 1344 692 1408 basis,
755 1352 813 1397 et
836 1341 1036 1412 dirupti
1094 1340 1235 1406 saxi,
1267 1349 1506 1408 tempore
1566 1338 1851 1408 passionis,
1877 1337 2096 1413 hiatus;

518 1436 621 1494 sub
650 1450 778 1506 quo,
817 1435 873 1490 in
893 1435 1128 1491 cavitate
1168 1433 1399 1505 lapidis.
1426 1432 1620 1488 Adami
1663 1432 1924 1502 calvaria,
1981 1442 2101 1490 sca-

521 1527 793 1596 tebrmque
861 1522 1127 1582 Dominici
1182 1526 1483 1597 sanguinis.
1535 1539 1699 1596 super
1737 1539 1858 1581 eam
1889 1522 2096 1582 effusae.

520 1615 801 1686 Templum
857 1630 1020 1687 super
1059 1615 1321 1688 Golgotha
1373 1625 1606 1686 quatuor
1661 1617 1819 1673 tectis
1865 1626 1921 1673 et
1953 1616 2101 1673 tholo

522 1711 760 1781 assurgit
796 1710 1084 1782 :proxime
1132 1710 1367 1766 inhaeret
1405 1710 1818 1766 subterraneum
1847 1710 2104 1781 templum

524 1806 733 1876 ingens,
784 1802 837 1857 in
878 1817 986 1873 quo
1033 1803 1266 1869 pretiosa
1306 1813 1360 1857 et
1408 1801 1615 1858 viviﬁca
1654 1800 1855 1859 Ch‘risti
1886 1801 2101 1858 Domini

2197 610 2349 663 ὁσίου
2383 610 2591 680 Πατρδς
2618 608 2776 679 ἡμῶν
2810 607 3015 663 Σάϐϐα.
3043 607 3156 680 Τὴν
3189 608 3248 662 δὲ
3274 608 3397 663 ὁδὸν
3424 608 3555 663 ὡσεὶ
3587 610 3751 681 βέλους

2203 701 2370 775 βολὴν
2399 702 2625 756 διελθὼν
2659 702 2917 773 εὑρήσεις
2937 701 3030 755 τὸν
3062 702 3351 774 περιφανῆ
3366 702 3498 757 ναὸν
3531 703 3622 757 τοῦ
3652 706 3752 758 Κυ-

2203 794 2396 867 ριακοῦ
2423 796 2596 863 τάφου
2622 790 2683 850 οὗ
2716 796 2779 848 τὸ
2813 795 3001 865 σχῆμα
3022 793 3159 865 ἔχει,
3180 793 3367 857 καθὼς
3395 793 3549 864 παρὰ
3582 795 3752 865 διαφό-

2202 901 2315 961 ρων
2356 887 2657 959 ίστόρηται.
2692 888 2766 941 Τὸ
2819 887 2878 942 δὲ
2912 888 2995 951 είς
3023 887 3195 956 τάφον
3238 887 3595 958 χρηματίσαν
3628 890 3756 958 σπή-

2202 983 2358 1036 λαιον
2382 974 2479 1035 τοῦ
2501 979 2841 1036 Δεσποτικοῦ
2871 980 3127 1050 σώματος
3155 979 3277 1033 ἐστι
3305 979 3554 1043 διπλοῦν,
3585 980 3675 1033 καὶ
3704 984 3757 1034 ὲν

2207 1073 2309 1145 μὲν
2341 1072 2420 1144 τῷ
2454 1072 2535 1126 ἑνὶ
2571 1073 2848 1129 ἐπίκειται
2876 1072 2905 1124 6
2944 1070 3335 1136 ἀποκυλισθεὶς
3363 1070 3532 1137 λίθος,
3566 1071 3761 1135 λευκοῖς

2208 1169 2523 1238 μαρμάροις
2559 1164 3125 1238 περιφρουρούμενος,
3150 1165 3210 1218 ὲν
3232 1164 3288 1217 δὲ
3317 1164 3394 1234 τῷ
3418 1164 3595 1235 ἑτέρῳ
3621 1164 3763 1237 μέρει

2203 1256 2266 1309 τὸ
2313 1255 2446 1326 περὶ
2479 1256 2544 1309 τὸ
2577 1254 2831 1326 ἀρκτῷον
2864 1255 2895 1312 6
2936 1253 3085 1317 λίθος
3112 1252 3440 1319 λελάξευται
3464 1253 3562 1307 τοῦ
3596 1256 3765 1307 tam-

2203 1348 2297 1402 δου
2341 1347 2516 1403 πάτου
2571 1346 2923 1419 ὑπερανέχων
2971 1343 3108 1400 ὡσεὶ
3146 1345 3328 1417 πῆχυν
3362 1344 3483 1412 ινα,
3526 1346 3585 1399 ιν
3611 1339 3654 1413 ᾧ
3685 1361 3766 1397 vs-

2206 1435 2342 1509 κρδς
2379 1437 2474 1490 καὶ
2506 1435 2716 1505 γυμνὸς
2756 1434 2787 1486 6
2818 1433 2919 1504 τῆς
2948 1432 3095 1503 ζωῆς
3125 1431 3360 1505 ἀνετέθη
3402 1433 3592 1503 δοτὴρ,
3621 1432 3678 1496 6;
3709 1434 3766 1484 ίκ

2205 1529 2414 1601 χρυσοῦ
2459 1527 2705 1599 καθαροῦ
2755 1525 3108 1597 ἐνδεδυμένος
3152 1528 3350 1597 ὁρᾶται
3372 1527 3441 1581 ἐκ
3484 1525 3651 1579 πόθου
3680 1530 3768 1578 και

2205 1618 2445 1682 πίστεως
2471 1615 2567 1671 τοῦ
2610 1616 2748 1688 ἐμοῦ
2775 1614 3038 1669 δεσπότου
3072 1614 3170 1669 καὶ
3218 1615 3485 1686 βασιλέως
3525 1613 3768 1684 Μανουὴλ

2206 1708 2303 1763 τοῦ
2348 1709 2866 1781 Πορφυρογεννητου
2906 1709 3001 1762 καὶ
3027 1707 3344 1780 Κομνηνοῦ.
3393 1708 3508 1762 Καὶ
3554 1707 3769 1777 πλησίον

2209 1802 2378 1857 αὑτοῦ
2408 1804 2564 1857 ἐστιν
2594 1804 2623 1856 6
2648 1800 2747 1856 τοῦ
2784 1800 3029 1870 Γολγοθᾶ
3053 1800 3243 1869 τόπος,
3280 1801 3339 1855 ὲν
3367 1793 3412 1869 ᾧ
3448 1802 3613 1865 τόπος
3632 1801 3659 1852 6
3682 1800 3769 1853 τοῦ

523 1912 656 1950 crux
688 1896 907 1952 inventa
931 1904 1041 1952 cst.
1067 1894 1145 1949 Ad
1166 1894 1570 1950 orientaliorem
1606 1903 1815 1964 partem
1841 1894 2098 1961 civitatis,

2208 1894 2445 1966 Κρανίου
2476 1895 2573 1951 καὶ
2600 1895 2636 1966 η
2660 1893 2988 1958 λαξευθεῖσα
3006 1893 3088 1966 τῷ
3120 1893 3357 1966 Σταυρῷ
3387 1893 3574 1965 βάσις,
3604 1893 3697 1946 καὶ
3718 1891 3772 1944 τὸ

526 1989 780 2059 templum
813 1988 1025 2050 visitur,
1074 1986 1274 2043 Sancta
1319 1995 1630 2042 sanctorum
1686 1985 1901 2042 nomine
1942 2000 2104 2043 :om-

525 2081 672 2134 nium
737 2079 1161 2150 pulcherrimum
1229 2087 1432 2134 tectum
1508 2078 1562 2133 in
1635 2078 1806 2135 trulla:
1871 2077 2100 2134 formam

523 2169 742 2235 desinit,
771 2169 824 2223 in
855 2176 1065 2224 vetusto
1087 2168 1395 2238 pavimento
1424 2165 1762 2223 celeberrimi
1796 2166 1941 2223 illius
1962 2177 2102 2223 tem-

526 2260 597 2329 pli
619 2257 948 2325 Salomonis,
976 2258 1120 2313 intus
1145 2257 1489 2327 exteriusque
1525 2255 1693 2311 variis
1742 2255 2106 2311 marmoribus

525 2362 579 2407 et
605 2349 880 2408 tessellata
940 2365 1103 2421 opere
1131 2349 1547 2405 condecoratum
1580 2366 1594 2403 :
1627 2349 1693 2403 ad
1736 2347 1924 2403 laevam
1979 2361 2104 2417 par-

527 2456 635 2500 tem
692 2445 900 2515 templi,
959 2443 1195 2500 fornices
1254 2442 1415 2509 binae,
1444 2456 1674 2512 quarum
1718 2440 1773 2495 in
1803 2440 1973 2495 altera
2007 2454 2103 2496 ocr

526 2553 718 2593 cursus
772 2535 972 2593 Christi
1027 2534 1262 2599 Domini,
1328 2533 1473 2604 quod
1505 2532 1589 2608 ibi
1644 2533 1820 2601 justus
1881 2530 2101 2590 Simeon

525 2630 803 2687 Christum
826 2627 1109 2683 Dominum
1139 2627 1279 2681 ulnis
1296 2624 1608 2694 exceperit;
1642 2624 1695 2680 in
1723 2624 1918 2689 altera,
1937 2638 2103 2695 quam

525 2718 760 2777 Iacobus
784 2718 985 2775 scalam
1016 2718 1414 2785 admirandam,
1454 2717 1521 2771 ad
1554 2718 1748 2773 cmlum
1778 2730 1949 2787 usque
1977 2730 2104 2787 per-

528 2814 843 2883 tingeutem,
889 2818 943 2866 et
979 2810 1199 2880 attgelus
1256 2809 1349 2865 Dei
1416 2809 1473 2865 in
1517 2822 1579 2864 ea
1650 2810 2004 2866 ascendentes
2051 2816 2106 2863 et

526 2904 938 2971 descendentes,
1005 2911 1386 2975 conspexerat,
1435 2903 1641 2973 depicta
1693 2913 1839 2958 sunt.
1874 2900 1940 2960 Et
1971 2900 2108 2971 lapis

528 2996 629 3052 sub
675 2996 900 3066 depictae
947 2995 1109 3051 scalae
1164 2994 1424 3065 imagine,
1458 2995 1553 3051 ille
1598 2994 1713 3067 ipse
1730 3003 1833 3061 est,
1884 2993 1977 3064 qui
2006 2994 2108 3047 sub

527 3088 714 3146 Jacobi
732 3088 910 3157 capite
944 3087 1141 3142 fuerat.
1177 3086 1280 3142 Per
1335 3087 1509 3158 partis
1535 3087 1740 3143 dextrae
1796 3086 2003 3142 hiatum
2038 3087 2108 3141 ad

533 3181 852 3253 speluncam
888 3178 1025 3236 infra
1060 3177 1316 3249 templum
1372 3180 1746 3244 descenditur,
1796 3179 1852 3235 in
1890 3192 2001 3250 qua
2024 3190 2109 3233 re-

2206 1988 2398 2060 ῥῆγμα
2461 1989 2564 2059 τῆς
2634 1985 3027 2059 διαῤῥατεῐσης
3092 1986 3301 2058 πέτρας
3382 1987 3442 2040 ὲν
3527 1985 3609 2057 τῷ
3685 1982 3772 2037 τοῦ

2204 2078 2454 2152 Σταυροῢ
2489 2078 2655 2134 πάθει
2687 2096 2702 2111 ο
2748 2081 2845 2135 καὶ
2890 2080 2988 2135 τοῦ
3018 2080 3303 2153 ρήγματος
3345 2079 3598 2133 κάτωθεν
3646 2076 3772 2132 ὑπό-

2202 2177 2387 2237 κοιλος
2417 2173 2477 2225 ιν
2508 2176 2574 2245 τῇ
2606 2172 2788 2245 πέτρᾳ
2813 2173 3002 2237 τόπος,
3047 2174 3107 2226 έν
3133 2166 3177 2240 ᾧ
3209 2170 3272 2227 τὸ
3300 2170 3393 2225 τοῦ
3418 2170 3598 2240 ’Δδὰμ
3647 2184 3772 2239 κρα-

2203 2265 2341 2331 νίον,
2373 2264 2466 2319 καὶ
2495 2264 2549 2318 οί
2579 2263 2805 2336 ῥυέντες
2839 2263 2928 2317 ἔπ’
2952 2263 3101 2334 αὐτῷ
3122 2262 3218 2317 τοῦ
3241 2260 3584 2316 Δεσποτικοῦ
3617 2274 3773 2331 κρου-

2205 2356 2287 2410 vol
2318 2355 2578 2426 αἵματος.
2621 2356 2682 2410 '0
2706 2355 2764 2409 δὲ
2806 2356 2930 2420 vah;
2964 2358 2993 2409 6
3022 2355 3210 2411 ὲπάνω
3251 2352 3347 2408 τοῦ
3377 2349 3629 2421 Γολγοθᾶ
3667 2352 3775 2403 ἐστι

2204 2444 2652 2515 τετρακάμαρος,
2690 2442 2950 2507 θολωτός.
2993 2442 3105 2498 Kal
3144 2442 3377 2514 πλησίον
3407 2440 3509 2494 τοῦ
3540 2437 3775 2493 τοιούτου

2206 2537 2337 2593 ναοῦ
2397 2539 2549 2591 ἐστιν
2601 2537 2868 2607 ὑπόγαιος
2901 2540 3030 2600 ναὸς
3084 2537 3285 2607 μέγας,
3336 2536 3394 2587 έν
3424 2528 3470 2603 ᾧ
3498 2532 3728 2604 εὓρηται
3755 2533 3781 2585 6

2205 2630 2392 2698 τίμιος
2422 2628 2518 2683 καὶ
2537 2627 2807 2693 (mortem;
2826 2628 3068 2701 Σταυρὸς
3094 2627 3190 2683 τοῦ
3210 2628 3488 2681 Δεσπότου
3523 2621 3777 2697 Χριστοῦ.

2207 2722 2343 2792 Περὶ
2366 2721 2511 2775 δὲτὸ
2531 2721 3004 2793 ἀνατολικώτερον
3040 2722 3207 2795 μέρος
3241 2723 3341 2793 τῆς
3365 2716 3579 2785 πόλεως
3614 2719 3782 2791 ὑπάρ-

2208 2831 2292 2885 χει
2317 2817 2344 2868 6
2376 2815 2524 2880 ναὸς,
2555 2814 2623 2868 τὰ
2650 2815 2820 2884 Ἀγια
2840 2815 2952 2868 τῶν
2989 2816 3182 2885 ἁγίων.
3225 2814 3285 2868 '0
3308 2814 3366 2869 δὲ
3397 2815 3646 2878 τοιοῦτος
3662 2812 3781 2875 ναός

2207 2908 2327 2960 ἐστι
2361 2906 2508 2961 πάνυ
2556 2907 3080 2977 περικαλλέστατος,
3124 2907 3468 2979 τρουλλωτδν
3521 2908 3666 2979 ἔχων
3692 2906 3785 2979 τὴν

2206 2998 2431 3070 ὀροφὴν,
2460 3001 2519 3052 έν
2548 2997 2625 3071 τῷ
2654 3000 2870 3071 ἀρχαίῳ
2900 3000 3115 3073 δαπέδῳ
3147 3000 3243 3054 τοῦ
3275 2999 3637 3072 περιωνύμου
3661 2998 3783 3054 ναοῦ

2206 3092 2419 3147 ἐκείνου
2473 3092 2568 3148 τοῦ
2625 3093 2978 3164 Σολομῶντος
3027 3092 3426 3166 θεωρούμενος,
3484 3091 3642 3154 ὲντδς
3698 3091 3785 3144 καί

2210 3187 2396 3253 ἐκτὸς,
2428 3187 2699 3251 ποικίλοις
2732 3187 3059 3259 μαρμάροις
3117 3188 3214 3242 καὶ
3242 3187 3475 3259 ψηφῖσιν
3521 3182 3783 3254 έγκαλλυ·

531 3274 736 3344 positus
781 3269 956 3329 fuerat
986 3269 1282 3328 Zacharias
1314 3271 1595 3342 propheta,
1622 3270 2000 3340 interemptus,
2055 3278 2106 3324 ut

2216 3274 2460 3346 νόμενος.
2501 3275 2653 3329 Είσὶν
2675 3274 2767 3329 οὖν
2796 3276 2928 3348 περὶ
2957 3274 3023 3328 τὰ
3054 3274 3315 3347 εὐώνυμα
3349 3273 3496 3347 μέρη
3538 3272 3636 3328 τοῦ
3661 3270 3781 3327 ναοῦ

531 3364 877 3439 Evangelium
904 3365 1090 3433 tradit,
1124 3380 1154 3419 a
1176 3362 1377 3421 Judmis
1396 3365 1538 3421 inter
1564 3364 1820 3435 templum
1837 3371 1891 3419 et
1912 3363 2106 3421 altare.

531 3458 697 3515 Extra
730 3456 1009 3527 templum,
1039 3456 1311 3529 lapidibus
1369 3463 1601 3513 stratum
1643 3454 1962 3528 impluvium
1986 3471 2106 3510 ma-

533 3566 696 3622 gnum
764 3551 1116 3618 extenditur;
1157 3549 1459 3621 antiquum,
1513 3558 1573 3607 ut
1638 3551 1852 3619 opinor,
1930 3549 2110 3620 magni

538 3641 719 3711 templi
767 3643 1159 3713 pavimentum.
1198 3640 1267 3697 Et
1325 3640 1380 3698 in
1418 3649 1595 3712 porta,
1622 3654 1741 3711 quae
1769 3641 1823 3697 in
1868 3650 2111 3697 sanctam

536 3731 867 3791 Getsemane
912 3734 1081 3800 ducit,
1137 3734 1391 3803 templum
1455 3742 1765 3790 sanctorum
1802 3733 2029 3792 Joacimi
2060 3745 2115 3791 et

539 3828 708 3883 Annae
737 3825 1110 3899 conspicitur;
1136 3825 1193 3882 in
1225 3841 1333 3897 quo
1351 3824 1851 3882 lmmaculatissima
1875 3825 2113 3896 Deipara

538 3919 593 3973 in
629 3917 795 3974 vitam
823 3919 990 3977 venit.
1021 3918 1297 3987 Proxime,
1322 3916 1624 3975 Probaticae
1669 3917 1891 3989 piscina:
1914 3916 2112 3974 ﬂuenta

541 4012 868 4067 scaturiunt.

2208 3366 2464 3439 καμάραι
2493 3366 2607 3434 δύο,
2664 3366 2751 3436 ἐφ’
2780 3363 2871 3429 αἷς
2919 3368 3258 3439 ίστόρηνται,
3290 3366 3349 3421 ὲν
3394 3366 3500 3438 μὲν
3525 3367 3596 3439 τῇ
3628 3365 3725 3437 μιᾷ
3752 3363 3781 3431 ἡ

2224 3457 2555 3531 ’Υπαπαντὴ
2583 3458 2678 3512 τοῦ
2713 3460 2989 3513 Δεσπότου
3019 3457 3286 3531 Χριστοῦ,
3312 3459 3399 3513 ὅτι
3428 3458 3528 3512 καὶ
3552 3459 3615 3512 ὲν
3642 3453 3783 3524 αὐτῷ

2209 3546 2289 3618 τῷ
2318 3547 2471 3620 τόπῳ
2521 3549 2548 3601 6
2585 3546 2794 3612 δίκαιος
2823 3546 3055 3618 Συμεὼν
3085 3548 3179 3602 τὸν
3215 3546 3505 3619 Δεσπότην
3555 3542 3782 3618 Χριστὸν

2210 3636 2573 3709 ὴγκαλίσατο.
2596 3636 2688 3691 Ἐν
2715 3637 2771 3691 δὲ
2808 3640 2874 3709 τῇ
2905 3638 3096 3709 ἑτέρᾳ,
3127 3636 3196 3709 ἢν
3222 3639 3251 3691 6
3287 3635 3491 3691 Ἰακὼϐ
3517 3630 3629 3689 εἶδε
3658 3633 3782 3688 θαυ-

2214 3728 2428 3799 μαστὴν
2451 3727 2720 3797 κλίμακα,
2756 3727 3161 3799 ἑστηριγμένην
3196 3727 3360 3798 μέχρι
3391 3725 3491 3781 τοῦ
3527 3723 3780 3796 οὐρανοῦ,

2210 3821 2456 3887 καὶτοὺς
2485 3821 2749 3892 ἀγγέλους
2795 3822 2890 3876 τοῦ
2925 3821 3065 3876 Θεοῦ
3098 3822 3500 3885 ἀναϐαίνοντας
3551 3822 3649 3875 καὶ
3690 3837 3781 3871 κα-

2210 3915 2567 3980 ταϐαίνοντας
2627 3914 2713 3969 ἐπ’
2767 3916 2933 3987 αὐτῇ,
2964 3914 3063 3969 καὶ
3123 3918 3150 3968 6
3196 3916 3342 3979 λίθος
3386 3915 3657 3970 ὑποκάτω
3691 3913 3783 3980 τῆς

2216 4009 2596 4080 ίστορηθείσης
2622 4008 2894 4080 κλίμακος
2925 4009 3088 4073 αὐτὸς
3132 4010 3339 4073 ἐκεῖνος
3369 4009 3598 4081 ὁρᾶται,
3636 4006 3664 4061 6
3694 4004 3783 4059 επὶ

543 4104 643 4175 τὴν
687 4102 931 4174 κεφαλὴν
984 4101 1165 4168 τεθεὶς
1212 4102 1306 4157 τοῦ
1335 4102 1556 4161 Ἰακώϐ.
1601 4104 1691 4158 Ἐν
1723 4103 1780 4159 δὲ
1838 4102 1924 4177 τῷ,
1959 4103 2119 4175 δεξιῷ
2160 4104 2318 4177 μέρει
2345 4104 2452 4174 ὀπὴ
2479 4103 2795 4174 εὑρίσκεται
2855 4102 3260 4157 καταϐαίνουσα
3322 4102 3487 4175 μέχρι
3522 4099 3781 4172 σπηλαίου

543 4200 684 4263 τινὸς
707 4199 967 4254 ὑποκάτω
994 4197 1087 4252 τοῦ
1113 4197 1263 4255 ναοῦ.
1288 4197 1407 4269 Ἐφ’
1436 4190 1481 4267 ᾧ
1506 4198 1746 4255 τέθειται
1774 4200 1803 4256 6
1828 4200 2116 4274 προφήτης
2153 4198 2454 4270 Ζαχαρίας,
2497 4196 2557 4253 ὃν
2587 4196 2856 4266 ἔσφαξαν,
2894 4196 3035 4253 κατὰ
3089 4195 3153 4251 τὸ
3185 4194 3525 4265 Εὑαγγέλιον
3576 4197 3628 4248 oi.
3656 4194 3782 4247 ἰου-

543 4293 681 4347 δαίοι
708 4289 913 4362 μεταξὺ
950 4289 1046 4344 τοῦ
1072 4288 1204 4344 ναοῦ
1225 4288 1323 4344 καὶ
1350 4288 1447 4343 τοῦ
1480 4290 1910 4362 θυσιαστηρίου.
1948 4289 2189 4355 Ἔξωθεν
2228 4291 2283 4343 δὲ
2317 4288 2414 4343 τοῦ
2467 4289 2597 4344 ναοῦ
2654 4291 2773 4345 ἐστι
2816 4290 3137 4361 περιαύλιον
3205 4290 3351 4361 μέγα
3416 4288 3781 4361 λιθόστρωτον

542 4389 603 4443 τὸ
652 4385 899 4452 παλαιὸν,
924 4384 1001 4449 ὡς
1042 4379 1215 4458 οἴμαι,
1256 4384 1351 4439 τοῦ
1396 4385 1637 4457 μεγάλου
1669 4386 1800 4441 ναοῦ
1849 4385 2104 4441 δάπεδον.
2139 4384 2252 4439 Καὶ
2293 4385 2423 4456 περὶ
2489 4384 2590 4458 τὴν
2629 4384 2809 4456 πύλην
2862 4384 2961 4457 τὴν
3017 4385 3318 4455 ὲξάγουσαν
3366 4386 3449 4448 είς
3489 4382 3596 4456 τὴν
3628 4386 3783 4457 ἁγίαν

544 4481 583 4533 Γ
586 4479 861 4552 εθσιμανή
898 4479 1014 4532 ἐστι
1039 4476 1166 4541 ναὸς
1200 4477 1311 4531 τῶν
1348 4476 1551 4548 Ἀγίων
1585 4477 1848 4549 ἰωακεὶμ
1912 4480 2007 4532 καὶ
2055 4478 2279 4549 ’Δννης,
2324 4480 2403 4541 είς
2457 4478 2516 4533 6v
2577 4479 2612 4548 ἠ
2660 4480 2759 4548 τῆς
2817 4478 3200 4550 παναχράντου
3255 4478 3524 4535 Θεοτόκου
3597 4483 3782 4551 γέγονε

544 4578 820 4648 γέννησις,
860 4571 954 4624 καὶ
1007 4569 1197 4624 τούτου
1253 4570 1479 4643 πλησίον
1524 4570 1593 4626 τὰ
1634 4572 1735 4643 τῆς
1770 4570 2125 4645 Προϐατικῆς
2161 4572 2555 4646 κολυμῦήθρας
2585 4575 3007 4647 ἀναπηγάζουσι
3037 4578 3277 4647 νάματα.

616 4668 704 4724 15.
756 4664 893 4720 Hinc
918 4672 1068 4719 extra
1113 4665 1407 4731 civitatem,
1438 4665 1505 4720 ad
1527 4665 1932 4722 orientaliorem
1967 4665 2106 4722 illius

2294 4667 2375 4726 ιε’.
2423 4668 2710 4725 Ἐντεῦθεν
2742 4672 2843 4743 τῆς
2875 4670 3084 4735 πόλεως
3117 4670 3338 4738 ἔξωθεν,
3377 4672 3510 4744 περὶ
3538 4673 3602 4726 τὸ
3652 4673 3779 4728 ἀνα-

546 4759 778 4830 plagam,
831 4754 885 4807 in
940 4752 1118 4807 medio
1146 4766 1353 4823 magna:
1411 4765 1801 4824 praeruptaque
1824 4751 2117 4823 voraginis,

547 4858 783 4907 montem
833 4842 1106 4901 Olivarum
1159 4859 1188 4897 a
1248 4853 1432 4899 sancta
1490 4844 1710 4900 civitate
1763 4844 2115 4916 sejungentis,

547 4944 870 4999 Getsemane
896 4938 1147 5007 oppidum
1174 4934 1489 5005 collocatur,
1523 4937 1574 4991 in
1606 4951 1715 5008 quo
1758 4937 2115 4994 sanctissimae

547 5035 786 5091 Dominae
806 5043 1009 5086 nostrae
1038 5030 1279 5101 Deiparte
1328 5030 1655 5099 sepulcrum,
1681 5040 1734 5086 et
1783 5033 1993 5098 hortus,
2026 5030 2116 5087 ubi

546 5128 742 5199 saepius
800 5124 1050 5179 Salvator
1105 5133 1290 5177 uoster
1333 5135 1437 5178 una
1493 5137 1614 5178 cum
1684 5124 1959 5195 discipulis
2004 5125 2116 5182 suis

548 5226 864 5275 muneratus
901 5227 1008 5275 est.
1055 5215 1193 5271 Sunt
1221 5217 1272 5270 in
1295 5230 1359 5270 eo
1409 5215 1601 5287 templa
1632 5217 1732 5273 tria
1764 5237 1777 5274 :
1815 5218 1867 5272 in
1900 5218 2119 5274 siniste-

548 5316 709 5380 riore,
737 5322 791 5368 et
816 5309 1146 5367 concavitate
1171 5307 1544 5375 subterranea,
1581 5310 1823 5366 divinum
1875 5310 2117 5379 Deiparas

546 5410 851 5477 sepulcrum
900 5411 1177 5474 spectatur
1217 5419 1232 5459 :
1264 5401 1518 5471 templum
1578 5405 1632 5457 in
1672 5404 1873 5459 tholum
1898 5404 2114 5469 desinit,

547 5498 895 5572 praelongum,
923 5493 1203 5565 aequaliter
1229 5493 1603 5549 orbiculatum.
1629 5495 1683 5549 In
1707 5496 1888 5565 templi
1916 5496 2109 5561 medio,

546 5594 717 5647 instar
748 5590 1016 5655 atubOnis,
1079 5587 1383 5660 sepulcrum
1438 5586 1671 5658 Virginis
1723 5602 1786 5643 cx
1814 5605 1944 5645 saxo
1966 5588 2117 5643 exci-

546 5700 664 5741 sum
714 5694 818 5752 est,
876 5684 943 5740 ad
996 5682 1211 5739 modum
1271 5682 1507 5749 aediﬁcii,
1552 5691 1783 5752 quatuor
1818 5681 2116 5738 fornicibus

546 5778 735 5834 structi
780 5778 892 5834 :ad
956 5777 1217 5833 orientale
1282 5778 1420 5832 latus
1466 5778 1518 5831 in
1565 5766 1781 5847 capsula
1810 5793 1873 5833 ex
1929 5779 2117 5833 eodem

548 5868 727 5944 lapide
778 5870 1033 5943 expolita,
1067 5882 1119 5928 et
1160 5871 1401 5926 candidis
1449 5870 1804 5927 marmoribus
1841 5881 2117 5940 cooperta,

2213 4762 2574 4834 τολικὼτερον
2603 4763 2812 4833 ταύτης
2859 4765 3052 4836 μέρος,
3094 4765 3265 4834 μέσον
3285 4764 3381 4818 τοῦ
3417 4766 3667 4837 μεγάλου
3692 4783 3783 4838 χα-

2218 4852 2527 4924 ραδρώδους
2552 4858 2856 4926 χάσματος,
2882 4855 2975 4910 ⁴τοῦ
3001 4854 3419 4926 διαχωρίζοντος
3437 4857 3498 4909 τὸ
3522 4858 3651 4929 ὅρος
3679 4858 3780 4912 τῶν

2214 4946 2443 5002 Ἐλαιῶν
2492 4946 2603 5001 ἀπὸ
2661 4947 2764 5017 τῆς
2813 4947 2979 5017 ἀγίας
3040 4948 3283 5014 πόλεως,
3336 4950 3673 5020 παράκειται
3724 4952 3780 5002 τι

2214 5039 2417 5111 χωρίον
2457 5040 2491 5110 ὴ
2523 5039 2859 5112 Γεθσιμανὴ,
2901 5040 2963 5093 έν
2995 5036 3041 5108 ᾧ
3076 5040 3107 5094 6
3140 5040 3309 5110 τάφος
3347 5041 3446 5111 τῆς
3480 5040 3778 5113 (imparia;

2214 5132 2511 5203 Δεσποίνης
2543 5130 2702 5204 ἡμῶν
2729 5131 3016 5200 Θεοτόκου,
3042 5133 3138 5187 καὶ
3158 5133 3187 5186 6
3216 5132 3417 5203 κῆπος,
3449 5136 3531 5198 είς
3561 5135 3620 5190 ὃν
3648 5134 3773 5188 πολ-

2213 5220 2370 5287 λάκις
2395 5224 2424 5277 6
2459 5223 2651 5293 Σωτὴρ
2682 5224 2838 5295 ἡμῶν
2875 5224 3017 5294 μετὰ
3045 5224 3157 5280 τῶν
3183 5225 3447 5297 μαθητῶν
3479 5226 3650 5281 αὐτοῦ
3679 5226 3773 5296 ηὑ-

2213 5314 2395 5387 λίσθη.
2441 5315 2559 5385 Ἐφ’
2604 5309 2649 5385 ᾧ
2687 5316 2785 5369 καὶ
2812 5317 2934 5370 vaol
2962 5317 3135 5388 τρεῖς,
3165 5319 3194 5370 6
3223 5316 3324 5389 μὲν
3353 5318 3771 5390 εὐωνυμοτέρως

2214 5409 2309 5461 καὶ
2348 5409 2475 5481 περὶ
2506 5409 2567 5463 τὸ
2614 5409 2862 5479 κοίλωμα
2914 5409 3068 5467 κάτω
3118 5410 3217 5481 τῆς
3266 5412 3369 5485 γῆς
3419 5412 3592 5479 ἐστιν,
3620 5414 3695 5475 είς
3715 5411 3768 5463 ὃν

2215 5506 2243 5557 6
2273 5505 2414 5568 θεῖος
2441 5505 2612 5575 τάφος
2639 5502 2737 5574 τῆς
2765 5501 3055 5557 Θεοτὸκουο
3076 5504 3104 5555 6
3138 5502 3194 5556 δὲ
3218 5504 3458 5567 τοιοῦτος
3480 5505 3609 5569 ναὸς
3633 5506 3768 5558 ἐστιν
3790 5496 3791 5499 “

2216 5597 2243 5648 6
2268 5597 2375 5659 πᾶς
2406 5594 2659 5660 θολωτὸς,
2690 5595 2994 5667 ἐπιμήκης,
3030 5593 3416 5667 κυλινδρωτὸς.
3459 5597 3575 5651 Kal
3616 5596 3768 5665 μέσον

2217 5689 2383 5741 αὑτοῦ
2413 5688 2569 5758 δίκην
2598 5688 2853 5757 ἀμϐωνος
2888 5688 3104 5743 ἵσταται
3136 5688 3165 5741 6
3186 5689 3357 5759 τάφος
3398 5688 3589 5759 αὐτῆς,
3627 5689 3766 5742 λελα-

2216 5778 2521 5850 τομημένος
2552 5779 2617 5831 ὲκ
2639 5778 2848 5850 πέτρας
2875 5780 2935 5835 ὲν
2963 5779 3641 5852 σχήματιιτετρακαμάρῳ.
3670 5780 3766 5832 Καὶ

2221 5875 2278 5927 ὲν
2318 5873 2386 5944 τῇ
2419 5870 2711 5944 ἀνατολικῇ
2743 5871 2937 5928 τούτου
2975 5874 3191 5947 πλευρᾷ
3215 5874 3369 5945 ἐστιν
3394 5874 3457 5928 ὲκ
3488 5876 3583 5947 τῆς
3613 5873 3765 5944 αὐτῆς
