4060 6290
598 320 697 385 947

1859 326 2181 395 JOANNIS
2251 334 2514 399 PHOCAI

3712 334 3797 401 948

586 438 748 491 nachi
777 444 827 491 et
849 433 1131 492 Jacobitaz.
1158 435 1503 493 Postmodutn
1549 438 1747 505 hiatus,
1781 442 1871 498 ubi
1900 444 2160 516 lacryma-

2269 451 2447 504 έκεῖνο
2484 449 2791 519 εὐρύνεται,
2819 449 2944 505 καθ’
2970 449 3031 505 δν
3058 450 3273 522 τόπονή
3300 446 3504 513 Κοιλάς
3529 447 3620 503 τοῦ
3648 448 3798 506 Κλαυ-

589 544 705 582 rum
773 527 926 583 vallis
973 530 1293 598 refunditur,
1347 530 1635 598 dilatatur;
1707 532 1956 605 ultraque
1984 537 2155 605 ipsam

586 634 714 691 ager
770 620 933 690 ﬁguli,
998 623 1089 691 qui
1152 624 1323 691 pretio
1364 623 1655 679 Dominico‘
1701 625 1767 681 ad
1821 626 2159 696 sepeliendos

589 715 900 784 peregrinos
945 715 1247 771 conductus
1292 726 1396 771 est.
1450 717 1648 787 Agrum
1685 720 1883 791 excipit
1932 720 2155 777 Siloami

589 810 812 878 piscina,
856 811 1031 865 enatis
1082 810 1180 865 abs
1229 825 1286 865 se
1316 811 1470 881 aquis
1534 821 1697 867 totam
1721 811 1865 882 illam
1915 815 2160 871 siccitate

588 900 860 955 horridam
888 904 1162 971 regionem
1196 904 1457 957 irrorans.
1516 902 1643 957 inde
1676 913 1729 959 et
1762 916 1911 973 prata
1954 907 2160 975 aliquot

588 1007 757 1061 pauca
809 1005 861 1049 et
905 995 1132 1059 modica,
1194 995 1244 1048 in
1304 995 1458 1050 vallis
1520 996 1821 1062 latitudine,
1877 998 2160 1053 arboribus

588 1084 839 1147 consitas,
896 1085 1323 1153 conspiciuntur.
1368 1086 1511 1141 Fons
1553 1087 1848 1144 fornicibus
1889 1097 1944 1144 et
1969 1088 2160 1161 spissis

586 1174 853 1229 columnis
886 1175 1210 1243 obvailatur,
1235 1185 1288 1231 et
1316 1186 1648 1233 venustatem
1688 1179 1933 1247 obtinet;
1978 1179 2162 1236 ethoc

590 1266 749 1322 modo
790 1268 943 1323 vallis
1001 1268 1067 1323 ad
1101 1270 1274 1325 sancti
1320 1268 1475 1325 Sabae
1521 1270 1748 1337 lauram,
1798 1280 1856 1326 ut
1902 1273 2160 1337 diximus,

588 1359 834 1414 undecim
867 1375 1125 1431 passuum
1157 1361 1389 1417 millibus
1414 1364 1650 1417 excurrit
1678 1379 1693 1417 :
1725 1363 1815 1418 ubi
1848 1380 1975 1419 vero
2011 1365 2159 1419 laura

589 1460 643 1507 ct
699 1453 954 1521 templum
998 1461 1050 1507 et
1110 1455 1415 1524 sepulcrum
1471 1455 1639 1509 sancti
1699 1466 2015 1525 speetantur
2051 1496 2067 1521 ,
2108 1458 2161 1511 in

592 1546 883 1614 mnpliorrs
908 1546 1346 1618 borridioresque
1406 1548 1691 1619 voragines
1720 1547 1887 1604 vastis
1924 1549 2165 1605 faucibus

587 1640 905 1711 prolatatnr.
972 1638 1111 1695 Ante
1153 1640 1381 1707 lanram,
1444 1642 1495 1697 in
1580 1644 1827 1715 utrisque
1908 1643 2165 1713 praerupti

591 1733 789 1788 montis
842 1732 994 1804 ripis,
1039 1732 1307 1802 spelunca:
1356 1745 1409 1789 et
1440 1735 1646 1803 pusillae
1679 1745 1853 1791 turres
1884 1736 2163 1803 visuntur;

2261 539 2476 610 θμῶνὸς
2511 540 2648 594 έστι.
2690 541 2800 595 Καὶ
2839 541 3077 614 πέραθεν
3104 540 3311 613 ταύτης
3335 541 3364 594 ὁ
3391 538 3563 611 άγρδς
3603 538 3689 593 τοῦ
3720 542 3787 595 Kc

2264 632 2513 705 ραμέως,
2562 634 2591 687 ὁ
2640 634 2721 698 είς
2751 633 2931 706 ταφὴν
2961 634 3070 688 τῶν
3098 633 3265 700 ξένων
3295 632 3593 706 έξωνηθεὶς
3621 631 3701 686 διὰ
3722 634 3801 689 τοῦ

2260 725 2551 798 Κυριακοῦ
2598 728 2925 797 τιμήματος.
2980 725 3136 782 Μετὰ
3182 724 3355 781 ταῦτα
3402 725 3437 795 η
3472 724 3569 779 τοῦ
3611 724 3805 795 Σιλωάμ.

2260 816 2640 889 κολυμϐήθρα.
2670 820 2786 881 τοῖς
2828 816 2886 883 ἐξ
2915 817 3090 887 αὐτῆς
3122 818 3329 887 νάμασι
3376 815 3471 870 τὸν
3532 816 3806 888 κατάξηρον

2261 913 2471 967 ἐκεῖνον
2506 912 2769 983 κατάρδει
2820 914 3020 985 χῶρον.
3074 909 3392 967 Κάντεῦθεν
3423 908 3520 963 καὶ
3568 908 3806 980 λειμῶνες

2265 1004 2475 1074 μέτριοι
2528 1005 2653 1074 περὶ
2686 1004 2747 1058 τὸ
2799 1004 3001 1067 πλάτος
3045 1003 3147 1073 τῆς
3177 1001 3422 1066 κοιλάδος
3453 1000 3681 1073 ὁρῶνται
3724 1018 3809 1053 κα-

2260 1097 2560 1170 τάδενδροι.
2626 1097 2691 1151 Ἦ
2756 1097 2946 1169 μέντοι
3020 1095 3172 1168 πηγὴ
3244 1095 3349 1149 ὑπὸ
3406 1091 3670 1165 καμαρῶν
3732 1094 3812 1147 καὶ

2262 1187 2459 1244 κιόνων
2528 1186 2739 1259 συχνῶν
2795 1185 3286 1257 περιθριγγοῦται,
3360 1186 3455 1239 καὶ
3521 1183 3812 1256 ὡραϊζεται.

2262 1280 2374 1334 Καὶ
2432 1278 2619 1343 οὕτως·
2676 1279 2980 1350 ἀπέρχεται
3039 1279 3072 1345 ἡ
3105 1278 3309 1342 Κοιλάς
3360 1276 3498 1347 αὕτη
3536 1275 3814 1347 μέχριντῆς

2263 1373 2467 1444 λαύρας
2500 1372 2594 1427 τοῦ
2628 1372 2811 1441 άγίου·
2842 1373 3013 1439 Σάδα,
3066 1373 3142 1436 ὡς
3175 1371 3408 1442 ἔφημεν,
3446 1369 3539 1423 ἐπὶ
3568 1370 3712 1441 μίλια
3737 1366 3815 1422 ια’.

2278 1467 2428 1523 Ἐκεῖ
2455 1466 2549 1522 οὖν
2581 1464 2872 1538 εὐρύνεται
2904 1468 2936 1536 ἡ
2984 1466 3187 1529 Κοιλὰς
3244 1466 3302 1519 έν
3336 1464 3581 1536 χάσματι
3618 1461 3816 1531 μεγάλῳ

2266 1561 2360 1612 καὶ
2382 1555 2677 1627 αὐχμηρῷ.
2722 1554 2892 1611 Ἔνθα
2912 1556 3009 1609 καὶ
3036 1555 3071 1626 ἠ
3097 1553 3300 1625 λαύρα,
3338 1554 3434 1606 καὶ
3456 1554 3485 1606 6
3520 1550 3768 1617 ναὸς,’καὶ
3795 1551 3821 1603 6

2264 1649 2436 1720 τάφος
2457 1650 2552 1703 τοῦ
2587 1650 2743 1719 άγίου
2771 1653 2986 1721 ὁρᾶται.
3026 1648 3137 1719 Πρὸ
3174 1646 3232 1701 δὲ
3261 1648 3359 1716 τῆς
3388 1644 3602 1715 λαύρας
3630 1646 3705 1707 είς
3734 1643 3819 1706 τὰς

2269 1740 2595 1810 ἀμφοτέρας
2626 1738 2721 1793 τοῦ
2754 1736 3193 1811 χαραδρώματος
3226 1734 3396 1807 ὁχθας
3429 1734 3540 1791 εἰσὶ
3578 1731 3819 1806 σπήλαια,

589 1843 703 1888 cas,
763 1826 853 1896 qui
907 1825 1163 1880 mundum
1229 1824 1481 1898 illiusque
1510 1826 1693 1883 luxum
1752 1828 2073 1892 abhorrent,
2101 1829 2160 1883 oi

2275 1836 2370 1889 καὶ
2401 1831 2750 1905 πυργώματα
2783 1831 2981 1903 μικρά,
3040 1831 3120 1894 είς
3168 1831 3206 1885 ἃ
3238 1827 3641 1891 κατοικοῦντες.
3670 1826 3718 1880 ei
3742 1825 3823 1877 τὶν

590 1918 714 1976 coeli
750 1933 973 1988 regnum
1043 1917 1367 1983 inhabitant,
1416 1929 1470 1974 et
1495 1918 1845 1991 impatibilem
1882 1928 2047 1977 aestus
2083 1935 2172 1973 ar-

589 2012 778 2065 dorem
826 2010 1115 2075 sustinent,
1160 2007 1396 2077 ﬂamma,
1435 2026 1555 2083 quae
1586 2012 1967 2085 exstinguitur,
2014 2011 2173 2065 llam-

594 2118 761 2167 mam,
786 2118 907 2173 quae
943 2104 1212 2173 exs'ingui
1232 2105 1437 2174 nequit,
1462 2104 1887 2174 exstinguentes.
1912 2103 2010 2160 Ubi
2041 2115 2174 2159 tem-

590 2196 764 2261 plum,
788 2206 841 2250 et
887 2194 1086 2251 Deiteri
1125 2197 1297 2251 sancti
1328 2194 1506 2251 Patris
1554 2197 1710 2253 Sabae
1738 2195 2041 2267 sepulcrum
2066 2205 2170 2265 est.

588 2289 644 2342 in
680 2299 789 2344 tres
840 2301 1020 2358 partes
1039 2287 1210 2343 divisa
1264 2289 1541 2356 convallis,
1594 2288 1647 2344 in
1685 2304 1933 2361 magnam
1959 2280 2174 2358 voragi-

590 2394 713 2436 nem
754 2392 807 2437 et
833 2382 1150 2453 profundam
1192 2382 1528 2437 altitudinem
1584 2384 1948 2454 immergitur.
2004 2382 2173 2453 Ilnjus

590 2482 831 2529 extrema
884 2473 1192 2546 ingentibus
1240 2477 1479 2530 turribus
1550 2484 1772 2531 sanctus
1834 2474 2169 2541 sutl'ulciens,

591 2566 645 2617 in
711 2562 887 2619 medio
948 2566 1207 2635 templum
1274 2565 1469 2631 erexit,
1526 2574 1582 2645 et
1641 2566 2014 2622 recentissima
2082 2567 2170 2621 illa

586 2657 865 2713 Asceteria
920 2658 977 2713 in
1038 2652 1242 2715 ambitu
1313 2658 1603 2727 exstruxit,
1655 2669 1710 2714 ut
1765 2660 2068 2727 conscripta
2104 2659 2171 2715 de

585 2751 906 2808 admiranda
958 2751 1101 2810 illius
1129 2752 1237 2809 vita
1267 2752 1494 2808 historia
1527 2752 1711 2807 tradit.
1739 2750 2024 2824 Templum
2061 2754 2169 2805 ita-

585 2861 692 2916 que
744 2843 1155 2901 delectationem
1204 2845 1444 2914 undique
1493 2842 1766 2909 conciliat,
1828 2845 2167 2916 prmgrande,

587 2938 940 3008 prelongum,
965 2935 1183 2993 luminis
1213 2936 1429 3008 plenum
1465 2952 1481 2991 :
1514 2935 1878 3007 pavimentum
1933 2950 2169 2990 marmo-

588 3030 760 3092 ribus,
792 3028 989 3084 vilibus
1049 3028 1154 3084 illis
1175 3042 1306 3084 sane
1328 3040 1379 3083 et
1405 3042 1468 3083 ex
1511 3042 1697 3084 eremo
1725 3028 1985 3095 advectis,
2019 3027 2168 3083 varie

588 3128 768 3174 tamen
816 3118 1126 3189 aﬂ‘abrequc
1176 3118 1489 3187 elaboratis,
1555 3121 1967 3175 condecoratur.
2024 3118 2165 3174 Ante

590 3211 876 3277 templum,
904 3211 1100 3267 atrium
1125 3218 1232 3273 est,
1260 3210 1525 3280 lapidibus
1550 3220 1823 3277 stratum;
1858 3220 1911 3266 et
1942 3213 1996 3267 in
2019 3210 2166 3265 illius

591 3304 769 3359 medio
796 3304 973 3375 magni
1009 3303 1185 3358 Patris
1204 3303 1374 3358 nostri
1398 3302 1551 3358 δοῦρε
1588 3304 1916 3375 sepulcrum,
1940 3317 1971 3358 e
1998 3312 2163 3365 terra,

589 3396 813 3463 palmari
862 3382 1166 3461 altitudine,
1219 3397 1896 3459 eminens.candidissima
1932 3410 2167 3450 marmo-

589 3507 678 3546 rea
733 3490 927 3547 tabella
990 3498 1281 3561 opertum:
1315 3505 1477 3560 prope
1527 3490 1655 3545 illud
1703 3490 2039 3558 circumque,
2068 3501 2167 3542 nec

589 3601 694 3638 non
748 3585 847 3641 sub
878 3594 1047 3647 terra,
1095 3593 1405 3641 sanctorum
1439 3582 1683 3647 Patrum,
1709 3584 1822 3651 qui,
1868 3582 2162 3638 solitariam

584 3677 751 3729 vitam
787 3686 1031 3746 agentes,
1057 3674 1290 3731 illustres
1314 3675 1481 3731 habiti
1509 3685 1657 3740 sunt,
1705 3688 1921 3744 unaque
1950 3688 2071 3729 cum
2100 3672 2163 3728 iis

586 3776 897 3822 sanctorum
925 3767 1134 3822 Cosmae
1156 3777 1205 3820 et
1225 3764 1472 3831 Joannis,
1494 3767 1836 3836 antiquorum
1861 3774 2163 3835 poetarum,

584 3858 833 3928 sepulcra
888 3855 1303 3928 spectantur-An
1332 3857 1434 3914 illis
1458 3856 1588 3913 locis
1636 3857 1805 3913 ferme
1825 3857 1891 3910 ad
1930 3855 2163 3922 quadra-

584 3954 733 4024 ginta
788 3952 1026 4008 deil‘eros
1076 3950 1242 4016 viros,
1272 3960 1325 4007 et
1357 3962 1485 4007 ante
1542 3950 1679 4007 alios
1701 3951 2041 4021 spectabiles.
2077 3949 2161 4003 in-

583 4047 767 4119 spexi;
830 4045 1078 4115 interque
1098 4059 1191 4101 eos
1221 4043 1557 4113 polissimttm
1592 4057 1710 4108 sex,
1739 4045 1828 4112 qui
1851 4056 1948 4112 pro
1976 4056 2035 4097 se
2060 4041 2159 4108 ipsi

585 4139 753 4193 Deum
787 4137 1156 4207 alloquuntur.
1182 4133 1378 4190 Eorum
1421 4133 1636 4189 nomina
1658 4139 1804 4197 sunt,
1833 4131 2158 4209 Stephanus,

582 4228 922 4293 Theodorus,
971 4238 1029 4285 et
1081 4227 1307 4293 Paulus;
1364 4234 1592 4298 quartus
1662 4241 1729 4281 ex
1790 4240 1979 4297 magna
2032 4226 2162 4277 urbe

582 4335 762 4377 ortum
815 4324 1015 4388 habet;
1075 4320 1296 4390 quintus
1322 4330 1437 4375 erat
1492 4317 1712 4383 lberus;
1751 4326 1957 4380 sextus,
1986 4315 2077 4385 qui
2105 4315 2159 4370 in

580 4416 822 4469 omnium
878 4428 995 4478 ore,
1046 4411 1187 4482 quod
1251 4412 1458 4468 Occulta
1502 4401 1817 4481 perspiciat,
1890 4421 2156 4474 versatur,

577 4503 810 4563 Joannes
836 4505 1047 4577 Stylita.

651 4714 738 4767 i7.
793 4711 1123 4781 Regredicns
1148 4709 1330 4779 itaque
1359 4707 1425 4762 ad
1467 4720 1680 4765 sacram
1716 4704 2008 4769 civitatem,
2042 4720 2151 4760 non

578 4823 675 4874 per
732 4806 945 4869 vallem,
1003 4802 1097 4858 sed
1132 4799 1332 4855 montis
1365 4800 1607 4863 dorsum,
1636 4812 1729 4853 sex
1762 4796 1995 4853 millibus
2024 4812 2151 4866 pas-

577 4915 757 4957 suum,
789 4907 1077 4962 antequam
1104 4893 1275 4963 ipsam
1302 4891 1563 4962 appellas,
1588 4890 1759 4945 sancti
1788 4889 1960 4944 Patris
1982 4888 2148 4942 nostri

580 4985 865 5041 Theodosii
892 4983 1298 5040 Coeunbiarclue
1323 4982 1704 5037 monasterium
1733 4978 1993 5036 offendes.
2021 4973 2149 5033 Illud

576 5083 741 5137 variis
770 5078 1004 5133 turribus
1048 5076 1493 5131 :ircummunitnr
1532 5093 1547 5131 :
1586 5083 1815 5144 anteqllc
1853 5073 2046 5143 ipsmn,
2082 5073 2150 5127 ad

577 5178 787 5243 sagittae
830 5173 1034 5243 jactum
1061 5168 1235 5225 fornix
1294 5168 1551 5233 occurrit,
1597 5166 1651 5221 in
1697 5182 1825 5237 qua,
1869 5177 1925 5220 ut
1960 5178 2150 5220 auctor

576 5266 712 5323 Vitae
747 5267 891 5321 illius
928 5265 1115 5327 refert,
1152 5278 1311 5335 supra
1335 5263 1574 5334 ejusdem
1632 5276 1850 5317 manum
1894 5260 2148 5317 exstincti

574 5361 841 5416 carbones
898 5358 1143 5413 succensi
1182 5363 1328 5417 sunt.
1378 5355 1437 5412 In
1501 5354 1680 5410 medio
1738 5353 2070 5418 monasterii,
2096 5353 2147 5408 in

576 5450 694 5505 loco
735 5448 1101 5513 eminentiori,
1131 5446 1387 5517 templum
1433 5446 1676 5517 erigitur,
1722 5454 1863 5502 tecto
1896 5447 2145 5509 rotundo,

578 5553 635 5598 et
685 5544 784 5597 sub
810 5556 875 5596 eo
924 5540 1207 5611 spelunca,
1243 5538 1295 5593 in
1327 5552 1436 5609 qua
1480 5547 1565 5594 est
1602 5537 1773 5594 sancti
1806 5536 2143 5605 sepulcrum;

578 5649 849 5703 penusque
902 5633 1028 5686 illud
1082 5633 1189 5687 duo
1212 5629 1469 5697 fornices,
1525 5632 1578 5685 in
1604 5630 1799 5699 quibus
1828 5643 2147 5699 magnorum

574 5736 882 5784 sanctorum
954 5726 1193 5795 reliquiae
1241 5724 1567 5779 conduntur.
1634 5723 1917 5795 Spelunca:
1967 5720 2145 5778 scalas

576 5820 930 5888 descendens,
957 5820 1180 5884 ulterius
1222 5834 1254 5875 a
1288 5818 1459 5877 latere
1473 5818 1746 5891 speluncae
1780 5816 2023 5875 foramen
2052 5815 2144 5873 in-

2273 1926 2479 1995 κόσμον
2518 1924 2614 1977 καὶ
2648 1923 2749 1994 τὴν
2780 1921 2947 1978 αὐτοῦ
2978 1921 3188 1993 τρυφὴν
3218 1917 3609 1990 βδελυξάμενοι
3634 1915 3718 1969 διὰ
3740 1914 3826 1981 τὴν

2273 2017 2383 2070 τῶν
2414 2015 2660 2087 οὐρανῶν
2684 2013 2985 2085 βασιλείαν,
3020 2013 3119 2084 τὴν
3151 2010 3480 2067 ἀνύποιστον
3504 2007 3718 2078 ὶκείνην
3740 2003 3826 2059 τοῦ

2274 2108 2555 2178 καύματος
2589 2107 2925 2179 ὑπομένουσι
2957 2106 3255 2178 φλόγωσιν,
3318 2105 3481 2177 φλογὶ
3534 2099 3829 2159 κατασϐεν-

2273 2201 2493 2263 νύοντες
2521 2201 2718 2272 φλόγα,
2755 2202 2843 2257 διά
2881 2202 2982 2274 τῆς
3016 2200 3384 2271 σϐεννυμένης
3406 2199 3508 2267 τὴν
3556 2194 3825 2251 ἄσϐεστον.

2286 2294 2374 2346 Ἐν
2393 2293 2450 2348 δὲ
2475 2294 2553 2363 τῷ
2574 2295 2723 2364 τόπῳ
2750 2296 2809 2349 ἐν
2839 2287 2883 2361 ᾧ
2905 2295 3057 2347 ἐστιν
3088 2296 3117 2348 6
3150 2291 3297 2360 ναὸς,
3333 2290 3429 2345 καὶ
3464 2292 3493 2344 ὁ
3524 2288 3626 2342 τοῦ
3656 2284 3831 2353 θεοφό-

2278 2404 2369 2457 ρου
2407 2387 2563 2456 ἁγίου
2612 2388 2825 2460 Πατρὸς
2856 2386 3005 2442 Σάδα
3029 2386 3221 2458 τάφος,
3250 2384 3415 2457 τριχῆ
3440 2380 3774 2454 διαιρεθεῖσα
3802 2380 3829 2446 ἠ

2274 2476 2515 2546 φάραγξ,
2544 2476 2638 2531 ktl
2668 2476 2890 2549 μεγάλῳ
2919 2477 3213 2551 βαθύνεται
3245 2476 3512 2547 χάσματι.
3544 2469 3752 2525 Τούτου
3774 2466 3833 2519 τά

2272 2571 2418 2641 ἄκρα
2441 2567 2742 2643 πυργώσας
2768 2571 2798 2624 6
2826 2570 2983 2639 ἅγιος
3031 2572 3091 2625 ἐν
3119 2567 3351 2641 πύργοις
3387 2563 3658 2637 μεγάλοις
3688 2562 3833 2632 μέσον

2270 2665 2364 2719 τὸν
2392 2664 2520 2719 ναὸν
2546 2662 2809 2735 ιπήξατο,
2842 2664 2938 2718 atat
2973 2662 3045 2716 τά
3086 2662 3385 2717 καινὸτατα
3438 2660 3634 2714 ἐκεῖνα
3676 2658 3833 2727 ἀσκη-

2272 2754 2439 2827 τήρια
2471 2751 2737 2808 κυκλόθεν
2760 2753 3081 2823 εἰργάσατο,
3107 2750 3293 2817 καθὼς
3328 2752 3362 2822 η
3396 2747 3492 2803 τοῦ
3526 2742 3833 2816 θαυμαστοῦ

2271 2850 2438 2905 αὐτοῦ
2470 2848 2587 2921 βίου
2638 2848 2998 2921 διαλαμϐάνει
3035 2848 3248 2919 γραφή.
3278 2848 3468 2902 Ἔστιν
3520 2839 3620 2899 οὖν
3650 2843 3680 2897 6
3726 2840 3832 2901 ναὸς

2271 2944 2453 3013 πάσης
2496 2943 2784 3008 ἀνάπλεως
2828 2943 3219 3014 τερπνὸτητος,
3254 2940 3590 3009 πάμμεγας,
3642 2935 3829 3007 ἐπιμή·

2271 3049 2397 3103 κης,
2423 3030 2640 3102 πλήρης
2670 3030 2871 3100 φωτός.
2913 3030 2987 3082 Τὸ
3015 3030 3071 3083 δὲ
3113 3028 3343 3082 δάπεδον
3379 3026 3578 3081 τούτου
3624 3026 3830 3095 μαρμά-

2276 3142 2388 3197 ροις
2442 3123 2945 3194 ἐγκαλλυνὸμενον,
3006 3121 3254 3177 εὐτελέσι
3305 3119 3427 3192 μιν,
3488 3119 3588 3176 καὶ
3651 3119 3716 3172 ἐκ
3752 3116 3834 3183 τῆς

2271 3217 2506 3289 ἐρήμου,
2552 3214 2667 3270 ἀλλ’
2699 3216 2847 3285 ὅμως
2884 3215 3145 3279 ποικίλως
3193 3214 3673 3286 ἐξειργασμένοις.
3712 3210 3832 3279 σεμ,

2271 3311 2507 3384 προσθεν
2536 3310 2590 3363 δὲ
2615 3308 2710 3363 τοῦ
2736 3310 2867 3364 ναοῦ
2894 3310 3210 3383 περιαύλιον
3252 3309 3488 3381 ὑπάρχει
3542 3308 3829 3377 λιθόστρω·

2268 3419 2379 3465 τον,
2417 3400 2511 3454 καὶ
2552 3397 2716 3467 μέσον
2749 3400 2913 3453 αὑτοῦ
2944 3401 2973 3452 6
3012 3400 3180 3471 τάφος
3216 3398 3313 3452 τοῦ
3349 3396 3599 3469 μεγάλου
3636 3392 3831 3460 Πατρὶς

2268 3495 2426 3565 ἡμῶν
2456 3494 2626 3558 Σάῦα,
2666 3494 2796 3547 ὡσεὶ
2848 3490 3211 3563 σπηθαμιαίῳ
3262 3489 3446 3560 μέτρῳ
3482 3485 3834 3559 ὑπερανέχων

2266 3588 2369 3658 τῆς
2399 3589 2521 3657 γῆς.
2557 3587 2859 3657 λευκοτάτη
2893 3585 3234 3654 σκεπόμενος
3270 3580 3612 3653 μαρμαρίνῳ
3652 3578 3830 3631 πλακί.

2268 3677 2588 3749 Πρόσεγγυς
2611 3674 2667 3728 δὲ
2692 3674 2909 3737 τούτου,
2944 3673 3043 3727 καὶ
3084 3669 3336 3741 γύρωθεν
3384 3669 3465 3723 ἔτι
3502 3685 3564 3721 τε
3614 3668 3710 3721 καὶ
3736 3662 3831 3718 ὑπὸ

2265 3767 2365 3839 τὴν
2389 3769 2492 3839 γῆν
2520 3767 2629 3822 τῶν
2672 3769 2730 3821 ὲν
2758 3766 2951 3838 ἐρήμῳ
2978 3764 3312 3835 λαμψάντων
3344 3761 3521 3831 ἁγίων
3580 3759 3831 3828 Πατέρων

2264 3861 2499 3932 ὁρῶνται
2524 3860 2591 3913 τά
2625 3861 2902 3930 μνήματα.
2935 3856 3071 3911 Μεθ’
3094 3851 3168 3911 ὦν
3187 3856 3283 3910 καὶ
3308 3854 3416 3908 τῶν
3437 3854 3621 3923 ἁγίων
3648 3847 3837 3919 Κοσμᾶ

2266 3956 2360 4009 καὶ
2387 3954 2640 4008 Ἰωάννου
2670 3952 2903 4027 ὁρῶνται
2932 3950 2999 4006 τά
3029 3951 3315 4022 μνήματα,
3337 3947 3448 4000 τῶν
3478 3945 3655 4001 πάλαι
3684 3957 3832 4011 ποιηο

2263 4046 2392 4102 τῶν.
2471 4043 2669 4113 Ἐγγύς
2730 4061 2837 4098 που
2887 4042 2996 4096 τῶν
3049 4040 3461 4110 τεσσαράκοντα
3543 4037 3834 4107 θεοφόρους

2264 4139 2463 4209 ἄνδρας
2489 4138 2600 4192 τῶν
2647 4134 2829 4191 ἄλλων
2874 4130 3413 4204 ὲκλελεγμένους,ο,ξξ
3444 4130 3502 4185 δὲ
3562 4130 3631 4195 ἐξ
3660 4127 3831 4183 αὐτῶν

2260 4235 2487 4305 άμέσως
2516 4231 2843 4306 ὁμιλοῦντας
2876 4229 3021 4301 Θεῷ,
3049 4222 3123 4284 ὧν
3149 4230 3205 4282 αί
3238 4227 3482 4298 κλήσεις,
3543 4226 3833 4295 Στέφανος,

2261 4327 2558 4396 Θεόδωρος,
2602 4326 2695 4379 καὶ
2727 4322 2959 4387 Παῦλος,
3008 4322 3035 4375 ὁ
3064 4321 3121 4375 δὲ
3163 4321 3426 4389 τέταρτος
3477 4316 3744 4391 ὥρμηται
3775 4316 3833 4366 ἐκ

2268 4419 2369 4489 τῆς
2419 4415 2660 4487 μεγάλης
2712 4414 2941 4477 πόλεως.
2992 4413 3089 4466 καὶ
3120 4416 3149 4466 ὁ
3199 4412 3449 4481 πέμπτος
3483 4410 3654 4481 Ἰὁηρ
3684 4405 3773 4479 ἦν,
3807 4406 3833 4460 ὁ

2192 4523 2234 4581 ο
2258 4510 2315 4566 δὲ
2342 4512 2500 4574 ἕκτος
2526 4510 2742 4580 ὁξπᾶσιν
2758 4510 2814 4561 ἒν
2826 4507 3107 4580 τῷοδιορᾷν
3129 4522 3195 4559 πε
3206 4505 3478 4577 ριὸόητος,
3511 4505 3544 4559 ὁ
3582 4503 3831 4571 στηλίτης

2276 4603 2555 4674 Ἰωάννης.

2337 4698 2423 4762 ιζ’.
2472 4695 2981 4766 Ὑποστρεφὸμενος
3014 4686 3108 4747 οὖν
3142 4693 3278 4773 πρὸς
3302 4689 3402 4763 τὴν
3439 4691 3614 4761 άγίαν
3659 4689 3829 4751 πόλιν,

2257 4794 2320 4846 οὗ
2365 4790 2455 4845 διὰ
2480 4788 2582 4861 τῆς
2633 4785 2902 4853 κοιλάδος,
2964 4785 3101 4839 ἀλλὰ
3125 4785 3215 4840 διά
3241 4784 3336 4841 τοῦ
3379 4785 3596 4858 ταύτης
3647 4781 3830 4853 ζυγοῦ.

2258 4884 2515 4957 εὑρήσεις
2549 4881 2660 4953 πρὸ
2688 4879 2748 4946 ἓξ
2779 4879 2975 4951 μιλίων
3006 4878 3182 4950 αὐτῆς
3202 4880 3303 4950 τὴν
3337 4880 3511 4951 μονὴν
3544 4878 3644 4933 τοῦ
3688 4878 3830 4931 ὁσίου

2260 4978 2472 5048 Πατρὶς
2510 4976 2666 5048 ἡμῶν
2696 4972 2975 5028 Θεοδοσίου
3002 4973 3096 5027 τοῦ
3126 4972 3548 5044 Κοινοὸιάρχου.
3598 4973 3667 5027 Ἥ
3708 4970 3829 5041 γοῦν

2256 5072 2479 5140 τοιαύτη
2508 5067 2643 5141 μονὴ
2675 5065 3077 5138 ὕπὸδιαφὸρων
3104 5064 3538 5136 περιτειχίζεται
3588 5063 3827 5134 πύργων.

2257 5166 2363 5238 πρδ
2383 5165 2440 5220 δὲ
2466 5164 2694 5235 ταύτης,
2726 5161 2858 5215 ὡσεὶ
2874 5160 3030 5226 τόξου
3060 5158 3239 5230 βολῆς,
3271 5158 3567 5231 πόρρωθέν
3593 5160 3713 5213 ἐστι
3735 5173 3815 5209 κα-

2260 5260 2433 5331 μάρα,
2468 5260 2528 5311 ὲν
2566 5249 2623 5332 ᾖ,
2664 5254 2740 5320 ὡς
2768 5257 2797 5309 ὁ
2824 5254 2946 5318 Bia;
2967 5252 3064 5308 τοῦ
3092 5252 3250 5319 άγίου
3277 5251 3450 5322 δηλοῖ,
3483 5250 3549 5305 ἑν
3579 5252 3648 5324 τῇ
3690 5248 3828 5322 χειρὶ.

2220 5346 2426 5406 αὐτοῦ
2489 5348 2799 5419 έσόεσμένα
2840 5346 3167 5419 ἁνήφθησαν
3214 5343 3497 5417 κάρὸωνα,
3560 5345 3726 5415 μέσον
3773 5339 3824 5394 δὲ

2255 5440 2357 5512 τῆς
2392 5445 2560 5512 μονῆς
2610 5441 2825 5495 ἵσταται
2855 5440 2885 5493 6
2914 5438 3038 5501 ναὸς
3070 5437 3129 5492 ὲν
3178 5434 3301 5506 ὕψει
3354 5433 3651 5506 κυκλοειδῆ
3693 5434 3824 5505 ἔχων

2254 5535 2353 5608 τὴν
2386 5536 2609 5607 ὀροφὴν,
2641 5536 2735 5588 καί
2766 5530 3125 5587 ὑποκάτωθεν
3156 5528 3322 5583 αὐτοῦ
3358 5528 3655 5596 σπήλαιον,
3703 5529 3758 5581 ὲν
3780 5516 3822 5593 ᾧ

2254 5630 2283 5683 6
2312 5627 2484 5699 τάφος
2512 5626 2605 5681 τοῦ
2634 5627 2795 5696 ἁγίου
2820 5625 2961 5691 ἐστὶ,
2998 5626 3091 5680 καὶ
3122 5626 3354 5695 πλησίον
3376 5622 3549 5678 αὑτοῦ
3578 5620 3817 5692 καμάραι

2254 5719 2520 5792 διάφοροι,
2556 5722 2617 5773 έν
2650 5713 2740 5782 αἷς
2794 5719 2966 5787 άγὶων
2998 5718 3252 5789 μεγάλων
3291 5718 3541 5787 ἔγκειται
3569 5712 3812 5781 λείψανα.

2256 5814 2367 5880 Τὰς
2391 5815 2445 5869 δδ
2478 5813 2744 5886 βαθμίδας
2776 5813 2870 5868 τοῦ
2904 5812 3174 5885 σπηλαίου
3210 5808 3617 5883 κατερχόμενος
3655 5802 3806 5876 εὑρή-
