4060 6290
310 326 413 393 949

1332 328 1788 391 DESCRIPTIO
1826 327 2105 391 TERRIE
2144 324 2473 388 8ΑΝΟΤιΕ.

3416 319 3556 388 Δ950

307 461 420 508 σεις
450 442 690 512 πλαγίαν
717 442 859 514 ὀπὴν
879 440 1072 513 ἐτέρου
1096 440 1390 513 σπηλαίου,
1418 444 1497 505 είς
1521 444 1590 512 ἣν
1618 440 1880 496 εἰσελθὼν

1997 440 2191 507 venies,
2217 440 2271 494 in
2297 454 2458 510 quam
2487 439 2661 495 sancti
2693 434 2991 508 discipulus
3011 431 3241 491 Basilius
3268 430 3554 500 introieris,

305 538 333 589 ὁ
375 535 625 607 μαθητὴς
685 533 781 590 τοῦ
842 534 1000 604 ἀγίου
1052 536 1335 601 Βασίλειος
1363 536 1428 591 τὸ
1472 536 1665 607 μνῆμα
1713 536 1880 590 αὑτοῦ

307 629 644 697 ἀνεκαίνισε,
705 629 801 683 τοῦ
833 630 992 699 ἀγίου
1028 630 1413 695 κελεύσαντος,
1453 630 1640 694 καθὼς
1671 630 1731 684 τδ
1770 632 1882 684 Πα-

308 723 525 793 τερικὺν
548 723 813 795 παριστᾷ,
855 724 953 777 καὶ
993 722 1086 776 ἐπὶ
1123 725 1553 797 τεσσαράκοντα
1576 722 1793 796 ἡμέρας
1823 725 1883 776 ὲν

308 814 387 884 τῷ
418 814 597 886 καιρῷ
623 816 723 884 τῆς
753 813 1025 881 συνάξεως
1050 808 1262 883 ἑώρατο
1294 816 1622 888 συμψάλλων
1639 813 1883 885 τῷηάγίῳ

310 904 404 956 καὶ
430 905 545 966 τοῖς
570 903 846 973 ἀδελφοῖς.

381 1002 471 1065 ιη’.
505 995 764 1067 Ἀντικρὺ
797 997 856 1052 δὲ
919 998 1019 1068 τῆς
1049 997 1309 1066 τοιαύτης
1343 997 1513 1068 μονῆς
1558 994 1882 1063 δεξιώτερον

308 1089 439 1160 περὶ
463 1088 524 1143 τὸ
555 1089 721 1160 βάθος
761 1093 861 1161 τῆς
907 1093 1120 1162 ἐρήμου
1164 1090 1258 1145 τοῦ
1291 1090 1585 1161 Ἰορδάνου,
1637 1090 1878 1159 ὑπάρχει

308 1182 343 1250 ἡ
378 1182 515 1250 μονὴ
540 1181 636 1236 τοῦ
679 1182 837 1250 ἁγίου
866 1183 1146 1254 Εὑθυμίου
1181 1183 1275 1237 τοῦ
1326 1183 1588 1254 μεγάλου,
1621 1183 1715 1236 καὶ
1742 1179 1881 1249 αὑτὴ

310 1276 823 1350 περιτετειχισμένη
842 1276 948 1330 ὑπό
965 1294 1022 1329 τε
1042 1276 1290 1347 πύργων,
1315 1282 1411 1329 καὶ
1432 1274 1686 1345 μεγάλων
1713 1274 1883 1329 ὲπόιλ⁴

307 1362 464 1428 ξεων.
503 1364 686 1418 Μέσον
701 1366 758 1419 δὲ
787 1364 989 1435 ταύτης
1020 1364 1242 1419 ἵσταται
1269 1368 1297 1418 ὁ
1328 1364 1477 1432 ναὸς,
1512 1362 1884 1433 κυλινδρωτὴν

309 1457 404 1510 καὶ
438 1450 596 1522 οὗτος
635 1456 778 1529 ἔχων
811 1457 910 1529 τὴν
941 1458 1169 1530 ὀροφὴν,
1197 1458 1563 1512 ὑποκάτωθεν
1611 1457 1666 1509 δὲ
1686 1456 1881 1510 τούτου

306 1550 425 1603 ἐστὶ
456 1550 744 1621 σπήλαιον,
778 1552 875 1604 καὶ
910 1552 1080 1619 μέσον
1114 1552 1282 1606 αὑτοῦ
1320 1553 1491 1621 τάφος
1514 1551 1610 1605 τοῦ
1640 1548 1882 1620 μεγάλου

308 1641 609 1712 Εὐθυμίου,
656 1645 1019 1718 παρεμφερὴς
1051 1645 1130 1716 τῷ
1177 1646 1430 1717 μνήματι
1465 1644 1561 1699 τοῦ
1619 1645 1881 1716 θεοφόρου

310 1733 483 1799 Σάϐα,
518 1734 607 1788 διὰ
635 1732 831 1787 λευκοῦ
867 1738 1164 1808 μαρμάρου
1193 1740 1286 1792 καὶ
1314 1729 1472 1801 οὗτος
1512 1738 1881 1807 σκεπόμενος,

306 1828 367 1878 ἐν
432 1821 475 1893 ᾧ
514 1827 606 1880 καὶ
665 1830 1117 1900 συναπετέθησαν
1164 1830 1243 1902 τῷ
1295 1832 1461 1900 ἀγίῳ,
1521 1830 1616 1885 καὶ
1662 1830 1731 1884 τά
1776 1829 1885 1882 τῶν

313 1917 487 1983 ἁγίων
516 1917 775 1991 Πατέρων
807 1920 1042 1990 λείψανα
1070 1922 1427 1992 Πασαρίωνος
1478 1923 1575 1977 καὶ
1630 1922 1889 1991 Δομετια-

308 2023 428 2060 νου.

383 2100 469 2155 ιϐ’.
514 2102 619 2155 Καὶ
650 2102 790 2173 μετὰ
838 2102 940 2174 τὴν
996 2105 1165 2175 μονὴν
1196 2103 1423 2173 ταύτην,
1461 2102 1579 2158 ἔστι
1612 2103 1889 2174 διάστημα

307 2189 442 2246 ὡσεὶ
478 2194 670 2265 μιλίων
711 2194 798 2265 ιβ’.
835 2198 948 2251 Καὶ
974 2197 1158 2263 οὕτως
1195 2198 1512 2269 εὑρίσκεται
1537 2196 1759 2268 φάραγξ
1792 2212 1888 2266 με·

310 2285 481 2356 γάλη,
536 2287 631 2341 καὶ
690 2289 854 2360 μέσον
901 2290 1105 2360 ταύτης
1150 2292 1428 2362 διέρχεται
1465 2289 1790 2361 χείμαρρος,
1820 2281 1889 2358 ἦς

307 2378 444 2448 περὶ
480 2379 542 2431 τὸ
585 2380 818 2451 ἀντικρὺ
869 2382 1035 2461 μέρος
1067 2383 1217 2436 ἐστὶν
1257 2385 1289 2453 ἡ
1334 2382 1471 2454 μονὴ
1518 2381 1615 2435 τοῦ
1652 2378 1886 2443 Χοζιϐᾶ,

308 2471 547 2541 πρᾶγμα
571 2477 637 2544 τῇ
673 2473 772 2543 μὲν
798 2474 1076 2546 ἀφηγήσει
1105 2477 1179 2547 μὴ
1209 2477 1624 2547 πιστευόμενον,
1660 2476 1723 2544 τῇ
1749 2472 1888 2527 θεω-

310 2565 410 2636 ρέᾳ.
446 2565 502 2618 δὲ
533 2565 965 2638 θαυμαζόμενον.
1014 2569 1117 2623 Καὶ
1148 2570 1257 2642 γὰρ
1302 2569 1583 2643 σπηλαίων
1612 2567 1742 2622 όπαί
1782 2567 1888 2619 εἰσι

310 2656 385 2708 τὰ
417 2657 528 2710 τῶν
565 2661 813 2730 μοναχῶν
845 2662 1053 2716 κελλία.
1098 2664 1211 2717 Καὶ
1242 2662 1407 2726 αὐτὸς
1438 2664 1466 2716 ὁ
1503 2662 1652 2727 ναὸς,
1695 2660 1790 2713 καὶ
1828 2658 1890 2712 τδ

310 2752 678 2823 κοιμητήριον
703 2756 760 2808 ἐν
788 2756 864 2823 τῷ
893 2757 1135 2827 ρήγματι
1165 2756 1269 2827 τῆς
1301 2758 1508 2828 πέτρας
1532 2753 1892 2825 τεθεμελίων-

307 2858 425 2905 ται,
458 2846 515 2907 ἐς
543 2846 796 2900 τοσοῦτον
816 2848 921 2902 ὑπὸ
947 2850 1044 2919 τῆς
1072 2849 1168 2905 τοῦ
1199 2850 1347 2921 ἡλίου
1374 2849 1695 2920 φλογὼσεως
1714 2865 1889 2903 κατα⁴

311 2936 601 3005 ’διόμεναι
653 2940 729 3004 ὡς
782 2942 955 3010 πυρδς
1000 2942 1389 3013 γλωττίσματα
1438 2944 1733 3016 ἐνορᾶσθαι
1782 2942 1892 2996 ἀπὸ

308 3026 425 3079 τῶν
460 3030 677 3099 πετρῶν
729 3034 789 3085 ὲν
851 3034 982 3088 εἴδει
1031 3036 1354 3107 πυραμίδων
1425 3035 1886 3108 ἀναπεμπόμενα.

1984 534 2290 604 sepulcrum
2348 534 2642 604 proprium,
2707 533 2780 587 ita
2828 541 3021 588 sancto
3063 528 3309 601 iubente,
3343 536 3402 581 ιιι
3423 525 3560 580 Vitae

1984 625 2204 682 Patrum
2258 636 2531 691 asserunt,
2563 625 2886 696 designavit,
2916 623 2970 677 in
2996 634 3168 692 eoque
3212 628 3453 675 mortuus
3476 617 3560 685 ja-

1984 720 2116 787 cuit,
2176 727 2228 774 et
2284 728 2467 789 postea
2539 730 2633 790 per
2667 716 3023 789 quadraginta
3081 713 3367 771 continuos
3421 712 3553 775 dies,

1986 814 2220 884 Synaxis
2281 823 2548 883 tempore,
2604 827 2707 866 una
2765 827 2888 867 cum
2942 819 3131 863 sancto
3185 821 3251 861 ac
3302 804 3559 859 fratribus

1985 909 2276 963 concinens
2298 907 2605 961 videbatur.

2058 1001 2145 1056 l8.
2193 1000 2347 1054 Dicto
2394 980 2719 1053 monasterio
2789 997 3097 1057 adversum,
3161 989 3438 1047 deuerius
3504 988 3559 1041 in

1985 1092 2311 1164 profundum
2372 1089 2540 1145 eremi
2570 1087 2840 1152 Jordanis,
2876 1086 3046 1142 sancti
3075 1084 3347 1154 Euthymii
3380 1080 3559 1150 magni

1987 1184 2371 1241 monasterium
2424 1195 2544 1248 est;
2585 1182 2824 1237 turribus
2865 1179 3183 1249 magnisque
3234 1174 3418 1230 fulcris
3452 1188 3562 1227 ctr-

1986 1274 2360 1342 cumvallatur,
2414 1284 2469 1329 et
2516 1276 2568 1327 in
2611 1273 2787 1328 medio
2815 1271 3069 1341 templum
3121 1267 3376 1338 assurgit,
3423 1274 3564 1320 tecto

1988 1368 2041 1423 in
2070 1369 2285 1423 modum
2341 1366 2569 1439 cylindri
2593 1366 2834 1420 directo:
2865 1365 3054 1418 subtus
3099 1361 3353 1433 spelunca
3387 1368 3562 1427 patet,

1988 1462 2170 1531 ibique
2198 1464 2429 1516 medium
2469 1461 2643 1515 sancti
2701 1458 2976 1528 Euthymii
3019 1448 3559 1525 sepulcrum,deifcri

1988 1551 2141 1609 Saba:
2198 1553 2447 1621 sepulcro
2491 1552 2629 1606 haud
2666 1550 2947 1614 dissimile,
3008 1548 3239 1602 candido
3297 1560 3565 1599 marmore

1986 1662 2137 1717 atque
2167 1661 2227 1701 ac
2255 1646 2383 1701 illud
2429 1654 2715 1715 opertum;
2755 1653 2807 1697 et
2845 1658 2966 1697 cum
2999 1649 3206 1705 sancto,
3252 1648 3561 1694 sanctorum

1989 1740 2150 1796 simul
2201 1739 2420 1794 Patrum
2480 1737 2819 1794 Passarionis
2881 1745 2935 1791 et
2982 1732 3281 1791 Oorneliani
3328 1729 3566 1801 reliqu'm

1993 1834 2372 1887 reconduntur.

2062 2100 2150 2155 19.
2218 2097 2341 2153 Post
2384 2098 2484 2154 hoc
2546 2098 2955 2163 monasterium,
3016 2092 3298 2152 duodecim
3340 2089 3566 2146 millium

1990 2206 2243 2260 passuum
2294 2189 2636 2244 intervallum
2699 2189 2941 2245 excurrit
2979 2172 3261 2256 {tumque
3317 2183 3476 2240 obvia
3507 2183 3567 2238 lit

1992 2283 2180 2354 ingens
2239 2296 2465 2353 vorago,
2525 2295 2685 2351 quam
2735 2288 2947 2336 torrens
2968 2280 3195 2335 mediam
3218 2283 3387 2334 secat.
3423 2274 3567 2330 Illius

1992 2378 2045 2432 in
2103 2379 2329 2434 adversa
2376 2385 2529 2447 parte
2585 2375 2969 2433 monasterium
2997 2374 3566 2446 Chozibatjacetzres

1990 2469 2260 2537 equidem,
2321 2483 2439 2538 qua:
2471 2469 2595 2523 dum
2626 2476 2904 2530 narratur,
2942 2482 3050 2523 non
3094 2468 3354 2532 creditur,
3377 2476 3432 2524 et
3447 2482 3571 2538 spe-

1990 2559 2263 2615 Cuiatione
2309 2560 2470 2614 etiam
2522 2559 2713 2630 ipsaiu
2758 2559 3118 2616 admiratione
3167 2569 3251 2616 est
3285 2577 3299 2627 ;
3334 2575 3571 2629 namque

1992 2652 2369 2721 speluncarum
2404 2654 2516 2722 ipsa
2547 2653 2811 2709 foramina
2835 2657 3225 2711 monachorum
3255 2665 3376 2709 sunt
3397 2651 3567 2709 cellae.

1991 2740 2059 2796 Et
2093 2744 2348 2814 templum
2402 2746 2575 2814 ipsum
2606 2754 2660 2801 et
2722 2747 3092 2803 ccemeterium
3143 2745 3198 2801 in
3238 2741 3405 2816 petrae
3434 2744 3572 2801 scis—

1992 2850 2120 2891 sura
2175 2847 2525 2903 excavantur,
2604 2840 2739 2894 adeo
2798 2840 2928 2895 solis
2981 2839 3161 2897 calore
3213 2840 3443 2903 deusta,
3510 2844 3573 2893 ut

1993 2941 2058 2980 ex
2084 2927 2231 2982 saxis
2256 2927 2380 2993 illis,
2408 2930 2476 2983 ad
2503 2932 2718 2985 modum
2748 2931 3109 3003 pyramidum,
3156 2931 3292 3000 ignis
3322 2929 3572 3001 Iinguulae

1991 3018 2210 3075 exsilire
2234 3020 2671 3091 conspiciantur,
2707 3038 2952 3095 aquaque
3003 3026 3392 3080 monachorum
3423 3023 3572 3095 potui

313 3121 387 3173 Τὸ
408 3121 466 3175 δέ
494 3139 557 3190 γε
584 3126 738 3196 παρὰ
766 3126 876 3179 τῶν
912 3128 1167 3199 μοναχῶν
1204 3130 1496 3199 πινόμενον
1528 3129 1672 3202 ὕδωρ
1713 3128 1892 3185 τοιοῦ-

1997 3121 2251 3182 congesta
2311 3114 2432 3168 talis
2481 3116 2573 3178 sit,
2607 3116 2819 3185 qualem
2872 3130 2904 3172 e
2952 3127 3143 3189 stagno
3182 3119 3418 3186 hauries,
3446 3132 3573 3174 cum

317 3212 407 3265 τόν
438 3215 611 3278 ἔστιν,
644 3212 759 3271 οἷον
794 3219 905 3273 ἀπὸ
937 3219 1138 3291 λίμνης
1160 3221 1410 3293 ἑστώσης
1448 3222 1611 3277 ὁπότε
1654 3222 1808 3294 ἥλιος
1834 3225 1891 3276 ἐν

313 3309 633 3381 μεσαιτάτῳ
665 3310 817 3383 θέρει
863 3315 984 3378 ταῖς
1022 3314 1243 3385 λίμναις
1276 3317 1560 3388 ἐπιφοιτᾷ,
1592 3318 1684 3370 καὶ
1712 3316 1893 3387 βολαῖς

310 3399 587 3470 ἐμπύροις
636 3404 1027 3475 ύποθερμαίνει
1070 3408 1280 3481 ταύτην
1328 3408 1404 3479 τῷ
1460 3409 1762 3481 βράσματι.
1802 3410 1892 3463 Ἐν

310 3490 493 3562 ταύτῃ
528 3496 592 3564 τῇ
637 3499 772 3566 μονῇ
812 3496 1105 3567 διαφόρους
1136 3499 1238 3570 μὲν
1265 3502 1479 3571 εἴδομεν
1523 3500 1894 3571 ήγιασμένους

312 3586 546 3656 ἄνδρας,
602 3589 697 3643 ἕνα
726 3592 783 3645 δὲ
820 3593 1031 3646 τούτων
1063 3593 1431 3663 σημειοφόρον
1453 3592 1765 3662 ἄνθρωπον,
1797 3593 1894 3646 καὶ

308 3679 542 3748 ἀμέσως
580 3684 1017 3755 προσομιλοῦντα
1039 3684 1176 3755 Θεῷ,
1211 3686 1426 3748 Λουκᾶς
1459 3686 1607 3737 ἐστιν
1634 3686 1667 3755 ἡ
1701 3682 1895 3753 κλῆσις

307 3772 393 3844 τῷ
427 3773 663 3845 γέροντι.
708 3777 797 3830 Ἐν
888 3780 1021 3850 μονῇ
1049 3778 1410 3842 ἐπικινδύνως
1438 3776 1763 3848 ἀνήλθομεν,
1806 3776 1895 3830 διά

310 3880 376 3917 τε
410 3863 471 3917 τὸ
500 3867 831 3937 κρημνῶδες
856 3867 949 3921 τοῦ
972 3867 1158 3934 τόπου,
1185 3868 1278 3921 καὶ
1313 3866 1409 3940 τὴν
1441 3866 1893 3938 ὑπερϐάλλουσαν

310 3958 416 4013 τοῦ
444 3957 592 4029 ἡλίου
617 3962 813 4031 φοράν.

394 4061 464 4109 κ’.
487 4053 643 4108 Μετά
670 4056 843 4109 ταῦτα
882 4055 1121 4127 ὑπάρχει
1165 4057 1603 4127 στενοεπιμήκης
1643 4055 1738 4110 καὶ
1764 4072 1895 4124 "rch-

317 4148 531 4220 χυτάτη
561 4148 678 4211 ὁδὸς
728 4149 865 4219 πρὸς
894 4150 953 4203 τὸ
988 4150 1222 4204 κατόπιν
1264 4149 1502 4203 ἀπιοῦσα
1531 4150 1631 4220 τῆς
1658 4149 1892 4220 ἐρήμου,

318 4238 521 4310 μέχρις
542 4234 611 4311 ἧς
651 4241 708 4291 ἐν
738 4240 818 4310 τῷ
859 4240 1061 4311 μεταξὺ
1100 4241 1266 4312 ραχία
1298 4240 1641 4310 καθορῶνται
1666 4240 1779 4308 δύο,
1820 4237 1896 4297 ὧν

319 4327 494 4399 μέσον
536 4330 570 4399 ὴ
606 4327 725 4391 ὁδὸς
762 4330 1000 4382 ἀπιοῦσα
1043 4329 1322 4402 μέχριτῆς
1374 4329 1586 4401 Ἱεριχῶ
1627 4334 1893 4401 καταντᾷ*

313 4422 418 4474 ἰπὶ
451 4421 507 4476 δὲ
555 4421 728 4494 ταύτῃ
774 4423 895 4477 οὐδὲ
930 4423 1077 4486 λίθος
1112 4423 1362 4494 θεμελίου
1397 4423 1737 4495 εὑρίσκεται,
1777 4425 1895 4478 ἀλλ’

1998 3205 2100 3271 sol,
2125 3216 2316 3263 testate
2337 3207 2507 3262 media
2533 3208 2758 3264 lacubus
2777 3209 3057 3277 insistens,
3088 3226 3181 3267 eas
3198 3211 3381 3283 ignitis
3409 3210 3578 3266 radiis

1999 3308 2244 3368 astuque
2292 3299 2693 3356 ferventissimo
2735 3304 2992 3358 incendit.
3022 3302 3075 3357 ln
3110 3304 3212 3360 hoc
3244 3302 3576 3359 monasterio

2000 3389 2241 3447 diversos
2261 3395 2544 3448 sanctitate
2565 3397 2882 3464 conspicuos
2908 3397 3054 3451 visos
3082 3397 3402 3463 invisimus;
3435 3397 3576 3453 inter

1999 3496 2093 3539 eos
2116 3499 2281 3539 unum
2306 3485 2651 3556 signiferum,
2677 3502 2858 3543 coram
2880 3503 3000 3543 cum
3030 3490 3135 3545 Deo
3155 3488 3573 3559 colloquentem,

2002 3576 2085 3630 cui
2149 3574 2309 3632 Lucae
2346 3579 2463 3633 seni
2512 3594 2706 3635 nomen
2757 3590 2859 3636 est.
2905 3579 3009 3636 Sed
3043 3582 3183 3636 enim
3217 3582 3271 3637 in
3303 3592 3576 3636 monaste-

2002 3666 2163 3737 rium,
2194 3686 2297 3727 non
2322 3672 2441 3727 sine
2472 3672 2806 3740 discrimine,
2848 3681 2957 3728 tum
2995 3675 3064 3731 ob
3101 3683 3367 3744 prserupta
3426 3676 3575 3743 rupis

2002 3764 2142 3830 loca,
2205 3772 2315 3818 tum
2378 3767 2448 3820 ob
2482 3766 3019 3824 rebemcntissimum
3072 3766 3201 3823 solis
3226 3766 3498 3831 ardorem,
3521 3774 3577 3819 et

2004 3856 2385 3919 descendimus
2408 3868 2460 3913 et
2477 3859 2842 3915 ascendimus.

2071 4041 2161 4095 ἓν.
2187 4041 2449 4110 Deinceps
2491 4042 2835 4109 subsequitur
2893 4052 3138 4113 angusta,
3194 4050 3475 4113 protenso,
3518 4050 3574 4099 et

2003 4136 2297 4206 asperrima
2368 4134 2474 4200 vin,
2529 4134 2594 4188 ad
2644 4135 2813 4189 eremi
2859 4144 3008 4203 terga
3058 4135 3385 4190 conducens.
3411 4133 3576 4189 Ante-

2002 4243 2162 4301 quam
2212 4228 2279 4282 ad
2326 4228 2495 4297 ipsam
2555 4229 2887 4296 perveneris,
2948 4227 3001 4283 in
3028 4229 3142 4296 ejus
3198 4227 3374 4284 medio
3414 4229 3577 4283 dorsa

2004 4322 2269 4379 montium
2320 4321 2427 4375 duo
2473 4321 2900 4390 conspiciuntur,
2954 4335 3052 4392 per
3101 4336 3221 4390 quae
3272 4320 3359 4375 via
3401 4322 3576 4376 media
3651 4384 3657 4390 _

2003 4412 2286 4482 adaperta,
2344 4409 2411 4465 ad
2443 4409 2868 4465 urbemJericho
2894 4409 2996 4466 iter
3034 4420 3118 4465 est
3150 4410 3244 4465 :in
3295 4423 3356 4465 ea
3392 4410 3577 4465 nullus

310 4512 521 4584 ὅμωςὴ
552 4514 702 4566 πᾶσα
724 4512 927 4584 ταύτης
951 4512 1227 4585 διαγραφὴ
1253 4514 1512 4584 ἀμυδρῶς
1540 4532 1653 4578 πως
1698 4518 1892 4586 ἐμφαί-

2006 4504 2472 4561 fundamentorum
2506 4502 2639 4571 lapis
2670 4503 3040 4573 conspicitur;
3067 4503 3316 4557 universa
3375 4502 3575 4559 nihilo-

311 4620 504 4660 νεταιο
532 4605 627 4662 νῦν
655 4603 750 4660 οὖν
780 4607 1009 4677 ἐπείπερ
1023 4607 1168 4660 ἐστὶν
1197 4610 1230 4676 ἡ
1252 4609 1400 4663 πᾶσα
1421 4609 1728 4681 περίχωρος
1759 4610 1898 4664 κάθ-

315 4712 510 4766 υγρος,
569 4698 650 4761 είς
730 4696 1003 4767 κήπευσιν
1078 4695 1505 4767 χρηματίζουσα
1553 4698 1661 4752 τῶν
1713 4699 1772 4751 ἐν
1828 4700 1895 4771 τῇ

316 4789 519 4860 ἐρήμῳ
566 4789 875 4859 ἱδρυμένων
908 4786 1107 4860 μονῶν.
1163 4790 1539 4859 Διατμηθεῖσα
1580 4790 1686 4859 γὰρ
1732 4792 1766 4863 ἡ
1800 4791 1898 4860 γῆ,

317 4878 422 4931 καὶ
460 4876 873 4949 διαμερισθεῖσα
900 4880 1019 4940 ταῖς
1046 4875 1230 4945 ἁγίαις
1257 4878 1495 4941 ἐκείναις
1522 4880 1733 4949 μοναῖς,
1763 4896 1901 4931 κατ-

314 4968 624 5040 εδενδρώθη
664 4971 697 5040 ἡ
746 4969 917 5037 πᾶσα,
957 4969 1051 5023 καὶ
1082 4968 1407 5039 ὑπάμπελος
1440 4970 1655 5038 γέγονε,
1694 4970 1776 5023 διὸ
1804 4973 1899 5023 καὶ

318 5064 576 5135 πύργους
598 5066 693 5118 ἐπὶ
721 5063 793 5118 τὰ
828 5063 938 5117 τῶν
968 5062 1221 5132 μοναχῶν
1263 5062 1402 5132 λάχη
1439 5063 1487 5115 oi
1529 5061 1759 5134 μοναχοὶ
1790 5062 1900 5133 πή-

321 5159 522 5226 ξαντες
560 5157 885 5228 πολυφόρως
925 5157 1051 5220 τοὺς
1088 5156 1336 5225 καρποὺς
1387 5156 1613 5209 ἐκείνων
1653 5154 1901 5226 πορίζον-

316 5270 440 5308 ται.
477 5251 633 5321 Ἔχει
677 5248 813 5318 γοῦν
866 5250 1148 5321 σχήματος
1193 5251 1226 5318 ἡ
1283 5250 1434 5302 πᾶσα
1466 5248 1694 5319 ἔρημος,
1750 5250 1845 5302 καὶ
1879 5250 1907 5302 ὁ

317 5348 605 5420 Ἰορδάνης
626 5345 745 5417 ἅμα
773 5346 839 5417 τῇ
864 5344 1054 5416 Νεκρᾷ
1075 5343 1183 5396 τῶν
1211 5343 1465 5413 Σοδόμων
1489 5342 1732 5415 θαλάσσῃ
1761 5342 1906 5396 κατά

319 5445 424 5498 τὸν
455 5443 728 5514 ἡμέτερον
762 5438 1068 5509 στοχασμὸν
1095 5436 1195 5508 τῆς
1241 5435 1338 5490 τοῦ
1370 5436 1643 5508 θεάματος
1702 5437 1907 5500 θέσεως

320 5534 603 5609 Ἀχρίδος,
651 5536 709 5590 ὲν
749 5534 929 5606 τούτῳ
954 5533 1054 5605 τὴν
1092 5529 1397 5603 ἐναλλαγὴν
1448 5531 1616 5602 μόνην
1648 5530 1909 5599 φαινομέ.

321 5648 455 5703 νην,
475 5632 534 5686 ἒν
558 5629 633 5701 τῷ
666 5629 777 5686 ἀπὸ
813 5629 914 5699 μὲν
949 5629 1050 5699 τῆς
1082 5626 1283 5698 λίμνης
1304 5626 1552 5696 ’Δχρίδος
1589 5623 1907 5696 ἐξὲρχεσθαι

326 5727 483 5797 ὕδωρ
525 5727 606 5789 είς
633 5724 929 5795 διαφόρους
963 5722 1064 5795 τῆς
1104 5722 1206 5792 γῆς
1244 5718 1774 5791 περιλιμναζόμενον
1808 5717 1911 5788 φάο

328 5839 575 5899 ραγγας,
604 5819 673 5886 ἃς
702 5818 978 5891 στρούγας
1017 5819 1066 5874 oi
1109 5816 1208 5889 τῆς
1246 5816 1429 5871 ἐκεῖσε
1472 5813 1575 5886 γῆς
1623 5810 1911 5885 οἰκήτορες

2004 4600 2181 4653 minus
2230 4596 2372 4652 illius
2427 4595 2715 4651 delineatiu
2755 4596 2985 4651 obscure
3032 4588 3491 4664 deprehenditur:
3525 4607 3579 4650 at

2002 4705 2170 4759 nunc,
2205 4706 2325 4746 cum
2347 4698 2456 4743 tota
2488 4704 2549 4743 ea
2592 4690 2983 4756 circumjacens
3030 4689 3177 4758 regio
3215 4690 3373 4758 aquis
3402 4690 3577 4742 abun-

2002 4786 2113 4849 det,
2176 4782 2646 4845 monasteriorum,
2672 4797 2788 4852 quae
2844 4781 2895 4835 in
2930 4795 3113 4836 eremo
3152 4790 3298 4844 sunt,
3325 4796 3423 4850 pro
3456 4780 3579 4835 cul-

2006 4885 2123 4931 tura
2183 4877 2480 4939 hortorum,
2517 4876 2635 4929 usui
2686 4874 2939 4928 deservit.
2980 4872 3219 4943 Namque
3270 4874 3419 4943 regio
3466 4872 3577 4938 illa,

2004 4968 2057 5023 in
2092 4978 2274 5038 partes
2296 4967 2490 5032 scissa,
2522 4964 2831 5033 sanctisque
2864 4964 2971 5019 illis
2998 4963 3343 5017 monasteriis
3379 4963 3576 5030 divisa,

2007 5061 2258 5115 universa
2314 5069 2368 5114 et
2398 5058 2679 5112 arboribus
2713 5056 3065 5111 obumbratur
3085 5066 3138 5109 et
3184 5055 3350 5109 vincis
3404 5054 3579 5109 abun-

2007 5150 2119 5206 dat.
2182 5148 2522 5218 Quapmpter
2578 5157 2633 5204 et
2664 5148 2904 5203 turribus
2933 5148 2987 5202 in
3037 5146 3368 5215 singulorum
3397 5160 3583 5199 mona-

2009 5244 2301 5300 steriorum
2337 5243 2530 5309 hortis,
2595 5259 2624 5298 a
2650 5242 2928 5299 monachis
2972 5239 3336 5304 exaedificatis,
3375 5238 3583 5292 fructus

2008 5339 2185 5395 omnis
2215 5337 2427 5409 generis
2451 5336 2658 5391 abunde
2704 5334 3134 5403 suppeditantur.
3169 5331 3445 5387 Universae
3486 5332 3585 5385 ita-

2010 5448 2113 5505 que
2140 5447 2347 5499 eremo,
2375 5443 2427 5487 et
2453 5428 2694 5495 Jordani,
2729 5442 2944 5499 unaque
2979 5436 3189 5482 mortuo
3224 5424 3580 5480 Sodomorum

2012 5527 2173 5592 mari,
2240 5534 2424 5583 nostra
2490 5525 2819 5595 conjectura,
2885 5538 2992 5577 non
3048 5522 3150 5577 alia
3198 5520 3364 5593 figura
3398 5520 3581 5584 fuerit,

2014 5633 2180 5690 quam
2235 5633 2357 5688 quae
2398 5616 2651 5673 A'chridis
2701 5614 2841 5670 situs
2875 5628 2996 5670 esse
3041 5613 3364 5670 videturzat
3418 5613 3470 5666 in
3522 5628 3586 5667 eo

2011 5710 2351 5770 solummodo
2400 5708 2674 5774 differunt,
2708 5707 2851 5779 quod
2897 5721 2928 5761 e
2949 5707 3143 5778 palude
3172 5706 3422 5762 Acbridis
3449 5721 3585 5776 aqua

2014 5817 2285 5876 mergens,
2354 5801 2407 5861 in
2449 5802 2677 5859 diversis
2728 5808 2887 5857 terra:
2945 5799 3279 5857 convallibus
3344 5805 3583 5869 stagnat,
