4060 6290
616 292 715 357 951

611 422 750 477 quas
801 409 1028 479 Strugas
1082 409 1225 467 illius
1275 418 1429 468 terra:
1459 415 1652 471 accola:
1670 429 1898 483 vocant;
1935 418 2024 475 hic
2054 436 2181 477 vero
2211 427 2254 484 Α

612 503 874 561 Jordanes
908 505 1153 575 paludem
1175 509 1445 564 secernit:
1477 513 1646 567 eremi
1698 530 1909 585 quoque
1935 513 2176 581 latitudo,

610 596 895 651 Achridica
947 597 1166 668 planitie
1204 599 1502 659 innumeris
1543 606 1714 661 modis
1754 610 1985 679 amplior
2005 622 2105 666 est.

679 765 778 823 21.
809 769 851 820 Δ
876 769 1094 824 dextera
1130 781 1281 839 parte
1307 772 1447 826 dorsi
1474 773 1720 844 duplicis,
1752 778 1892 846 quod
1918 779 2173 844 diximus,

605 860 779 913 maris
806 858 1000 914 Mortui
1030 861 1247 932 obliqua
1287 863 1551 929 videntur,
1573 877 1631 921 et
1659 877 1807 923 trans
1827 869 1954 925 illud
1986 871 2176 941 Segor.

614 951 799 1021 Ibique
820 954 957 1007 ultra
992 953 1132 1009 hanc
1160 971 1420 1020 eremum,
1448 967 1501 1011 et
1530 960 1635 1013 duo
1666 963 1991 1016 monasteria
2039 964 2180 1020 San-

609 1043 682 1098 eti
718 1043 988 1115 Euthymii
1032 1047 1301 1117 iam-aeque
1355 1064 1593 1114 emensa,
1643 1062 1829 1122 magna
1856 1055 2022 1110 [iubae
2062 1073 2184 1112 ere-

613 1152 731 1192 mus
774 1137 1027 1209 objicitur
1054 1154 1070 1207 ;
1096 1150 1151 1195 et
1208 1142 1361 1198 collis
1410 1160 1439 1198 e
1465 1146 1679 1199 sinislra
1712 1148 1855 1201 dorsi
1894 1162 1956 1203 ac
1975 1151 2099 1211 vim,
2125 1151 2177 1204 in

614 1242 723 1292 quo
752 1237 872 1297 post
900 1231 1112 1286 dierum
1136 1233 1486 1302 quadraginta
1524 1233 1807 1306 fejuninm,
1841 1239 2177 1297 Salvatorem

610 1320 815 1376 duabus
873 1326 1265 1379 tentationihns
1311 1336 1545 1382 tentatur
1599 1343 1881 1397 aggressus
1912 1342 2023 1394 est;
2055 1333 2181 1387 licet

609 1413 855 1467 devictos
900 1416 1205 1484 roboreque
1239 1418 1472 1474 sull‘usus
1520 1423 1824 1479 recesserit.
1889 1424 2051 1478 Collis
2080 1427 2180 1478 hu-

605 1502 757 1570 jnsee
807 1506 857 1558 in
882 1516 1031 1575 parte
1084 1508 1330 1576 adversa,
1399 1522 1457 1566 ut
1511 1511 1626 1582 ipse
1682 1515 1948 1582 existimo,
1999 1518 2065 1569 ad
2088 1533 2179 1572 scx

612 1609 861 1662 passuum
897 1598 1057 1652 millia
1082 1600 1216 1655 alter
1271 1613 1516 1672 apparet,
1555 1606 1682 1659 etin
1714 1607 1849 1662 colle
1898 1609 2178 1678 templum,

612 1690 663 1741 in
691 1704 797 1759 quo
819 1690 1133 1747 ’militiarum
1171 1695 1272 1750 dux
1307 1695 1530 1752 Michael
1554 1712 1674 1752 cum
1718 1698 1842 1755 Jcsu
1878 1699 2023 1757 Nave
2045 1718 2176 1759 00n-

612 1781 880 1841 iabulatus
900 1798 1003 1844 οι.
2216 1772 2258 1828 Β

679 1986 769 2041 22.
794 1987 873 2042 Ad
936 1988 1227 2045 Jordanem
1264 1992 1363 2045 tria
1417 1994 1745 2048 monasteria
1796 2005 1996 2051 structa
2032 2007 2178 2063 sunt,

610 2074 917 2135 Praecursor
969 2096 1181 2150 nempe,
1214 2092 1269 2136 et
1319 2082 1745 2154 Cbrysostomus
1781 2102 1886 2144 :ac
1935 2087 2179 2144 Praecur-

608 2170 748 2225 soris
800 2172 1012 2239 quidem
1072 2176 1477 2239 monasterium,
1524 2186 1683 2232 terra:
1737 2188 1883 2232 motu
1943 2174 2181 2235 afunda-

610 2262 808 2317 mentis
854 2263 970 2319 solo
1010 2274 1303 2334 aequatum,
1346 2284 1538 2324 nunea
1581 2270 1854 2337 muniﬁca,
1888 2255 2051 2328 aDen
2089 2288 2179 2329 co-

612 2357 782 2409 renati
816 2355 1157 2425 imperatoris
1185 2361 1351 2415 nostri
1402 2359 1923 2433 i’orpltyrogenneta:
1956 2366 2177 2425 Manue'

617 2448 680 2505 iis
724 2446 1008 2513 ‘Comneni,
1059 2449 1402 2516 liberalitate,
1446 2458 1513 2508 de
1578 2470 1738 2521 novo,
1777 2457 1918 2513 illius
1970 2470 2180 2516 rectore

611 2538 1004 2595 restitutionem
1029 2552 1375 2609 procurante,
1408 2545 1796 2601 exaediﬁcatum
1831 2560 1931 2604 est.
1960 2551 2039 2603 Ab
2076 2553 2179 2608 hoc

605 2642 713 2683 non
762 2626 918 2697 lenge
974 2629 1198 2685 duarum
1251 2633 1563 2703 sagittarum
1603 2635 1777 2706 iactu,
1820 2638 1961 2694 inter
1986 2639 2177 2699 ﬂuvios

606 2715 976 2771 sanctissimus
1023 2716 1490 2799 ﬂuit‘Jordanes;
1550 2726 1601 2779 in
1650 2741 1757 2796 quo
1804 2728 1995 2799 ingens
2044 2747 2179 2787 meze

610 2809 976 2865 renovationis
1028 2825 1309 2880 arcanum,
1352 2814 1509 2871 Jesus
1568 2832 1740 2885 meus,
1808 2834 2172 2891 paupertatem

606 2899 903 2970 amplexus,
936 2903 1255 2973 baptismate
1280 2906 1527 2977 perfecit.
1552 2908 1615 2963 Et
1672 2912 1816 2967 circa
1857 2928 2007 2969 oram
2064 2931 2173 2971 non

506 3036 511 3039 _
608 2997 763 3064 longe
789 2993 984 3066 lapidis
998 2996 1167 3067 jactu,
1197 2998 1482 3055 aedilicium
1512 3012 1618 3067 est,
1645 3015 1876 3073 quatuor
1914 3006 2173 3063 lateribus

606 3096 884 3154 constans,
904 3100 958 3145 et
984 3090 1131 3146 tholo
1162 3103 1452 3160 assurgens
1477 3112 1492 3161 ;
1531 3095 1583 3150 in
1611 3112 1737 3164 quo,
1772 3108 2057 3167 antequam
2086 3116 2175 3154 re-
2202 3125 2245 3181 ο

608 3189 691 3233 tro
742 3178 1037 3246 incederet,
1097 3181 1473 3240 circumﬂuens
1526 3184 1779 3242 Jordanis
1822 3190 2020 3245 nudum
2051 3206 2172 3245 eum

605 3272 843 3341 cxbepit,
905 3276 996 3344 qui
1057 3276 1230 3345 operit
1280 3277 1473 3332 ccelum
1526 3280 1797 3347 nubibus;
1854 3290 2175 3351 tumensque

606 3360 963 3419 Prme'ursoris
1015 3363 1234 3418 dextera
1304 3367 1557 3421 verticem
1603 3369 1794 3436 capitis
1831 3368 1945 3437 ejus
1979 3368 2168 3438 tetigit,

605 3465 659 3507 el
687 3457 940 3525 Spiritus.
964 3456 1223 3512 columine
1252 3456 1446 3523 forma,
1484 3461 1721 3527 compari
1758 3459 1935 3515 Verbo
1979 3475 2171 3528 super-

608 3548 771 3609 venit.
794 3563 857 3603 ac
878 3546 1053 3602 Patris
1075 3565 1173 3604 vox
1202 3550 1633 3620 Redemptor-em,
1662 3554 1934 3622 proprium
1978 3550 2170 3607 Filium

604 3646 721 3695 r’sse
743 3639 987 3697 confessa
1016 3648 1118 3698 est.

672 3818 765 3877 25.
796 3819 940 3876 lnter
969 3818 1326 3879 Praecursoris
1375 3826 1757 3879 monasterium
1788 3835 1842 3881 et
1882 3824 2167 3882 Iordanem

601 3924 765 3978 quam
824 3910 1057 3965 maxime
1110 3912 1336 3982 exiguus
1392 3911 1689 3969 Ermonii‘m
1747 3918 2081 3985 monsjacet,
2116 3919 2169 3972 in

600 4016 707 4072 quo
775 4000 1108 4059 Salvatorem
1167 4014 1399 4061 stantem
1443 4005 1679 4062 Joannes
1727 4009 1897 4080 digito
1958 4013 2169 4080 populis

600 4104 1052 4161 commonstrans,
1097 4111 1219 4152 eum
1276 4112 1395 4154 esse
1440 4100 1804 4167 inclamabat,
1835 4104 1923 4173 qui
1968 4104 2168 4158 tafleret

601 4197 871 4253 peccatum
926 4189 1128 4244 mundi.
1155 4190 1302 4245 inter
1336 4194 1664 4247 monasteria
1724 4194 2081 4257 Praecursoris
2117 4206 2171 4250 et

601 4280 962 4335 CalamOnisa
1010 4279 1263 4337 Jordanis
1297 4284 1450 4350 aqttis
1499 4298 1529 4339 a
1581 4283 1948 4342 fundamentis
1996 4289 2168 4342 sancti

602 4370 865 4426 Gerasimi
915 4374 1299 4430 monasterium
1330 4375 1614 4444 disiectum
1672 4388 1790 4443 est;
1843 4380 1994 4449 cujus
2035 4380 2169 4435 nihil

596 4472 849 4531 nsquam,
917 4462 1023 4516 nisi
1082 4477 1262 4532 parvae
1296 4465 1473 4534 templi
1528 4467 1782 4537 reliquim,
1815 4480 2073 4539 apparet;
2113 4480 2166 4526 et
2194 4474 2247 4533 D

598 4554 867 4621 Spelunca:
892 4554 1030 4620 duas,
1065 4565 1118 4608 et
1153 4556 1400 4611 columna
1448 4559 1789 4624 enclesteria,
1821 4563 1872 4616 in
1912 4578 2017 4633 qua
2052 4580 2167 4617 ma-

600 4656 733 4712 gnus
756 4656 920 4699 senex
956 4644 1165 4707 Iberus.
1194 4650 1467 4717 gratiosus
1500 4649 1654 4704 valde
1687 4650 2163 4720 adm‘irandusque,

597 4732 923 4801 includitur;
991 4736 1206 4805 quicum
1272 4739 1491 4803 versati,
1546 4741 1838 4794 maximum
1912 4756 1975 4796 ex
2028 4743 2167 4796 illius

601 4825 991 4881 consuetudine
1019 4828 1225 4882 lucrum
1257 4830 1395 4884 nacti
1428 4841 1613 4888 sumus
1653 4849 1667 4885 :
1701 4847 1932 4901 namque
1990 4835 2169 4888 divina

601 4912 846 4985 quaedam
912 4919 1083 4987 gratia
1144 4921 1255 4972 seni
1313 4920 1512 4975 inerat.
1546 4921 1743 4976 Verum
1800 4928 2190 4987 necessarium.

597 5010 871 5073 dncitnus,
924 5012 1064 5080 quod
1109 5019 1234 5066 ante
1295 5027 1495 5080 paucos
1528 5015 1661 5077 dies,
1712 5030 1869 5084 quam
1896 5018 1961 5071 ad
1992 5017 2165 5086 ipsum

597 5100 955 5168 venissemus,
988 5112 1262 5173 patratum
1299 5106 1363 5159 ah
1410 5121 1474 5161 eo
1504 5118 1584 5160 est
1619 5108 1957 5175 miraculum,
2009 5121 2068 5166 ut
2101 5115 2166 5169 ad

602 5190 927 5248 hilaritatem
979 5195 1315 5265 impellamus
1360 5199 1679 5263 Orationem,
1736 5200 1802 5257 iis
1846 5206 1937 5274 qui
1974 5206 2167 5262 divinis

601 5286 757 5340 avide
809 5283 1165 5352 delectantur,
1198 5301 1642 5346 commemorare.
1665 5294 1731 5348 in
1766 5297 1923 5349 tortis
1957 5310 2021 5352 ac
2052 5308 2167 5351 tur-

600 5380 772 5435 hincis
804 5377 1056 5437 Jo’rdanis
1109 5380 1399 5438 Vorticibus
1431 5395 1489 5438 ul.
1536 5387 1649 5439 ﬁeri
1680 5396 1848 5453 amat,
1896 5392 2165 5445 nonnullae

602 5480 758 5528 terra:
788 5482 987 5543 partes,
1037 5477 1299 5547 contiguae
1337 5476 1517 5541 ﬂuvio,
1552 5492 1924 5546 secernuntur,
1959 5484 2009 5538 in
2048 5483 2166 5553 qui—

600 5562 698 5617 bus
749 5572 937 5635 magna
988 5567 1311 5621 arundinum
1342 5568 1423 5622 vis
1460 5570 1773 5638 innascitur,
1826 5591 2025 5644 easque
2055 5578 2166 5633 leo-

602 5665 725 5704 num
747 5652 958 5710 divers'a
998 5669 1192 5725 genera
1232 5654 1537 5714 inhabitare
1587 5663 1781 5717 solent.
1817 5664 1893 5720 Ex
1923 5667 2006 5724 his
2033 5668 2157 5734 duo,

599 5742 824 5817 singulis
875 5746 1303 5807 hebdomadibus
1350 5752 1414 5807 ad
1481 5756 1625 5812 senis
1661 5755 1895 5815 claustra
1943 5761 2163 5817 venien-

1903 308 2221 370 JOANNlS
2261 312 2521 375 PHOCZE

3710 318 3792 384 95?

2283 425 2661 493 ὀνομάζουσιν,
2714 425 2946 482 ἐνταῦθα
3010 428 3103 483 καὶ
3156 429 3186 480 ὁ
3225 427 3494 500 Ἰορδάνης
3520 428 3793 502 ἐπ;χωρίζει

2282 515 2381 587 τὴν
2415 517 2611 589 λίμνην
2632 536 2645 549 ⁸
2677 520 2793 574 ἔστι
2826 520 2883 574 δὲ
2920 521 3014 575 καὶ
3044 521 3106 575 τὸ
3142 522 3240 592 τῆς
3297 524 3507 593 ἐρήμου
3537 522 3711 589 πλάτος
3733 528 3796 591 εις

2280 608 2709 678 ἀπειροπλάσιον
2758 610 3115 685 εύρυνόμενον
3161 613 3262 685 τῆς
3297 613 3599 685 ’Δχριδικῆς
3642 618 3795 672 πεδιά-

2281 701 2385 764 δος.

2349 794 2457 849 ’κα’.
2489 797 2647 867 Aegii;
2690 798 2788 868 μὲν
2817 788 2931 864 οῦν,
2960 792 3132 870 οὗπερ
3183 799 3339 871 ἔφην,
3390 802 3575 872 ῥακίου
3622 801 3798 867 διπλοῦ,

2282 887 2400 941 ἔστι
2435 888 2494 940 τὸ
2527 892 2626 957 τῆς
2658 889 2871 960 Νεκρᾶς
2901 889 3179 961 Θαλάσσης
3220 891 3475 959 πλάγιον,
3518 894 3606 945 καὶ
3631 893 3801 964 ταύτης

2282 981 2521 1052 πέραθεν
2549 983 2582 1053 ἠ
2608 981 2829 1052 Σηγὼρ,
2861 981 2991 1036 ἔνθα
3011 983 3066 1036 δὲ
3102 983 3239 1052 μετὰ
3260 983 3359 1053 τὴν
3390 983 3593 1054 ἔρημον
3612 985 3801 1056 ταύτην,

2283 1076 2317 1143 ή
2352 1073 2562 1144 μεγάλη
2592 1073 2794 1144 ἔρημος
2826 1075 2922 1129 τοῦ
2962 1074 3159 1129 Ῥουῦἄ
3200 1075 3339 1145 μετὰ
3396 1076 3495 1145 τὴν
3539 1076 3694 1129 δίοδον
3720 1075 3806 1129 τῶν

2282 1166 2376 1219 δύο
2404 1165 2599 1233 μονῶν,
2659 1162 2753 1220 τοῦ
2790 1167 2949 1234 ἁγίου
2984 1165 3262 1236 Εὑθυμίου
3298 1167 3563 1238 δηλονότι,
3613 1170 3697 1220 καὶ
3728 1168 3809 1236 τῆς

2283 1258 2489 1327 λαύρας
2548 1260 2763 1328 ὁρᾶται.
2811 1258 2901 1325 Ἐξ
2936 1259 3217 1329 εὐωνύμου
3261 1258 3321 1312 δὲ
3366 1259 3475 1311 τῶν
3511 1259 3699 1329 ραχίων
3731 1259 3811 1311 καὶ

2282 1352 2380 1420 τῆς
2407 1350 2525 1403 ὁδοῦ
2556 1353 2581 1403 ὁ
2611 1351 2795 1421 βουνὸς
2822 1352 3038 1422 ὁρᾶται,
3066 1352 3152 1414 είς
3188 1351 3248 1405 ὃν
3277 1349 3413 1421 μετὰ
3448 1350 3547 1421 τὴν
3573 1367 3812 1417 τεσσαρα-

2284 1445 2623 1515 κονθήμερον
2649 1443 2738 1498 τοῦ
2790 1440 3046 1517 Σωτῆρος
3097 1446 3368 1516 νηστείαν,
3433 1445 3559 1507 τοὺς
3589 1444 3675 1498 δύο
3706 1462 3809 1506 πει-

2287 1543 2530 1609 ρασμοὺς
2558 1542 2585 1592 ὁ
2618 1541 2892 1610 πειράζων
2914 1541 3075 1594 τοῦτο
3103 1542 3437 1611 προσέφερε,
3468 1540 3575 1593 κᾶν
3604 1539 3815 1608 νικηθιὶς

2285 1633 2529 1703 ἀπῆλθεν
2579 1635 2991 1705 αἰσχυνόμενος.
3046 1636 3154 1689 Καὶ
3209 1635 3304 1687 τοῦ
3366 1633 3610 1686 τοιούτω
3649 1630 3813 1700 βουνοῦ

2284 1724 2535 1794 ἀντικρὺ,
2572 1724 2648 1789 ὥς
2700 1743 2789 1793 μοι
2838 1726 3007 1787 δοκεῖ,
3043 1726 3210 1794 ἔγγὺς
3262 1724 3460 1795 μιλίων
3502 1723 3578 1789 ἒξ.
3611 1723 3817 1791 ὑπάρχει

2290 1813 2494 1883 βουνὸς,
2548 1817 2642 1868 καὶ
2668 1816 2726 1868 ὲν
2769 1816 2847 1886 τῷ
2878 1816 3051 1886 βουνῷ
3082 1819 3234 1881 ναὸς
3256 1819 3341 1883 ἐφ’
3365 1809 3409 1885 ᾧ
3454 1816 3536 1888 τῷ
3571 1816 3659 1868 τοῦ
3688 1813 3817 1883 Ναυῆ

2297 1904 2472 1977 Ἰησοῦ
2492 1910 2521 1959 ὁ
2552 1908 2993 1978 ἀρχιστράτηγος
3029 1906 3416 1977 προσωμίλησε
3444 1904 3683 1977 Μιχαήλ.

2354 1996 2460 2066 κβθ.
2494 1996 2633 2069 Περὶ
2654 1998 2710 2051 δὲ
2737 1998 2830 2050 τὸν
2870 1995 3145 2067 Ἰορδάνην
3174 1998 3457 2066 πεπήγασι
3496 1997 3652 2067 μοναὶ
3672 1995 3819 2063 τρεῖς,

2282 2090 2310 2142 ὁ
2346 2088 2663 2160 Πρόδρομος
2695 2087 2957 2157 δηλονότι,
3018 2089 3113 2144 καὶ
3164 2090 3192 2142 ὁ
3248 2088 3640 2159 Χρυσόστομος
3682 2084 3824 2157 [forte

2284 2180 2433 2234 deest
2471 2180 2563 2233 καὶ
2594 2181 2627 2248 ἡ
2657 2178 2752 2233 τοῦ
2794 2176 3182 2250 Καλαμῶνος],
3217 2178 3310 2231 καὶ
3362 2178 3396 2247 ἠ
3438 2176 3539 2245 μὶν
3571 2173 3665 2227 τοῦ
3704 2173 3824 2241 Προ-

2281 2270 2481 2342 δρόμου
2519 2270 2654 2341 μονὴ
2682 2271 2746 2324 ὲκ
2773 2270 2989 2341 βάθρων
3022 2268 3123 2323 ὑπὸ
3150 2268 3374 2338 σεισμοῦ
3404 2265 3820 2337 ἀναστραφεῖσα,

2283 2363 2378 2415 νῦν
2407 2363 2513 2417 ὑπὸ
2563 2366 2663 2433 τῆς
2715 2362 3122 2425 πλουτοδότιδος
3173 2360 3353 2425 δεξιᾶς
3398 2360 3494 2415 τοῦ
3523 2354 3822 2426 θεοστεφούς

2280 2451 2439 2522 ἡμῶν
2519 2452 2922 2522 αὐτοκράτορος
2999 2449 3094 2504 τοῦ
3156 2450 3675 2521 Πορφυρογεννὴτου
3746 2441 3824 2496 καὶ

2281 2544 2569 2615 Κομνηνοῦ
2610 2544 2869 2615 Μανουὴλ
2922 2544 2986 2596 ὲκ
3020 2542 3215 2612 καινῆς
3272 2538 3691 2610 ἀνῳκοδομήθη,
3745 2533 3821 2587 τοῦ

2281 2639 2487 2708 ταύτης
2513 2635 2824 2707 καθηγητοῦ
2852 2638 2916 2706 τῇ
2962 2634 3253 2704 ἀνεγέρσει
3305 2633 3499 2686 τούτου
3529 2627 3821 2700 παρρησιά-

2283 2747 2498 2795 σαντος.
2541 2728 2756 2800 Ταύτης
2804 2728 3006 2782 ἄποθεν
3034 2726 3167 2780 ὡσεὶ
3191 2726 3361 2791 τόξων
3389 2725 3485 2779 δύο
3516 2724 3696 2795 βολῆς,
3731 2723 3754 2773 ὁ
3778 2722 3820 2770 ιν

2281 2823 2545 2893 ποταμοῖς
2587 2822 2886 2890 ἀγιώτατος
2943 2821 3164 2892 ὲπιρῤεῖ
3195 2817 3496 2889 Ἰορδάνης,
3542 2815 3627 2885 ἐφ’
3679 2806 3722 2881 ᾧ
3778 2810 3820 2862 τὸ

2283 2917 2426 2986 μέγα
2467 2916 2765 2987 μυστήριον
2824 2914 2922 2983 τῆς
2961 2913 3099 2984 ἐμῆς
3139 2912 3504 2974 ἀναπλάσεως
3556 2910 3586 2962 ὁ
3646 2904 3818 2977 Ἰησοῦς

2282 3026 2381 3079 μου
2417 3007 2738 3079 πτωχεύσεις
2788 3006 2868 3077 τῷ
2918 3005 3261 3075 βαπτίσματι
3310 3002 3721 3071 ἀπειργάσατο,
3750 2996 3820 3050 καὶ

2281 3104 2411 3173 περὶ
2434 3100 2494 3155 τδ
2526 3100 2724 3171 χεῖλος,
2762 3099 2897 3154 ὡσεὶ
2928 3100 3077 3153 λίθου
3118 3098 3277 3169 βολῆς
3310 3096 3541 3162 ἄποθεν,
3594 3094 3710 3148 ἔστι
3757 3107 3823 3144 τι·

2278 3194 2614 3265 τράπλευρον
2659 3192 2909 3259 θολωτὺν,
2961 3193 3018 3245 ἐν
3044 3183 3089 3259 ᾧ
3132 3190 3267 3262 πρὸς
3306 3189 3403 3259 τῆς
3437 3190 3522 3253 είς
3560 3188 3629 3241 τὰ
3671 3184 3823 3240 ’ὀπίσω

2277 3286 2626 3357 ἀποστροφῆς,
2669 3285 2942 3356 ὲπιρῥέων
2972 3286 2999 3337 ὁ
3035 3282 3327 3355 Ἰορδάνης,
3359 3281 3587 3351 γυμνὸν
3607 3278 3823 3345 ἐδέξατο,

2276 3376 2369 3429 τὸν
2403 3379 2460 3429 ὲν
2482 3377 2733 3444 νεφέλαις
2751 3376 2841 3429 τὸν
2870 3375 3099 3446 οὐρανὸν
3122 3372 3548 3445 περιϐάλλοντα,
3584 3372 3679 3424 καὶ
3708 3370 3825 3437 Προ·

2275 3469 2476 3539 δρόμου
2508 3469 2629 3539 χεὶρ
2668 3467 2817 3535 δεξιὰ
2848 3468 3182 3537 κλονουμένη
3222 3466 3319 3536 τῆς
3352 3465 3614 3535 κορυφῆς
3642 3462 3825 3516 ἐκείνου

2279 3560 2618 3629 προσήψατο,
2666 3564 2758 3613 καὶ
2786 3561 2845 3611 τὸ
2876 3559 3103 3630 Πνεῦμα
3146 3561 3481 3629 περιστερᾶς
3516 3562 3576 3611 ὲν
3610 3557 3734 3611 εἴδει
3763 3550 3828 3619 τῷ

2280 3656 2536 3723 συγγενεῖ
2564 3654 2708 3725 λόγῳ
2744 3654 3069 3724 ὲπεχώρισε,
3108 3652 3199 3706 καὶ
3231 3654 3265 3723 ἡ
3289 3647 3383 3705 τοῦ
3418 3650 3639 3721 Πατρὸς
3672 3645 3826 3719 φωνὴ.

2277 3747 2374 3816 τὴν
2411 3747 2636 3816 υἱύτητα
2666 3748 3042 3818 ἒπεμαρτύρει
3080 3747 3156 3817 τῷ
3190 3748 3475 3817 Αυτρωτῇ.

2348 3834 2452 3903 κγ’.
2482 3837 2663 3890 Μέσον
2708 3838 2764 3889 δὲ
2799 3838 2898 3907 τῆς
2939 3836 3034 3890 τοῦ
3076 3836 3388 3907 Προδρόμου
3426 3834 3605 3907 μονῆς
3631 3830 3724 3886 καὶ
3751 3825 3861 3909 τοί

2288 3929 2551 3999 Ἰορδάνου
2577 3930 2695 3982 ἐστὶ
2728 3931 2788 3984 τὺ
2814 3933 2955 3984 πάνυ
2985 3930 3344 4001 σμικρότατον
3377 3926 3474 3982 τοῦ
3526 3921 3830 3998 Ἐρμονίεὶμ

2276 4023 2424 4093 ὅρος,
2460 4025 2519 4077 ὲν
2562 4017 2605 4091 ᾧ
2639 4025 2731 4078 τὸν
2765 4025 2992 4094 Σωτῆρα
3038 4025 3330 4092 ἱστάμενον
3357 4024 3386 4075 ὁ
3445 4021 3708 4090 Ἰωάννης
3746 4015 3831 4070 δα-

2273 4115 2665 4170 κτυλοδεικτῶν
2696 4116 2964 4185 ἐπεφώνει
3000 4117 3113 4179 τοῖς
3139 4114 3335 4185 δχλοις,
3368 4113 3564 4167 τοῦτον
3600 4107 3832 4167 εἶναιτδν

2275 4204 2498 4274 αἴροντα
2531 4207 2631 4277 τὴν
2662 4207 2938 4277 ἁμαρτίαν
2958 4205 3052 4259 τοῦ
3085 4205 3312 4275 κόσμου.
3348 4206 3437 4258 Ἐν
3464 4202 3521 4257 δὲ
3539 4203 3621 4274 τῷ
3644 4199 3831 4273 μεταξὺ

2275 4297 2385 4353 τῶν
2414 4298 2593 4369 μονῶν
2620 4298 2719 4367 τοῦ,
2759 4298 3072 4371 Προδρ6μου
3112 4301 3205 4352 καὶ
3236 4297 3329 4353 τοῦ
3358 4297 3705 4369 Καὶςαμῶνος
3738 4289 3830 4345 ἀπὸ

2275 4391 2372 4461 τῆς
2402 4390 2497 4444 τοῦ
2523 4392 2790 4463 Ἰορδάνου
2827 4392 2955 4463 ῥοῆς
2984 4391 3219 4463 ὑπάρχει
3248 4389 3640 4460 κεχαλασμενη
3671 4389 3733 4441 ὲκ
3750 4384 3833 4455 βά·

2274 4480 2418 4553 θρων
2445 4484 2476 4553 ὴ
2505 4483 2598 4536 τοῦ
2630 4484 2788 4553 ἁγίου
2816 4484 3130 4556 Γερασίμου
3162 4482 3319 4555 μονὴ.
3354 4480 3439 4550 ὲφ⁴
3536 4480 3691 4537 οῦδὲν
3710 4481 3829 4540 ὅλως

2272 4576 2494 4644 ὁρᾶται,
2534 4570 2566 4646 ἦ
2606 4577 2778 4648 μικρά
2820 4590 2941 4631 τινα
2977 4575 3070 4630 τοῦ
3113 4573 3529 4646 ναοῦλείψανα,
3579 4575 3677 4628 καὶ
3705 4574 3829 4641 σπή-

2272 4663 2401 4719 λαια
2425 4666 2538 4730 δύο,
2566 4668 2659 4720 καί¹
2682 4666 3087 4737 ὲγκλειστήριος
3114 4664 3303 4733 στύλος
3325 4661 3440 4735 ὲνῷ
3475 4668 3655 4737 μέγας
3671 4666 3829 4736 γέρων

2276 4758 2433 4828 Ἰεηρ
2462 4758 2828 4827 ὲγκέκλειται,
2860 4761 3072 4832 χαρίεις
3118 4761 3275 4825 πάνυ,
3308 4760 3410 4814 καὶ
3432 4761 3772 4831 θαυμαστὸς.
3794 4750 3831 4824 ᾧ

2272 4851 2609 4920 ἐντυχόντες,
2648 4850 2902 4922 μεγάλως
2933 4852 2998 4905 ὲκ
3048 4854 3146 4923 τῆς
3174 4852 3338 4906 αὑτοῦ
3375 4852 3674 4917 ἐντεύξεως
3706 4853 3831 4919 ὤφε-

2272 4939 2539 5015 λήθημεν,
2562 4946 2655 4998 καὶ
2678 4947 2786 5016 γὰρ
2808 4945 2928 4998 θεία
2945 4964 3026 5009 τις
3048 4948 3479 5019 ὲπιπολεῖνχάρις
3499 4948 3585 5020 τῷ
3603 4947 3826 5017 γέροντι.

2271 5034 2409 5087 Ἀλλ’
2436 5037 2734 5103 αναγκαῖον
2757 5035 3017 5108 ᾠήθημεν
3048 5038 3108 5090 τὸ
3162 5038 3272 5109 πρό
3299 5039 3463 5093 τίνων
3492 5039 3723 5110 ἡμερῶν
3747 5052 3825 5106 γε·-

2271 5120 2423 5188 γονδς
2450 5124 2548 5190 τῆς
2578 5124 2713 5192 πρὸς
2753 5125 2961 5178 ἐκεῖνον
3011 5117 3289 5198 ἡμετέρας
3326 5127 3589 5197 ἀφίξεως,
3630 5132 3689 5182 ὲν
3730 5142 3824 5196 χα-

2272 5212 2587 5282 ριεντισμοῦ
2614 5212 2764 5285 λόγῳ
2807 5214 3005 5286 θαῦμα
3057 5216 3174 5283 τοῖς
3200 5220 3328 5291 περὶ
3358 5221 3427 5274 τὰ
3474 5221 3603 5274 θεῖα
3643 5221 3826 5289 λίχνως

2268 5305 2611 5373 ἐντρυφῶσιν
2646 5304 3035 5376 ἐξηγήσασθαι.
3092 5304 3188 5363 Ἔν
3243 5313 3363 5375 ταῖς
3417 5310 3515 5365 τοῦ
3562 5312 3823 5383 Ἰορδάνου

2269 5396 2585 5467 ἐλκοειδέσι,
2622 5402 2718 5455 καὶ
2758 5402 3225 5475 ἀγκυλοστρό·φτ›ις
3253 5407 3425 5476 ῥοαῖς,
3455 5405 3533 5472 ὡς
3572 5407 3633 5460 τὸ
3665 5407 3821 5469 εἰκὸς,

2269 5485 2367 5556 τῆς
2398 5488 2632 5559 ἐχόμενα
2660 5489 2754 5543 τοῦ
2812 5494 3059 5564 ποταμοῦ
3093 5494 3198 5566 γῆς
3231 5497 3371 5569 μέρη
3411 5498 3531 5551 τινὰ
3564 5497 3819 5567 περιγρά-

2268 5596 2479 5647 φονταῐν
2518 5584 2577 5634 ἐν
2621 5578 2702 5647 οἷς
2748 5584 2891 5653 μέγα
2940 5603 2992 5641 τι
3021 5584 3281 5659 καλάμων
3311 5589 3496 5662 χρῆμα
3532 5587 3816 5657 ὲκφύεσθαι

2266 5671 2534 5737 πέφυκεν.
2585 5672 2671 5725 Ἑν
2696 5674 2909 5739 τούτοις
2937 5676 3169 5730 λεόντων
3205 5677 3344 5746 φῦλα
3385 5678 3613 5733 είῶθασι
3645 5692 3812 5731 κατοι-

2268 5764 2406 5818 κεῖν.
2444 5764 2664 5820 Τούτων
2713 5766 2805 5821 δύο
2840 5769 2914 5840 τῷ
2966 5772 3224 5842 γέροντος
3275 5771 3675 5844 ὲγκλειστηρίῳ
3721 5769 3810 5837 τῆς
