4060 6290
488 264 604 335 955
1766 309 1770 313 <
1799 274 2077 341 ΙΟΑΝΝΙ

2202 275 2475 343 ΡΗΟΟΑΞ
3632 280 3727 347 956

492 394 675 443 rectus
698 384 790 457 qui
818 390 1057 457 steterit,
1089 391 1308 462 capiens
1345 410 1358 447 :
1392 393 1746 466 ejusdemque
1772 396 1825 452 in
1849 397 2071 466 faciem,

2188 398 2305 453 σθαι
2329 397 2515 470 ὖρθιον
2542 396 2713 470 ἄνδρα
2746 397 2984 471 εὐμήκη.
3018 397 3131 453 Καὶ
3161 390 3353 453 τούτου
3377 398 3597 455 κατίσον
3617 404 3733 473 περὶ

490 481 547 536 ὶιι
583 483 755 537 eremi
787 483 1076 552 profundo,
1133 488 1304 543 altera
1368 490 1627 559 spelunca
1677 491 1812 557 hiat,
1859 493 1911 548 in
1965 508 2070 563 qua

2188 490 2235 545 rb
2267 491 2433 563 βάθος
2454 492 2558 563 τῆς
2591 493 2799 565 ἐρήμου
2832 491 3021 563 ἕτερον
3059 491 3175 546 ἐστι
3217 482 3509 564 σπήλαιον,
3543 493 3599 547 ἐν
3648 488 3736 565 the

491 570 639 630 Elias
672 574 934 645 prephela
992 579 1153 634 vitam
1175 571 1434 652 'degens,
1470 584 1538 637 ab
1587 584 1744 653 igneo
1769 599 1931 640 curru
1975 590 2073 641 ab-

2188 586 2468 657 προφήτης
2502 586 2691 652 Ἠλίας
2716 585 3098 658 διαιτώμενος,
3123 586 3229 640 ὑπὸ
3256 586 3352 639 τοῦ
3381 586 3605 656 πυρίνου
3644 588 3733 659 ἠρ-

492 677 680 735 reptus
708 678 813 723 est.
851 668 1003 724 Ultra
1035 670 1208 729 dictas
1244 674 1551 744 speluncas,
1590 678 1657 732 ad
1704 676 1848 748 ipsos
1874 676 2071 734 Iorda-

2188 682 2332 753 πάγη
2387 683 2655 755 ἅρματος.
2704 682 2924 738 Τούτων
2957 683 3015 737 δέ
3048 682 3335 754 σπηλαίων
3366 684 3575 737 ἐκεῖθεν
3618 683 3739 753 περὶ

495 758 579 814 nis
604 773 815 815 cursus.
845 762 986 817 fama
1019 774 1122 828 est,
1146 781 1388 822 eremum
1417 770 1658 835 extendi,
1700 771 1752 825 in
1776 786 1885 840 qua
1912 786 2075 828 reue-

2188 774 2275 846 εὴν
2313 774 2409 829 τοῦ
2453 774 2722 848 Ἰορδάνου
2752 776 2946 849 φορὰν,
2972 776 3192 846 λέγεται
3214 776 3365 830 είναι
3388 774 3488 848 τὴν
3519 774 3736 847 ἔρημον,

496 851 701 907 ramlus
752 853 999 911 Zosimas
1048 858 1259 926 angelis
1302 876 1485 930 parem
1518 861 1833 934 Egyptiam
1870 864 2073 921 intueri

2188 855 2355 938 ίφξῆν
2398 868 2427 921 ὁ
2464 865 2779 939 θαυμαστὸς
2829 868 3088 939 Ζωσιμᾶς
3139 867 3238 938 τὴν
3272 866 3558 936 ίσάγγελον
3588 868 3743 935 Αιγυ-

443 1010 447 1014 _
494 945 690 1016 dignus
719 946 947 1005 effectus
984 959 1088 1008 εει.
1139 953 1314 1009 Trans
1362 967 1574 1012 montes
1611 957 1695 1013 via
1736 959 1802 1013 ad
1839 969 2076 1016 montem

2188 960 2340 1014 πτίαν
2371 959 2499 1015 ἰδεῖν
2528 959 2760 1031 ἠξιώθη.
2792 963 2915 1015 Τῶν
2942 962 3000 1016 δὲ
3026 960 3234 1033 βουνῶν
3273 958 3508 1027 ἐκεῖθεν,
3543 960 3577 1029 ὴ
3606 959 3742 1013 ἀπα-

497 1037 705 1105 Sinam,
757 1037 1078 1111 Rbaithum,
1123 1060 1384 1117 mareque
1432 1048 1676 1105 Rubrum
1726 1053 2074 1122 conducens,

2188 1069 2352 1121 γουσα
2386 1054 2448 1109 ἐν
2483 1052 2562 1125 τῷ
2602 1054 2738 1126 Σινᾷ
2777 1054 2871 1109 καὶ
2920 1053 2997 1124 τῷ
3034 1051 3238 1122 Ῥαῖθῷ
3276 1052 3375 1107 καὶ
3404 1053 3471 1121 τῇ
3523 1051 3745 1123 Ἐρυθρᾷ

495 1128 673 1185 locum
709 1133 811 1189 sibi
843 1136 1117 1194 vendicat.
1143 1137 1250 1196 Sed
1287 1141 1373 1198 hic
1409 1143 1472 1198 de
1497 1159 1683 1201 eremo
1705 1147 1879 1201 oratio
1916 1146 2076 1202 tinem

2188 1141 2427 1217 θαλάσσῃ
2460 1143 2707 1214 πέφυκεν
2742 1143 2969 1215 ἕρημος.
2999 1142 3273 1199 Ἐνταῦθα
3309 1160 3403 1214 μοι
3424 1143 3453 1197 ὁ
3498 1144 3625 1212 περὶ
3658 1142 3749 1212 τῆς

495 1222 713 1280 habeat.

2188 1234 2389 1305 ἐρήμου
2423 1234 2581 1304 λόγος
2615 1235 2676 1289 τὸ
2705 1233 2887 1305 τέρμα
2927 1232 3195 1300 δεξάσθω.

568 1315 658 1372 ἓῦ.
689 1316 768 1373 Ad
795 1318 1157 1378 dexteriorem
1188 1336 1398 1392 partem
1434 1339 1633 1383 sanctae
1664 1330 1899 1387 civitatis
1921 1331 2082 1388 Jeru.

498 1410 687 1479 salem,
726 1422 780 1467 et
809 1429 837 1468 a
873 1423 1023 1471 turre
1050 1416 1275 1473 Davidis
1314 1421 1613 1491 prophetae,
1644 1424 1830 1495 iugum
1860 1436 1966 1492 est,
1997 1429 2079 1481 vi-

500 1504 645 1562 tibus
681 1509 974 1564 univcrsim
1007 1513 1301 1580 consitum,
1364 1515 1617 1587 illiusque
1649 1517 1715 1571 ad
1754 1530 1936 1589 partes
1988 1522 2083 1577 de-

500 1600 801 1665 pressiores
826 1603 1103 1661 [berorum
1144 1610 1564 1674 monasterium,
1604 1598 1745 1668 intra
1784 1616 1939 1684 cujus
1966 1631 2083 1670 am-

502 1691 671 1746 bitum
706 1697 1026 1753 veneranda:
1072 1701 1251 1756 crucis
1283 1702 1484 1773 lignum
1535 1705 1589 1760 in
1630 1718 1814 1777 partes
1848 1708 2077 1764 divisum

505 1784 667 1840 fuisse
707 1790 959 1846 traditur.
991 1790 1124 1847 llinc
1158 1796 1395 1863 regionis
1430 1809 1698 1854 montanae
1736 1801 1887 1856 initia
1931 1812 2079 1867 sunt,

2248 1333 2367 1393 σις’.
2396 1327 2731 1400 Δεξιώτερον
2752 1327 2810 1383 δὲ
2841 1326 2934 1381 τοῦ
2968 1326 3171 1396 μέρους
3212 1327 3312 1397 τῆς
3348 1323 3512 1393 ἁγίας
3551 1322 3750 1385 πόλεως

2193 1419 2579 1493 Ἰερουσαλὴμ,
2612 1422 2709 1477 καὶ
2759 1421 2866 1474 ὑπὸ
2898 1421 2993 1473 τοῦ
3029 1420 3230 1491 μέρους
3265 1417 3359 1471 τοῦ
3406 1418 3619 1489 πύργου
3665 1416 3751 1469 τοῦ

2180 1516 2464 1585 προφήτου
2522 1513 2707 1581 Δαϐὶδ,
2744 1512 2859 1567 ἐστι
2908 1510 3071 1579 ζυγὸς
3100 1512 3220 1575 ὅλος
3270 1509 3618 1581 ὑπάμπελος,
3668 1511 3754 1563 καὶ

2179 1607 2370 1663 τούτου
2425 1608 2554 1680 περὶ
2606 1608 2675 1662 τὰ
2722 1606 3125 1679 χθαμαλώτερα
3166 1606 3334 1677 μέρη,
3381 1604 3491 1658 τῶν
3534 1604 3751 1674 Ἰϐήρων

2186 1702 2321 1775 μονὴ
2354 1703 2617 1772 πέφυκεν,
2648 1696 2717 1775 ἧς
2739 1700 2842 1771 τῆς
2870 1700 3222 1772 περιγραφῆς
3246 1701 3420 1765 ἐντὸς,
3465 1698 3561 1753 τοὺ
3583 1699 3753 1767 τιμίου

2186 1796 2422 1868 σταυροῦ
2459 1796 2736 1868 τμηθῆναι
2784 1796 3005 1864 λέγεται
3038 1795 3212 1860 ξύλον.
3287 1792 3577 1847 Ἐντεῦθεν
3608 1792 3756 1862 ήτῆς

505 1892 609 1931 non
636 1880 871 1936 absurde
898 1884 969 1937 ita
998 1898 1344 1956 nuncupata),
1370 1893 1514 1959 quod
1540 1894 1781 1947 omnium
1816 1898 2079 1951 montium

2188 1890 2403 1961 ὀρεινῆς
2423 1888 2766 1961 λαμϐάνεται
2803 1888 3138 1960 περίχωρος,
3176 1887 3415 1954 εὐλόγως
3453 1886 3597 1939 οὕτω
3634 1884 3758 1953 κλη-

501 1988 609 2028 orm
642 1978 814 2047 magis
844 1978 1059 2035 clivosae
1091 1998 1185 2053 per
1213 1983 1375 2038 multa
1410 1987 1582 2041 stadia
1615 1987 1665 2042 in
1695 1988 2080 2060 longitudinem

2188 1983 2373 2038 θεῖσα⁸
2407 1984 2499 2037 ἐπὶ
2539 1984 2703 2054 μήκει
2742 1981 2851 2053 γὰρ
2874 1981 3086 2036 πολλῶν
3121 1978 3351 2034 σταδίων
3394 1978 3512 2032 ἐστὶ
3538 1978 3599 2029 τ’)
3628 1976 3758 2030 acciv-

502 2079 817 2124 cxcurrant.
841 2072 1031 2142 itaque
1063 2092 1091 2129 a
1125 2089 1314 2132 sancta
1344 2081 1567 2137 civitate
1595 2082 1786 2138 stadiis
1812 2085 1925 2139 fere
1946 2100 2081 2152 qua-

2188 2095 2293 2132 των
2329 2076 2537 2149 βουνῶν
2572 2075 2933 2147 ὀρεινότερον.
2961 2115 2968 2123 .
3004 2074 3144 2127 ’Δπὸ
3173 2074 3304 2141 γοῦν
3329 2072 3429 2142 τῆς
3474 2070 3635 2139 ἁγίας
3673 2071 3759 2124 πό-

503 2161 822 2230 tuordceim,
876 2164 1154 2225 Zachariae
1200 2173 1478 2242 propheta
1525 2173 1718 2231 domus
1771 2176 2079 2245 inspicitur,

2188 2172 2322 2237 λεως
2363 2172 2495 2225 ώσεὶ
2526 2170 2717 2225 στάδια
2754 2166 2814 2224 ιδ’
2857 2169 3005 2223 ἐστιν
3058 2171 3093 2241 ἠ
3149 2168 3299 2222 οίκία
3337 2160 3619 2238 Ζαχαρίου
3671 2164 3757 2218 τοῦ

505 2254 559 2308 in
602 2270 788 2325 quam,
838 2269 959 2329 post
1006 2262 1515 2334 Annuntiationcm,
1576 2267 2082 2326 immaculatissima

2188 2264 2493 2336 προφήτου,
2535 2264 2593 2316 ἐν
2695 2260 2837 2333 μετὰ
2868 2260 2961 2317 τὸν
2994 2259 3373 2332 χαιρετισμὸν,
3408 2258 3693 2313 ἀναστᾶσα
3728 2258 3757 2327 ἡ

506 2346 739 2418 Deipara
771 2353 1005 2411 sollicite
1060 2359 1419 2426 contendens,
1466 2359 1829 2418 Elisabetham
1880 2364 2085 2420 saluta-

507 2442 615 2508 vit;
652 2446 810 2516 cujus
847 2459 904 2504 et
946 2449 1125 2509 infans
1155 2454 1352 2522 gaudio
1407 2456 1461 2511 in
1524 2466 1679 2513 utero
1731 2458 2079 2525 subsultavit,

503 2536 852 2607 exsultantis,
880 2553 938 2597 ut
972 2560 1071 2612 par
1095 2555 1199 2614 est,
1233 2548 1520 2605 Dominum
1546 2552 1858 2621 excipiens;
1890 2552 2085 2626 Virgo-

504 2641 609 2696 que
652 2629 1030 2688 admirandum
1086 2643 1142 2690 et
1207 2639 1581 2708 propheticum
1634 2641 1765 2698 illud
1798 2641 2082 2700 Canticum

506 2720 826 2777 enuntiavit.
850 2722 909 2777 lu
942 2725 1056 2781 loco
1082 2728 1263 2799 itaque
1290 2731 1380 2786 illo
1409 2734 1717 2798 castellum,
1745 2745 1800 2790 et
1821 2736 2080 2807 templum

505 2825 670 2881 super
700 2814 957 2883 spelunca
993 2820 1155 2875 situm
1189 2836 1267 2877 est
1306 2841 1320 2877 :
1353 2824 1404 2878 in
1439 2826 1713 2893 speluncae
1744 2827 1948 2883 ultimis
2002 2843 2084 2885 re-

504 2904 751 2963 cessibus
798 2906 1160 2969 Praccursoris
1208 2917 1466 2973 nativitas
1495 2919 1713 2975 accidit.
1748 2918 1923 2991 Prope
1961 2937 2082 2977 eam

508 2995 638 3050 bin
693 2998 784 3053 teli
815 2999 992 3070 jactu,
1048 3007 1115 3060 ad
1167 3007 1541 3065 sublimiorem
1596 3023 1807 3081 partem
1858 3015 2082 3083 montis,

2188 2357 2566 2427 πανάχραντος
2604 2353 2868 2418 Θεοτόκος
2901 2352 3180 2425 ἐπορεύθη
3224 2354 3360 2423 μετά
3388 2352 3650 2421 σπουδῆς,
3675 2351 3760 2406 καὶ

2186 2451 2476 2521 ἠσπάσατο
2510 2448 2608 2522 τὴν
2642 2446 2949 2513 Ἐλισάόετ,
2976 2448 3073 2501 καὶ
3100 2446 3161 2501 τὸ
3192 2446 3396 2519 βρέφος
3424 2447 3485 2499 ἐν
3507 2444 3762 2515 ἀγαλλιά-

2188 2560 2273 2596 σει
2305 2544 2362 2596 ἐν
2388 2545 2456 2613 τῇ
2486 2540 2662 2611 κοιλίᾳ
2704 2537 2914 2609 ταύτης
2940 2538 3258 2610 ἐσκίρτησε,
3278 2540 3394 2602 τοῖς
3424 2540 3760 2610 σκιρτήμασι

2186 2637 2317 2691 ὡσεὶ
2350 2636 2463 2710 [τσ.
2492 2635 2569 2699 ὡς
2602 2632 2774 2707 εἰκὸς]
2818 2635 2911 2686 τὸν
2947 2632 3230 2703 Δεσπότην
3268 2631 3642 2703 δεξιούμενον.
3676 2630 3764 2686 καὶ

2186 2731 2219 2802 ή
2268 2715 2547 2801 Παρθένος
2598 2728 2700 2798 τὴν
2750 2726 3075 2798 θαυμαστὴν
3138 2727 3358 2796 ἐκείνην
3412 2726 3764 2797 προφητικῆν

2187 2825 2333 2897 ᾠδὴν
2368 2824 2779 2894 ἀπεφθέγξατο.
2808 2808 2966 2876 Ἔστι
2999 2820 3132 2890 γοῦν
3160 2824 3218 2876 ἐν
3240 2821 3318 2890 τῷ
3350 2821 3507 2892 τόπῳ
3539 2820 3766 2877 καστέλ-

2186 2919 2322 2985 λιον,
2358 2920 2453 2972 καὶ
2491 2918 2620 2978 ναὸς
2670 2916 2909 2987 ὕπερθεν
2941 2915 3211 2988 σπηλαίου
3243 2916 3559 2986 ἐφίδρυται,
3595 2917 3690 2969 κα)⁸
3715 2916 3767 2967 ἐν

2186 3014 2298 3072 τοῖς
2321 3011 2417 3066 τοῦ
2439 3010 2706 3083 σπηλαίου
2739 3010 2931 3081 μυχοῖς
2978 3011 3010 3079 ἠ
3042 3009 3303 3078 γέννησις
3322 3009 3415 3063 τοῦ
3446 3008 3763 3081 Προδρόμου

505 3100 660 3159 petra
691 3104 797 3161 est,
832 3111 952 3166 qua:
1006 3097 1175 3154 divisa
1210 3098 1503 3169 fugientem
1540 3102 1793 3173 Baptistae
1828 3115 2082 3173 matrem,

2190 3105 2403 3172 γέγονε,
2422 3104 2515 3158 καὶ
2526 3102 2716 3157 τούτου
2744 3102 3075 3173 πρόσειίγυς,
3095 3100 3229 3154 ὡσεὶ
3256 3100 3349 3155 δύο
3375 3102 3552 3167 τόξων
3578 3101 3757 3174 βολῆς,

507 3182 765 3242 infantem
794 3190 1178 3259 amplexatam,
1204 3209 1327 3248 cum
1354 3194 1593 3253 Herodes
1624 3197 1772 3254 caede
1803 3199 2083 3256 immanis-

2192 3199 2322 3269 περὶ
2376 3196 2471 3251 τοῦ
2509 3197 2669 3264 ὅρους
2721 3194 3058 3265 ὑψιαίτερον,
3106 3193 3344 3265 ὑπάρχει
3398 3196 3432 3265 ή
3489 3194 3765 3265 σχισθεῖσα

505 3278 642 3332 sima
676 3281 907 3350 saeviret,
946 3283 1065 3339 sinu
1092 3301 1191 3342 suo
1219 3287 1423 3343 avexit.

580 3562 672 3622 27.
700 3564 784 3619 Ab
804 3563 1127 3634 Jerusalem,
1156 3570 1302 3624 inter
1319 3572 1452 3626 duas
1494 3572 1632 3637 vias,
1665 3588 1827 3628 unam
1861 3588 1983 3644 quae
2018 3574 2085 3629 ad

506 3666 785 3723 montana,
843 3660 1069 3716 alteram
1106 3678 1225 3732 quae
1261 3664 1327 3721 ad
1358 3667 1757 3723 cmnobiarchaa
1806 3678 2075 3723 monaste-

507 3750 648 3804 rium
697 3762 750 3807 et
782 3751 1014 3808 Lauram
1044 3754 1289 3821 abducit,
1328 3757 1547 3813 dorsum
1577 3761 1889 3828 procurrit;
1927 3770 1982 3816 et
2032 3761 2084 3815 in

506 3857 574 3896 co
602 3842 705 3898 iter
736 3847 995 3915 aperitur,
1036 3863 1065 3901 a
1099 3859 1287 3904 saneta
1342 3849 1510 3906 Sioue
1564 3850 1840 3908 Bethleem
1880 3851 2083 3919 ferens,

514 3932 654 3993 Urbs
683 3953 814 3993 vero
839 3938 1112 3997 Bethleem
1147 3958 1177 3996 a
1201 3952 1388 3997 sancta
1414 3943 1635 3999 civitate
1664 3961 1759 4002 sex
1792 3946 1909 4002 fere
1934 3945 2086 4009 Amille

506 4032 760 4101 passibus
784 4032 969 4089 distat.
1004 4033 1061 4090 lu
1091 4034 1208 4105 eius
1234 4046 1288 4091 et
1317 4047 1520 4092 sanctae
1550 4038 1790 4094 civitatis
1831 4036 2087 4099 meditul-

507 4123 579 4181 lio
630 4129 1025 4182 monasterium
1057 4128 1233 4185 sancti
1266 4130 1545 4200 prepbeta:
1602 4129 1735 4186 Elite
1781 4130 2017 4196 exsistit,
2055 4149 2086 4188 a

507 4219 893 4275 vetustissimis
930 4220 1033 4291 piis
1094 4221 1407 4279 hominibus
1461 4224 1881 4290 exaedificatum,
1966 4226 2083 4294 sed,

509 4318 671 4366 terra:
685 4312 944 4378 motibus,
968 4312 1211 4369 funditus
1236 4326 1507 4384 aequatum
1530 4316 1677 4373 solo:
1708 4327 2086 4374 verumtamen

507 4404 721 4470 ethoc,
752 4404 817 4459 de
860 4406 993 4462 orbe
1031 4407 1287 4462 universo
1336 4409 1475 4463 bene
1525 4423 1774 4476 merens,
1826 4409 2082 4466 dominus

2195 3291 2396 3361 πέτρα,
2458 3290 2553 3343 καὶ
2614 3285 2993 3359 ὑποδεξαμένη
3041 3287 3354 3356 φεύγουσαν
3407 3288 3511 3358 τὴν
3565 3289 3766 3358 μητέρα

2189 3384 2285 3439 τοῦ
2320 3381 2653 3445 Βαπτιστοῦ,
2687 3382 2885 3454 βρέφος
2911 3379 3328 3452 ὴγκαλισμένην
3360 3380 3547 3446 αὑτὸν,
3585 3380 3677 3434 ἐπὶ
3708 3384 3763 3453 τῇ

2194 3476 2561 3549 βρεφοκτονίᾳ
2591 3476 2684 3529 τοῦ
2725 3475 2988 3547 Ἡρώδου.

2263 3569 2369 3634 κζ’.
2425 3568 2562 3622 ’Λπὺ
2604 3568 2660 3622 δὲ
2701 3567 2803 3639 τῆς
2850 3566 3209 3639 Ἰερουσαλὴμ
3245 3567 3410 3636 μέσον
3451 3567 3566 3621 τῶν
3598 3567 3688 3621 δύο
3714 3569 3765 3620 ὁ·

2187 3662 2313 3729 δῶν,
2344 3662 2444 3730 τῆς
2472 3679 2531 3715 τε
2581 3661 2720 3735 πρὸς
2751 3662 2851 3732 τὴν
2879 3659 3096 3732 ὀρεινὴν
3148 3660 3499 3733 ἀπαγούσης,
3537 3664 3634 3715 καὶ
3674 3660 3765 3727 τῆς

2190 3755 2330 3827 πρὸς
2362 3757 2463 3827 τὴν
2494 3755 2665 3826 μονὴν
2695 3753 2789 3809 τοῦ
2832 3755 3231 3826 Κοινοόιάρχου
3266 3756 3361 3808 καὶ
3405 3756 3511 3825 τῆς
3541 3754 3761 3827 λαύρας,

2189 3849 2308 3904 ἔστι
2343 3848 2551 3920 ῥαχίον,
2601 3848 2697 3901 καὶ
2723 3846 2839 3911 ὁδὸς
2882 3847 2940 3900 ἐν
2990 3846 3139 3918 αύτῷ
3189 3845 3351 3916 μέχρι
3395 3845 3497 3915 τῆς
3528 3845 3764 3918 Βηθλεέμ

2189 3941 2298 3996 ἀπὸ
2323 3940 2425 4011 τῆς
2450 3940 2613 4008 ἁγίας
2641 3938 2780 3993 Σιὼν
2806 3940 3123 4009 ἀπάγουσα.
3161 3940 3227 3992 'H
3253 3940 3309 3993 δὲ
3342 3938 3599 4011 Βηθλεὲμ
3619 3941 3764 4002 πόλις

2191 4032 2387 4101 ἀπέχει
2413 4031 2511 4101 τῆς
2540 4030 2703 4099 ἁγίας
2748 4030 2956 4095 πόλεως
2988 4030 3121 4084 ώσεὶ
3156 4030 3308 4102 μιλία
3338 4031 3417 4098 ἒξ.
3452 4024 3565 4097 ’Πς
3612 4034 3765 4103 μέσον

2187 4125 2243 4179 δὲ
2277 4124 2378 4195 τῆς
2409 4124 2573 4191 ἁγίας
2604 4122 2819 4190 πόλεως
2852 4123 3092 4195 ὑπάρχει
3130 4123 3266 4197 μονὴ
3302 4124 3396 4179 τοῦ
3441 4126 3604 4196 ἁγίου
3640 4143 3764 4197 προ·

2189 4219 2363 4288 φήτου
2381 4215 2590 4281 Ἠλιοῦ,
2636 4216 2743 4271 ὑπὸ
2780 4218 2887 4271 τῶν
2913 4218 3261 4272 παλαιτάτων
3280 4218 3379 4289 μὲν
3412 4220 3762 4292 ἀνεγερϐεἷσα

2188 4309 2404 4380 ἀνδρῶν
2435 4309 2724 4381 θεοφιλῶν,
2757 4311 2823 4364 ἐκ
2867 4311 2924 4364 δὲ
2957 4310 3051 4364 τοῦ
3082 4309 3310 4382 σεισμοῦ
3345 4310 3563 4383 ῥιζόθεν
3602 4331 3763 4367 κατα-

2189 4402 2462 4457 πεσοῦσα’
2491 4402 2627 4456 ἀλλά
2657 4404 2748 4456 καὶ
2776 4401 2981 4473 ταύτην
3013 4404 3041 4458 ὁ
3080 4404 3341 4473 κοσμικδς
3387 4406 3707 4478 εὐεργέτης.
3736 4406 3762 4459 ὁ

508 4510 664 4552 meus
688 4506 853 4567 atque
883 4499 1177 4567 imperator
1203 4515 1302 4569 per
1327 4515 1483 4555 suum
1534 4502 1840 4569 praesidem,
1882 4502 2080 4573 Syrum

2191 4495 2324 4566 ἐμὸς
2344 4495 2613 4566 δεσπότης
2645 4495 2739 4548 καὶ
2766 4493 3026 4565 βασιλεὺς
3064 4494 3127 4550 ἐκ
3153 4494 3369 4569 βάθρων
3399 4498 3655 4569 ἀνήγειρε
3682 4498 3762 4551 διὰ

506 4587 803 4657 hominem,
842 4606 872 4645 a
910 4590 1275 4648 fundamentis
1308 4594 1586 4663 reparavit
1620 4612 1634 4649 :
1669 4596 1909 4669 adeoque
1946 4597 2089 4649 inter

506 4683 900 4738 monasterium
924 4692 979 4739 et
1013 4682 1316 4749 Bethleem,
1348 4687 1587 4755 itemque
1618 4686 1873 4743 Bachelis
1905 4688 2089 4756 sepul-

507 4791 682 4842 crum,
714 4786 987 4834 structura
1042 4787 1280 4848 quatuor
1311 4779 1635 4843 fornicibus,
1694 4780 1787 4836 toli
1831 4782 2006 4836 instar
2035 4783 2086 4839 in

507 4868 852 4939 fastigiatum
895 4883 1154 4925 cacumen
1186 4870 1580 4937 desinentibus,
1613 4881 1900 4941 opertum;
1937 4873 2087 4930 locus

506 4962 599 5018 ille
626 4963 876 5035 trianguli
908 4964 1133 5018 formam
1160 4964 1342 5020 eﬂicil.
1366 4966 1443 5020 Ad
1470 4966 1860 5022 sinisteriorem
1886 4978 2088 5024 sanctae

510 5054 789 5113 Bethleem
822 5068 1035 5127 partem
1082 5057 1228 5112 inter
1260 5072 1381 5113 eam
1414 5068 1467 5114 et
1520 5060 1921 5115 ctrnobiarchaa
1968 5079 2085 5118 mo-

508 5152 828 5218 nasterium,
863 5166 993 5222 ager
1043 5158 1147 5218 est,
1196 5160 1250 5206 et
1298 5151 1353 5205 in
1389 5166 1520 5223 agro
1572 5154 1852 5222 spelunca,
1894 5155 1947 5210 in
1981 5170 2087 5225 qua

506 5242 649 5298 beati
685 5250 1084 5299 coutmorantes
1109 5241 1162 5297 in
1198 5241 1345 5311 agris
1377 5251 1623 5312 pastores
1651 5242 1927 5313 angelicas
1969 5243 2084 5296 lau-

504 5336 601 5389 des
664 5335 888 5391 auribus
943 5346 1277 5406 acceperunt
1309 5352 1323 5390 :
1353 5334 1538 5391 Gloria
1576 5337 1631 5388 in
1683 5337 1925 5401 excelsis,
1982 5337 2087 5393 illis

506 5424 949 5491 inclamautibus,
1008 5434 1057 5481 et
1094 5426 1151 5479 in
1186 5436 1329 5480 terra
1354 5441 1485 5495 pax,
1528 5434 1578 5480 et
1610 5428 1663 5480 in
1688 5430 1883 5480 mundo
1916 5426 2082 5491 salus,

508 5520 575 5575 ob
605 5519 769 5575 Deum
800 5533 978 5574 meum
1005 5532 1072 5573 ex
1099 5518 1307 5589 virgine
1331 5519 1557 5587 Deipara
1589 5518 1851 5589 genitum.
1889 5519 2085 5574 Sancta

507 5612 779 5667 Bethleem
811 5612 863 5667 in
912 5612 1097 5677 dorso,
1139 5611 1408 5681 lapidibus
1450 5621 1643 5674 strato,
1700 5611 1921 5666 fundata
1956 5624 2037 5667 est
2071 5628 2085 5667 :

506 5704 560 5758 in
622 5717 685 5757 ea
741 5700 1079 5773 conspicitur
1107 5711 1164 5757 et
1194 5715 1350 5757 sacra
1398 5701 1686 5769 spelunca,
1725 5711 1779 5754 et
1816 5717 2083 5772 praesepe,

507 5800 565 5853 et
590 5802 802 5865 puteus,
837 5809 900 5851 ex
929 5808 1035 5865 quo
1070 5792 1239 5850 David
1286 5794 1475 5852 bibere
1498 5796 1833 5867 concupierit,
1862 5808 1917 5853 et
1946 5806 2087 5854 teut-

2190 4586 2287 4641 τοῦ
2320 4588 2525 4656 ταύτην
2550 4584 2971 4650 ἐπιστατοῦντος
3006 4588 3178 4660 Σύρου
3224 4589 3437 4661 ἀνδρὸς,
3474 4590 3570 4644 καὶ
3600 4589 3763 4653 οὕτως

2195 4681 2358 4752 μέσον
2408 4680 2508 4750 τῆς
2546 4680 2717 4751 μονῆς
2756 4680 2852 4733 καὶ
2899 4683 2997 4750 τῆς
3043 4680 3292 4751 Βηθλεέμ
3326 4683 3641 4753 τριγωνίζει
3679 4683 3762 4734 τὸν

2189 4773 2367 4845 χῶρον
2406 4774 2435 4826 ὀ
2474 4772 2571 4840 τῆς
2622 4771 2820 4843 Ῥαχὴλ
2850 4772 3042 4841 τάφος,
3077 4774 3182 4826 ὑπὸ
3210 4759 3641 4846 τετρακαμάρου
3682 4775 3762 4827 θο-

2188 4864 2365 4919 λωτοῦ
2394 4865 2735 4936 σκεπόμενος
2762 4864 3087 4936 κτίσματος.
3126 4866 3264 4937 Περὶ
3296 4867 3355 4921 δὲ
3382 4869 3445 4921 τὸ
3470 4867 3759 4940 εὑωνυμὼο

2188 4976 2348 5031 τερον
2378 4958 2543 5030 μέρος
2578 4958 2677 5030 τῆς
2708 4958 2871 5026 ἁγίας
2940 4958 3213 5031 Βηθλεέμ,
3253 4960 3419 5030 μέσον
3470 4962 3643 5032 αὑτῆς
3674 4960 3760 5015 καὶ

2187 5052 2288 5122 τῆς
2314 5052 2407 5105 τοῦ
2440 5050 2842 5123 Κοινοὸιάρχου
2888 5052 3079 5125 μονῆς,
3112 5054 3308 5123 ὁρᾶται
3359 5054 3550 5126 ἀγρὸς,
3583 5056 3674 5107 καὶ
3705 5054 3757 5106 ἐν

2187 5144 2270 5215 τῷ
2305 5144 2464 5217 ἀγρῷ
2494 5144 2784 5217 σπήλαιον,
2821 5148 2881 5199 ἐν
2907 5139 2951 5215 ᾧ
2992 5148 3040 5202 οἱ
3076 5147 3335 5221 μακάριοι
3362 5148 3757 5219 ἀγραυλοῦντες

2190 5238 2451 5311 ποιμένες
2479 5238 2592 5294 τῶν
2635 5238 2942 5307 ἀγγελικῶν
2977 5241 3219 5312 ήκουσαν
3256 5238 3463 5312 ὓμνων,
3493 5242 3573 5307 τὸ,
3612 5240 3757 5302 Δόξα

2188 5333 2258 5388 ἐν
2316 5334 2623 5402 ὑψίστοις,
2670 5333 3115 5405 ἐπιφωνούντων,
3152 5333 3294 5400 Θεῷ,
3340 5335 3440 5390 καί
3493 5336 3591 5389 ἐπὶ
3652 5333 3753 5404 γῆς

2188 5425 2419 5496 εἰρήνη,
2454 5426 2525 5481 ἐν
2548 5424 2629 5492 τῷ
2651 5426 2856 5498 κόσμῳ
2903 5428 3190 5497 σωτηρία,
3258 5431 3320 5483 ἐκ
3344 5430 3445 5498 τῆς
3484 5431 3749 5501 Παρθένου

2190 5519 2285 5571 καὶ
2341 5516 2606 5571 Θεοτόκου
2660 5517 2753 5572 τοῦ
2807 5516 2944 5571 Θεοῦ
3022 5536 3122 5587 μου
3180 5522 3560 5591 ἀποκυήσεως.
3604 5520 3662 5573 Ἡ
3700 5519 3751 5570 δὲ

2189 5610 2324 5680 ἁγία
2348 5610 2599 5682 Βηθλεέμ
2621 5611 3014 5682 τεθεμελίωται
3038 5612 3129 5665 ἐπὶ
3158 5611 3524 5684 λιθοστρώτου
3549 5610 3747 5684 ῥακίου.

2192 5705 2252 5757 ἐν
2287 5697 2447 5777 ﬁmi.
2498 5704 2561 5758 τὸ
2620 5705 2764 5775 ἱερὸν
2825 5704 3095 5778 σπήλαιον
3127 5706 3223 5759 καὶ
3253 5706 3288 5776 ἡ
3339 5706 3538 5776 φάτνη,
3578 5702 3749 5758 καὶτὸ

2189 5797 2392 5873 φρέαρ,
2419 5798 2480 5865 ἐξ
2508 5790 2571 5853 οὑ
2606 5797 2769 5854 Δασὶδ
2798 5798 2946 5855 πιεῖν
2980 5797 3320 5873 ἐπεθύμησε,
3386 5800 3479 5857 καὶ
3506 5797 3630 5862 ναὸς
3657 5798 3743 5851 ἐπὶ
