4060 6290
372 279 481 348 95Ἱ

1444 296 1905 361 DESCRIPTIO
1943 300 2222 368 ΤΕΒΒΑΕ
2262 303 2597 368 SANCTE.

3521 293 3627 364 958

360 412 477 473 τοῖς
512 410 607 466 τοῦ
660 409 931 491 σπηλαίου
983 410 1179 480 νώτοις
1220 416 1636 490 ὲπικαθήμενος
1684 420 1920 492 suum

2050 425 2222 497 plum,
2257 423 2528 493 speluncae
2558 415 2803 475 humeris
2832 415 3095 481 insidens,
3122 415 3453 489 praelongum
3488 430 3633 485 prm-

361 502 680 577 ὲπιμήκης,
732 507 827 562 καὶ
876 508 1223 581 πάμμεγας,
1289 510 1650 582 σταυροειδῶς
1692 512 1752 579 ἐξ
1801 514 1942 585 ἀσή-

363 616 515 654 πτων
549 598 723 665 ξύλων
767 604 1106 674 σκεπόμενος
1135 621 1153 639 ⁸
1185 606 1219 678 ἠ
1247 603 1305 661 δὲ
1354 607 1489 679 περὶ
1533 606 1594 661 τδ
1641 604 1946 682 θυσιαστή-

369 707 486 772 ριον
546 694 721 767 ὀροφή
782 697 902 750 ἐστι
965 696 1057 753 διὰ
1108 698 1267 754 θόλου
1318 700 1739 774 ἀνεγηγερμένη
1801 702 1942 758 λιθί-

363 804 483 844 νου.
554 788 717 844 Ἀλλὰ
748 790 844 844 καὶ
894 790 1085 848 τοῦτον
1132 794 1228 847 τὸν
1279 796 1770 868 περικαλλέστατον
1813 798 1942 852 ναὸν

363 882 460 936 καὶ
514 884 816 955 πάμμεγαν
888 888 923 958 ἡ
996 885 1089 943 τοῦ
1159 890 1538 959 κοσμιωτάτου
1615 884 1717 961 μου
1784 891 1940 961 βασι-τ

358 969 502 1036 λέως
553 973 820 1045 ἀνήγειρε
874 974 1155 1048 φιλότιμος
1184 977 1329 1049 χεὶρ,
1364 978 1458 1032 καὶ
1491 976 1690 1049 ψηφῖσι
1736 996 1937 1051 κεχρυ-

363 1065 631 1134 σωμένοις
658 1065 781 1121 ὅλον
806 1065 897 1122 τὸν
925 1069 1055 1124 ναὸν
1080 1071 1519 1141 κατεκόσμησεν,
1551 1072 1723 1143 ἐφ’,δν
1761 1076 1790 1127 ὁ
1822 1073 1931 1128 τῶν

358 1156 421 1211 ἐν
440 1160 507 1229 τῇ
537 1155 693 1231 χώρᾳ
737 1159 1072 1231 παρένθετος
1108 1160 1356 1216 Λατίνων
1392 1161 1617 1233 ποιμὴν,
1649 1163 1743 1219 τὸν
1776 1165 1939 1219 αύτο-

356 1249 607 1323 κράτορα
636 1251 780 1322 τάχα
829 1252 929 1324 τῆς
988 1252 1401 1325 μεγαλοψυχίας
1434 1256 1827 1327 ἀμειϐόμενος,
1879 1260 1938 1315 ὲν

356 1340 641 1412 διαφόροις
680 1343 871 1408 τόποις
920 1345 1015 1398 καὶ
1047 1346 1106 1397 ὲν
1137 1344 1287 1416 αὐτῷ
1320 1344 1398 1416 τῷ
1438 1344 1815 1419 θυσιαστηρίῳ
1841 1347 1935 1403 τοῦ

357 1438 520 1506 ἀγίου
540 1439 775 1511 ὕπερθεν
803 1439 1074 1511 σπηλαίου
1106 1441 1202 1510 τὴν
1230 1440 1439 1513 ὡραίαν
1468 1444 1680 1498 ἐκείνου
1719 1445 1935 1518 μορφὴν

358 1533 732 1606 ἀνεστήλωσε.
786 1534 862 1589 To
894 1535 953 1590 δὲ
986 1535 1081 1589 τοῦ
1129 1535 1402 1607 σπηλαίου
1428 1564 1431 1566 -
1460 1536 1667 1608 σχῆμα,
1696 1538 1797 1609 τῆς
1826 1539 1934 1609 φά-

352 1645 509 1702 τνης,
543 1629 641 1684 καὶ
668 1628 762 1683 τοῦ
795 1631 1032 1701 φρέατος
1060 1630 1298 1703 ὑπάρχει
1346 1631 1614 1688 τοιοῦτον.
1681 1632 1823 1703 Περὶ
1872 1635 1935 1688 τὸ

356 1722 638 1792 εὐώνυμον
676 1725 842 1794 μέρος
876 1725 970 1778 τοῦ
1015 1725 1259 1797 βήματός
1296 1726 1412 1780 ἐστι
1458 1727 1551 1781 τοῦ
1586 1728 1744 1798 ἁγίου
1791 1746 1934 1800 σπη-

354 1816 513 1870 λαίου
547 1817 789 1887 στόμιον,
815 1810 878 1873 οὗ
905 1796 1218 1889 προσεγγυς
1243 1820 1419 1873 έκεῖνο
1452 1819 1512 1873 τὸ
1552 1796 1731 1893 φρέαρ
1759 1796 1929 1887 ἐστὶν,
1966 1796 2008 1852 Β

357 1907 418 1973 ἐξ
468 1903 532 1963 οὗ
601 1909 877 1981 αἰσθητῶς
920 1910 1017 1966 καὶ
1069 1910 1278 1981 νοητῶς
1330 1911 1359 1964 ὁ
1406 1914 1713 1987 προπάτωρ
1766 1914 1935 1969 Δαόὶδ

356 2005 505 2057 πιεῖν
538 2002 908 2077 ἐπεθύμησεν,
952 1999 1015 2059 οὖ
1043 2003 1234 2069 ὓδατος
1266 2006 1315 2059 oi
1350 2006 1932 2078 παραδυναστεύοντες

353 2096 553 2168 ἐκείνῳ
584 2096 777 2169 ἄνδρες
817 2094 932 2165 δύο,
962 2098 1061 2161 τὰς
1090 2098 1199 2153 τῶν
1229 2098 1545 2171 ἀλλοφύλων
1584 2100 1934 2172 διατεμόντες

356 2186 736 2259 παρεμϐολὰς,
764 2188 861 2243 καλ⁸
897 2189 987 2244 διὰ
1027 2191 1123 2246 τοῦ
1166 2191 1380 2247 καδδίου
1412 2193 1771 2265 ἀρυσάμενοι,
1800 2194 1932 2263 φλετ

353 2282 574 2353 γομένῳ
596 2281 676 2353 τῷ
711 2280 855 2352 δίψει
886 2282 1081 2356 ὲκείνῳ
1103 2285 1469 2357 προσέφερον,
1501 2285 1561 2350 ὃς
1591 2288 1650 2339 ἔν
1674 2285 1753 2357 τῷ
1777 2288 1932 2341 σπεῖ-

352 2390 449 2427 σαι
488 2375 622 2455 αύτίδ
657 2373 736 2445 τῷ
761 2373 901 2448 Θεῷ,
931 2374 993 2429 τὸ
1019 2376 1179 2447 μέχρι
1213 2376 1308 2430 τοῦ
1337 2375 1434 2430 νῦν
1459 2376 1745 2449 διαϐόητον
1766 2377 1931 2450 ἔργον

352 2460 674 2535 πεποιηκὼς
704 2462 1169 2535 ἀνακηρύττεται.
1202 2465 1301 2519 Ἐκ
1322 2465 1378 2519 δὲ
1404 2463 1505 2535 τῆς
1534 2464 1628 2519 τοῦ
1661 2465 1931 2538 σπηλαίου

350 2554 561 2608 εἰσόδου
596 2554 759 2627 μέχρι
786 2554 882 2609 τοῦ
916 2556 1192 2626 πυθμένος
1222 2556 1410 2617 αὐτοῦ.
1446 2556 1607 2611 ἐστιν
1636 2559 1669 2627 ἡ
1699 2558 1929 2623 κάθοδος

348 2647 439 2703 διὰ
471 2647 843 2720 βαθμίδωνὲε
896 2650 992 2704 καὶ
1032 2649 1188 2704 δέκα.
1230 2651 1342 2705 Καὶ
1391 2650 1522 2721 περὶ
1574 2650 1635 2704 τὸ
1680 2650 1929 2723 ἀρκτῷον

352 2738 523 2813 μέρος
577 2740 816 2814 ὑπάρχει
866 2741 928 2798 τὸ
968 2741 1116 2815 ἱερὸν
1140 2744 1323 2797 δκεῖνο
1359 2742 1675 2816 κατάλυμα,
1722 2746 1780 2799 ἐν
1812 2738 1855 2815 ᾧ
1894 2747 1928 2819 ἡ

350 2832 631 2907 Παρθένος
669 2834 761 2889 τδν
816 2836 1045 2908 Σωτῆρα
1091 2835 1335 2909 Χριστὸν
1386 2837 1695 2909 ἀπεκύησε,
1746 2841 1841 2894 καὶ
1893 2843 1926 2913 ή

351 2926 534 2991 κτίσις
587 2928 737 2982 πᾶσα
773 2927 991 2983 κατεῖδε
1036 2926 1173 2984 Θεὸν
1223 2929 1282 2984 έν
1337 2930 1526 3002 σαρκὶ,
1584 2932 1680 2986 καὶ
1722 2933 1927 3004 κόσμος

352 3018 471 3083 δλος
500 3020 877 3092 ἀνεκαινίσθη,
908 3024 1002 3077 καὶ
1029 3023 1057 3079 δ
1085 3023 1279 3096 θνητὸς
1299 3025 1412 3096 ἐγὼ
1443 3025 1802 3097 πλουτίζομαι
1825 3030 1927 3102 τὴν

357 3110 584 3185 θεότητα
618 3112 713 3168 τοῦ
741 3113 878 3169 Θεοῦ
904 3115 1001 3169 καὶ
1030 3116 1271 3171 Κτίστου
1298 3134 1403 3190 μου
1441 3120 1543 3191 τὴν
1588 3120 1730 3191 ἐμὴν
1779 3139 1925 3176 πτω-

351 3208 505 3278 χείαν
534 3208 974 3281 πτωχεύσαντος.
1027 3206 1158 3266 Εἶτα
1194 3215 1323 3284 μιᾶς
1377 3214 1624 3270 κάτωθεν
1663 3216 1925 3287 βαθμίδος

346 3300 512 3369 ἡτῶν
552 3297 767 3367 ἀλόγων
799 3300 998 3371 δρᾶται
1045 3301 1246 3374 φάτνη,
1302 3303 1558 3374 ἰσομήκει
1595 3320 1927 3374 τετραγωνι-

342 3392 549 3465 ζομένη
580 3394 657 3467 τῷ
680 3394 943 3464 σχήματι,
992 3395 1062 3465 ἢν
1090 3394 1304 3460 λευκοῖς
1332 3398 1383 3451 οἱ
1422 3398 1591 3453 πάλαι
1639 3399 1923 3472 ἄνθρωποι

349 3487 672 3558 μαρμάροις
696 3488 1170 3561 περικαλύψαντες
1196 3529 1212 3554 ,
1247 3491 1413 3561 μέσον
1442 3492 1612 3564 αὐτῆς
1630 3532 1645 3558 ,
1679 3493 1924 3565 ἐκκοπὴν

342 3580 676 3654 ὀμφαλοειδῆ
712 3569 1070 3654 πεποιήκασι,
1104 3583 1230 3638 καθ’
1273 3584 1341 3657 ἢν
1386 3585 1553 3657 μέρος
1581 3586 1752 3657 αὐτῆς
1789 3588 1922 3641 ἀνα-

341 3674 619 3743 φαίνεται,
655 3676 865 3745 φάτνης
893 3674 1133 3745 ὲκείνης,
1165 3675 1266 3747 τῆς
1300 3676 1390 3730 τὸν
1423 3676 1707 3748 άχώρητον
1733 3696 1919 3750 χωρη·

344 3768 544 3840 σάσης,
583 3768 684 3838 τῆς
718 3767 954 3842 οὐρανοῦ
1001 3768 1375 3841 πλατυτέρας,
1410 3770 1514 3835 τῆς
1558 3771 1661 3839 γῆς
1694 3773 1789 3824 καὶ
1819 3771 1920 3824 θα·-

340 3859 555 3934 λάσσης
580 3861 676 3917 καὶ
724 3860 1062 3934 ὑποχθονίων
1110 3862 1564 3934 εὐρυχωροτὲρας
1615 3864 1708 3916 ἐπὶ
1740 3865 1875 3917 πολύ
1902 3881 1915 3895 ⁸

338 3953 402 4010 δν
430 3955 540 4027 γὰρ
584 3955 783 4010 ἐκεῖνοι
811 3955 1060 4026 χωρῆσαι
1108 3954 1209 4008 οὐκ
1234 3953 1488 4025 ἴσχυσαν,
1522 3941 1664 4024 αύτη
1712 3954 1921 4028 βρεφω-

343 4048 512 4105 θέντα
542 4048 877 4121 εὐρυχὼρως
907 4048 1212 4119 ἐχώρησεν.
1264 4046 1589 4119 Ἐνάλλομαι
1614 4051 1679 4119 τῇ
1705 4052 1915 4120 γραφῇ,

341 4140 442 4196 καὶ¹
484 4139 624 4204 ὅλως
666 4140 745 4211 τῷ
793 4139 877 4194 νοῒ
924 4140 1079 4205 ἐντὸς
1112 4140 1339 4212 γίνομαι
1384 4139 1482 4194 τοῦ
1517 4140 1668 4208 ἱεροῦ
1701 4142 1916 4196 ἐκείνου

342 4232 638 4304 σπηλαίου,
672 4230 774 4287 καὶ
825 4231 969 4287 κατά
994 4230 1055 4287 τὸ
1113 4230 1379 4303 κάλυμμα
1431 4228 1527 4284 τοῦ
1579 4230 1915 4286 Δεσποτικοῦ

341 4326 531 4400 βλέπω
591 4325 773 4390 τόκου,
809 4324 903 4379 καὶ
931 4324 1031 4396 τὴν
1064 4325 1124 4378 ἐν
1154 4324 1222 4396 τῇ
1254 4324 1431 4395 φάτνῃ
1461 4322 1557 4377 τοῦ
1595 4322 1913 4394 βρεφωθέν-

337 4435 431 4483 τος
462 4417 766 4485 ἀνάκλισιν,
796 4417 891 4471 καὶ
920 4416 1159 4488 φρικτὴν
1188 4416 1287 4489 τὴν
1312 4414 1441 4487 περὶ
1468 4415 1569 4486 ἐμὲ
1601 4415 1693 4469 τοῦ
1725 4415 1915 4487 Σωτῆ-

2047 516 2389 589 grandeque,
2422 513 2488 569 ad
2517 512 2750 567 formam
2786 509 2997 574 crucis,
3015 524 3081 566 ex
3117 523 3227 566 non
3258 511 3629 579 putrescenti-

2043 607 2149 665 bus
2201 608 2360 679 lignis
2392 612 2703 663 contectum
2751 624 2767 660 :
2813 604 2958 661 circa
3000 604 3177 660 altare
3221 612 3423 659 tectum
3474 603 3625 658 tholo

2043 716 2211 771 saxeo
2243 715 2365 758 sese
2412 698 2667 756 sustollit.
2714 699 2827 755 Hoc
2870 711 3086 769 quoque
3127 695 3285 766 longe
3304 695 3626 766 pulcherri—

2042 813 2192 853 mum
2219 803 2275 852 et
2333 794 2629 850 maximum
2687 792 2969 862 templum,
3022 790 3275 845 munilica
3322 789 3623 846 servatoris

2040 889 2190 946 orbis
2222 898 2277 945 et
2307 888 2652 959 imperatoris
2694 885 2801 941 mei
2855 884 3155 939 liberalitas
3202 882 3497 946 exstruxit,
3540 893 3624 935 to-

2042 990 2268 1051 tumque
2309 978 2509 1050 lapillis
2538 978 2727 1035 aureis
2754 976 3042 1032 exornavit
3077 992 3091 1029 :
3128 974 3182 1029 in
3234 988 3341 1043 quo
3377 973 3621 1028 civitatis

2040 1074 2183 1130 illius
2210 1073 2528 1129 Latinorum
2559 1071 2754 1128 Pastor
2782 1067 3161 1138 interpositus,
3186 1066 3349 1121 variis
3374 1067 3425 1122 in
3459 1066 3618 1131 locis,

2041 1178 2204 1239 atque
2242 1168 2357 1236 ipso
2390 1167 2443 1221 in
2491 1165 2810 1223 sanctuario
2842 1179 3003 1235 supra
3058 1162 3401 1231 speluncam,
3437 1159 3613 1228 impe—

2036 1272 2270 1321 ratorem
2298 1263 2368 1319 ob
2396 1272 2596 1317 tantam
2635 1261 2774 1317 forte
2803 1258 3303 1330 magnanimitatem
3360 1269 3615 1311 remune-

2036 1372 2193 1423 rans,
2222 1357 2475 1412 decoram
2514 1355 2656 1410 illius
2680 1353 2975 1424 imaginem
3004 1351 3267 1422 appinxit.
3303 1349 3609 1418 Speluncae,

2036 1452 2316 1523 prtesepis,
2350 1459 2400 1506 et
2432 1449 2579 1519 putei
2614 1449 2789 1503 forma
2822 1448 2937 1502 haec
2970 1454 3074 1503 est.
3125 1446 3208 1500 Ad
3239 1452 3448 1513 partem
3477 1442 3613 1498 sini-

2036 1554 2206 1599 stram
2242 1539 2563 1604 sanctuarii,
2595 1548 2799 1594 sancta:
2825 1536 3097 1608 spelunca:
3130 1549 3189 1590 os
3223 1542 3407 1603 patet;
3443 1545 3611 1601 penes

2035 1636 2168 1691 illud
2232 1644 2425 1704 puteus
2477 1640 2583 1699 est,
2626 1645 2689 1687 ex
2726 1644 2834 1699 quo
2876 1644 2980 1684 non
3034 1642 3196 1683 sensu
3250 1626 3610 1687 solummodo,

2036 1727 2130 1782 sed
2184 1734 2363 1782 mente
2408 1724 2594 1789 etiam,
2650 1720 2961 1792 pregenit'or
3018 1718 3185 1773 David
3261 1717 3447 1772 bibere
3486 1731 3607 1783 pcr-

2036 1819 2245 1891 optavit
2282 1837 2295 1874 :
2338 1832 2535 1888 aquam
2564 1832 2628 1872 ex
2658 1830 2745 1879 eo,
2772 1814 2863 1885 qui
2893 1815 3033 1882 apud
3056 1827 3177 1868 eum
3204 1811 3440 1866 maxime
3474 1823 3611 1878 prte-

2037 1914 2309 1977 valebant,
2350 1912 2450 1967 viri
2479 1912 2604 1977 duo,
2642 1910 2837 1965 castris
2879 1906 3296 1978 Allophylorum
3332 1898 3615 1972 expugna;

2035 2006 2129 2074 tis,
2153 2004 2291 2061 cado
2337 2003 2609 2068 haustam,
2654 2000 2864 2068 Davidi,
2926 1999 3014 2056 siti
3063 1996 3407 2062 exaestuanti,
3444 1996 3614 2050 addu-

2035 2107 2169 2155 cunt
2208 2114 2222 2152 :
2256 2110 2416 2167 quam
2450 2112 2570 2151 cum
2608 2094 2718 2150 Deo
2749 2093 2997 2155 libassct,
3027 2091 3089 2146 ad
3124 2091 3240 2146 haec
3271 2104 3440 2160 usque
3471 2098 3610 2143 tem-

2033 2204 2166 2261 pora
2213 2188 2357 2244 fama
2407 2184 2733 2259 praecelebre
2780 2182 3129 2241 continentiae
3195 2180 3407 2237 facinus
3461 2178 3612 2235 illius

2033 2300 2132 2349 per
2170 2297 2265 2337 ora
2299 2282 2542 2338 omnium
2589 2279 2754 2335 volat.
2801 2278 2884 2335 Ab
2934 2278 3177 2347 ingressu
3213 2275 3485 2344 speluncae
3543 2274 3610 2328 ad

2034 2378 2140 2433 ima
2169 2391 2263 2431 sex
2306 2384 2358 2430 et
2385 2375 2595 2439 decem,
2630 2371 2825 2440 quibus
2855 2370 3227 2434 descenditur,
3259 2368 3459 2439 gradus
3510 2381 3612 2420 nu-

2036 2481 2333 2526 merantur.
2377 2468 2459 2521 Ad
2492 2466 2768 2522 borealem
2802 2465 3015 2536 plagam
3038 2469 3443 2518 sacrosanctum
3476 2457 3611 2513 illud

2034 2566 2390 2621 diversorium
2441 2562 2587 2633 jacet
2619 2563 2672 2617 in
2723 2576 2830 2633 quo
2858 2561 3022 2631 Virgo
3052 2560 3327 2614 Christum
3362 2557 3612 2614 Salvato-

2034 2675 2145 2714 retn
2180 2658 2340 2715 enixa
2374 2669 2487 2721 est,
2506 2666 2559 2711 et
2606 2666 2851 2710 creatura
2888 2654 3139 2709 universa
3169 2652 3333 2707 Deum
3363 2651 3418 2705 in
3444 2666 3608 2705 carne

2032 2754 2188 2818 vidit,
2226 2760 2282 2807 et
2309 2751 2546 2806 mundus
2582 2760 2727 2807 totus
2769 2760 3061 2806 renovatus
3094 2755 3213 2814 est;
3251 2754 3306 2800 et
3358 2744 3609 2805 mortalis

2030 2862 2130 2916 ego
2171 2845 2379 2901 Dcitate
2431 2844 2664 2911 ditesco,
2720 2858 2841 2899 cum
2896 2843 3040 2899 Deus
3095 2849 3152 2897 et
3185 2840 3415 2898 Creator
3454 2854 3605 2893 meus

2028 2946 2404 3010 paupertatem
2458 2953 2632 2993 meam
2685 2947 2847 3008 atque
2899 2936 3132 3005 inopiam
3168 2934 3424 2990 induerit.
3465 2929 3602 2986 Tum

2029 3044 2153 3102 pOSt
2191 3034 2357 3089 unius
2395 3029 2599 3101 gradus
2638 3028 2984 3093 descensum,
3041 3027 3252 3082 ratione
3298 3022 3612 3079 carentium

2028 3124 2347 3181 animalium
2384 3137 2628 3193 praesepe
2662 3121 3019 3191 conspicitur,
3057 3132 3207 3189 aequa
3242 3119 3433 3189 figura,
3470 3129 3605 3187 qua-

2032 3228 2154 3273 tuor
2189 3216 2404 3287 angulis
2434 3223 2897 3277 commensurata,
2950 3211 3095 3283 quod
3134 3210 3380 3266 candidis
3399 3207 3600 3265 vetusti

2029 3313 2105 3367 illi
2161 3310 2411 3367 homines
2465 3309 2833 3365 marmoribus
2876 3313 3281 3362 contexerunt:
3320 3304 3373 3360 in
3425 3302 3622 3360 medio-

2032 3414 2289 3474 apertura
2339 3404 2404 3458 ad
2440 3401 2659 3458 modum
2691 3399 2930 3456 umbilici
2972 3399 3180 3463 relicta,
3213 3414 3282 3453 ex
3318 3413 3420 3467 qua
3472 3411 3600 3467 pars

2027 3496 2286 3570 praesepis
2344 3505 2591 3565 apparet,
2638 3492 2895 3562 praesepis
2955 3490 3122 3555 illius,
3167 3488 3309 3559 quod
3343 3504 3465 3544 eum
3508 3487 3599 3557 qui

2029 3590 2177 3646 nullo
2199 3588 2320 3644 loco
2345 3590 2463 3657 capi
2494 3595 2729 3656 poterat,
2757 3586 2932 3657 cepit;
2956 3585 3095 3639 cwlo
3125 3581 3429 3654 amplioris,
3455 3590 3598 3637 terra

2027 3677 2277 3747 marique
2310 3685 2365 3730 et
2411 3675 2784 3731 subterraneis
2831 3674 3000 3731 multo
3046 3673 3376 3743 capacioris;
3434 3685 3595 3743 quem

2024 3771 2169 3825 enim
2207 3768 2296 3823 illa
2325 3768 2612 3839 complecti
2651 3784 2751 3824 suo
2793 3768 3001 3825 ambitu
3035 3783 3142 3823 non
3174 3777 3447 3839 poterant,
3473 3766 3600 3821 illud

2025 3862 2329 3919 laxioribus
2358 3862 2550 3933 spatiis
2576 3862 2844 3917 Infantem
2877 3864 3078 3918 factum
3117 3864 3341 3933 accepit.
3378 3860 3600 3916 Pictura

2027 3956 2290 4024 exsulto}!
2314 3967 2567 4027 totusque
2610 3956 2885 4012 intellectu
2908 3956 2972 4011 .in
3015 3964 3418 4013 sacrosanctam
3453 3954 3598 4010 illam

2022 4048 2338 4119 speluncam
2366 4056 2611 4119 penetro,
2635 4055 2691 4102 et
2719 4046 2983 4102 Dominici
3015 4054 3202 4116 partus
3234 4043 3597 4101 diversorium

2021 4142 2193 4199 oculis
2220 4140 2414 4205 lustro,
2449 4149 2614 4208 atque
2642 4140 2697 4193 in
2747 4139 2974 4209 praesepi
3005 4138 3131 4193 facti
3167 4137 3388 4193 infantis
3430 4153 3599 4191 accu-

2018 4234 2312 4301 bationem,
2339 4243 2394 4289 et
2418 4234 2522 4288 mei
2555 4232 2858 4289 Salvatoris
2883 4247 3010 4302 erga
3047 4245 3134 4285 me
3170 4245 3436 4293 amorem,
3472 4238 3590 4283 tre-

2020 4343 2175 4385 mens
2208 4328 2515 4397 timensque
2557 4342 2832 4387 revereor,
2869 4335 3279 4395 extremamque
3305 4322 3449 4379 illius
3481 4323 3600 4377 ἱηο-

2017 4420 2184 4493 piam,
2202 4435 2310 4491 qua
2338 4435 2422 4475 me
2445 4419 2565 4476 εωιί
2591 4433 2755 4490 regno
2782 4418 3002 4490 dignum
3025 4416 3233 4483 etfacit;
3267 4414 3363 4471 sed
3394 4415 3598 4484 regiam

340 4528 437 4585 ρος
473 4511 774 4583 ἀγάπησιν,
803 4509 900 4563 καὶ
933 4508 1031 4580 τὴν
1058 4509 1237 4579 ἄκραν
1280 4507 1491 4581 ταύτης
1520 4507 1815 4579 πτωχείαν,
1846 4507 1915 4564 δι’

2027 4527 2147 4570 esse
2195 4512 2510 4583 speluncam
2555 4513 2924 4583 apprehendo,
2959 4527 3022 4566 ac
3069 4508 3238 4565 veluti
3299 4506 3355 4563 in
3397 4507 3595 4592 throno

338 4601 409 4681 ἧς
445 4605 547 4675 ἐμὲ
574 4605 678 4675 τῆς
730 4602 841 4658 τῶν
868 4603 1116 4675 οὐρανῶν
1156 4602 1433 4673 βασιλείας
1471 4600 1738 4674 ἠξίωσεν·
1778 4602 1915 4657 άλλά

340 4700 439 4754 καὶ
474 4698 740 4754 παλάτιον
786 4696 848 4752 τδ
882 4696 1147 4766 σπήλαιον
1182 4693 1371 4759 ἐννοῶ,
1413 4696 1509 4751 καὶ
1535 4695 1612 4759 ὡς
1652 4697 1710 4749 ὲν
1739 4695 1915 4767 θρόνῳ

334 4790 450 4854 τοῖς
477 4776 829 4858 παρθενικοῖς
886 4784 1109 4847 κόλποις
1145 4783 1238 4837 τὸν
1283 4782 1512 4853 βασιλέα
1562 4784 1899 4855 καθήμενον,

337 4877 435 4931 καὶ
458 4874 657 4947 χοροὺς
684 4871 938 4942 ἀγγέλων
969 4870 1438 4942 περικυκλοῦντας
1461 4869 1649 4941 βλέπω
1678 4871 1739 4926 τὸ
1773 4875 1914 4945 σπή-

336 4970 518 5036 λαιον,
550 4969 648 5022 καὶ
677 4966 748 5021 τὰ
774 4965 923 5033 δῶρα
947 4965 1074 5029 τοὺς
1098 4965 1326 5035 Μάγους
1354 4964 1806 5038 δωροφοροῦντας
1832 4968 1912 5038 τῷ

260 5070 263 5071 ⁷
335 5064 584 5132 Βασιλεῖ,
617 5063 714 5117 καὶ
738 5061 922 5133 πάσης
947 5060 1222 5132 θυμηδίας
1260 5060 1638 5132 ὲμπίπλαμαι,
1670 5062 1766 5116 καὶ
1789 5063 1909 5128 οἵας

245 5195 249 5198 .
331 5157 579 5233 ὴξίωμαι
633 5155 880 5229 χάριτος,
926 5153 1211 5209 κατανοῶν
1260 5152 1495 5225 γέγηθα.
1536 5155 1824 5229 Ἔγραψεν
1881 5158 1927 5212 δ·

333 5250 588 5323 τεχνίτης
618 5251 683 5320 τῇ
716 5245 994 5318 ζωγράφῳ
1043 5245 1190 5319 χειρὶ
1230 5248 1289 5300 ὲν
1338 5244 1489 5317 αὐτῷ
1533 5247 1612 5318 τῷ
1657 5246 1910 5320 σπηλαίῳ

330 5346 404 5401 τὰ
454 5345 514 5398 ἐν
542 5341 692 5415 αὐτῷ
747 5341 1075 5396 τελεσθέντα
1125 5341 1425 5414 μυστήρια.
1466 5341 1753 5413 Γέγραπτο
1797 5342 1908 5411 γὰρ

332 5437 466 5511 περὶ
499 5438 601 5508 τὴν
645 5434 833 5505 ἁψῖδα,
866 5437 926 5489 ιν
950 5426 997 5503 ᾧ
1038 5432 1099 5487 τὸ
1145 5431 1290 5504 μέγα
1320 5432 1416 5486 τοῦ
1453 5431 1661 5503 κόσμου
1692 5434 1906 5504 μυστή-

335 5549 454 5605 ριον
480 5533 616 5603 κόρη
645 5530 780 5602 πρὸς
808 5529 972 5597 εὐνὴν
1010 5527 1418 5593 ἀναπίπτουσα,
1450 5526 1551 5597 τὴν
1604 5527 1707 5598 μὲν
1745 5527 1905 5583 λαιάν

332 5625 597 5682 ὑποθεῖσα
643 5624 723 5694 τῷ
755 5623 854 5694 τῆς
894 5621 1094 5693 ἑτέρας
1149 5620 1382 5690 ἀγκῶνι,
1417 5623 1482 5691 τῇ
1515 5620 1668 5689 δεξιᾷ
1711 5620 1769 5674 δὲ
1803 5620 1904 5692 τὴν

330 5718 572 5787 παρειὰν
597 5716 971 5783 δπικλίνουσα,
1020 5715 1114 5770 καὶ
1143 5714 1282 5785 πρὸς
1339 5712 1538 5784 βρέφος
1567 5712 1770 5782 δρῶσα,
1806 5716 1902 5768 καὶ

328 5811 433 5886 τὴν
458 5810 612 5877 me;
649 5794 1011 5883 σωφροσύνην
1041 5810 1101 5865 ὲν
1122 5806 1204 5880 τῷ
1234 5807 1330 5863 τοῦ
1368 5811 1650 5879 σχήματος
1688 5806 1899 5877 μειδιά-

2023 4605 2287 4677 virgineis
2325 4605 2551 4661 sinubns
2595 4604 2794 4675 Regem
2831 4605 3179 4669 insidentem,
3240 4600 3591 4673 angelorum-

2020 4711 2126 4767 que
2148 4696 2345 4754 choros
2370 4696 2684 4766 speluncam
2712 4696 3200 4752 circumversantes
3270 4694 3509 4757 intueor,
3540 4704 3598 4749 et

2018 4790 2226 4861 Magos,
2252 4804 2478 4845 munera
2508 4788 2639 4861 Regi
2668 4787 2981 4855 afferentes,
3011 4787 3207 4844 eximia
3251 4787 3435 4844 laetitia
3465 4785 3594 4841 δοίη

2016 4896 2167 4936 mum
2202 4883 2420 4951 oppleo,
2473 4890 2527 4935 et
2556 4879 2767 4950 gratiae,
2802 4893 2906 4949 qua
2941 4879 3135 4950 dignus
3164 4878 3390 4944 eliicior,
3441 4878 3595 4932 volu-

2014 4982 2166 5044 ptate
2220 4972 2533 5044 perfundor.
2590 4972 2774 5027 Perita
2835 4988 2995 5027 manu
3049 4971 3224 5041 pinxit
3287 4969 3484 5025 artifex
3536 4971 3589 5025 in

2016 5068 2274 5138 spciuuca
2308 5059 2566 5137 mysteria
2595 5080 2714 5135 quae
2741 5065 2796 5120 in
2831 5080 2895 5119 ea
2933 5074 3145 5135 patrata
3176 5071 3336 5119 sunt:
3361 5056 3593 5133 namque

2019 5161 2073 5216 in
2108 5159 2298 5215 abside
2350 5158 2584 5231 efﬁgiata
2638 5170 2759 5213 erat
2810 5156 3012 5221 Puella,
3049 5158 3101 5211 in
3135 5156 3277 5211 lecto
3306 5155 3588 5221 recubans,

2012 5253 2145 5309 lava
2174 5254 2411 5308 dextera:
2443 5251 2629 5306 cubito
2652 5250 2958 5322 supposita,
3006 5251 3071 5305 ad
3106 5251 3385 5305 dexteram
3414 5249 3586 5319 ipsum
3688 5256 3717 5329 ρ

2010 5346 2163 5424 genis
2192 5343 2488 5408 reclinatis,
2515 5342 2811 5399 Puerulum
2842 5343 3084 5411 intuens,
3108 5352 3161 5399 et
3197 5342 3438 5397 innatam
3461 5359 3589 5413 gra-

2007 5438 2253 5501 vitatem,
2289 5436 2620 5492 subridentis
2653 5437 2853 5507 specie.
2887 5449 2942 5494 et
2997 5437 3233 5508 eleganti
3278 5435 3436 5492 {aciei
3483 5452 3582 5494 co-

2007 5526 2141 5592 lore,
2202 5527 2450 5582 indicans
2487 5544 2503 5581 :
2542 5542 2718 5598 neque
2754 5529 2895 5583 enim
2943 5529 3114 5595 vultu,
3160 5540 3418 5600 tauquam
3481 5530 3576 5585 illa

2004 5637 2124 5691 quas
2159 5636 2349 5677 recens
2374 5629 2430 5675 et
2455 5620 2685 5691 primum
2718 5623 2947 5692 peperit,
3002 5622 3198 5692 pallida
3241 5622 3576 5692 liorridaquc

2005 5717 2324 5771 immutatur
2364 5731 2380 5769 :
2420 5728 2633 5784 aequum
2655 5714 2857 5785 quippe
2888 5724 3024 5783 erat,
3054 5732 3173 5787 quae
3201 5717 3361 5783 digna
3386 5715 3579 5774 effecta

2002 5819 2085 5865 est
2120 5818 2176 5863 ut
2204 5822 2365 5878 supra
2412 5820 2659 5865 naturam
2689 5810 2952 5880 gigneret.
2985 5810 3227 5867 dolorum
3278 5827 3372 5881 per
3414 5821 3572 5866 natu-
