3988 6284
263 398 375 462 961

1345 385 1805 455 DESCRIPTIO
1843 363 2122 446 TERRIE
2163 381 2496 444 SANCT/E-

3423 383 3530 446 962

266 512 474 585 εὑρέθη
512 511 779 583 σπήλαιον
808 509 975 581 μέγα,
1007 501 1068 562 οὗ
1106 507 1238 578 περὶ
1273 507 1333 559 τδ
1375 506 1658 575 ἐνδότερον
1689 501 1859 575 μέρος

1970 498 2098 554 illud
2133 513 2347 570 quoque
2380 511 2627 554 reserare
2652 508 3003 563 conaremur,
3038 499 3175 574 ignis
3211 515 3241 554 e
3281 505 3534 572 sepulcro

272 609 303 660 ὁ
332 607 428 660 τοῦ
457 603 618 673 ἀγίου
651 604 884 676 εὓρηται
922 601 1116 670 τάφος.
1143 597 1257 654 Καὶ
1289 599 1426 670 δῆτα
1466 597 1856 668 ὲγχειρισάμειο

271 717 368 764 νος
434 697 531 753 καὶ
596 697 766 751 αὑτὸν
809 695 908 766 μὲν
966 692 1279 758 ὑπανοῖξαι,
1329 689 1444 761 πῦρ
1495 687 1854 758 ἐξαλλόμενον

277 791 504 863 ἑωράθη
530 788 626 844 τοῦ
656 790 853 858 τάφου,
883 787 978 842 καὶ
1007 786 1102 844 τὸν
1138 786 1239 857 μὲν
1266 784 1362 839 ἕνα
1382 783 1586 838 τούτων
1617 781 1856 854 ἡμίφλε-

272 902 405 941 κτον
441 883 691 953 γενέσθαι
730 879 1028 952 πεποίηκε,
1092 877 1184 933 τὸν
1240 877 1286 931 δ’
1349 877 1541 950 ἕτερον
1607 874 1853 930 θανάτου

273 979 442 1042 εὐθὺς
470 976 877 1048 παρανάλωμα.

347 1071 414 1124 λ’.
449 1069 606 1124 Μετά
636 1068 694 1121 δὲ
728 1067 828 1139 τὴν
860 1064 1047 1138 χώραν
1087 1083 1296 1137 ταυτην
1341 1065 1492 1119 ἐστὶν
1516 1066 1551 1135 ἡ
1582 1061 1852 1117 Φιλίππου

277 1162 613 1230 Καισάρεια,
643 1158 799 1224 πόλις
823 1158 1058 1230 μεγάλη,
1087 1157 1444 1228 πολύανδρος,
1480 1156 1603 1228 ἥτις
1629 1155 1758 1227 περὶ
1796 1154 1860 1209 τὸ

273 1255 456 1324 χεῖλος
483 1257 582 1324 τῆς
615 1251 894 1322 θαλάσσης
918 1251 1151 1321 ἵδρυται,
1193 1251 1250 1304 ὲν
1350 1252 1443 1304 καὶ
1482 1247 1652 1321 λιμὴν
1679 1247 1860 1316 ὑπάρ-

275 1366 364 1419 χει
419 1348 564 1401 πάνυ
611 1346 940 1418 θαυμάσιος,
996 1339 1166 1416 τέχνῃ
1210 1341 1453 1414 γεγονὼς
1511 1342 1858 1416 ἀνθρωπίνῃ,

274 1441 501 1514 δαψιλξᾳ
530 1441 836 1513 χρημάτων
865 1432 1021 1510 ήτοῦ
1072 1437 1317 1509 Ἡρώδου
1348 1436 1710 1507 ὲπαρκέσασα
1734 1435 1857 1504 χεὶρ

272 1535 342 1604 τῇ
392 1532 588 1586 τούτου
651 1526 995 1602 κατασκευῇ.
1068 1529 1162 1585 Ἐν
1200 1527 1374 1600 ταύτῃ
1433 1526 1673 1596 Χριστὸς
1729 1527 1857 1589 τοὺς

286 1625 626 1689 ἀποστόλους
659 1624 866 1694 ἠρώτα,
901 1625 1038 1678 Τίνα
1066 1640 1144 1692 με
1167 1621 1458 1691 λέγουσιν
1478 1623 1531 1675 οὶ
1561 1619 1858 1686 ἄνθρωποι

276 1721 384 1772 τὸν
434 1718 577 1773 Υίὸν
625 1718 734 1772 τοῦ
773 1716 1128 1787 ἀνθρώπους
1183 1718 1278 1772 καὶ
1305 1715 1334 1768 ὁ
1381 1715 1607 1786 Πέτρος,
1639 1713 1724 1769 Σὺ
1747 1708 1858 1768 εἷό

276 1812 533 1882 Χριστὸς
555 1812 589 1866 ό
626 1810 759 1877 Υἱὸς
785 1809 892 1864 τοῦ
925 1809 1097 1873 Θεοῦ,
1129 1808 1266 1879 πρὸς
1300 1807 1463 1862 αὐτὸν
1498 1806 1856 1876 ἀπεκρίνατο,

276 1907 338 1958 τὸ
410 1905 507 1976 τῆς
566 1905 792 1974 ἀγάπης
852 1901 1110 1957 ἐντεῦθεν
1182 1902 1450 1972 διάπυρον
1509 1898 1858 1969 ἐνδεικνύμε-

276 2015 389 2061 νος.

352 2092 455 2145 λα’.
491 2087 650 2144 Μετά
706 2085 882 2143 ταῦτά
916 2088 1033 2141 ἐστι
1069 2087 1130 2140 τὸ
1172 2085 1499 2158 Καρμήλιον
1531 2085 1680 2155 ὅρος,
1730 2082 1860 2153 περὶ

277 2172 340 2230 οὗ
398 2178 567 2246 πολὺς
599 2180 754 2250 λόγος
790 2182 942 2254 παρά
971 2200 1029 2236 τε
1073 2185 1142 2254 τῇ
1180 2181 1386 2253 παλαιᾷ
1435 2181 1472 2232 Γ
1478 2181 1626 2250 ραφῇ
1658 2176 1753 2234 καὶ
1791 2176 1862 2245 τῇ

282 2274 466 2346 Καινῇ
529 2276 927 2349 ὑπηγόρευται.
984 2276 1140 2331 Ἔστι
1183 2276 1241 2328 δὲ
1273 2274 1334 2328 τὸ
1373 2275 1499 2344 ὅρος
1534 2270 1720 2340 ζυγὸς,
1767 2265 1860 2320 ὑπ’

278 2369 449 2420 αὑτοῦ
485 2369 579 2422 τοῦ
627 2369 916 2424 θαλαττίου
959 2368 1182 2434 κόλπου,
1217 2367 1310 2420 τοῦ
1353 2367 1484 2436 περὶ
1515 2363 1612 2437 τὴν
1666 2363 1864 2416 Πτολε-

281 2463 476 2534 μαΐδα,
528 2465 622 2517 καὶ
681 2463 778 2518 τοῦ
844 2464 1036 2532 Καῖρᾶ
1075 2461 1490 2532 κοιλαινομένου
1531 2459 1860 2530 ἀρχόμενος,

277 2559 379 2610 καὶ
420 2557 586 2630 μιχρι
640 2557 754 2616 τῶν
782 2557 884 2627 τῆς
914 2556 1208 2620 Γαλιλαίας
1243 2555 1424 2628 διήκει
1466 2553 1581 2627 [τα.
1631 2549 1864 2625 διήκων]

279 2650 470 2720 ὁρίων.
513 2651 648 2720 Περὶ
679 2651 738 2706 δὲ
781 2647 1307 2719 τδάκροτελεύτιον
1344 2646 1404 2704 τὸ
1456 2646 1595 2720 πρὸς
1623 2646 1723 2717 τὴν
1768 2645 1868 2700 θά-

280 2744 495 2798 λασσαν
553 2743 651 2797 τοῦ
707 2742 900 2813 ζυγοῦ,
951 2745 1068 2797 ἐστι
1117 2743 1179 2798 τὸ
1219 2741 1316 2796 τοῦ
1357 2743 1638 2812 προφήτου
1680 2737 1863 2793 Ἦλιοῦ

283 2837 576 2905 σπήλαιον,
608 2839 666 2891 ὲν
701 2830 746 2907 ᾧ
794 2837 894 2908 τὴν
922 2835 1227 2907 ἀγγελικὴν
1261 2833 1544 2888 πολιτείαν
1589 2834 1617 2886 ὁ
1647 2833 1864 2902 θαυμα-

285 2927 412 2993 στὸς
456 2930 669 2993 ἐκεῖνος
714 2929 1033 2993 διατελέσας
1071 2929 1236 3000 ἀνὴρ,
1276 2928 1569 2998 μετάρσιος
1616 2925 1860 2995 γέγονεν.

282 3016 396 3072 Ἦν
432 3020 534 3091 μὲν
559 3021 618 3075 ὲν
671 3021 748 3090 τῷ
778 3022 1006 3093 τοιούτῳ
1054 3019 1219 3093 χώρῳ
1250 3020 1416 3074 πάλαι
1443 3017 1660 3089 μεγάλη
1703 3018 1862 3089 μονὴ,

286 3115 359 3176 ὼς
397 3114 464 3167 τὰ
508 3115 605 3168 νῦν
667 3115 972 3186 φαινόμενα
1033 3113 1142 3167 τῶν
1180 3113 1502 3183 κτισμάτων
1547 3110 1862 3166 διδάσκουσι

1959 593 2244 658 exsiliens,
2277 609 2443 647 unum
2473 607 2539 647 ex
2569 590 2637 648 iis
2674 592 2764 661 qui
2800 593 2852 648 id
2903 594 3124 664 aggredi
3172 597 3532 661 conabantur,

1961 684 2280 743 semiustum
2322 684 2579 756 reliquit,
2632 684 2864 740 alterum
2931 689 3114 742 subita
3163 698 3339 745 morte
3380 688 3534 744 dele-

1961 781 2060 836 vit.

2033 1064 2123 1120 30.
2155 1064 2455 1135 Regionem
2481 1063 2625 1118 illam
2651 1063 2854 1133 excipit
2894 1063 3144 1119 Caesarea
3172 1063 3427 1135 Philippi,
3458 1066 3538 1121 ci-

1963 1158 2110 1211 vitas
2139 1171 2360 1226 magna,
2411 1168 2465 1214 et
2515 1155 2714 1225 populo
2747 1155 3025 1224 frequens,
3054 1156 3144 1220 {ad
3196 1157 3362 1211 maris
3389 1158 3536 1227 ripas

1960 1249 2213 1315 fundata;
2241 1258 2396 1320 portu
2425 1247 2802 1310 celeberrimo,
2843 1261 3010 1302 manu
3047 1247 3327 1304 hominum
3359 1249 3534 1314 iacto,

1963 1345 2256 1398 immanem
2283 1342 2634 1414 pecuniarum
2671 1351 2943 1410 sumptum
2971 1340 3025 1394 in
3055 1340 3159 1397 loci
3205 1351 3534 1398 structuram

1964 1436 2175 1493 Herode
2202 1447 2480 1507 erogante,
2511 1437 2713 1492 cincta.
2745 1435 2806 1489 in
2846 1450 2908 1490 ea
2943 1435 3197 1493 Christus
3230 1437 3536 1510 interrega-

1963 1531 2040 1585 vit
2070 1530 2344 1601 apostolos
2372 1548 2386 1584 :
2423 1528 2588 1596 Quem
2622 1547 2701 1585 me
2723 1532 2903 1586 dicunt
2924 1532 3160 1587 homines
3185 1548 3296 1588 esse
3333 1532 3534 1589 Filium

1962 1624 2231 1679 hominis?
2298 1633 2353 1680 et
2380 1621 2598 1690 Petrus,
2652 1621 2732 1678 Tu
2767 1639 2822 1678 es
2858 1623 3100 1679 Christus
3155 1621 3331 1680 Filius
3361 1625 3453 1681 Dei
3490 1626 3534 1691 ',

1963 1713 2262 1783 respondit,
2299 1713 2478 1770 verbis
2527 1712 2616 1769 his
2645 1722 2837 1768 aestum
2869 1727 2980 1769 sua:
3014 1715 3300 1772 charitatis
3354 1727 3537 1772 osten-

1963 1806 2117 1862 dens.

2032 2087 2120 2140 '51.
2166 2086 2530 2156 Subsequitur
2563 2104 2718 2145 mons
2765 2090 3075 2157 Carmelus,
3109 2094 3176 2148 de
3209 2109 3315 2162 quo
3339 2096 3399 2149 in
3437 2096 3540 2150 Ve-

1965 2175 2065 2230 teri
2102 2174 2526 2249 Recentiorique
2580 2177 2862 2252 Scriptura
2917 2182 3181 2253 plurimus
3219 2198 3399 2240 sermo
3437 2195 3541 2240 est.

1962 2267 2192 2339 Jugatur
2234 2286 2414 2339 mons,
2463 2272 2532 2328 ab
2564 2272 2682 2343 ipso
2719 2275 2886 2329 maris
2935 2275 3083 2341 sinu,
3117 2277 3210 2346 qui
3234 2276 3382 2332 circa
3412 2277 3541 2333 Pto-

1965 2363 2253 2419 lemaidem
2288 2374 2341 2418 et
2363 2364 2623 2434 Caipham
2655 2366 3007 2432 incurvatur,
3066 2367 3278 2424 initium
3310 2369 3540 2434 ducens,

1963 2467 2018 2510 et
2047 2458 2112 2512 ad
2140 2457 2375 2514 Galilam
2419 2458 2554 2515 ﬁnes
2602 2463 2949 2529 perveniens.
3004 2462 3065 2517 In
3090 2471 3335 2518 extrema
3388 2474 3545 2533 parte

1961 2548 2103 2620 jugi,
2146 2565 2251 2620 qua
2282 2565 2436 2609 mare
2509 2553 2754 2622 respicit,
2804 2557 3083 2624 propheta:
3122 2553 3256 2612 Elia:
3285 2560 3543 2626 spelunca

1965 2654 2264 2718 spectatur,
2322 2647 2379 2703 in
2435 2662 2544 2717 qua
2574 2648 2878 2718 angelicam
2935 2651 3062 2706 vita
3103 2651 3372 2709 rationem
3419 2666 3542 2706 cum

1967 2739 2236 2806 exegisset
2277 2736 2542 2795 miriﬁcus
2602 2739 2692 2796 ille
2723 2742 2829 2806 vir,
2872 2740 2924 2796 in
2975 2755 3102 2796 aera
3160 2742 3406 2797 sublatus
3437 2751 3542 2802 est.

1967 2830 2098 2888 Erat
2123 2847 2190 2889 eo
2223 2833 2326 2890 loci
2385 2835 2686 2905 antiquitus
2739 2835 3134 2892 monasterium
3169 2852 3452 2906 magnum,
3487 2846 3546 2892 ut

1967 2933 2364 2982 structurarum
2398 2928 2627 2998 vestigia
2659 2927 2727 2982 ad
2760 2929 2874 2984 hare
2897 2943 3069 3002 usque
3115 2936 3357 3000 tempora
3392 2945 3544 2986 com-

1970 3027 2319 3086 monstrant;
2350 3021 2446 3076 sed
2481 3021 2633 3086 illud,
2683 3030 2947 3092 tempore,
2983 3022 3126 3093 quod
3154 3024 3335 3077 omnia
3380 3023 3435 3077 in
3463 3037 3548 3079 se-

1970 3109 2118 3165 nium
2169 3112 2433 3180 impellit,
2488 3124 2546 3170 et
2589 3115 3045 3184 gentium'variis
3091 3117 3544 3184 excursionibus,

288 3205 537 3276 λείψανα,
568 3205 682 3262 ἀλλ’
718 3207 824 3261 ὑπὸ
859 3207 952 3260 τοῦ
982 3207 1199 3278 χρόνου,
1239 3205 1335 3258 τοῦ
1367 3205 1435 3260 τὰ
1473 3205 1654 3258 πάντα
1687 3202 1862 3274 γηρά-

1970 3204 2183 3274 penitus
2217 3204 2506 3266 abolitum.
2552 3202 2756 3260 Verum
2795 3216 2925 3262 ante
2955 3205 3162 3276 aliquot
3195 3221 3390 3273 annos,
3423 3206 3549 3277 quia

285 3315 538 3366 σκοντος,
581 3299 678 3352 κα)⁸
719 3302 816 3370 τῆς
856 3299 963 3354 τῶν
999 3298 1212 3372 ἐχθρῶν
1265 3297 1677 3369 ἀλλεπαλλήλου
1738 3299 1863 3350 ἑπι-

291 3392 861 3464 δρομῆςηὴφάνισται
897 3391 1104 3448 τέλεον.
1167 3392 1282 3463 Πρὸ
1337 3392 1396 3447 δέ
1455 3408 1619 3447 τινων
1654 3390 1864 3462 χρόνων

283 3484 432 3555 ἀνὴρ
473 3483 732 3556 μοναχδς,
766 3485 949 3556 ίερεὺς
977 3483 1078 3556 τὴν
1121 3483 1304 3550 ἀξίαν,
1343 3481 1527 3546 πολιὸς
1554 3483 1650 3554 τὴν
1675 3481 1861 3552 τρίχα,

283 3575 716 3647 Καλαυρηδόθεν
766 3574 1127 3646 ὁρμώμενος,
1190 3573 1250 3640 ἐξ
1309 3573 1710 3644 ἀποκαλύψεως
1770 3571 1863 3626 τοῦ

283 3669 570 3740 προφήτου
599 3669 676 3740 τῷ
699 3671 852 3742 τόπῳ
882 3669 1252 3740 ἐπιδημήσας,
1287 3670 1345 3722 ὲν
1371 3672 1484 3732 τοῖς
1507 3669 1696 3731 τόποις
1723 3667 1870 3721 ὲκεί-

285 3779 424 3828 νοις,
456 3762 488 3835 ἢ
529 3761 601 3827 ὡς
635 3766 692 3817 ἐν
726 3765 840 3826 τοῖς
870 3760 970 3834 τῆς
1004 3762 1176 3832 μονῆς
1212 3761 1566 3833 καταλύμασι
1615 3760 1867 3832 θριγγίον

285 3853 470 3925 πήξας
503 3855 720 3925 μικρὸν,
773 3857 867 3908 καὶ
922 3853 1139 3924 πύργον
1170 3850 1560 3922 οἰκοδομήσας,
1592 3852 1687 3904 καὶ
1739 3852 1867 3906 ναὸν

285 3947 582 4018 ἀνεγείρας
612 3947 833 4019 μικρὸν,
861 3948 960 4000 καὶ
991 3945 1256 4014 ἀδελφοὺς
1277 3943 1412 3996 ὡσεὶ
1439 3943 1572 3997 δέκα
1606 3943 1863 4009 συνάξας,

285 4037 386 4093 νῦν
417 4040 508 4093 τὸν
543 4041 702 4110 ἅγιον
730 4042 908 4113 χῶρον
935 4041 1144 4094 ἐκεῖνον
1172 4040 1336 4091 οίκεῖ.

366 4133 468 4205 λβ’.
508 4135 776 4190 Ἐνταῦθα
813 4134 1120 4190 πεπαύσθω
1158 4133 1220 4186 τδ
1262 4134 1360 4204 τῆς
1384 4129 1707 4200 ἐκφράσεως
1737 4127 1868 4196 σύγ·

286 4249 555 4304 γραμμα,
588 4231 718 4286 ἔνθα
767 4246 858 4302 μοι
894 4229 989 4284 καὶ
1038 4229 1065 4282 ό
1099 4227 1207 4284 τῶν
1244 4225 1404 4298 ἱερῶν
1443 4225 1625 4279 τόπων
1651 4220 1866 4285 δίαυλος

285 4323 749 4396 τετιρμάτισται.
785 4322 849 4375 Εἰ
920 4321 1106 4392 μέντοι
1142 4319 1288 4382 δόξει
1334 4319 1444 4380 τοῖς
1475 4315 1867 4386 ὲντυγχάνουσι

283 4418 446 4472 τουτὶ
489 4417 551 4470 τὸ
602 4417 824 4488 πόνημα
890 4415 1186 4485 χρήσιμον,
1221 4412 1354 4468 αὑτό
1399 4426 1491 4482 μοι
1524 4411 1584 4463 τὸ
1630 4407 1867 4480 πονηθὲν

287 4511 649 4582 ἁντάμειῲις,
683 4511 780 4565 καὶ
815 4506 982 4563 ἆθλον
1031 4505 1305 4578 ἔμμισθον
1335 4505 1721 4573 λογισθήσεται
1758 4516 1775 4531 ·
1820 4501 1866 4552 εί

285 4607 347 4660 δὲ
407 4605 482 4676 μὴ
538 4604 722 4670 τοῦτο,
766 4603 905 4674 πρὸς
939 4603 1042 4673 ἐμὲ
1081 4603 1172 4654 τὸν
1233 4600 1464 4655 τεκόντα
1495 4598 1556 4651 τὸ
1603 4593 1868 4668 γεννηθὲν

285 4698 813 4771 ἐπαναστραφείτω,
850 4699 946 4753 καὶ
984 4698 1100 4760 τοῖς
1153 4695 1322 4749 αὑτοῦ
1364 4692 1686 4764 ψελλισμοϊς
1731 4691 1867 4744 ὑπο·

289 4794 549 4867 μνηζέτω
578 4795 686 4848 τῶν
716 4794 878 4849 θείων
903 4792 1086 4847 τόπων
1129 4788 1380 4855 ἐκείνων,
1420 4786 1488 4841 ἶν’
1515 4791 1572 4842 ὲν
1599 4785 1871 4857 φαντασίᾳ

283 4890 377 4945 διὰ
446 4890 545 4960 τῆς
607 4889 970 4960 ἀναμνήσεως
1030 4886 1257 4940 ἐκείνων
1322 4883 1632 4954 γενόμενοι,
1697 4881 1869 4952 ἡδέως

285 4981 809 5057 ὲπευφραινώμεθα.

360 5173 384 5204 ⁸
416 5169 607 5226 Matth.
639 5184 750 5235 ενι,
777 5165 962 5223 1³546.

1968 3298 2090 3351 dam
2123 3298 2446 3365 monachus,
2479 3298 2744 3370 dignitate
2772 3300 3052 3364 sacerdos,
3074 3299 3335 3371 capillitio
3363 3300 3543 3367 albus,

1967 3405 1999 3446 e
2045 3389 2296 3446 Calabria
2340 3391 2630 3458 oriundus,
2681 3407 2745 3447 ex
2785 3392 3062 3466 prophetae
3099 3393 3434 3451 revelatione
3486 3394 3544 3450 in

1970 3492 2208 3536 montem
2242 3481 2544 3550 appellens,
2578 3496 2642 3538 ea
2673 3481 2814 3548 loca,
2850 3483 3172 3539 monasterii
3203 3495 3397 3552 nempe
3456 3498 3544 3538 re-

1970 3573 2186 3641 liquias,
2214 3572 2358 3627 vallo
2387 3586 2652 3643 perparvo
2677 3573 2880 3640 cinxit,
2909 3583 2967 3631 et
2995 3573 3135 3631 turri
3180 3574 3543 3638 exaediﬁcato,

1971 3663 2279 3734 temploque
2355 3678 2461 3718 non
2537 3665 2740 3735 ingenti
2801 3675 3115 3734 exstructo,
3177 3664 3548 3735 iratribusque

1970 3755 2142 3812 ferme
2167 3757 2234 3809 ad
2273 3759 2461 3811 decem
2490 3756 2754 3824 collectis,
2783 3758 3084 3819 etiamnum
3115 3767 3366 3816 sanctum
3393 3758 3545 3816 illum

1970 3850 2233 3904 ambitum
2267 3845 2424 3905 colit.

2041 4137 2131 4194 52.
2158 4135 2223 4191 Et
2246 4135 2335 4190 hic
2369 4133 2754 4203 descriptionis
2784 4131 3009 4202 hujusce
3046 4132 3228 4189 exitus
3267 4139 3410 4198 esto,
3455 4131 3544 4187 ubi

1972 4241 2252 4285 sacrorum
2284 4227 2528 4283 locorum
2562 4223 2811 4279 circuitio
2865 4222 3026 4278 tinem
3069 4221 3251 4279 habet.
3292 4220 3447 4288 Quod
3501 4222 3546 4279 si

1971 4321 2272 4393 legentibus
2320 4319 2473 4374 iabor
2524 4318 2629 4375 isto
2673 4315 3103 4373 emolumentum
3147 4314 3343 4371 aﬂerre
3399 4316 3550 4371 visus

1970 4415 2156 4482 fuerit,
2189 4427 2327 4484 opus
2357 4413 2534 4482 ipsum
2568 4423 2632 4465 ac
2661 4409 2814 4466 labor
2842 4409 3214 4478 compensatio
3249 4408 3383 4463 mihi
3427 4424 3544 4464 arn-

1901 4561 1946 4616 o
1974 4509 2060 4581 pla
2085 4518 2138 4563 et
2161 4503 2508 4562 lucrificabile
2530 4504 2810 4575 prmmium
2834 4501 3207 4572 reputabitur:
3236 4499 3319 4555 sin
3345 4501 3546 4569 minus,

2031 4604 2042 4616 ι
2251 4610 2261 4616 .
2283 4615 2294 4616 γ
2322 4613 2351 4616 Α
2384 4612 2436 4616 κ--
2464 4598 2568 4616 1--.
2627 4611 2647 4616 -
2694 4609 2792 4616 η---
2823 4603 2994 4616 --.ηιμ
3034 4592 3171 4616 ,ιηιιει
3232 4590 3508 4616 ι.--ιι....ε,..-

1977 4604 2043 4657 ad
2079 4610 2357 4671 parentem
2383 4598 2595 4662 redeat,
2625 4611 2654 4651 a
2690 4609 2796 4666 quo
2819 4603 2998 4651 ortum
3030 4592 3200 4658 ducit,
3232 4590 3545 4648 balbutien-

1977 4695 2158 4766 doque
2199 4705 2480 4749 sacrorum
2537 4690 2781 4745 locorum
2823 4685 3138 4743 memoriam
3197 4685 3434 4752 refricet,
3491 4695 3550 4741 ut

1977 4803 2075 4846 nos
2102 4801 2288 4843 eorum
2327 4783 2704 4840 recordatione
2729 4782 2782 4837 in
2821 4783 2999 4836 vivam
3035 4795 3222 4836 eorum
3255 4780 3546 4850 imaginem

1978 4891 2307 4948 remeantes,
2337 4876 2490 4934 suavi
2521 4875 2716 4934 solatio
2745 4875 2800 4931 in
2828 4874 3026 4945 gaudia
3058 4873 3432 4930 restituantur.
