3988 6284
567 426 669 494 963
1836 428 2189 493 PERDICB
2238 425 2584 489 EPHESII.
3676 413 3765 483 964

2294 568 3761 599 ___________________..._.____..___—-—.

1332 757 2192 881 ΕΡΙΡΗΑΝΙΙ
2322 745 3089 875 MONAGHI

1930 981 2499 1049 HAGIOPOLITIE

1399 1166 1752 1266 SYBIA
1855 1167 2006 1260 ET
2110 1166 2408 1261 ΠΒΒὸ
2500 1160 2986 1259 SANCTA.

1156 1371 1390 1433 Exstat
1420 1386 1559 1432 cum
1585 1368 1733 1431 aliis
1764 1363 2121 1447 Epiphanit’
2155 1363 2409 1444 scriptis
2439 1361 2822 1442 Patrologt'te
2852 1370 3003 1423 tom.
3039 1357 3230 1424 CXX.

1762 1738 2641 1875 ΠΕΡΔΙΚΟΥ

1320 1984 2273 2080 ΠΡΩΤΟΝΟΤΑΡΙΟΥ
2346 1985 2568 2074 ΤΗΣ
2642 1981 3081 2075 ΕΦΕΣΟΥ

2028 2176 2349 2230 ΕΚΦΡΔΣῙΣ

1226 2374 1229 2378 »
1287 2332 1474 2391 ΠΕΡΙ
1504 2333 1645 2391 ΤΩΝ
1669 2333 1774 2390 ΕΝ
1801 2329 2369 2388 ΙΕΡΟΣΟΔΥΜΟῙΣ
2404 2331 2495 2388 ΚΥ
2494 2329 2760 2387 ΡΙΑΚΩΝ
2795 2326 3155 2383 ΘΕΜΑΤΩΝ.

493 2805 497 2812 _
560 2590 1442 2754 PERDIG/E
1497 2476 2963 2752 PROTOblOTARII
3054 2574 3796 2744 EPHESII

2024 2865 2294 2919 EXPOSIT
2303 2855 2365 2917 10

678 3026 1142 3091 THEMATUM
1177 3020 1737 3086 DOMINICORUM
1777 3021 1879 3083 ET
1922 3021 2567 3088 MEMORABILIUM
2604 3020 2790 3096 QUAE
2834 3016 3439 3081 HIEROSOLYMIS
3478 3015 3704 3080 SUNT.

556 3341 788 3412 Quando
821 3338 1020 3408 volupe
1048 3345 1133 3394 est
1175 3332 1472 3406 plerisque,
1500 3332 1717 3405 Opinor,
1781 3330 2037 3388 omnibus

2170 3340 2219 3398 Α
2260 3331 2528 3406 Ἐπείπερ
2556 3331 2948 3404 πολυέραστον,
2981 3324 3122 3395 οῖδα,
3155 3326 3418 3400 τυγχάνει
3458 3328 3618 3393 πᾶσι,

554 3437 810 3494 Narratio
840 3436 907 3491 de
936 3434 1156 3489 civitate
1193 3427 1348 3495 Sion,
1385 3428 1453 3485 iis

2243 3425 2357 3498 Τὴν
2394 3426 2499 3497 τῆς
2521 3424 2661 3480 Σιὼν
2701 3425 2958 3497 διήγησιν
2993 3425 3108 3488 τοῖς
3139 3421 3215 3495 μὴ
3251 3422 3649 3492 Θεασαμένοις,

555 3527 659 3596 Qui
692 3541 797 3582 non
829 3538 947 3581 eam
964 3523 1172 3591 videre,
1203 3535 1303 3592 ego
1332 3528 1391 3576 ut
1419 3515 1531 3575 vidi
1564 3517 1811 3589 eloquar.

2255 3520 2343 3586 Ὦς
2371 3519 2567 3590 αὑτοψὶ
2596 3518 2856 3581 τεϐἐακα,
2883 3516 3059 3582 οὕτως
3079 3516 3243 3581 αὐτὸς
3272 3517 3563 3590 ἐκφράσω.

558 3621 671 3678 ΙΙοο
702 3619 961 3692 oppidum
991 3626 1075 3673 est
1098 3617 1209 3673 situ
1240 3613 1578 3685 spectabile;

2255 3609 2322 3664 Ἦ
2361 3611 2519 3672 πόλις
2543 3607 2645 3681 τὴν
2671 3608 2916 3663 διάθεσιν
2962 3607 3329 3679 περίϐλεπτος
3368 3610 3656 3682 τυγχάνει,

557 3711 769 3782 Quippe
800 3719 885 3768 est
917 3710 985 3766 ab
1012 3721 1321 3779 auroraque
1346 3715 1400 3762 et
1430 3720 1627 3763 occasu
1656 3704 1949 3761 imminens

2258 3703 2347 3769 Ὠς
2379 3702 2437 3769 ἐξ
2470 3703 2613 3777 ἑῴας
2646 3703 2741 3757 καὶ
2777 3702 2999 3773 δυσμῶν
3029 3702 3124 3757 δύο
3151 3701 3413 3759 κοιλάδων
3451 3706 3620 3775 μέσον

559 3803 908 3863 Couvallibus
938 3802 1191 3873 geminis,
1231 3799 1466 3856 amomis
1495 3807 1551 3855 et
1577 3799 1751 3855 cavis.

2257 3797 2669 3870 Ὑπερκειμὲνη
2694 3795 2952 3867 καθαρῶν
2980 3798 3200 3852 πάντων
3230 3797 3325 3852 καὶ
3350 3798 3694 3870 βαθυτάτων,

563 3896 962 3968 Scptcntrionis
1003 3909 1127 3967 pars
1156 3893 1345 3966 polita,
1377 3894 1554 3951 solum
1581 3901 1638 3949 et
1660 3892 1847 3960 ferax;

2241 3891 2427 3964 Μέρος
2452 3891 2513 3946 τὺ
2538 3891 2883 3965 βορειότερον
2914 3892 3059 3946 λεῖον
3098 3892 3398 3966 εὐκάρπου
3420 3894 3614 3963 γαίας,

563 3987 870 4044 Sereuitate
898 3987 1178 4052 decorum,
1211 3994 1268 4041 et
1304 3992 1533 4055 aspectu
1566 3984 1669 4041 loci
1703 4001 1719 4039 :

2243 3988 2355 4042 Καὶ
2382 3986 2683 4060 ὲμφανείᾳ,
2706 3987 2803 4042 καὶ
2834 3989 3043 4061 τερπνῇ
3075 3988 3462 4060 κοσμούμενον
3486 3992 3556 4062 τῇ
3595 3990 3708 4063 θέᾳ,

562 4081 664 4138 Ubi
686 4082 860 4137 vineae
886 4079 1105 4164 uberes,
1129 4089 1183 4137 et
1210 4079 1381 4146 horti,
1422 4078 1666 4149 itemque
1687 4077 1826 4148 agri.

2243 4081 2344 4135 Διά
2375 4080 2640 4152 ἀμπέλων
2675 4080 2881 4136 ἱκανῶν
2904 4083 3000 4137 καὶ
3032 4082 3229 4144 κήπων
3258 4084 3354 4137 καὶ
3382 4085 3626 4156 χωρίων.

557 4175 831 4231 Australis
857 4182 913 4230 at
943 4173 1152 4229 devexa
1182 4188 1333 4242 pars,
1372 4172 1477 4227 situ
1509 4172 1739 4242 optimo,

2242 4175 2287 4229 Τ
2289 4175 2317 4229 ὸ
2346 4174 2401 4229 δέ
2431 4192 2495 4243 γε
2526 4174 2702 4228 νότιον
2731 4174 2892 4238 εὐθὲς
2922 4172 3237 4244 κατώτερον
3261 4173 3360 4246 τὴν
3391 4174 3575 4242 θέσιν,

559 4268 705 4324 Bona
738 4276 982 4339 tempora
1031 4277 1085 4323 ct
1114 4266 1450 4323 feracitatem
1483 4267 1800 4330 continens;

2243 4268 2518 4341 Εὑαερίαν
2539 4267 2661 4339 ἕχον
2698 4284 2757 4321 τε
2787 4268 2881 4321 καὶ
2910 4267 3091 4321 πᾶσαν
3125 4268 3459 4341 εὐκαρπίαν,

559 4362 757 4418 Forma
788 4361 1053 4433 quadrata
1081 4360 1341 4432 iactitans
1371 4374 1554 4415 arcem
1594 4358 1837 4429 undique

2256 4364 2345 4418 ’Ἐν
2375 4361 2706 4435 τετραγώνῳ
2736 4361 2981 4433 σχήματι
3014 4361 3074 4414 τὸ
3101 4361 3367 4433 φρούριον
3398 4361 3647 4433 αὑχοῦσα

559 4457 692 4514 Late
725 4466 1023 4529 patentem,
1052 4472 1170 4528 quae
1204 4455 1349 4510 haud
1381 4464 1500 4525 eget
1528 4452 1848 4510 custodibus

2245 4456 2673 4528 Κεχαλασμένον
2698 4453 2988 4519 πάντοθεν,
3021 4453 3339 4525 ἀφύλακτον
3367 4455 3476 4527 πρὸ
3509 4458 3736 4527 χρόνων,

558 4548 675 4604 Jam
709 4549 835 4605 olim
867 4566 881 4605 ;
910 4548 1263 4619 frequentans
1290 4558 1423 4616 quo,
1455 4545 1522 4601 ab
1558 4545 1874 4615 Aquilonari
1908 4543 2065 4617 plaga

2246 4545 2435 4621 Οὒπερ
2467 4551 2527 4603 ἐν
2564 4548 2725 4621 μέρει
2766 4546 3141 4620 πεφοιτηκὼς,
3176 4548 3235 4602 ὲν
3282 4547 3438 4621 μέρει
3476 4550 3553 4620 τῷ
3592 4546 3802 4621 ἀρκῖῴῳ

561 4644 747 4699 Celsus
778 4644 977 4699 domus
1002 4641 1232 4704 videbis,
1256 4652 1418 4711 atque
1447 4639 1677 4709 regiam,

2248 4644 2525 4715 Εὑρήσεις
2553 4642 2752 4713 δόμους
2780 4640 3044 4714 ὑψηλοὺς,
3073 4640 3359 4714 βασιλικὴν
3382 4641 3572 4697 ἑστίαν

558 4733 840 4804 Aﬂdesque
871 4745 1117 4788 amoenas
1148 4730 1415 4786 Joachimi
1453 4745 1518 4785 ac
1544 4731 1713 4785 Annae
1749 4745 1924 4797 anus;

2244 4737 2357 4791 Καὶ
2404 4735 2551 4791 θεῖον
2586 4732 2735 4789 οἷκον
2770 4736 3114 4808 πάντερπνον
3146 4733 3409 4807 Ἰωακεὶμ
3454 4737 3554 4790 καὶ
3600 4737 3799 4804 ’Δννηςι

560 4828 663 4883 Ubi
692 4839 775 4883 est
797 4825 1104 4898 sepulcrum
1138 4825 1297 4879 ambo
1324 4840 1539 4879 sacrum
1571 4821 1879 4894 parentum.

2256 4829 2372 4900 Ἐφ’
2412 4823 2585 4900 οὗπέρ
2611 4831 2761 4884 ἐστιν
2793 4830 2826 4900 ἡ
2853 4828 3013 4899 σορὸς
3043 4830 3213 4900 ἄμφω
3249 4829 3618 4900 θεοπατόρων.

560 4918 764 4977 ῡίσυειι
796 4920 981 4990 opacis
1010 4920 1174 4975 arbor
1206 4919 1293 4973 hic
1328 4927 1438 4973 stat
1462 4918 1774 4984 frondibus,

2242 4925 2356 4980 Καὶ
2385 4925 2603 4999 δένδρον
2631 4925 3027 4995 εὐσκιόφυλὶρν
3059 4922 3235 4988 ἑστὼς
3267 4925 3324 4978 ἐν
3351 4924 3427 4995 τῷ
3451 4926 3694 4995 προνάῳ,

562 5015 692 5081 Quae
724 5018 842 5069 luce
876 5016 1041 5069 natali
1074 5015 1440 5087 integerrima:
1479 5014 1572 5069 Dei

2246 5017 2425 5089 Ὅπερ
2452 5021 2532 5082 εἰς
2558 5019 2617 5072 τὸ
2651 5018 2930 5086 γενέθλιον
2961 5017 3061 5088 τῆς
3097 5016 3482 5087 παναχράντου
3513 5017 3682 5086 κόρης

561 5108 751 5163 Matris
784 5111 968 5181 vigens
1012 5109 1246 5167 fructum
1281 5110 1501 5167 exhibet
1531 5108 1836 5177 sterilibus,
1869 5109 1959 5166 his

2256 5113 2525 5181 ’Λναφυὲν
2549 5112 2835 5183 πορίζεται
2868 5112 3077 5181 καρπὲις
3101 5111 3228 5173 ταῖς
3262 5108 3688 5181 στειρευοῦσαις,

559 5204 1006 5262 Communionem
1033 5221 1151 5277 quas
1181 5208 1397 5262 arboris
1428 5205 1643 5262 fruetus
1667 5206 1894 5273 habent,

2244 5208 2537 5270 Ποιούσαις
2558 5205 2661 5276 τὴν
2684 5204 2986 5276 μετάληψιν
3015 5204 3077 5257 ὲκ
3101 5200 3195 5257 τοῦ
3216 5202 3435 5271 καρποῦ
3453 5202 3551 5256 τοῦ
3573 5200 3790 5269 δένδρου.

561 5299 865 5356 Porticibus
900 5301 952 5355 in
977 5301 1183 5372 quiuis,
1220 5302 1290 5357 ibi
1325 5303 1600 5357 uatatoria

2245 5302 2392 5373 Πρὸς
2412 5300 2636 5365 τούτους
2662 5302 2810 5354 ἐστὶν
2832 5286 2896 5355 ἓν
2927 5301 3113 5364 στοαῖς
3142 5298 3306 5353 πέντε
3336 5298 3431 5351 καὶ
3461 5291 3795 5366 κολυμὸήορι

561 5393 847 5450 Probatica
881 5400 1173 5467 quondam,
1207 5396 1509 5453 remedium
1544 5396 1827 5469 paralytici

2244 5394 2559 5468 Προϐατικὴ
2585 5398 2644 5449 τὸ
2672 5396 2939 5467 πρότερον
2965 5394 3104 5457 ἴασις
3134 5392 3470 5465 παραλύτου,

558 5485 701 5542 Infra
725 5489 920 5555 s‘olum,
958 5491 1129 5545 vectis
1158 5490 1382 5561 grabato
1416 5490 1724 5555 commoda,

2254 5488 2536 5560 ’Υπόγεως
2565 5489 2623 5541 ἐν
2653 5487 2883 5558 κλίμακι
2912 5488 3127 5543 πάντων
3163 5486 3604 5558 κατερχομένων,

568 5580 923 5649 Uteluautur,
959 5583 1100 5639 uuda
1132 5586 1257 5641 dum
1295 5585 1579 5640 exundans
1605 5584 1811 5639 tremit.
1863 5572 1873 5582 ”

2256 5581 2651 5651 Ἀπολουθῆναι
2687 5582 2974 5653 τρομερῶς
3000 5581 3075 5645 ὡς
3108 5580 3610 5652 ἀμετροϐυθούσης.

563 5668 737 5741 Supra
774 5675 913 5730 lianc
954 5676 1120 5730 situm
1173 5675 1429 5743 templum
1466 5677 1733 5747 stupendo
1763 5676 1959 5733 decore
1993 5690 2131 5744 erat,

1955 5700 1959 5731 ε
1993 5690 2131 5744 erat,
2245 5675 2491 5748 Ὕπερθε
2524 5677 2727 5748 ταύτης
2749 5677 2806 5731 δὲ
2833 5676 2960 5740 ναός
2995 5678 3143 5731 ἐστιν
3170 5675 3530 5750 ὠραϊσμένος,

560 5765 712 5839 Ejus,
759 5768 1021 5826 medelam
1056 5773 1147 5841 qui
1180 5772 1434 5828 omnibus
1468 5772 1560 5826 dat
1579 5771 1778 5826 obviis.

2236 5772 2345 5827 Τοῦ
2378 5773 2511 5825 πᾶσι
2542 5773 2657 5836 τοῖς
2692 5771 3088 5841 προϐαίνουσιν
3118 5770 3263 5827 ἴασιν
3293 5769 3670 5843 χορηγοῦντος.

561 5856 691 5915 Post
720 5861 835 5917 haec
862 5859 1021 5918 Pilati
1064 5866 1255 5920 domus
1283 5874 1335 5920 ct
1364 5863 1534 5919 Annae
1559 5872 1614 5918 ct
1644 5862 1884 5935 Caiphae,

2240 5860 2375 5919 Εἶτα
2405 5864 2642 5920 Πιλάτου
2679 5862 2915 5937 οἴκησις,
2950 5865 3118 5921 Ἀννα
3146 5866 3242 5920 καὶ
3265 5866 3506 5935 Καῖάφα,

608 5954 995 6028 raetoriumque
1033 5957 1482 6025 abominandum,
1513 5971 1611 6015 seu
1644 5956 1795 6015 locus

2245 5957 2320 6011 Τὸ
2354 5956 2647 6027 βδελυκτὸν
2684 5957 3022 6031 πραιτώριον
3044 5957 3142 6016 καὶ
3180 5958 3344 6024 τόπος
3372 5955 3678 6028 καταδίκης,
