4060 6290
341 564 521 637 Ὅπου
551 557 646 617 τοῦ
688 560 896 632 Πέτρου
921 557 1178 629 ἄρνησις,
1214 551 1309 605 καὶ
1342 546 1559 620 φυλακὴ
1583 544 1814 617 Κυρίου,

356 636 447 721 Ἐξ
472 650 539 727 ἧς
560 653 791 725 σταυρὸν
814 651 1102 718 ἐπώμισαν
1126 645 1216 699 τὸν
1243 642 1486 712 κτίστην
1507 640 1602 694 καὶ
1622 636 1919 706 Δεσπότην,

343 744 498 799 Μετά
529 744 725 813 μικρὸν
762 739 1130 812 βαπάσαντος
1164 735 1407 804 Σίμωνος
1438 727 1775 801 Κυρηναίου,

346 841 439 904 Είς
483 839 755 908 Γολγοθὰν
809 837 865 889 δὲ
902 833 1173 905 μεταϐὰς,
1228 829 1326 883 καὶ
1357 828 1522 880 τόπον
1556 823 1650 879 τοῦ
1693 819 1920 894 κρανίου

346 929 523 986 Ὅπου
566 929 785 1000 σταυρῷ
823 926 1143 998 προσήλωσε
1168 922 1228 977 τὸ
1257 922 1413 990 γένος
1445 917 1553 971 τῶν
1586 912 1857 986 Ἐϐραίων

345 1023 453 1078 Τὸν
481 1023 853 1093 ἀκατάκριτον
896 1017 1095 1090 κριτὴν
1144 1015 1284 1086 μετά
1316 1011 1533 1085 λῃστῶν
1574 1006 1926 1078 κακούργων.

350 1117 506 1170 Ἔστι
535 1116 630 1169 καὶ
670 1116 836 1187 μέχρι
864 1112 1022 1167 τοῦδε
1050 1110 1147 1164 νῦν
1185 1107 1264 1178 τῷ
1314 1103 1725 1178 μακαριωτάτῳ
1766 1099 1919 1170 λίθῳ,

362 1210 477 1279 Ἐφ’
502 1202 676 1281 οὗπερ
707 1206 913 1278 ἔπηξαν
946 1194 1211 1273 σταυρόν,
1242 1200 1352 1271 ὀπὴ
1381 1198 1742 1268 τετορημένη,

350 1304 462 1357 Καὶ
497 1302 694 1373 φλέϐες
718 1300 1085 1373 ὲρυθάζουσαι
1114 1294 1400 1367 προδήλως
1429 1292 1780 1365 παριστῶσαι

350 1395 462 1449 Τοῦ
502 1395 894 1467 παναχράντου
948 1392 1189 1463 αἵματος
1227 1387 1555 1443 δεσποτικοῦ
1596 1387 1694 1457 τὴν
1742 1387 1927 1459 χύσιν.

354 1486 497 1556 [Ιρὺς
518 1486 576 1539 δὲ
614 1487 709 1540 καὶ
739 1487 768 1539 ό
802 1484 1071 1557 κυριακδς
1098 1484 1275 1553 τάφος
1309 1484 1336 1535 ό
1368 1480 1618 1550 θεοδέχος

352 1578 452 1631 Διά
479 1576 791 1650 μαρμάρων
818 1575 1201 1648 λαμπρυνθεὶς
1244 1574 1443 1629 κιόνων
1490 1572 1924 1637 στιλπνοτάτων,

355 1670 466 1723 Kal
495 1671 602 1741 πρὸ
634 1669 736 1741 τῆς
761 1668 934 1742 θύρας
969 1668 1250 1731 κυλισθείς
1276 1669 1303 1723 ό
1342 1666 1474 1738 παρ’
1498 1668 1732 1736 ἀγγέλου
1757 1666 1929 1732 λίθος,

368 1762 461 1828 Ἐξ
488 1756 565 1816 ὧν
594 1762 837 1836 πηγάζει
874 1761 1134 1832 θαύματα
1168 1763 1303 1815 πᾶσι
1334 1761 1551 1822 πιστοῖς
1582 1758 1854 1828 ἀφθόνως.

356 1857 468 1910 Kal
485 1856 546 1910 τὸ
569 1856 634 1929 δὴ
655 1858 839 1929 μεῖζον
866 1856 1164 1931 προφανῶς
1194 1856 1408 1918 πιστοῖς
1443 1870 1503 1907 τε
1531 1853 1626 1908 καὶ
1655 1851 1929 1917 ἀπίστοις,

370 1950 437 2003 Ἦ
468 1950 610 2005 κατά
646 1949 746 2021 τὴν
785 1950 1132 2023 παγκόσμιον
1166 1949 1469 2003 ἀνάστασιν
1522 1945 1755 2017 Κυρίου,
1785 1962 1790 1968 ·

360 2043 679 2114 Φωτοχυσία
700 2042 971 2115 πρόδηλος
995 2042 1174 2114 φωτὸς
1204 2041 1300 2096 τοῦ
1329 2041 1604 2110 παναγίου

361 2135 744 2190 Μεταδιδοῦσα
772 2138 887 2200 τοῖς
912 2136 1129 2201 πιστοῖς
1170 2135 1445 2205 ἁγιασμόν
1476 2133 1572 2187 καὶ
1597 2132 1773 2202 φῶτα.

367 2230 816 2302 Ἔστικαητόπος
843 2230 1049 2302 ὑψηλὸς
1069 2228 1419 2300 κλιμακωτδς
1445 2229 1524 2288 είς
1545 2225 1731 2297 βάθος,

366 2325 457 2379 Ἐν
492 2316 645 2399 ᾧπερ
674 2326 955 2397 κέκρυπτο
978 2325 1211 2397 σταυρὸς
1242 2323 1507 2399 ζωοποιὺς
1542 2320 1774 2392 Κυρίου.

368 2420 481 2473 Καὶ
516 2418 682 2484 τόπος
708 2418 910 2491 βόμϐον
932 2418 1166 2490 ὲξηχῶν,
1199 2417 1276 2481 ὡς
1310 2398 1492 2485 λόγος,
1520 2415 1627 2486 γῆς
1654 2413 1715 2467 τὺ
1749 2414 1939 2481 μέσον,

371 2514 556 2568 Ἀλλοι
587 2514 645 2568 δὲ
672 2514 979 2583 φάσκουσιν
1010 2512 1177 2566 αὑτὸν
1215 2511 1501 2575 κολάσεως
1541 2509 1635 2564 τὸν
1657 2508 1857 2581 χῶρον,

369 2600 482 2663 Kal.
508 2611 570 2664 τὸ
592 2614 695 2680 τῆς
732 2611 838 2680 γῆς
872 2609 1206 2680 μεσαίτατον
1244 2607 1339 2663 τοῦ
1384 2606 1631 2678 βήματος
1657 2608 1716 2658 ὲν
1766 2603 1943 2675 μέσῳ.

372 2692 695 2774 Συνέκονται
730 2703 774 2756 δ’
805 2702 1095 2774 ἀμφότερα
1137 2700 1282 2773 μόνῳ
1311 2699 1428 2771 λαῷ
1470 2697 1766 2770 καλλίστῳ.

371 2796 553 2864 Μέρος
585 2796 646 2849 τὸ
684 2796 941 2868 περίεχον
964 2795 1022 2849 δὲ
1048 2794 1140 2849 τὸν
1172 2793 1436 2865 ζωοδόχον
1470 2791 1662 2859 τάφον,

387 2888 721 2955 Ἰσόπλατον,
763 2889 1025 2961 ίσόμηκες
1048 2891 1107 2941 ὲν
1144 2888 1389 2958 σχήματι
1421 2882 1768 2958 στρογγύλῳ,

376 2982 493 3037 Οὐκ
527 2984 586 3037 ἐν
613 2984 797 3048 στοαῖς
834 2983 933 3055 τὴν
963 2982 1168 3052 ὀροφὴν
1214 2980 1389 3053 ἔχοντι
1416 2977 1845 3047 κεκλεισμένην,

400 3074 543 3129 Ἀλλ’
579 3075 702 3148 ῐσην
728 3076 824 3129 καὶ
839 3074 938 3146 τὴν
968 3073 1175 3127 ἄνωθεν
1204 3071 1300 3125 τοῦ
1328 3071 1629 3141 κτίσματος
1658 3066 1950 3137 στεφάνην,

389 3170 631 3225 Ἐκεῖθεν
663 3169 711 3224 δ’
734 3169 1075 3239 ἀνιστάμενα
1105 3165 1240 3233 ξύλα
1274 3163 1415 3237 μετά
1449 3161 1745 3235 μολύϐδου,

382 3262 766 3335 Συνεχομένων
800 3261 1009 3318 ἄνωθεν
1051 3258 1414 3331 σφαιροειδῶς
1435 3258 1547 3312 τῶν
1577 3257 1789 3328 ἄκρων,

379 3358 458 3411 Δι’
491 3356 724 3427 ούρανοῦ
750 3359 843 3412 τὸν
871 3354 1101 3428 ούρανοῦ
1134 3355 1376 3424 Κτίστην
1395 3349 1815 3421 ἐστεγασμένον,

381 3452 496 3506 Kal
526 3452 795 3524 μηδαμῶς
821 3452 1095 3523 μηδέποτε
1130 3450 1335 3523 βροχῆς
1376 3448 1486 3501 είσε
1499 3444 1795 3518 ρχομένης,

385 3544 450 3597 Εἰ
484 3542 578 3596 τοῦ
619 3541 747 3598 ναοῦ
777 3543 845 3597 τὰ
867 3540 1120 3613 γύρωθεν
1155 3540 1339 3595 πάντα
1374 3534 1880 3591 κατακλεισθῶσιν.

396 3638 487 3692 Ἐν
514 3637 592 3709 τῷ
631 3637 852 3709 προνάῳ
881 3636 937 3690 δὲ
975 3634 1142 3705 σηκὸς
1172 3634 1496 3705 ἀδελφοθέου
1524 3629 1711 3685 πέλει.

384 3728 588 3784 Τούτου
610 3730 668 3783 δὲ
697 3728 931 3800 πρόσθεν
958 3728 1181 3782 πέλουσι
1202 3730 1303 3799 τῆς
1326 3724 1559 3797 Μάρθας
1586 3724 1680 3777 καὶ
1709 3722 1953 3793 Μαρίας,

384 3824 450 3877 Ai
468 3822 744 3876 κατοικίαι
786 3822 1043 3893 σὲκρετον
1073 3821 1183 3875 τῶν
1216 3818 1435 3873 ἀσεϐῶν
1475 3817 1748 3887 γεγῶσαι,

388 3916 501 3969 Kal
520 3915 732 3971 παλαιά
769 3916 1096 3987 κατοίκησις
1133 3911 1497 3984 πατριαρχῶν
1529 3911 1640 3966 τῶν
1670 3910 1855 3976 θείων,

390 4008 484 4074 Ei;
515 4007 689 4074 οίκον,
724 4010 805 4075 είς
827 4008 1154 4083 συναγωγὴν
1180 4007 1413 4062 τελοῦσα
1446 4009 1557 4071 τοῖς
1584 4004 1858 4069 ἀπίστοις.

401 4102 492 4156 Ἐν
513 4102 588 4174 τῷ
620 4103 835 4174 θατέρῳ
864 4104 1021 4176 μέρει
1060 4104 1118 4158 δὲ
1150 4104 1277 4167 ναὸς
1307 4103 1407 4174 τῆς
1440 4099 1848 4172 παναχράντου,

392 4196 557 4251 Ὅθεν
601 4197 821 4251 ἑστῶσα
857 4197 1099 4268 τέτρωτο
1141 4198 1211 4250 τὰ
1258 4197 1570 4268 σπλάγχνα,
1612 4191 1967 4266 θρηνωδοῦσα

394 4291 501 4343 Τὸν
540 4290 779 4362 Ποιητήν
803 4306 861 4343 τε
885 4292 978 4343 καί
1009 4289 1134 4343 Υίὸν
1162 4305 1295 4342 σταυ
1306 4289 1569 4361 ρούμενον
1594 4287 1802 4357 ὁρῶσα.

403 4383 494 4437 Ἐν
529 4385 685 4455 μέρει
710 4383 766 4435 δὲ
793 4383 895 4452 τῆς
925 4381 1154 4447 δύσεως,
1186 4382 1280 4435 καὶ
1333 4380 1563 4453 πλησίον
1587 4379 1683 4433 τοῦ
1728 4378 1968 4451 τείχους,

396 4472 555 4532 Οἷκοι
579 4472 861 4543 πεφύκασι
885 4474 1052 4527 Δαϐὶδ
1070 4471 1303 4541 λείψανα
1338 4475 1451 4535 τοῖς
1479 4471 1793 4543 προτέροις.

394 4571 515 4640 Παρ
531 4570 545 4591 ’
568 4568 782 4623 ἀσεϐῶν
802 4567 1083 4639 νεμόμενα
1103 4567 1242 4637 πρὸς
1269 4568 1382 4630 τοῖς
1415 4565 1629 4630 λοιποῖς
1656 4562 1966 4619 καὶταῦτα.

398 4664 544 4734 Πρὸς
576 4662 635 4716 δέ
666 4679 733 4731 γε
766 4662 867 4732 τῆς
893 4660 1163 4731 ἀνατολῆς
1190 4660 1286 4714 τοῦ
1326 4657 1522 4721 ἇστεος
1546 4660 1608 4712 τὸ
1646 4658 1836 4729 μέρος,

395 4756 581 4828 Πύλην
604 4754 839 4827 ἀρχαίαν
869 4753 1189 4826 θαυμαστὴν
1218 4752 1408 4809 ἔκτοτε
1438 4752 1859 4824 κεκλεισμένην,

396 4851 491 4917 Et;
524 4852 697 4907 τύπον
724 4848 1029 4904 ἀδιόδευτον
1063 4844 1230 4903 οὖσαν
1248 4849 1346 4920 τῆς
1370 4847 1782 4918 παναχράντου,

397 4947 616 5017 Ἥνπερ
659 4943 866 5009 μλνοίξαι
895 4942 1164 5014 πρότερόν
1190 4959 1363 4997 τινων
1384 4941 1832 5013 τετολμηκότων,

396 5040 509 5108 Τὴν
535 5038 694 5091 πόλιν
723 5038 905 5091 πᾶσαν
943 5034 1186 5091 σείεσθαι
1217 5036 1436 5103 λέγεται
1488 5038 1582 5089 καὶ
1641 5032 1973 5099 κλονεῖσθαι,

398 5134 511 5195 Καὶ
537 5133 628 5185 τὸν
655 5130 783 5185 λαὸν
812 5134 913 5202 τῆς
952 5130 1161 5192 πόλεως
1191 5128 1408 5199 ἀθρόως
1433 5127 1830 5197 ἀποθνήσκειν.

399 5228 569 5282 ’Ὅθεν
602 5226 787 5280 θεόθεν
818 5215 1065 5279 ἔπαυσαν
1096 5225 1145 5276 οἱ
1179 5222 1413 5292 ἄφρονες
1441 5222 1539 5291 τῆς
1568 5221 1796 5291 τόλμης.

401 5321 613 5394 Μικρὸν
643 5320 701 5375 δὲ
745 5318 952 5390 ταύτης
991 5314 1235 5387 γεγονὼς
1280 5315 1561 5386 ἐνδότερον
1596 5314 1692 5366 τοῦ
1732 5312 1974 5383 τείχους,

403 5417 605 5478 Οίκους
631 5412 855 5485 κατίδῃς
885 5409 1100 5464 ἀσεϐῶν
1128 5407 1237 5463 τῶν
1267 5402 1816 5461 καταποντισθέντων

414 5510 649 5581 Ἰοσεδὲχ
670 5510 766 5562 καλ⁸
794 5506 902 5560 τῶν
924 5505 1133 5559 λοιπῶν
1174 5502 1286 5557 τῶν
1315 5498 1871 5569 είδωλολατρούντων,

405 5603 512 5660 Τοῦ
543 5605 603 5671 ἐξ
628 5601 830 5673 ὀσφύος
860 5601 997 5673 πρὸς
1033 5598 1165 5652 Θεὸν
1189 5595 1529 5668 Μελχισεδὲκ
1558 5594 1763 5663 δεήσει.

402 5697 539 5754 Εἶτα
566 5701 660 5752 καὶ
686 5698 855 5751 τόπον
884 5695 1131 5749 πεδεινὸν
1161 5692 1289 5746 ναὸν
1319 5690 1415 5744 τοῦ
1448 5686 1820 5758 Σολομῶντος,

402 5792 545 5864 Μηδ’
584 5793 681 5845 ἐπὶ
707 5790 857 5844 λίθον
891 5789 1198 5860 μείναντος,
1230 5785 1305 5849 ὡς
1335 5780 1659 5850 ἐκελεύσθη,
1684 5778 1857 5832 λίθου.

403 5881 527 5955 Ἐφ’
551 5874 704 5953 ᾧπερ
736 5876 805 5952 ἦν
830 5882 898 5935 τὰ
933 5880 1102 5947 ’Ἅγια
1128 5879 1294 5939 ὅπως
1342 5874 1411 5928 τὰ
1443 5872 1553 5930 τῶν
1577 5871 1769 5941 ἁγίων.

405 5975 552 6043 Nalm
583 5974 1097 6051 περικαλλέστατος,
1126 5973 1200 6038 ὡς
1232 5967 1461 6042 ούρανοῦ
1495 5966 1839 6040 λαμπρότης,

1418 421 1874 491 DESCRIPTIO
1913 416 2195 481 TERRE
2234 416 2558 482 SANCTZE.

1949 542 1999 600 Α
2032 537 2425 600 Damnationis,
2462 543 2516 590 et
2545 532 2689 588 Petri
2721 528 2958 601 negatio,
2982 536 3032 583 et

3488 397 3592 462 986

2024 631 2305 695 Custodia,
2344 629 2571 684 Domino
2607 626 2697 681 ubi
2724 630 3088 680 oneraverunt
3119 612 3334 682 crhecin
3372 630 3385 669 :

2026 724 2198 794 Quam
2235 723 2497 793 bajulavit
2529 734 2653 773 mox
2675 718 2973 789 Cyrenaeus
2996 713 3209 776 Simon,

2026 818 2105 872 Ad
2140 817 2465 889 Golgotham
2493 813 2790 885 profectus,
2822 821 2875 865 et
2910 806 3176 864 Calvaria:

2027 910 2302 977 Montem;
2329 909 2559 965 scelesta
2591 906 2817 961 Hebrma
2848 917 2982 973 gens
3018 902 3088 956 ibi
3125 898 3366 953 Judicem

2030 1001 2177 1056 Fixit
2224 1000 2373 1056 cruci
2408 1002 2700 1062 insontem,
2736 996 2977 1051 latrones
3008 1003 3063 1049 et
3095 993 3249 1047 duos.
3390 1046 3393 1049 .

2032 1093 2171 1149 Sunt
2206 1108 2368 1163 porro
2402 1093 2466 1145 ad
2512 1092 2654 1145 hanc
2689 1102 2860 1157 usque
2904 1087 3069 1151 diem,
3119 1084 3172 1138 in
3212 1076 3604 1152 augustissimo

2032 1185 2197 1247 Saxo,
2232 1200 2448 1240 crucem
2474 1186 2527 1237 in
2553 1197 2660 1252 quo
2691 1180 2925 1235 ﬁxerant
2954 1177 3247 1241 foramine,

2036 1277 2196 1334 Vena:
2230 1279 2506 1341 rubentes,
2543 1289 2662 1344 qua;
2693 1273 2937 1327 indicant
2966 1267 3201 1324 dilucide

2036 1369 2365 1425 Eﬂ‘usioncm
2389 1366 2671 1435 sanguinis
2703 1361 2913 1418 Domini
2945 1359 3115 1416 sacri.

2036 1462 2131 1518 Est
2156 1473 2349 1533 praeter
2383 1461 2505 1525 hoc,
2541 1458 2748 1514 Christi
2774 1455 3081 1525 sepulcrum
3107 1463 3329 1506 cernere

2036 1556 2079 1610 E
2116 1555 2405 1609 marmoris
2436 1551 2590 1606 nitidi
2620 1549 2888 1605 columnis
2914 1543 3280 1615 splendidum,

2041 1652 2105 1704 Et
2134 1665 2232 1719 pro
2257 1648 2465 1703 foribus
2491 1647 2558 1700 ab
2595 1641 2787 1714 angelo
2819 1652 2997 1697 trusus
3020 1638 3185 1708 lapis,

2041 1742 2198 1799 Unde
2230 1741 2484 1796 omnibus
2516 1737 2622 1810 piis
2656 1744 2805 1806 patet
2838 1732 3200 1798 miraculum;

2039 1837 2192 1905 Quod
2227 1834 2403 1905 majus
2435 1842 2520 1889 est
2544 1830 2718 1901 palam
2748 1825 3059 1883 inﬁdelibus
3094 1839 3159 1879 ac
3189 1823 3326 1893 piis;

2040 1931 2100 1985 In
2126 1943 2236 2001 qua
2269 1926 2570 1983 resurrexit
2592 1925 2679 1979 die
2713 1920 3002 1985 Dominus,
3029 1918 3197 1973 micat

2039 2023 2173 2079 Cum
2205 2019 2457 2075 accensio
2493 2017 2681 2088 ingens
2699 2013 2920 2069 luminis
2950 2008 3303 2075 sanctissimi,

2042 2110 2516 2170 Communicantis
2546 2107 2890 2165 sanctitatem
2923 2105 3069 2162 omni
3098 2105 3290 2175 probo.

2043 2205 2142 2262 Est
2173 2216 2227 2261 et
2257 2206 2428 2269 locus,
2460 2202 2622 2258 scalae
2661 2200 2717 2256 in
2749 2199 2995 2265 modum,
3024 2198 3274 2267 altusque
3300 2196 3615 2263 admodum,

2044 2296 2100 2352 In
2128 2313 2236 2369 quo
2259 2296 2440 2353 abdita
2463 2295 2566 2351 fuit
2595 2310 2726 2350 crux
2755 2292 2908 2360 Jesu,
2941 2293 3107 2347 vitam
3138 2290 3369 2355 habens,

2046 2389 2112 2446 Et
2142 2404 2444 2462 personans
2475 2388 2645 2458 locus,
2678 2397 2736 2442 ut
2769 2385 2973 2454 ferunt,
3003 2385 3237 2440 medium
3271 2383 3393 2439 soli.

2047 2484 2152 2540 Alii
2181 2492 2488 2551 autumant,
2526 2484 2671 2539 hunc
2703 2496 2826 2538 esse
2859 2479 3118 2551 supplicii
3146 2477 3324 2534 locum

2049 2578 2235 2634 Terra:
2265 2577 2607 2642 umbilicum,
2636 2575 2826 2631 tumuli
2855 2573 2911 2629 in
2941 2574 3167 2644 ipsoque
3192 2571 3387 2648 medio,

2050 2672 2358 2744 Utrumque
2383 2673 2697 2727 continetur
2729 2669 2785 2725 in
2822 2668 3022 2741 populo
3059 2667 3302 2737 optimo;

2053 2766 2159 2822 Sed
2185 2766 2471 2823 continens
2497 2779 2626 2834 pars
2655 2764 2765 2819 vita
2798 2764 3065 2819 tumulum
3096 2776 3203 2832 quo
3230 2769 3397 2832 patet.

2056 2856 2361 2929 Datumque
2395 2857 2729 2929 longumque
2756 2872 2912 2927 atque
2943 2856 2997 2910 in
3025 2854 3178 2910 orbis
3211 2854 3518 2918 schemate,

2056 2951 2171 3006 Non
2203 2955 2411 3021 apicem
2452 2952 2685 3007 habente
2714 2949 2957 3005 clausura
3001 2958 3057 3003 ut
3093 2948 3146 3002 in
3184 2947 3512 3017 porticibus,
3564 2958 3623 3001 at

2056 3044 2341 3115 Equalem
2378 3044 2442 3099 ab
2468 3044 2577 3099 alto
2612 3043 2690 3123 rei
2716 3044 2971 3099 corollam
2991 3044 3244 3111 conditae,

2059 3137 2126 3192 Et
2155 3138 2282 3194 inde
2314 3138 2457 3210 ligna
2480 3149 2664 3195 erecta
2688 3152 2812 3193 cum
2842 3135 3064 3208 plumbo
3091 3136 3278 3201 simul,

1981 3250 2024 3311 (χ
2061 3231 2319 3287 Extrema
2348 3231 2621 3301 superius,
2655 3228 2801 3301 globi
2835 3229 3031 3295 instar,
3068 3237 3129 3283 ut
3159 3229 3423 3293 haereant,

2063 3326 2350 3382 Structura
2388 3325 2511 3381 cceli
2547 3340 2643 3396 per
2677 3322 2860 3395 polum
2898 3330 2957 3378 ut
2978 3330 3231 3378 contecta
3253 3322 3349 3389 sit,

2068 3419 2139 3475 Ac
2169 3421 2484 3491 neutiquam
2512 3417 2752 3475 Stillaute
2778 3416 2961 3487 pluvia
2991 3416 3288 3487 perpluat,;

2064 3515 2156 3571 Sic
2184 3525 2377 3572 cuncta
2403 3513 2584 3584 templi
2618 3513 2670 3567 in
2698 3513 2957 3568 ambitum
2985 3510 3242 3566 conclusa
3273 3520 3423 3565 sunt.

2064 3609 2123 3663 lu
2159 3608 2372 3664 Prouao
2405 3618 2584 3662 autem
2617 3606 2879 3661 memoria
2908 3611 2994 3669 est
3023 3603 3209 3659 fratris
3239 3599 3354 3657 Dei.

2067 3703 2202 3757 Sunt
2231 3712 2360 3758 ante
2395 3700 2620 3755 Martha:
2649 3710 2812 3770 atque
2840 3696 3026 3752 Maria:
3064 3695 3408 3752 domuncula:
3444 3711 3459 3749 :

2067 3797 2343 3865 Aidesque
2369 3796 2562 3853 secreti
2601 3794 2892 3866 impiorum
2921 3801 3051 3848 sunt
3082 3792 3267 3856 modo,

2066 3893 2412 3964 Antiquaque
2441 3874 2637 3946 domus
2672 3888 3109 3961 patriarcharum
3144 3886 3315 3957 pium.

2066 3983 2193 4041 Fuit
2221 3986 2479 4041 domicilii
2506 3983 2624 4039 loco
2652 3983 2985 4038 inﬁdelibus.

2068 4081 2202 4135 Dein
2227 4092 2381 4149 parte
2412 4081 2465 4133 in
2498 4080 2667 4133 altera
2694 4080 2864 4132 beata:
2890 4073 3129 4147 Virginis

2073 4173 2310 4228 Ecclesia
2346 4181 2453 4238 est,
2479 4172 2571 4227 ubi
2607 4169 2852 4227 sauciata
2892 4171 3106 4225 viscera

2070 4264 2229 4328 Sunt,
2254 4265 2447 4321 Filium
2476 4261 3112 4334 auctoremquelugentis
3138 4261 3287 4318 cruci

2071 4360 2285 4416 Fixum.
2313 4361 2419 4416 Sed
2451 4374 2705 4415 occasum
2737 4360 2803 4414 ad
2831 4359 3007 4428 ipsum
3034 4366 3087 4412 et
3118 4358 3343 4423 mmnia,

2070 4454 2264 4511 Palatii
2296 4454 2465 4509 David
2496 4454 2740 4523 reliquiae
2771 4452 2855 4507 his
2885 4450 3161 4519 adjacent,

2074 4550 2154 4605 Ab
2195 4547 2485 4619 impiisque
2508 4548 2881 4617 possidentur,
2919 4553 2977 4599 ut
3004 4546 3132 4599 alia.

2075 4643 2155 4697 Ad
2189 4643 2325 4707 haec,
2358 4643 2427 4697 ab
2464 4640 2718 4696 orientali
2746 4640 2874 4694 item
2902 4648 3055 4708 parte
3085 4636 3294 4708 Oppidi,

2077 4738 2377 4794 Mirabilem
2404 4748 2641 4811 portam,
2673 4750 2790 4792 πενο
2823 4737 2891 4791 ab
2928 4734 3191 4802 omnique
3224 4730 3489 4793 obditam,

2076 4834 2402 4904 Impervium
2433 4834 2498 4888 ad
2525 4832 2703 4886 locum
2740 4833 2963 4901 integrae
2992 4826 3181 4881 Matris
3206 4824 3326 4888 Dei,

2075 4926 2249 4995 Quam
2273 4927 2401 4983 olim
2439 4928 2763 4998 quibusdam
2794 4924 3007 4995 aperire
3045 4920 3465 4984 conlidentibus,

2078 5021 2279 5079 Urbem
2303 5021 2486 5077 ferunt
2522 5029 2725 5074 motam
2754 5031 2919 5090 atque
2950 5025 3266 5087 quassatam
3302 5016 3471 5083 illico,

2076 5115 2298 5173 Perisse
2320 5114 2480 5170 simul
2514 5123 2567 5169 et
2598 5113 2834 5169 civitatis
2876 5111 3108 5176 incolas,

2082 5209 2292 5267 Stultos
2322 5210 2420 5265 Dei
2443 5224 2547 5280 ope
2579 5211 2645 5264 ab
2671 5207 2896 5263 audacia
2929 5208 3225 5262 coercitos.

2080 5303 2136 5359 Si
2172 5303 2389 5373 paulum
2431 5303 2499 5355 ab
2532 5302 2631 5357 hac
2667 5299 2959 5355 recesseris
2987 5301 3085 5354 sub
3120 5298 3417 5360 moenibus.

2078 5396 2282 5454 Cernes
2314 5396 2507 5452 domos
2539 5394 2892 5460 nefariorum,
2924 5394 3015 5464 qui
3048 5406 3232 5450 necem

2082 5492 2310 5549 Subiere
2348 5490 2577 5555 Josedaa,
2612 5490 3019 5545 idololatrarum
3047 5502 3284 5558 quoque,

2082 5585 2343 5641 Precibus
2368 5598 2525 5639 sacra
2552 5579 2913 5637 Melchiscdec
2936 5581 3107 5649 stirpe
3131 5578 3281 5631 editi.

2080 5675 2414 5747 Campestris
2449 5674 2573 5728 hinc
2599 5670 2908 5727 Salomonis
2935 5671 3065 5725 aedis
3087 5678 3169 5725 est
3199 5668 3370 5735 locus,

2084 5770 2160 5826 lbi
2192 5769 2333 5828 haud
2366 5769 2517 5824 stetit
2543 5781 2734 5823 saxum
2764 5779 2930 5835 super
2954 5778 3145 5819 saxum
3179 5778 3244 5817 ex
3272 5760 3367 5817 Dei

2085 5865 2272 5933 Dicto;
2300 5872 2384 5921 ast
2418 5865 2471 5920 in
2506 5863 2608 5919 hoc
2641 5859 2795 5916 fuere
2823 5868 3008 5916 sancta
3038 5856 3297 5921 numinis,

2086 5961 2463 6019 Pulcherrimo
2486 5959 2538 6016 in
2567 5956 2790 6030 templo,
2809 5953 2925 6028 pari
2955 5954 3132 6026 jubari
3161 5950 3270 6024 poli
3305 5968 3320 6007 :
