4060 6290
558 400 662 461 967

559 516 711 572 Intus
744 517 941 571 decore
978 514 1228 570 radiante
1255 522 1309 569 et
1344 523 1497 568 extra
1530 513 1815 584 splendido

551 608 843 677 Aptissima
877 618 1169 666 structura.
1200 621 1363 677 opere
1389 606 1665 675 Mosaico;

551 702 620 754 At
648 702 806 757 modo
834 702 1208 772 Agarenorum
1248 713 1373 754 casa
1408 709 1492 755 est
1522 698 1845 755 fmdissima.

551 793 729 860 Statio
758 794 917 865 prius
952 808 1076 848 cum
1104 801 1245 848 esset
1273 800 1609 871 sacratorum
1639 791 1860 862 pedum,

555 884 758 941 Pedum
796 886 1148 952 profanorum
1183 883 1552 954 pavimentum
1590 883 1747 937 modo
1775 893 1880 938 est.

554 976 939 1034 Verumtamen
978 992 1083 1032 non
1112 986 1297 1032 cessat
1338 976 1575 1033 ambitus
1608 978 1805 1031 decens

552 1171 776 1237 ilorum,
817 1181 878 1227 ut
904 1173 1070 1228 decus
1102 1174 1300 1227 mirum
1336 1179 1622 1226 exstruant
1648 1171 2019 1236 studentium,

556 1260 625 1317 Ut
654 1278 836 1316 aream
868 1272 1113 1318 sternant
1143 1262 1340 1332 lapillis
1368 1264 1658 1319 marmoris

551 1356 631 1409 Ab
655 1354 947 1423 opiﬁcibus
990 1364 1042 1409 et
1073 1371 1104 1409 a
1133 1354 1322 1423 peritis
1353 1354 1591 1419 latomis,

551 1442 714 1498 Multa
753 1444 1129 1499 ministrorum
1158 1444 1454 1515 peritorum
1484 1459 1670 1509 manu,

548 1536 714 1601 Queis
748 1546 1088 1591 menstruum
1116 1546 1377 1592 statutum
1416 1546 1534 1593 erat
1559 1536 1885 1607 Stipendium

549 1627 787 1697 [Equum
816 1644 1105 1685 numorum
1141 1640 1519 1699 argenteorum
1548 1641 1785 1698 quatuor
1816 1646 1830 1683 :

548 1719 773 1776 Videtur
804 1722 908 1777 hoc
942 1720 1078 1776 mira
1105 1721 1245 1777 inter
1277 1720 1434 1776 almae
1468 1718 1731 1791 Virginis.

550 1812 698 1868 Pone
722 1812 883 1883 huius
909 1813 1043 1869 tedis
1069 1823 1153 1870 est
1187 1812 1335 1868 aliud
1368 1812 1499 1867 item
1529 1828 1771 1879 sacrum,

544 1903 628 1957 Ad
657 1904 798 1974 quod
833 1903 1092 1961 Dominus
1128 1914 1187 1959 ut
1211 1905 1359 1961 venit
1386 1904 1608 1961 indutus
1633 1907 1929 1972 hominem,

550 1998 758 2054 Sedens
780 1998 1010 2055 docebat
1037 1999 1295 2069 populum
1325 1998 1391 2054 ad
1421 2012 1570 2053 aram
1606 2001 1924 2071 supplicem.

544 2088 620 2143 lbi
647 2099 841 2159 puteus
872 2090 1243 2147 miserationis
1273 2098 1357 2145 est
1388 2103 1560 2158 aqua.

547 2181 776 2238 Inferius
802 2182 890 2237 bis
918 2183 1132 2239 illustre
1167 2186 1432 2256 templum
1459 2198 1542 2245 est
1567 2186 1797 2256 hospitis

545 2276 637 2332 Dei
664 2293 680 2344 ;
712 2292 1010 2333 coruscans
1048 2278 1284 2349 undique
1310 2293 1341 2334 e
1366 2279 1583 2349 plumbo
1619 2289 1881 2349 estapex.

543 2371 668 2428 Haec
694 2374 1005 2429 detinentur
1031 2373 1196 2430 etiam
1228 2375 1297 2429 ab
1324 2375 1507 2445 impiis
1542 2376 1681 2431 loca.

541 2464 687 2520 intra
722 2465 976 2535 Oppidum
1011 2465 1261 2523 miranda
1292 2468 1557 2523 sunthaec
1582 2467 1819 2525 scilicet.

537 2556 700 2628 Atqui
737 2572 957 2613 necesse
1006 2568 1091 2613 est
1126 2560 1401 2629 persequi,
1428 2575 1548 2631 qua:
1579 2571 1755 2629 extra,
1788 2574 2001 2631 quoque
2030 2580 2044 2617 :

538 2647 606 2701 Et
632 2648 699 2702 ab
732 2646 956 2703 Oriente
986 2649 1186 2705 ducere
1215 2649 1429 2705 initium
1463 2652 1638 2707 decet.

540 2734 690 2790 Mons
725 2745 808 2792 est
842 2736 1074 2807 pusillus
1090 2752 1251 2809 quem
1292 2738 1630 2808 abs‘Oliveto
1653 2746 1873 2810 vocant,

541 2826 657 2882 Non
693 2838 840 2884 recta
872 2831 938 2885 ad
967 2843 1243 2899 auroram,
1269 2833 1364 2887 sed
1385 2833 1602 2903 oblique
1644 2836 1785 2891 situs
1816 2851 1832 2890 :

542 2918 817 2975 Dimensio
843 2922 1038 2993 exigua
1078 2931 1186 2987 est,
1219 2934 1498 2994 petrosum
1527 2940 1590 2981 ac
1623 2927 1827 2984 solum.

537 3009 631 3066 Est
662 3012 863 3083 quippe
892 3011 1232 3083 longitudine
1265 3013 1432 3072 duum
1472 3016 1722 3075 millium.

534 3102 673 3159 Huic
703 3103 1017 3161 rectilineus
1034 3113 1121 3161 est
1153 3120 1314 3177 apex,
1346 3123 1445 3164 nec
1470 3119 1662 3167 acutus
1686 3119 1793 3168 est.

536 3198 592 3253 lu
620 3207 771 3269 parte
794 3200 949 3270 cujus
980 3200 1047 3257 ad
1075 3201 1488 3273 aquilonemjest
1514 3202 1759 3270 Galilma,

538 3290 651 3358 Qua
690 3302 1041 3349 transeuntes
1065 3296 1321 3351 viderunt
1351 3294 1631 3366 Christum
1658 3298 1753 3369 pii.

535 3387 614 3439 Ac
642 3385 876 3440 dirutum
910 3386 1167 3458 templum
1191 3396 1274 3445 est
1305 3389 1372 3444 ab
1401 3389 1642 3447 externis
1666 3390 1819 3457 viris,

536 3473 641 3528 Sed
678 3474 901 3531 arbores
926 3484 981 3531 et
1018 3476 1269 3546 palmites
1294 3478 1507 3543 fructus
1534 3478 1759 3548 lerunt;

535 3567 617 3621 Ad
646 3566 891 3621 intimam
917 3569 1259 3640 mediamque
1286 3571 1609 3641 particulam
1635 3572 1775 3645 jugl,

534 3656 870 3714 Foecundum
904 3659 1163 3717 olivetum
1193 3677 1356 3734 supra
1388 3674 1596 3720 naturae
1628 3680 1801 3735 opus;

536 3750 738 3806 Saxum
769 3761 845 3815 et,
877 3752 1062 3808 docuit
1092 3756 1143 3807 in
1171 3769 1281 3824 quo
1308 3755 1504 3812 sedens
1535 3766 1740 3826 mystas
1763 3772 1899 3815 suos

532 3845 815 3910 Christus;
849 3844 1096 3916 silexque
1116 3845 1253 3902 alter
1275 3860 1465 3916 prepe,
1496 3848 1637 3902 unde
1666 3859 1982 3921 assumptus
2006 3862 2111 3913 est.

530 3937 610 3992 Ibi
637 3944 842 3992 structa
872 3950 1026 3993 sacra
1049 3938 1212 4003 aedes,
1240 3946 1452 3993 retenta
1500 3938 1752 3996 barbaris
1776 3958 1792 4009 ;

532 4029 794 4084 Decorata
823 4029 1097 4099 praeclaris
1130 4029 1395 4085 columnis
1423 4039 1477 4085 ct
1506 4032 1682 4102 stylis.

531 4122 614 4177 Ad
647 4123 894 4192 hancque
926 4121 1210 4194 Synagoga
1240 4131 1319 4177 est
1347 4124 1707 4197 coacta,(pro
1735 4124 1893 4185 dalor
1923 4128 1967 4202 ι)

534 4211 619 4266 Ab
657 4227 782 4267 area
813 4212 926 4280 illa,
964 4213 1066 4269 sub
1100 4214 1191 4269 dio
1222 4215 1592 4284 statporticus

533 4301 699 4360 Tecta
725 4319 912 4376 prope,
946 4304 1035 4360 ubi
1068 4315 1153 4361 est
1183 4314 1385 4363 sancta;
1412 4306 1673 4365 feretrum
1707 4310 1963 4385 Pelagia.

530 4397 660 4453 Haec
686 4396 859 4468 virgo,
891 4398 958 4452 ad
993 4414 1206 4455 omnem
1236 4400 1328 4469 qui
1365 4400 1584 4457 advenit
1610 4404 1869 4462 miracula

532 4490 724 4561 Magna
758 4491 873 4546 edit
902 4508 919 4545 :
953 4491 1156 4547 etenim
1184 4500 1339 4549 stans
1369 4494 1436 4549 ad
1470 4508 1655 4562 aequor
1682 4498 1946 4555 moenium

530 4580 726 4636 Erecta
749 4596 845 4651 per
870 4596 1164 4648 marmora,
1196 4584 1387 4653 procul
1415 4584 1604 4640 dissita
1634 4587 1772 4655 solo,

533 4672 781 4743 Spatium
807 4684 889 4729 est
914 4675 1293 4744 perexiguum,
1326 4691 1478 4731 mare
1506 4678 1647 4733 inter
1680 4682 1987 4755 moeniaque
2017 4703 2031 4739 :

530 4765 627 4821 Est
655 4781 784 4836 ergo
822 4780 940 4820 mos
969 4781 1033 4822 eo
1063 4768 1165 4821 loci
1193 4770 1578 4839 expetentibus

532 4854 811 4923 Transire,
846 4872 1039 4926 purum
1076 4858 1366 4913 criminum
1396 4861 1636 4916 omnium
1658 4864 1823 4920 edere

532 4947 840 5011 Narratum,
876 4958 932 5001 at
967 4948 1038 5012 id.
1073 4954 1117 5003 sl
1151 4950 1357 5005 abdens
1389 4966 1487 5005 sua
1510 4963 1713 5020 errata,
1748 4955 1932 5023 faciat,

533 5038 605 5095 Se
633 5055 762 5093 saxa
806 5039 1059 5107 copulant
1088 5041 1390 5110 prepinqua
1418 5045 1714 5109 ιηωιιὶὺυδ,

528 5130 935 5186 Confessionem
969 5132 1143 5187 donec
1175 5133 1431 5189 extulerit
1459 5136 1627 5204 piam.

534 5223 692 5279 Unde
722 5235 806 5278 est
836 5237 1027 5280 vocata
1056 5233 1300 5279 sanctior
1315 5227 1607 5284 confessio.

527 5313 696 5370 Paulo
727 5314 954 5369 ulterius
983 5324 1069 5370 est
1108 5314 1440 5388 Betltpbage,
1474 5328 1634 5375 notus
1664 5321 1855 5391 locus;

526 5405 570 5459 Α
594 5419 700 5475 quo
734 5406 991 5462 recedens
1018 5422 1190 5477 usque
1220 5408 1287 5461 ad
1315 5419 1549 5464 amotam
1586 5412 1821 5483 plagam,

525 5496 845 5552 Bethaniam
875 5506 961 5553 est
992 5498 1199 5563 videre,
1232 5500 1461 5568 patriam
1496 5501 1710 5569 Lazari,

528 5586 595 5642 Et
617 5603 789 5656 mare,
820 5590 961 5659 quod
997 5589 1181 5646 obruit
1202 5591 1374 5646 solum
1406 5590 1815 5661 Sodomiticum,

533 5680 849 5752 Undamque
884 5699 1147 5753 amaram,
1183 5684 1709 5756 infructuosamque,
1747 5699 1798 5743 et
1829 5691 1944 5759 pice

533 5774 909 5845 Spumantem,
938 5778 1006 5834 ab
1037 5778 1146 5834 alto
1176 5794 1299 5835 mox
1334 5794 1490 5834 sacer
1517 5778 1719 5835 Jordan
1750 5781 1885 5839 ﬂuit.

536 5866 633 5928 Est
657 5870 810 5930 collis
835 5885 868 5930 e
886 5871 1107 5944 regione
1137 5874 1203 5929 ad
1228 5872 1400 5929 austri
1434 5870 1688 5942 ﬂamina;

1825 396 2176 460 PERDICAE
2207 396 2543 483 EPHESII.
3448 446 3449 449 γ
3687 396 3774 465 968

2162 522 2206 573 Α
2248 508 2434 573 Ἐντὸς
2467 508 2862 581 ὡραῖξόμενος,
2896 510 3057 573 ἐκτὸς
3077 508 3595 583 λελαμπρυσμὲνος,³

2250 602 2340 656 Ἐν
2364 604 2687 670 ἀναγκαίοις
2719 605 3006 674 κτίσμασι,
3036 604 3236 679 ψηφίσι
3269 606 3362 660 καὶ
3384 604 3715 677 μαρμάροις,

2233 694 2314 748 Τὰ
2340 692 2434 749 νῦν
2459 695 2517 748 δὲ
2554 695 2662 749 τῶν
2692 695 3030 766 Σαρακηνῶν
3061 697 3356 766 συναγωγὴ
3390 696 3685 765 τυγχάνων,

2236 787 2412 841 Ὅπου
2450 786 2513 840 τὸ
2563 786 2695 858 πρὶν
2737 786 2984 859 διαγωγὴ
3034 786 3212 846 ποδῶν
3244 788 3354 842 τῶν
3388 788 3776 859 παναχράντων,

2234 880 2395 951 Ἀρτι
2430 879 2611 937 ποδῶν
2658 878 2769 935 τῶν
2819 878 3117 951 βδελυρῶν,
3171 877 3351 941 ποδῶν
3385 878 3775 954 μεμιασμένων.

2232 972 2381 1044 Πλὴν
2419 972 2515 1026 καί⁵
2550 971 2687 1043 πρὸς
2727 970 2936 1025 τούτων
2985 970 3272 1027 ἄπαυστον
3320 970 3657 1041 εὐπρέπειαν
3699 971 3776 1023 εὐ-

3470 1060 3715 1135 [ρίσκων,

2230 1155 2325 1217 Είς
2345 1154 2545 1218 κάλλος
2567 1153 2724 1224 ἄγειν
2745 1153 3057 1225 θαυμαστὸν
3082 1153 3266 1208 πᾶσαν
3290 1150 3527 1226 σπουδὴν
3546 1152 3779 1223 ἑχόντων,

2241 1247 2329 1310 Ὠς
2362 1248 2506 1303 ἅπαν
2540 1246 2600 1299 τὸ
2627 1246 2924 1319 περίαυλον
2954 1245 3288 1316 στρωννύειν
3323 1246 3383 1298 ὲν
3424 1245 3723 1317 μαρμάροις

2228 1338 2307 1390 Δι’
2347 1337 2638 1408 ὑπουργῶν
2662 1342 2757 1392 καὶ
2789 1336 3064 1403 λαξευτῶν
3090 1336 3300 1391 πολλῶν
3324 1337 3718 1407 ἐπιστημόνων,

2240 1430 2504 1502 Ἐχόντων
2526 1431 2608 1496 είς
2637 1431 2936 1502 άπόταγμα
2972 1431 3097 1485 καθ’
3125 1430 3360 1486 ἕκαστον
3385 1430 3478 1489 τὸν
3518 1431 3657 1502 μῆνα

2241 1524 2599 1592 Ἐκατοστίας
2645 1526 2915 1596 τέτταρας
2942 1525 3188 1597 ἀργύρου
3217 1526 3589 1597 νομισμάτων,

2228 1615 2350 1670 Τῶν
2372 1616 2428 1671 δὲ
2455 1617 2753 1688 θαυμάτων
2774 1618 3062 1687 φαίνεσθαι
3084 1618 3181 1677 καὶ
3199 1616 3359 1675 τοῦτο
3372 1619 3471 1687 τῆς
3499 1615 3781 1685 Πανάγνου,

2233 1707 2501 1763 Ὅπισθεν
2530 1710 2689 1764 τοῦδε
2719 1710 2813 1764 τοῦ
2845 1709 2975 1767 ναοῦ
3008 1710 3101 1764 καὶ
3127 1710 3273 1781 ἱερὸν
3299 1709 3591 1780 τυγχάνει,

2242 1803 2357 1873 Ἐφ’
2382 1798 2427 1873 ᾧ
2458 1804 2909 1875 παραγενόμενος
2942 1803 3337 1875 βροτοπρεπῶς
3368 1801 3648 1872 Δεσπότης

2156 1867 2196 1922 Β
2229 1867 2557 1966 Καθήμενος.
2580 1867 2831 1948 ἐδίδασκε
2860 1867 2993 1958 τούξ
3016 1867 3353 1965 ἐρχομένους
3378 1888 3593 1961 ὄχλους,

2237 1987 2326 2041 Ἐν
2353 1983 2435 2049 οἷς
2462 1986 2557 2041 καὶ
2581 1987 2760 2058 φρέαρ
2793 1984 2988 2048 ὓδατος
3010 1986 3105 2038 τοῦ
3140 1982 3376 2054 ἐλεγμοῦ
3412 1981 3668 2051 πεφύκει.

2228 2079 2490 2134 Κάτωθεν
2518 2082 2729 2134 τούτων
2763 2077 3130 2150 πανλαμπρδς
3160 2076 3287 2141 ναὸς
3318 2074 3412 2130 τοῦ
3444 2074 3693 2145 θεοδόχου

2225 2172 2502 2227 Πάντοθεν
2541 2172 3025 2244 λαμπρυνόμενος,
3070 2172 3181 2225 κὰκ
3225 2168 3547 2243 μολιϐδίνης
3581 2171 3785 2238 στέγης,

2226 2259 2524 2331 Καὶ.οὖτος
2555 2266 2924 2338 κατεχόμενος
2962 2264 3093 2337 παρ’
3122 2262 3361 2328 ἀσεϐῶν,
3389 2261 3465 2327 ὠς
3499 2262 3693 2315 πάντα.

2222 2356 2331 2409 Kal
2361 2357 2538 2413 ταῦτα
2567 2359 2665 2427 μὲν
2688 2358 2758 2411 τὰ
2800 2357 3094 2429 θαυμαστὰ
3118 2356 3219 2427 τῆς
3267 2356 3478 2417 πόλεως
3506 2352 3577 2409 τὰ
3628 2351 3784 2407 Ενδον.

2234 2446 2388 2503 Ἐπεὶ
2411 2447 2466 2502 δὲ
2492 2450 2587 2502 καὶ
2611 2451 2680 2502 τὰ
2704 2447 2906 2513 ἔξωθεν
2941 2449 3158 2519 ἀνάγκη
3177 2442 3517 2518 διηγεῖσθαι,

2239 2540 2332 2593 Ἐκ
2359 2541 2457 2612 τῆς
2487 2540 2630 2613 ἑῴας
2676 2541 2897 2613 ἐναρξιν
2930 2538 3261 2611 ποιήσασθαι
3286 2538 3589 2611 προσῆκον.

2226 2634 2391 2706 Ὄρος
2417 2635 2617 2706 μικρὸν
2648 2633 2962 2705 ἀνεστηκὼς
2987 2635 3107 2687 ἐστι
3133 2632 3228 2685 τοῦ
3258 2630 3547 2697 ὲλαιῶνος,

2234 2723 2559 2796 Ἐγκάρσιον
2584 2724 2685 2778 οὐκ
2725 2722 2907 2797 δρθιον
2931 2722 3189 2795 κείμενον
3216 2722 3353 2795 πρὸς
3384 2723 3486 2791 τὴν
3513 2720 3611 2789 ἔω,

2233 2815 2448 2885 Ὀλίγον
2483 2815 2581 2887 τὴν
2606 2815 2924 2887 διάμετρον,
2959 2814 3163 2884 γεῶδες
3193 2816 3291 2869 καί
3319 2812 3626 2885 πετρῶδες,

2225 2907 2300 2962 Τὸ
2343 2911 2519 2980 μῆκος
2551 2908 2612 2962 οὐ
2653 2908 3015 2980 μακρότερον,
3042 2906 3180 2961 ἀλλὰ
3210 2906 3405 2978 μιλίων
3444 2904 3570 2972 δύο,

2221 3000 2630 3073 Εὑθύγραμμον
2668 3002 2771 3070 τὴν
2803 3000 3053 3071 κορυφὴν
3106 2999 3252 3070 ἔχον,
3286 2998 3403 3053 ἀλλ’
3457 3000 3563 3054 οὐκ
3590 2998 3785 3063 ὀξεῖαν.

2219 3088 2405 3165 Οὗπερ
2443 3095 2500 3147 ἐν
2536 3094 2694 3165 μέρει
2731 3093 2867 3163 πρὸς
2891 3092 3096 3163 βορῤάν
3120 3094 3271 3145 ἐστιν
3298 3093 3333 3161 ἡ
3360 3090 3653 3159 Γαλιλαία,

2138 3217 2185 3281 C
2230 3187 2321 3240 ‘Ev
2424 3186 2725 3257 δραμόντες
2760 3184 2994 3256 ἔϐλεψαν
3026 3186 3079 3238 οί
3117 3184 3361 3257 μαθηταὶ
3397 3186 3492 3244 τὸν
3527 3184 3783 3258 κτίστην.

2230 3278 2289 3333 Ὀ
2313 3279 2369 3333 δὲ
2402 3280 2529 3343 ναὸς
2562 3276 2929 3350 καταδληθεὶς
2964 3280 3069 3331 ὑπὸ
3093 3278 3203 3334 τῶν
3234 3278 3578 3348 ἀλλοφύλων,

2217 3372 2298 3425 Τὰ
2329 3370 2523 3442 δένδρα
2551 3371 2609 3425 δὲ
2642 3373 2734 3425 καὶ
2762 3372 3018 3441 κλήματα
3047 3370 3122 3434 ὡς
3155 3370 3474 3441 θαυμαστὸν
3500 3370 3783 3445 καρπεύει,

2216 3464 2365 3536 Πρὸς
2392 3464 2449 3517 δέ
2480 3480 2544 3533 γε
2575 3464 2634 3517 τὸ
2666 3463 2993 3535 μεσαίτατον
3050 3463 3217 3533 μέρος
3246 3463 3341 3516 τοῦ
3378 3463 3546 3535 ὅρους
3577 3464 3780 3530 τούτου,

2230 3557 2291 3611 Ὁ
2318 3555 2513 3611 ὲλαιὼν
2548 3556 2915 3626 κατάκαρπος
2943 3554 3088 3628 ὑπὲρ
3110 3555 3209 3626 τὴν
3242 3553 3404 3625 φύσιν
3440 3557 3614 3621 ὅντως
3635 3574 3651 3590 ο

2128 3675 2131 3679 -
2214 3649 2326 3703 Kal
2380 3648 2528 3711 λίθος
2578 3640 2734 3718 ᾧπερ
2764 3647 3058 3710 καθεσθεὶς
3090 3646 3339 3702 ἐδίδασκε
3384 3650 3513 3713 τοὺς
3559 3650 3779 3721 μύστας,

2214 3741 2327 3795 Kal
2357 3740 2548 3794 τούτου
2577 3740 2807 3811 θάτερος
2833 3740 3026 3810 ἔγγὺς,
3067 3741 3162 3809 ἀφ’
3187 3736 3361 3813 οὗπερ
3396 3731 3678 3816 ἀνελήφθη
3697 3761 3713 3776 ·

2218 3834 2396 3888 Ἐνθα
2422 3833 2545 3899 ναὸς
2575 3833 2873 3906 ἀφίδρυται
2908 3832 3284 3906 κρατούμενος
3311 3835 3404 3889 ὑπ’
3429 3836 3642 3901 ἔθνους.

2212 3927 2311 3980 Atii
2335 3926 2604 3999 λαμπρῶν
2632 3926 2928 3997 ὠραῖσθεὶς
2956 3928 3270 3998 κτισμάτων
3309 3928 3401 3982 καὶ
3425 3930 3646 3997 κιόνων,

2214 4020 2323 4072 Kal
2340 4018 2477 4090 πρὸς
2493 4018 2657 4073 αὑτὸν
2677 4019 2973 4091 συναγωγὴ
2990 4021 3296 4090 τυγχάνων.
3314 4021 3418 4074 Φεῦ
3431 4022 3528 4075 τοῦ
3548 4022 3749 4085 πάθους
3764 4022 3776 4074 l

2212 4114 2286 4167 Τὸ
2317 4112 2363 4167 δ’
2392 4111 2490 4167 ἀπ’
2541 4111 2754 4168 ἐκείνου
2788 4111 3056 4185 ὕπαιθρος
3099 4117 3194 4169 καὶ
3233 4114 3472 4189 ἄϐροχος
3508 4120 3773 4189 τηρεῖται.

2216 4206 2485 4275 Ἔγγιστα
2498 4204 2691 4260 τούτου
2720 4206 2815 4259 καὶ
2844 4206 3003 4276 σορὸς
3033 4206 3186 4271 ὁσίας
3206 4209 3501 4277 Πελαγίας,

2214 4300 2356 4370 Πρὸς
2392 4302 2575 4354 πάντα
2618 4302 3064 4373 προσερχόμενον
3108 4301 3295 4375 θαῦμα
3338 4305 3573 4361 ποιοῦσα
3620 4309 3778 4382 μέγα,

2211 4391 2323 4445 Καὶ
2357 4393 2466 4464 γὰρ
2496 4392 2623 4463 περὶ
2664 4396 2723 4446 τὸ
2752 4392 2983 4461 πλάγιον
3022 4394 3118 4449 τοῦ
3141 4397 3355 4469 τείχους
3386 4398 3679 4471 ἱσταμένη,

2211 4483 2310 4536 Διὰ
2347 4485 2656 4556 μαρμάρων
2680 4486 2755 4549 ὡς
2786 4486 2959 4540 πολλὰ
2982 4486 3088 4557 τῆς
3124 4490 3229 4562 γῆς
3259 4490 3602 4561 ἀνεστηκυῖα

2131 4571 2184 4630 1)
2225 4575 2437 4644 Ὀλίγον
2472 4580 2534 4630 τὸ
2560 4576 2829 4649 διάχωρον
2856 4578 2961 4631 ὑπὸ
2992 4580 3088 4633 τοῦ
3117 4581 3333 4653 τείχους
3362 4584 3501 4656 ἔχει.

2212 4668 2377 4731 Ἒθος
2406 4668 2539 4739 γοῦν
2574 4670 2725 4724 ἐστιν
2758 4672 2816 4725 ὲν
2849 4672 3001 4743 αὐτῷ
3038 4674 3170 4737 τοὺς
3200 4675 3431 4734 διελθεῖν
3469 4682 3772 4752 ὁρμῶντας,

2211 4763 2440 4835 Πρῶτον
2474 4765 2750 4817 ποιεῖσθαι
2782 4765 3033 4838 καθαρὰν
3066 4768 3288 4824 πάντων
3316 4772 3626 4845 ὲξαγορίαν.

2207 4856 2272 4909 Εί
2307 4854 2363 4907 δέ
2398 4872 2463 4922 γε
2486 4857 2622 4927 παρ’
2650 4857 2970 4929 ὑποκρυόὴν
3002 4858 3112 4914 τῶν
3159 4861 3539 4933 ἐπταισμένων
3566 4867 3769 4938 δράσει,

2209 4948 2499 5017 Συνέχουσι
2540 4950 2610 5003 τὰ
2647 4951 2919 5021 μάρμαρα
2944 4952 3023 5022 τῷ
3044 4953 3208 5023 τοίχῳ
3236 4957 3559 5023 γειτνιῶντα

2211 5041 2309 5103 Ἐς
2341 5040 2477 5107 τ’,ἂν
2504 5040 2895 5114 ἐξομολόγησιν
2930 5044 3197 5117 είλικρινῆ
3233 5048 3455 5120 ποιήσῃ.

2207 5132 2370 5186 Ὅθεν
2401 5133 2789 5205 ἐξομολόγησις
2819 5136 2951 5203 ἁγία
2974 5123 3296 5210 ὠνομάσθη,

2206 5223 2413 5278 Τούτου
2446 5226 2643 5297 μικρὸν
2671 5226 2729 5279 δὲ
2768 5228 3041 5298 παρεκτὸς
3070 5232 3166 5284 καὶ
3200 5231 3488 5304 Βεθφαγῆς
3522 5236 3551 5287 ό
3583 5236 3759 5301 τόπος,

2219 5316 2339 5386 Ἀφ’
2365 5312 2536 5387 οὗπερ
2560 5318 2588 5370 ό
2628 5318 2939 5388 ίστάμενος,
2968 5320 3044 5384 ὡς
3068 5320 3128 5387 ἐξ
3156 5321 3404 5378 ἀπόπτου
3431 5328 3595 5379 τόπου

2205 5407 2316 5478 Τὴν
2350 5407 2622 5479 Βηθανίαν
2651 5410 2892 5480 καθορᾷν
2926 5412 3163 5482 πατρίδα
3191 5413 3287 5467 τοῦ
3316 5414 3593 5485 Λαζάρου,

2204 5502 2320 5555 Kal
2336 5502 2434 5569 τὴν
2464 5500 2942 5555 καταποντίσασαν
2977 5502 3259 5561 θάλασσαν
3290 5508 3396 5577 γῆν
3422 5510 3691 5581 Σοδόμων,

2208 5594 2393 5664 ’Υδωρ
2424 5595 2621 5667 μικρὸν
2651 5596 2746 5649 καὶ
2780 5598 3051 5668 άκαρπον,
3076 5600 3171 5653 καὶ
3204 5600 3411 5656 πίσσαν
3440 5602 3751 5676 ὲπαφρίζον.

2209 5686 2452 5739 Ἀνωθεν
2479 5685 2535 5738 δὲ
2566 5687 2893 5757 κατέρχεται
2926 5691 2953 5743 ὁ
2980 5690 3122 5756 θεῖος
3160 5693 3455 5765 Ἰορδάνης.

2206 5779 2410 5832 Τούτου
2438 5778 2534 5832 τοῦ
2565 5779 2727 5852 ὅρους
2753 5783 2986 5855 ἀντικρὺ
3010 5785 3147 5856 πρὸς
3170 5787 3346 5841 νότιον
3370 5789 3429 5841 τὸ
3457 5787 3640 5859 μέρος.

2208 5874 2319 5930 Kal
2339 5877 2373 5945 η
2408 5875 2507 5948 την
2536 5875 2656 5932 δνον
2683 5875 2860 5945 άξασα
2888 5879 2984 5935 καὶ
3012 5879 3190 5938 πῶλον
3217 5882 3425 5957 σμικρά
3452 5881 3633 5955 κώμη.
