3988 6284
332 359 441 425 969

336 473 523 550 Βραχῦ
553 472 613 529 δὲ
636 470 840 544 ταύτης
873 470 1075 541 ἔξωθεν
1106 469 1139 542 ἡ
1173 469 1350 543 λαύρα
1383 468 1529 524 θείου
1558 468 1729 523 Σάϐα.

337 568 477 638 Περὶ
504 565 560 621 δὲ
585 566 686 637 τὴν
718 563 997 637 ὑπώρειαν
1030 562 1381 634 Γετθσιμανῆ
1399 561 1625 633 χωρίον,

348 659 466 732 Ἐφ’
504 653 656 732 ᾧπέρ
694 659 812 712 ἐστι
841 657 936 712 καὶ
969 656 1100 722 ναδς
1148 655 1245 710 καὶ
1277 654 1563 726 σπήλαιον,
1600 652 1698 706 καὶ
1720 655 1887 721 τάφος

336 751 449 823 Τῆς
476 751 823 823 μεταστάσης
847 750 1061 816 άληθῶς
1093 749 1369 821 Παρθένου
1400 746 1684 813 Θεοτόκου,

339 845 446 900 Σὺν
477 843 657 909 ἄλλοις
684 844 1049 915 κατεχόμενος
1086 842 1217 913 παρ’
1254 839 1492 903 ἀσεϐῶν,
1526 832 1570 892 ὦ
1592 838 1738 908 δίκη,

336 938 687 1008 Λυχνοκαῖδα
714 935 953 1013 πάντοτε
993 934 1089 990 καὶ
1125 932 1409 1003 φωταψίαν
1438 933 1599 1001 ἔχων,

338 1033 455 1087 Kal
483 1032 668 1084 πᾶσαν
707 1029 877 1100 ἄλλην
898 1027 1030 1100 παρ’
1065 1026 1231 1081 αὑτοῦ
1256 1025 1594 1096 εὐπρέπειαν
1624 1020 1916 1093 εὑρίσκων,

340 1125 455 1179 Kal
484 1122 665 1177 ἔλαιον
694 1124 912 1193 ἐτήσιον
944 1120 1086 1191 ὑπὲρ
1112 1118 1456 1189 λυχνοκαῑας.

340 1211 702 1269 Σουλτανικδν
725 1210 1030 1281 ἀπόταγμα
1057 1208 1245 1281 λίτρας
1276 1206 1577 1270 διακοσίας.

341 1306 461 1361 Kal
486 1305 661 1376 τούτῳ
690 1304 1127 1377 θαυματοποιεῖν
1160 1302 1319 1368 δόξαν
1346 1303 1412 1371 τῇ
1440 1300 1813 1371 παντανάσσῃ,

342 1399 554 1454 Τούτου
590 1397 637 1450 δ’
666 1398 836 1467 ἐγγὺς
868 1395 967 1450 καὶ
998 1396 1266 1467 σπήλαιον
1309 1396 1388 1458 είς
1420 1392 1450 1446 ὃ
1479 1391 1853 1455 κατονειδίσας

342 1494 489 1558 Τοὺς
530 1490 783 1565 μαθητὰς
826 1489 1207 1551 ὑπνώττοντας
1249 1486 1430 1558 καιρῷ
1460 1486 1560 1556 τῆς
1605 1483 1923 1556 προδοσίας,

351 1588 419 1642 Ὀ
448 1586 837 1657 παντεπόπτης
864 1582 973 1638 τῶν
994 1580 1162 1637 αὐτοῦ
1188 1579 1474 1634 δακτύλων
1498 1578 1701 1642 τύπους
1720 1576 1920 1631 λείπει.

342 1678 440 1751 Τῷ
466 1676 599 1751 λίθῳ
616 1676 1119 1749 προσεγγίσαντας,
1145 1670 1221 1735 ὡς
1251 1672 1392 1725 πᾶσι
1422 1670 1752 1741 καθορῶντα

358 1768 478 1841 Ἀφ’
513 1759 575 1823 οῦ
601 1769 699 1824 καὶ
731 1766 1052 1838 παρεδίδοτο
1092 1762 1319 1834 ζητοῦσι
1360 1763 1475 1826 τοῖς
1503 1761 1749 1832 ἀνόμοις.

343 1865 461 1921 Kal
488 1863 653 1927 τόπος
682 1862 783 1931 τῆς
813 1856 1126 1933 προσευχῆς
1157 1856 1351 1912 τούτου
1376 1856 1479 1926 τῆς
1508 1854 1821 1926 Παναγιας.

348 1953 599 2027 Πέραθεν
620 1952 831 2008 τούτων
862 1951 1091 2022 ἀντικρὺ
1114 1948 1215 2015 τῆς
1246 1948 1539 2011 Γαλιλαίας
1563 1947 1705 2002 ἐστί.

359 2048 475 2102 Kal
498 2046 664 2110 τόπος
697 2044 829 2101 ἔνθα
853 2042 1128 2113 Στέφανος
1152 2045 1180 2095 ὁ
1214 2041 1432 2113 πρῶτος
1476 2040 1584 2095 τῶν
1614 2037 1932 2112 μαρτύρων,

351 2138 572 2209 Μικρὸν
602 2136 758 2200 ἐκτὸς
781 2133 883 2207 τῆς
912 2134 1119 2199 πόλεως
1142 2132 1489 2195 λιθόλευστος
1513 2130 1754 2201 γεγόνει,

350 2230 467 2285 Kal
498 2230 663 2293 τόπος
697 2230 726 2283 ὁ
753 2227 1049 2300 δεξάμενος
1080 2226 1170 2281 τὸν
1192 2224 1421 2296 ἀδελφὸν
1452 2224 1685 2296 Κυρίου.

350 2324 512 2379 Μετὰ
540 2322 599 2378 δὲ
626 2319 801 2377 ταῦτα
830 2319 1066 2391 πάρεστι
1101 2317 1293 2382 κοιλὰς
1329 2321 1364 2389 ή
1410 2315 1505 2371 τοῦ
1551 2311 1932 2387 κλαυθμῶνος,

362 2418 430 2475 Ἦ
464 2415 751 2485 διαιροῦσα
771 2414 872 2485 τὴν
902 2410 1044 2465 Σιὼν
1075 2410 1185 2465 ἀπὸ
1213 2408 1308 2464 τοῦ
1339 2406 1651 2474 Ἐλαιῶνος,

366 2504 517 2585 Ἐνῇ
548 2510 784 2581 δραμεῐν
813 2505 911 2559 τὸν
940 2504 1167 2575 πύρινον
1201 2503 1288 2555 τὸν
1324 2494 1590 2572 ποταμὸν,
1628 2498 1706 2563 ὡς
1748 2495 1931 2567 λόγος.

354 2604 471 2662 Kal
504 2605 638 2658 δέκα
668 2598 1072 2673 φροντιστήρια
1103 2593 1399 2667 παρθένων
1440 2589 1775 2664 ἰσαρίθμων.

355 2697 623 2753 Κάτωθεν
654 2694 712 2748 δὲ
738 2694 833 2748 κα)⁵
862 2690 1088 2761 Σιλωὰμ
1122 2686 1381 2759 τυγχάνει
1413 2683 1794 2756 κολυμϐήθρα,

370 2792 463 2858 Ἐξ
496 2787 566 2862 ἧς
596 2787 798 2858 τυφλὸς
827 2784 1134 2858 νιψάμενος
1155 2778 1455 2851 ἀνέϐλεψεν
1478 2775 1701 2841 αὐτίκα,

357 2886 436 2942 Τὸ
462 2884 609 2953 ’ὕδωρ
639 2879 1023 2951 ἐξικνούμενον
1050 2874 1112 2943 ἐξ
1136 2874 1406 2945 ὑπογαίου
1428 2870 1658 2942 πέτρας,

360 2970 756 3045 Τετορημένης
785 2970 867 3034 είς
891 2966 1010 3032 ἐνὸς
1038 2966 1318 3036 διάστημα
1353 2960 1562 3032 μιλίου,

364 3066 477 3121 Kal
513 3061 870 3135 καταρδεύων
900 3059 993 3113 τὸν
1023 3058 1192 3129 ἐγγὺς
1220 3056 1388 3109 τόπον
1416 3053 1513 3108 καὶ
1554 3047 1941 3114 καλλωπίζων,

373 3154 470 3208 Ἐν
503 3150 787 3222 διαφόροις
816 3148 1092 3217 δένδρεσιν
1116 3144 1419 3216 εύκάρποις
1440 3141 1535 3196 καὶ
1563 3139 1846 3212 λαχάνοις.

370 3238 613 3296 ’Δνωθεν
637 3239 697 3293 δέ
720 3255 786 3309 γε
824 3234 1071 3309 μεταϐὰς
1097 3234 1237 3307 πρδς
1276 3233 1473 3287 Νότιον
1512 3231 1571 3284 τὸ
1608 3228 1797 3301 μέρος,

370 3330 483 3388 Τοῦ
510 3332 806 3403 κεραμέως
837 3328 927 3384 τὸν
950 3328 1121 3400 ἀγρὸν
1154 3326 1271 3398 ίδῃς
1299 3325 1394 3378 τὸν
1418 3321 1725 3393 ὠνηθέντα,

380 3424 478 3479 Ἐκ
508 3421 606 3476 τοῦ
636 3422 821 3493 τιμίου
843 3419 1101 3491 αἵματος,
1135 3418 1211 3481 ὡς
1239 3415 1376 3488 πρὸς
1398 3412 1578 3485 ταφὴν
1600 3412 1712 3475 τοῖς
1740 3409 1942 3476 ξένοις.

369 3514 479 3568 Τοῦ
511 3516 569 3568 ἐν
596 3510 773 3582 ἁγίοις
807 3506 1128 3583 θαυμαστοῦ
1166 3509 1438 3578 σπήλαιον
1481 3502 1830 3575 Ὀνουφρίου.

370 3596 519 3676 Πρὸς
552 3606 743 3659 τούτου
779 3602 837 3657 δέ
873 3603 977 3673 τὴν
1004 3600 1248 3673 κορυφήν
1277 3598 1371 3651 τοῦ
1411 3596 1571 3669 ὅρους
1605 3593 1908 3665 καθορᾶται

387 3700 463 3754 Ἢ
494 3699 775 3769 θαυμασία
810 3698 903 3750 καὶ
939 3695 1170 3767 λαμπρὰ
1196 3692 1372 3764 λαύρα
1397 3690 1697 3745 Θεοδοσίου.

370 3793 615 3863 Πλησίον
635 3791 692 3844 δέ
721 3787 817 3844 τοῦ
853 3789 1049 3851 ἄστεος
1072 3786 1362 3858 εὐκτήριον
1385 3782 1481 3838 τοῦ
1516 3782 1751 3852 Πέτρου,

384 3882 734 3954 Ὑπόϐαθρον
771 3880 866 3934 καὶ
896 3878 1168 3949 σπήλαιον
1206 3876 1332 3947 ἔχον
1356 3874 1444 3929 διὰ
1470 3873 1769 3945 βαθμίδων,

377 3976 557 4045 Ὅπερ
585 3973 760 4043 ἐμϐάς
793 3971 1067 4043 ἐθρήνησε
1099 3969 1314 4040 πικρῶς
1347 3968 1405 4019 ἐν
1438 3964 1756 4037 μεταμέλῳ,

376 4068 515 4122 Ὀτε
540 4063 734 4119 παθὼν
780 4061 1128 4133 ἀνθρώπινον
1159 4061 1438 4130 ἠρνήσατο
1464 4059 1527 4113 τὸ
1557 4058 1765 4129 τρίτον.

375 4160 584 4217 Τούτου
610 4158 665 4212 δὲ
704 4155 1057 4226 ύπεράνωθεν
1093 4151 1395 4224 ἐκκλησιῶν
1418 4152 1451 4220 ἡ
1496 4151 1705 4221 μήτηρ,

386 4250 454 4303 Ὅ
488 4234 720 4309 παλαιὸς
751 4246 848 4299 καὶ
872 4241 1187 4313 θαυμαστὸς
1219 4239 1347 4302 ναὺς
1375 4237 1514 4291 Σιὼν
1544 4236 1730 4303 ἁγίας,

378 4344 631 4411 Λειψανα
653 4338 835 4409 φέρων
864 4332 1145 4407 ἀκραιφνῆ
1169 4330 1265 4385 τοῦ
1291 4330 1521 4393 κάλλους
1544 4329 1635 4383 καὶ
1663 4326 1951 4400 μεγέθους.

376 4436 567 4506 ’Δπερ
594 4430 835 4503 ἀρχῆθεν
873 4427 1037 4498 ἐφερε
1068 4424 1177 4497 πρὸ
1205 4422 1300 4478 τοῦ
1332 4422 1771 4493 καταϐληθῆναι.

392 4526 489 4582 Ἐν
516 4522 691 4593 τούτῳ
717 4522 774 4575 δὲ
798 4518 1081 4575 τετέλεστο
1103 4514 1219 4585 ναῷ
1248 4514 1326 4586 τῷ
1352 4514 1643 4586 θαυμασίῳ

391 4620 463 4675 Ἥ
488 4618 596 4673 τῶν
631 4615 809 4669 ποδῶν
845 4611 1101 4680 ἀπόνιψις
1119 4608 1229 4666 τῶν
1256 4608 1414 4663 θείων
1438 4607 1775 4664 ἀποστόλων.

381 4712 498 4768 Kal
534 4711 563 4764 ὁ
592 4709 728 4780 πρὸς
757 4704 982 4768 τούτους
1008 4702 1303 4773 καινισμὸς
1332 4700 1684 4772 ἐπιφοιτήσει
1710 4701 1832 4772 θείᾳ

384 4800 496 4856 Τοῦ
536 4796 807 4867 παναγίου
859 4792 1178 4863 Πνεύματος
1209 4790 1301 4845 διὰ
1330 4789 1593 4859 γλωσσῶν
1620 4791 1885 4860 πυρίνων.

398 4894 491 4948 Ἑν
532 4892 707 4960 τούτῳ
742 4889 836 4943 καὶ
876 4884 1177 4956 κελλίδριον
1216 4881 1319 4954 τῆς
1364 4880 1698 4952 πανανὼμου
1751 4883 1957 4953 Κόρης,

399 4989 519 5060 ’Δφ’
540 4982 713 5060 οὗπερ
740 4983 972 5053 ἄγγελος
999 4978 1169 5050 αὐτὴν
1199 4978 1279 5043 είς
1301 4976 1533 5047 οὐρανὸν
1562 4977 1772 5041 ἐκάλει,

389 5088 502 5145 Kal
524 5086 630 5139 τῶν
664 5082 951 5152 παρθένων
985 5074 1310 5147 συνδραμὼν
1330 5072 1518 5143 ὅμιλος
1548 5073 1655 5125 τῶν
1684 5074 1854 5142 ἁγίων

404 5178 764 5249 Ἐθρήνησαν,
793 5170 1061 5242 ἐκόψαντο
1088 5167 1294 5239 ταύτην
1328 5168 1428 5233 τὴν
1458 5166 1747 5237 ἐκδημίαν.

396 5272 510 5326 Kal
538 5269 703 5332 τόπος
746 5265 911 5336 μέσον
946 5261 1037 5315 τοῦ
1065 5258 1195 5313 ναοῦ
1233 5261 1314 5320 είς
1347 5259 1514 5328 ὅνπερ
1553 5258 1643 5309 ἐπὶ
1667 5257 1856 5327 κλίνης

410 5359 822 5428 Ἀνακλιθείσης
854 5352 1057 5421 ἔφθασε
1086 5349 1246 5421 χορὸς
1271 5348 1380 5401 τῶν
1411 5347 1748 5409 ἀποστόλων,

408 5452 543 5506 Ἀπὸ
572 5448 823 5520 περάτων
860 5444 1133 5516 ὰρπαγεὶς
1161 5442 1248 5495 διὰ
1281 5439 1461 5508 νεφῶν
1493 5439 1726 5507 ἀθρόως,

402 5542 567 5600 Ὅθεν
604 5546 700 5599 σὺν
730 5542 920 5613 ὕμνοις
964 5538 1202 5609 ἄραντες
1236 5536 1395 5605 σῶμα
1426 5534 1524 5604 τῆς
1560 5532 1858 5601 Παναγίσις,

400 5642 745 5712 Κομίσαντες
779 5635 1082 5707 ἐκήδευσαν
1112 5627 1426 5699 Γεθσιμανῆ
1452 5626 1528 5697 τῷ
1552 5626 1724 5696 τόπῳ.

398 5734 476 5790 Τὸ
497 5732 548 5787 ‘5’
580 5732 838 5787 ὑποκάτω
861 5725 1126 5798 σπήλαιον
1171 5719 1301 5775 ναοῦ
1330 5719 1423 5772 τοῦ
1461 5717 1741 5783 Σιωνίτου,

410 5829 597 5886 Ι’Ξῖστιν
627 5830 685 5881 ἐν
710 5820 754 5894 ᾧ
780 5823 886 5877 τῶν
928 5817 1210 5894 μαθητῶν,
1244 5812 1320 5884 τῷ
1346 5812 1495 5883 φόϐῳ
1528 5811 1637 5869 τῶν
1678 5810 1964 5883 Ἐϐραίων,

699 5921 975 5983 Parant.
1007 5920 1128 5983 Gn.
1148 5909 1489 5980 CXXXIII.

1617 351 1717 413 DE
1749 349 1966 413 LOCIS
1998 350 2335 413 SANCTIS.

3474 341 3580 406 910

1942 476 1987 534 Α
2017 466 2183 524 Vicus
2219 466 2472 537 pusillus,
2501 467 2641 523 unde
2670 464 2836 521 asella
2862 474 2914 520 et
2940 463 3117 535 pullus
3135 471 3218 521 est

2018 559 2331 624 Abductus;
2356 567 2510 613 extra
2549 557 2824 629 paululum
2854 556 2991 612 cella
3017 564 3099 612 est
3120 556 3194 628 pii

2019 650 2247 719 Sabbaz;
2274 653 2339 706 ad
2370 651 2512 707 latus
2542 652 2850 720 clivumque
2879 648 3227 705 Gethsimane
3242 656 3329 703 est
3362 661 3512 720 ager,

2019 742 2077 797 ln
2104 758 2211 813 quo
2232 744 2393 799 situm
2413 753 2495 800 est
2528 744 2811 813 templum,
2834 740 3272 813 sepulcrumque,
3289 749 3346 798 et
3372 757 3583 813 specus,

2022 835 2123 892 libi
2148 836 2301 909 virgo
2330 836 2560 907 Deipara
2592 836 2803 891 obierat
2828 851 2951 892 vere
2980 836 3122 891 diem
3147 851 3164 901 ;

2021 930 2123 995 Qui
2150 929 2325 993 locus,
2363 940 2418 984 ιιι
2448 932 2564 996 alii,
2592 930 2659 984 ab
2694 929 2873 998 impiis
2896 931 3149 985 detentus
3182 936 3307 984 est:

2019 1021 2089 1077 Et
2121 1035 2338 1091 semper
2368 1022 2441 1077 ibi
2478 1022 2696 1077 lucerna
2728 1022 2889 1077 habet
2931 1022 3095 1077 taedas
3126 1021 3412 1092 facesque,

2024 1115 2292 1186 Omnique
2321 1114 2468 1171 cultu
2494 1122 2744 1184 ornatur,
2773 1125 2832 1170 ut
2853 1116 2939 1185 jus
2966 1115 3204 1185 postulat
3233 1131 3248 1167 :

2023 1205 2091 1264 Et
2122 1220 2361 1261 annuum
2380 1216 2462 1261 est
2489 1218 2738 1277 paratum
2769 1207 2967 1262 olivum
3001 1207 3065 1261 ad
3096 1205 3412 1277 lampadas,

2027 1296 2395 1355 Renuntlante
2422 1300 2635 1355 sultano
2666 1299 2849 1355 multis
2873 1299 3047 1355 libris.

2026 1391 2393 1463 Miraculoque
2423 1393 2476 1448 in
2508 1392 2611 1449 hoc
2633 1393 2795 1448 decus
2820 1390 3037 1461 Reginae
3066 1389 3228 1446 inest.

2028 1483 2206 1554 Prope
2233 1487 2386 1541 abest
2409 1484 2689 1554 spelunca,
2719 1484 2770 1539 in
2803 1499 2909 1553 qua
2940 1481 3143 1555 probro
3166 1479 3384 1552 obiecto
3409 1484 3527 1537 suis

2028 1576 2372 1645 Domesticis,
2400 1579 2543 1650 quod
2573 1577 2948 1643 dormitarent,
2979 1574 3209 1646 prodere

2029 1667 2166 1725 Cum
2194 1669 2381 1725 hostes
2405 1679 2665 1741 pararent
2690 1683 2771 1735 se,
2797 1667 3040 1724 omnium
3076 1667 3353 1736 inspector
3378 1674 3529 1736 typos

2031 1762 2273 1833 Digitum
2302 1777 2521 1819 suorum
2553 1761 2733 1831 liquit,
2762 1775 2952 1817 omnes
2976 1767 3266 1816 cernerent

1958 1830 2005 1888 Β
2033 1830 2401 1924 Πινίιηργοὶήε
2426 1860 2582 1910 datus
2613 1830 2684 1909 ibi
2710 1861 2831 1909 erat
2863 1851 3212 1921 petentibus;

2028 1947 2474 2020 Precationisque
2502 1948 2548 2003 is
2575 1948 2725 2003 locus
2761 1944 3142 2002 sanctissimae.

2029 2040 2130 2097 llic
2164 2043 2398 2097 maxime
2423 2050 2509 2097 est
2538 2039 2758 2096 Galllaca
2779 2039 3078 2111 conspicuo
3108 2038 3161 2093 in
3190 2037 3320 2094 situ.

2034 2134 2202 2205 Regio
2231 2142 2316 2189 est
2340 2133 2540 2190 ibidem
2577 2132 2886 2203 Stephanus
2914 2133 3030 2197 ubi,
3067 2132 3175 2189 dux
3209 2140 3533 2202 martyrum,

2028 2223 2151 2281 Non
2178 2226 2311 2281 urbe
2334 2224 2519 2294 procul
2548 2232 2630 2281 est
2654 2226 2880 2281 obrutus
2915 2224 3148 2293 lapidum
3174 2222 3371 2280 ictibus

2031 2316 2130 2374 Est
2156 2324 2212 2373 et
2237 2316 2433 2385 platea,
2468 2330 2588 2385 quae
2613 2316 2816 2386 hospes
2842 2314 2943 2371 luit
2960 2314 3154 2370 fratris
3178 2314 3298 2370 Dei.
3322 2358 3323 2361 η

2033 2409 2162 2467 Post
2190 2410 2346 2465 vallis
2370 2410 2610 2465 occurrit
2637 2410 2816 2481 gravis
2841 2410 3123 2477 molestia,

2036 2501 2167 2570 Qua:
2190 2502 2381 2557 dividit
2411 2502 2629 2557 Sionem
2656 2499 2853 2557 Oliveti
2881 2502 2946 2556 ab
2970 2502 3145 2573 apice.

2035 2590 2094 2647 In
2126 2607 2289 2662 quam
2319 2592 2537 2662 igneum
2572 2592 2815 2648 delabier
2850 2593 3046 2648 ﬂumen
3085 2594 3305 2650 ferunt:

2036 2682 2104 2740 Et
2140 2686 2279 2740 dena
2306 2683 2576 2755 virginum
2608 2685 2940 2741 monasteria
2979 2686 3188 2741 decem.

2043 2775 2190 2832 Siloe
2220 2776 2487 2831 natatoria
2531 2774 2634 2831 sita
2665 2782 2750 2832 est
2780 2790 2911 2847 agro
2945 2777 2998 2831 in
3024 2776 3213 2833 intimo

2040 2869 2271 2926 Ablutus
2302 2867 2356 2924 in
2379 2882 2488 2939 qua
2520 2882 2694 2923 crecus
2726 2868 2935 2938 aspexit
2957 2870 3169 2929 statim.

2044 2962 2160 3020 Hac
2198 2963 2342 3017 unda
2372 2976 2603 3018 manans
2631 2970 2791 3017 caute
2817 2971 2937 3018 tusa
2967 2962 3069 3018 sub
3091 2964 3208 3019 solo

2041 3052 2147 3110 Per
2180 3053 2338 3107 unius
2361 3052 2589 3121 spatium
2622 3051 2891 3122 integrum
2923 3052 3184 3121 milliarii,

1967 3167 2013 3228 ο
2045 3146 2229 3230 [Isque
2256 3144 2450 3215 irrigat
2490 3144 2725 3200 vicinum
2757 3159 2946 3216 agrum
2977 3146 3238 3219 irriguum
3271 3151 3430 3218 bene,

2046 3240 2193 3296 Inter
2226 3238 2433 3294 feraces
2461 3236 2688 3294 arbores
2712 3247 2768 3293 et
2796 3238 3060 3295 oluscula.

2049 3331 2376 3402 Progressus
2405 3308 2654 3385 altiorem
2689 3328 2758 3384 ad
2790 3330 3086 3386 australem
3115 3331 3352 3404 plagam,

2048 3421 2186 3478 Tum
2226 3421 2372 3492 llguli
2400 3420 2627 3492 agellum
2660 3420 2980 3490 inspexeris,
3013 3432 3227 3492 partum
3251 3438 3406 3491 nece,

2050 3516 2119 3572 Et
2145 3514 2426 3584 sanguinis
2462 3514 2639 3584 pretio
2683 3512 2852 3580 sacri,
2883 3513 2949 3567 ad
2984 3514 3247 3570 tumulum
3298 3518 3614 3589 hospitum;

2050 3607 2423 3677 Mirabilisque
2454 3620 2675 3675 specum
2704 3606 2848 3660 beati
2878 3604 3169 3675 Onuplnrii.

2049 3699 2131 3756 Ad
2159 3697 2318 3768 huius
2347 3699 2555 3768 apicem
2588 3698 2791 3753 montis
2814 3698 3006 3768 inspici
3032 3710 3209 3770 potest

2053 3791 2295 3847 Miranda
2330 3790 2700 3860 praeclaraque
2720 3790 2897 3861 platea
2934 3789 3229 3849 Theodosi.

2051 3879 2213 3935 Juxta
2242 3880 2496 3950 oppidum
2525 3895 2653 3935 vero
2670 3878 2819 3936 Petri
2851 3881 3151 3937 oratorium
3179 3893 3286 3949 est,

2053 3970 2369 4028 Fundamen
2394 3982 2449 4028 et
2472 3972 2786 4042 speluncam
2833 3975 3062 4042 habens,
3107 3990 3209 4031 nec
3240 3991 3345 4033 non
3373 3983 3566 4049 gradus

2054 4066 2183 4133 Quae
2208 4080 2328 4119 cum
2359 4065 2612 4130 subisset,
2640 4064 2777 4122 luxit
2799 4080 2924 4122 acer
2943 4066 3235 4137 pmiiitens,

2053 4154 2188 4210 Cum
2222 4156 2532 4211 humanitus
2560 4155 2749 4225 lapsus
2775 4166 3026 4225 negasset
3051 4160 3233 4216 tertio.

2060 4249 2328 4317 Superius
2360 4262 2444 4304 eet
2473 4247 2823 4304 ecclesiarum
2842 4249 2929 4320 pia
2956 4250 3201 4318 Parens;

2057 4340 2363 4396 Mirandum
2398 4351 2451 4395 et
2477 4341 2760 4412 antiquum
2795 4341 2979 4399 Sionis
3009 4346 3269 4416 templum
3301 4348 3353 4403 id
3384 4356 3490 4415 est,

2064 4435 2274 4491 Indicia
2309 4434 2555 4504 pulchra}
2586 4434 2745 4491 molis
2773 4444 2828 4490 et
2863 4451 3073 4508 magnae
3102 4438 3385 4507 exhibens,

1982 4536 2033 4596 ι)
2059 4528 2173 4596 Qua
2203 4528 2355 4591 olim,
2384 4527 2695 4597 priusquam
2722 4528 2957 4582 dirutum
2993 4541 3137 4584 esset
3162 4531 3381 4589 claruit.

2061 4617 2119 4673 In
2152 4618 2252 4673 hac
2278 4628 2503 4690 peracta
2530 4628 2613 4673 est
2638 4618 2753 4674 atde
2782 4621 3077 4689 spectanda
3096 4622 3390 4679 admodum

2060 4710 2439 4783 Apostolorum
2468 4725 2624 4766 sacra
2647 4712 2843 4781 pedum
2880 4712 3084 4770 lavatio
3119 4734 3133 4770 :

2065 4801 2240 4874 Super
2268 4803 2352 4858 his
2378 4818 2593 4873 quoque
2617 4804 2915 4867 innovatio,
2942 4806 3205 4863 adventus
3228 4822 3403 4875 sacer,

2062 4896 2299 4967 Linguas
2322 4910 2418 4965 per
2449 4894 2607 4966 ignis,
2639 4894 2874 4965 Spiritus
2899 4899 3249 4955 sanctissimi.

2067 4985 2159 5042 Est
2193 4987 2427 5057 Virginis
2457 5000 2672 5056 quoque
2706 4986 2781 5041 ibi
2810 4988 2986 5041 beatae
3008 4988 3223 5053 cellula,

2068 5078 2108 5131 Ε
2133 5092 2238 5149 qua
2268 5078 2489 5147 angelus
2520 5080 2727 5132 vocavit
2769 5079 2943 5147 ipsam
2974 5080 3039 5133 ad
3072 5081 3250 5135 sidera
3291 5100 3304 5136 :

2067 5170 2184 5236 Quo
2206 5170 2473 5238 virginum
2513 5180 2689 5224 caelus
2726 5171 3043 5238 pudicarum
3081 5174 3274 5240 astitit,

2067 5259 2195 5326 Quae
2225 5259 2525 5313 absentiam
2563 5271 2672 5313 tum
2702 5261 3006 5330 planctibus
3036 5262 3222 5318 luxere
3248 5266 3409 5321 herae.

2068 5350 2123 5405 In
2153 5351 2267 5405 aede
2299 5351 2470 5403 media
2496 5360 2578 5405 est
2612 5350 2781 5417 locus,
2814 5354 2899 5406 ubi
2934 5368 3114 5408 arcam
3145 5358 3417 5414 conditam

2068 5444 2278 5496 Chorus
2307 5442 2593 5495 antevertit
2634 5442 3002 5509 apostolorum
3043 5459 3226 5517 raptus
3258 5450 3312 5505 in

2068 5533 2239 5597 Nube,
2267 5548 2328 5586 ac
2362 5534 2547 5587 eodem
2578 5540 2839 5603 tempore,
2864 5545 2988 5590 ante
3012 5537 3256 5605 dissitus,

2071 5626 2204 5682 Cum
2230 5626 2483 5688 CattticiS,
2516 5625 2636 5679 dein
2669 5640 2896 5695 corpore
2919 5627 3058 5683 elato
3084 5631 3227 5687 illius

2072 5717 2344 5773 Solemnia
2369 5730 2625 5787 peregere
2649 5715 3011 5775 Gethsemane
3051 5722 3103 5776 in
3137 5725 3278 5783 loco.

2074 5810 2338 5881 Spelunca
2372 5821 2500 5863 vero
2532 5808 2672 5864 infra
2701 5809 2946 5868 Sionium
2978 5814 3195 5871 sacrum

3162 5910 3226 5975 31
