3988 6284
507 374 619 439 971
1417 373 1767 436 ΡΕΒΒΙΟΕ
1853 368 2082 431 ΕῘἮΕΞ

2203 369 2302 430 DE
2355 368 2570 431 LOCIS
2603 369 2932 432 SANCTIS.
3653 373 3743 442 9'72

511 486 609 543 illa
641 495 745 554 est,
778 486 869 543 ubi
905 484 1174 558 discipuli,
1213 483 1560 540 Hebraeorum
1599 493 1768 549 metu,

516 576 636 632 Una
675 575 967 632 manebant
1007 575 1197 643 clausi,
1230 573 1500 644 Jesusque
1523 575 1696 628 astitit

514 668 573 724 In
610 666 811 734 medio,
840 676 896 722 et
925 667 1008 723 bis
1039 683 1245 738 pacem,
1277 675 1330 721 ct
1362 667 1522 722 ﬁdem
1556 666 1777 721 Thomm
1811 665 1978 721 dedit.

517 761 619 814 Hic
657 767 741 815 est
772 761 902 814 item
943 759 1084 829 regis
1124 761 1398 830 prophetas
1437 773 1570 811 urna
1603 756 1807 827 Lyrici,

514 851 830 908 SalornOnis
859 859 912 906 et
940 851 1090 905 valde
1121 851 1229 905 cati
1262 850 1603 904 vatis-ducis.

515 943 690 998 Trans
721 942 1226 1014 occidentalemque
1250 942 1524 1012 regionem
1555 951 1741 1011 patent

513 1036 714 1091 Priscae
750 1036 1082 1104 leprosorum
1113 1035 1507 1088 imbecillorum
1535 1035 1749 1096 domus,

515 1127 581 1183 Et
611 1139 795 1198 postea
825 1128 968 1183 aedes
1001 1129 1251 1198 martyris
1288 1127 1509 1198 Procopi
1543 1135 1719 1193 sacra,

519 1222 622 1287 Qui
645 1219 912 1290 quoddam
944 1222 1143 1274 avitum
1173 1221 1507 1276 domicilium
1541 1220 1609 1273 ibi
1645 1228 1947 1288 paraverat.

517 1308 655 1363 Tum
692 1310 883 1364 visitur
906 1310 1060 1364 vinea
1091 1308 1336 1365 Nabuthe
1370 1310 1659 1380 pullulans.

515 1397 650 1454 Tum
677 1401 958 1472 aequabilis
989 1402 1139 1456 locus
1179 1403 1231 1456 in
1267 1403 1470 1471 patenti
1496 1410 1548 1455 et
1575 1401 1733 1469 plano
1758 1412 1908 1473 agro,

507 1490 573 1548 lu
600 1492 707 1564 quo
728 1493 913 1550 lerunt
934 1511 965 1549 a
997 1482 1212 1551 fidicine
1236 1496 1478 1550 o’ccisum
1514 1494 1751 1550 Goliatb.

507 1589 627 1654 Qua
662 1588 880 1658 publica
905 1587 1012 1644 itur
1045 1590 1112 1644 ad
1142 1588 1416 1644 Bethleem
1443 1590 1701 1659 oppidum

509 1683 759 1739 Cisterna
790 1682 1093 1752 comparet,
1125 1680 1439 1740 cruentatus
1473 1685 1642 1750 locus,

507 1771 567 1828 In
601 1790 709 1845 qua
736 1775 1007 1831 Abraham
1035 1776 1281 1842 manens,
1310 1775 1510 1830 relictis
1530 1776 1780 1841 Servulis,

507 1867 780 1935 Cucurrit,
811 1877 870 1924 ut
900 1878 1164 1924 mactaret
1183 1869 1493 1923 adamatum
1521 1868 1693 1924 isaac.

503 1959 619 2017 Nec
649 1961 806 2034 longe
839 1964 996 2020 abest
1023 1962 1216 2019 domus
1243 1964 1410 2019 lleliae
1447 1964 1583 2018 vatis
1622 1970 1799 2019 sacra.

504 2056 638 2112 Inde
659 2055 890 2128 profecti
915 2057 982 2114 ad
1013 2058 1291 2114 civitatem
1321 2058 1620 2125 Bethleem,

505 2150 903 2224 Templumque
933 2155 1000 2209 ad
1028 2162 1314 2225 augustum
1348 2151 1689 2209 ambulantes
1721 2149 1982 2224 Virginis.

505 2245 673 2301 Nobis
702 2245 1015 2301 videbamur
1043 2248 1152 2316 jam
1185 2247 1251 2300 ad
1285 2257 1430 2300 astra
1458 2246 1770 2300 ascendere.

502 2339 754 2399 Vidimus
782 2343 910 2398 item
930 2357 1171 2414 specum,
1202 2341 1383 2414 polum
1428 2341 1569 2398 velut
1605 2341 1866 2408 alterum,

499 2435 677 2503 Quem
709 2450 834 2492 cum
855 2433 1049 2506 pudica
1084 2435 1313 2506 contigit
1347 2435 1690 2506 virguncula,

503 2528 722 2598 Peperit
747 2528 907 2583 modo
937 2528 1222 2584 Dominum
1254 2526 1517 2582 inell'abili

501 2618 748 2674 Decoris.
787 2616 1070 2674 Tbronum
1102 2618 1268 2674 alium
1296 2619 1640 2688 inspeximus
1668 2617 1950 2690 praesEpii;

503 2708 766 2766 Miracula
797 2709 940 2764 unde
959 2710 1267 2764 scaturiunt
1299 2709 1553 2765 ﬁdelibus

501 2803 747 2860 Cunctis.
780 2800 1044 2872 Lapillum
1083 2802 1205 2856 hinc
1231 2801 1423 2872 siquis
1455 2808 1550 2856 aut
1574 2800 1938 2872 pulvisculum

502 2892 713 2965 Caplat,
744 2889 1012 2946 medelam
1039 2889 1402 2946 calamitatum
1436 2892 1727 2948 invenerit.

504 2987 589 3042 Ad
617 2986 732 3041 haec
763 2995 985 3055 puteum
1019 2981 1337 3041 ineﬂossum
1371 2985 1567 3041 ibidem
1601 2986 1937 3056 aspeximus,

508 3079 578 3134 Et
610 3088 800 3150 suapte
832 3078 1013 3135 fusum
1058 3087 1272 3150 sponte,
1306 3092 1428 3133 cum
1468 3078 1654 3134 vivens
1694 3093 1836 3148 aqua

501 3173 600 3229 Est
634 3173 862 3245 mystice
892 3173 1156 3228 evacuata
1185 3171 1335 3227 fonte
1369 3172 1514 3227 haud
1551 3173 1796 3242 cognito,
1947 3244 1950 3246 γ

504 3267 549 3324 Ε
576 3283 685 3340 quo
707 3268 898 3325 bibere
922 3267 1192 3337 percupiit
1224 3268 1337 3337 ipse
1373 3265 1846 3338 Hymnograpltu's.

505 3361 563 3418 In
595 3375 701 3432 quo
726 3359 1008 3433 κρίκοι-οη)
1034 3361 1188 3416 stella
1213 3362 1317 3414 dux
1356 3361 1475 3426 vias,
1511 3359 1658 3414 haud
1684 3359 1803 3414 sine

500 3453 790 3521 Miraculo,
823 3453 890 3509 ad
921 3452 1160 3516 natalem
1190 3449 1316 3507 Iesu
1354 3452 1655 3522 praemicat.

504 3549 762 3605 Sanctum
796 3548 973 3603 locum
1017 3547 1150 3610 vidi,
1187 3547 1399 3600 cruoris
1425 3547 1479 3600 et
1507 3560 1676 3614 capax

501 3642 758 3712 Marmor,
789 3639 1027 3698 ministri
1057 3655 1180 3697 cum
1217 3645 1402 3693 truces
1443 3636 1675 3691 Herodis
1709 3637 1760 3689 in

502 3735 694 3792 Partes
720 3749 913 3805 specus
935 3734 1182 3788 membra
1219 3739 1500 3802 amputata
1529 3729 1821 3784 infantium

501 3829 711 3895 Jecere,
747 3843 845 3884 ceu
871 3826 1113 3898 piacula;
1139 3836 1197 3881 at
1231 3825 1337 3880 alio
1372 3823 1426 3878 in
1459 3824 1623 3895 specu

443 3938 446 3942 '
502 3925 636 3978 Atro
663 3921 838 3992 puella
860 3920 973 3975 sola
1003 3919 1291 3974 Dominum
1320 3931 1431 3985 quo
1459 3917 1641 3972 ferens

502 4014 860 4082 Occuluerat;
898 4012 1058 4068 lactis
1087 4010 1231 4068 sacri
1263 4006 1388 4066 dum
1422 4025 1510 4065 ros
1541 4009 1677 4076 ﬂuit,

507 4106 576 4163 Ut
605 4122 796 4164 caseus
828 4109 1067 4162 candens
1105 4106 1256 4162 locus
1283 4105 1376 4171 sit,
1411 4114 1469 4158 ut
1499 4103 1703 4160 ferunt.

504 4199 643 4256 lliuc
660 4198 898 4266 ierninae,
933 4213 1157 4269 prorsus
1178 4206 1426 4260 carentes
1462 4193 1623 4262 laete,
1657 4195 1700 4251 si

503 4293 870 4348 Pulvisculum
901 4300 1138 4355 sumant,
1173 4290 1350 4360 rigant
1373 4288 1460 4344 iac
1483 4288 1533 4343 vi
1561 4294 1722 4344 nova.

501 4386 627 4450 Aio,
653 4398 815 4439 omne
845 4385 1104 4456 templum
1139 4395 1303 4452 atque
1335 4382 1610 4452 regionem
1638 4383 1938 4453 proximam

503 4476 642 4545 (Nisi
673 4491 838 4548 prava
877 4489 1008 4547 gens
1045 4476 1304 4532 incoleret
1333 4475 1404 4529 ob
1427 4474 1637 4544 culpam
1676 4477 1873 4546 ineant)

506 4570 756 4626 Potuisse
789 4570 921 4626 dare
951 4569 1335 4625 miraculorum
1368 4567 1618 4625 ﬂutnina.

502 4661 708 4718 Natura
739 4665 864 4718 nam
890 4663 1105 4719 videtur
1143 4664 1382 4719 inanima
1415 4663 1513 4718 sub
1544 4663 1674 4734 jugo

506 4758 580 4814 Ut
607 4773 756 4814 more
781 4760 966 4815 servili
993 4760 1168 4829 capita
1195 4759 1307 4814 sint
1337 4757 1582 4826 subdita,

505 4853 776 4909 Nimirum
803 4853 1074 4909 olivarum
1108 4867 1172 4909 ex
1206 4865 1337 4923 agro
1368 4851 1721 4916 Bethlemico,

502 4947 708 5002 Planta:
734 4953 792 5001 ut.
813 4945 1039 5002 novellae
1069 4957 1253 4999 ament
1280 4945 1371 5000 Dei
1404 4945 1607 5000 cultum
1641 4946 1809 5016 pium.

501 5038 584 5095 Ld
616 5038 792 5094 ilicem
818 5051 941 5092 cum
978 5038 1224 5092 venerint
1249 5035 1376 5091 boni
1403 5036 1653 5106 hospitis,

504 5132 743 5189 Putealis
771 5141 930 5203 atque
955 5129 1170 5200 frigidm
1201 5130 1486 5201 dulcisque
1508 5134 1665 5202 "aquae

503 5223 799 5279 Abrahami
832 5223 1000 5295 prisci
1023 5219 1204 5278 Patris
1230 5223 1547 5292 jus-tissimi,

495 5318 632 5389 Ejus
659 5317 904 5386 sepulcro
937 5317 1302 5387 liberumque,
1328 5328 1382 5372 et
1418 5319 1552 5375 visis
1577 5322 1742 5388 casis,

501 5413 798 5472 Occursant
830 5413 896 5468 ad
933 5414 1090 5471 alma:
1125 5413 1414 5470 Trinitatis
1444 5414 1614 5480 obvii,

501 5507 770 5572 Sciathum
803 5509 1075 5567 dictorum
1120 5509 1191 5565 ibi
1227 5509 1622 5572 invenerimus.

2117 489 2159 544 Α
2194 479 2717 551 Συγκεκλεισμένων
2745 480 2980 551 ἔστηκεν
3006 480 3256 553 ύἹησοῦς
3284 482 3341 536 ἐν
3379 481 3548 552 μέσῳ,

2190 573 2300 627 Καὶ
2325 572 2424 644 τὴν
2445 574 2672 645 εἰρήνην
2708 575 2877 628 ἔδωκε
2904 575 3074 646 Θωμᾷ
3107 576 3552 646 πληροφορήσας.

2189 666 2332 736 Πρὸς
2361 667 2416 718 δὲ
2443 667 2537 718 καὶ
2561 667 3006 737 προφητάνοντος
3030 666 3187 737 σορὸς
3223 665 3317 719 τοῦ
3338 665 3744 741 ψαλμογράφου,

2188 761 2297 813 Καὶ
2329 761 2676 828 Σολομῶντος
2714 760 2811 814 τοῦ
2854 760 3018 830 σοφοῦ
3045 762 3329 834 προφήτου
3364 761 3643 832 βασιλέως,

2190 851 2436 920 Πέραθεν
2467 851 2524 905 δὲ
2555 853 2922 922 τυγχάνουσιν
2953 855 3052 925 τῆς
3086 853 3223 923 πρὸς
3253 851 3467 923 δυσμὰς
3497 850 3745 922 πλατείας

2191 943 2636 1015 Λελεπρωμὲνων
2661 945 2903 1000 ἀσθενῶν
2933 947 3162 1016 ἀρχαῖαι
3194 945 3497 1010 κατοικίαι,
3598 959 3603 966 ’

2188 1034 2300 1090 Καὶ
2327 1036 2464 1107 μετὰ
2492 1036 2697 1104 ταύτας
2732 1038 3012 1108 μάρτυρος
3042 1037 3170 1101 ναὸς
3203 1036 3299 1090 τοῦ
3323 1040 3647 1108 Προκοπίου.

2190 1129 2302 1183 Καὶ
2329 1129 2611 1196 γονικόθεν
2641 1130 2860 1202 οίκησιν
2886 1129 3068 1184 ἐκεῖσε
3104 1131 3472 1201 κεκτημένου.

2189 1222 2301 1275 Καὶ
2331 1224 2470 1292 μετὰ
2490 1223 2682 1278 τοῦτον
2708 1223 2975 1295 ἀμπελὼν
3008 1223 3104 1278 τοῦ
3157 1225 3405 1279 Ναϐουθὲ
3450 1226 3748 1301 καρπεύων.

2191 1313 2325 1368 Εἶτα
2355 1317 2451 1370 καὶ
2476 1316 2644 1380 τόπος
2668 1317 2871 1388 ὁμαλὸς
2896 1317 3213 1390 εὐρύχωρον
3253 1319 3455 1387 πεδίον,

2202 1409 2292 1463 Ἐν
2322 1401 2367 1477 ᾧ
2402 1409 2736 1464 καταλαϐεῖν
2775 1427 2910 1480 φασι
2948 1411 3040 1467 τὸν
3072 1411 3112 1465 Γ
3116 1411 3268 1466 ολιὰθ
3294 1415 3588 1485 χοράρχην.

2187 1503 2302 1574 Τῆς
2330 1501 2613 1576 λεωφόρου
2647 1505 2815 1578 μέσον
2845 1503 2904 1559 δὲ
2931 1505 3071 1578 πρὸς
3103 1505 3354 1578 Βηθλεὲμ
3381 1507 3641 1577 ἀγούσης,

2188 1596 2471 1669 Δεξαμένη
2512 1597 2855 1671 καθέστηκεν
2881 1599 3225 1674 ήγιασμένος
3266 1599 3461 1666 τόπος,

2201 1689 2290 1742 Ἐν
2426 1691 2661 1755 καθίσας
2699 1691 2958 1764 ’Δὸραὰμ
3007 1691 3330 1748 καταλιπὼν
3362 1696 3491 1757 τοὺς
3521 1692 3746 1763 δούλους,

2134 1853 2139 1858 ι
2193 1784 2299 1836 Τὸν
2331 1783 2583 1838 ποθεινὸν
2621 1785 2928 1856 ἀνέδραμεν
2965 1785 3080 1840 υίὸν
3105 1783 3200 1840 τοῦ
3235 1784 3517 1843 θυσιάσαι.

2113 1862 2156 1919 Β
2184 1872 2340 1928 Μετά
2368 1874 2566 1944 μικρὸν
2601 1874 2696 1928 καὶ
2735 1873 2917 1929 Ἦλιοῦ
2951 1875 3232 1948 προφήτου
3269 1874 3412 1940 θεῖος
3445 1874 3625 1946 δόμος.

2184 1959 2322 2017 Εἶτα
2354 1966 2798 2037 παραγενόμενοι
2838 1963 2978 2041 πρὸς
3019 1965 3270 2037 Βηθλεὲμ
3296 1966 3398 2037 τὴν
3439 1967 3619 2032 πόλιν,

2181 2057 2294 2112 Καὶ
2322 2057 2416 2112 τὸν
2447 2059 2574 2113 ναδν
2617 2059 2969 2131 πατήσαντες
3010 2060 3105 2114 τὸν
3139 2059 3282 2113 θεῖον
3319 2060 3419 2131 τῆς
3456 2061 3747 2130 Παρθένου,

2183 2150 2278 2214 Ei;
2307 2150 2540 2225 οὐρανὸν
2569 2153 2835 2222 ἐδόξαμεν
2863 2152 3127 2222 ἄντικρυς
3150 2150 3384 2208 ἀνιέναιι

2182 2244 2416 2316 Εῐδομεν
2443 2245 2552 2317 γὰρ
2577 2245 2639 2299 τὸ
2667 2245 2933 2317 σπήλαιον
2965 2245 3058 2300 τὸν
3084 2245 3319 2318 οὐρανὸν
3345 2246 3439 2299 τὸν
3470 2245 3649 2313 ἄλλον,

2196 2339 2313 2408 Ἐφ’
2338 2332 2490 2412 ᾧπερ
2515 2340 2548 2411 ἡ
2581 2340 2930 2411 πανάμωμος
2953 2338 3355 2410 καταφυγοῦσα
3375 2339 3555 2412 Κόρη,

2194 2428 2645 2499 Ἀνερμηνεύτως
2677 2427 2868 2484 τέτοκε
2899 2429 2996 2484 τὸν
3025 2428 3236 2502 Κύριον
3263 2429 3365 2500 τῆς
3405 2429 3589 2502 δόξης.

2184 2520 2416 2592 Ἕτερον
2443 2519 2637 2589 θρόνον
2664 2521 2881 2593 εἴδομεν
2920 2521 3020 2594 τὴν
3061 2521 3275 2594 φάτνην
3304 2523 3405 2594 τὴν
3433 2523 3625 2592 ἁγίαν.

2182 2613 2263 2667 Τὰ
2295 2611 2554 2684 θαύματα
2581 2611 2897 2684 πηγάζοντα
2929 2615 3064 2668 πᾶσι
3100 2615 3318 2678 πιστοῖς
3349 2613 3634 2683 ἀφθόνως,

2195 2705 2283 2772 Ἐξ
2313 2698 2389 2759 ὧν
2411 2706 2460 2759 εί
2493 2704 2641 2758 λίθον
2673 2703 2816 2777 λάϐῃ
2846 2722 2934 2770 τις
2962 2705 2997 2777 ἢ
3027 2706 3184 2762 κόνιν
3226 2703 3330 2779 τὴν
3357 2705 3657 2778 τυχοῦσαν,

2195 2796 2543 2869 ’Δπαλλαγὴν
2567 2797 2874 2868 εὑρήσηται
2917 2798 3136 2853 πάντων
3165 2797 3272 2853 τῶν
3301 2799 3593 2856 ἐναντίων.

2181 2891 2288 2946 Σὺν
2308 2889 2520 2956 τούτοις
2546 2892 2603 2945 δὲ
2634 2891 2961 2963 κατείδομεν
2989 2892 3292 2964 ἀνόρυκτον
3322 2895 3384 2946 τὸ
3414 2894 3622 2965 φρέαρ,

2195 2983 2479 3039 Ἀναδοθὲν
2508 2983 2842 3055 αὐτόματον,
2869 2985 3033 3056 ἡνίκα
3063 2985 3174 3051 ζῶν
3197 2986 3256 3040 τὺ
3288 2984 3435 3057 ὕδωρ

2193 3073 2530 3147 Ἐξεκενὼθη
2557 3076 2844 3147 μυστικῶς
2884 3079 3076 3150 πηγῆς
3104 3079 3477 3148 ἀδιανοῐκτου,

2105 3212 2151 3276 C
2196 3163 2519 3276 ’A'p'vobmp
2551 3166 2871 3241 ἐπεθύμησε
2907 3176 3052 3228 πιεῖν
3075 3175 3103 3227 ὀ
3142 3174 3582 3246 Ψαλμογράφος.

2195 3261 2286 3317 Ἐν
2318 3253 2364 3330 ᾧ
2398 3263 2492 3317 καὶ
2521 3263 2730 3334 Μάτων
2764 3264 2958 3336 eam;
2990 3266 3168 3337 ἀστὴρ
3199 3267 3226 3319 6
3266 3270 3420 3340 παρὰ
3444 3269 3631 3338 φύσιν,

2195 3351 2284 3406 Ἐν
2304 3352 2382 3424 τῷ
2413 3352 2591 3425 καιρῷ
2623 3355 2717 3408 καὶ
2743 3355 2986 3426 μάλιστα
3031 3357 3143 3411 τῶν
3188 3357 3492 3427 γενεθλίων
3536 3359 3753 3430 λάμπει.

2185 3446 2420 3516 Είδομεν
2449 3447 2616 3500 τόπον
2635 3447 2797 3516 ἅγιον
2826 3450 2924 3503 καὶ
2954 3448 3105 3502 λίθον
3134 3451 3446 3520 αίμοδόχον,

2194 3540 2282 3592 Ἐν
2317 3533 2401 3602 οἷς
2445 3538 2686 3611 Ἡρώδου
2711 3539 2992 3611 τύραννοι,
3026 3543 3469 3613 καρατομοῦντες
3504 3543 3699 3616 βρέφη,

2179 3632 2271 3684 ’Ev
2295 3633 2409 3694 τοῖς
2441 3631 2710 3702 σπηλαίου
2742 3635 2936 3704 μέρεσι
2967 3637 3347 3706 παρέῥριπτον
3369 3634 3448 3700 ὡς
3487 3637 3619 3708 ἄτῃ.

2185 3724 2336 3776 Ἀλλ’
2367 3727 2426 3777 ὲν
2452 3725 2626 3797 ἑτέρῳ
2661 3727 2932 3800 σποτεινῷ
2965 3727 3221 3800 σπηλαίῳ
3251 3729 3389 3802 κόρη
3433 3732 3600 3801 μόνη,

2183 3819 2288 3872 Τὸν
2318 3819 2526 3890 Κύριον
2558 3818 2905 3890 βαστάζουσα
2939 3821 3036 3874 καὶ
3078 3822 3618 3894 παρυποκρυεοῦσα,
3655 3860 3660 3864 -

2183 3911 2291 3965 Καὶ
2318 3912 2410 3966 τοῦ
2441 3912 2625 3982 τιμίου
2653 3912 2925 3980 γάλακτος
2955 3913 3343 3978 σταλάξαντος,
3376 3915 3452 3979 ὡς
3484 3917 3665 3985 λόγος,

2182 4004 2537 4069 Κατάλευκος
2573 4006 2710 4060 ὡσεὶ
2739 4008 2914 4078 τυρὸς
2941 4007 2968 4059 ὁ
3001 4007 3172 4071 τόπος
3196 4009 3473 4078 ἐγεγόνει,

2195 4098 2288 4163 Ἐξ
2316 4092 2377 4155 οὗ
2409 4101 2674 4168 γυναῖκες
2701 4098 2972 4168 γάλακτος
3004 4099 3239 4172 πάμπαν
3263 4103 3657 4174 ἐστερημέναι,

2181 4193 2332 4255 Xoth
2354 4191 2882 4262 μεταλαμϐάνουσαι
2917 4194 3208 4266 βλύζουσιν
3237 4194 3376 4265 ὑπὲρ
3411 4195 3598 4265 φύσιν.

2181 4287 2342 4355 Λέγω
2367 4284 2425 4340 δὲ
2458 4287 2639 4340 πάντα
2674 4286 2764 4340 τὸν
2788 4287 2918 4341 ναὸν
2954 4291 3051 4342 καὶ
3079 4290 3246 4343 τόπον
3282 4290 3375 4343 τὸν
3413 4290 3615 4355 ἐκεῖσε,

2184 4380 2244 4432 El
2281 4380 2357 4451 μὴ
2387 4380 2450 4434 τὸ
2472 4380 2625 4444 ἔθνος
2654 4378 2724 4454 ἦν
2751 4380 2955 4440 οίκοῦν,
2990 4383 3130 4452 ἐμὰς
3161 4383 3230 4437 δι’
3261 4383 3562 4455 ἁμαρτίας,

2195 4470 2440 4537 Ὶζξαίσια
2469 4471 2537 4527 τὰ
2573 4472 2832 4544 θαύματα
2863 4473 3180 4544 ποταμηδὸν
3210 4475 3446 4547 ὲκχέειν.

2110 4566 2153 4621 D
2181 4567 2435 4620 Φαίνεται
2470 4565 2576 4638 γὰρ
2608 4569 2707 4623 καὶ
2740 4567 2949 4638 ἄψυχος
2980 4568 3142 4638 φύσις
3163 4569 3529 4639 ὐποταγείσα,

2191 4660 2282 4724 Ὠς
2311 4663 2580 4727 δουλικῶς
2605 4665 2705 4727 τὰς
2729 4663 2978 4735 κορυφὰς
3020 4663 3164 4736 ἔχειν
3195 4665 3612 4729 ὕποκλινούσας,

2178 4756 2290 4819 Τὰς
2320 4759 2378 4810 ὲν
2401 4757 2479 4827 τῷ
2506 4757 2660 4829 τόπῳ
2690 4757 2935 4829 Βεθλεὲμ
2965 4757 3157 4823 ἐλαίας
3191 4758 3250 4824 ἐξ
3277 4758 3510 4825 ἐκείνου,

2177 4847 2434 4917 Στέργειν
2462 4848 2518 4901 δὲ
2538 4849 2630 4902 καὶ
2660 4849 2896 4920 νεόφυτα
2923 4848 2984 4902 τὸ
3015 4849 3152 4922 πρὸς
3180 4851 3272 4904 τὸν
3289 4850 3530 4922 κτίστην
3555 4848 3739 4912 σέϐαςο

2188 4942 2330 4996 Ἀλλ’
2359 4945 2419 4996 ὲν
2455 4944 2579 5014 δ’ρυὶ
2606 4945 2888 5015 γενόμενοι
2914 4944 2979 5016 τῇ
3015 4945 3113 5016 τῆς
3143 4943 3472 5015 φιλοξενίας,

2182 5035 2292 5087 Καὶ
2327 5036 2586 5105 φρεατίου
2619 5035 2809 5100 ὓδατος
2838 5037 3052 5109 ψυχροῦ
3089 5054 3146 5092 τε
3181 5039 3278 5092 καὶ
3302 5038 3537 5108 ποτίμου

2188 5126 2406 5190 Πιόντες
2430 5127 2524 5181 τοῦ
2553 5127 2895 5200 προπάτορος
2930 5130 3182 5203 Ἀϐραὰμ
3213 5130 3306 5184 τοῦ
3331 5131 3564 5196 δικαίου,

2182 5219 2292 5271 Καὶ
2323 5219 2422 5283 τὰς
2449 5221 2618 5274 αὑτοῦ
2649 5221 2743 5274 καὶ
2773 5221 2883 5276 τῶν
2909 5220 3075 5277 αὐτοῦ
3110 5223 3305 5296 σοροὺς
3334 5225 3427 5278 καὶ
3465 5219 3734 5282 κατοικίας

2192 5312 2434 5377 Ἰδόντες,
2464 5313 2559 5367 καὶ
2589 5315 2953 5386 προαπαντὴν
2990 5315 3225 5387 Τριάδος
3262 5315 3362 5386 τῆς
3392 5313 3553 5386 ἁγίας

2177 5403 2450 5476 Δευτέραν
2491 5404 2590 5478 τὴν
2634 5404 2922 5478 ἀναψυχὴν
2975 5405 3227 5479 εὕρωμεν
3286 5406 3393 5463 τῶν
3425 5402 3725 5478 λεχθέντων.
