4060 6290
1501 498 2444 640 ΑΝΩΝΥΜΟΥ

1799 733 2163 793 ΔΠΟΔΕΙΞΙΣ

1245 907 1511 1002 ΠΕΡΙ
1580 905 1817 996 ΤΩΝ
1888 901 2733 998 ΙΕΡΟΣΟΛΥΜΩΝ.

1580 1258 2385 1383 ANONYMUS

1016 1501 1171 1597 DE
1246 1498 1597 1598 LOCIS
1667 1498 2939 1597 HIEBOSOLYMITANIS.

409 1858 484 1908 α’.
532 1849 758 1923 Ἐπειδὴ
805 1850 954 1908 κατὰ
1005 1851 1106 1925 τὴν
1156 1849 1376 1922 ἀγαθήν
1427 1864 1523 1902 σου
1571 1845 1926 1922 προαίρεσιν,

2105 1846 2159 1902 l.
2194 1845 2296 1902 Pro
2336 1846 2478 1902 bona
2511 1846 2682 1904 animi
2714 1849 2793 1905 tui
2819 1850 3092 1908 sententia
3125 1849 3266 1922 petis
3298 1861 3327 1904 ε
3361 1862 3451 1904 me
3490 1862 3624 1903 nar-

352 1946 451 2000 καὶ
484 1943 717 2018 ζήτησιν
745 1946 877 2018 περὶ
919 1943 1031 2000 τῶν
1067 1943 1245 2014 ἁγίων
1274 1942 1480 2009 τόπων,
1529 1941 1598 2013 ἢν
1633 1939 1934 2012 ὲπεριεπά-

334 2058 422 2094 τει
449 2043 476 2095 ὁ
499 2040 741 2111 Χριστὸς
769 2041 870 2097 καὶ
902 2043 935 2113 ἡ
966 2040 1256 2106 Θεοτόκος,
1300 2039 1398 2093 καὶ
1431 2038 1482 2093 οί
1513 2037 1664 2107 ἅγιοι
1690 2036 1932 2092 ἀπόστο-

340 2136 444 2192 λοι,
476 2135 571 2188 καὶ
618 2136 669 2189 oi
709 2136 1014 2207 προφῆται,
1048 2133 1144 2187 καὶ
1169 2131 1219 2186 οί
1271 2130 1453 2185 λοιποὶ
1500 2129 1672 2199 άγιοι,
1707 2130 1932 2198 ἀγαπη-

336 2229 423 2282 τοὶ
457 2227 703 2298 ἀδελφοὶ,
732 2227 801 2282 νά
843 2226 1046 2298 μάθετε
1077 2225 1209 2298 περὶ
1246 2222 1347 2295 τῆς
1391 2221 1556 2292 ἁγίας
1585 2221 1798 2286 πόλεως
1837 2219 1936 2275 Ἰε-

341 2321 648 2396 ρουσαλὴμ,
681 2321 978 2391 ἔξαιριτως
1025 2321 1085 2376 δὲ
1136 2318 1208 2374 τὰ
1268 2319 1440 2384 Ἀγια
1468 2317 1580 2371 τῶν
1627 2315 1824 2385 ἁγίων,
1868 2315 1932 2369 τὸ

339 2415 698 2488 Γεθσημανὴ,
754 2416 816 2470 τὺ
861 2415 991 2485 ὅρος
1046 2414 1158 2468 τῶν
1204 2411 1460 2467 Ἐλαιῶν.
1509 2407 1830 2482 Ἀρξώμεθα
1878 2407 1936 2461 δὲ

339 2510 594 2566 ἐντεῦθεν
627 2508 737 2564 ἀπὸ
760 2507 857 2564 τοῦ
891 2507 1163 2579 ζωοδόχου
1194 2506 1372 2576 τάφου
1416 2501 1510 2559 τοῦ
1540 2500 1748 2573 Κυρίου
1773 2497 1935 2571 ἡμῶν

352 2603 531 2676 Ἰησοῦ
591 2601 858 2676 Χριστοῦ.
902 2603 963 2656 '0
1027 2601 1129 2672 μὲν
1174 2601 1302 2664 ναὸς
1361 2599 1455 2652 τοῦ
1499 2595 1688 2666 Ἀγίου
1744 2592 1936 2663 Τάφου

341 2697 586 2772 ὑπάρχει
636 2694 1115 2770 στρογγυλοειδὴς,
1173 2693 1326 2749 ἐστιν
1378 2693 1436 2746 ἐν
1493 2690 1572 2764 τῷ
1634 2690 1788 2763 μέσῳ
1837 2688 1938 2761 τῆς

335 2789 511 2858 ’ἁγίας
549 2788 758 2853 πόλεως
799 2787 1182 2861 Ἰερουσαλὴμ,
1214 2787 1312 2842 καὶ
1373 2785 1488 2856 ἔχει
1522 2784 1792 2857 τρούλλας
1817 2783 1934 2838 δύο.

348 2879 513 2949 Ἔχει
569 2877 665 2932 καὶ
719 2877 1115 2951 καμπανάριον
1153 2876 1494 2948 ὡραιότατον
1535 2875 1937 2946 κεκολλημένον

358 2967 503 3040 μετὰ
528 2968 621 3023 τὸν
673 2967 834 3037 άγιον
864 2967 1016 3033 ναὸν,
1051 2969 1150 3021 καὶ
1201 2967 1490 3037 φαίνονται
1522 2964 1632 3020 ἀπὸ
1659 2965 1938 3037 μακρόθεν

343 3061 431 3125 εἰς
478 3060 651 3115 τύπον
702 3061 803 3131 τῆς
835 3059 999 3130 ἁγίας
1029 3059 1284 3132 Τριάδος.
1342 3057 1407 3112 Ἦ
1463 3056 1519 3111 δὲ
1553 3058 1654 3129 μία
1705 3055 1940 3129 τρούλλα

343 3151 486 3207 ὀποῦ
515 3146 658 3207 εἶναι
681 3150 870 3205 ἐπάνω
901 3150 999 3205 τοῦ
1035 3150 1195 3218 ἁγίου
1238 3151 1417 3221 τάφου
1459 3150 1582 3204 έναι
1615 3150 1937 3205 ἀνασκὲπαο

345 3262 476 3318 στη.
509 3247 594 3302 ὅτι
626 3246 830 3300 άπεκεῖ
857 3243 1153 3300 κατέϐαινε
1179 3242 1242 3297 τὸ
1280 3219 1438 3314 ἅγιον
1462 3244 1578 3314 φῶς
1606 3259 1621 3279 ο
1654 3245 1688 3317 ἠ
1715 3243 1775 3298 δὲ
1799 3243 1937 3315 άλλη
1971 3219 2013 3275 Β

339 3338 582 3412 τρούλλα
639 3336 1088 3408 ἑνεσκεπασμένη
1131 3336 1275 3406 μετὰ
1310 3335 1604 3407 μολύϐδου,
1653 3337 1750 3392 καὶ
1792 3336 1940 3391 lotu-

349 3435 448 3490 θεν
482 3432 756 3505 ἑνδυμὲνη
802 3429 1151 3503 μετασκευὴν
1181 3429 1405 3501 ξυλίνην
1441 3427 1651 3494 εωςγτὰ
1693 3427 1940 3502 ζωνάρια

347 3525 449 3582 τοῦ
481 3525 693 3597 τοίχου.
727 3524 838 3580 Καὶ
869 3525 978 3579 ἀπὸ
999 3522 1103 3596 τὴν
1132 3523 1314 3595 ζώνην
1337 3523 1435 3577 καὶ
1468 3521 1625 3577 κάτω
1651 3519 1797 3576 εἶναι
1819 3539 1941 3576 στο-

353 3618 589 3695 ρισμένη
653 3616 797 3691 μετὰ
853 3618 1063 3691 μωσίου
1116 3616 1323 3690 χρυσοῦ
1382 3616 1498 3672 ὅλοι
1544 3616 1596 3670 oi
1636 3615 1939 3688 προφῆται,

353 3715 450 3770 καὶ
475 3717 507 3769 6
536 3713 728 3784 Μέγας
759 3713 1194 3778 Κωνσταντῖνος,
1223 3711 1318 3766 καὶ
1345 3712 1380 3784 η
1409 3710 1543 3782 ἁγία
1585 3707 1798 3783 Ἑλένη.
1828 3708 1942 3763 Καὶ

348 3807 464 3864 ἀπὸ
486 3808 642 3863 κάτω
674 3807 787 3863 τῶν
814 3806 1119 3878 προφητῶν
1163 3801 1307 3861 εἶναι
1363 3806 1636 3878 μάρμαρα
1672 3800 1943 3879 πορφυρᾶ

351 3899 736 3972 κεκολλημένα
778 3901 860 3965 είς
891 3899 984 3952 τὸν
1021 3899 1202 3970 τοῖχον
1241 3900 1345 3970 τῆς
1387 3899 1657 3968 ίστορίας,
1685 3895 1787 3955 καὶ
1841 3896 1943 3967 γύ-

340 3993 533 4072 ρωθεν
594 3989 737 4047 εἶναι
797 3993 868 4047 τὰ
928 3989 1320 4064 κατηχούμενα
1375 3992 1473 4046 τοῦ
1521 3990 1679 4060 ἁγίου
1739 3990 1938 4062 τάφου.

366 4087 684 4160 Ὑπάρχουν
718 4085 817 4140 καὶ
859 4084 1112 4148 κολόναις
1165 4086 1580 4156 μαρμαρείναις
1625 4083 1795 4150 ὀκτὼ,
1846 4087 1942 4141 καὶ

352 4179 594 4252 ποδάρια
635 4177 782 4234 ὀκτὼ
825 4177 885 4244 ἐξ
925 4178 1038 4234 ἀπὸ
1066 4179 1135 4234 τὰ
1166 4179 1393 4247 στάολα,
1428 4179 1524 4233 καὶ
1557 4179 1709 4235 κάτω
1736 4179 1938 4252 ἔδαφος

352 4274 475 4329 [vae
514 4274 765 4338 κολόναις
808 4270 908 4339 ις’,
961 4275 1060 4328 καὶ
1103 4272 1309 4326 κιονίον
1353 4271 1572 4344 χοντρό.
1617 4273 1727 4325 Καὶ
1761 4273 1844 4337 είς
1876 4271 1940 4327 τὸ

357 4369 526 4441 μέσον
556 4370 657 4440 τῆς
684 4366 956 4440 τρούλλας
985 4368 1064 4432 είς
1095 4368 1157 4422 τὸ
1190 4366 1386 4436 ἔδαφος
1411 4365 1510 4435 τῆς
1540 4368 1643 4437 γῆς
1664 4364 1782 4420 ἔναι
1813 4383 1942 4420 κου-

354 4462 609 4518 6ούκλιον
641 4463 899 4534 πέτρινον
941 4461 1305 4534 ὡραιότατον,
1357 4459 1452 4514 καὶ
1487 4462 1658 4529 μέσον
1680 4459 1774 4514 τοῦ
1807 4477 1935 4514 κου-

2039 1940 2309 1996 rationem
2367 1943 2433 1996 de
2487 1941 2623 2000 locis
2653 1943 2880 2010 sanctis;
2931 1959 3030 2015 per
3080 1959 3203 2014 qua:
3247 1940 3521 2018 Christus,
3567 1950 3624 1996 et

2038 2033 2294 2104 Deipara,
2329 2043 2386 2091 et
2412 2034 2586 2090 sancti
2629 2036 2883 2106 apostoli,
2933 2045 2986 2091 et
3013 2035 3311 2107 prophetae,
3343 2044 3399 2090 et
3424 2033 3623 2104 reliqui

2040 2129 2239 2195 sancti,
2271 2129 2714 2185 obambularunt.
2751 2129 2954 2184 Morem
2987 2144 3196 2198 geram.
3234 2129 3459 2185 Fratres
3491 2129 3626 2184 cba-

2038 2217 2269 2284 rissimi,
2304 2218 2511 2285 audite,
2545 2235 2667 2290 quae
2693 2220 2942 2276 dicturus
2995 2235 3116 2276 sum
3165 2223 3232 2277 de
3262 2230 3449 2277 sancta
3487 2221 3626 2279 urbe

2035 2306 2361 2375 Jerusalem,
2405 2319 2460 2364 et
2505 2308 2850 2380 potissimum
2902 2313 2969 2366 de
3021 2309 3240 2366 Sanctis
3275 2319 3623 2379 sanctorum,

2035 2399 2415 2468 Gethsemani,
2471 2395 2529 2456 et
2567 2411 2753 2458 monte
2792 2400 3100 2458 Olivarum.
3152 2401 3234 2457 Sit
3263 2417 3394 2458 vero
3425 2412 3627 2459 nostra

2037 2494 2369 2551 narrationis
2404 2495 2620 2551 initium
2657 2512 2686 2550 a
2733 2497 2948 2553 viviﬁco
2979 2496 3234 2567 sepulcro
3266 2495 3479 2552 Domini
3526 2512 3628 2553 no-

2038 2589 2136 2646 stri
2162 2588 2296 2645 Jesn
2316 2588 2548 2647 Christi.
2574 2589 2857 2662 Templum
2883 2593 3059 2649 sancti
3084 2592 3322 2664 sepulcri
3342 2600 3424 2648 est
3451 2591 3628 2648 forma

2039 2683 2295 2750 rotunda,
2331 2683 2384 2739 in
2417 2684 2593 2739 media
2627 2694 2816 2741 sancta
2840 2687 3061 2742 civitate
3088 2685 3394 2743 Jerusalem
3431 2688 3628 2751 situm,

2039 2776 2252 2832 duabus
2305 2775 2483 2832 trullis
2538 2777 2925 2848 conspicuum.
2965 2777 3140 2835 Habet
3187 2779 3290 2836 sibi
3351 2795 3629 2836 annexum

2039 2869 2344 2941 campanile
2387 2869 2838 2941 pulcherrimum.
2889 2870 3022 2938 Quae
3073 2873 3237 2942 longe
3285 2873 3494 2930 dissitis
3546 2880 3632 2944 ty-

2038 2978 2170 3036 pum
2237 2964 2597 3020 sanctissimae
2662 2964 2879 3021 Triadis
2931 2976 3345 3035 repraesentant.
3405 2967 3628 3036 Trulla,

2041 3073 2207 3128 super
2239 3066 2492 3115 sanctum
2534 3057 2847 3128 sepulcrum
2894 3059 3166 3124 enuneus,
3219 3061 3366 3116 nullo
3430 3061 3633 3132 legitur

2045 3162 2226 3220 tecto;
2284 3152 2427 3222 quod
2495 3151 2621 3207 inde
2681 3151 3045 3208 descenderet
3100 3165 3346 3210 sanctum
3405 3154 3631 3211 lumen:

2044 3245 2150 3300 alia
2184 3244 2408 3316 plumbo
2438 3245 2765 3314 contegitur,
2790 3251 2845 3300 et
2872 3244 3018 3300 intus
3046 3253 3323 3302 structura
3363 3247 3537 3318 lignea
3563 3231 3658 3303 add

2044 3337 2322 3408 cingulum
2361 3338 2502 3392 muri
2534 3336 3005 3396 circumvestitnr.
3042 3339 3086 3393 Α
3111 3339 3351 3412 cingulo,
3385 3350 3439 3395 et
3468 3340 3633 3411 infra,

2043 3433 2258 3487 musivo
2311 3445 2477 3486 aureo
2527 3445 2717 3486 omnes
2765 3432 3066 3501 prophetae,
3116 3440 3171 3486 et
3213 3448 3446 3503 magnus
3492 3433 3636 3489 Con-

2047 3526 2346 3588 stantium,
2377 3533 2429 3579 et
2455 3535 2640 3578 sancta
2676 3523 2897 3590 Helena,
2939 3524 3142 3594 depicti
3184 3535 3332 3580 sunt.
3369 3525 3483 3581 Sub
3510 3543 3638 3596 pro-

2045 3617 2227 3688 phetis
2270 3633 2544 3688 purpurea
2600 3625 2871 3673 marnrora
2929 3633 3085 3672 muro
3135 3619 3481 3691 inﬁguntur:
3529 3621 3640 3677 cir-

2045 3727 2169 3768 cum
2224 3722 2476 3767 sanctum
2534 3712 2846 3781 sepulcrum
2912 3715 3426 3769 catechumenorum
3490 3716 3636 3772 aedes
3721 3718 3727 3724 ”

2047 3809 2472 3878 amplectuntur.
2524 3803 2663 3862 Sunt
2713 3815 2767 3861 et
2813 3806 3082 3862 columnae
3124 3821 3442 3865 marmorea
3486 3819 3631 3876 octo,

2043 3913 2197 3956 extra
2230 3901 2495 3956 stationes
2535 3915 2551 3956 :
2587 3909 2642 3958 et
2687 3901 2739 3955 in
2791 3901 3105 3972 paVimento
3142 3901 3408 3958 columna:
3439 3905 3634 3960 sexde-

2044 3996 2174 4063 cim,
2212 4003 2265 4051 et
2311 3993 2553 4049 cionium
2591 4008 2862 4048 crassum.
2900 3992 2955 4048 In
2998 3994 3158 4049 trulla
3194 3994 3375 4050 media
3423 4004 3478 4050 et
3519 3996 3636 4066 ipso

2045 4090 2366 4162 pavimento
2432 4087 2679 4143 cernitur
2739 4085 2992 4142 cubiculo
3043 4102 3260 4143 sacrum
3317 4091 3632 4159 sepulcrum

2046 4179 2263 4236 Domini
2304 4180 2479 4236 nostri
2521 4177 2649 4235 Jesu
2680 4179 2911 4235 Christi.
2954 4179 3092 4236 Cum
3122 4190 3332 4251 portam
3383 4183 3636 4253 ingrede—

2044 4275 2143 4342 ris,
2175 4274 2329 4330 vides
2361 4273 2430 4330 ibi
2461 4271 2737 4344 iacentem
2789 4272 3024 4343 lapidem
3069 4275 3164 4345 qui
3205 4276 3478 4333 revolutus
3508 4277 3627 4335 fue-

2043 4377 2129 4424 rat
2177 4383 2208 4424 e
2251 4375 2628 4431 monumento,
2668 4365 2831 4421 veluti
2865 4376 3109 4422 sanctam
3144 4382 3409 4437 mensam,
3447 4371 3634 4427 candi-

2043 4460 2191 4526 dam,
2223 4469 2276 4514 et
2321 4459 2771 4530 pulcherrimam.
2811 4458 2985 4529 Supra
3019 4468 3274 4516 sanctum
3321 4465 3632 4532 sepulcrum

355 4555 612 4611 σουκλίου
644 4555 761 4610 έναι
789 4556 818 4610 ὀ
852 4554 1009 4626 ἅγιος
1041 4553 1215 4623 τάφος
1255 4551 1351 4606 τοῦ
1383 4550 1594 4622 Κυρίου
1628 4552 1788 4623 ἡμῶν
1832 4553 1939 4624 Ἰη-

2048 4553 2282 4625 pendent
2316 4554 2536 4625 triginta
2569 4567 2662 4609 sex
2690 4553 2993 4624 lampades,
3038 4568 3270 4623 quarum
3304 4557 3426 4610 duae
3468 4567 3631 4613 noctu

358 4649 456 4704 σοῦ
494 4648 759 4721 Χριστοῦ.
810 4649 921 4702 Kal.
955 4647 1302 4718 ἐμπένοντας
1340 4644 1400 4698 τὸ
1447 4644 1624 4718 πορτὴ
1653 4644 1750 4698 τοῦ
1779 4645 1938 4715 ἁγίου

352 4747 532 4813 τάφου
589 4743 767 4796 κεῖται
803 4742 831 4794 ὁ
877 4738 1029 4804 λίθος
1067 4740 1097 4793 ὁ
1127 4737 1520 4803 ἀποκυλισθεὶς
1560 4741 1626 4793 ἐκ
1666 4737 1762 4792 τοῦ
1800 4739 1940 4810 μνή-

360 4854 562 4909 ματος.
600 4835 793 4909 ὥσπερ
851 4833 984 4905 ἁγία
1033 4832 1310 4904 τράπεζα,
1365 4832 1536 4904 λευκὴ
1583 4832 1938 4902 ὡραιότατος.

358 4932 471 4989 Καὶ
508 4934 536 4986 ὁ
569 4929 724 4999 ἅγιος
751 4929 922 4999 τάφος
976 4927 1095 4982 έναι
1155 4926 1537 5000 μαρμαρέῖνος
1569 4925 1938 4996 ὼραιότατοςο

363 5026 459 5082 καὶ
479 5027 686 5082 ἄνωθεν
718 5023 815 5079 τοῦ
849 5026 1006 5093 ἁγίου
1059 5024 1232 5092 τάφου
1264 5020 1602 5094 κρεμοῦνται
1640 5019 1937 5092 κανδήλαις

362 5124 475 5189 λς’,
520 5121 618 5176 καὶ
664 5120 759 5175 δύο
817 5121 912 5175 καὶ
946 5118 1324 5191 φωταγωγοῦν
1356 5115 1529 5173 νύκτα
1561 5118 1656 5170 καὶ
1691 5116 1934 5188 ἡμέραν,

362 5212 639 5271 Εῐναικαὶ
693 5215 1030 5287 ίστορημένη
1079 5213 1114 5286 ἡ
1167 5210 1497 5285 Λαζάρωσις
1536 5209 1629 5264 τοῦ
1671 5207 1936 5280 Χριστοῦ,

360 5309 459 5366 καὶ
480 5310 512 5380 ἡ
531 5305 875 5370 ’Λνάστασις,
899 5304 994 5359 καὶ
1013 5306 1047 5376 ἡ
1065 5304 1380 5377 Ἀνάληψις.
1415 5304 1526 5358 Καὶ
1551 5303 1632 5366 εἰς
1663 5301 1754 5354 τὸν
1773 5299 1944 5373 γύρον

359 5402 458 5460 τοῦ
480 5402 652 5469 τάφου
687 5399 971 5472 ύπάρχουν
1011 5393 1281 5472 μάρμαρα
1312 5397 1697 5468 κεκολλημένα
1739 5398 1820 5460 εἰς
1848 5395 1943 5451 τδν

362 5503 565 5571 τεῖχον.
599 5498 712 5552 Καὶ
757 5499 838 5561 τίς
869 5497 931 5551 τὸ
981 5495 1180 5566 ἔδαφος
1213 5493 1345 5565 παρ’
1393 5489 1560 5549 αὐτοῦ
1598 5490 1781 5561 ὀλίγον
1819 5489 1945 5544 ὅσον

366 5597 412 5670 β’
444 5597 668 5670 βήματα
698 5592 877 5649 ποδῶν
900 5591 1018 5649 έναι
1045 5592 1075 5646 ὁ
1107 5590 1254 5658 λίθος
1281 5587 1420 5646 ὀποῦ
1449 5586 1708 5648 ἐκάθισεν
1731 5586 1759 5642 ὀ
1781 5585 1951 5659 ins-

340 5765 344 5770 '
439 5761 459 5794 ¹
484 5756 682 5821 Matth.
714 5771 910 5831 smn,
943 5755 1000 5828 5,
1032 5755 1090 5816 6.

2049 4647 2247 4716 diuque
2307 4645 2576 4703 continue
2629 4647 2842 4701 ardent.
2909 4645 3165 4716 Depictus
3228 4657 3312 4704 est
3356 4649 3626 4721 Christus,

2052 4749 2390 4796 mortuorum
2446 4739 2778 4795 indumentis
2832 4742 3061 4795 amictus
3095 4757 3110 4798 :
3146 4748 3255 4795 tum
3315 4743 3483 4812 ipsius
3523 4744 3629 4802 Re-

2049 4832 2338 4898 surrectio,
2382 4843 2435 4887 et
2466 4830 2755 4887 Ascensio.
2785 4830 3006 4885 Circum
3041 4832 3351 4902 sepulcrum
3382 4838 3632 4896 ambiunt

2054 4940 2324 4981 marmora
2360 4925 2554 4997 parieti
2585 4924 2688 4980 ﬁxa
2715 4941 2730 4992 ;
2761 4925 2891 4980 etin
2928 4926 3239 4993 pavimento
3272 4947 3436 5001 penes
3464 4934 3640 5004 ipsum

2051 5029 2129 5076 est
2165 5020 2303 5076 alius
2335 5020 2493 5088 lapis,
2531 5021 2582 5074 in
2617 5035 2726 5091 quo
2762 5018 2902 5075 sedit
2927 5021 3177 5090 angelus,
3198 5035 3251 5076 et
3276 5027 3412 5080 dixit
3443 5028 3637 5083 mulie-

2052 5116 2202 5171 ribus
2241 5132 2255 5168 :
2303 5113 2445 5181 Quid
2502 5116 2748 5185 qumritis
2791 5113 2970 5169 Jesum
3029 5112 3418 5176 Nazarenam?
3469 5139 3642 5176 resur-

2053 5208 2191 5263 rexit
2212 5224 2232 5274 ;
2257 5224 2359 5263 non
2384 5219 2458 5264 ut
2502 5209 2588 5262 hic
2613 5208 2656 5263 '.
2690 5207 2872 5280 Super
2894 5211 3132 5282 lapidem
3164 5213 3400 5284 pendent
3433 5215 3641 5285 lampa-

2049 5302 2147 5358 des
2177 5311 2432 5373 quatuor.
2468 5301 2642 5373 Supra
2682 5316 2932 5361 sanCtum
2959 5306 3266 5378 sepulcrum
3294 5315 3377 5363 est
3406 5323 3636 5379 parvum

2045 5399 2246 5467 cubile,
2307 5399 2526 5471 plumbo
2559 5409 2908 5470 contectum;
2938 5409 2992 5457 et
3036 5417 3066 5457 a
3104 5401 3389 5458 duodecim
3431 5401 3638 5458 colum-

2052 5496 2142 5552 nis
2176 5493 2464 5566 purpureis
2514 5501 2571 5550 et
2603 5495 2785 5552 aureis
2814 5497 3066 5568 capitulis
3099 5499 3421 5566 sustinetur,
3467 5497 3637 5552 musi-

2053 5602 2233 5659 voque
2259 5601 2429 5648 aureo
2463 5587 2702 5662 undique
2744 5589 2928 5649 varias
2984 5590 3248 5665 imagines
3280 5590 3466 5650 refert.
3509 5589 3640 5646 Inde
