  <div class='ocr_page' id='page_1' title='image "/cluster/home/n/w/nwhite01/storage/ocr_20150623/133/mdp.39015078384230/495.png"; bbox 0 0 4060 6290; ppageno 0'>
   <div class='ocr_carea' id='block_1_1' title="bbox 499 350 611 415">
    <p class='ocr_par' dir='ltr' id='par_1_1' title="bbox 499 350 611 415">
     <span class='ocr_line' id='line_1_1' title="bbox 499 350 611 415; baseline -0.027 0"><span class='ocrx_word' id='word_1_1' title='bbox 499 350 611 415; x_wconf 76' lang='lat'><strong>975</strong></span> 
     </span>
    </p>
   </div>
   <div class='ocr_carea' id='block_1_2' title="bbox 1952 331 2298 398">
    <p class='ocr_par' dir='ltr' id='par_1_2' title="bbox 1952 331 2298 398">
     <span class='ocr_line' id='line_1_2' title="bbox 1952 331 2298 398; baseline -0.006 -2"><span class='ocrx_word' id='word_1_2' title='bbox 1952 331 2298 398; x_wconf 81' lang='lat' dir='ltr'><strong>ANONYMI</strong></span> 
     </span>
    </p>
   </div>
   <div class='ocr_carea' id='block_1_3' title="bbox 3634 330 3733 403">
    <p class='ocr_par' dir='ltr' id='par_1_3' title="bbox 3634 330 3733 403">
     <span class='ocr_line' id='line_1_3' title="bbox 3634 330 3733 403; baseline -0.02 -8"><span class='ocrx_word' id='word_1_3' title='bbox 3634 330 3733 403; x_wconf 79' lang='lat'><strong>976</strong></span> 
     </span>
    </p>
   </div>
   <div class='ocr_carea' id='block_1_4' title="bbox 508 444 2094 531">
    <p class='ocr_par' dir='ltr' id='par_1_4' title="bbox 508 457 2071 531">
     <span class='ocr_line' id='line_1_4' title="bbox 508 457 2071 531; baseline -0.002 -15"><span class='ocrx_word' id='word_1_4' title='bbox 508 462 781 520; x_wconf 79' lang='lat' dir='ltr'><strong>descendit</strong></span> <span class='ocrx_word' id='word_1_5' title='bbox 812 471 1054 517; x_wconf 87' lang='lat' dir='ltr'><strong>sanctum</strong></span> <span class='ocrx_word' id='word_1_6' title='bbox 1089 461 1271 516; x_wconf 87' lang='lat' dir='ltr'><strong>lumen</strong></span> <span class='ocrx_word' id='word_1_7' title='bbox 1298 470 1488 517; x_wconf 81' lang='lat' dir='ltr'><strong>saneto</strong></span> <span class='ocrx_word' id='word_1_8' title='bbox 1524 469 1579 515; x_wconf 92' lang='lat' dir='ltr'><strong>et</strong></span> <span class='ocrx_word' id='word_1_9' title='bbox 1612 473 1809 531; x_wconf 76' lang='lat' dir='ltr'><strong>magno</strong></span> <span class='ocrx_word' id='word_1_10' title='bbox 1832 457 2071 514; x_wconf 79' lang='lat' dir='ltr'><strong>Sabbato</strong></span> 
     </span>
    </p>
   </div>
   <div class='ocr_carea' id='block_1_5' title="bbox 2197 444 3739 531">
    <p class='ocr_par' dir='ltr' id='par_1_5' title="bbox 2197 444 3739 523">
     <span class='ocr_line' id='line_1_5' title="bbox 2197 444 3739 523; baseline -0.003 -18"><span class='ocrx_word' id='word_1_11' title='bbox 2197 470 2288 522; x_wconf 83' lang='grc' dir='ltr'>.ος,</span> <span class='ocrx_word' id='word_1_12' title='bbox 2331 450 2429 508; x_wconf 72' lang='grc' dir='ltr'>καὶ</span> <span class='ocrx_word' id='word_1_13' title='bbox 2462 449 2588 508; x_wconf 73' lang='grc' dir='ltr'>εἷπε</span> <span class='ocrx_word' id='word_1_14' title='bbox 2620 452 2740 518; x_wconf 75' lang='grc' dir='ltr'>ταῖς</span> <span class='ocrx_word' id='word_1_15' title='bbox 2766 448 3005 523; x_wconf 72' lang='grc' dir='ltr'>γυναιξὶ,</span> <span class='ocrx_word' id='word_1_16' title='bbox 3045 450 3107 508; x_wconf 81' lang='grc' dir='ltr'>Τί</span> <span class='ocrx_word' id='word_1_17' title='bbox 3129 449 3351 523; x_wconf 70' lang='grc' dir='ltr'>ζητεῖτε</span> <span class='ocrx_word' id='word_1_18' title='bbox 3390 444 3621 515; x_wconf 79' lang='grc' dir='ltr'><strong>Ἰησοῦν</strong></span> <span class='ocrx_word' id='word_1_19' title='bbox 3642 449 3739 501; x_wconf 74' lang='grc' dir='ltr'>τὸν</span> 
     </span>
    </p>
   </div>
   <div class='ocr_carea' id='block_1_6' title="bbox 507 537 2094 623">
    <p class='ocr_par' dir='ltr' id='par_1_6' title="bbox 507 550 2073 623">
     <span class='ocr_line' id='line_1_6' title="bbox 507 550 2073 623; baseline -0.001 -16"><span class='ocrx_word' id='word_1_20' title='bbox 507 557 640 609; x_wconf 89' lang='lat' dir='ltr'><strong>hora</strong></span> <span class='ocrx_word' id='word_1_21' title='bbox 673 554 1008 623; x_wconf 79' lang='lat' dir='ltr'><strong>vespertina,</strong></span> <span class='ocrx_word' id='word_1_22' title='bbox 1042 561 1095 608; x_wconf 93' lang='lat' dir='ltr'><strong>et</strong></span> <span class='ocrx_word' id='word_1_23' title='bbox 1125 553 1190 607; x_wconf 89' lang='lat' dir='ltr'><strong>ad</strong></span> <span class='ocrx_word' id='word_1_24' title='bbox 1225 564 1473 608; x_wconf 88' lang='lat' dir='ltr'><strong>sanctum</strong></span> <span class='ocrx_word' id='word_1_25' title='bbox 1529 552 1735 608; x_wconf 77' lang='lat' dir='ltr'><strong>Christi</strong></span> <span class='ocrx_word' id='word_1_26' title='bbox 1767 550 2073 618; x_wconf 86' lang='lat' dir='ltr'><strong>sepulcrum</strong></span> 
     </span>
    </p>
   </div>
   <div class='ocr_carea' id='block_1_7' title="bbox 2197 537 3738 623">
    <p class='ocr_par' dir='ltr' id='par_1_7' title="bbox 2197 537 3738 618">
     <span class='ocr_line' id='line_1_7' title="bbox 2197 537 3738 618; baseline -0.006 -17"><span class='ocrx_word' id='word_1_27' title='bbox 2197 543 2524 617; x_wconf 68' lang='grc' dir='ltr'>Υαξαρηνόν</span> <span class='ocrx_word' id='word_1_28' title='bbox 2539 561 2561 612; x_wconf 84' lang='grc'><strong><em>;</em></strong></span> <span class='ocrx_word' id='word_1_29' title='bbox 2588 545 2833 618; x_wconf 76' lang='grc' dir='ltr'>ἠγέρθη,</span> <span class='ocrx_word' id='word_1_30' title='bbox 2861 548 2971 601; x_wconf 79' lang='grc' dir='ltr'>οὐκ</span> <span class='ocrx_word' id='word_1_31' title='bbox 3000 540 3111 600; x_wconf 68' lang='grc' dir='ltr'><strong>εῖν*</strong></span> <span class='ocrx_word' id='word_1_32' title='bbox 3138 538 3277 599; x_wconf 80' lang='grc' dir='ltr'>ὧδε.</span> <span class='ocrx_word' id='word_1_33' title='bbox 3295 543 3406 597; x_wconf 78' lang='grc' dir='ltr'><strong>Καὶ</strong></span> <span class='ocrx_word' id='word_1_34' title='bbox 3428 540 3627 597; x_wconf 74' lang='grc' dir='ltr'>ἄνωθεν</span> <span class='ocrx_word' id='word_1_35' title='bbox 3651 537 3738 594; x_wconf 85' lang='grc' dir='ltr'><strong>τοῦ</strong></span> 
     </span>
    </p>
   </div>
   <div class='ocr_carea' id='block_1_8' title="bbox 506 644 2079 718">
    <p class='ocr_par' dir='ltr' id='par_1_8' title="bbox 506 644 2079 718">
     <span class='ocr_line' id='line_1_8' title="bbox 506 644 2079 718; baseline -0.003 -15"><span class='ocrx_word' id='word_1_36' title='bbox 506 662 630 703; x_wconf 68' lang='lat' dir='ltr'><strong>Sese</strong></span> <span class='ocrx_word' id='word_1_37' title='bbox 654 645 907 718; x_wconf 82' lang='lat' dir='ltr'><strong>applicat,</strong></span> <span class='ocrx_word' id='word_1_38' title='bbox 935 646 1231 715; x_wconf 75' lang='lat' dir='ltr'><strong>statimque</strong></span> <span class='ocrx_word' id='word_1_39' title='bbox 1258 644 1560 716; x_wconf 82' lang='lat' dir='ltr'><strong>lampades,</strong></span> <span class='ocrx_word' id='word_1_40' title='bbox 1609 644 1808 701; x_wconf 82' lang='lat' dir='ltr'><strong>ibidem</strong></span> <span class='ocrx_word' id='word_1_41' title='bbox 1834 645 2079 716; x_wconf 57' lang='lat' dir='ltr'><strong>pendena</strong></span> 
     </span>
    </p>
   </div>
   <div class='ocr_carea' id='block_1_9' title="bbox 509 734 2079 806">
    <p class='ocr_par' dir='ltr' id='par_1_9' title="bbox 509 734 2079 806">
     <span class='ocr_line' id='line_1_9' title="bbox 509 734 2079 806; baseline -0.003 -15"><span class='ocrx_word' id='word_1_42' title='bbox 509 748 611 805; x_wconf 90' lang='lat' dir='ltr'><strong>tes,</strong></span> <span class='ocrx_word' id='word_1_43' title='bbox 641 738 1041 795; x_wconf 84' lang='lat' dir='ltr'><strong>accenduntur.</strong></span> <span class='ocrx_word' id='word_1_44' title='bbox 1078 736 1251 806; x_wconf 84' lang='lat' dir='ltr'><strong>Prope</strong></span> <span class='ocrx_word' id='word_1_45' title='bbox 1283 738 1541 805; x_wconf 89' lang='lat' dir='ltr'><strong>templum</strong></span> <span class='ocrx_word' id='word_1_46' title='bbox 1578 736 1775 791; x_wconf 85' lang='lat' dir='ltr'><strong>sacella</strong></span> <span class='ocrx_word' id='word_1_47' title='bbox 1797 734 2079 806; x_wconf 83' lang='lat' dir='ltr'><strong>possiden-</strong></span> 
     </span>
    </p>
   </div>
   <div class='ocr_carea' id='block_1_10' title="bbox 506 827 2073 894">
    <p class='ocr_par' dir='ltr' id='par_1_10' title="bbox 506 827 2073 894">
     <span class='ocr_line' id='line_1_10' title="bbox 506 827 2073 894; baseline -0.002 -10"><span class='ocrx_word' id='word_1_48' title='bbox 506 842 597 884; x_wconf 92' lang='lat' dir='ltr'><strong>tur</strong></span> <span class='ocrx_word' id='word_1_49' title='bbox 628 830 696 885; x_wconf 91' lang='lat' dir='ltr'><strong>ab</strong></span> <span class='ocrx_word' id='word_1_50' title='bbox 724 828 1012 893; x_wconf 65' lang='lat' dir='ltr'><strong>haereticis,</strong></span> <span class='ocrx_word' id='word_1_51' title='bbox 1047 827 1320 893; x_wconf 74' lang='lat' dir='ltr'><strong>Armenia,</strong></span> <span class='ocrx_word' id='word_1_52' title='bbox 1356 827 1638 894; x_wconf 79' lang='lat' dir='ltr'><strong>Jacobitis,</strong></span> <span class='ocrx_word' id='word_1_53' title='bbox 1682 828 1847 893; x_wconf 88' lang='lat' dir='ltr'><strong>Indis,</strong></span> <span class='ocrx_word' id='word_1_54' title='bbox 1877 827 2073 882; x_wconf 77' lang='lat' dir='ltr'><strong>Nesto-</strong></span> 
     </span>
    </p>
   </div>
   <div class='ocr_carea' id='block_1_11' title="bbox 505 920 2077 991">
    <p class='ocr_par' dir='ltr' id='par_1_11' title="bbox 505 920 2077 991">
     <span class='ocr_line' id='line_1_11' title="bbox 505 920 2077 991; baseline 0 -15"><span class='ocrx_word' id='word_1_55' title='bbox 505 922 699 977; x_wconf 88' lang='lat' dir='ltr'><strong>rianis.</strong></span> <span class='ocrx_word' id='word_1_56' title='bbox 748 920 857 978; x_wconf 80' lang='lat' dir='ltr'><strong>Nos</strong></span> <span class='ocrx_word' id='word_1_57' title='bbox 904 921 1213 977; x_wconf 89' lang='lat' dir='ltr'><strong>universum</strong></span> <span class='ocrx_word' id='word_1_58' title='bbox 1259 920 1507 977; x_wconf 78' lang='lat' dir='ltr'><strong>ecclesiae</strong></span> <span class='ocrx_word' id='word_1_59' title='bbox 1571 936 1768 991; x_wconf 88' lang='lat' dir='ltr'><strong>corpus</strong></span> <span class='ocrx_word' id='word_1_60' title='bbox 1814 930 2077 976; x_wconf 88' lang='lat' dir='ltr'><strong>tenemus.</strong></span> 
     </span>
    </p>
   </div>
   <div class='ocr_carea' id='block_1_12' title="bbox 506 1012 2080 1087">
    <p class='ocr_par' dir='ltr' id='par_1_12' title="bbox 506 1012 2080 1087">
     <span class='ocr_line' id='line_1_12' title="bbox 506 1012 2080 1087; baseline -0.001 -18"><span class='ocrx_word' id='word_1_61' title='bbox 506 1015 653 1069; x_wconf 85' lang='lat' dir='ltr'><strong>Inter</strong></span> <span class='ocrx_word' id='word_1_62' title='bbox 677 1013 820 1087; x_wconf 85' lang='lat' dir='ltr'><strong>duas</strong></span> <span class='ocrx_word' id='word_1_63' title='bbox 877 1012 1065 1068; x_wconf 85' lang='lat' dir='ltr'><strong>trullas</strong></span> <span class='ocrx_word' id='word_1_64' title='bbox 1120 1012 1299 1068; x_wconf 74' lang='lat' dir='ltr'><strong>fornix</strong></span> <span class='ocrx_word' id='word_1_65' title='bbox 1337 1012 1447 1068; x_wconf 88' lang='lat' dir='ltr'><strong>lata</strong></span> <span class='ocrx_word' id='word_1_66' title='bbox 1498 1013 1835 1077; x_wconf 73' lang='lat' dir='ltr'><strong>extenditur,</strong></span> <span class='ocrx_word' id='word_1_67' title='bbox 1878 1014 1930 1068; x_wconf 90' lang='lat' dir='ltr'><strong>in</strong></span> <span class='ocrx_word' id='word_1_68' title='bbox 1972 1027 2080 1081; x_wconf 89' lang='lat' dir='ltr'><strong>qua</strong></span> 
     </span>
    </p>
   </div>
   <div class='ocr_carea' id='block_1_13' title="bbox 507 1104 2079 1177">
    <p class='ocr_par' dir='ltr' id='par_1_13' title="bbox 507 1104 2079 1177">
     <span class='ocr_line' id='line_1_13' title="bbox 507 1104 2079 1177; baseline -0.003 -15"><span class='ocrx_word' id='word_1_69' title='bbox 507 1106 719 1163; x_wconf 86' lang='lat' dir='ltr'><strong>musivo</strong></span> <span class='ocrx_word' id='word_1_70' title='bbox 775 1105 989 1177; x_wconf 82' lang='lat' dir='ltr'><strong>depicta</strong></span> <span class='ocrx_word' id='word_1_71' title='bbox 1056 1106 1253 1162; x_wconf 80' lang='lat' dir='ltr'><strong>visitur</strong></span> <span class='ocrx_word' id='word_1_72' title='bbox 1310 1105 1560 1161; x_wconf 83' lang='lat' dir='ltr'><strong>ascensio</strong></span> <span class='ocrx_word' id='word_1_73' title='bbox 1630 1104 1840 1159; x_wconf 88' lang='lat' dir='ltr'><strong>Domini</strong></span> <span class='ocrx_word' id='word_1_74' title='bbox 1905 1104 2079 1158; x_wconf 90' lang='lat' dir='ltr'><strong>nostri</strong></span> 
     </span>
    </p>
   </div>
   <div class='ocr_carea' id='block_1_14' title="bbox 505 1194 2075 1267">
    <p class='ocr_par' dir='ltr' id='par_1_14' title="bbox 505 1194 2075 1267">
     <span class='ocr_line' id='line_1_14' title="bbox 505 1194 2075 1267; baseline -0.002 -14"><span class='ocrx_word' id='word_1_75' title='bbox 505 1198 632 1255; x_wconf 81' lang='lat' dir='ltr'><strong>Jesu</strong></span> <span class='ocrx_word' id='word_1_76' title='bbox 665 1197 891 1265; x_wconf 83' lang='lat' dir='ltr'><strong>Christi,</strong></span> <span class='ocrx_word' id='word_1_77' title='bbox 927 1205 982 1253; x_wconf 93' lang='lat' dir='ltr'><strong>et</strong></span> <span class='ocrx_word' id='word_1_78' title='bbox 1024 1197 1366 1253; x_wconf 87' lang='lat' dir='ltr'><strong>annuntiatio</strong></span> <span class='ocrx_word' id='word_1_79' title='bbox 1409 1196 1769 1254; x_wconf 79' lang='lat' dir='ltr'><strong>sanctissimae</strong></span> <span class='ocrx_word' id='word_1_80' title='bbox 1803 1194 2075 1267; x_wconf 74' lang='lat' dir='ltr'><strong>Virginis;</strong></span> 
     </span>
    </p>
   </div>
   <div class='ocr_carea' id='block_1_15' title="bbox 502 1288 2083 1363">
    <p class='ocr_par' dir='ltr' id='par_1_15' title="bbox 502 1288 2083 1363">
     <span class='ocr_line' id='line_1_15' title="bbox 502 1288 2083 1363; baseline -0.003 -17"><span class='ocrx_word' id='word_1_81' title='bbox 502 1291 809 1363; x_wconf 82' lang='lat' dir='ltr'><strong>pendetque</strong></span> <span class='ocrx_word' id='word_1_82' title='bbox 853 1305 959 1343; x_wconf 90' lang='lat' dir='ltr'><strong>una</strong></span> <span class='ocrx_word' id='word_1_83' title='bbox 1012 1288 1243 1359; x_wconf 87' lang='lat' dir='ltr'><strong>lampas.</strong></span> <span class='ocrx_word' id='word_1_84' title='bbox 1298 1289 1411 1344; x_wconf 85' lang='lat' dir='ltr'><strong>Sub</strong></span> <span class='ocrx_word' id='word_1_85' title='bbox 1460 1288 1619 1343; x_wconf 83' lang='lat' dir='ltr'><strong>trulla</strong></span> <span class='ocrx_word' id='word_1_86' title='bbox 1685 1288 1742 1344; x_wconf 89' lang='lat' dir='ltr'><strong>in</strong></span> <span class='ocrx_word' id='word_1_87' title='bbox 1797 1290 2083 1359; x_wconf 79' lang='lat' dir='ltr'><strong>pavimen-</strong></span> 
     </span>
    </p>
   </div>
   <div class='ocr_carea' id='block_1_16' title="bbox 505 1381 2077 1449">
    <p class='ocr_par' dir='ltr' id='par_1_16' title="bbox 505 1381 2077 1449">
     <span class='ocr_line' id='line_1_16' title="bbox 505 1381 2077 1449; baseline -0.003 -11"><span class='ocrx_word' id='word_1_88' title='bbox 505 1393 564 1440; x_wconf 91' lang='lat' dir='ltr'><strong>to</strong></span> <span class='ocrx_word' id='word_1_89' title='bbox 612 1393 695 1440; x_wconf 86' lang='lat' dir='ltr'><strong>est</strong></span> <span class='ocrx_word' id='word_1_90' title='bbox 746 1383 1035 1439; x_wconf 80' lang='lat' dir='ltr'><strong>umbilicus</strong></span> <span class='ocrx_word' id='word_1_91' title='bbox 1084 1391 1261 1449; x_wconf 64' lang='lat' dir='ltr'><strong>terrm,</strong></span> <span class='ocrx_word' id='word_1_92' title='bbox 1293 1382 1442 1439; x_wconf 91' lang='lat' dir='ltr'><strong>orbis</strong></span> <span class='ocrx_word' id='word_1_93' title='bbox 1496 1394 1763 1438; x_wconf 86' lang='lat' dir='ltr'><strong>terrarum</strong></span> <span class='ocrx_word' id='word_1_94' title='bbox 1810 1381 2077 1447; x_wconf 86' lang='lat' dir='ltr'><strong>medium;</strong></span> 
     </span>
    </p>
   </div>
   <div class='ocr_carea' id='block_1_17' title="bbox 502 1472 2082 1547">
    <p class='ocr_par' dir='ltr' id='par_1_17' title="bbox 502 1472 2082 1547">
     <span class='ocr_line' id='line_1_17' title="bbox 502 1472 2082 1547; baseline -0.003 -15"><span class='ocrx_word' id='word_1_95' title='bbox 502 1475 814 1547; x_wconf 83' lang='lat' dir='ltr'><strong>pendetque</strong></span> <span class='ocrx_word' id='word_1_96' title='bbox 863 1474 1298 1547; x_wconf 83' lang='lat' dir='ltr'><strong>polycandelum.</strong></span> <span class='ocrx_word' id='word_1_97' title='bbox 1352 1472 1491 1528; x_wconf 88' lang='lat' dir='ltr'><strong>Sunt</strong></span> <span class='ocrx_word' id='word_1_98' title='bbox 1534 1485 1588 1529; x_wconf 90' lang='lat' dir='ltr'><strong>et</strong></span> <span class='ocrx_word' id='word_1_99' title='bbox 1626 1473 1800 1530; x_wconf 87' lang='lat' dir='ltr'><strong>cionia</strong></span> <span class='ocrx_word' id='word_1_100' title='bbox 1843 1473 2082 1528; x_wconf 83' lang='lat' dir='ltr'><strong>maxima</strong></span> 
     </span>
    </p>
   </div>
   <div class='ocr_carea' id='block_1_18' title="bbox 479 1562 2087 1637">
    <p class='ocr_par' dir='ltr' id='par_1_18' title="bbox 479 1562 2087 1637">
     <span class='ocr_line' id='line_1_18' title="bbox 479 1562 2087 1637; baseline 0.002 -24"><span class='ocrx_word' id='word_1_101' title='bbox 479 1574 761 1637; x_wconf 85' lang='lat' dir='ltr'><strong>.quatuor.</strong></span> <span class='ocrx_word' id='word_1_102' title='bbox 791 1564 903 1619; x_wconf 88' lang='lat' dir='ltr'><strong>Sub</strong></span> <span class='ocrx_word' id='word_1_103' title='bbox 931 1564 1118 1619; x_wconf 89' lang='lat' dir='ltr'><strong>eadem</strong></span> <span class='ocrx_word' id='word_1_104' title='bbox 1145 1562 1303 1618; x_wconf 89' lang='lat' dir='ltr'><strong>trulla</strong></span> <span class='ocrx_word' id='word_1_105' title='bbox 1333 1572 1413 1619; x_wconf 86' lang='lat' dir='ltr'><strong>est</strong></span> <span class='ocrx_word' id='word_1_106' title='bbox 1442 1562 1604 1617; x_wconf 87' lang='lat' dir='ltr'><strong>Bema</strong></span> <span class='ocrx_word' id='word_1_107' title='bbox 1645 1563 1852 1630; x_wconf 85' lang='lat' dir='ltr'><strong>templi,</strong></span> <span class='ocrx_word' id='word_1_108' title='bbox 1888 1564 1942 1618; x_wconf 82' lang='lat' dir='ltr'><strong>in</strong></span> <span class='ocrx_word' id='word_1_109' title='bbox 1976 1577 2087 1634; x_wconf 90' lang='lat' dir='ltr'><strong>quo</strong></span> 
     </span>
    </p>
   </div>
   <div class='ocr_carea' id='block_1_19' title="bbox 480 1653 2081 1721">
    <p class='ocr_par' dir='ltr' id='par_1_19' title="bbox 480 1653 2081 1721">
     <span class='ocr_line' id='line_1_19' title="bbox 480 1653 2081 1721; baseline -0.001 -9"><span class='ocrx_word' id='word_1_110' title='bbox 480 1656 788 1713; x_wconf 60' lang='lat' dir='ltr'><strong>orthodoxi</strong></span> <span class='ocrx_word' id='word_1_111' title='bbox 842 1655 1039 1713; x_wconf 85' lang='lat' dir='ltr'><strong>missas</strong></span> <span class='ocrx_word' id='word_1_112' title='bbox 1076 1654 1372 1713; x_wconf 88' lang='lat' dir='ltr'><strong>celebrant.</strong></span> <span class='ocrx_word' id='word_1_113' title='bbox 1416 1653 1625 1709; x_wconf 81' lang='lat' dir='ltr'><strong>Musivo</strong></span> <span class='ocrx_word' id='word_1_114' title='bbox 1667 1654 1935 1721; x_wconf 89' lang='lat' dir='ltr'><strong>depictum</strong></span> <span class='ocrx_word' id='word_1_115' title='bbox 1977 1664 2081 1717; x_wconf 78' lang='lat' dir='ltr'><strong>est.</strong></span> 
     </span>
    </p>
   </div>
   <div class='ocr_carea' id='block_1_20' title="bbox 498 1746 2083 1820">
    <p class='ocr_par' dir='ltr' id='par_1_20' title="bbox 498 1746 2083 1820">
     <span class='ocr_line' id='line_1_20' title="bbox 498 1746 2083 1820; baseline -0.001 -17"><span class='ocrx_word' id='word_1_116' title='bbox 498 1765 614 1820; x_wconf 74' lang='lat' dir='ltr'><strong>quo</strong></span> <span class='ocrx_word' id='word_1_117' title='bbox 641 1751 767 1804; x_wconf 83' lang='lat' dir='ltr'><strong>item</strong></span> <span class='ocrx_word' id='word_1_118' title='bbox 801 1748 1048 1819; x_wconf 85' lang='lat' dir='ltr'><strong>depictus</strong></span> <span class='ocrx_word' id='word_1_119' title='bbox 1087 1746 1340 1803; x_wconf 87' lang='lat' dir='ltr'><strong>Christus</strong></span> <span class='ocrx_word' id='word_1_120' title='bbox 1372 1747 1561 1803; x_wconf 79' lang='lat' dir='ltr'><strong>aliixus</strong></span> <span class='ocrx_word' id='word_1_121' title='bbox 1591 1747 1959 1819; x_wconf 86' lang='lat' dir='ltr'><strong>conspicitur;</strong></span> <span class='ocrx_word' id='word_1_122' title='bbox 1996 1747 2083 1801; x_wconf 84' lang='lat' dir='ltr'><strong>in-</strong></span> 
     </span>
    </p>
   </div>
   <div class='ocr_carea' id='block_1_21' title="bbox 2181 630 3739 710">
    <p class='ocr_par' dir='ltr' id='par_1_21' title="bbox 2181 630 3739 710">
     <span class='ocr_line' id='line_1_21' title="bbox 2181 630 3739 710; baseline -0.005 -17"><span class='ocrx_word' id='word_1_123' title='bbox 2181 639 2334 694; x_wconf 84' lang='grc' dir='ltr'>λίθου</span> <span class='ocrx_word' id='word_1_124' title='bbox 2365 638 2703 710; x_wconf 82' lang='grc' dir='ltr'>κρεμοῦνται</span> <span class='ocrx_word' id='word_1_125' title='bbox 2730 637 2997 710; x_wconf 86' lang='grc' dir='ltr'>κανδήλια</span> <span class='ocrx_word' id='word_1_126' title='bbox 3020 635 3084 694; x_wconf 83' lang='grc' dir='ltr'>δ’.</span> <span class='ocrx_word' id='word_1_127' title='bbox 3114 637 3227 692; x_wconf 71' lang='grc' dir='ltr'><strong>Καὶ</strong></span> <span class='ocrx_word' id='word_1_128' title='bbox 3252 636 3448 689; x_wconf 54' lang='lat' dir='ltr'><strong>suam</strong></span> <span class='ocrx_word' id='word_1_129' title='bbox 3476 630 3571 687; x_wconf 85' lang='grc' dir='ltr'><strong>τοῦ</strong></span> <span class='ocrx_word' id='word_1_130' title='bbox 3594 632 3739 703; x_wconf 98' lang='grc' dir='ltr'>ἁγίου</span> 
     </span>
    </p>
   </div>
   <div class='ocr_carea' id='block_1_22' title="bbox 2180 723 3742 802">
    <p class='ocr_par' dir='ltr' id='par_1_22' title="bbox 2180 723 3742 802">
     <span class='ocr_line' id='line_1_22' title="bbox 2180 723 3742 802; baseline -0.004 -17"><span class='ocrx_word' id='word_1_131' title='bbox 2180 732 2353 802; x_wconf 80' lang='grc' dir='ltr'>τάφου</span> <span class='ocrx_word' id='word_1_132' title='bbox 2388 726 2533 785; x_wconf 74' lang='grc' dir='ltr'>εἴναι</span> <span class='ocrx_word' id='word_1_133' title='bbox 2579 730 2908 785; x_wconf 72' lang='grc' dir='ltr'>κουσούκλιν</span> <span class='ocrx_word' id='word_1_134' title='bbox 2954 728 3152 800; x_wconf 66' lang='grc' dir='ltr'>μικρὸν</span> <span class='ocrx_word' id='word_1_135' title='bbox 3202 723 3742 799; x_wconf 73' lang='grc' dir='ltr'>μολιόδοσκέπαστον,</span> 
     </span>
    </p>
   </div>
   <div class='ocr_carea' id='block_1_23' title="bbox 2184 818 3745 895">
    <p class='ocr_par' dir='ltr' id='par_1_23' title="bbox 2184 818 3745 895">
     <span class='ocr_line' id='line_1_23' title="bbox 2184 818 3745 895; baseline -0.006 -16"><span class='ocrx_word' id='word_1_136' title='bbox 2184 823 2597 895; x_wconf 78' lang='grc' dir='ltr'><strong>βασταζόμενον</strong></span> <span class='ocrx_word' id='word_1_137' title='bbox 2628 823 2734 877; x_wconf 74' lang='grc' dir='ltr'><strong>ὑπὸ</strong></span> <span class='ocrx_word' id='word_1_138' title='bbox 2757 823 2967 879; x_wconf 82' lang='grc' dir='ltr'>δώδεκα</span> <span class='ocrx_word' id='word_1_139' title='bbox 3003 823 3212 876; x_wconf 85' lang='grc' dir='ltr'>στόλων</span> <span class='ocrx_word' id='word_1_140' title='bbox 3248 818 3530 893; x_wconf 82' lang='grc' dir='ltr'>πορφυρδν</span> <span class='ocrx_word' id='word_1_141' title='bbox 3557 836 3745 890; x_wconf 86' lang='grc' dir='ltr'>χρυσο-</span> 
     </span>
    </p>
   </div>
   <div class='ocr_carea' id='block_1_24' title="bbox 2181 911 3747 987">
    <p class='ocr_par' dir='ltr' id='par_1_24' title="bbox 2181 911 3747 987">
     <span class='ocr_line' id='line_1_24' title="bbox 2181 911 3747 987; baseline -0.004 -17"><span class='ocrx_word' id='word_1_142' title='bbox 2181 915 2440 987; x_wconf 75' lang='grc' dir='ltr'>κέφαλον,</span> <span class='ocrx_word' id='word_1_143' title='bbox 2475 911 2617 971; x_wconf 73' lang='grc' dir='ltr'>εἶναι</span> <span class='ocrx_word' id='word_1_144' title='bbox 2649 916 2747 969; x_wconf 73' lang='grc' dir='ltr'>καὶ</span> <span class='ocrx_word' id='word_1_145' title='bbox 2781 916 3165 986; x_wconf 80' lang='grc' dir='ltr'>ίστορισμένον</span> <span class='ocrx_word' id='word_1_146' title='bbox 3215 914 3358 987; x_wconf 84' lang='grc' dir='ltr'><strong>μετὰ</strong></span> <span class='ocrx_word' id='word_1_147' title='bbox 3399 911 3497 967; x_wconf 85' lang='grc' dir='ltr'><strong>τοῦ</strong></span> <span class='ocrx_word' id='word_1_148' title='bbox 3530 911 3747 983; x_wconf 90' lang='grc' dir='ltr'>μουσίου</span> 
     </span>
    </p>
   </div>
   <div class='ocr_carea' id='block_1_25' title="bbox 2181 1002 3748 1082">
    <p class='ocr_par' dir='ltr' id='par_1_25' title="bbox 2181 1002 3748 1082">
     <span class='ocr_line' id='line_1_25' title="bbox 2181 1002 3748 1082; baseline -0.003 -19"><span class='ocrx_word' id='word_1_149' title='bbox 2181 1006 2408 1082; x_wconf 79' lang='grc' dir='ltr'><strong>χρυσοῦ.</strong></span> <span class='ocrx_word' id='word_1_150' title='bbox 2454 1007 2700 1062; x_wconf 79' lang='grc' dir='ltr'>Ἐκεῖθεν</span> <span class='ocrx_word' id='word_1_151' title='bbox 2732 1007 3055 1062; x_wconf 76' lang='grc' dir='ltr'>καταϐαίνει</span> <span class='ocrx_word' id='word_1_152' title='bbox 3096 1006 3159 1061; x_wconf 82' lang='grc' dir='ltr'><strong>τδ</strong></span> <span class='ocrx_word' id='word_1_153' title='bbox 3189 1005 3345 1076; x_wconf 78' lang='grc' dir='ltr'>άγιον</span> <span class='ocrx_word' id='word_1_154' title='bbox 3371 1006 3487 1076; x_wconf 74' lang='grc' dir='ltr'>φῶς</span> <span class='ocrx_word' id='word_1_155' title='bbox 3513 1002 3591 1077; x_wconf 85' lang='grc' dir='ltr'>τῷ</span> <span class='ocrx_word' id='word_1_156' title='bbox 3617 1003 3748 1073; x_wconf 77' lang='grc' dir='ltr'>άγίψ</span> 
     </span>
    </p>
   </div>
   <div class='ocr_carea' id='block_1_26' title="bbox 2182 1095 3750 1173">
    <p class='ocr_par' dir='ltr' id='par_1_26' title="bbox 2182 1095 3750 1173">
     <span class='ocr_line' id='line_1_26' title="bbox 2182 1095 3750 1173; baseline -0.004 -18"><span class='ocrx_word' id='word_1_157' title='bbox 2182 1101 2279 1155; x_wconf 74' lang='grc' dir='ltr'>καὶ</span> <span class='ocrx_word' id='word_1_158' title='bbox 2309 1100 2534 1171; x_wconf 85' lang='grc' dir='ltr'>μεγάλῳ</span> <span class='ocrx_word' id='word_1_159' title='bbox 2565 1099 2836 1171; x_wconf 78' lang='grc' dir='ltr'>Σαϐϐάτῳ</span> <span class='ocrx_word' id='word_1_160' title='bbox 2876 1098 2999 1171; x_wconf 83' lang='grc' dir='ltr'>ὥρᾳ</span> <span class='ocrx_word' id='word_1_161' title='bbox 3034 1096 3351 1173; x_wconf 83' lang='grc' dir='ltr'>ὲσπερινοῦ,</span> <span class='ocrx_word' id='word_1_162' title='bbox 3395 1095 3493 1154; x_wconf 82' lang='grc' dir='ltr'>καὶ</span> <span class='ocrx_word' id='word_1_163' title='bbox 3522 1112 3750 1169; x_wconf 83' lang='grc' dir='ltr'>προσεγ-</span> 
     </span>
    </p>
   </div>
   <div class='ocr_carea' id='block_1_27' title="bbox 2182 1187 3751 1265">
    <p class='ocr_par' dir='ltr' id='par_1_27' title="bbox 2182 1187 3751 1265">
     <span class='ocr_line' id='line_1_27' title="bbox 2182 1187 3751 1265; baseline -0.002 -20"><span class='ocrx_word' id='word_1_164' title='bbox 2182 1192 2326 1263; x_wconf 75' lang='grc' dir='ltr'>γίζει</span> <span class='ocrx_word' id='word_1_165' title='bbox 2351 1191 2447 1247; x_wconf 83' lang='grc' dir='ltr'><strong>τοῦ</strong></span> <span class='ocrx_word' id='word_1_166' title='bbox 2490 1192 2650 1263; x_wconf 80' lang='grc' dir='ltr'>ἁγίου</span> <span class='ocrx_word' id='word_1_167' title='bbox 2684 1193 2861 1263; x_wconf 81' lang='grc' dir='ltr'>τάφου</span> <span class='ocrx_word' id='word_1_168' title='bbox 2895 1192 2988 1246; x_wconf 87' lang='grc' dir='ltr'><strong>τοῦ</strong></span> <span class='ocrx_word' id='word_1_169' title='bbox 3038 1190 3304 1265; x_wconf 79' lang='grc' dir='ltr'><strong>Χριστοῦ,</strong></span> <span class='ocrx_word' id='word_1_170' title='bbox 3350 1191 3447 1245; x_wconf 82' lang='grc' dir='ltr'>καὶ</span> <span class='ocrx_word' id='word_1_171' title='bbox 3481 1189 3644 1253; x_wconf 80' lang='grc' dir='ltr'>εὐθὺς</span> <span class='ocrx_word' id='word_1_172' title='bbox 3692 1187 3751 1243; x_wconf 79' lang='grc' dir='ltr'><strong>ἂ-</strong></span> 
     </span>
    </p>
   </div>
   <div class='ocr_carea' id='block_1_28' title="bbox 2183 1279 3751 1357">
    <p class='ocr_par' dir='ltr' id='par_1_28' title="bbox 2183 1279 3751 1357">
     <span class='ocr_line' id='line_1_28' title="bbox 2183 1279 3751 1357; baseline -0.003 -18"><span class='ocrx_word' id='word_1_173' title='bbox 2183 1302 2411 1339; x_wconf 85' lang='grc' dir='ltr'>πτουσιν</span> <span class='ocrx_word' id='word_1_174' title='bbox 2457 1286 2517 1341; x_wconf 86' lang='grc' dir='ltr'><strong>αί</strong></span> <span class='ocrx_word' id='word_1_175' title='bbox 2548 1285 2847 1357; x_wconf 83' lang='grc' dir='ltr'>κανδήλαις</span> <span class='ocrx_word' id='word_1_176' title='bbox 2894 1283 2989 1339; x_wconf 87' lang='grc' dir='ltr'><strong>τοῦ</strong></span> <span class='ocrx_word' id='word_1_177' title='bbox 3021 1286 3181 1355; x_wconf 88' lang='grc' dir='ltr'>ἁγίου</span> <span class='ocrx_word' id='word_1_178' title='bbox 3224 1285 3419 1355; x_wconf 85' lang='grc' dir='ltr'>τάφου.</span> <span class='ocrx_word' id='word_1_179' title='bbox 3455 1279 3609 1337; x_wconf 68' lang='lat' dir='ltr'><strong>Eluas</strong></span> <span class='ocrx_word' id='word_1_180' title='bbox 3639 1283 3751 1335; x_wconf 84' lang='lat' dir='ltr'><strong>Ila-</strong></span> 
     </span>
    </p>
   </div>
   <div class='ocr_carea' id='block_1_29' title="bbox 2186 1372 3752 1448">
    <p class='ocr_par' dir='ltr' id='par_1_29' title="bbox 2186 1372 3752 1448">
     <span class='ocr_line' id='line_1_29' title="bbox 2186 1372 3752 1448; baseline -0.004 -18"><span class='ocrx_word' id='word_1_181' title='bbox 2186 1376 2459 1448; x_wconf 81' lang='grc' dir='ltr'>ρακλήσια</span> <span class='ocrx_word' id='word_1_182' title='bbox 2492 1377 2602 1429; x_wconf 83' lang='grc' dir='ltr'>τῶν</span> <span class='ocrx_word' id='word_1_183' title='bbox 2648 1375 2972 1448; x_wconf 86' lang='grc' dir='ltr'>αίρετικῶν,</span> <span class='ocrx_word' id='word_1_184' title='bbox 3036 1374 3369 1446; x_wconf 84' lang='grc' dir='ltr'>Ἀρμενίων,</span> <span class='ocrx_word' id='word_1_185' title='bbox 3407 1372 3752 1436; x_wconf 77' lang='grc' dir='ltr'>Ἰακωϐιτῶν,</span> 
     </span>
    </p>
   </div>
   <div class='ocr_carea' id='block_1_30' title="bbox 2197 1464 3757 1542">
    <p class='ocr_par' dir='ltr' id='par_1_30' title="bbox 2197 1464 3757 1542">
     <span class='ocr_line' id='line_1_30' title="bbox 2197 1464 3757 1542; baseline -0.005 -19"><span class='ocrx_word' id='word_1_186' title='bbox 2197 1469 2491 1535; x_wconf 80' lang='grc' dir='ltr'>Ἰνδιανῶν,</span> <span class='ocrx_word' id='word_1_187' title='bbox 2523 1470 2913 1542; x_wconf 82' lang='grc' dir='ltr'>Νεστοριανῶν</span> <span class='ocrx_word' id='word_1_188' title='bbox 2940 1486 3023 1525; x_wconf 84' lang='grc' dir='ltr'><strong>τε.</strong></span> <span class='ocrx_word' id='word_1_189' title='bbox 3073 1471 3138 1524; x_wconf 85' lang='grc' dir='ltr'>Οί</span> <span class='ocrx_word' id='word_1_190' title='bbox 3166 1468 3223 1521; x_wconf 77' lang='grc' dir='ltr'>δὲ</span> <span class='ocrx_word' id='word_1_191' title='bbox 3268 1469 3430 1539; x_wconf 78' lang='grc' dir='ltr'>ἡμεῖς</span> <span class='ocrx_word' id='word_1_192' title='bbox 3464 1467 3658 1537; x_wconf 72' lang='grc' dir='ltr'>ἔχομεν</span> <span class='ocrx_word' id='word_1_193' title='bbox 3698 1464 3757 1515; x_wconf 80' lang='grc' dir='ltr'>τὸ</span> 
     </span>
    </p>
   </div>
   <div class='ocr_carea' id='block_1_31' title="bbox 2186 1553 3757 1629">
    <p class='ocr_par' dir='ltr' id='par_1_31' title="bbox 2186 1553 3757 1629">
     <span class='ocr_line' id='line_1_31' title="bbox 2186 1553 3757 1629; baseline -0.004 -17"><span class='ocrx_word' id='word_1_194' title='bbox 2186 1558 2473 1615; x_wconf 83' lang='grc' dir='ltr'>καθολικδν</span> <span class='ocrx_word' id='word_1_195' title='bbox 2502 1558 2598 1612; x_wconf 86' lang='grc' dir='ltr'><strong>τοῦ</strong></span> <span class='ocrx_word' id='word_1_196' title='bbox 2641 1556 2792 1614; x_wconf 90' lang='grc' dir='ltr'>ναοῦ.</span> <span class='ocrx_word' id='word_1_197' title='bbox 2842 1558 2957 1614; x_wconf 81' lang='grc' dir='ltr'><strong>Καὶ</strong></span> <span class='ocrx_word' id='word_1_198' title='bbox 3000 1559 3277 1629; x_wconf 82' lang='grc' dir='ltr'>ἁναμέσον</span> <span class='ocrx_word' id='word_1_199' title='bbox 3311 1555 3420 1611; x_wconf 84' lang='grc' dir='ltr'><strong>τῶν</strong></span> <span class='ocrx_word' id='word_1_200' title='bbox 3442 1556 3538 1610; x_wconf 80' lang='grc' dir='ltr'>δύο</span> <span class='ocrx_word' id='word_1_201' title='bbox 3561 1553 3757 1626; x_wconf 86' lang='grc' dir='ltr'>τρούλ-</span> 
     </span>
    </p>
   </div>
   <div class='ocr_carea' id='block_1_32' title="bbox 2185 1650 3760 1723">
    <p class='ocr_par' dir='ltr' id='par_1_32' title="bbox 2185 1650 3760 1723">
     <span class='ocr_line' id='line_1_32' title="bbox 2185 1650 3760 1723; baseline -0.001 -18"><span class='ocrx_word' id='word_1_202' title='bbox 2185 1651 2294 1707; x_wconf 91' lang='grc' dir='ltr'><strong>λων</strong></span> <span class='ocrx_word' id='word_1_203' title='bbox 2322 1651 2440 1723; x_wconf 74' lang='grc' dir='ltr'>εχει</span> <span class='ocrx_word' id='word_1_204' title='bbox 2464 1651 2696 1723; x_wconf 81' lang='grc' dir='ltr'>καμάρα</span> <span class='ocrx_word' id='word_1_205' title='bbox 2724 1652 2977 1723; x_wconf 85' lang='grc' dir='ltr'>μηγάλη,</span> <span class='ocrx_word' id='word_1_206' title='bbox 3003 1652 3099 1706; x_wconf 71' lang='grc' dir='ltr'>καὶ</span> <span class='ocrx_word' id='word_1_207' title='bbox 3120 1650 3238 1705; x_wconf 70' lang='grc' dir='ltr'>έναι</span> <span class='ocrx_word' id='word_1_208' title='bbox 3270 1650 3605 1722; x_wconf 73' lang='grc' dir='ltr'>στορισμενη</span> <span class='ocrx_word' id='word_1_209' title='bbox 3629 1650 3760 1720; x_wconf 86' lang='grc' dir='ltr'><strong>μετὰ</strong></span> 
     </span>
    </p>
   </div>
   <div class='ocr_carea' id='block_1_33' title="bbox 2190 1740 3759 1817">
    <p class='ocr_par' dir='ltr' id='par_1_33' title="bbox 2190 1740 3759 1817">
     <span class='ocr_line' id='line_1_33' title="bbox 2190 1740 3759 1817; baseline -0.003 -19"><span class='ocrx_word' id='word_1_210' title='bbox 2190 1744 2415 1816; x_wconf 87' lang='grc' dir='ltr'>μουσίου</span> <span class='ocrx_word' id='word_1_211' title='bbox 2463 1745 2498 1817; x_wconf 76' lang='grc' dir='ltr'><strong>ἡ</strong></span> <span class='ocrx_word' id='word_1_212' title='bbox 2527 1743 2799 1816; x_wconf 78' lang='grc' dir='ltr'><strong>ἀνάληψις</strong></span> <span class='ocrx_word' id='word_1_213' title='bbox 2844 1742 2940 1801; x_wconf 84' lang='grc' dir='ltr'><strong>τοῦ</strong></span> <span class='ocrx_word' id='word_1_214' title='bbox 2988 1743 3193 1817; x_wconf 79' lang='grc' dir='ltr'>Κυρίου</span> <span class='ocrx_word' id='word_1_215' title='bbox 3228 1741 3386 1816; x_wconf 79' lang='grc' dir='ltr'>ἡμῶν</span> <span class='ocrx_word' id='word_1_216' title='bbox 3424 1741 3605 1814; x_wconf 81' lang='grc' dir='ltr'><strong>ἰησοῦ</strong></span> <span class='ocrx_word' id='word_1_217' title='bbox 3632 1740 3759 1814; x_wconf 77' lang='grc' dir='ltr'>Χρι-</span> 
     </span>
    </p>
   </div>
   <div class='ocr_carea' id='block_1_34' title="bbox 506 1812 2094 1912">
    <p class='ocr_par' dir='ltr' id='par_1_34' title="bbox 506 1812 2083 1910">
     <span class='ocr_line' id='line_1_34' title="bbox 506 1812 2083 1910; baseline -0.004 -14"><span class='ocrx_word' id='word_1_218' title='bbox 506 1812 731 1910; x_wconf 73' lang='lat' dir='ltr'><strong>eisaque</strong></span> <span class='ocrx_word' id='word_1_219' title='bbox 758 1812 889 1896; x_wconf 74' lang='lat' dir='ltr'><strong>sunt</strong></span> <span class='ocrx_word' id='word_1_220' title='bbox 914 1838 1127 1895; x_wconf 80' lang='lat' dir='ltr'><strong>litteris</strong></span> <span class='ocrx_word' id='word_1_221' title='bbox 1154 1837 1321 1893; x_wconf 88' lang='lat' dir='ltr'><strong>verba</strong></span> <span class='ocrx_word' id='word_1_222' title='bbox 1351 1854 1367 1891; x_wconf 89' lang='lat'><strong>:</strong></span> <span class='ocrx_word' id='word_1_223' title='bbox 1396 1835 1689 1892; x_wconf 74' lang='lat' dir='ltr'><strong>Nobiscum</strong></span> <span class='ocrx_word' id='word_1_224' title='bbox 1715 1812 1895 1904; x_wconf 75' lang='lat' dir='ltr'><strong>Deus;</strong></span> <span class='ocrx_word' id='word_1_225' title='bbox 1918 1812 2083 1908; x_wconf 69' lang='lat' dir='ltr'><strong>agno-</strong></span> 
     </span>
    </p>
   </div>
   <div class='ocr_carea' id='block_1_35' title="bbox 2197 1812 3758 1912">
    <p class='ocr_par' dir='ltr' id='par_1_35' title="bbox 2197 1812 3758 1912">
     <span class='ocr_line' id='line_1_35' title="bbox 2197 1812 3758 1912; baseline -0.003 -21"><span class='ocrx_word' id='word_1_226' title='bbox 2197 1812 2301 1905; x_wconf 69' lang='lat' dir='ltr'><strong><em>r06,</em></strong></span> <span class='ocrx_word' id='word_1_227' title='bbox 2338 1835 2435 1891; x_wconf 78' lang='grc' dir='ltr'>καὶ</span> <span class='ocrx_word' id='word_1_228' title='bbox 2485 1812 2894 1910; x_wconf 71' lang='grc' dir='ltr'>εὐαγγελισμδς</span> <span class='ocrx_word' id='word_1_229' title='bbox 2942 1836 3048 1911; x_wconf 83' lang='grc' dir='ltr'><strong>τῆς</strong></span> <span class='ocrx_word' id='word_1_230' title='bbox 3077 1812 3422 1912; x_wconf 44' lang='grc' dir='ltr'>-ΰπεραγίας</span> <span class='ocrx_word' id='word_1_231' title='bbox 3473 1812 3758 1900; x_wconf 71' lang='grc' dir='ltr'>Θεοτόκου,</span> 
     </span>
    </p>
   </div>
   <div class='ocr_carea' id='block_1_36' title="bbox 506 1928 2084 2003">
    <p class='ocr_par' dir='ltr' id='par_1_36' title="bbox 506 1928 2084 2003">
     <span class='ocr_line' id='line_1_36' title="bbox 506 1928 2084 2003; baseline 0 -16"><span class='ocrx_word' id='word_1_232' title='bbox 506 1934 661 1999; x_wconf 72' lang='lat' dir='ltr'><strong>scite,</strong></span> <span class='ocrx_word' id='word_1_233' title='bbox 692 1940 890 2003; x_wconf 73' lang='lat' dir='ltr'><strong>gentes,</strong></span> <span class='ocrx_word' id='word_1_234' title='bbox 920 1941 968 1986; x_wconf 81' lang='lat' dir='ltr'><strong>et</strong></span> <span class='ocrx_word' id='word_1_235' title='bbox 1016 1931 1202 1986; x_wconf 76' lang='lat' dir='ltr'><strong>cedite.</strong></span> <span class='ocrx_word' id='word_1_236' title='bbox 1231 1928 1510 1985; x_wconf 83' lang='lat' dir='ltr'><strong>‘Ambitum</strong></span> <span class='ocrx_word' id='word_1_237' title='bbox 1540 1928 1778 1987; x_wconf 86' lang='lat' dir='ltr'><strong>Bematis</strong></span> <span class='ocrx_word' id='word_1_238' title='bbox 1815 1940 2084 2001; x_wconf 90' lang='lat' dir='ltr'><strong>occupant</strong></span> 
     </span>
    </p>
   </div>
   <div class='ocr_carea' id='block_1_37' title="bbox 504 2021 2086 2094">
    <p class='ocr_par' dir='ltr' id='par_1_37' title="bbox 504 2021 2086 2094">
     <span class='ocr_line' id='line_1_37' title="bbox 504 2021 2086 2094; baseline 0.001 -17"><span class='ocrx_word' id='word_1_239' title='bbox 504 2024 773 2077; x_wconf 69' lang='lat' dir='ltr'><strong>columnae</strong></span> <span class='ocrx_word' id='word_1_240' title='bbox 819 2021 1104 2078; x_wconf 89' lang='lat' dir='ltr'><strong>duodecim</strong></span> <span class='ocrx_word' id='word_1_241' title='bbox 1155 2038 1171 2077; x_wconf 88' lang='lat'><strong>:</strong></span> <span class='ocrx_word' id='word_1_242' title='bbox 1209 2035 1480 2094; x_wconf 87' lang='lat' dir='ltr'><strong>supraque</strong></span> <span class='ocrx_word' id='word_1_243' title='bbox 1515 2022 1757 2092; x_wconf 84' lang='lat' dir='ltr'><strong>pendent</strong></span> <span class='ocrx_word' id='word_1_244' title='bbox 1810 2021 2086 2094; x_wconf 84' lang='lat' dir='ltr'><strong>lampades</strong></span> 
     </span>
    </p>
   </div>
   <div class='ocr_carea' id='block_1_38' title="bbox 508 2114 2086 2186">
    <p class='ocr_par' dir='ltr' id='par_1_38' title="bbox 508 2114 2086 2186">
     <span class='ocr_line' id='line_1_38' title="bbox 508 2114 2086 2186; baseline 0.003 -17"><span class='ocrx_word' id='word_1_245' title='bbox 508 2125 763 2184; x_wconf 86' lang='lat' dir='ltr'><strong>quatuor.</strong></span> <span class='ocrx_word' id='word_1_246' title='bbox 804 2114 881 2171; x_wconf 87' lang='lat' dir='ltr'><strong>lbi</strong></span> <span class='ocrx_word' id='word_1_247' title='bbox 934 2125 1018 2172; x_wconf 87' lang='lat' dir='ltr'><strong>est</strong></span> <span class='ocrx_word' id='word_1_248' title='bbox 1063 2115 1220 2171; x_wconf 85' lang='lat' dir='ltr'><strong>sedes</strong></span> <span class='ocrx_word' id='word_1_249' title='bbox 1261 2114 1662 2186; x_wconf 82' lang='lat' dir='ltr'><strong>patriarcbalis.</strong></span> <span class='ocrx_word' id='word_1_250' title='bbox 1698 2116 1908 2171; x_wconf 78' lang='lat' dir='ltr'><strong>Ardent</strong></span> <span class='ocrx_word' id='word_1_251' title='bbox 1958 2128 2086 2173; x_wconf 89' lang='lat' dir='ltr'><strong>ante</strong></span> 
     </span>
    </p>
   </div>
   <div class='ocr_carea' id='block_1_39' title="bbox 501 2204 2086 2277">
    <p class='ocr_par' dir='ltr' id='par_1_39' title="bbox 501 2204 2086 2277">
     <span class='ocr_line' id='line_1_39' title="bbox 501 2204 2086 2277; baseline -0.003 -12"><span class='ocrx_word' id='word_1_252' title='bbox 501 2215 753 2265; x_wconf 76' lang='lat' dir='ltr'><strong>sanctam</strong></span> <span class='ocrx_word' id='word_1_253' title='bbox 790 2220 1033 2262; x_wconf 84' lang='lat' dir='ltr'><strong>mensam</strong></span> <span class='ocrx_word' id='word_1_254' title='bbox 1066 2205 1352 2275; x_wconf 82' lang='lat' dir='ltr'><strong>lampades</strong></span> <span class='ocrx_word' id='word_1_255' title='bbox 1384 2204 1630 2277; x_wconf 79' lang='lat' dir='ltr'><strong>triginta,</strong></span> <span class='ocrx_word' id='word_1_256' title='bbox 1664 2222 1784 2276; x_wconf 84' lang='lat' dir='ltr'><strong>quae</strong></span> <span class='ocrx_word' id='word_1_257' title='bbox 1815 2216 1959 2262; x_wconf 88' lang='lat' dir='ltr'><strong>tenta</strong></span> <span class='ocrx_word' id='word_1_258' title='bbox 1992 2222 2086 2261; x_wconf 80' lang='lat' dir='ltr'><strong>va-</strong></span> 
     </span>
    </p>
   </div>
   <div class='ocr_carea' id='block_1_40' title="bbox 507 2296 2082 2370">
    <p class='ocr_par' dir='ltr' id='par_1_40' title="bbox 507 2296 2082 2370">
     <span class='ocr_line' id='line_1_40' title="bbox 507 2296 2082 2370; baseline 0.001 -15"><span class='ocrx_word' id='word_1_259' title='bbox 507 2300 590 2356; x_wconf 83' lang='lat' dir='ltr'><strong>ria</strong></span> <span class='ocrx_word' id='word_1_260' title='bbox 624 2300 838 2370; x_wconf 83' lang='lat' dir='ltr'><strong>depicta</strong></span> <span class='ocrx_word' id='word_1_261' title='bbox 871 2299 1164 2368; x_wconf 83' lang='lat' dir='ltr'><strong>obtegitur.</strong></span> <span class='ocrx_word' id='word_1_262' title='bbox 1188 2297 1329 2354; x_wconf 82' lang='lat' dir='ltr'><strong>Post</strong></span> <span class='ocrx_word' id='word_1_263' title='bbox 1367 2296 1532 2354; x_wconf 89' lang='lat' dir='ltr'><strong>Bema</strong></span> <span class='ocrx_word' id='word_1_264' title='bbox 1570 2308 1660 2355; x_wconf 84' lang='lat' dir='ltr'><strong>est</strong></span> <span class='ocrx_word' id='word_1_265' title='bbox 1688 2313 1877 2355; x_wconf 88' lang='lat' dir='ltr'><strong>carcer</strong></span> <span class='ocrx_word' id='word_1_266' title='bbox 1923 2299 2082 2358; x_wconf 85' lang='lat' dir='ltr'><strong>Chri-</strong></span> 
     </span>
    </p>
   </div>
   <div class='ocr_carea' id='block_1_41' title="bbox 503 2389 2007 2467">
    <p class='ocr_par' dir='ltr' id='par_1_41' title="bbox 503 2389 2007 2467">
     <span class='ocr_line' id='line_1_41' title="bbox 503 2389 2007 2467; baseline -0.001 -20"><span class='ocrx_word' id='word_1_267' title='bbox 503 2392 600 2457; x_wconf 86' lang='lat' dir='ltr'><strong>sti,</strong></span> <span class='ocrx_word' id='word_1_268' title='bbox 631 2391 794 2461; x_wconf 86' lang='lat' dir='ltr'><strong>pedes</strong></span> <span class='ocrx_word' id='word_1_269' title='bbox 822 2389 1129 2460; x_wconf 82' lang='lat' dir='ltr'><strong>quindecim</strong></span> <span class='ocrx_word' id='word_1_270' title='bbox 1159 2404 1187 2443; x_wconf 91' lang='lat' dir='ltr'><strong>a</strong></span> <span class='ocrx_word' id='word_1_271' title='bbox 1236 2404 1397 2445; x_wconf 87' lang='lat' dir='ltr'><strong>sacro</strong></span> <span class='ocrx_word' id='word_1_272' title='bbox 1422 2389 1645 2467; x_wconf 82' lang='lat' dir='ltr'><strong>Bemate</strong></span> <span class='ocrx_word' id='word_1_273' title='bbox 1680 2391 2007 2463; x_wconf 75' lang='lat' dir='ltr'><strong>disiunctus.</strong></span> 
     </span>
    </p>
   </div>
   <div class='ocr_carea' id='block_1_42' title="bbox 2188 1928 3765 2004">
    <p class='ocr_par' dir='ltr' id='par_1_42' title="bbox 2188 1928 3765 2004">
     <span class='ocr_line' id='line_1_42' title="bbox 2188 1928 3765 2004; baseline -0.002 -19"><span class='ocrx_word' id='word_1_274' title='bbox 2188 1931 2287 1985; x_wconf 73' lang='grc' dir='ltr'>καὶ</span> <span class='ocrx_word' id='word_1_275' title='bbox 2337 1931 2608 2003; x_wconf 79' lang='grc' dir='ltr'>κρὲμεται</span> <span class='ocrx_word' id='word_1_276' title='bbox 2656 1930 2756 2003; x_wconf 89' lang='grc' dir='ltr'><strong>μία</strong></span> <span class='ocrx_word' id='word_1_277' title='bbox 2810 1931 3075 2004; x_wconf 77' lang='grc' dir='ltr'>κανδήλα.</span> <span class='ocrx_word' id='word_1_278' title='bbox 3126 1929 3241 1986; x_wconf 72' lang='grc' dir='ltr'><strong>καὶ</strong></span> <span class='ocrx_word' id='word_1_279' title='bbox 3289 1931 3400 1985; x_wconf 82' lang='grc' dir='ltr'>άπὸ</span> <span class='ocrx_word' id='word_1_280' title='bbox 3465 1932 3625 1985; x_wconf 84' lang='grc' dir='ltr'>κάτω</span> <span class='ocrx_word' id='word_1_281' title='bbox 3669 1928 3765 1997; x_wconf 76' lang='grc' dir='ltr'>τῆς</span> 
     </span>
    </p>
   </div>
   <div class='ocr_carea' id='block_1_43' title="bbox 2189 2020 3762 2095">
    <p class='ocr_par' dir='ltr' id='par_1_43' title="bbox 2189 2020 3762 2095">
     <span class='ocr_line' id='line_1_43' title="bbox 2189 2020 3762 2095; baseline 0.004 -18"><span class='ocrx_word' id='word_1_282' title='bbox 2189 2022 2458 2094; x_wconf 84' lang='grc' dir='ltr'>τρούλλας</span> <span class='ocrx_word' id='word_1_283' title='bbox 2508 2025 2589 2088; x_wconf 86' lang='grc' dir='ltr'><strong>είς</strong></span> <span class='ocrx_word' id='word_1_284' title='bbox 2616 2025 2678 2078; x_wconf 76' lang='grc' dir='ltr'>τὸ</span> <span class='ocrx_word' id='word_1_285' title='bbox 2704 2024 2903 2095; x_wconf 70' lang='grc' dir='ltr'>ἔδαφος</span> <span class='ocrx_word' id='word_1_286' title='bbox 2949 2023 3068 2079; x_wconf 73' lang='grc' dir='ltr'>έναι</span> <span class='ocrx_word' id='word_1_287' title='bbox 3095 2024 3125 2079; x_wconf 93' lang='grc' dir='ltr'><strong>ὀ</strong></span> <span class='ocrx_word' id='word_1_288' title='bbox 3173 2021 3417 2095; x_wconf 76' lang='grc' dir='ltr'>ὀμφαλὸς</span> <span class='ocrx_word' id='word_1_289' title='bbox 3448 2021 3551 2093; x_wconf 80' lang='grc' dir='ltr'>τῆς</span> <span class='ocrx_word' id='word_1_290' title='bbox 3585 2020 3762 2091; x_wconf 78' lang='grc' dir='ltr'>γῆς.ἠ</span> 
     </span>
    </p>
   </div>
   <div class='ocr_carea' id='block_1_44' title="bbox 2188 2112 3763 2189">
    <p class='ocr_par' dir='ltr' id='par_1_44' title="bbox 2188 2112 3763 2189">
     <span class='ocr_line' id='line_1_44' title="bbox 2188 2112 3763 2189; baseline -0.001 -21"><span class='ocrx_word' id='word_1_291' title='bbox 2188 2116 2333 2188; x_wconf 84' lang='grc' dir='ltr'>μέση</span> <span class='ocrx_word' id='word_1_292' title='bbox 2389 2115 2487 2172; x_wconf 88' lang='grc' dir='ltr'><strong>τοῦ</strong></span> <span class='ocrx_word' id='word_1_293' title='bbox 2554 2115 2790 2189; x_wconf 86' lang='grc' dir='ltr'>κόσμου,</span> <span class='ocrx_word' id='word_1_294' title='bbox 2855 2116 2954 2170; x_wconf 81' lang='grc' dir='ltr'>καὶ</span> <span class='ocrx_word' id='word_1_295' title='bbox 3012 2115 3285 2189; x_wconf 79' lang='grc' dir='ltr'>κρέμεται</span> <span class='ocrx_word' id='word_1_296' title='bbox 3342 2112 3763 2183; x_wconf 71' lang='grc' dir='ltr'>πολυκάνδηλον.</span> 
     </span>
    </p>
   </div>
   <div class='ocr_carea' id='block_1_45' title="bbox 2195 2204 3767 2281">
    <p class='ocr_par' dir='ltr' id='par_1_45' title="bbox 2195 2204 3767 2281">
     <span class='ocr_line' id='line_1_45' title="bbox 2195 2204 3767 2281; baseline -0.003 -19"><span class='ocrx_word' id='word_1_297' title='bbox 2195 2208 2509 2281; x_wconf 80' lang='grc' dir='ltr'>’Υπάρχουν</span> <span class='ocrx_word' id='word_1_298' title='bbox 2558 2210 2656 2264; x_wconf 76' lang='grc' dir='ltr'>καὶ</span> <span class='ocrx_word' id='word_1_299' title='bbox 2704 2210 2886 2264; x_wconf 88' lang='grc' dir='ltr'>κιόνια</span> <span class='ocrx_word' id='word_1_300' title='bbox 2928 2209 3168 2281; x_wconf 86' lang='grc' dir='ltr'>μεγίστα</span> <span class='ocrx_word' id='word_1_301' title='bbox 3207 2204 3272 2264; x_wconf 84' lang='grc' dir='ltr'>δ’.</span> <span class='ocrx_word' id='word_1_302' title='bbox 3315 2207 3409 2272; x_wconf 68' lang='lat' dir='ltr'><strong>Et;</strong></span> <span class='ocrx_word' id='word_1_303' title='bbox 3454 2206 3631 2277; x_wconf 73' lang='grc' dir='ltr'>αὐτὴν</span> <span class='ocrx_word' id='word_1_304' title='bbox 3676 2204 3767 2275; x_wconf 57' lang='lat' dir='ltr'><strong>si]:</strong></span> 
     </span>
    </p>
   </div>
   <div class='ocr_carea' id='block_1_46' title="bbox 2181 2294 3763 2374">
    <p class='ocr_par' dir='ltr' id='par_1_46' title="bbox 2181 2294 3763 2374">
     <span class='ocr_line' id='line_1_46' title="bbox 2181 2294 3763 2374; baseline -0.003 -20"><span class='ocrx_word' id='word_1_305' title='bbox 2181 2300 2450 2372; x_wconf 76' lang='grc' dir='ltr'>τρούλλαν</span> <span class='ocrx_word' id='word_1_306' title='bbox 2481 2298 2709 2357; x_wconf 77' lang='grc' dir='ltr'>εἶναιτὸ</span> <span class='ocrx_word' id='word_1_307' title='bbox 2734 2300 2886 2374; x_wconf 78' lang='grc' dir='ltr'>βῆμα</span> <span class='ocrx_word' id='word_1_308' title='bbox 2911 2298 3007 2355; x_wconf 87' lang='grc' dir='ltr'><strong>τοῦ</strong></span> <span class='ocrx_word' id='word_1_309' title='bbox 3036 2296 3189 2365; x_wconf 90' lang='grc' dir='ltr'>ναοῦ,</span> <span class='ocrx_word' id='word_1_310' title='bbox 3234 2297 3372 2353; x_wconf 82' lang='grc' dir='ltr'>ὀποῦ</span> <span class='ocrx_word' id='word_1_311' title='bbox 3404 2294 3763 2368; x_wconf 80' lang='grc' dir='ltr'>λειτουργοῦν</span> 
     </span>
    </p>
   </div>
   <div class='ocr_carea' id='block_1_47' title="bbox 2182 2390 3768 2469">
    <p class='ocr_par' dir='ltr' id='par_1_47' title="bbox 2182 2390 3768 2469">
     <span class='ocr_line' id='line_1_47' title="bbox 2182 2390 3768 2469; baseline -0.004 -21"><span class='ocrx_word' id='word_1_312' title='bbox 2182 2395 2233 2448; x_wconf 85' lang='grc' dir='ltr'><strong>οί</strong></span> <span class='ocrx_word' id='word_1_313' title='bbox 2272 2394 2574 2469; x_wconf 82' lang='grc' dir='ltr'>ὀρθόδοξοι.</span> <span class='ocrx_word' id='word_1_314' title='bbox 2598 2391 2758 2450; x_wconf 78' lang='grc' dir='ltr'>Εἶναι</span> <span class='ocrx_word' id='word_1_315' title='bbox 2785 2394 2881 2450; x_wconf 71' lang='grc' dir='ltr'>καὶ</span> <span class='ocrx_word' id='word_1_316' title='bbox 2916 2390 3298 2466; x_wconf 85' lang='grc' dir='ltr'>ίστορισμένον</span> <span class='ocrx_word' id='word_1_317' title='bbox 3343 2391 3485 2463; x_wconf 76' lang='grc' dir='ltr'>μετὰ</span> <span class='ocrx_word' id='word_1_318' title='bbox 3529 2390 3768 2462; x_wconf 87' lang='grc' dir='ltr'>μουσίου.</span> 
     </span>
    </p>
   </div>
   <div class='ocr_carea' id='block_1_48' title="bbox 505 2480 3767 2561">
    <p class='ocr_par' dir='ltr' id='par_1_48' title="bbox 505 2480 3767 2561">
     <span class='ocr_line' id='line_1_48' title="bbox 505 2480 3767 2561; baseline -0.001 -22"><span class='ocrx_word' id='word_1_319' title='bbox 505 2484 604 2539; x_wconf 80' lang='grc' dir='ltr'>καὶ</span> <span class='ocrx_word' id='word_1_320' title='bbox 642 2487 670 2539; x_wconf 90' lang='lat'><strong>6</strong></span> <span class='ocrx_word' id='word_1_321' title='bbox 694 2484 939 2557; x_wconf 77' lang='grc' dir='ltr'>Χριστὸς</span> <span class='ocrx_word' id='word_1_322' title='bbox 982 2483 1405 2556; x_wconf 72' lang='grc' dir='ltr'>ἐσταυρωμένος</span> <span class='ocrx_word' id='word_1_323' title='bbox 1457 2484 1598 2555; x_wconf 85' lang='grc' dir='ltr'>μετά</span> <span class='ocrx_word' id='word_1_324' title='bbox 1650 2484 1904 2556; x_wconf 79' lang='grc' dir='ltr'>μουσίου.</span> <span class='ocrx_word' id='word_1_325' title='bbox 1976 2486 2135 2541; x_wconf 86' lang='grc' dir='ltr'>Ἐναι</span> <span class='ocrx_word' id='word_1_326' title='bbox 2172 2488 2268 2543; x_wconf 80' lang='grc' dir='ltr'>καὶ</span> <span class='ocrx_word' id='word_1_327' title='bbox 2320 2490 2628 2561; x_wconf 85' lang='grc' dir='ltr'>γράμματα</span> <span class='ocrx_word' id='word_1_328' title='bbox 2695 2487 3081 2559; x_wconf 77' lang='grc' dir='ltr'>γεγραμμένα,</span> <span class='ocrx_word' id='word_1_329' title='bbox 3127 2487 3269 2543; x_wconf 78' lang='grc' dir='ltr'>Μεθ’</span> <span class='ocrx_word' id='word_1_330' title='bbox 3317 2483 3489 2556; x_wconf 70' lang='grc' dir='ltr'><strong>ἡμῶν</strong></span> <span class='ocrx_word' id='word_1_331' title='bbox 3552 2486 3585 2539; x_wconf 83' lang='grc' dir='ltr'><strong>ὀ</strong></span> <span class='ocrx_word' id='word_1_332' title='bbox 3612 2480 3767 2547; x_wconf 76' lang='grc' dir='ltr'>Θεὸς·</span> 
     </span>
    </p>
   </div>
   <div class='ocr_carea' id='block_1_49' title="bbox 498 2578 3769 2658">
    <p class='ocr_par' dir='ltr' id='par_1_49' title="bbox 498 2578 3769 2658">
     <span class='ocr_line' id='line_1_49' title="bbox 498 2578 3769 2658; baseline -0 -21"><span class='ocrx_word' id='word_1_333' title='bbox 498 2582 711 2656; x_wconf 56' lang='grc' dir='ltr'>γνῶτε,</span> <span class='ocrx_word' id='word_1_334' title='bbox 736 2583 907 2652; x_wconf 72' lang='grc' dir='ltr'>ἔθνη,</span> <span class='ocrx_word' id='word_1_335' title='bbox 940 2581 1041 2635; x_wconf 81' lang='grc' dir='ltr'><strong>καί</strong></span> <span class='ocrx_word' id='word_1_336' title='bbox 1093 2578 1379 2651; x_wconf 71' lang='grc' dir='ltr'>ἡττᾶσθε.</span> <span class='ocrx_word' id='word_1_337' title='bbox 1410 2582 1520 2635; x_wconf 76' lang='grc' dir='ltr'><strong>Καὶ</strong></span> <span class='ocrx_word' id='word_1_338' title='bbox 1549 2580 1798 2654; x_wconf 84' lang='grc' dir='ltr'>γύρωθεν</span> <span class='ocrx_word' id='word_1_339' title='bbox 1832 2581 1928 2637; x_wconf 88' lang='grc' dir='ltr'><strong>τοῦ</strong></span> <span class='ocrx_word' id='word_1_340' title='bbox 1978 2584 2238 2656; x_wconf 81' lang='grc' dir='ltr'>Βήματος</span> <span class='ocrx_word' id='word_1_341' title='bbox 2299 2584 2415 2658; x_wconf 79' lang='grc' dir='ltr'>ἔχει</span> <span class='ocrx_word' id='word_1_342' title='bbox 2473 2585 2729 2649; x_wconf 87' lang='grc' dir='ltr'>κολόναις</span> <span class='ocrx_word' id='word_1_343' title='bbox 2761 2583 2848 2657; x_wconf 82' lang='grc' dir='ltr'>ιβ’,</span> <span class='ocrx_word' id='word_1_344' title='bbox 2912 2586 3010 2640; x_wconf 76' lang='grc' dir='ltr'>καὶ</span> <span class='ocrx_word' id='word_1_345' title='bbox 3076 2584 3343 2639; x_wconf 85' lang='grc' dir='ltr'>άποπάνω</span> <span class='ocrx_word' id='word_1_346' title='bbox 3384 2581 3683 2656; x_wconf 64' lang='grc' dir='ltr'>κανδήλαις</span> <span class='ocrx_word' id='word_1_347' title='bbox 3713 2582 3769 2644; x_wconf 77' lang='lat'><strong>6&#39;.</strong></span> 
     </span>
    </p>
   </div>
   <div class='ocr_carea' id='block_1_50' title="bbox 503 2669 3774 2750">
    <p class='ocr_par' dir='ltr' id='par_1_50' title="bbox 503 2669 3774 2750">
     <span class='ocr_line' id='line_1_50' title="bbox 503 2669 3774 2750; baseline -0 -20"><span class='ocrx_word' id='word_1_348' title='bbox 503 2677 685 2731; x_wconf 79' lang='grc' dir='ltr'><strong>Ἐκεῖν</strong></span> <span class='ocrx_word' id='word_1_349' title='bbox 715 2669 857 2729; x_wconf 75' lang='grc' dir='ltr'>εἶναι</span> <span class='ocrx_word' id='word_1_350' title='bbox 886 2674 915 2728; x_wconf 92' lang='grc' dir='ltr'><strong>ὀ</strong></span> <span class='ocrx_word' id='word_1_351' title='bbox 948 2672 1139 2745; x_wconf 81' lang='grc' dir='ltr'>θρόνος</span> <span class='ocrx_word' id='word_1_352' title='bbox 1166 2671 1262 2728; x_wconf 87' lang='grc' dir='ltr'><strong>τοῦ</strong></span> <span class='ocrx_word' id='word_1_353' title='bbox 1295 2673 1662 2746; x_wconf 82' lang='grc' dir='ltr'>πατριάρχου.</span> <span class='ocrx_word' id='word_1_354' title='bbox 1719 2674 1965 2744; x_wconf 78' lang='grc' dir='ltr'>Φέγγουν</span> <span class='ocrx_word' id='word_1_355' title='bbox 2035 2674 2135 2730; x_wconf 72' lang='grc' dir='ltr'>καὶ</span> <span class='ocrx_word' id='word_1_356' title='bbox 2187 2676 2402 2750; x_wconf 82' lang='grc' dir='ltr'>ὀμπρὸς</span> <span class='ocrx_word' id='word_1_357' title='bbox 2449 2679 2529 2745; x_wconf 85' lang='grc' dir='ltr'><strong>είς</strong></span> <span class='ocrx_word' id='word_1_358' title='bbox 2572 2677 2673 2749; x_wconf 73' lang='grc' dir='ltr'>τὴν</span> <span class='ocrx_word' id='word_1_359' title='bbox 2713 2677 2877 2746; x_wconf 83' lang='grc' dir='ltr'>ἁγίαν</span> <span class='ocrx_word' id='word_1_360' title='bbox 2924 2676 3208 2749; x_wconf 74' lang='grc' dir='ltr'>τράπεζαν</span> <span class='ocrx_word' id='word_1_361' title='bbox 3241 2674 3547 2746; x_wconf 75' lang='grc' dir='ltr'>κανδήλαις</span> <span class='ocrx_word' id='word_1_362' title='bbox 3592 2672 3660 2740; x_wconf 86' lang='grc' dir='ltr'>λ’,</span> <span class='ocrx_word' id='word_1_363' title='bbox 3688 2669 3774 2729; x_wconf 74' lang='grc' dir='ltr'>καὶ</span> 
     </span>
    </p>
   </div>
   <div class='ocr_carea' id='block_1_51' title="bbox 502 2764 3777 2845">
    <p class='ocr_par' dir='ltr' id='par_1_51' title="bbox 502 2764 3777 2845">
     <span class='ocr_line' id='line_1_51' title="bbox 502 2764 3777 2845; baseline 0 -22"><span class='ocrx_word' id='word_1_364' title='bbox 502 2771 543 2842; x_wconf 74' lang='grc' dir='ltr'><strong>ἠ</strong></span> <span class='ocrx_word' id='word_1_365' title='bbox 580 2769 708 2839; x_wconf 74' lang='grc' dir='ltr'>ἁγία</span> <span class='ocrx_word' id='word_1_366' title='bbox 741 2766 992 2840; x_wconf 78' lang='grc' dir='ltr'>τράπεζα</span> <span class='ocrx_word' id='word_1_367' title='bbox 1050 2767 1166 2822; x_wconf 68' lang='grc' dir='ltr'>έναι</span> <span class='ocrx_word' id='word_1_368' title='bbox 1206 2768 1557 2840; x_wconf 74' lang='grc' dir='ltr'>σκεπασμένη</span> <span class='ocrx_word' id='word_1_369' title='bbox 1605 2768 1674 2840; x_wconf 73' lang='grc' dir='ltr'>μὶ</span> <span class='ocrx_word' id='word_1_370' title='bbox 1727 2770 1893 2824; x_wconf 82' lang='grc' dir='ltr'>τέντα</span> <span class='ocrx_word' id='word_1_371' title='bbox 1943 2770 2280 2845; x_wconf 78' lang='grc' dir='ltr'>πλουμιστῆ.</span> <span class='ocrx_word' id='word_1_372' title='bbox 2326 2771 2591 2828; x_wconf 83' lang='grc' dir='ltr'>Ὀπισθεν</span> <span class='ocrx_word' id='word_1_373' title='bbox 2655 2770 2751 2826; x_wconf 87' lang='grc' dir='ltr'><strong>τοῦ</strong></span> <span class='ocrx_word' id='word_1_374' title='bbox 2802 2770 2958 2841; x_wconf 77' lang='grc' dir='ltr'>ἁγίου</span> <span class='ocrx_word' id='word_1_375' title='bbox 3008 2771 3254 2843; x_wconf 78' lang='grc' dir='ltr'>βήματος</span> <span class='ocrx_word' id='word_1_376' title='bbox 3284 2764 3424 2825; x_wconf 81' lang='grc' dir='ltr'>εἶναι</span> <span class='ocrx_word' id='word_1_377' title='bbox 3463 2771 3500 2845; x_wconf 64' lang='grc' dir='ltr'><strong>ἡ</strong></span> <span class='ocrx_word' id='word_1_378' title='bbox 3566 2766 3777 2841; x_wconf 70' lang='grc' dir='ltr'>φυλακὴ</span> 
     </span>
    </p>
   </div>
   <div class='ocr_carea' id='block_1_52' title="bbox 502 2857 1970 2934">
    <p class='ocr_par' dir='ltr' id='par_1_52' title="bbox 502 2857 1970 2934">
     <span class='ocr_line' id='line_1_52' title="bbox 502 2857 1970 2934; baseline 0.001 -17"><span class='ocrx_word' id='word_1_379' title='bbox 502 2864 601 2920; x_wconf 72' lang='grc' dir='ltr'>ςοῦ</span> <span class='ocrx_word' id='word_1_380' title='bbox 631 2859 873 2934; x_wconf 75' lang='grc' dir='ltr'>Χριστοῦ</span> <span class='ocrx_word' id='word_1_381' title='bbox 919 2857 1114 2930; x_wconf 79' lang='grc' dir='ltr'><strong>ἀπέχει</strong></span> <span class='ocrx_word' id='word_1_382' title='bbox 1146 2858 1254 2913; x_wconf 68' lang='grc' dir='ltr'><strong>ἀπὸ</strong></span> <span class='ocrx_word' id='word_1_383' title='bbox 1270 2860 1331 2913; x_wconf 75' lang='grc' dir='ltr'><strong>τὸ</strong></span> <span class='ocrx_word' id='word_1_384' title='bbox 1351 2859 1506 2930; x_wconf 80' lang='grc' dir='ltr'>ἁγιον</span> <span class='ocrx_word' id='word_1_385' title='bbox 1523 2860 1590 2931; x_wconf 82' lang='grc' dir='ltr'><strong>βῆ</strong></span> <span class='ocrx_word' id='word_1_386' title='bbox 1600 2877 1676 2931; x_wconf 88' lang='grc' dir='ltr'><strong>μα</strong></span> <span class='ocrx_word' id='word_1_387' title='bbox 1695 2862 1854 2915; x_wconf 86' lang='grc' dir='ltr'>πόδια</span> <span class='ocrx_word' id='word_1_388' title='bbox 1882 2858 1970 2919; x_wconf 86' lang='grc' dir='ltr'>ιε’.</span> 
     </span>
    </p>
   </div>
   <div class='ocr_carea' id='block_1_53' title="bbox 565 2945 2094 3055">
    <p class='ocr_par' dir='ltr' id='par_1_53' title="bbox 565 2976 2083 3049">
     <span class='ocr_line' id='line_1_53' title="bbox 565 2976 2083 3049; baseline 0.003 -17"><span class='ocrx_word' id='word_1_389' title='bbox 565 2983 639 3037; x_wconf 77' lang='lat'><strong>.2.</strong></span> <span class='ocrx_word' id='word_1_390' title='bbox 701 2980 877 3036; x_wconf 88' lang='lat' dir='ltr'><strong>Distat</strong></span> <span class='ocrx_word' id='word_1_391' title='bbox 918 2992 949 3032; x_wconf 90' lang='lat' dir='ltr'><strong>a</strong></span> <span class='ocrx_word' id='word_1_392' title='bbox 989 2984 1193 3033; x_wconf 79' lang='lat' dir='ltr'><strong>sancto</strong></span> <span class='ocrx_word' id='word_1_393' title='bbox 1250 2976 1522 3048; x_wconf 87' lang='lat' dir='ltr'><strong>sepulcro,</strong></span> <span class='ocrx_word' id='word_1_394' title='bbox 1557 2978 1838 3034; x_wconf 86' lang='lat' dir='ltr'><strong>meridiem</strong></span> <span class='ocrx_word' id='word_1_395' title='bbox 1866 2994 2083 3049; x_wconf 80' lang='lat' dir='ltr'><strong>versus,</strong></span> 
     </span>
    </p>
   </div>
   <div class='ocr_carea' id='block_1_54' title="bbox 2197 2945 3779 3055">
    <p class='ocr_par' dir='ltr' id='par_1_54' title="bbox 2263 2945 3779 3055">
     <span class='ocr_line' id='line_1_54' title="bbox 2263 2945 3779 3055; baseline 0 -17"><span class='ocrx_word' id='word_1_396' title='bbox 2263 2980 2330 3051; x_wconf 83' lang='grc' dir='ltr'><strong>β’.</strong></span> <span class='ocrx_word' id='word_1_397' title='bbox 2358 2982 2455 3046; x_wconf 72' lang='lat' dir='ltr'><strong>Et;</strong></span> <span class='ocrx_word' id='word_1_398' title='bbox 2487 2981 2677 3037; x_wconf 83' lang='grc' dir='ltr'>στάδια</span> <span class='ocrx_word' id='word_1_399' title='bbox 2705 2981 2751 3035; x_wconf 88' lang='grc' dir='ltr'>δ’</span> <span class='ocrx_word' id='word_1_400' title='bbox 2772 2980 2883 3036; x_wconf 73' lang='grc' dir='ltr'><strong>ἀπὸ</strong></span> <span class='ocrx_word' id='word_1_401' title='bbox 2910 2981 3003 3037; x_wconf 68' lang='grc' dir='ltr'>τὸν</span> <span class='ocrx_word' id='word_1_402' title='bbox 3032 2945 3193 3051; x_wconf 81' lang='grc' dir='ltr'>ἆγιον</span> <span class='ocrx_word' id='word_1_403' title='bbox 3216 2981 3394 3053; x_wconf 75' lang='grc' dir='ltr'>τάφον</span> <span class='ocrx_word' id='word_1_404' title='bbox 3424 2981 3779 3055; x_wconf 78' lang='grc' dir='ltr'>μεσημερινὰ</span> 
     </span>
    </p>
   </div>
   <div class='ocr_carea' id='block_1_55' title="bbox 498 3067 2092 3140">
    <p class='ocr_par' dir='ltr' id='par_1_55' title="bbox 498 3067 2092 3140">
     <span class='ocr_line' id='line_1_55' title="bbox 498 3067 2092 3140; baseline -0.004 -7"><span class='ocrx_word' id='word_1_405' title='bbox 498 3075 712 3133; x_wconf 61' lang='lat' dir='ltr'><strong>domus</strong></span> <span class='ocrx_word' id='word_1_406' title='bbox 745 3069 910 3126; x_wconf 80' lang='lat' dir='ltr'><strong>David</strong></span> <span class='ocrx_word' id='word_1_407' title='bbox 934 3067 1125 3125; x_wconf 88' lang='lat' dir='ltr'><strong>stadiis</strong></span> <span class='ocrx_word' id='word_1_408' title='bbox 1156 3078 1427 3138; x_wconf 83' lang='lat' dir='ltr'><strong>quatuor;</strong></span> <span class='ocrx_word' id='word_1_409' title='bbox 1456 3077 1540 3123; x_wconf 91' lang='lat' dir='ltr'><strong>est</strong></span> <span class='ocrx_word' id='word_1_410' title='bbox 1571 3068 1738 3124; x_wconf 80' lang='lat' dir='ltr'><strong>turris</strong></span> <span class='ocrx_word' id='word_1_411' title='bbox 1764 3086 1925 3140; x_wconf 87' lang='lat' dir='ltr'><strong>quam</strong></span> <span class='ocrx_word' id='word_1_412' title='bbox 1973 3089 2092 3126; x_wconf 86' lang='lat' dir='ltr'><strong>ma-</strong></span> 
     </span>
    </p>
   </div>
   <div class='ocr_carea' id='block_1_56' title="bbox 496 3160 2091 3234">
    <p class='ocr_par' dir='ltr' id='par_1_56' title="bbox 496 3160 2091 3234">
     <span class='ocr_line' id='line_1_56' title="bbox 496 3160 2091 3234; baseline -0.001 -11"><span class='ocrx_word' id='word_1_413' title='bbox 496 3168 683 3230; x_wconf 57' lang='lat' dir='ltr'><strong>xima,</strong></span> <span class='ocrx_word' id='word_1_414' title='bbox 719 3165 772 3219; x_wconf 91' lang='lat' dir='ltr'><strong>in</strong></span> <span class='ocrx_word' id='word_1_415' title='bbox 804 3177 909 3234; x_wconf 84' lang='lat' dir='ltr'><strong>qua</strong></span> <span class='ocrx_word' id='word_1_416' title='bbox 937 3160 1281 3217; x_wconf 83' lang='lat' dir='ltr'><strong>concinnavit</strong></span> <span class='ocrx_word' id='word_1_417' title='bbox 1306 3160 1643 3231; x_wconf 83' lang='lat' dir='ltr'><strong>psalterium.</strong></span> <span class='ocrx_word' id='word_1_418' title='bbox 1669 3161 1813 3218; x_wconf 86' lang='lat' dir='ltr'><strong>Dicit</strong></span> <span class='ocrx_word' id='word_1_419' title='bbox 1842 3173 2035 3219; x_wconf 91' lang='lat' dir='ltr'><strong>auctor</strong></span> <span class='ocrx_word' id='word_1_420' title='bbox 2074 3181 2091 3221; x_wconf 87' lang='lat'><strong>:</strong></span> 
     </span>
    </p>
   </div>
   <div class='ocr_carea' id='block_1_57' title="bbox 510 3252 2095 3325">
    <p class='ocr_par' dir='ltr' id='par_1_57' title="bbox 510 3252 2095 3325">
     <span class='ocr_line' id='line_1_57' title="bbox 510 3252 2095 3325; baseline 0.002 -16"><span class='ocrx_word' id='word_1_421' title='bbox 510 3260 589 3317; x_wconf 65' lang='lat' dir='ltr'><strong>In</strong></span> <span class='ocrx_word' id='word_1_422' title='bbox 622 3260 777 3313; x_wconf 79' lang='lat' dir='ltr'><strong>domo</strong></span> <span class='ocrx_word' id='word_1_423' title='bbox 804 3254 973 3310; x_wconf 81' lang='lat' dir='ltr'><strong>David</strong></span> <span class='ocrx_word' id='word_1_424' title='bbox 998 3263 1162 3308; x_wconf 78' lang='lat' dir='ltr'><strong>metus</strong></span> <span class='ocrx_word' id='word_1_425' title='bbox 1188 3252 1390 3324; x_wconf 80' lang='lat' dir='ltr'><strong>ingens,</strong></span> <span class='ocrx_word' id='word_1_426' title='bbox 1418 3260 1470 3308; x_wconf 87' lang='lat' dir='ltr'><strong>et</strong></span> <span class='ocrx_word' id='word_1_427' title='bbox 1496 3253 1622 3309; x_wconf 89' lang='lat' dir='ltr'><strong>alibi</strong></span> <span class='ocrx_word' id='word_1_428' title='bbox 1649 3272 1665 3308; x_wconf 88' lang='lat'><strong>:</strong></span> <span class='ocrx_word' id='word_1_429' title='bbox 1693 3255 1973 3311; x_wconf 78' lang='lat' dir='ltr'><strong>Terribilia</strong></span> <span class='ocrx_word' id='word_1_430' title='bbox 2002 3256 2095 3325; x_wconf 81' lang='lat' dir='ltr'><strong>ﬁni</strong></span> 
     </span>
    </p>
   </div>
   <div class='ocr_carea' id='block_1_58' title="bbox 489 3345 2093 3418">
    <p class='ocr_par' dir='ltr' id='par_1_58' title="bbox 489 3345 2093 3418">
     <span class='ocr_line' id='line_1_58' title="bbox 489 3345 2093 3418; baseline -0.005 -9"><span class='ocrx_word' id='word_1_431' title='bbox 489 3352 834 3415; x_wconf 59' lang='lat' dir='ltr'><strong>.Jraduntur,</strong></span> <span class='ocrx_word' id='word_1_432' title='bbox 866 3358 921 3405; x_wconf 88' lang='lat' dir='ltr'><strong>et</strong></span> <span class='ocrx_word' id='word_1_433' title='bbox 948 3363 1068 3418; x_wconf 69' lang='lat' dir='ltr'><strong>qua:</strong></span> <span class='ocrx_word' id='word_1_434' title='bbox 1096 3355 1422 3416; x_wconf 87' lang='lat' dir='ltr'><strong>sequuntur.</strong></span> <span class='ocrx_word' id='word_1_435' title='bbox 1454 3345 1509 3401; x_wconf 93' lang='lat' dir='ltr'><strong>In</strong></span> <span class='ocrx_word' id='word_1_436' title='bbox 1538 3360 1600 3401; x_wconf 90' lang='lat' dir='ltr'><strong>ea</strong></span> <span class='ocrx_word' id='word_1_437' title='bbox 1634 3347 1884 3403; x_wconf 87' lang='lat' dir='ltr'><strong>Christus</strong></span> <span class='ocrx_word' id='word_1_438' title='bbox 1913 3363 2093 3404; x_wconf 72' lang='lat' dir='ltr'><strong>sessuo</strong></span> 
     </span>
    </p>
   </div>
   <div class='ocr_carea' id='block_1_59' title="bbox 515 3435 2097 3509">
    <p class='ocr_par' dir='ltr' id='par_1_59' title="bbox 515 3435 2097 3509">
     <span class='ocr_line' id='line_1_59' title="bbox 515 3435 2097 3509; baseline -0.005 -8"><span class='ocrx_word' id='word_1_439' title='bbox 515 3440 746 3509; x_wconf 70' lang='lat' dir='ltr'><strong>«rns&#39;est,</strong></span> <span class='ocrx_word' id='word_1_440' title='bbox 786 3449 843 3497; x_wconf 90' lang='lat' dir='ltr'><strong>et</strong></span> <span class='ocrx_word' id='word_1_441' title='bbox 874 3438 1138 3495; x_wconf 87' lang='lat' dir='ltr'><strong>mundum</strong></span> <span class='ocrx_word' id='word_1_442' title='bbox 1181 3435 1548 3507; x_wconf 83' lang='lat' dir='ltr'><strong>iudicaturus,</strong></span> <span class='ocrx_word' id='word_1_443' title='bbox 1587 3445 1640 3492; x_wconf 92' lang='lat' dir='ltr'><strong>et</strong></span> <span class='ocrx_word' id='word_1_444' title='bbox 1676 3435 1867 3507; x_wconf 78' lang='lat' dir='ltr'><strong>igneus</strong></span> <span class='ocrx_word' id='word_1_445' title='bbox 1901 3435 2097 3493; x_wconf 79' lang='lat' dir='ltr'><strong>ﬂuvius</strong></span> 
     </span>
    </p>
   </div>
   <div class='ocr_carea' id='block_1_60' title="bbox 489 3527 2096 3607">
    <p class='ocr_par' dir='ltr' id='par_1_60' title="bbox 489 3527 2096 3607">
     <span class='ocr_line' id='line_1_60' title="bbox 489 3527 2096 3607; baseline -0.002 -20"><span class='ocrx_word' id='word_1_446' title='bbox 489 3548 807 3607; x_wconf 65' lang='lat' dir='ltr'><strong>..p(enarum</strong></span> <span class='ocrx_word' id='word_1_447' title='bbox 841 3529 1142 3586; x_wconf 76' lang='lat' dir='ltr'><strong>cmuxurus</strong></span> <span class='ocrx_word' id='word_1_448' title='bbox 1176 3544 1193 3585; x_wconf 86' lang='lat'><strong>:</strong></span> <span class='ocrx_word' id='word_1_449' title='bbox 1228 3528 1459 3597; x_wconf 88' lang='lat' dir='ltr'><strong>ideoque</strong></span> <span class='ocrx_word' id='word_1_450' title='bbox 1508 3527 1664 3583; x_wconf 83' lang='lat' dir='ltr'><strong>vallis</strong></span> <span class='ocrx_word' id='word_1_451' title='bbox 1708 3527 2096 3598; x_wconf 84' lang='lat' dir='ltr'><strong>Lacrymarum</strong></span> 
     </span>
    </p>
   </div>
   <div class='ocr_carea' id='block_1_61' title="bbox 514 3617 2098 3697">
    <p class='ocr_par' dir='ltr' id='par_1_61' title="bbox 514 3617 2098 3697">
     <span class='ocr_line' id='line_1_61' title="bbox 514 3617 2098 3697; baseline -0.006 -12"><span class='ocrx_word' id='word_1_452' title='bbox 514 3634 875 3697; x_wconf 65' lang='lat' dir='ltr'><strong>nuncupatur</strong></span> <span class='ocrx_word' id='word_1_453' title='bbox 907 3640 921 3678; x_wconf 89' lang='lat'><strong>:</strong></span> <span class='ocrx_word' id='word_1_454' title='bbox 952 3622 1128 3692; x_wconf 83' lang='lat' dir='ltr'><strong>jnstos</strong></span> <span class='ocrx_word' id='word_1_455' title='bbox 1152 3619 1321 3684; x_wconf 89' lang='lat' dir='ltr'><strong>enim,</strong></span> <span class='ocrx_word' id='word_1_456' title='bbox 1352 3632 1490 3689; x_wconf 88' lang='lat' dir='ltr'><strong>quos</strong></span> <span class='ocrx_word' id='word_1_457' title='bbox 1519 3617 1589 3674; x_wconf 91' lang='lat' dir='ltr'><strong>de</strong></span> <span class='ocrx_word' id='word_1_458' title='bbox 1621 3618 1784 3676; x_wconf 88' lang='lat' dir='ltr'><strong>rebus</strong></span> <span class='ocrx_word' id='word_1_459' title='bbox 1810 3618 1949 3675; x_wconf 87' lang='lat' dir='ltr'><strong>actis</strong></span> <span class='ocrx_word' id='word_1_460' title='bbox 1975 3634 2098 3691; x_wconf 74' lang='lat' dir='ltr'><strong>poe-</strong></span> 
     </span>
    </p>
   </div>
   <div class='ocr_carea' id='block_1_62' title="bbox 508 3711 2101 3786">
    <p class='ocr_par' dir='ltr' id='par_1_62' title="bbox 508 3711 2101 3786">
     <span class='ocr_line' id='line_1_62' title="bbox 508 3711 2101 3786; baseline -0.004 -10"><span class='ocrx_word' id='word_1_461' title='bbox 508 3720 707 3786; x_wconf 69' lang='lat' dir='ltr'><strong>nituit,</strong></span> <span class='ocrx_word' id='word_1_462' title='bbox 743 3717 964 3774; x_wconf 86' lang='lat' dir='ltr'><strong>vocabit</strong></span> <span class='ocrx_word' id='word_1_463' title='bbox 1002 3716 1057 3771; x_wconf 84' lang='lat' dir='ltr'><strong>in</strong></span> <span class='ocrx_word' id='word_1_464' title='bbox 1104 3728 1333 3785; x_wconf 73' lang='lat' dir='ltr'><strong>regnum</strong></span> <span class='ocrx_word' id='word_1_465' title='bbox 1365 3711 1664 3780; x_wconf 73' lang='lat' dir='ltr'><strong>caelorum;</strong></span> <span class='ocrx_word' id='word_1_466' title='bbox 1697 3712 1750 3768; x_wconf 88' lang='lat' dir='ltr'><strong>in</strong></span> <span class='ocrx_word' id='word_1_467' title='bbox 1786 3724 2101 3783; x_wconf 88' lang='lat' dir='ltr'><strong>peccatores</strong></span> 
     </span>
    </p>
   </div>
   <div class='ocr_carea' id='block_1_63' title="bbox 503 3803 2097 3889">
    <p class='ocr_par' dir='ltr' id='par_1_63' title="bbox 503 3803 2097 3889">
     <span class='ocr_line' id='line_1_63' title="bbox 503 3803 2097 3889; baseline -0.002 -25"><span class='ocrx_word' id='word_1_468' title='bbox 503 3812 663 3884; x_wconf 68' lang='lat' dir='ltr'><strong>.ignis</strong></span> <span class='ocrx_word' id='word_1_469' title='bbox 701 3808 1013 3889; x_wconf 41' lang='lat' dir='ltr'><strong>etl‘und&#39;etur</strong></span> <span class='ocrx_word' id='word_1_470' title='bbox 1070 3820 1103 3861; x_wconf 82' lang='grc' dir='ltr'><strong>ε</strong></span> <span class='ocrx_word' id='word_1_471' title='bbox 1155 3806 1313 3861; x_wconf 90' lang='lat' dir='ltr'><strong>domo</strong></span> <span class='ocrx_word' id='word_1_472' title='bbox 1362 3803 1555 3869; x_wconf 81' lang='lat' dir='ltr'><strong>David,</strong></span> <span class='ocrx_word' id='word_1_473' title='bbox 1601 3815 1657 3859; x_wconf 90' lang='lat' dir='ltr'><strong>et</strong></span> <span class='ocrx_word' id='word_1_474' title='bbox 1698 3818 1795 3861; x_wconf 84' lang='lat' dir='ltr'><strong>eos</strong></span> <span class='ocrx_word' id='word_1_475' title='bbox 1816 3804 2097 3861; x_wconf 83' lang='lat' dir='ltr'><strong>amburet.</strong></span> 
     </span>
    </p>
   </div>
   <div class='ocr_carea' id='block_1_64' title="bbox 520 3893 2103 3966">
    <p class='ocr_par' dir='ltr' id='par_1_64' title="bbox 520 3893 2103 3966">
     <span class='ocr_line' id='line_1_64' title="bbox 520 3893 2103 3966; baseline -0.007 -6"><span class='ocrx_word' id='word_1_476' title='bbox 520 3904 642 3960; x_wconf 79' lang='lat' dir='ltr'><strong>Non</strong></span> <span class='ocrx_word' id='word_1_477' title='bbox 680 3901 911 3957; x_wconf 87' lang='lat' dir='ltr'><strong>multum</strong></span> <span class='ocrx_word' id='word_1_478' title='bbox 964 3897 1034 3954; x_wconf 88' lang='lat' dir='ltr'><strong>ab</strong></span> <span class='ocrx_word' id='word_1_479' title='bbox 1066 3910 1128 3952; x_wconf 87' lang='lat' dir='ltr'><strong>ea</strong></span> <span class='ocrx_word' id='word_1_480' title='bbox 1163 3894 1329 3951; x_wconf 84' lang='lat' dir='ltr'><strong>distat</strong></span> <span class='ocrx_word' id='word_1_481' title='bbox 1358 3895 1748 3951; x_wconf 85' lang='lat' dir='ltr'><strong>monasterium</strong></span> <span class='ocrx_word' id='word_1_482' title='bbox 1781 3895 1975 3966; x_wconf 87' lang='lat' dir='ltr'><strong>_sancti</strong></span> <span class='ocrx_word' id='word_1_483' title='bbox 2009 3893 2103 3952; x_wconf 77' lang='lat' dir='ltr'><strong>Ja-</strong></span> 
     </span>
    </p>
   </div>
   <div class='ocr_carea' id='block_1_65' title="bbox 504 3987 2100 4064">
    <p class='ocr_par' dir='ltr' id='par_1_65' title="bbox 504 3987 2100 4064">
     <span class='ocr_line' id='line_1_65' title="bbox 504 3987 2100 4064; baseline -0.001 -17"><span class='ocrx_word' id='word_1_484' title='bbox 504 3994 640 4054; x_wconf 72' lang='lat' dir='ltr'><strong>cobi</strong></span> <span class='ocrx_word' id='word_1_485' title='bbox 670 3992 1052 4064; x_wconf 84' lang='lat' dir='ltr'><strong>Adelphothei.</strong></span> <span class='ocrx_word' id='word_1_486' title='bbox 1079 3990 1316 4046; x_wconf 90' lang='lat' dir='ltr'><strong>Tenetur</strong></span> <span class='ocrx_word' id='word_1_487' title='bbox 1334 3989 1404 4044; x_wconf 88' lang='lat' dir='ltr'><strong>ab</strong></span> <span class='ocrx_word' id='word_1_488' title='bbox 1420 3988 1693 4045; x_wconf 80' lang='lat' dir='ltr'><strong>Armenis.</strong></span> <span class='ocrx_word' id='word_1_489' title='bbox 1727 3987 1964 4061; x_wconf 87' lang='lat' dir='ltr'><strong>Indeque</strong></span> <span class='ocrx_word' id='word_1_490' title='bbox 1993 4005 2100 4047; x_wconf 91' lang='lat' dir='ltr'><strong>non</strong></span> 
     </span>
    </p>
   </div>
   <div class='ocr_carea' id='block_1_66' title="bbox 525 4080 2099 4155">
    <p class='ocr_par' dir='ltr' id='par_1_66' title="bbox 525 4080 2099 4155">
     <span class='ocr_line' id='line_1_66' title="bbox 525 4080 2099 4155; baseline -0.003 -11"><span class='ocrx_word' id='word_1_491' title='bbox 525 4086 695 4145; x_wconf 75' lang='lat' dir='ltr'><strong>multo</strong></span> <span class='ocrx_word' id='word_1_492' title='bbox 737 4085 1019 4141; x_wconf 88' lang='lat' dir='ltr'><strong>intervallo</strong></span> <span class='ocrx_word' id='word_1_493' title='bbox 1048 4090 1352 4154; x_wconf 87' lang='lat' dir='ltr'><strong>sequuntur</strong></span> <span class='ocrx_word' id='word_1_494' title='bbox 1381 4080 1774 4138; x_wconf 66' lang='lat' dir='ltr'><strong>aedesJoannis</strong></span> <span class='ocrx_word' id='word_1_495' title='bbox 1799 4082 2054 4155; x_wconf 73' lang='lat' dir='ltr'><strong>Theologi</strong></span> <span class='ocrx_word' id='word_1_496' title='bbox 2082 4100 2099 4140; x_wconf 85' lang='lat'><strong>:</strong></span> 
     </span>
    </p>
   </div>
   <div class='ocr_carea' id='block_1_67' title="bbox 516 4173 2099 4248">
    <p class='ocr_par' dir='ltr' id='par_1_67' title="bbox 516 4173 2099 4248">
     <span class='ocr_line' id='line_1_67' title="bbox 516 4173 2099 4248; baseline -0.003 -11"><span class='ocrx_word' id='word_1_497' title='bbox 516 4196 628 4237; x_wconf 70' lang='lat' dir='ltr'><strong>nec</strong></span> <span class='ocrx_word' id='word_1_498' title='bbox 653 4180 823 4236; x_wconf 90' lang='lat' dir='ltr'><strong>multo</strong></span> <span class='ocrx_word' id='word_1_499' title='bbox 850 4188 971 4248; x_wconf 89' lang='lat' dir='ltr'><strong>post</strong></span> <span class='ocrx_word' id='word_1_500' title='bbox 996 4176 1276 4246; x_wconf 85' lang='lat' dir='ltr'><strong>templum,</strong></span> <span class='ocrx_word' id='word_1_501' title='bbox 1304 4173 1699 4230; x_wconf 66' lang='lat' dir='ltr'><strong>exaediﬁcatum</strong></span> <span class='ocrx_word' id='word_1_502' title='bbox 1722 4189 1753 4228; x_wconf 78' lang='grc' dir='ltr'><strong>ε</strong></span> <span class='ocrx_word' id='word_1_503' title='bbox 1785 4175 2099 4244; x_wconf 85' lang='lat' dir='ltr'><strong>Salomone,</strong></span> 
     </span>
    </p>
   </div>
   <div class='ocr_carea' id='block_1_68' title="bbox 518 4266 1507 4335">
    <p class='ocr_par' dir='ltr' id='par_1_68' title="bbox 518 4266 1507 4335">
     <span class='ocr_line' id='line_1_68' title="bbox 518 4266 1507 4335; baseline -0.008 -6"><span class='ocrx_word' id='word_1_504' title='bbox 518 4285 711 4329; x_wconf 83' lang='lat' dir='ltr'><strong>sancta</strong></span> <span class='ocrx_word' id='word_1_505' title='bbox 744 4270 898 4335; x_wconf 82' lang='lat' dir='ltr'><strong>Sion,</strong></span> <span class='ocrx_word' id='word_1_506' title='bbox 921 4279 1093 4323; x_wconf 90' lang='lat' dir='ltr'><strong>mater</strong></span> <span class='ocrx_word' id='word_1_507' title='bbox 1124 4266 1507 4322; x_wconf 81' lang='lat' dir='ltr'><strong>Ecclesiarum.</strong></span> 
     </span>
    </p>
   </div>
   <div class='ocr_carea' id='block_1_69' title="bbox 2194 3068 3781 3147">
    <p class='ocr_par' dir='ltr' id='par_1_69' title="bbox 2194 3068 3781 3147">
     <span class='ocr_line' id='line_1_69' title="bbox 2194 3068 3781 3147; baseline 0.001 -20"><span class='ocrx_word' id='word_1_508' title='bbox 2194 3068 2337 3128; x_wconf 78' lang='grc' dir='ltr'>εἶναι</span> <span class='ocrx_word' id='word_1_509' title='bbox 2357 3074 2393 3127; x_wconf 97' lang='lat'><strong>6</strong></span> <span class='ocrx_word' id='word_1_510' title='bbox 2423 3068 2575 3138; x_wconf 76' lang='grc' dir='ltr'>οἶκος</span> <span class='ocrx_word' id='word_1_511' title='bbox 2619 3073 2714 3129; x_wconf 90' lang='grc' dir='ltr'><strong>τοῦ</strong></span> <span class='ocrx_word' id='word_1_512' title='bbox 2748 3074 2915 3129; x_wconf 79' lang='grc' dir='ltr'>Δασίδ</span> <span class='ocrx_word' id='word_1_513' title='bbox 2937 3090 2956 3108; x_wconf 76' lang='grc'><strong><em>⁸</em></strong></span> <span class='ocrx_word' id='word_1_514' title='bbox 2990 3074 3110 3130; x_wconf 74' lang='grc' dir='ltr'>ἔστι</span> <span class='ocrx_word' id='word_1_515' title='bbox 3152 3068 3212 3129; x_wconf 63' lang='grc' dir='ltr'>δὲ</span> <span class='ocrx_word' id='word_1_516' title='bbox 3245 3074 3618 3146; x_wconf 69' lang='grc' dir='ltr'>παμμέγεθος</span> <span class='ocrx_word' id='word_1_517' title='bbox 3646 3074 3781 3147; x_wconf 73' lang='grc' dir='ltr'><strong>ειτιίρ⁸</strong></span> 
     </span>
    </p>
   </div>
   <div class='ocr_carea' id='block_1_70' title="bbox 2194 3164 3778 3240">
    <p class='ocr_par' dir='ltr' id='par_1_70' title="bbox 2194 3164 3778 3240">
     <span class='ocr_line' id='line_1_70' title="bbox 2194 3164 3778 3240; baseline 0 -19"><span class='ocrx_word' id='word_1_518' title='bbox 2194 3183 2294 3236; x_wconf 87' lang='grc' dir='ltr'><strong>γος</strong></span> <span class='ocrx_word' id='word_1_519' title='bbox 2322 3164 2418 3220; x_wconf 84' lang='grc' dir='ltr'><strong>τοῦ</strong></span> <span class='ocrx_word' id='word_1_520' title='bbox 2447 3167 2646 3220; x_wconf 81' lang='grc' dir='ltr'><strong>Δαυῖδ·</strong></span> <span class='ocrx_word' id='word_1_521' title='bbox 2676 3166 2775 3222; x_wconf 76' lang='grc' dir='ltr'>καὶ</span> <span class='ocrx_word' id='word_1_522' title='bbox 2801 3168 3149 3240; x_wconf 82' lang='grc' dir='ltr'>ὲκεῐῆρμοσε</span> <span class='ocrx_word' id='word_1_523' title='bbox 3170 3166 3233 3221; x_wconf 78' lang='grc' dir='ltr'><strong>τὸ</strong></span> <span class='ocrx_word' id='word_1_524' title='bbox 3258 3165 3567 3238; x_wconf 82' lang='grc' dir='ltr'>ψαλτήριον</span> <span class='ocrx_word' id='word_1_525' title='bbox 3591 3184 3607 3200; x_wconf 79' lang='grc' dir='ltr'><strong>ο</strong></span> <span class='ocrx_word' id='word_1_526' title='bbox 3634 3167 3778 3237; x_wconf 75' lang='grc' dir='ltr'>λέγει</span> 
     </span>
    </p>
   </div>
   <div class='ocr_carea' id='block_1_71' title="bbox 2197 3245 3779 3331">
    <p class='ocr_par' dir='ltr' id='par_1_71' title="bbox 2197 3245 3779 3331">
     <span class='ocr_line' id='line_1_71' title="bbox 2197 3245 3779 3331; baseline 0.001 -18"><span class='ocrx_word' id='word_1_527' title='bbox 2197 3259 2292 3313; x_wconf 79' lang='grc' dir='ltr'>καὶ</span> <span class='ocrx_word' id='word_1_528' title='bbox 2314 3260 2344 3313; x_wconf 91' lang='grc' dir='ltr'><strong>ὀ</strong></span> <span class='ocrx_word' id='word_1_529' title='bbox 2380 3260 2635 3331; x_wconf 78' lang='grc' dir='ltr'>ποιητὴς,</span> <span class='ocrx_word' id='word_1_530' title='bbox 2670 3245 2801 3314; x_wconf 75' lang='grc' dir='ltr'><strong>Ἐπί</strong></span> <span class='ocrx_word' id='word_1_531' title='bbox 2830 3254 2999 3314; x_wconf 78' lang='grc' dir='ltr'>οἷκον</span> <span class='ocrx_word' id='word_1_532' title='bbox 3028 3257 3209 3314; x_wconf 86' lang='grc' dir='ltr'>Δαυτδ</span> <span class='ocrx_word' id='word_1_533' title='bbox 3228 3260 3419 3328; x_wconf 72' lang='grc' dir='ltr'>φόϐος</span> <span class='ocrx_word' id='word_1_534' title='bbox 3437 3258 3660 3331; x_wconf 74' lang='grc' dir='ltr'>μέγας,</span> <span class='ocrx_word' id='word_1_535' title='bbox 3689 3258 3779 3315; x_wconf 76' lang='grc' dir='ltr'>καὶ</span> 
     </span>
    </p>
   </div>
   <div class='ocr_carea' id='block_1_72' title="bbox 2195 3351 3777 3423">
    <p class='ocr_par' dir='ltr' id='par_1_72' title="bbox 2195 3351 3777 3423">
     <span class='ocr_line' id='line_1_72' title="bbox 2195 3351 3777 3423; baseline 0.002 -19"><span class='ocrx_word' id='word_1_536' title='bbox 2195 3351 2429 3422; x_wconf 78' lang='grc' dir='ltr'>ἀλλαχοῦ</span> <span class='ocrx_word' id='word_1_537' title='bbox 2467 3351 2645 3420; x_wconf 85' lang='grc' dir='ltr'><strong>λέγει·</strong></span> <span class='ocrx_word' id='word_1_538' title='bbox 2685 3354 2762 3407; x_wconf 82' lang='grc' dir='ltr'><em>Τὰ</em></span> <span class='ocrx_word' id='word_1_539' title='bbox 2781 3353 3005 3422; x_wconf 77' lang='grc' dir='ltr'>φοϐερὰ</span> <span class='ocrx_word' id='word_1_540' title='bbox 3027 3352 3566 3423; x_wconf 73' lang='grc' dir='ltr'>τελεσιουργεῖται,</span> <span class='ocrx_word' id='word_1_541' title='bbox 3601 3353 3777 3409; x_wconf 75' lang='grc' dir='ltr'>καὶτὰ</span> 
     </span>
    </p>
   </div>
   <div class='ocr_carea' id='block_1_73' title="bbox 2198 3443 3776 3517">
    <p class='ocr_par' dir='ltr' id='par_1_73' title="bbox 2198 3443 3776 3517">
     <span class='ocr_line' id='line_1_73' title="bbox 2198 3443 3776 3517; baseline 0.001 -19"><span class='ocrx_word' id='word_1_542' title='bbox 2198 3443 2353 3514; x_wconf 73' lang='grc' dir='ltr'>ἑξῆς.</span> <span class='ocrx_word' id='word_1_543' title='bbox 2384 3446 2497 3498; x_wconf 81' lang='grc' dir='ltr'><strong>Καὶ</strong></span> <span class='ocrx_word' id='word_1_544' title='bbox 2518 3446 2617 3499; x_wconf 80' lang='grc' dir='ltr'><strong>ἀπ’</strong></span> <span class='ocrx_word' id='word_1_545' title='bbox 2642 3443 2811 3499; x_wconf 87' lang='grc' dir='ltr'>αὐτοῦ</span> <span class='ocrx_word' id='word_1_546' title='bbox 2849 3445 3037 3517; x_wconf 79' lang='grc' dir='ltr'>μέλλει</span> <span class='ocrx_word' id='word_1_547' title='bbox 3069 3446 3295 3501; x_wconf 80' lang='grc' dir='ltr'>καθίσαι</span> <span class='ocrx_word' id='word_1_548' title='bbox 3328 3448 3357 3500; x_wconf 91' lang='grc' dir='ltr'><strong>ὀ</strong></span> <span class='ocrx_word' id='word_1_549' title='bbox 3386 3447 3652 3516; x_wconf 76' lang='grc' dir='ltr'>Χριστὸς,</span> <span class='ocrx_word' id='word_1_550' title='bbox 3691 3446 3776 3502; x_wconf 77' lang='grc' dir='ltr'>καὶ</span> 
     </span>
    </p>
   </div>
   <div class='ocr_carea' id='block_1_74' title="bbox 2198 3536 3777 3608">
    <p class='ocr_par' dir='ltr' id='par_1_74' title="bbox 2198 3536 3777 3608">
     <span class='ocr_line' id='line_1_74' title="bbox 2198 3536 3777 3608; baseline 0.001 -19"><span class='ocrx_word' id='word_1_551' title='bbox 2198 3537 2389 3607; x_wconf 84' lang='grc' dir='ltr'>κρίναι</span> <span class='ocrx_word' id='word_1_552' title='bbox 2427 3537 2522 3591; x_wconf 78' lang='grc' dir='ltr'>τὸν</span> <span class='ocrx_word' id='word_1_553' title='bbox 2549 3537 2778 3608; x_wconf 89' lang='grc' dir='ltr'>κόσμον.</span> <span class='ocrx_word' id='word_1_554' title='bbox 2811 3538 2924 3592; x_wconf 71' lang='grc' dir='ltr'><strong>Καὶ</strong></span> <span class='ocrx_word' id='word_1_555' title='bbox 2951 3536 3063 3592; x_wconf 82' lang='grc' dir='ltr'>άπὸ</span> <span class='ocrx_word' id='word_1_556' title='bbox 3094 3536 3227 3602; x_wconf 83' lang='grc' dir='ltr'>τοὺς</span> <span class='ocrx_word' id='word_1_557' title='bbox 3262 3537 3434 3601; x_wconf 80' lang='grc' dir='ltr'>πόδας</span> <span class='ocrx_word' id='word_1_558' title='bbox 3472 3539 3667 3593; x_wconf 87' lang='grc' dir='ltr'>του.νὰ</span> <span class='ocrx_word' id='word_1_559' title='bbox 3693 3536 3777 3602; x_wconf 80' lang='grc' dir='ltr'><strong>ζυ-</strong></span> 
     </span>
    </p>
   </div>
   <div class='ocr_carea' id='block_1_75' title="bbox 2199 3630 3777 3704">
    <p class='ocr_par' dir='ltr' id='par_1_75' title="bbox 2199 3630 3777 3704">
     <span class='ocr_line' id='line_1_75' title="bbox 2199 3630 3777 3704; baseline 0.003 -22"><span class='ocrx_word' id='word_1_560' title='bbox 2199 3630 2363 3701; x_wconf 75' lang='grc' dir='ltr'>χήσει</span> <span class='ocrx_word' id='word_1_561' title='bbox 2399 3632 2428 3685; x_wconf 88' lang='grc' dir='ltr'><strong>ὀ</strong></span> <span class='ocrx_word' id='word_1_562' title='bbox 2472 3630 2702 3704; x_wconf 82' lang='grc' dir='ltr'>πύρινος</span> <span class='ocrx_word' id='word_1_563' title='bbox 2740 3632 2988 3702; x_wconf 79' lang='grc' dir='ltr'>ποταμὸς</span> <span class='ocrx_word' id='word_1_564' title='bbox 3022 3631 3125 3703; x_wconf 85' lang='grc' dir='ltr'>τῆς</span> <span class='ocrx_word' id='word_1_565' title='bbox 3158 3630 3438 3697; x_wconf 83' lang='grc' dir='ltr'>κολάσεως</span> <span class='ocrx_word' id='word_1_566' title='bbox 3487 3632 3585 3687; x_wconf 62' lang='grc' dir='ltr'><strong>καὶ⁸</strong></span> <span class='ocrx_word' id='word_1_567' title='bbox 3620 3634 3777 3686; x_wconf 63' lang='grc' dir='ltr'>κοντα</span> 
     </span>
    </p>
   </div>
   <div class='ocr_carea' id='block_1_76' title="bbox 2201 3719 3775 3796">
    <p class='ocr_par' dir='ltr' id='par_1_76' title="bbox 2201 3719 3775 3796">
     <span class='ocr_line' id='line_1_76' title="bbox 2201 3719 3775 3796; baseline 0.001 -20"><span class='ocrx_word' id='word_1_568' title='bbox 2201 3726 2285 3788; x_wconf 86' lang='grc' dir='ltr'><strong>είς</strong></span> <span class='ocrx_word' id='word_1_569' title='bbox 2315 3724 2409 3779; x_wconf 80' lang='grc' dir='ltr'>τὸν</span> <span class='ocrx_word' id='word_1_570' title='bbox 2441 3720 2594 3779; x_wconf 77' lang='grc' dir='ltr'>οἷκον</span> <span class='ocrx_word' id='word_1_571' title='bbox 2628 3722 2725 3780; x_wconf 88' lang='grc' dir='ltr'><strong>τοῦ</strong></span> <span class='ocrx_word' id='word_1_572' title='bbox 2748 3723 2919 3778; x_wconf 72' lang='grc' dir='ltr'>Δαυτδ</span> <span class='ocrx_word' id='word_1_573' title='bbox 2954 3719 3099 3779; x_wconf 76' lang='grc' dir='ltr'>εἶναι</span> <span class='ocrx_word' id='word_1_574' title='bbox 3133 3726 3167 3796; x_wconf 79' lang='grc' dir='ltr'>ἡ</span> <span class='ocrx_word' id='word_1_575' title='bbox 3209 3724 3442 3780; x_wconf 80' lang='grc' dir='ltr'>κοιλάδα</span> <span class='ocrx_word' id='word_1_576' title='bbox 3475 3724 3573 3780; x_wconf 86' lang='grc' dir='ltr'><strong>τοῦ</strong></span> <span class='ocrx_word' id='word_1_577' title='bbox 3607 3726 3775 3780; x_wconf 76' lang='grc' dir='ltr'>Κλαυ-</span> 
     </span>
    </p>
   </div>
   <div class='ocr_carea' id='block_1_77' title="bbox 2203 3814 3775 3886">
    <p class='ocr_par' dir='ltr' id='par_1_77' title="bbox 2203 3814 3775 3886">
     <span class='ocr_line' id='line_1_77' title="bbox 2203 3814 3775 3886; baseline -0.001 -15"><span class='ocrx_word' id='word_1_578' title='bbox 2203 3814 2446 3885; x_wconf 85' lang='grc' dir='ltr'>θμῶνος.</span> <span class='ocrx_word' id='word_1_579' title='bbox 2471 3816 2587 3871; x_wconf 72' lang='grc' dir='ltr'><strong>Καὶ</strong></span> <span class='ocrx_word' id='word_1_580' title='bbox 2611 3815 2701 3872; x_wconf 83' lang='grc' dir='ltr'><strong>διά</strong></span> <span class='ocrx_word' id='word_1_581' title='bbox 2724 3814 2889 3871; x_wconf 87' lang='grc' dir='ltr'>τοῦτο</span> <span class='ocrx_word' id='word_1_582' title='bbox 2932 3814 3152 3885; x_wconf 84' lang='grc' dir='ltr'>λέγεται</span> <span class='ocrx_word' id='word_1_583' title='bbox 3180 3816 3378 3883; x_wconf 76' lang='grc' dir='ltr'>οὕτως,</span> <span class='ocrx_word' id='word_1_584' title='bbox 3411 3818 3498 3872; x_wconf 82' lang='grc' dir='ltr'>ὅτι</span> <span class='ocrx_word' id='word_1_585' title='bbox 3531 3819 3657 3881; x_wconf 75' lang='grc' dir='ltr'>τοὺς</span> <span class='ocrx_word' id='word_1_586' title='bbox 3686 3816 3775 3886; x_wconf 81' lang='grc' dir='ltr'>μὲν</span> 
     </span>
    </p>
   </div>
   <div class='ocr_carea' id='block_1_78' title="bbox 2200 3905 3775 3980">
    <p class='ocr_par' dir='ltr' id='par_1_78' title="bbox 2200 3905 3775 3980">
     <span class='ocr_line' id='line_1_78' title="bbox 2200 3905 3775 3980; baseline 0 -22"><span class='ocrx_word' id='word_1_587' title='bbox 2200 3905 2447 3971; x_wconf 86' lang='grc' dir='ltr'>δικαίους</span> <span class='ocrx_word' id='word_1_588' title='bbox 2485 3907 2708 3962; x_wconf 84' lang='grc' dir='ltr'>καλέσει</span> <span class='ocrx_word' id='word_1_589' title='bbox 2750 3909 2836 3971; x_wconf 84' lang='grc' dir='ltr'><strong>είς</strong></span> <span class='ocrx_word' id='word_1_590' title='bbox 2887 3909 3186 3978; x_wconf 82' lang='grc' dir='ltr'>μετάνοιαν</span> <span class='ocrx_word' id='word_1_591' title='bbox 3234 3908 3318 3971; x_wconf 85' lang='grc' dir='ltr'><strong>εἱς</strong></span> <span class='ocrx_word' id='word_1_592' title='bbox 3356 3907 3458 3978; x_wconf 83' lang='grc' dir='ltr'>τὴν</span> <span class='ocrx_word' id='word_1_593' title='bbox 3500 3907 3775 3980; x_wconf 80' lang='grc' dir='ltr'>βασιλείαν</span> 
     </span>
    </p>
   </div>
   <div class='ocr_carea' id='block_1_79' title="bbox 2200 3996 3773 4072">
    <p class='ocr_par' dir='ltr' id='par_1_79' title="bbox 2200 3996 3773 4072">
     <span class='ocr_line' id='line_1_79' title="bbox 2200 3996 3773 4072; baseline -0.001 -22"><span class='ocrx_word' id='word_1_594' title='bbox 2200 3996 2312 4051; x_wconf 84' lang='grc' dir='ltr'><strong>τῶν</strong></span> <span class='ocrx_word' id='word_1_595' title='bbox 2343 3997 2631 4071; x_wconf 76' lang='grc' dir='ltr'>οὐρανῶνο</span> <span class='ocrx_word' id='word_1_596' title='bbox 2670 4000 2754 4064; x_wconf 88' lang='grc' dir='ltr'><strong>είς</strong></span> <span class='ocrx_word' id='word_1_597' title='bbox 2787 3998 3151 4069; x_wconf 76' lang='grc' dir='ltr'>ἁμαρτωλοὺς</span> <span class='ocrx_word' id='word_1_598' title='bbox 3185 3998 3246 4052; x_wconf 80' lang='grc' dir='ltr'>δὲ</span> <span class='ocrx_word' id='word_1_599' title='bbox 3278 3998 3391 4071; x_wconf 85' lang='grc' dir='ltr'>πῦρ</span> <span class='ocrx_word' id='word_1_600' title='bbox 3414 4000 3773 4072; x_wconf 72' lang='grc' dir='ltr'>ἐκχυθήσεται</span> 
     </span>
    </p>
   </div>
   <div class='ocr_carea' id='block_1_80' title="bbox 2202 4086 3777 4158">
    <p class='ocr_par' dir='ltr' id='par_1_80' title="bbox 2202 4086 3777 4158">
     <span class='ocr_line' id='line_1_80' title="bbox 2202 4086 3777 4158; baseline 0 -16"><span class='ocrx_word' id='word_1_601' title='bbox 2202 4088 2314 4143; x_wconf 79' lang='grc' dir='ltr'>άπὸ</span> <span class='ocrx_word' id='word_1_602' title='bbox 2340 4090 2435 4146; x_wconf 75' lang='grc' dir='ltr'><strong>τὸν</strong></span> <span class='ocrx_word' id='word_1_603' title='bbox 2476 4086 2629 4146; x_wconf 70' lang='grc' dir='ltr'>οἷκον</span> <span class='ocrx_word' id='word_1_604' title='bbox 2665 4091 2853 4158; x_wconf 81' lang='grc' dir='ltr'>Δαυῒδ,</span> <span class='ocrx_word' id='word_1_605' title='bbox 2894 4092 2994 4147; x_wconf 79' lang='grc' dir='ltr'>,ίνα</span> <span class='ocrx_word' id='word_1_606' title='bbox 3037 4090 3379 4148; x_wconf 84' lang='grc' dir='ltr'>κατακαύσει</span> <span class='ocrx_word' id='word_1_607' title='bbox 3421 4092 3651 4155; x_wconf 80' lang='grc' dir='ltr'>αὐτούς·</span> <span class='ocrx_word' id='word_1_608' title='bbox 3689 4089 3777 4144; x_wconf 80' lang='grc' dir='ltr'>καὶ</span> 
     </span>
    </p>
   </div>
   <div class='ocr_carea' id='block_1_81' title="bbox 2205 4178 3775 4256">
    <p class='ocr_par' dir='ltr' id='par_1_81' title="bbox 2205 4178 3775 4256">
     <span class='ocr_line' id='line_1_81' title="bbox 2205 4178 3775 4256; baseline 0 -22"><span class='ocrx_word' id='word_1_609' title='bbox 2205 4182 2513 4252; x_wconf 85' lang='grc' dir='ltr'>παρακάτω</span> <span class='ocrx_word' id='word_1_610' title='bbox 2563 4182 2748 4253; x_wconf 81' lang='grc' dir='ltr'>ὀλίγον</span> <span class='ocrx_word' id='word_1_611' title='bbox 2783 4178 2927 4237; x_wconf 76' lang='grc' dir='ltr'>εἶναι</span> <span class='ocrx_word' id='word_1_612' title='bbox 2969 4183 3031 4239; x_wconf 79' lang='grc' dir='ltr'>τὸ</span> <span class='ocrx_word' id='word_1_613' title='bbox 3087 4186 3455 4256; x_wconf 86' lang='grc' dir='ltr'>μοναστήριον</span> <span class='ocrx_word' id='word_1_614' title='bbox 3486 4184 3585 4239; x_wconf 72' lang='grc' dir='ltr'><strong>τοῦ</strong></span> <span class='ocrx_word' id='word_1_615' title='bbox 3624 4182 3775 4252; x_wconf 84' lang='grc' dir='ltr'>άγίου</span> 
     </span>
    </p>
   </div>
   <div class='ocr_carea' id='block_1_82' title="bbox 2218 4272 3775 4346">
    <p class='ocr_par' dir='ltr' id='par_1_82' title="bbox 2218 4272 3775 4346">
     <span class='ocr_line' id='line_1_82' title="bbox 2218 4272 3775 4346; baseline -0.001 -19"><span class='ocrx_word' id='word_1_616' title='bbox 2218 4272 2480 4329; x_wconf 76' lang='grc' dir='ltr'>Ἰακώϐου</span> <span class='ocrx_word' id='word_1_617' title='bbox 2507 4274 2601 4329; x_wconf 87' lang='grc' dir='ltr'><strong>τοῦ</strong></span> <span class='ocrx_word' id='word_1_618' title='bbox 2632 4273 3008 4344; x_wconf 78' lang='grc' dir='ltr'>Ἀδελφοθέου.</span> <span class='ocrx_word' id='word_1_619' title='bbox 3029 4275 3136 4327; x_wconf 73' lang='grc' dir='ltr'><strong>Καὶ</strong></span> <span class='ocrx_word' id='word_1_620' title='bbox 3154 4274 3310 4346; x_wconf 70' lang='grc' dir='ltr'>ἔχουν</span> <span class='ocrx_word' id='word_1_621' title='bbox 3332 4292 3396 4330; x_wconf 84' lang='grc' dir='ltr'><strong>το</strong></span> <span class='ocrx_word' id='word_1_622' title='bbox 3421 4276 3473 4330; x_wconf 78' lang='grc' dir='ltr'>οἱ</span> <span class='ocrx_word' id='word_1_623' title='bbox 3488 4275 3775 4346; x_wconf 83' lang='grc' dir='ltr'>Ἀρμένιοι.</span> 
     </span>
    </p>
   </div>
   <div class='ocr_carea' id='block_1_83' title="bbox 528 4354 3775 4439">
    <p class='ocr_par' dir='ltr' id='par_1_83' title="bbox 528 4354 3775 4439">
     <span class='ocr_line' id='line_1_83' title="bbox 528 4354 3775 4439; baseline -0 -18"><span class='ocrx_word' id='word_1_624' title='bbox 528 4367 638 4420; x_wconf 78' lang='grc' dir='ltr'><strong>Καὶ</strong></span> <span class='ocrx_word' id='word_1_625' title='bbox 664 4365 901 4434; x_wconf 83' lang='grc' dir='ltr'>παρεκεῖ</span> <span class='ocrx_word' id='word_1_626' title='bbox 943 4359 1125 4429; x_wconf 83' lang='grc' dir='ltr'>ὀλίγον</span> <span class='ocrx_word' id='word_1_627' title='bbox 1170 4354 1312 4413; x_wconf 74' lang='grc' dir='ltr'>εἶναι</span> <span class='ocrx_word' id='word_1_628' title='bbox 1367 4360 1436 4415; x_wconf 82' lang='grc' dir='ltr'>τὰ</span> <span class='ocrx_word' id='word_1_629' title='bbox 1468 4361 1660 4415; x_wconf 85' lang='grc' dir='ltr'>σπίτια</span> <span class='ocrx_word' id='word_1_630' title='bbox 1691 4361 1786 4415; x_wconf 84' lang='grc' dir='ltr'><strong>τοῦ</strong></span> <span class='ocrx_word' id='word_1_631' title='bbox 1838 4362 2088 4420; x_wconf 78' lang='grc' dir='ltr'>Ἰωάννου</span> <span class='ocrx_word' id='word_1_632' title='bbox 2127 4362 2223 4417; x_wconf 82' lang='grc' dir='ltr'><strong>τοῦ</strong></span> <span class='ocrx_word' id='word_1_633' title='bbox 2266 4365 2558 4436; x_wconf 84' lang='grc' dir='ltr'>Θεολόγου.</span> <span class='ocrx_word' id='word_1_634' title='bbox 2588 4368 2699 4423; x_wconf 78' lang='grc' dir='ltr'><strong>Καὶ</strong></span> <span class='ocrx_word' id='word_1_635' title='bbox 2755 4370 2992 4439; x_wconf 81' lang='grc' dir='ltr'>παρεκεί</span> <span class='ocrx_word' id='word_1_636' title='bbox 3047 4367 3229 4439; x_wconf 84' lang='grc' dir='ltr'>ὀλίγον</span> <span class='ocrx_word' id='word_1_637' title='bbox 3253 4362 3396 4424; x_wconf 77' lang='grc' dir='ltr'>εἶναι</span> <span class='ocrx_word' id='word_1_638' title='bbox 3421 4369 3603 4433; x_wconf 82' lang='grc' dir='ltr'>ὀναός</span> <span class='ocrx_word' id='word_1_639' title='bbox 3650 4367 3775 4422; x_wconf 83' lang='grc' dir='ltr'>ὀποῦ</span> 
     </span>
    </p>
   </div>
   <div class='ocr_carea' id='block_1_84' title="bbox 524 4454 2511 4536">
    <p class='ocr_par' dir='ltr' id='par_1_84' title="bbox 524 4454 2511 4536">
     <span class='ocr_line' id='line_1_84' title="bbox 524 4454 2511 4536; baseline 0.001 -20"><span class='ocrx_word' id='word_1_640' title='bbox 524 4464 746 4516; x_wconf 77' lang='grc' dir='ltr'>ἔκτισεν</span> <span class='ocrx_word' id='word_1_641' title='bbox 788 4461 816 4512; x_wconf 88' lang='grc' dir='ltr'><strong>ὀ</strong></span> <span class='ocrx_word' id='word_1_642' title='bbox 869 4456 1161 4529; x_wconf 76' lang='grc' dir='ltr'>Σολωμὼν,</span> <span class='ocrx_word' id='word_1_643' title='bbox 1223 4456 1259 4526; x_wconf 83' lang='grc' dir='ltr'><strong>ή</strong></span> <span class='ocrx_word' id='word_1_644' title='bbox 1309 4455 1440 4525; x_wconf 79' lang='grc' dir='ltr'>ἁγία</span> <span class='ocrx_word' id='word_1_645' title='bbox 1479 4454 1639 4524; x_wconf 85' lang='grc' dir='ltr'>Σιὼν,</span> <span class='ocrx_word' id='word_1_646' title='bbox 1684 4459 1719 4529; x_wconf 82' lang='grc' dir='ltr'>ὴ</span> <span class='ocrx_word' id='word_1_647' title='bbox 1772 4458 1955 4529; x_wconf 79' lang='grc' dir='ltr'>μήτηρ</span> <span class='ocrx_word' id='word_1_648' title='bbox 1990 4458 2102 4515; x_wconf 82' lang='grc' dir='ltr'><strong>τῶν</strong></span> <span class='ocrx_word' id='word_1_649' title='bbox 2152 4459 2511 4536; x_wconf 83' lang='grc' dir='ltr'>Ἐκκλησιῶν.</span> 
     </span>
    </p>
   </div>
   <div class='ocr_carea' id='block_1_85' title="bbox 596 4572 2094 4656">
    <p class='ocr_par' dir='ltr' id='par_1_85' title="bbox 596 4572 2094 4642">
     <span class='ocr_line' id='line_1_85' title="bbox 596 4572 2094 4642; baseline -0.002 -9"><span class='ocrx_word' id='word_1_650' title='bbox 596 4578 652 4633; x_wconf 73' lang='grc' dir='ltr'>ὅ.</span> <span class='ocrx_word' id='word_1_651' title='bbox 681 4577 738 4630; x_wconf 77' lang='grc' dir='ltr'><strong>ιη</strong></span> <span class='ocrx_word' id='word_1_652' title='bbox 765 4576 906 4630; x_wconf 84' lang='lat' dir='ltr'><strong>dicta</strong></span> <span class='ocrx_word' id='word_1_653' title='bbox 937 4572 1103 4628; x_wconf 86' lang='lat' dir='ltr'><strong>Sioue</strong></span> <span class='ocrx_word' id='word_1_654' title='bbox 1130 4572 1321 4627; x_wconf 76' lang='lat' dir='ltr'><strong>visitur</strong></span> <span class='ocrx_word' id='word_1_655' title='bbox 1357 4572 1598 4642; x_wconf 76' lang='lat' dir='ltr'><strong>Deiparae</strong></span> <span class='ocrx_word' id='word_1_656' title='bbox 1649 4585 1704 4630; x_wconf 84' lang='lat' dir='ltr'><strong>et</strong></span> <span class='ocrx_word' id='word_1_657' title='bbox 1734 4576 1906 4632; x_wconf 89' lang='lat' dir='ltr'><strong>sancti</strong></span> <span class='ocrx_word' id='word_1_658' title='bbox 1939 4574 2094 4632; x_wconf 85' lang='lat' dir='ltr'><strong>Joan-</strong></span> 
     </span>
    </p>
   </div>
   <div class='ocr_carea' id='block_1_86' title="bbox 2197 4572 3776 4656">
    <p class='ocr_par' dir='ltr' id='par_1_86' title="bbox 2279 4580 3776 4656">
     <span class='ocr_line' id='line_1_86' title="bbox 2279 4580 3776 4656; baseline 0.016 -25"><span class='ocrx_word' id='word_1_659' title='bbox 2279 4587 2350 4651; x_wconf 84' lang='grc' dir='ltr'>γ’.</span> <span class='ocrx_word' id='word_1_660' title='bbox 2409 4581 2587 4637; x_wconf 81' lang='grc' dir='ltr'>Αὐτοῦ</span> <span class='ocrx_word' id='word_1_661' title='bbox 2634 4583 2716 4647; x_wconf 87' lang='grc' dir='ltr'><strong>εἰς</strong></span> <span class='ocrx_word' id='word_1_662' title='bbox 2742 4583 2844 4656; x_wconf 78' lang='grc' dir='ltr'>τὴν</span> <span class='ocrx_word' id='word_1_663' title='bbox 2896 4582 3060 4652; x_wconf 83' lang='grc' dir='ltr'>ἁγίαν</span> <span class='ocrx_word' id='word_1_664' title='bbox 3092 4582 3233 4636; x_wconf 87' lang='grc' dir='ltr'>Σιὼν</span> <span class='ocrx_word' id='word_1_665' title='bbox 3279 4580 3416 4639; x_wconf 75' lang='grc' dir='ltr'>εἶναι</span> <span class='ocrx_word' id='word_1_666' title='bbox 3449 4585 3479 4638; x_wconf 88' lang='grc' dir='ltr'><strong>ὀ</strong></span> <span class='ocrx_word' id='word_1_667' title='bbox 3505 4580 3652 4648; x_wconf 76' lang='grc' dir='ltr'>οἶκος</span> <span class='ocrx_word' id='word_1_668' title='bbox 3681 4582 3776 4652; x_wconf 68' lang='grc' dir='ltr'><strong>τῆς</strong></span> 
     </span>
    </p>
   </div>
   <div class='ocr_carea' id='block_1_87' title="bbox 526 4668 2102 4741">
    <p class='ocr_par' dir='ltr' id='par_1_87' title="bbox 526 4668 2102 4741">
     <span class='ocr_line' id='line_1_87' title="bbox 526 4668 2102 4741; baseline -0.003 -10"><span class='ocrx_word' id='word_1_669' title='bbox 526 4676 618 4731; x_wconf 79' lang='lat' dir='ltr'><strong>nis</strong></span> <span class='ocrx_word' id='word_1_670' title='bbox 645 4670 905 4740; x_wconf 78' lang='lat' dir='ltr'><strong>Theologi</strong></span> <span class='ocrx_word' id='word_1_671' title='bbox 946 4672 1156 4725; x_wconf 86' lang='lat' dir='ltr'><strong>domus.</strong></span> <span class='ocrx_word' id='word_1_672' title='bbox 1184 4668 1266 4723; x_wconf 78' lang='lat' dir='ltr'><strong>lbi</strong></span> <span class='ocrx_word' id='word_1_673' title='bbox 1309 4668 1548 4725; x_wconf 85' lang='lat' dir='ltr'><strong>Joannes</strong></span> <span class='ocrx_word' id='word_1_674' title='bbox 1581 4672 1782 4740; x_wconf 84' lang='lat' dir='ltr'><strong>recepit</strong></span> <span class='ocrx_word' id='word_1_675' title='bbox 1821 4671 2102 4741; x_wconf 88' lang='lat' dir='ltr'><strong>Deiparam</strong></span> 
     </span>
    </p>
   </div>
   <div class='ocr_carea' id='block_1_88' title="bbox 534 4760 2104 4836">
    <p class='ocr_par' dir='ltr' id='par_1_88' title="bbox 534 4760 2104 4836">
     <span class='ocr_line' id='line_1_88' title="bbox 534 4760 2104 4836; baseline -0.003 -12"><span class='ocrx_word' id='word_1_676' title='bbox 534 4773 588 4824; x_wconf 91' lang='lat' dir='ltr'><strong>in</strong></span> <span class='ocrx_word' id='word_1_677' title='bbox 625 4783 741 4822; x_wconf 87' lang='lat' dir='ltr'><strong>sua.</strong></span> <span class='ocrx_word' id='word_1_678' title='bbox 781 4766 838 4819; x_wconf 91' lang='lat' dir='ltr'><strong>lu</strong></span> <span class='ocrx_word' id='word_1_679' title='bbox 894 4766 1053 4817; x_wconf 86' lang='lat' dir='ltr'><strong>domo</strong></span> <span class='ocrx_word' id='word_1_680' title='bbox 1093 4760 1324 4831; x_wconf 79' lang='lat' dir='ltr'><strong>Virginis</strong></span> <span class='ocrx_word' id='word_1_681' title='bbox 1376 4760 1513 4816; x_wconf 80' lang='lat' dir='ltr'><strong>facta</strong></span> <span class='ocrx_word' id='word_1_682' title='bbox 1558 4772 1642 4818; x_wconf 81' lang='lat' dir='ltr'><strong>est</strong></span> <span class='ocrx_word' id='word_1_683' title='bbox 1670 4777 1823 4818; x_wconf 73' lang='lat' dir='ltr'><strong>cmna</strong></span> <span class='ocrx_word' id='word_1_684' title='bbox 1855 4766 2104 4836; x_wconf 86' lang='lat' dir='ltr'><strong>mystica,</strong></span> 
     </span>
    </p>
   </div>
   <div class='ocr_carea' id='block_1_89' title="bbox 526 4853 2106 4927">
    <p class='ocr_par' dir='ltr' id='par_1_89' title="bbox 526 4853 2106 4927">
     <span class='ocr_line' id='line_1_89' title="bbox 526 4853 2106 4927; baseline -0.002 -11"><span class='ocrx_word' id='word_1_685' title='bbox 526 4872 589 4917; x_wconf 83' lang='lat' dir='ltr'><strong>et</strong></span> <span class='ocrx_word' id='word_1_686' title='bbox 620 4861 923 4921; x_wconf 68' lang='lat' dir='ltr'><strong>lavacrum,</strong></span> <span class='ocrx_word' id='word_1_687' title='bbox 970 4863 1025 4908; x_wconf 91' lang='lat' dir='ltr'><strong>et</strong></span> <span class='ocrx_word' id='word_1_688' title='bbox 1063 4854 1341 4907; x_wconf 80' lang='lat' dir='ltr'><strong>descendit</strong></span> <span class='ocrx_word' id='word_1_689' title='bbox 1380 4853 1620 4924; x_wconf 87' lang='lat' dir='ltr'><strong>Spiritus</strong></span> <span class='ocrx_word' id='word_1_690' title='bbox 1654 4868 1877 4911; x_wconf 87' lang='lat' dir='ltr'><strong>sanctus</strong></span> <span class='ocrx_word' id='word_1_691' title='bbox 1910 4858 2106 4927; x_wconf 84' lang='lat' dir='ltr'><strong>linguis</strong></span> 
     </span>
    </p>
   </div>
   <div class='ocr_carea' id='block_1_90' title="bbox 534 4944 2105 5023">
    <p class='ocr_par' dir='ltr' id='par_1_90' title="bbox 534 4944 2105 5023">
     <span class='ocr_line' id='line_1_90' title="bbox 534 4944 2105 5023; baseline -0.005 -14"><span class='ocrx_word' id='word_1_692' title='bbox 534 4953 708 5023; x_wconf 72' lang='lat' dir='ltr'><strong>igneis</strong></span> <span class='ocrx_word' id='word_1_693' title='bbox 737 4950 790 5003; x_wconf 89' lang='lat' dir='ltr'><strong>in</strong></span> <span class='ocrx_word' id='word_1_694' title='bbox 824 4954 1042 5002; x_wconf 83' lang='lat' dir='ltr'><strong>sanctos</strong></span> <span class='ocrx_word' id='word_1_695' title='bbox 1068 4945 1364 5015; x_wconf 82' lang='lat' dir='ltr'><strong>apostolos.</strong></span> <span class='ocrx_word' id='word_1_696' title='bbox 1392 4944 1467 5001; x_wconf 91' lang='lat' dir='ltr'><strong>lbi</strong></span> <span class='ocrx_word' id='word_1_697' title='bbox 1494 4946 1722 5015; x_wconf 88' lang='lat' dir='ltr'><strong>Deipara</strong></span> <span class='ocrx_word' id='word_1_698' title='bbox 1756 4946 2105 5016; x_wconf 85' lang='lat' dir='ltr'><strong>obdormivit,</strong></span> 
     </span>
    </p>
   </div>
   <div class='ocr_carea' id='block_1_91' title="bbox 532 5042 2111 5113">
    <p class='ocr_par' dir='ltr' id='par_1_91' title="bbox 532 5042 2111 5113">
     <span class='ocr_line' id='line_1_91' title="bbox 532 5042 2111 5113; baseline -0.004 -8"><span class='ocrx_word' id='word_1_699' title='bbox 532 5061 588 5106; x_wconf 90' lang='lat' dir='ltr'><strong>et</strong></span> <span class='ocrx_word' id='word_1_700' title='bbox 624 5051 995 5103; x_wconf 85' lang='lat' dir='ltr'><strong>convenerunt</strong></span> <span class='ocrx_word' id='word_1_701' title='bbox 1048 5042 1303 5109; x_wconf 87' lang='lat' dir='ltr'><strong>apostoli,</strong></span> <span class='ocrx_word' id='word_1_702' title='bbox 1350 5058 1514 5113; x_wconf 89' lang='lat' dir='ltr'><strong>super</strong></span> <span class='ocrx_word' id='word_1_703' title='bbox 1567 5045 1740 5100; x_wconf 86' lang='lat' dir='ltr'><strong>nubes</strong></span> <span class='ocrx_word' id='word_1_704' title='bbox 1779 5046 2009 5111; x_wconf 78' lang='lat' dir='ltr'><strong>devecti,</strong></span> <span class='ocrx_word' id='word_1_705' title='bbox 2054 5056 2111 5100; x_wconf 91' lang='lat' dir='ltr'><strong>et</strong></span> 
     </span>
    </p>
   </div>
   <div class='ocr_carea' id='block_1_92' title="bbox 533 5134 2112 5199">
    <p class='ocr_par' dir='ltr' id='par_1_92' title="bbox 533 5134 2112 5199">
     <span class='ocr_line' id='line_1_92' title="bbox 533 5134 2112 5199; baseline -0.003 -1"><span class='ocrx_word' id='word_1_706' title='bbox 533 5137 886 5199; x_wconf 84' lang='lat' dir='ltr'><strong>Gethsemani</strong></span> <span class='ocrx_word' id='word_1_707' title='bbox 925 5136 1085 5191; x_wconf 77' lang='lat' dir='ltr'><strong>funus</strong></span> <span class='ocrx_word' id='word_1_708' title='bbox 1115 5145 1388 5190; x_wconf 86' lang='lat' dir='ltr'><strong>curarunt.</strong></span> <span class='ocrx_word' id='word_1_709' title='bbox 1419 5134 1623 5191; x_wconf 82' lang='lat' dir='ltr'><strong>ibidem</strong></span> <span class='ocrx_word' id='word_1_710' title='bbox 1658 5147 1836 5193; x_wconf 74' lang='lat' dir='ltr'><strong>exetat</strong></span> <span class='ocrx_word' id='word_1_711' title='bbox 1881 5146 1933 5192; x_wconf 89' lang='lat' dir='ltr'><strong>et</strong></span> <span class='ocrx_word' id='word_1_712' title='bbox 1972 5138 2112 5193; x_wconf 89' lang='lat' dir='ltr'><strong>alius</strong></span> 
     </span>
    </p>
   </div>
   <div class='ocr_carea' id='block_1_93' title="bbox 529 5225 2111 5298">
    <p class='ocr_par' dir='ltr' id='par_1_93' title="bbox 529 5225 2111 5298">
     <span class='ocr_line' id='line_1_93' title="bbox 529 5225 2111 5298; baseline -0.004 -11"><span class='ocrx_word' id='word_1_713' title='bbox 529 5231 738 5287; x_wconf 86' lang='lat' dir='ltr'><strong>Christi</strong></span> <span class='ocrx_word' id='word_1_714' title='bbox 800 5241 1008 5283; x_wconf 89' lang='lat' dir='ltr'><strong>carcer.</strong></span> <span class='ocrx_word' id='word_1_715' title='bbox 1053 5225 1254 5281; x_wconf 82' lang='lat' dir='ltr'><strong>Ibidem</strong></span> <span class='ocrx_word' id='word_1_716' title='bbox 1317 5227 1652 5298; x_wconf 83' lang='lat' dir='ltr'><strong>paralyticus</strong></span> <span class='ocrx_word' id='word_1_717' title='bbox 1692 5238 1797 5293; x_wconf 88' lang='lat' dir='ltr'><strong>est,</strong></span> <span class='ocrx_word' id='word_1_718' title='bbox 1838 5228 1930 5297; x_wconf 91' lang='lat' dir='ltr'><strong>qui</strong></span> <span class='ocrx_word' id='word_1_719' title='bbox 1966 5229 2111 5282; x_wconf 83' lang='lat' dir='ltr'><strong>cola-</strong></span> 
     </span>
    </p>
   </div>
   <div class='ocr_carea' id='block_1_94' title="bbox 538 5317 2111 5395">
    <p class='ocr_par' dir='ltr' id='par_1_94' title="bbox 538 5317 2111 5395">
     <span class='ocr_line' id='line_1_94' title="bbox 538 5317 2111 5395; baseline -0.005 -15"><span class='ocrx_word' id='word_1_720' title='bbox 538 5325 706 5395; x_wconf 88' lang='lat' dir='ltr'><strong>phum</strong></span> <span class='ocrx_word' id='word_1_721' title='bbox 740 5320 956 5375; x_wconf 89' lang='lat' dir='ltr'><strong>Christo</strong></span> <span class='ocrx_word' id='word_1_722' title='bbox 1012 5318 1257 5389; x_wconf 80' lang='lat' dir='ltr'><strong>impegit.</strong></span> <span class='ocrx_word' id='word_1_723' title='bbox 1311 5317 1449 5373; x_wconf 89' lang='lat' dir='ltr'><strong>Tum</strong></span> <span class='ocrx_word' id='word_1_724' title='bbox 1486 5319 1788 5389; x_wconf 89' lang='lat' dir='ltr'><strong>sepulcrum</strong></span> <span class='ocrx_word' id='word_1_725' title='bbox 1824 5319 2111 5390; x_wconf 75' lang='lat' dir='ltr'><strong>propheta-</strong></span> 
     </span>
    </p>
   </div>
   <div class='ocr_carea' id='block_1_95' title="bbox 529 5410 2108 5481">
    <p class='ocr_par' dir='ltr' id='par_1_95' title="bbox 529 5410 2108 5481">
     <span class='ocr_line' id='line_1_95' title="bbox 529 5410 2108 5481; baseline -0.002 -11"><span class='ocrx_word' id='word_1_726' title='bbox 529 5432 680 5481; x_wconf 58' lang='lat' dir='ltr'><strong>«utro,</strong></span> <span class='ocrx_word' id='word_1_727' title='bbox 726 5412 949 5468; x_wconf 79' lang='lat' dir='ltr'><strong>Davidis</strong></span> <span class='ocrx_word' id='word_1_728' title='bbox 984 5420 1039 5467; x_wconf 85' lang='lat' dir='ltr'><strong>et</strong></span> <span class='ocrx_word' id='word_1_729' title='bbox 1072 5410 1400 5478; x_wconf 84' lang='lat' dir='ltr'><strong>Salomonis,</strong></span> <span class='ocrx_word' id='word_1_730' title='bbox 1448 5420 1502 5465; x_wconf 87' lang='lat' dir='ltr'><strong>et</strong></span> <span class='ocrx_word' id='word_1_731' title='bbox 1545 5412 1772 5467; x_wconf 86' lang='lat' dir='ltr'><strong>senioris</strong></span> <span class='ocrx_word' id='word_1_732' title='bbox 1812 5410 2108 5476; x_wconf 86' lang='lat' dir='ltr'><strong>Simeonis,</strong></span> 
     </span>
    </p>
   </div>
   <div class='ocr_carea' id='block_1_96' title="bbox 535 5502 2109 5579">
    <p class='ocr_par' dir='ltr' id='par_1_96' title="bbox 535 5502 2109 5579">
     <span class='ocr_line' id='line_1_96' title="bbox 535 5502 2109 5579; baseline -0.003 -15"><span class='ocrx_word' id='word_1_733' title='bbox 535 5504 1037 5579; x_wconf 70' lang='lat' dir='ltr'><strong>etprotomartyris</strong></span> <span class='ocrx_word' id='word_1_734' title='bbox 1069 5503 1351 5574; x_wconf 85' lang='lat' dir='ltr'><strong>Stephani.</strong></span> <span class='ocrx_word' id='word_1_735' title='bbox 1380 5502 1694 5574; x_wconf 72' lang='lat' dir='ltr'><strong>Yisiturque</strong></span> <span class='ocrx_word' id='word_1_736' title='bbox 1723 5504 1920 5559; x_wconf 87' lang='lat' dir='ltr'><strong>ibidem</strong></span> <span class='ocrx_word' id='word_1_737' title='bbox 1948 5504 2109 5575; x_wconf 87' lang='lat' dir='ltr'><strong>lapis,</strong></span> 
     </span>
    </p>
   </div>
   <div class='ocr_carea' id='block_1_97' title="bbox 526 5594 2112 5671">
    <p class='ocr_par' dir='ltr' id='par_1_97' title="bbox 526 5594 2112 5671">
     <span class='ocr_line' id='line_1_97' title="bbox 526 5594 2112 5671; baseline -0.002 -16"><span class='ocrx_word' id='word_1_738' title='bbox 526 5614 700 5671; x_wconf 70' lang='lat' dir='ltr'><strong>quem</strong></span> <span class='ocrx_word' id='word_1_739' title='bbox 750 5597 974 5668; x_wconf 71' lang='lat' dir='ltr'><strong>angelus</strong></span> <span class='ocrx_word' id='word_1_740' title='bbox 1019 5609 1056 5651; x_wconf 86' lang='lat' dir='ltr'><strong>e</strong></span> <span class='ocrx_word' id='word_1_741' title='bbox 1111 5605 1296 5651; x_wconf 88' lang='lat' dir='ltr'><strong>monte</strong></span> <span class='ocrx_word' id='word_1_742' title='bbox 1351 5597 1484 5652; x_wconf 79' lang='lat' dir='ltr'><strong>Sina</strong></span> <span class='ocrx_word' id='word_1_743' title='bbox 1541 5597 1776 5652; x_wconf 79' lang='lat' dir='ltr'><strong>devexit.</strong></span> <span class='ocrx_word' id='word_1_744' title='bbox 1798 5594 1971 5666; x_wconf 80' lang='lat' dir='ltr'><strong>Lapis</strong></span> <span class='ocrx_word' id='word_1_745' title='bbox 2026 5606 2112 5654; x_wconf 85' lang='lat' dir='ltr'><strong>est</strong></span> 
     </span>
    </p>
   </div>
   <div class='ocr_carea' id='block_1_98' title="bbox 539 5685 2149 5762">
    <p class='ocr_par' dir='ltr' id='par_1_98' title="bbox 539 5685 2149 5762">
     <span class='ocr_line' id='line_1_98' title="bbox 539 5685 2149 5762; baseline -0.002 -14"><span class='ocrx_word' id='word_1_746' title='bbox 539 5691 838 5762; x_wconf 68' lang='lat' dir='ltr'><strong>nigricans,</strong></span> <span class='ocrx_word' id='word_1_747' title='bbox 872 5685 1190 5751; x_wconf 70' lang='lat' dir='ltr'><strong>versicolor,</strong></span> <span class='ocrx_word' id='word_1_748' title='bbox 1223 5694 1481 5759; x_wconf 83' lang='lat' dir='ltr'><strong>tantaque</strong></span> <span class='ocrx_word' id='word_1_749' title='bbox 1512 5690 1904 5759; x_wconf 76' lang='lat' dir='ltr'><strong>magnitudine,</strong></span> <span class='ocrx_word' id='word_1_750' title='bbox 1938 5705 2111 5759; x_wconf 89' lang='lat' dir='ltr'><strong>quan-</strong></span> <span class='ocrx_word' id='word_1_751' title='bbox 2142 5708 2149 5715; x_wconf 61' lang='grc' dir='ltr'>ν</span> 
     </span>
    </p>
   </div>
   <div class='ocr_carea' id='block_1_99' title="bbox 542 5781 2110 5851">
    <p class='ocr_par' dir='ltr' id='par_1_99' title="bbox 542 5781 2110 5851">
     <span class='ocr_line' id='line_1_99' title="bbox 542 5781 2110 5851; baseline -0.001 -10"><span class='ocrx_word' id='word_1_752' title='bbox 542 5794 658 5841; x_wconf 79' lang='lat' dir='ltr'><strong>tam</strong></span> <span class='ocrx_word' id='word_1_753' title='bbox 709 5787 868 5840; x_wconf 86' lang='lat' dir='ltr'><strong>homo</strong></span> <span class='ocrx_word' id='word_1_754' title='bbox 898 5781 1042 5837; x_wconf 88' lang='lat' dir='ltr'><strong>ulnis</strong></span> <span class='ocrx_word' id='word_1_755' title='bbox 1093 5783 1349 5851; x_wconf 74' lang='lat' dir='ltr'><strong>expansis</strong></span> <span class='ocrx_word' id='word_1_756' title='bbox 1395 5783 1640 5849; x_wconf 86' lang='lat' dir='ltr'><strong>amplecti</strong></span> <span class='ocrx_word' id='word_1_757' title='bbox 1698 5781 1895 5837; x_wconf 82' lang='lat' dir='ltr'><strong>valeat.</strong></span> <span class='ocrx_word' id='word_1_758' title='bbox 1941 5782 2110 5839; x_wconf 82' lang='lat' dir='ltr'><strong>Distat</strong></span> 
     </span>
    </p>
   </div>
   <div class='ocr_carea' id='block_1_100' title="bbox 2210 4674 3772 4746">
    <p class='ocr_par' dir='ltr' id='par_1_100' title="bbox 2210 4674 3772 4746">
     <span class='ocr_line' id='line_1_100' title="bbox 2210 4674 3772 4746; baseline 0.004 -20"><span class='ocrx_word' id='word_1_759' title='bbox 2210 4674 2501 4742; x_wconf 84' lang='grc' dir='ltr'>Θεοτόκου,</span> <span class='ocrx_word' id='word_1_760' title='bbox 2555 4677 2647 4729; x_wconf 72' lang='grc' dir='ltr'>καὶ</span> <span class='ocrx_word' id='word_1_761' title='bbox 2686 4676 2784 4730; x_wconf 81' lang='grc' dir='ltr'><strong>τοῦ</strong></span> <span class='ocrx_word' id='word_1_762' title='bbox 2834 4677 2994 4746; x_wconf 83' lang='grc' dir='ltr'>ἁγίου</span> <span class='ocrx_word' id='word_1_763' title='bbox 3038 4676 3290 4732; x_wconf 84' lang='grc' dir='ltr'>Ἰωάννου</span> <span class='ocrx_word' id='word_1_764' title='bbox 3345 4677 3439 4730; x_wconf 82' lang='grc' dir='ltr'><strong>τοῦ</strong></span> <span class='ocrx_word' id='word_1_765' title='bbox 3493 4678 3772 4746; x_wconf 81' lang='grc' dir='ltr'>Θεολόγου.</span> 
     </span>
    </p>
   </div>
   <div class='ocr_carea' id='block_1_101' title="bbox 2210 4766 3775 4839">
    <p class='ocr_par' dir='ltr' id='par_1_101' title="bbox 2210 4766 3775 4839">
     <span class='ocr_line' id='line_1_101' title="bbox 2210 4766 3775 4839; baseline 0.001 -18"><span class='ocrx_word' id='word_1_766' title='bbox 2210 4766 2387 4821; x_wconf 81' lang='grc' dir='ltr'>Αὐτοῦ</span> <span class='ocrx_word' id='word_1_767' title='bbox 2434 4767 2774 4837; x_wconf 80' lang='grc' dir='ltr'>ὲπαρὲλασεν</span> <span class='ocrx_word' id='word_1_768' title='bbox 2815 4771 2918 4839; x_wconf 80' lang='grc' dir='ltr'>τὴν</span> <span class='ocrx_word' id='word_1_769' title='bbox 2946 4768 3209 4824; x_wconf 78' lang='grc' dir='ltr'>Θεοτόκον</span> <span class='ocrx_word' id='word_1_770' title='bbox 3250 4771 3278 4824; x_wconf 90' lang='grc' dir='ltr'><strong>ὀ</strong></span> <span class='ocrx_word' id='word_1_771' title='bbox 3314 4769 3569 4839; x_wconf 85' lang='grc' dir='ltr'>Ἰωάννης</span> <span class='ocrx_word' id='word_1_772' title='bbox 3600 4774 3678 4832; x_wconf 81' lang='grc' dir='ltr'>εἰς</span> <span class='ocrx_word' id='word_1_773' title='bbox 3712 4770 3775 4823; x_wconf 80' lang='grc' dir='ltr'><strong>τά</strong></span> 
     </span>
    </p>
   </div>
   <div class='ocr_carea' id='block_1_102' title="bbox 2212 4861 3776 4932">
    <p class='ocr_par' dir='ltr' id='par_1_102' title="bbox 2212 4861 3776 4932">
     <span class='ocr_line' id='line_1_102' title="bbox 2212 4861 3776 4932; baseline 0 -17"><span class='ocrx_word' id='word_1_774' title='bbox 2212 4863 2342 4917; x_wconf 82' lang='grc' dir='ltr'>ῐδια.</span> <span class='ocrx_word' id='word_1_775' title='bbox 2376 4861 2575 4927; x_wconf 76' lang='grc' dir='ltr'>Καθὼς</span> <span class='ocrx_word' id='word_1_776' title='bbox 2613 4864 2765 4932; x_wconf 80' lang='grc' dir='ltr'>λέγει</span> <span class='ocrx_word' id='word_1_777' title='bbox 2808 4864 2837 4916; x_wconf 92' lang='grc' dir='ltr'><strong>ὀ</strong></span> <span class='ocrx_word' id='word_1_778' title='bbox 2892 4862 3296 4931; x_wconf 81' lang='grc' dir='ltr'>Εὑαγγελιστὴς</span> <span class='ocrx_word' id='word_1_779' title='bbox 3318 4878 3332 4891; x_wconf 86' lang='grc'><strong>·</strong></span> <span class='ocrx_word' id='word_1_780' title='bbox 3364 4863 3576 4929; x_wconf 77' lang='grc' dir='ltr'>Γύναι,</span> <span class='ocrx_word' id='word_1_781' title='bbox 3628 4863 3716 4917; x_wconf 69' lang='lat' dir='ltr'><strong>Ida</strong></span> <span class='ocrx_word' id='word_1_782' title='bbox 3746 4863 3776 4915; x_wconf 86' lang='grc' dir='ltr'><strong>ό</strong></span> 
     </span>
    </p>
   </div>
   <div class='ocr_carea' id='block_1_103' title="bbox 2212 4952 3773 5025">
    <p class='ocr_par' dir='ltr' id='par_1_103' title="bbox 2212 4952 3773 5025">
     <span class='ocr_line' id='line_1_103' title="bbox 2212 4952 3773 5025; baseline -0.01 -16"><span class='ocrx_word' id='word_1_783' title='bbox 2212 4956 2343 5021; x_wconf 80' lang='grc' dir='ltr'>υἱός</span> <span class='ocrx_word' id='word_1_784' title='bbox 2373 4970 2491 5009; x_wconf 87' lang='grc' dir='ltr'><strong>σου</strong></span> <span class='ocrx_word' id='word_1_785' title='bbox 2515 4970 2529 4986; x_wconf 82' lang='lat'><strong><em>°</em></strong></span> <span class='ocrx_word' id='word_1_786' title='bbox 2582 4955 2785 5022; x_wconf 81' lang='grc' dir='ltr'>ὁμοίως</span> <span class='ocrx_word' id='word_1_787' title='bbox 2814 4955 2910 5007; x_wconf 87' lang='grc' dir='ltr'><strong>καί</strong></span> <span class='ocrx_word' id='word_1_788' title='bbox 2951 4954 3043 5007; x_wconf 81' lang='grc' dir='ltr'><strong>τὸν</strong></span> <span class='ocrx_word' id='word_1_789' title='bbox 3077 4953 3330 5025; x_wconf 86' lang='grc' dir='ltr'>μαθητήν</span> <span class='ocrx_word' id='word_1_790' title='bbox 3355 4970 3371 4987; x_wconf 77' lang='grc' dir='ltr'><strong><em>ο</em></strong></span> <span class='ocrx_word' id='word_1_791' title='bbox 3413 4954 3559 5011; x_wconf 83' lang='grc' dir='ltr'>Ἰδοὺ</span> <span class='ocrx_word' id='word_1_792' title='bbox 3592 4955 3629 5023; x_wconf 78' lang='grc' dir='ltr'><strong><em>ή</em></strong></span> <span class='ocrx_word' id='word_1_793' title='bbox 3670 4952 3773 5024; x_wconf 71' lang='grc' dir='ltr'><strong>μή-</strong></span> 
     </span>
    </p>
   </div>
   <div class='ocr_carea' id='block_1_104' title="bbox 2214 5044 3772 5116">
    <p class='ocr_par' dir='ltr' id='par_1_104' title="bbox 2214 5044 3772 5116">
     <span class='ocr_line' id='line_1_104' title="bbox 2214 5044 3772 5116; baseline -0.001 -18"><span class='ocrx_word' id='word_1_794' title='bbox 2214 5061 2324 5113; x_wconf 87' lang='grc' dir='ltr'><strong>τηρ</strong></span> <span class='ocrx_word' id='word_1_795' title='bbox 2354 5060 2500 5101; x_wconf 84' lang='grc' dir='ltr'>σου.</span> <span class='ocrx_word' id='word_1_796' title='bbox 2552 5046 2662 5100; x_wconf 74' lang='lat' dir='ltr'><strong>Kal.</strong></span> <span class='ocrx_word' id='word_1_797' title='bbox 2712 5044 2906 5098; x_wconf 77' lang='grc' dir='ltr'>ἐλαϐεν</span> <span class='ocrx_word' id='word_1_798' title='bbox 2951 5046 3125 5116; x_wconf 77' lang='grc' dir='ltr'>αὐτὴν</span> <span class='ocrx_word' id='word_1_799' title='bbox 3174 5047 3254 5110; x_wconf 85' lang='grc' dir='ltr'><strong>είς</strong></span> <span class='ocrx_word' id='word_1_800' title='bbox 3291 5046 3361 5100; x_wconf 83' lang='grc' dir='ltr'>τὰ</span> <span class='ocrx_word' id='word_1_801' title='bbox 3399 5046 3523 5101; x_wconf 85' lang='grc' dir='ltr'>ίδια.</span> <span class='ocrx_word' id='word_1_802' title='bbox 3562 5047 3651 5110; x_wconf 82' lang='grc' dir='ltr'>Είς</span> <span class='ocrx_word' id='word_1_803' title='bbox 3684 5045 3772 5113; x_wconf 72' lang='grc' dir='ltr'>τὴν</span> 
     </span>
    </p>
   </div>
   <div class='ocr_carea' id='block_1_105' title="bbox 2212 5133 3770 5208">
    <p class='ocr_par' dir='ltr' id='par_1_105' title="bbox 2212 5133 3770 5208">
     <span class='ocr_line' id='line_1_105' title="bbox 2212 5133 3770 5208; baseline -0.001 -17"><span class='ocrx_word' id='word_1_804' title='bbox 2212 5136 2378 5205; x_wconf 85' lang='grc' dir='ltr'>ἁγίαν</span> <span class='ocrx_word' id='word_1_805' title='bbox 2440 5136 2721 5201; x_wconf 80' lang='grc' dir='ltr'>Σιὼν,.είς</span> <span class='ocrx_word' id='word_1_806' title='bbox 2778 5137 2871 5190; x_wconf 80' lang='grc' dir='ltr'>τὸν</span> <span class='ocrx_word' id='word_1_807' title='bbox 2904 5133 3055 5190; x_wconf 79' lang='grc' dir='ltr'>οἷκον</span> <span class='ocrx_word' id='word_1_808' title='bbox 3099 5137 3197 5206; x_wconf 82' lang='grc' dir='ltr'>τῆς</span> <span class='ocrx_word' id='word_1_809' title='bbox 3256 5135 3520 5192; x_wconf 84' lang='grc' dir='ltr'>Θεοτόκου</span> <span class='ocrx_word' id='word_1_810' title='bbox 3571 5136 3770 5208; x_wconf 74' lang='grc' dir='ltr'>ἒγίνηό</span> 
     </span>
    </p>
   </div>
   <div class='ocr_carea' id='block_1_106' title="bbox 2208 5225 3764 5300">
    <p class='ocr_par' dir='ltr' id='par_1_106' title="bbox 2208 5225 3764 5300">
     <span class='ocr_line' id='line_1_106' title="bbox 2208 5225 3764 5300; baseline -0.001 -19"><span class='ocrx_word' id='word_1_811' title='bbox 2208 5228 2422 5291; x_wconf 82' lang='grc' dir='ltr'>δεῖπνος</span> <span class='ocrx_word' id='word_1_812' title='bbox 2443 5231 2470 5282; x_wconf 88' lang='grc' dir='ltr'><strong>ὀ</strong></span> <span class='ocrx_word' id='word_1_813' title='bbox 2498 5228 2762 5299; x_wconf 79' lang='grc' dir='ltr'>μυστικὸς</span> <span class='ocrx_word' id='word_1_814' title='bbox 2794 5230 2891 5281; x_wconf 78' lang='grc' dir='ltr'>καὶ</span> <span class='ocrx_word' id='word_1_815' title='bbox 2934 5230 2962 5282; x_wconf 89' lang='grc' dir='ltr'><strong>ὀ</strong></span> <span class='ocrx_word' id='word_1_816' title='bbox 3012 5231 3307 5300; x_wconf 80' lang='grc' dir='ltr'>νιπτῆρας.</span> <span class='ocrx_word' id='word_1_817' title='bbox 3339 5228 3513 5282; x_wconf 80' lang='grc' dir='ltr'>Αὑτοῦ</span> <span class='ocrx_word' id='word_1_818' title='bbox 3542 5225 3764 5295; x_wconf 76' lang='grc' dir='ltr'><strong>ἐκατέση</strong></span> 
     </span>
    </p>
   </div>
   <div class='ocr_carea' id='block_1_107' title="bbox 2210 5319 3766 5392">
    <p class='ocr_par' dir='ltr' id='par_1_107' title="bbox 2210 5319 3766 5392">
     <span class='ocr_line' id='line_1_107' title="bbox 2210 5319 3766 5392; baseline -0.004 -16"><span class='ocrx_word' id='word_1_819' title='bbox 2210 5321 2273 5376; x_wconf 82' lang='grc' dir='ltr'>τὸ</span> <span class='ocrx_word' id='word_1_820' title='bbox 2322 5322 2479 5391; x_wconf 70' lang='grc' dir='ltr'>ἅγιον</span> <span class='ocrx_word' id='word_1_821' title='bbox 2538 5322 2764 5392; x_wconf 86' lang='grc' dir='ltr'>Πνεῦμα</span> <span class='ocrx_word' id='word_1_822' title='bbox 2815 5322 2907 5374; x_wconf 74' lang='grc' dir='ltr'><strong>ἐπὶ</strong></span> <span class='ocrx_word' id='word_1_823' title='bbox 2940 5324 3066 5383; x_wconf 73' lang='grc' dir='ltr'>τοὺς</span> <span class='ocrx_word' id='word_1_824' title='bbox 3115 5320 3306 5389; x_wconf 83' lang='grc' dir='ltr'>ἁγίους</span> <span class='ocrx_word' id='word_1_825' title='bbox 3347 5319 3676 5382; x_wconf 81' lang='grc' dir='ltr'>ἀποστόλους</span> <span class='ocrx_word' id='word_1_826' title='bbox 3713 5320 3766 5369; x_wconf 76' lang='grc' dir='ltr'>ὲν</span> 
     </span>
    </p>
   </div>
   <div class='ocr_carea' id='block_1_108' title="bbox 2216 5413 3759 5487">
    <p class='ocr_par' dir='ltr' id='par_1_108' title="bbox 2216 5413 3759 5487">
     <span class='ocr_line' id='line_1_108' title="bbox 2216 5413 3759 5487; baseline -0.004 -18"><span class='ocrx_word' id='word_1_827' title='bbox 2216 5416 2475 5487; x_wconf 80' lang='grc' dir='ltr'>πυρίναις</span> <span class='ocrx_word' id='word_1_828' title='bbox 2533 5415 2830 5484; x_wconf 85' lang='grc' dir='ltr'>γλώσσαις.</span> <span class='ocrx_word' id='word_1_829' title='bbox 2894 5413 3069 5468; x_wconf 82' lang='grc' dir='ltr'>Αὑτοῦ</span> <span class='ocrx_word' id='word_1_830' title='bbox 3112 5413 3380 5485; x_wconf 78' lang='grc' dir='ltr'>ἐκοιμήθη</span> <span class='ocrx_word' id='word_1_831' title='bbox 3428 5414 3759 5486; x_wconf 73' lang='grc' dir='ltr'>ἡθεοτόκος,</span> 
     </span>
    </p>
   </div>
   <div class='ocr_carea' id='block_1_109' title="bbox 2214 5501 3757 5580">
    <p class='ocr_par' dir='ltr' id='par_1_109' title="bbox 2214 5501 3757 5580">
     <span class='ocr_line' id='line_1_109' title="bbox 2214 5501 3757 5580; baseline -0.005 -18"><span class='ocrx_word' id='word_1_832' title='bbox 2214 5510 2311 5562; x_wconf 82' lang='grc' dir='ltr'>καὶ</span> <span class='ocrx_word' id='word_1_833' title='bbox 2371 5509 2750 5580; x_wconf 75' lang='grc' dir='ltr'>ὲσυνάχθησαν</span> <span class='ocrx_word' id='word_1_834' title='bbox 2802 5510 2855 5564; x_wconf 86' lang='grc' dir='ltr'><strong>οί</strong></span> <span class='ocrx_word' id='word_1_835' title='bbox 2906 5507 3195 5562; x_wconf 76' lang='grc' dir='ltr'>ἀπόστολοι</span> <span class='ocrx_word' id='word_1_836' title='bbox 3235 5507 3342 5561; x_wconf 83' lang='grc' dir='ltr'><strong>ὑπὸ</strong></span> <span class='ocrx_word' id='word_1_837' title='bbox 3383 5505 3636 5575; x_wconf 76' lang='grc' dir='ltr'>νεφελῶν,</span> <span class='ocrx_word' id='word_1_838' title='bbox 3678 5501 3757 5555; x_wconf 67' lang='grc' dir='ltr'>καὶ</span> 
     </span>
    </p>
   </div>
   <div class='ocr_carea' id='block_1_110' title="bbox 2215 5596 3755 5671">
    <p class='ocr_par' dir='ltr' id='par_1_110' title="bbox 2215 5596 3755 5671">
     <span class='ocr_line' id='line_1_110' title="bbox 2215 5596 3755 5671; baseline -0.001 -21"><span class='ocrx_word' id='word_1_839' title='bbox 2215 5598 2516 5669; x_wconf 70' lang='grc' dir='ltr'>ἐκήδευσαν</span> <span class='ocrx_word' id='word_1_840' title='bbox 2543 5600 2603 5652; x_wconf 77' lang='grc' dir='ltr'>τὸ</span> <span class='ocrx_word' id='word_1_841' title='bbox 2628 5599 2798 5671; x_wconf 81' lang='grc' dir='ltr'>αὐτῆς</span> <span class='ocrx_word' id='word_1_842' title='bbox 2821 5600 2977 5669; x_wconf 82' lang='grc' dir='ltr'>σῶμα</span> <span class='ocrx_word' id='word_1_843' title='bbox 3008 5600 3087 5662; x_wconf 86' lang='grc' dir='ltr'><strong>είς</strong></span> <span class='ocrx_word' id='word_1_844' title='bbox 3117 5596 3445 5670; x_wconf 86' lang='grc' dir='ltr'>Γεθσημανῆ</span> <span class='ocrx_word' id='word_1_845' title='bbox 3468 5596 3527 5649; x_wconf 83' lang='grc' dir='ltr'>τὸ</span> <span class='ocrx_word' id='word_1_846' title='bbox 3556 5596 3755 5667; x_wconf 86' lang='grc' dir='ltr'>χωρίον.</span> 
     </span>
    </p>
   </div>
   <div class='ocr_carea' id='block_1_111' title="bbox 2212 5680 3756 5762">
    <p class='ocr_par' dir='ltr' id='par_1_111' title="bbox 2212 5680 3756 5762">
     <span class='ocr_line' id='line_1_111' title="bbox 2212 5680 3756 5762; baseline -0.006 -19"><span class='ocrx_word' id='word_1_847' title='bbox 2212 5690 2390 5743; x_wconf 75' lang='grc' dir='ltr'>Αὐτοῦ</span> <span class='ocrx_word' id='word_1_848' title='bbox 2433 5693 2514 5753; x_wconf 74' lang='grc' dir='ltr'><strong>είς</strong></span> <span class='ocrx_word' id='word_1_849' title='bbox 2554 5690 2655 5761; x_wconf 79' lang='grc' dir='ltr'><strong>τὴν</strong></span> <span class='ocrx_word' id='word_1_850' title='bbox 2684 5691 2847 5756; x_wconf 88' lang='grc' dir='ltr'>ἁγίαν</span> <span class='ocrx_word' id='word_1_851' title='bbox 2881 5690 3020 5744; x_wconf 84' lang='grc' dir='ltr'><strong>Σιὼν</strong></span> <span class='ocrx_word' id='word_1_852' title='bbox 3060 5689 3182 5742; x_wconf 69' lang='grc' dir='ltr'>έναι</span> <span class='ocrx_word' id='word_1_853' title='bbox 3228 5690 3396 5762; x_wconf 77' lang='grc' dir='ltr'>ἑτέρα</span> <span class='ocrx_word' id='word_1_854' title='bbox 3438 5686 3645 5759; x_wconf 67' lang='grc' dir='ltr'>φυλακὴ</span> <span class='ocrx_word' id='word_1_855' title='bbox 3673 5680 3756 5735; x_wconf 81' lang='grc' dir='ltr'><strong>τοῦ</strong></span> 
     </span>
    </p>
   </div>
   <div class='ocr_carea' id='block_1_112' title="bbox 2210 5774 3750 5858">
    <p class='ocr_par' dir='ltr' id='par_1_112' title="bbox 2210 5774 3750 5858">
     <span class='ocr_line' id='line_1_112' title="bbox 2210 5774 3750 5858; baseline -0.006 -20"><span class='ocrx_word' id='word_1_856' title='bbox 2210 5784 2468 5858; x_wconf 77' lang='grc' dir='ltr'>Χριστοῦ.</span> <span class='ocrx_word' id='word_1_857' title='bbox 2523 5784 2702 5840; x_wconf 78' lang='grc' dir='ltr'>Αὐτοῦ</span> <span class='ocrx_word' id='word_1_858' title='bbox 2756 5785 2873 5839; x_wconf 74' lang='grc' dir='ltr'>έναι</span> <span class='ocrx_word' id='word_1_859' title='bbox 2924 5784 2952 5838; x_wconf 94' lang='grc' dir='ltr'><strong>ὀ</strong></span> <span class='ocrx_word' id='word_1_860' title='bbox 3010 5781 3328 5855; x_wconf 86' lang='grc' dir='ltr'>Παράλυτος</span> <span class='ocrx_word' id='word_1_861' title='bbox 3385 5782 3625 5854; x_wconf 76' lang='grc' dir='ltr'>ῥάπισμα</span> <span class='ocrx_word' id='word_1_862' title='bbox 3670 5774 3750 5830; x_wconf 79' lang='grc' dir='ltr'><strong>τοῦ</strong></span> 
     </span>
    </p>
   </div>
  </div>
