4060 6290
402 410 511 478 977

1668 428 1766 491 DE
1794 426 2011 495 LOCIS
2047 431 2134 493 SA
2146 432 2393 499 NCTIS.

3551 443 3672 507 973‘

402 531 644 600 Χριστου
670 552 683 566 ·
714 534 878 593 αὐτοῦ
916 537 1035 594 Eva:
1073 542 1100 595 6
1140 556 1312 612 ταφος
1350 541 1460 598 τῶν
1492 546 1794 616 προφητῶν
1823 549 1976 604 Δαυὶί

2095 550 2224 607 Sion
2276 568 2304 605 a
2340 566 2496 605 sacro
2528 550 2779 620 sepulcro
2826 549 2972 605 mille
3017 566 3226 623 passus.
3278 551 3421 608 Infra
3468 556 3666 612 stadiis

405 625 505 679 καὶ
538 625 812 701 Σολομὼν,
864 630 959 686 καὶ
988 633 1087 687 τοῦ
1126 634 1437 705 πρεσϐύτου
1469 635 1722 710 Συμεῶν,
1761 639 1856 694 καὶ
1886 639 1979 695 τοῦ

405 719 878 793 πρωτομάρτυρος
921 726 1222 797 Στεφάνου.
1258 727 1438 784 Αὐτοῦ
1483 729 1604 785 Eva:
1648 730 1795 797 λίθος
1839 731 1979 788 ὀποῦ

404 810 503 863 τὸν
549 810 744 883 ἔφερεν
774 816 803 869 6
846 814 1081 887 ἄγγελος
1129 819 1238 875 ἀπὸ
1266 820 1361 877 τοῦ
1416 822 1548 877 Σινᾶ
1593 822 1778 895 ὅρους,
1809 826 1906 880 καὶ
1944 827 1977 898 ή

384 899 545 989 ’δχρα
592 904 694 975 τῆς
748 906 953 979 πέτρας
1005 905 1149 967 εἶναι
1210 911 1438 987 κυνωπῆ
1500 916 1849 989 πλουμιστῆ⁸
1887 919 1983 974 καὶ

405 988 549 1048 εἶναι
603 997 817 1070 μεγάλη
868 994 1012 1055 ὥστε
1058 1000 1124 1059 νά
1158 1005 1258 1077 τὴν
1302 988 1980 1082 άναμανίσεινᾶνθρωπος.

418 1083 637 1155 Ἀπέχει
669 1087 776 1142 άπὸ
806 1089 898 1145 τὸν
927 1092 1083 1161 ἅγιον
1107 1094 1281 1166 τάφον
1312 1098 1497 1169 ήάγία
1519 1099 1660 1155 Σιὼν
1692 1102 1872 1171 μίλιον
1899 1109 1971 1158 α’.

415 1174 543 1228 Ἀπ’
562 1178 730 1233 αὐτοῦ
757 1184 853 1236 καὶ
886 1184 1136 1241 κάτωθεν
1164 1191 1354 1245 στάδια
1380 1188 1443 1258 δ’,
1486 1191 1601 1248 Eva:
1622 1195 1650 1248 6
1680 1194 1851 1264 ἀγρὸς
1883 1193 1977 1249 :06

411 1266 719 1339 Κεραμέως
739 1272 820 1338 είς
848 1275 1026 1347 ταφήν
1053 1279 1168 1342 τοῖς
1197 1278 1370 1347 ξένοις
1391 1295 1407 1311 ·
1434 1283 1532 1337 καὶ
1562 1284 1681 1338 ἐκεῖ
1711 1284 1980 1339 θάπτουσι

401 1360 529 1424 τοὺς
554 1363 886 1436 καλογέρους
912 1370 1078 1443 μέχρι
1119 1374 1383 1443 σήμερον,
1419 1377 1516 1430 καὶ
1545 1376 1627 1442 είς
1659 1376 1841 1448 κρίσιν
1875 1377 1980 1433 οὐκ

403 1450 679 1524 ἔρχονται.
725 1459 950 1531 Ἀπέχει
981 1466 1092 1519 ἀπὸ
1149 1464 1244 1519 :06
1279 1466 1435 1535 ἁγίου
1469 1467 1645 1538 τάφου
1698 1467 1877 1538 μίλιον
1908 1466 1979 1525 α’.

410 1544 723 1617 Παρακάτω
739 1545 880 1607 εἶναι
911 1553 972 1607 :6
1006 1556 1224 1630 πηγάδη
1252 1558 1347 1612 :06
1377 1559 1590 1615 δικαίου
1636 1556 1759 1613 ’1ώὸ
1783 1575 1799 1589 ο
1832 1576 1980 1631 παρ-

2091 651 2328 715 quatuor
2350 653 2435 701 est
2463 658 2593 716 ager
2633 642 2827 715 Figuli,
2868 645 2962 715 qui
3001 646 3322 715 sepeliendis
3363 649 3664 718 peregrinis

2090 734 2327 791 deservit
2362 751 2378 790 :
2416 733 2470 790 in
2500 750 2675 806 eoque
2728 736 2797 791 ad
2823 736 2968 793 hunc
2995 736 3135 793 diem
3182 737 3477 794 monachos
3505 752 3661 809 sepe-

2094 826 2251 893 liant,
2288 836 2344 883 et
2395 826 2448 883 in
2483 827 2747 899 Iudicium
2783 844 2889 885 non
2927 829 3166 885 veniunt.
3208 829 3434 885 Distata
3467 840 3661 887 sancto
3747 863 3753 873 α

2089 919 2343 991 sepulcro
2373 921 2523 979 mille
2550 937 2765 993 passus.
2801 921 2947 979 infra
2993 932 3079 980 est
3101 921 3233 994 justi
3271 921 3392 979 Jobi
3444 931 3657 993 puteus,

2086 1011 2357 1085 pauloque
2406 1029 2596 1085 supra,
2640 1029 2832 1072 versus
2867 1013 3204 1078 Jerusalem,
3243 1015 3390 1086 jacet
3433 1014 3661 1073 Siloami

2085 1105 2315 1174 pisrina,
2349 1106 2415 1161 ad
2460 1121 2622 1175 quam
2675 1121 2874 1162 caecum
2923 1107 3162 1163 lavatum
3206 1107 3355 1163 misit
3387 1107 3662 1174 Christus,

2082 1209 2204 1250 cum
2248 1197 2426 1252 dixit:
2457 1197 2578 1264 Abi,
2623 1208 2673 1253 et
2701 1198 2879 1255 lavare
2918 1200 2975 1256 in
3006 1198 3211 1257 Siloam
3237 1200 3296 1267 ’ς
3328 1207 3406 1266 et,
3447 1215 3572 1256 cum
3605 1215 3665 1256 se

2087 1284 2330 1351 lavisset.
2360 1287 2511 1344 vidit.
2539 1288 2717 1346 Distat
2741 1306 2771 1345 a
2806 1305 2966 1348 sacro
2995 1290 3246 1363 sepulcro
3277 1284 3425 1346 mille
3449 1305 3664 1360 passus.

2086 1374 2156 1431 Et
2180 1392 2364 1448 supra,
2401 1380 2597 1438 stadiis
2630 1390 2887 1453 quatuor,
2942 1384 3138 1441 visitur
3168 1382 3355 1440 Jacobi
3386 1382 3661 1465 Adelpho}

2090 1468 2199 1524 tbei
2235 1484 2668 1541 monumentum,
2715 1490 2876 1547 quem
2909 1474 3105 1544 Judaei,
3140 1491 3172 1533 e
3199 1473 3489 1548 pinnacnio
3527 1482 3663 1563 tem-

2088 1559 2160 1629 pli
2194 1561 2513 1633 projectum,
2540 1568 2877 1624 occiderunt.

400 1640 598 1695 απάνω
652 1643 819 1697 αὐτοῦ
870 1646 1010 1717 πρὸς
1055 1648 1157 1719 τὴν
1218 1651 1577 1723 Ἰερουσαλὴμ
1635 1650 1752 1707 έναι
1812 1650 1908 1705 :06
1979 1651 2202 1726 Σιλωὰμ
2259 1655 2294 1725 ή
2364 1656 2742 1733 κολυμϐήθρα,
2796 1663 2932 1716 ὅπου
2994 1662 3313 1718 ἀπέστειλεν
3342 1664 3373 1717 6
3418 1661 3658 1735 Χριστος

399 1730 494 1784 τὸν
522 1732 744 1801 τυφλὸν,
772 1736 867 1790 καὶ
910 1733 1091 1807 εἶπεν,
1149 1736 1403 1812 ’Υπαγε,
1453 1744 1629 1813 νίψαι
1686 1745 1774 1810 εὶς
1806 1740 1915 1797 τὸν
1957 1742 2219 1813 Σιλωὰμ,
2269 1748 2362 1801 καὶ
2404 1730 2702 1821 νιψάμενος
2760 1753 3095 1822 ἀπέϐλεψεν.
3141 1755 3366 1827 Ἀπέχει
3432 1730 3541 1809 ἀπὸ
3566 1754 3660 1807 τὸν

404 1828 561 1897 ἅγιον
591 1830 759 1901 τάφον
789 1834 972 1903 μίλιον
1006 1835 1078 1893 a'.
1106 1837 1427 1909 Παραπάνω
1471 1841 1663 1896 στάδια
1687 1841 1728 1894 6'
1757 1839 1876 1894 εναι
1912 1839 1976 1893 τδ
2020 1844 2288 1913 μνημεῖον
2349 1845 2446 1901 τοῦ
2478 1847 2741 1904 Ἰακώϐου
2771 1851 2866 1905 τοῦ
2930 1851 3311 1924 ’Δδελφοθέου,
3355 1851 3540 1917 καθὼς
3567 1852 3661 1910 :6v

404 1926 636 1999 ερριψαν
674 1931 725 1984 οἱ
757 1930 1006 1989 Ἰουδαῖοι
1036 1935 1145 1990 άπὸ
1186 1937 1247 1992 τὸ
1284 1939 1576 2009 πτερύγιον
1609 1937 1704 1995 :06
1741 1936 1914 2010 ἱεροῦ.
1954 1935 2051 1990 καὶ
2098 1938 2430 1998 ἀπέκτειναν
2456 1946 2639 2003 αὐτόν.

476 2016 541 2075 δ’.
586 2020 650 2075 Ἦ
676 2023 732 2078 δὲ
766 2026 908 2081 κατὰ
937 2028 1209 2097 ἀνατολὰς
1230 2030 1327 2086 :06
1349 2033 1511 2103 ἁγίου
1537 2034 1713 2105 τάφου
1746 2034 1853 2101 ἔξω
1878 2035 1976 2104 τῆς

2149 2034 2205 2091 4.
2237 2035 2405 2094 Extra
2435 2041 2650 2106 urbem,
2680 2059 2875 2101 versus
2894 2045 3164 2102 orientem
3191 2047 3366 2103 sancti
3399 2047 3661 2117 sepulcri,

406 2112 615 2179 πολέως
645 2110 787 2172 εἶναι
814 2119 875 2173 :6
905 2120 1256 2197 Romani],
1293 2127 1429 2182 ὀποῦ
1470 2127 1587 2185 Eva:
1623 2133 1652 2185 6
1677 2129 1851 2200 τάφος
1877 2132 1979 2201 τῆς

403 2206 693 2300 Θεοτόκου.
722 2212 837 2267 Καὶ
864 2215 892 2268 6
917 2215 1042 2279 ναὸς
1072 2214 1189 2273 Eva:
1228 2218 1297 2291 μὲ
1325 2223 1388 2275 :6
1414 2222 1577 2295 δόμα,
1603 2225 1698 2280 καὶ
1738 2227 1772 2297 ή
1799 2225 1981 2300 ὡραία

405 2296 554 2370 πύλη
595 2299 710 2372 ἔχει
741 2303 991 2371 κολόναις
1024 2312 1440 2383 μορμαρεΐναις
1480 2312 1554 2386 η’,
1592 2316 1688 2371 καὶ
1716 2296 1982 2375 κατεδαίξ-

404 2406 505 2456 νης
538 2391 692 2446 κάτω
719 2394 980 2452 σκαλόνια
1010 2407 1125 2472 μη’,
1157 2402 1254 2457 καὶ
1282 2404 1548 2477 εύρίσκης
1576 2406 1670 2463 τὸν
1698 2409 1849 2474 ναδν,
1881 2410 1980 2467 καὶ

405 2484 489 2547 εἰς
521 2484 582 2538 :6
628 2487 794 2557 μέσον
822 2491 915 2543 :06
952 2494 1080 2548 ναοῦ
1135 2489 1277 2551 εἶναι
1314 2499 1667 2557 κουόούκλιον
1699 2503 1977 2577 πέτρινον,

406 2576 504 2629 καὶ
532 2577 699 2647 μέσον
729 2581 822 2636 :06
855 2585 1213 2642 κουὸουκλίου
1248 2586 1394 2646 εἶναι
1429 2593 1457 2646 6
1489 2593 1643 2662 ἅγιος
1683 2598 1855 2668 τάφος
1880 2602 1979 2672 τῆς

406 2668 676 2723 ιιῖεοτόκου
750 2676 1124 2746 μαρμαρέῖνος
1185 2678 1396 2747 λευκὸς,
1449 2684 1817 2755 ὠραιώτατος.
1870 2668 1979 2747 Καὶ

406 2760 741 2831 κρέμουνται
789 2766 1084 2840 κανδήλαις
1123 2778 1215 2842 ιη’.
1242 2775 1420 2829 Αὐτοῦ
1454 2777 1567 2848 ἔχει
1610 2781 1741 2849 μίαν
1771 2783 1979 2855 πόρταν

402 2853 791 2948 κεκλεισμένη.
826 2860 937 2914 Καὶ
962 2864 1029 2934 τῇ
1061 2864 1293 2940 δευτέρᾳ
1326 2871 1601 2944 παρουσίᾳ
1642 2874 1736 2928 τοῦ
1768 2853 1976 2948 Κύρίου

404 2946 595 3016 μέλλει
624 2950 690 3004 νά
737 2954 879 3025 ῥυγῇ
914 2954 944 3009 6
998 2957 1227 3029 πύρινος
1266 2964 1515 3034 ποταμὸς
1541 2965 1631 3021 διά
1664 2969 1792 3034 τοὺς
1825 2946 1981 3041 adipe-

399 3042 613 3110 τικοὺς,
676 3044 773 3100 καὶ
825 3048 1209 3121 ἁμαρτωλοὺς,
1258 3054 1405 3121 ὅπως
1457 3060 1557 3131 τὴν
1594 3060 1976 3133 βλασφημοῢν.

402 3136 579 3189 Αὐτοῦ
629 3140 902 3210 συμπλίον
938 3142 1057 3198 έναι
1128 3145 1191 3199 τὸ
1243 3148 1517 3219 Σπήλαιον
1566 3153 1699 3207 ὅπου
1758 3152 1890 3227 ἦτον
1951 3163 1979 3213 6

404 3226 641 3321 Χριπτος
686 3231 755 3301 μὲ
784 3234 911 3299 τοὺς
958 3236 1149 3306 ἁγίους
1202 3239 1534 3309 ἀποστόλους
1569 3250 1977 3321 κεκρυμμένος,

404 3322 501 3374 καὶ
539 3318 609 3394 τῇ
648 3327 805 3380 νυκτὶ
861 3329 1046 3403 ἐκείνῃ
1108 3332 1318 3404 ἐπῆγεν
1345 3339 1426 3401 είς
1454 3338 1547 3393 τὸν
1592 3318 1807 3410 κῆπον,
1831 3346 1923 3398 καὶ
1951 3348 1977 3399 6

400 3411 602 3477 Ἰούδας
628 3418 657 3471 6
687 3419 958 3492 προδότης
984 3422 1151 3494 ἔφερε
1171 3426 1271 3498 τὴν
1301 3431 1531 3500 σπείραν
1557 3433 1666 3489 τῶν
1705 3434 1978 3492 Ἰουδαίων

403 3504 504 3558 καὶ
532 3505 771 3599 ἐπίασαν
798 3512 889 3565 τὸν
919 3515 1150 3585 Κύριον,
1174 3519 1269 3573 καὶ
1320 3521 1559 3593 φιλήσας
1583 3524 1769 3594 αὑτὸν,
1801 3527 1976 3599 εἶπεν,

401 3596 598 3666 Xaips,
617 3598 819 3671 Ῥα6ὴ.
844 3603 875 3657 ὃ
894 3604 1149 3679 λέγεται,
1170 3611 1507 3670 Διδάσκαλε
1524 3633 1538 3649 ’
1568 3619 1662 3673 καὶ
1688 3596 1977 3677 ἁπλὼσανέ

399 3706 493 3754 τες
541 3695 588 3786 οί
629 3693 872 3753 Ἰουδαῖοι
909 3700 1008 3765 τὰς
1038 3704 1229 3775 χεῖρας
1282 3709 1584 3766 συνέλασαν
1616 3713 1709 3768 τὸν
1746 3716 1974 3786 Κύριον,

402 3783 501 3836 καὶ
552 3785 815 3857 δήσαντες
849 3791 1014 3847 αὐτὸν
1056 3795 1346 3867 ἀπήγαγον
1394 3803 1475 3866 είς
1526 3805 1655 3869 τοὺς
1700 3783 1979 3880 ἀρχιερεῖς

402 3878 610 3938 αὐτῶν.
648 3881 884 3955 Ἐκοψεν
913 3887 941 3940 6
975 3888 1191 3962 Πέτρος
1231 3890 1292 3946 :6
1322 3893 1483 3949 ὠτίον
1522 3899 1765 3971 Μάλχου.
1798 3878 1978 3975 Παρε-

405 3972 496 4023 κεί
528 3972 709 4043 ὀλίγον
737 3976 902 4032 τόπον
925 3975 1069 4035 εῖναι
1094 3985 1123 4037 6
1150 3984 1334 4051 τόπος,
1361 3989 1496 4043 ὀποῦ
1523 3972 1921 4066 ὲπροσεύχετον
1949 4001 1979 4054 6

403 4066 662 4136 Χριστός.
690 4070 930 4144 [lagest
946 4074 1129 4146 ὀλίγον
1150 4074 1291 4135 εἴναι
1320 4081 1349 4135 6
1379 4082 1528 4149 λίθος
1558 4086 1693 4141 όπού
1721 4089 1977 4147 ἐκάθισεν

401 4163 498 4254 aia”:
516 4152 711 4219 ἔσλεπε
727 4165 826 4239 τὴν
840 4167 1219 4244 Ἰερουσαλὴμ,
1235 4174 1329 4228 καὶ
1347 4170 1501 4232 εἶπεν
1524 4196 1539 4212 ο
1558 4179 1861 4250 ἰερουσαλ
1870 4185 1971 4254 im,

410 4250 834 4330 Ἰερουσαλὴμ,
860 4262 899 4331 ἡ
920 4262 1331 4321 ἀποκτείνασα
1358 4269 1502 4337 τοὺς
1515 4275 1848 4345 προφήτας,

398 4353 805 4410 λιθοϐολοῦσα
843 4356 984 4425 τοὺς
1008 4360 1525 4433 ἀπεσταλμένους,
1553 4369 1812 4438 ποσάκις
1838 4375 1978 4442 ἠθέ-

399 4448 567 4514 λησα
584 4449 953 4521 συναγαγεῖν
979 4452 1051 4508 τὰ
1073 4453 1258 4511 τέκνα
1286 4471 1405 4513 σου
1426 4475 1447 4526 ;
1467 4459 1562 4516 καὶ
1588 4463 1750 4518 πάλιν
1774 4460 1930 4522 εἶπεν
1958 4486 1972 4503 ·

413 4537 572 4593 Ἰδοὺ
584 4538 822 4610 ἀφίεται
841 4544 875 4597 ό
884 4538 1046 4612 οἶκος
1061 4544 1234 4616 ὑμῶν
1248 4548 1486 4619 ἕρημος,
1507 4553 1605 4607 καὶ
1634 4555 1708 4611 οὑ
1723 4555 1811 4626 μὴ
1826 4559 1978 4628 μίνα

399 4632 576 4700 λίθος
602 4633 703 4689 ἐπὶ
738 4634 933 4692 λίθον.
990 4638 1212 4712 Ἀπέχει
1262 4642 1295 4716 ή
1347 4643 1679 4721 Γεθσημανεί]
1729 4649 1839 4704 ἀπὸ
1880 4654 1974 4708 τὸν

399 4726 558 4794 ἅγιον
588 4726 760 4797 τάφον
784 4727 959 4798 μιλίον
978 4727 1050 4787 α’.

467 4825 535 4875 ε’.
567 4822 677 4877 Καὶ
706 4822 901 4877 άπάνω
935 4824 1033 4894 τῆς
1064 4824 1425 4899 Γεθημανῆς
1458 4829 1575 4887 έναι
1604 4833 1666 4888 :6
1706 4833 1833 4907 ὅρος
1862 4838 1973 4895 τῶν

409 4914 658 4982 Ἐλαιῶν,
701 4914 839 4971 ὁποῦ
868 4915 1141 4990 ἀνελήφθη
1194 4918 1221 4971 6
1257 4920 1493 4990 Χριστὸς
1520 4927 1602 4990 εἰς
1641 4929 1769 4991 τοὺς
1800 4931 1969 5001 ούρα-

396 5007 543 5075 νούς.
578 5008 690 5064 Καὶ
734 5008 851 5081 ἔχει
881 5011 1007 5064 ναὸν
1053 5014 1410 5086 παμμεγέθη.
1445 5018 1554 5072 Kal.
1583 5020 1665 5083 είς
1707 5023 1772 5075 :6
1806 5025 1970 5092 μέσον

394 5099 494 5155 τοῦ
537 5101 668 5157 ναοῦ
709 5099 852 5157 εἶναι
899 5103 1253 5159 κουῦούκλιον
1289 5107 1544 5180 πέτρινον
1591 5112 1967 5184 ὡραιώτατον,

397 5194 495 5249 καὶ
522 5192 637 5265 ἔχει
669 5194 917 5258 κολόναις
956 5198 1363 5267 μαρμαρετναις
1398 5197 1481 5266 ιε’,
1516 5204 1611 5256 καὶ
1638 5206 1719 5267 είς
1748 5206 1974 5278 τὴν’μέ..

400 5302 503 5354 σην
536 5284 629 5339 τοῦ
661 5284 1019 5340 κουὸουκλίου
1053 5286 1173 5342 έναι
1197 5288 1259 5341 :6
1291 5289 1521 5361 πάτημα
1564 5292 1659 5346 :06
1707 5297 1970 5367 Χριστοῦ,

401 5376 775 5450 βουλλωμένον
822 5381 901 5443 εἰς
947 5380 1047 5451 τὴν
1098 5382 1337 5452 πέτραν,
1388 5385 1523 5439 ὀποῦ
1554 5390 1849 5460 ἐπάτησεν,
1878 5396 1973 5445 καὶ

402 5470 682 5543 ἀνελήφθη
716 5473 795 5536 είς
818 5474 943 5537 τοὺς
972 5474 1260 5544 οὐρανοὺς,
1299 5479 1393 5530 καὶ
1415 5481 1751 5549 κρεμοῦνται
1776 5485 1974 5555 κανδή-

400 5564 523 5628 λαις
544 5562 586 5617 6'
614 5565 953 5637 άκοιμήταις
974 5583 988 5596 ·
1030 5569 1463 5637 καταϐαίνοντας
1501 5575 1652 5629 κάτω
1684 5579 1879 5633 σκαλία
1905 5577 1970 5647 λ’,

403 5659 523 5711 έναι
549 5657 767 5729 ότάφος
801 5657 904 5728 τῆς
940 5657 1100 5733 ἀγρίας
1136 5661 1429 5731 Πελαγίας.
1470 5666 1578 5721 Kal
1617 5667 1792 5722 λείπει
1817 5672 1845 5723 6
1874 5671 1972 5725 τά-

413 5765 512 5820 φος
539 5746 647 5803 άπὸ
676 5749 769 5803 τὸν
807 5751 985 5821 τοῖχον
1010 5752 1207 5823 ήμισὲν
1239 5754 1464 5826 χοάριον
1493 5756 1806 5831 ἀνθρώπου.
1838 5761 1972 5817 Ἀπὸ

2083 2134 2163 2182 est
2188 2126 2575 2197 Gethscmane,
2632 2134 2683 2188 in
2735 2150 2844 2205 quo
2895 2148 2981 2193 est
3026 2137 3335 2209 sepulcrum
3395 2138 3658 2207 Deiparar.

2084 2218 2289 2278 habens
2340 2225 2483 2280 aedes
2533 2243 2797 2286 annexas.
2846 2231 3004 2287 Porta
3059 2234 3305 2302 speciosa
3351 2232 3517 2289 habet
3564 2250 3659 2288 cu-

2081 2310 2296 2372 lumnas
2328 2332 2661 2376 marmoreas
2688 2332 2837 2387 octo,
2880 2333 2956 2390 et,
2989 2339 3112 2380 cum
3142 2325 3496 2381 descenderis
3531 2341 3658 2395 gra-

2081 2405 2182 2460 dus
2235 2409 2590 2481 quadraginta
2623 2422 2771 2478 octo,
2806 2416 3062 2485 templum
3114 2416 3342 2486 reperis,
3376 2426 3431 2472 et
3461 2417 3514 2471 in
3549 2433 3662 2471 me-

2081 2494 2175 2549 dio
2207 2498 2405 2569 templo
2434 2500 2741 2558 cubiculum
2774 2505 3061 2576 lapideum,
3111 2518 3165 2563 et
3212 2506 3267 2562 in
3300 2507 3481 2563 medio
3508 2507 3660 2562 cubi-

2083 2585 2206 2640 culo
2267 2597 2514 2644 sanctum
2554 2593 2866 2662 sepulcrum
2932 2595 3202 2667 Deiparaa,
3264 2611 3656 2663 marmoreum,

2081 2679 2393 2749 candidum,
2417 2685 2843 2754 pulcherrimum
2878 2707 2894 2744 :
2930 2691 3272 2761 pendentque
3317 2691 3481 2747 ineo
3518 2692 3656 2748 lam-

2081 2774 2247 2839 pades
2280 2776 2600 2834 octodecim.
2635 2779 2841 2835 Ibidem
2876 2782 3085 2851 adjacet
3130 2782 3298 2854 janua
3354 2783 3558 2848 clausa,
3590 2800 3654 2839 ex

2081 2878 2212 2934 qua,
2244 2869 2484 2925 secundo
2516 2870 2714 2928 Christi
2765 2859 3022 2941 adventu,
3059 2875 3204 2933 foras
3236 2891 3549 2933 emersurus
3576 2888 3660 2932 es:

2082 2958 2275 3029 igneus
2324 2960 2520 3019 ﬂuvius
2567 2965 2828 3023 adversus
2873 2969 3158 3029 haereticos
3197 2980 3253 3025 et
3318 2980 3656 3039 peccatores,

2083 3054 2175 3120 qui
2220 3065 2337 3106 eam
2372 3054 2633 3112 conviciis
2693 3067 2749 3113 et
2779 3060 3081 3117 maledictis
3132 3061 3391 3117 lacerant.
3420 3062 3496 3119 ibi
3531 3078 3660 3134 pro-

2083 3159 2148 3213 pe
2184 3156 2263 3201 esl
2295 3148 2571 3217 spelunca,
2604 3152 2659 3206 in
2710 3167 2871 3223 quam
2906 3169 2965 3208 se
3000 3155 3250 3213 Christus
3291 3172 3412 3211 cum
3454 3157 3660 3213 sanctis

2084 3239 2345 3308 apostolis
2371 3242 2596 3312 abdidit,
2634 3255 2690 3301 et
2737 3258 2895 3304 nocte
2921 3248 3012 3304 illa
3044 3252 3272 3307 secessit
3322 3250 3374 3305 in
3413 3251 3654 3318 hortum,

2083 3341 2138 3387 et
2187 3330 2353 3389 Iudas
2398 3339 2643 3407 proditor
2686 3341 2866 3393 attulit
2903 3340 3181 3397 cohortem
3228 3340 3540 3399 Iudaeorum
3587 3344 3653 3398 ad

2082 3423 2404 3489 capiendum
2437 3426 2760 3492 Dominum;
2792 3439 2844 3481 et
2867 3431 3143 3484 osculatus
3172 3446 3292 3485 eum
3325 3431 3463 3486 dixit
3491 3433 3655 3499 :Ave,

2085 3516 2292 3586 Rabbi;
2315 3525 2453 3592 quod
2483 3535 2653 3591 natat,
2684 3523 2941 3595 Magister
2966 3525 3008 3580 ³.
3032 3524 3095 3580 Et
3118 3528 3359 3582 extensis
3385 3528 3655 3592 manibus,

2079 3609 2250 3668 Judaei
2280 3616 2807 3683 comprehenderunt
2854 3616 3163 3685 Dominum,
3211 3618 3499 3691 ligatisque
3541 3634 3660 3676 mae

2083 3704 2242 3761 nibus
2271 3706 2610 3762 adduxerunt
2662 3723 2785 3764 eum
2830 3709 2895 3764 ad
2939 3709 3209 3779 principes
3262 3712 3602 3767 sacerdotum
3636 3730 3652 3745 ο

2081 3798 2155 3853 ibi
2190 3796 2380 3855 Petrus
2409 3800 2708 3857 auriculam
2756 3801 2951 3857 Malchi
2981 3803 3234 3859 abscidit.
3282 3804 3393 3859 Nec
3424 3805 3651 3860 multum

2080 3891 2246 3945 distat
2272 3890 2443 3957 locus,
2490 3892 2544 3948 in
2573 3908 2681 3963 quo
2724 3895 2975 3951 Christus
3017 3897 3235 3951 oravit:
3266 3895 3654 3966 paululumque

2080 3991 2203 4052 post
2238 3985 2484 4053 sequitur
2512 3983 2668 4056 lapis,
2699 4001 2863 4055 super
2894 4002 3002 4057 quo
3033 3987 3191 4053 sedit,
3233 3989 3529 4058 vidensque
3557 3988 3652 4044 Je-

2080 4074 2339 4143 rusalem,
2372 4075 2509 4131 dixit
2541 4093 2558 4134 :
2600 4077 2920 4142 Jerusalem,
2952 4077 3272 4145 Jerusalem,
3298 4096 3415 4151 qua:
3458 4080 3665 4136 occidis-

2078 4171 2375 4236 prophetas,
2392 4180 2439 4225 et
2463 4170 2667 4241 lepidas
2691 4172 2878 4227 missos
2906 4187 2924 4227 .'
2948 4174 3148 4236 quoties
3181 4173 3318 4229 volui
3342 4190 3657 4245 congregare

2077 4262 2217 4332 ﬁlios
2244 4272 2362 4317 tuos
2385 4261 2441 4319 ιι
2470 4272 2526 4319 et
2555 4265 2684 4319 item
2708 4265 2845 4320 dixit
2883 4284 2898 4321 :
2947 4266 3099 4329 Ecce,
3130 4267 3446 4337 relinquetur
3467 4269 3652 4321 domus

2076 4365 2247 4411 vestra
2273 4355 2559 4421 deserta,et
2578 4375 2682 4413 non
2709 4361 2994 4414 remanebit
3024 4359 3159 4430 lapis
3182 4377 3339 4431 super
3360 4361 3585 4430 lapidem
3607 4364 3650 4419 ⁸.

2077 4449 2255 4507 Distat
2305 4449 2658 4507 Gcthsemani
2714 4466 2747 4507 a
2803 4468 2963 4510 sacro
3017 4453 3266 4524 sepulcro
3327 4454 3475 4511 mille
3530 4471 3659 4526 pas-

2151 4832 2206 4889 5.
2240 4830 2417 4903 Super
2445 4833 2799 4889 Gethsemani
2828 4843 2913 4889 est
2945 4849 3098 4888 mons
3126 4834 3422 4903 Olivarum,
3454 4850 3521 4892 cx
3546 4851 3654 4913 quo

2079 4922 2329 4980 Christus
2361 4926 2412 4978 in
2466 4925 2662 4978 caelum
2698 4935 3005 4993 assumptus
3026 4935 3129 4991 est,
3173 4928 3409 4980 maximo
3454 4924 3651 5008 temp'o

2078 5018 2425 5089 conspicuus.
2474 5020 2532 5072 in
2584 5018 2759 5073 medio
2805 5019 3003 5086 templo
3037 5027 3121 5074 est
3154 5019 3463 5075 cubiculum
3511 5021 3650 5090 lapi-

2078 5112 2240 5167 deum
2313 5112 2734 5180 pulcherrimum
2796 5127 2917 5166 cum
2996 5113 3263 5168 columnis
3328 5114 3651 5169 marmoreis

2075 5204 2406 5274 quindecim,
2438 5212 2488 5259 et
2532 5203 2583 5257 in
2611 5203 2789 5258 medio
2815 5202 3065 5259 cubiculo
3099 5214 3182 5258 est
3213 5204 3405 5273 plantae
3441 5203 3647 5261 Christi

2074 5297 2384 5368 vestigium,
2438 5297 2599 5365 lapidi
2647 5296 2912 5357 inﬁxum.
2962 5312 3125 5366 quem
3178 5298 3268 5352 ille
3317 5299 3646 5363 calcaverat,

2076 5403 2197 5444 cum
2235 5401 2610 5445 assumeretur
2660 5389 2713 5443 in
2763 5389 2961 5443 omium
2993 5406 3007 5443 :
3043 5400 3098 5444 et
3146 5394 3380 5458 pendent
3410 5401 3648 5458 quatuor

2073 5483 2349 5554 lampades
2381 5482 2747 5536 inexstinctaa.
2796 5480 2940 5536 inira
2989 5483 3188 5553 gratius
3225 5484 3444 5553 triginta
3473 5486 3649 5540 cerni-

2077 5587 2161 5632 tur
2188 5586 2389 5631 sanctae
2412 5576 2637 5646 Pclagiae
2665 5574 2995 5643 sepulcrum,
3026 5590 3056 5630 a
3087 5591 3236 5631 muro
3264 5578 3437 5632 media
3464 5579 3643 5646 planta

2075 5669 2297 5725 humani
2342 5667 2493 5739 pedis
2538 5671 2875 5741 sejunctum;
2916 5672 2959 5725 si
2994 5672 3114 5739 quis
3158 5671 3211 5726 in
3238 5672 3470 5741 spatium
3516 5674 3656 5731 illud

2073 5763 2217 5820 inter
2256 5778 2472 5820 murum
2507 5772 2560 5818 et
2590 5763 2895 5835 sepulcrum
2931 5763 3252 5834 ingreditur,
3280 5765 3457 5819 statim
3494 5780 3645 5821 com-

479 5894 500 5925 ’
525 5888 679 5948 Joan.
706 5904 780 5959 Ix,
811 5892 864 5947 7.
942 5890 1173 5951 'Matth.
1209 5912 1358 5965 xxvi,
1401 5897 1488 5954 49.
1566 5898 1587 5931 ⁸
1616 5897 1744 5955 Luc.
1782 5917 1898 5959 xm.
1932 5901 1976 5956 3-

2098 5903 2119 5936 ⁸
2152 5900 2343 5960 Matth.
2375 5918 2530 5958 xxm.
2566 5902 2655 5956 38.
