  <div class='ocr_page' id='page_1' title='image "/cluster/home/n/w/nwhite01/storage/ocr_20150623/133/mdp.39015078384230/497.png"; bbox 0 0 3988 6284; ppageno 0'>
   <div class='ocr_carea' id='block_1_1' title="bbox 461 367 566 433">
    <p class='ocr_par' dir='ltr' id='par_1_1' title="bbox 461 367 566 433">
     <span class='ocr_line' id='line_1_1' title="bbox 461 367 566 433; baseline -0.019 0"><span class='ocrx_word' id='word_1_1' title='bbox 461 367 566 433; x_wconf 79' lang='lat'><strong>979</strong></span> 
     </span>
    </p>
   </div>
   <div class='ocr_carea' id='block_1_2' title="bbox 1901 389 2255 454">
    <p class='ocr_par' dir='ltr' id='par_1_2' title="bbox 1901 389 2255 454">
     <span class='ocr_line' id='line_1_2' title="bbox 1901 389 2255 454; baseline 0.008 -4"><span class='ocrx_word' id='word_1_2' title='bbox 1901 389 2255 454; x_wconf 79' lang='grc' dir='ltr'><strong>ΑΝΟΝΥΜΙ</strong></span> 
     </span>
    </p>
   </div>
   <div class='ocr_carea' id='block_1_3' title="bbox 3603 405 3703 472">
    <p class='ocr_par' dir='ltr' id='par_1_3' title="bbox 3603 405 3703 472">
     <span class='ocr_line' id='line_1_3' title="bbox 3603 405 3703 472; baseline 0.05 -4"><span class='ocrx_word' id='word_1_3' title='bbox 3603 405 3703 472; x_wconf 81' lang='lat'><strong>980</strong></span> 
     </span>
    </p>
   </div>
   <div class='ocr_carea' id='block_1_4' title="bbox 461 483 2031 584">
    <p class='ocr_par' dir='ltr' id='par_1_4' title="bbox 461 483 2031 569">
     <span class='ocr_line' id='line_1_4' title="bbox 461 483 2031 569; baseline 0.016 -36"><span class='ocrx_word' id='word_1_4' title='bbox 461 483 761 550; x_wconf 82' lang='lat' dir='ltr'><strong>prehensus</strong></span> <span class='ocrx_word' id='word_1_5' title='bbox 806 485 1123 558; x_wconf 72' lang='lat' dir='ltr'><strong>detinetur;</strong></span> <span class='ocrx_word' id='word_1_6' title='bbox 1180 501 1258 562; x_wconf 88' lang='lat' dir='ltr'><strong>et,</strong></span> <span class='ocrx_word' id='word_1_7' title='bbox 1310 494 1364 550; x_wconf 88' lang='lat' dir='ltr'><strong>ni</strong></span> <span class='ocrx_word' id='word_1_8' title='bbox 1420 497 1570 569; x_wconf 88' lang='lat' dir='ltr'><strong>prius</strong></span> <span class='ocrx_word' id='word_1_9' title='bbox 1623 499 1822 559; x_wconf 81' lang='lat' dir='ltr'><strong>delicta</strong></span> <span class='ocrx_word' id='word_1_10' title='bbox 1854 503 2031 560; x_wconf 82' lang='lat' dir='ltr'><strong>omnia</strong></span> 
     </span>
    </p>
   </div>
   <div class='ocr_carea' id='block_1_5' title="bbox 2139 483 3706 584">
    <p class='ocr_par' dir='ltr' id='par_1_5' title="bbox 2140 506 3706 584">
     <span class='ocr_line' id='line_1_5' title="bbox 2140 506 3706 584; baseline 0.007 -22"><span class='ocrx_word' id='word_1_11' title='bbox 2140 506 2232 562; x_wconf 83' lang='lat' dir='ltr'><em>:6v</em></span> <span class='ocrx_word' id='word_1_12' title='bbox 2271 509 2450 580; x_wconf 78' lang='grc' dir='ltr'>τοῖχον</span> <span class='ocrx_word' id='word_1_13' title='bbox 2502 507 2841 581; x_wconf 79' lang='grc' dir='ltr'>ἐμπένοντας</span> <span class='ocrx_word' id='word_1_14' title='bbox 2886 511 2914 567; x_wconf 99' lang='lat'><strong>6</strong></span> <span class='ocrx_word' id='word_1_15' title='bbox 2956 512 3244 584; x_wconf 81' lang='grc' dir='ltr'>ἄνθρωπος</span> <span class='ocrx_word' id='word_1_16' title='bbox 3279 512 3452 570; x_wconf 81' lang='grc' dir='ltr'>διεκεῖ</span> <span class='ocrx_word' id='word_1_17' title='bbox 3491 521 3706 574; x_wconf 65' lang='lat' dir='ltr'><strong>notave-</strong></span> 
     </span>
    </p>
   </div>
   <div class='ocr_carea' id='block_1_6' title="bbox 458 577 2033 665">
    <p class='ocr_par' dir='ltr' id='par_1_6' title="bbox 458 577 2033 665">
     <span class='ocr_line' id='line_1_6' title="bbox 458 577 2033 665; baseline 0.015 -37"><span class='ocrx_word' id='word_1_18' title='bbox 458 589 554 629; x_wconf 85' lang='lat' dir='ltr'><strong>sua</strong></span> <span class='ocrx_word' id='word_1_19' title='bbox 593 577 1020 638; x_wconf 82' lang='lat' dir='ltr'><strong>confessionario</strong></span> <span class='ocrx_word' id='word_1_20' title='bbox 1053 584 1231 642; x_wconf 79' lang='lat' dir='ltr'><strong>fassus</strong></span> <span class='ocrx_word' id='word_1_21' title='bbox 1264 586 1443 656; x_wconf 81' lang='lat' dir='ltr'><strong>fuerit,</strong></span> <span class='ocrx_word' id='word_1_22' title='bbox 1475 604 1753 665; x_wconf 74' lang='lat' dir='ltr'><strong>nunquam</strong></span> <span class='ocrx_word' id='word_1_23' title='bbox 1786 597 2033 653; x_wconf 81' lang='lat' dir='ltr'><strong>excedet.</strong></span> 
     </span>
    </p>
   </div>
   <div class='ocr_carea' id='block_1_7' title="bbox 455 666 2036 752">
    <p class='ocr_par' dir='ltr' id='par_1_7' title="bbox 455 666 2036 752">
     <span class='ocr_line' id='line_1_7' title="bbox 455 666 2036 752; baseline 0.017 -31"><span class='ocrx_word' id='word_1_24' title='bbox 455 666 539 723; x_wconf 87' lang='lat' dir='ltr'><strong>lbi</strong></span> <span class='ocrx_word' id='word_1_25' title='bbox 570 682 652 725; x_wconf 84' lang='lat' dir='ltr'><strong>est</strong></span> <span class='ocrx_word' id='word_1_26' title='bbox 677 673 897 739; x_wconf 81' lang='lat' dir='ltr'><strong>cellula,</strong></span> <span class='ocrx_word' id='word_1_27' title='bbox 940 677 991 730; x_wconf 92' lang='lat' dir='ltr'><strong>in</strong></span> <span class='ocrx_word' id='word_1_28' title='bbox 1032 692 1134 748; x_wconf 87' lang='lat' dir='ltr'><strong>qua</strong></span> <span class='ocrx_word' id='word_1_29' title='bbox 1169 697 1265 752; x_wconf 88' lang='lat' dir='ltr'><strong>per</strong></span> <span class='ocrx_word' id='word_1_30' title='bbox 1299 693 1506 750; x_wconf 82' lang='lat' dir='ltr'><strong>septem</strong></span> <span class='ocrx_word' id='word_1_31' title='bbox 1543 703 1715 744; x_wconf 86' lang='lat' dir='ltr'><strong>annos</strong></span> <span class='ocrx_word' id='word_1_32' title='bbox 1750 689 2036 747; x_wconf 78' lang='lat' dir='ltr'><strong>immorata</strong></span> 
     </span>
    </p>
   </div>
   <div class='ocr_carea' id='block_1_8' title="bbox 458 767 2038 848">
    <p class='ocr_par' dir='ltr' id='par_1_8' title="bbox 458 767 2038 848">
     <span class='ocr_line' id='line_1_8' title="bbox 458 767 2038 848; baseline 0.02 -37"><span class='ocrx_word' id='word_1_33' title='bbox 458 771 540 814; x_wconf 80' lang='lat' dir='ltr'><strong>cst</strong></span> <span class='ocrx_word' id='word_1_34' title='bbox 567 778 584 827; x_wconf 92' lang='lat'><strong>;</strong></span> <span class='ocrx_word' id='word_1_35' title='bbox 615 767 848 830; x_wconf 75' lang='lat' dir='ltr'><strong>pendent</strong></span> <span class='ocrx_word' id='word_1_36' title='bbox 882 769 1161 839; x_wconf 83' lang='lat' dir='ltr'><strong>lampades</strong></span> <span class='ocrx_word' id='word_1_37' title='bbox 1208 781 1338 832; x_wconf 88' lang='lat' dir='ltr'><strong>tres.</strong></span> <span class='ocrx_word' id='word_1_38' title='bbox 1370 774 1548 848; x_wconf 82' lang='lat' dir='ltr'><strong>PrOpe</strong></span> <span class='ocrx_word' id='word_1_39' title='bbox 1589 779 1780 836; x_wconf 85' lang='lat' dir='ltr'><strong>stadiis</strong></span> <span class='ocrx_word' id='word_1_40' title='bbox 1825 782 2038 841; x_wconf 87' lang='lat' dir='ltr'><strong>duobus</strong></span> 
     </span>
    </p>
   </div>
   <div class='ocr_carea' id='block_1_9' title="bbox 457 857 2038 944">
    <p class='ocr_par' dir='ltr' id='par_1_9' title="bbox 457 857 2038 944">
     <span class='ocr_line' id='line_1_9' title="bbox 457 857 2038 944; baseline 0.017 -37"><span class='ocrx_word' id='word_1_41' title='bbox 457 857 772 912; x_wconf 73' lang='lat' dir='ltr'><strong>extenditur</strong></span> <span class='ocrx_word' id='word_1_42' title='bbox 817 861 1061 930; x_wconf 67' lang='lat' dir='ltr'><strong>Galilma,</strong></span> <span class='ocrx_word' id='word_1_43' title='bbox 1098 874 1152 920; x_wconf 90' lang='lat' dir='ltr'><strong>et</strong></span> <span class='ocrx_word' id='word_1_44' title='bbox 1181 866 1355 933; x_wconf 90' lang='lat' dir='ltr'><strong>Cana,</strong></span> <span class='ocrx_word' id='word_1_45' title='bbox 1404 868 1457 924; x_wconf 88' lang='lat' dir='ltr'><strong>in</strong></span> <span class='ocrx_word' id='word_1_46' title='bbox 1506 886 1610 940; x_wconf 87' lang='lat' dir='ltr'><strong>qua</strong></span> <span class='ocrx_word' id='word_1_47' title='bbox 1645 873 1846 944; x_wconf 73' lang='lat' dir='ltr'><strong>nuptiae</strong></span> <span class='ocrx_word' id='word_1_48' title='bbox 1881 876 2038 934; x_wconf 70' lang='lat' dir='ltr'><strong>factas</strong></span> 
     </span>
    </p>
   </div>
   <div class='ocr_carea' id='block_1_10' title="bbox 463 949 2038 1030">
    <p class='ocr_par' dir='ltr' id='par_1_10' title="bbox 463 949 2038 1030">
     <span class='ocr_line' id='line_1_10' title="bbox 463 949 2038 1030; baseline 0.018 -31"><span class='ocrx_word' id='word_1_49' title='bbox 463 957 613 1012; x_wconf 86' lang='lat' dir='ltr'><strong>sunt,</strong></span> <span class='ocrx_word' id='word_1_50' title='bbox 647 958 700 1002; x_wconf 89' lang='lat' dir='ltr'><strong>et</strong></span> <span class='ocrx_word' id='word_1_51' title='bbox 731 949 982 1009; x_wconf 82' lang='lat' dir='ltr'><strong>Christus</strong></span> <span class='ocrx_word' id='word_1_52' title='bbox 1028 960 1298 1015; x_wconf 74' lang='lat' dir='ltr'><strong>convertit</strong></span> <span class='ocrx_word' id='word_1_53' title='bbox 1329 977 1526 1030; x_wconf 81' lang='lat' dir='ltr'><strong>aquam</strong></span> <span class='ocrx_word' id='word_1_54' title='bbox 1557 963 1610 1018; x_wconf 92' lang='lat' dir='ltr'><strong>in</strong></span> <span class='ocrx_word' id='word_1_55' title='bbox 1639 965 1842 1023; x_wconf 87' lang='lat' dir='ltr'><strong>vinum.</strong></span> <span class='ocrx_word' id='word_1_56' title='bbox 1876 966 2038 1026; x_wconf 84' lang='lat' dir='ltr'><strong>Tem-</strong></span> 
     </span>
    </p>
   </div>
   <div class='ocr_carea' id='block_1_11' title="bbox 461 1041 1668 1125">
    <p class='ocr_par' dir='ltr' id='par_1_11' title="bbox 461 1041 1668 1125">
     <span class='ocr_line' id='line_1_11' title="bbox 461 1041 1668 1125; baseline 0.014 -33"><span class='ocrx_word' id='word_1_57' title='bbox 461 1041 628 1109; x_wconf 80' lang='lat' dir='ltr'><strong>plum,</strong></span> <span class='ocrx_word' id='word_1_58' title='bbox 668 1044 771 1099; x_wconf 89' lang='lat' dir='ltr'><strong>hoc</strong></span> <span class='ocrx_word' id='word_1_59' title='bbox 803 1056 1070 1117; x_wconf 88' lang='lat' dir='ltr'><strong>tempore,</strong></span> <span class='ocrx_word' id='word_1_60' title='bbox 1110 1053 1224 1107; x_wconf 84' lang='lat' dir='ltr'><strong>solo</strong></span> <span class='ocrx_word' id='word_1_61' title='bbox 1257 1066 1532 1125; x_wconf 69' lang='lat' dir='ltr'><strong>aequatum</strong></span> <span class='ocrx_word' id='word_1_62' title='bbox 1564 1067 1668 1112; x_wconf 86' lang='lat' dir='ltr'><strong>est.</strong></span> 
     </span>
    </p>
   </div>
   <div class='ocr_carea' id='block_1_12' title="bbox 529 1227 2038 1302">
    <p class='ocr_par' dir='ltr' id='par_1_12' title="bbox 529 1227 2038 1302">
     <span class='ocr_line' id='line_1_12' title="bbox 529 1227 2038 1302; baseline 0.013 -20"><span class='ocrx_word' id='word_1_63' title='bbox 529 1227 586 1283; x_wconf 84' lang='lat'><em>6.</em></span> <span class='ocrx_word' id='word_1_64' title='bbox 615 1227 670 1283; x_wconf 86' lang='lat' dir='ltr'><strong>in</strong></span> <span class='ocrx_word' id='word_1_65' title='bbox 703 1241 885 1285; x_wconf 87' lang='lat' dir='ltr'><strong>monte</strong></span> <span class='ocrx_word' id='word_1_66' title='bbox 917 1233 1193 1292; x_wconf 82' lang='lat' dir='ltr'><strong>Olivarnm</strong></span> <span class='ocrx_word' id='word_1_67' title='bbox 1226 1236 1691 1299; x_wconf 83' lang='lat' dir='ltr'><strong>Melchisedechus</strong></span> <span class='ocrx_word' id='word_1_68' title='bbox 1721 1243 2038 1302; x_wconf 88' lang='lat' dir='ltr'><strong>immoratus</strong></span> 
     </span>
    </p>
   </div>
   <div class='ocr_carea' id='block_1_13' title="bbox 457 1322 2038 1405">
    <p class='ocr_par' dir='ltr' id='par_1_13' title="bbox 457 1322 2038 1405">
     <span class='ocr_line' id='line_1_13' title="bbox 457 1322 2038 1405; baseline 0.012 -31"><span class='ocrx_word' id='word_1_69' title='bbox 457 1329 541 1375; x_wconf 87' lang='lat' dir='ltr'><strong>est</strong></span> <span class='ocrx_word' id='word_1_70' title='bbox 586 1336 759 1377; x_wconf 89' lang='lat' dir='ltr'><strong>annos</strong></span> <span class='ocrx_word' id='word_1_71' title='bbox 811 1322 1037 1394; x_wconf 81' lang='lat' dir='ltr'><strong>decem;</strong></span> <span class='ocrx_word' id='word_1_72' title='bbox 1080 1329 1338 1401; x_wconf 88' lang='lat' dir='ltr'><strong>misitque</strong></span> <span class='ocrx_word' id='word_1_73' title='bbox 1387 1332 1526 1390; x_wconf 89' lang='lat' dir='ltr'><strong>Deus</strong></span> <span class='ocrx_word' id='word_1_74' title='bbox 1557 1335 1817 1405; x_wconf 79' lang='lat' dir='ltr'><strong>Abraam,</strong></span> <span class='ocrx_word' id='word_1_75' title='bbox 1853 1347 1908 1393; x_wconf 89' lang='lat' dir='ltr'><strong>et</strong></span> <span class='ocrx_word' id='word_1_76' title='bbox 1936 1354 2038 1392; x_wconf 87' lang='lat' dir='ltr'><strong>nn-</strong></span> 
     </span>
    </p>
   </div>
   <div class='ocr_carea' id='block_1_14' title="bbox 457 1415 2041 1502">
    <p class='ocr_par' dir='ltr' id='par_1_14' title="bbox 457 1415 2041 1502">
     <span class='ocr_line' id='line_1_14' title="bbox 457 1415 2041 1502; baseline 0.014 -35"><span class='ocrx_word' id='word_1_77' title='bbox 457 1430 589 1482; x_wconf 76' lang='lat' dir='ltr'><strong>gues</strong></span> <span class='ocrx_word' id='word_1_78' title='bbox 629 1415 777 1472; x_wconf 87' lang='lat' dir='ltr'><strong>illius</strong></span> <span class='ocrx_word' id='word_1_79' title='bbox 832 1420 1165 1492; x_wconf 73' lang='lat' dir='ltr'><strong>capillosque</strong></span> <span class='ocrx_word' id='word_1_80' title='bbox 1216 1426 1485 1493; x_wconf 69' lang='lat' dir='ltr'><strong>prmcidil,</strong></span> <span class='ocrx_word' id='word_1_81' title='bbox 1525 1429 1781 1501; x_wconf 85' lang='lat' dir='ltr'><strong>deditque</strong></span> <span class='ocrx_word' id='word_1_82' title='bbox 1831 1431 1909 1488; x_wconf 88' lang='lat' dir='ltr'><strong>illi</strong></span> <span class='ocrx_word' id='word_1_83' title='bbox 1944 1447 2041 1502; x_wconf 85' lang='lat' dir='ltr'><strong>pa-</strong></span> 
     </span>
    </p>
   </div>
   <div class='ocr_carea' id='block_1_15' title="bbox 457 1511 2039 1581">
    <p class='ocr_par' dir='ltr' id='par_1_15' title="bbox 457 1511 2039 1581">
     <span class='ocr_line' id='line_1_15' title="bbox 457 1511 2039 1581; baseline 0.014 -23"><span class='ocrx_word' id='word_1_84' title='bbox 457 1520 604 1569; x_wconf 88' lang='lat' dir='ltr'><strong>nem,</strong></span> <span class='ocrx_word' id='word_1_85' title='bbox 637 1517 690 1561; x_wconf 82' lang='lat' dir='ltr'><strong>et</strong></span> <span class='ocrx_word' id='word_1_86' title='bbox 724 1511 1089 1579; x_wconf 78' lang='lat' dir='ltr'><strong>manducavit,</strong></span> <span class='ocrx_word' id='word_1_87' title='bbox 1127 1526 1181 1570; x_wconf 89' lang='lat' dir='ltr'><strong>et</strong></span> <span class='ocrx_word' id='word_1_88' title='bbox 1224 1517 1653 1575; x_wconf 81' lang='lat' dir='ltr'><strong>benedictionem</strong></span> <span class='ocrx_word' id='word_1_89' title='bbox 1687 1522 1756 1577; x_wconf 85' lang='lat' dir='ltr'><strong>ab</strong></span> <span class='ocrx_word' id='word_1_90' title='bbox 1785 1538 1851 1579; x_wconf 90' lang='lat' dir='ltr'><strong>eo</strong></span> <span class='ocrx_word' id='word_1_91' title='bbox 1882 1540 2039 1581; x_wconf 85' lang='lat' dir='ltr'><strong>acce-</strong></span> 
     </span>
    </p>
   </div>
   <div class='ocr_carea' id='block_1_16' title="bbox 458 1597 2039 1683">
    <p class='ocr_par' dir='ltr' id='par_1_16' title="bbox 458 1597 2039 1683">
     <span class='ocr_line' id='line_1_16' title="bbox 458 1597 2039 1683; baseline 0.015 -33"><span class='ocrx_word' id='word_1_92' title='bbox 458 1597 558 1666; x_wconf 84' lang='lat' dir='ltr'><strong>pit.</strong></span> <span class='ocrx_word' id='word_1_93' title='bbox 608 1599 785 1654; x_wconf 81' lang='lat' dir='ltr'><strong>Distat</strong></span> <span class='ocrx_word' id='word_1_94' title='bbox 834 1619 987 1659; x_wconf 85' lang='lat' dir='ltr'><strong>mons</strong></span> <span class='ocrx_word' id='word_1_95' title='bbox 1024 1604 1302 1664; x_wconf 82' lang='lat' dir='ltr'><strong>Olivarum</strong></span> <span class='ocrx_word' id='word_1_96' title='bbox 1334 1626 1362 1666; x_wconf 86' lang='lat' dir='ltr'><strong>a</strong></span> <span class='ocrx_word' id='word_1_97' title='bbox 1395 1624 1584 1669; x_wconf 82' lang='lat' dir='ltr'><strong>sancto</strong></span> <span class='ocrx_word' id='word_1_98' title='bbox 1611 1615 1860 1683; x_wconf 85' lang='lat' dir='ltr'><strong>sepulcro</strong></span> <span class='ocrx_word' id='word_1_99' title='bbox 1893 1618 2039 1674; x_wconf 85' lang='lat' dir='ltr'><strong>mille</strong></span> 
     </span>
    </p>
   </div>
   <div class='ocr_carea' id='block_1_17' title="bbox 342 1692 2037 1776">
    <p class='ocr_par' dir='ltr' id='par_1_17' title="bbox 342 1692 2037 1776">
     <span class='ocr_line' id='line_1_17' title="bbox 342 1692 2037 1776; baseline 0.014 -33"><span class='ocrx_word' id='word_1_100' title='bbox 342 1692 343 1695; x_wconf 67' lang='grc'><em>“</em></span> <span class='ocrx_word' id='word_1_101' title='bbox 461 1706 684 1760; x_wconf 85' lang='lat' dir='ltr'><strong>passus.</strong></span> <span class='ocrx_word' id='word_1_102' title='bbox 717 1693 993 1752; x_wconf 81' lang='lat' dir='ltr'><strong>Orientem</strong></span> <span class='ocrx_word' id='word_1_103' title='bbox 1029 1713 1216 1756; x_wconf 80' lang='lat' dir='ltr'><strong>versus</strong></span> <span class='ocrx_word' id='word_1_104' title='bbox 1243 1705 1443 1760; x_wconf 87' lang='lat' dir='ltr'><strong>montis</strong></span> <span class='ocrx_word' id='word_1_105' title='bbox 1471 1705 1765 1776; x_wconf 73' lang='lat' dir='ltr'><strong>Olivarum,</strong></span> <span class='ocrx_word' id='word_1_106' title='bbox 1795 1711 1851 1766; x_wconf 89' lang='lat' dir='ltr'><strong>in</strong></span> <span class='ocrx_word' id='word_1_107' title='bbox 1899 1711 2037 1767; x_wconf 81' lang='lat' dir='ltr'><strong>infe-</strong></span> 
     </span>
    </p>
   </div>
   <div class='ocr_carea' id='block_1_18' title="bbox 463 1783 2035 1876">
    <p class='ocr_par' dir='ltr' id='par_1_18' title="bbox 463 1783 2035 1876">
     <span class='ocr_line' id='line_1_18' title="bbox 463 1783 2035 1876; baseline 0.015 -39"><span class='ocrx_word' id='word_1_108' title='bbox 463 1783 593 1839; x_wconf 79' lang='lat' dir='ltr'><strong>riori</strong></span> <span class='ocrx_word' id='word_1_109' title='bbox 642 1786 814 1858; x_wconf 78' lang='lat' dir='ltr'><strong>plaga,</strong></span> <span class='ocrx_word' id='word_1_110' title='bbox 869 1789 1010 1860; x_wconf 72' lang='lat' dir='ltr'><strong>jacet</strong></span> <span class='ocrx_word' id='word_1_111' title='bbox 1058 1792 1340 1854; x_wconf 82' lang='lat' dir='ltr'><strong>Bethania.</strong></span> <span class='ocrx_word' id='word_1_112' title='bbox 1379 1798 1479 1854; x_wconf 77' lang='lat' dir='ltr'><strong>Est</strong></span> <span class='ocrx_word' id='word_1_113' title='bbox 1531 1801 1585 1857; x_wconf 85' lang='lat' dir='ltr'><strong>in</strong></span> <span class='ocrx_word' id='word_1_114' title='bbox 1616 1817 1679 1859; x_wconf 89' lang='lat' dir='ltr'><strong>ea</strong></span> <span class='ocrx_word' id='word_1_115' title='bbox 1728 1804 2035 1876; x_wconf 85' lang='lat' dir='ltr'><strong>sepulcrum</strong></span> 
     </span>
    </p>
   </div>
   <div class='ocr_carea' id='block_1_19' title="bbox 461 1879 2042 1972">
    <p class='ocr_par' dir='ltr' id='par_1_19' title="bbox 461 1879 2042 1972">
     <span class='ocr_line' id='line_1_19' title="bbox 461 1879 2042 1972; baseline 0.018 -42"><span class='ocrx_word' id='word_1_116' title='bbox 461 1880 634 1933; x_wconf 80' lang='lat' dir='ltr'><strong>sancti</strong></span> <span class='ocrx_word' id='word_1_117' title='bbox 666 1879 878 1950; x_wconf 77' lang='lat' dir='ltr'><strong>Lazari,</strong></span> <span class='ocrx_word' id='word_1_118' title='bbox 915 1900 1303 1958; x_wconf 87' lang='lat' dir='ltr'><strong>marmoreum,</strong></span> <span class='ocrx_word' id='word_1_119' title='bbox 1345 1893 1795 1967; x_wconf 87' lang='lat' dir='ltr'><strong>pulcherrimum,</strong></span> <span class='ocrx_word' id='word_1_120' title='bbox 1843 1915 2042 1972; x_wconf 84' lang='lat' dir='ltr'><strong>prope-</strong></span> 
     </span>
    </p>
   </div>
   <div class='ocr_carea' id='block_1_20' title="bbox 462 1972 2041 2056">
    <p class='ocr_par' dir='ltr' id='par_1_20' title="bbox 462 1972 2041 2056">
     <span class='ocr_line' id='line_1_20' title="bbox 462 1972 2041 2056; baseline 0.017 -33"><span class='ocrx_word' id='word_1_121' title='bbox 462 1984 570 2038; x_wconf 89' lang='lat' dir='ltr'><strong>que</strong></span> <span class='ocrx_word' id='word_1_122' title='bbox 621 1972 773 2041; x_wconf 89' lang='lat' dir='ltr'><strong>illud,</strong></span> <span class='ocrx_word' id='word_1_123' title='bbox 816 1974 951 2047; x_wconf 85' lang='lat' dir='ltr'><strong>lapis</strong></span> <span class='ocrx_word' id='word_1_124' title='bbox 997 1981 1050 2034; x_wconf 89' lang='lat' dir='ltr'><strong>in</strong></span> <span class='ocrx_word' id='word_1_125' title='bbox 1106 1998 1214 2050; x_wconf 89' lang='lat' dir='ltr'><strong>quo</strong></span> <span class='ocrx_word' id='word_1_126' title='bbox 1270 1985 1412 2040; x_wconf 81' lang='lat' dir='ltr'><strong>sedit</strong></span> <span class='ocrx_word' id='word_1_127' title='bbox 1461 1986 1731 2056; x_wconf 84' lang='lat' dir='ltr'><strong>Christus,</strong></span> <span class='ocrx_word' id='word_1_128' title='bbox 1790 1993 2041 2049; x_wconf 78' lang='lat' dir='ltr'><strong>coniecto</strong></span> 
     </span>
    </p>
   </div>
   <div class='ocr_carea' id='block_1_21' title="bbox 462 2062 2041 2154">
    <p class='ocr_par' dir='ltr' id='par_1_21' title="bbox 462 2062 2041 2154">
     <span class='ocr_line' id='line_1_21' title="bbox 462 2062 2041 2154; baseline 0.016 -36"><span class='ocrx_word' id='word_1_129' title='bbox 462 2062 682 2122; x_wconf 82' lang='lat' dir='ltr'><strong>itinere.</strong></span> <span class='ocrx_word' id='word_1_130' title='bbox 735 2068 1035 2126; x_wconf 80' lang='lat' dir='ltr'><strong>Adversum</strong></span> <span class='ocrx_word' id='word_1_131' title='bbox 1086 2074 1339 2144; x_wconf 86' lang='lat' dir='ltr'><strong>sepulcro</strong></span> <span class='ocrx_word' id='word_1_132' title='bbox 1394 2079 1534 2154; x_wconf 85' lang='lat' dir='ltr'><strong>intra</strong></span> <span class='ocrx_word' id='word_1_133' title='bbox 1591 2084 1902 2153; x_wconf 82' lang='lat' dir='ltr'><strong>speluncam</strong></span> <span class='ocrx_word' id='word_1_134' title='bbox 1956 2096 2041 2144; x_wconf 84' lang='lat' dir='ltr'><strong>est</strong></span> 
     </span>
    </p>
   </div>
   <div class='ocr_carea' id='block_1_22' title="bbox 461 2157 2034 2240">
    <p class='ocr_par' dir='ltr' id='par_1_22' title="bbox 461 2157 2034 2240">
     <span class='ocr_line' id='line_1_22' title="bbox 461 2157 2034 2240; baseline 0.017 -31"><span class='ocrx_word' id='word_1_135' title='bbox 461 2157 769 2234; x_wconf 80' lang='lat' dir='ltr'><strong>sepulcrum</strong></span> <span class='ocrx_word' id='word_1_136' title='bbox 809 2159 1030 2220; x_wconf 67' lang='lat' dir='ltr'><strong>Marthae</strong></span> <span class='ocrx_word' id='word_1_137' title='bbox 1063 2175 1116 2221; x_wconf 89' lang='lat' dir='ltr'><strong>et</strong></span> <span class='ocrx_word' id='word_1_138' title='bbox 1153 2166 1501 2240; x_wconf 75' lang='lat' dir='ltr'><strong>Magdalenze,</strong></span> <span class='ocrx_word' id='word_1_139' title='bbox 1535 2189 1785 2232; x_wconf 86' lang='lat' dir='ltr'><strong>sororum</strong></span> <span class='ocrx_word' id='word_1_140' title='bbox 1821 2178 2034 2236; x_wconf 85' lang='lat' dir='ltr'><strong>Lazari.</strong></span> 
     </span>
    </p>
   </div>
   <div class='ocr_carea' id='block_1_23' title="bbox 460 2247 2038 2332">
    <p class='ocr_par' dir='ltr' id='par_1_23' title="bbox 460 2247 2038 2332">
     <span class='ocr_line' id='line_1_23' title="bbox 460 2247 2038 2332; baseline 0.016 -28"><span class='ocrx_word' id='word_1_141' title='bbox 460 2247 637 2307; x_wconf 82' lang='lat' dir='ltr'><strong>Distat</strong></span> <span class='ocrx_word' id='word_1_142' title='bbox 665 2252 931 2312; x_wconf 85' lang='lat' dir='ltr'><strong>Bethania</strong></span> <span class='ocrx_word' id='word_1_143' title='bbox 965 2273 995 2312; x_wconf 91' lang='lat' dir='ltr'><strong>a</strong></span> <span class='ocrx_word' id='word_1_144' title='bbox 1028 2270 1217 2317; x_wconf 87' lang='lat' dir='ltr'><strong>sancto</strong></span> <span class='ocrx_word' id='word_1_145' title='bbox 1244 2263 1497 2332; x_wconf 87' lang='lat' dir='ltr'><strong>sepulcro</strong></span> <span class='ocrx_word' id='word_1_146' title='bbox 1526 2268 1785 2325; x_wconf 85' lang='lat' dir='ltr'><strong>milliaria</strong></span> <span class='ocrx_word' id='word_1_147' title='bbox 1808 2272 1932 2329; x_wconf 92' lang='lat' dir='ltr'><strong>duo.</strong></span> <span class='ocrx_word' id='word_1_148' title='bbox 1961 2274 2038 2329; x_wconf 82' lang='lat' dir='ltr'><strong>Ex</strong></span> 
     </span>
    </p>
   </div>
   <div class='ocr_carea' id='block_1_24' title="bbox 460 2344 2039 2424">
    <p class='ocr_par' dir='ltr' id='par_1_24' title="bbox 460 2344 2039 2424">
     <span class='ocr_line' id='line_1_24' title="bbox 460 2344 2039 2424; baseline 0.016 -25"><span class='ocrx_word' id='word_1_149' title='bbox 460 2344 585 2408; x_wconf 77' lang='lat' dir='ltr'><strong>hac,</strong></span> <span class='ocrx_word' id='word_1_150' title='bbox 613 2347 682 2402; x_wconf 89' lang='lat' dir='ltr'><strong>ad</strong></span> <span class='ocrx_word' id='word_1_151' title='bbox 721 2348 989 2408; x_wconf 84' lang='lat' dir='ltr'><strong>orientem</strong></span> <span class='ocrx_word' id='word_1_152' title='bbox 1018 2353 1211 2421; x_wconf 88' lang='lat' dir='ltr'><strong>solem,</strong></span> <span class='ocrx_word' id='word_1_153' title='bbox 1245 2357 1299 2411; x_wconf 89' lang='lat' dir='ltr'><strong>in</strong></span> <span class='ocrx_word' id='word_1_154' title='bbox 1351 2361 1540 2415; x_wconf 85' lang='lat' dir='ltr'><strong>urbem</strong></span> <span class='ocrx_word' id='word_1_155' title='bbox 1589 2358 1808 2421; x_wconf 72' lang='lat' dir='ltr'><strong>Iericho</strong></span> <span class='ocrx_word' id='word_1_156' title='bbox 1848 2382 2039 2424; x_wconf 84' lang='lat' dir='ltr'><strong>cursus</strong></span> 
     </span>
    </p>
   </div>
   <div class='ocr_carea' id='block_1_25' title="bbox 460 2437 2038 2523">
    <p class='ocr_par' dir='ltr' id='par_1_25' title="bbox 460 2437 2038 2523">
     <span class='ocr_line' id='line_1_25' title="bbox 460 2437 2038 2523; baseline 0.014 -30"><span class='ocrx_word' id='word_1_157' title='bbox 460 2437 730 2508; x_wconf 67' lang='lat' dir='ltr'><strong>dirigitur.</strong></span> <span class='ocrx_word' id='word_1_158' title='bbox 798 2442 876 2501; x_wconf 83' lang='lat' dir='ltr'><strong>lbi</strong></span> <span class='ocrx_word' id='word_1_159' title='bbox 912 2445 1090 2514; x_wconf 88' lang='lat' dir='ltr'><strong>claba,</strong></span> <span class='ocrx_word' id='word_1_160' title='bbox 1119 2450 1173 2504; x_wconf 90' lang='lat' dir='ltr'><strong>in</strong></span> <span class='ocrx_word' id='word_1_161' title='bbox 1216 2465 1320 2522; x_wconf 87' lang='lat' dir='ltr'><strong>qua</strong></span> <span class='ocrx_word' id='word_1_162' title='bbox 1351 2452 1513 2523; x_wconf 87' lang='lat' dir='ltr'><strong>pedes</strong></span> <span class='ocrx_word' id='word_1_163' title='bbox 1541 2453 1668 2510; x_wconf 88' lang='lat' dir='ltr'><strong>Jesu</strong></span> <span class='ocrx_word' id='word_1_164' title='bbox 1701 2457 1902 2514; x_wconf 89' lang='lat' dir='ltr'><strong>Christi</strong></span> <span class='ocrx_word' id='word_1_165' title='bbox 1938 2461 2038 2516; x_wconf 85' lang='lat' dir='ltr'><strong>im—</strong></span> 
     </span>
    </p>
   </div>
   <div class='ocr_carea' id='block_1_26' title="bbox 459 2532 2030 2623">
    <p class='ocr_par' dir='ltr' id='par_1_26' title="bbox 459 2532 2030 2623">
     <span class='ocr_line' id='line_1_26' title="bbox 459 2532 2030 2623; baseline 0.015 -38"><span class='ocrx_word' id='word_1_166' title='bbox 459 2532 743 2600; x_wconf 88' lang='lat' dir='ltr'><strong>miserunt,</strong></span> <span class='ocrx_word' id='word_1_167' title='bbox 791 2552 1096 2597; x_wconf 89' lang='lat' dir='ltr'><strong>marmorea</strong></span> <span class='ocrx_word' id='word_1_168' title='bbox 1130 2543 1344 2611; x_wconf 78' lang='lat' dir='ltr'><strong>visitur,</strong></span> <span class='ocrx_word' id='word_1_169' title='bbox 1381 2556 1434 2600; x_wconf 88' lang='lat' dir='ltr'><strong>et</strong></span> <span class='ocrx_word' id='word_1_170' title='bbox 1459 2564 1641 2603; x_wconf 88' lang='lat' dir='ltr'><strong>mensa</strong></span> <span class='ocrx_word' id='word_1_171' title='bbox 1683 2551 1734 2604; x_wconf 89' lang='lat' dir='ltr'><strong>in</strong></span> <span class='ocrx_word' id='word_1_172' title='bbox 1780 2566 1890 2623; x_wconf 87' lang='lat' dir='ltr'><strong>qua</strong></span> <span class='ocrx_word' id='word_1_173' title='bbox 1941 2568 2030 2608; x_wconf 82' lang='lat' dir='ltr'><strong>sa-</strong></span> 
     </span>
    </p>
   </div>
   <div class='ocr_carea' id='block_1_27' title="bbox 458 2635 2034 2714">
    <p class='ocr_par' dir='ltr' id='par_1_27' title="bbox 458 2635 2034 2714">
     <span class='ocr_line' id='line_1_27' title="bbox 458 2635 2034 2714; baseline 0.013 -32"><span class='ocrx_word' id='word_1_174' title='bbox 458 2639 802 2698; x_wconf 78' lang='lat' dir='ltr'><strong>crosanctum</strong></span> <span class='ocrx_word' id='word_1_175' title='bbox 857 2635 1041 2691; x_wconf 68' lang='lat' dir='ltr'><strong>missa:</strong></span> <span class='ocrx_word' id='word_1_176' title='bbox 1085 2638 1414 2694; x_wconf 84' lang='lat' dir='ltr'><strong>sacriﬁcium</strong></span> <span class='ocrx_word' id='word_1_177' title='bbox 1473 2643 1772 2714; x_wconf 78' lang='lat' dir='ltr'><strong>peragitur.</strong></span> <span class='ocrx_word' id='word_1_178' title='bbox 1829 2647 2034 2702; x_wconf 71' lang='lat' dir='ltr'><strong>Accen-</strong></span> 
     </span>
    </p>
   </div>
   <div class='ocr_carea' id='block_1_28' title="bbox 459 2725 2028 2819">
    <p class='ocr_par' dir='ltr' id='par_1_28' title="bbox 459 2725 2028 2819">
     <span class='ocr_line' id='line_1_28' title="bbox 459 2725 2028 2819; baseline 0.015 -41"><span class='ocrx_word' id='word_1_179' title='bbox 459 2725 592 2780; x_wconf 81' lang='lat' dir='ltr'><strong>dunt</strong></span> <span class='ocrx_word' id='word_1_180' title='bbox 620 2736 858 2796; x_wconf 89' lang='lat' dir='ltr'><strong>quatuor</strong></span> <span class='ocrx_word' id='word_1_181' title='bbox 884 2731 1181 2801; x_wconf 81' lang='lat' dir='ltr'><strong>lampades.</strong></span> <span class='ocrx_word' id='word_1_182' title='bbox 1211 2734 1282 2790; x_wconf 84' lang='lat' dir='ltr'><strong>Et</strong></span> <span class='ocrx_word' id='word_1_183' title='bbox 1315 2739 1491 2807; x_wconf 87' lang='lat' dir='ltr'><strong>spatio</strong></span> <span class='ocrx_word' id='word_1_184' title='bbox 1522 2740 1708 2798; x_wconf 86' lang='lat' dir='ltr'><strong>decem</strong></span> <span class='ocrx_word' id='word_1_185' title='bbox 1750 2758 2028 2819; x_wconf 60' lang='lat' dir='ltr'><strong>pasguum,</strong></span> 
     </span>
    </p>
   </div>
   <div class='ocr_carea' id='block_1_29' title="bbox 457 2818 2031 2905">
    <p class='ocr_par' dir='ltr' id='par_1_29' title="bbox 457 2818 2031 2905">
     <span class='ocr_line' id='line_1_29' title="bbox 457 2818 2031 2905; baseline 0.015 -34"><span class='ocrx_word' id='word_1_186' title='bbox 457 2818 729 2886; x_wconf 90' lang='lat' dir='ltr'><strong>columna,</strong></span> <span class='ocrx_word' id='word_1_187' title='bbox 762 2822 815 2878; x_wconf 88' lang='lat' dir='ltr'><strong>in</strong></span> <span class='ocrx_word' id='word_1_188' title='bbox 847 2838 956 2893; x_wconf 87' lang='lat' dir='ltr'><strong>qua</strong></span> <span class='ocrx_word' id='word_1_189' title='bbox 988 2825 1265 2884; x_wconf 86' lang='lat' dir='ltr'><strong>Christum</strong></span> <span class='ocrx_word' id='word_1_190' title='bbox 1311 2828 1484 2887; x_wconf 62' lang='lat' dir='ltr'><strong>Judasi</strong></span> <span class='ocrx_word' id='word_1_191' title='bbox 1527 2818 1884 2905; x_wconf 80' lang='lat' dir='ltr'><strong>ﬂagellarunt.</strong></span> <span class='ocrx_word' id='word_1_192' title='bbox 1921 2840 2031 2895; x_wconf 82' lang='lat' dir='ltr'><strong>Ac-</strong></span> 
     </span>
    </p>
   </div>
   <div class='ocr_carea' id='block_1_30' title="bbox 2138 601 3705 690">
    <p class='ocr_par' dir='ltr' id='par_1_30' title="bbox 2138 601 3705 690">
     <span class='ocr_line' id='line_1_30' title="bbox 2138 601 3705 690; baseline 0.006 -36"><span class='ocrx_word' id='word_1_193' title='bbox 2138 618 2230 655; x_wconf 88' lang='grc' dir='ltr'><strong>ται</strong></span> <span class='ocrx_word' id='word_1_194' title='bbox 2260 603 2356 655; x_wconf 74' lang='grc' dir='ltr'>καὶ</span> <span class='ocrx_word' id='word_1_195' title='bbox 2388 602 2557 673; x_wconf 73' lang='grc' dir='ltr'>χωρὶς</span> <span class='ocrx_word' id='word_1_196' title='bbox 2583 601 2649 657; x_wconf 82' lang='grc' dir='ltr'>νὰ</span> <span class='ocrx_word' id='word_1_197' title='bbox 2679 601 3015 674; x_wconf 77' lang='grc' dir='ltr'>ξομολογηθῇ</span> <span class='ocrx_word' id='word_1_198' title='bbox 3049 604 3196 669; x_wconf 78' lang='grc' dir='ltr'>ὅλαις</span> <span class='ocrx_word' id='word_1_199' title='bbox 3225 621 3332 690; x_wconf 22' lang='grc' dir='ltr'>του.</span> <span class='ocrx_word' id='word_1_200' title='bbox 3369 608 3490 668; x_wconf 85' lang='grc' dir='ltr'>ταῖς</span> <span class='ocrx_word' id='word_1_201' title='bbox 3525 609 3705 682; x_wconf 77' lang='grc' dir='ltr'>ἁμαρο</span> 
     </span>
    </p>
   </div>
   <div class='ocr_carea' id='block_1_31' title="bbox 2138 692 3710 768">
    <p class='ocr_par' dir='ltr' id='par_1_31' title="bbox 2138 692 3710 768">
     <span class='ocr_line' id='line_1_31' title="bbox 2138 692 3710 768; baseline 0.007 -22"><span class='ocrx_word' id='word_1_202' title='bbox 2138 694 2303 766; x_wconf 73' lang='grc' dir='ltr'>τίσις,</span> <span class='ocrx_word' id='word_1_203' title='bbox 2337 695 2491 749; x_wconf 82' lang='grc' dir='ltr'>οὐδὲν</span> <span class='ocrx_word' id='word_1_204' title='bbox 2521 695 2741 767; x_wconf 70' lang='grc' dir='ltr'>ιμπορῆ</span> <span class='ocrx_word' id='word_1_205' title='bbox 2774 694 2842 749; x_wconf 69' lang='lat' dir='ltr'><strong>va</strong></span> <span class='ocrx_word' id='word_1_206' title='bbox 2872 692 3009 768; x_wconf 79' lang='grc' dir='ltr'>εὖγῃ</span> <span class='ocrx_word' id='word_1_207' title='bbox 3042 697 3270 753; x_wconf 45' lang='grc' dir='ltr'>νάποκετ.</span> <span class='ocrx_word' id='word_1_208' title='bbox 3305 697 3458 754; x_wconf 78' lang='grc' dir='ltr'>Ἐκεῖ</span> <span class='ocrx_word' id='word_1_209' title='bbox 3505 700 3623 756; x_wconf 70' lang='lat' dir='ltr'><strong>Eva:</strong></span> <span class='ocrx_word' id='word_1_210' title='bbox 3652 703 3710 757; x_wconf 74' lang='grc' dir='ltr'><strong>τὸ</strong></span> 
     </span>
    </p>
   </div>
   <div class='ocr_carea' id='block_1_32' title="bbox 2140 786 3711 864">
    <p class='ocr_par' dir='ltr' id='par_1_32' title="bbox 2140 786 3711 864">
     <span class='ocr_line' id='line_1_32' title="bbox 2140 786 3711 864; baseline 0.004 -21"><span class='ocrx_word' id='word_1_211' title='bbox 2140 786 2338 860; x_wconf 75' lang='grc' dir='ltr'>κελλὴν</span> <span class='ocrx_word' id='word_1_212' title='bbox 2368 789 2502 845; x_wconf 83' lang='grc' dir='ltr'>ὀποῦ</span> <span class='ocrx_word' id='word_1_213' title='bbox 2532 789 2793 842; x_wconf 82' lang='grc' dir='ltr'>ὲκάθετον</span> <span class='ocrx_word' id='word_1_214' title='bbox 2827 789 3056 860; x_wconf 82' lang='grc' dir='ltr'>χρόνους</span> <span class='ocrx_word' id='word_1_215' title='bbox 3089 788 3156 855; x_wconf 82' lang='grc' dir='ltr'><strong>ζ’.</strong></span> <span class='ocrx_word' id='word_1_216' title='bbox 3208 793 3565 864; x_wconf 79' lang='grc' dir='ltr'>Κρεμοῦνται</span> <span class='ocrx_word' id='word_1_217' title='bbox 3587 812 3711 850; x_wconf 83' lang='grc' dir='ltr'>καν-</span> 
     </span>
    </p>
   </div>
   <div class='ocr_carea' id='block_1_33' title="bbox 2138 878 3714 959">
    <p class='ocr_par' dir='ltr' id='par_1_33' title="bbox 2138 878 3714 959">
     <span class='ocr_line' id='line_1_33' title="bbox 2138 878 3714 959; baseline 0.005 -23"><span class='ocrx_word' id='word_1_218' title='bbox 2138 878 2329 953; x_wconf 84' lang='grc' dir='ltr'>δήλαις</span> <span class='ocrx_word' id='word_1_219' title='bbox 2361 891 2429 952; x_wconf 83' lang='grc' dir='ltr'>γ’.</span> <span class='ocrx_word' id='word_1_220' title='bbox 2466 885 2578 939; x_wconf 88' lang='lat' dir='ltr'><strong>Kal</strong></span> <span class='ocrx_word' id='word_1_221' title='bbox 2633 883 2771 954; x_wconf 78' lang='grc' dir='ltr'>σιμὰ</span> <span class='ocrx_word' id='word_1_222' title='bbox 2804 885 3018 943; x_wconf 76' lang='grc' dir='ltr'>ἐκεῖθεν</span> <span class='ocrx_word' id='word_1_223' title='bbox 3059 887 3251 942; x_wconf 81' lang='grc' dir='ltr'>στάδια</span> <span class='ocrx_word' id='word_1_224' title='bbox 3284 886 3350 959; x_wconf 80' lang='grc' dir='ltr'><strong>β’,</strong></span> <span class='ocrx_word' id='word_1_225' title='bbox 3402 888 3523 943; x_wconf 70' lang='grc' dir='ltr'>ἔνιαι</span> <span class='ocrx_word' id='word_1_226' title='bbox 3549 891 3583 959; x_wconf 72' lang='grc' dir='ltr'>ἡ</span> <span class='ocrx_word' id='word_1_227' title='bbox 3617 890 3714 944; x_wconf 86' lang='grc' dir='ltr'><strong>Γα-</strong></span> 
     </span>
    </p>
   </div>
   <div class='ocr_carea' id='block_1_34' title="bbox 2141 975 3714 1056">
    <p class='ocr_par' dir='ltr' id='par_1_34' title="bbox 2141 975 3714 1056">
     <span class='ocr_line' id='line_1_34' title="bbox 2141 975 3714 1056; baseline 0.004 -27"><span class='ocrx_word' id='word_1_228' title='bbox 2141 975 2348 1043; x_wconf 87' lang='grc' dir='ltr'>λιλαία,</span> <span class='ocrx_word' id='word_1_229' title='bbox 2403 978 2432 1031; x_wconf 90' lang='lat'><strong>6</strong></span> <span class='ocrx_word' id='word_1_230' title='bbox 2471 979 2528 1031; x_wconf 77' lang='grc' dir='ltr'>ἐν</span> <span class='ocrx_word' id='word_1_231' title='bbox 2585 978 2744 1035; x_wconf 82' lang='grc' dir='ltr'><strong>Κανᾶ</strong></span> <span class='ocrx_word' id='word_1_232' title='bbox 2797 980 2998 1056; x_wconf 81' lang='grc' dir='ltr'>γάμος,</span> <span class='ocrx_word' id='word_1_233' title='bbox 3054 981 3190 1038; x_wconf 80' lang='grc' dir='ltr'>ὀποῦ</span> <span class='ocrx_word' id='word_1_234' title='bbox 3229 982 3494 1052; x_wconf 76' lang='grc' dir='ltr'>ἐποίησεν</span> <span class='ocrx_word' id='word_1_235' title='bbox 3526 982 3555 1034; x_wconf 98' lang='lat'><strong>6</strong></span> <span class='ocrx_word' id='word_1_236' title='bbox 3585 983 3714 1053; x_wconf 82' lang='grc' dir='ltr'>Χρι-</span> 
     </span>
    </p>
   </div>
   <div class='ocr_carea' id='block_1_35' title="bbox 2142 1068 3716 1149">
    <p class='ocr_par' dir='ltr' id='par_1_35' title="bbox 2142 1068 3716 1149">
     <span class='ocr_line' id='line_1_35' title="bbox 2142 1068 3716 1149; baseline 0.003 -25"><span class='ocrx_word' id='word_1_237' title='bbox 2142 1071 2268 1136; x_wconf 77' lang='grc' dir='ltr'>στὸς</span> <span class='ocrx_word' id='word_1_238' title='bbox 2294 1071 2354 1125; x_wconf 88' lang='lat'><strong>:6</strong></span> <span class='ocrx_word' id='word_1_239' title='bbox 2384 1069 2530 1145; x_wconf 72' lang='grc' dir='ltr'>ὕδωρ</span> <span class='ocrx_word' id='word_1_240' title='bbox 2557 1068 2723 1128; x_wconf 74' lang='grc' dir='ltr'>οἶνον.</span> <span class='ocrx_word' id='word_1_241' title='bbox 2766 1073 2943 1129; x_wconf 78' lang='grc' dir='ltr'>Αὐτοῦ</span> <span class='ocrx_word' id='word_1_242' title='bbox 2973 1068 3107 1149; x_wconf 75' lang='grc' dir='ltr'>ἦτον</span> <span class='ocrx_word' id='word_1_243' title='bbox 3149 1075 3246 1130; x_wconf 74' lang='grc' dir='ltr'>καὶ</span> <span class='ocrx_word' id='word_1_244' title='bbox 3277 1076 3425 1142; x_wconf 80' lang='grc' dir='ltr'>ναὸς,</span> <span class='ocrx_word' id='word_1_245' title='bbox 3459 1076 3556 1130; x_wconf 75' lang='grc' dir='ltr'>καὶ</span> <span class='ocrx_word' id='word_1_246' title='bbox 3587 1076 3716 1146; x_wconf 61' lang='lat'><em>616-</em></span> 
     </span>
    </p>
   </div>
   <div class='ocr_carea' id='block_1_36' title="bbox 2138 1163 2324 1220">
    <p class='ocr_par' dir='ltr' id='par_1_36' title="bbox 2138 1163 2324 1220">
     <span class='ocr_line' id='line_1_36' title="bbox 2138 1163 2324 1220; baseline 0.016 -3"><span class='ocrx_word' id='word_1_247' title='bbox 2138 1163 2324 1220; x_wconf 87' lang='grc' dir='ltr'>λασεν.</span> 
     </span>
    </p>
   </div>
   <div class='ocr_carea' id='block_1_37' title="bbox 2216 1260 3720 1334">
    <p class='ocr_par' dir='ltr' id='par_1_37' title="bbox 2216 1260 3720 1334">
     <span class='ocr_line' id='line_1_37' title="bbox 2216 1260 3720 1334; baseline 0.001 -19"><span class='ocrx_word' id='word_1_248' title='bbox 2216 1268 2293 1324; x_wconf 83' lang='grc' dir='ltr'>ς’.</span> <span class='ocrx_word' id='word_1_249' title='bbox 2315 1260 2413 1323; x_wconf 73' lang='lat' dir='ltr'><strong>El;</strong></span> <span class='ocrx_word' id='word_1_250' title='bbox 2439 1262 2502 1316; x_wconf 73' lang='grc' dir='ltr'>τὸ</span> <span class='ocrx_word' id='word_1_251' title='bbox 2533 1262 2659 1333; x_wconf 81' lang='grc' dir='ltr'>ὖρος</span> <span class='ocrx_word' id='word_1_252' title='bbox 2695 1264 2804 1320; x_wconf 85' lang='grc' dir='ltr'><strong>τῶν</strong></span> <span class='ocrx_word' id='word_1_253' title='bbox 2824 1265 3057 1321; x_wconf 81' lang='grc' dir='ltr'><strong>Ἐλαιῶν</strong></span> <span class='ocrx_word' id='word_1_254' title='bbox 3087 1265 3352 1320; x_wconf 75' lang='grc' dir='ltr'>ἔκάθετον</span> <span class='ocrx_word' id='word_1_255' title='bbox 3395 1265 3424 1318; x_wconf 88' lang='lat'><strong>6</strong></span> <span class='ocrx_word' id='word_1_256' title='bbox 3457 1263 3720 1334; x_wconf 79' lang='grc' dir='ltr'>Μελχισε-</span> 
     </span>
    </p>
   </div>
   <div class='ocr_carea' id='block_1_38' title="bbox 2139 1352 3717 1430">
    <p class='ocr_par' dir='ltr' id='par_1_38' title="bbox 2139 1352 3717 1430">
     <span class='ocr_line' id='line_1_38' title="bbox 2139 1352 3717 1430; baseline 0.004 -24"><span class='ocrx_word' id='word_1_257' title='bbox 2139 1352 2233 1406; x_wconf 79' lang='grc' dir='ltr'>δὲκ</span> <span class='ocrx_word' id='word_1_258' title='bbox 2268 1356 2496 1424; x_wconf 76' lang='grc' dir='ltr'>χρόνους</span> <span class='ocrx_word' id='word_1_259' title='bbox 2540 1355 2584 1420; x_wconf 73' lang='grc' dir='ltr'><strong>ζ’</strong></span> <span class='ocrx_word' id='word_1_260' title='bbox 2612 1374 2628 1389; x_wconf 79' lang='grc' dir='ltr'><strong>ο</strong></span> <span class='ocrx_word' id='word_1_261' title='bbox 2661 1359 2755 1411; x_wconf 78' lang='grc' dir='ltr'>καὶ</span> <span class='ocrx_word' id='word_1_262' title='bbox 2785 1356 3033 1430; x_wconf 82' lang='grc' dir='ltr'>ἔπεμψεν</span> <span class='ocrx_word' id='word_1_263' title='bbox 3073 1361 3101 1412; x_wconf 92' lang='lat'><strong>6</strong></span> <span class='ocrx_word' id='word_1_264' title='bbox 3136 1358 3272 1422; x_wconf 82' lang='grc' dir='ltr'>Θεὸς</span> <span class='ocrx_word' id='word_1_265' title='bbox 3323 1358 3418 1413; x_wconf 74' lang='grc' dir='ltr'><strong>τὸν</strong></span> <span class='ocrx_word' id='word_1_266' title='bbox 3441 1357 3717 1430; x_wconf 57' lang='grc' dir='ltr'><strong>’Δεραὰμη</strong></span> 
     </span>
    </p>
   </div>
   <div class='ocr_carea' id='block_1_39' title="bbox 2142 1444 3723 1521">
    <p class='ocr_par' dir='ltr' id='par_1_39' title="bbox 2142 1444 3723 1521">
     <span class='ocr_line' id='line_1_39' title="bbox 2142 1444 3723 1521; baseline 0.002 -23"><span class='ocrx_word' id='word_1_267' title='bbox 2142 1444 2235 1498; x_wconf 66' lang='grc' dir='ltr'><strong>καί⁵</strong></span> <span class='ocrx_word' id='word_1_268' title='bbox 2273 1446 2677 1517; x_wconf 81' lang='grc' dir='ltr'>ὲνυχοκόπησέν</span> <span class='ocrx_word' id='word_1_269' title='bbox 2701 1465 2814 1516; x_wconf 87' lang='grc' dir='ltr'>τον,</span> <span class='ocrx_word' id='word_1_270' title='bbox 2863 1449 2958 1503; x_wconf 77' lang='grc' dir='ltr'>καὶ</span> <span class='ocrx_word' id='word_1_271' title='bbox 2997 1449 3428 1521; x_wconf 80' lang='grc' dir='ltr'>ἔτριχοκόπησέν</span> <span class='ocrx_word' id='word_1_272' title='bbox 3457 1466 3578 1514; x_wconf 87' lang='grc' dir='ltr'>τον,</span> <span class='ocrx_word' id='word_1_273' title='bbox 3627 1448 3723 1503; x_wconf 69' lang='grc' dir='ltr'>καὶ</span> 
     </span>
    </p>
   </div>
   <div class='ocr_carea' id='block_1_40' title="bbox 2141 1535 3722 1614">
    <p class='ocr_par' dir='ltr' id='par_1_40' title="bbox 2141 1535 3722 1614">
     <span class='ocr_line' id='line_1_40' title="bbox 2141 1535 3722 1614; baseline 0.002 -23"><span class='ocrx_word' id='word_1_274' title='bbox 2141 1535 2341 1593; x_wconf 84' lang='grc' dir='ltr'>ἔδωκεν</span> <span class='ocrx_word' id='word_1_275' title='bbox 2364 1539 2456 1592; x_wconf 79' lang='grc' dir='ltr'>τὸν</span> <span class='ocrx_word' id='word_1_276' title='bbox 2483 1540 2667 1610; x_wconf 78' lang='grc' dir='ltr'>ἄρτον,</span> <span class='ocrx_word' id='word_1_277' title='bbox 2698 1544 2795 1597; x_wconf 73' lang='grc' dir='ltr'>καὶ</span> <span class='ocrx_word' id='word_1_278' title='bbox 2817 1541 3042 1612; x_wconf 78' lang='grc' dir='ltr'>ἔφαγεν,</span> <span class='ocrx_word' id='word_1_279' title='bbox 3065 1544 3162 1598; x_wconf 70' lang='grc' dir='ltr'>καὶ</span> <span class='ocrx_word' id='word_1_280' title='bbox 3189 1542 3722 1614; x_wconf 77' lang='grc' dir='ltr'>εὑλογήθηἊϐραὰμ</span> 
     </span>
    </p>
   </div>
   <div class='ocr_carea' id='block_1_41' title="bbox 2140 1627 3723 1703">
    <p class='ocr_par' dir='ltr' id='par_1_41' title="bbox 2140 1627 3723 1703">
     <span class='ocr_line' id='line_1_41' title="bbox 2140 1627 3723 1703; baseline -0.001 -21"><span class='ocrx_word' id='word_1_281' title='bbox 2140 1627 2249 1682; x_wconf 73' lang='grc' dir='ltr'><strong>ἀπὸ</strong></span> <span class='ocrx_word' id='word_1_282' title='bbox 2280 1627 2375 1682; x_wconf 81' lang='grc' dir='ltr'>τοῦ</span> <span class='ocrx_word' id='word_1_283' title='bbox 2409 1629 2772 1702; x_wconf 77' lang='grc' dir='ltr'>Μελχισεδέκ.</span> <span class='ocrx_word' id='word_1_284' title='bbox 2813 1630 3036 1702; x_wconf 78' lang='grc' dir='ltr'><strong>Ἀπέχει</strong></span> <span class='ocrx_word' id='word_1_285' title='bbox 3087 1630 3148 1686; x_wconf 86' lang='lat'><strong>:6</strong></span> <span class='ocrx_word' id='word_1_286' title='bbox 3182 1630 3309 1703; x_wconf 76' lang='grc' dir='ltr'>ὅρος</span> <span class='ocrx_word' id='word_1_287' title='bbox 3354 1629 3467 1684; x_wconf 82' lang='grc' dir='ltr'><strong>τῶν</strong></span> <span class='ocrx_word' id='word_1_288' title='bbox 3499 1627 3723 1682; x_wconf 79' lang='grc' dir='ltr'>Ἐλαιῶν</span> 
     </span>
    </p>
   </div>
   <div class='ocr_carea' id='block_1_42' title="bbox 2139 1719 3723 1794">
    <p class='ocr_par' dir='ltr' id='par_1_42' title="bbox 2139 1719 3723 1794">
     <span class='ocr_line' id='line_1_42' title="bbox 2139 1719 3723 1794; baseline 0.001 -20"><span class='ocrx_word' id='word_1_289' title='bbox 2139 1719 2250 1775; x_wconf 77' lang='grc' dir='ltr'><strong>ἀπὸ</strong></span> <span class='ocrx_word' id='word_1_290' title='bbox 2277 1721 2370 1774; x_wconf 79' lang='grc' dir='ltr'>τὸν</span> <span class='ocrx_word' id='word_1_291' title='bbox 2401 1721 2556 1791; x_wconf 73' lang='grc' dir='ltr'>ἅγιον</span> <span class='ocrx_word' id='word_1_292' title='bbox 2594 1723 2767 1792; x_wconf 84' lang='grc' dir='ltr'>τάφον</span> <span class='ocrx_word' id='word_1_293' title='bbox 2808 1723 2988 1794; x_wconf 81' lang='grc' dir='ltr'>μιλίον</span> <span class='ocrx_word' id='word_1_294' title='bbox 3022 1719 3091 1779; x_wconf 87' lang='grc' dir='ltr'>α’.</span> <span class='ocrx_word' id='word_1_295' title='bbox 3138 1722 3250 1777; x_wconf 87' lang='lat' dir='ltr'><strong>Kal</strong></span> <span class='ocrx_word' id='word_1_296' title='bbox 3285 1722 3432 1776; x_wconf 80' lang='grc' dir='ltr'>κατὰ</span> <span class='ocrx_word' id='word_1_297' title='bbox 3463 1719 3723 1783; x_wconf 79' lang='grc' dir='ltr'>ἀνατολὰς</span> 
     </span>
    </p>
   </div>
   <div class='ocr_carea' id='block_1_43' title="bbox 2140 1815 3720 1888">
    <p class='ocr_par' dir='ltr' id='par_1_43' title="bbox 2140 1815 3720 1888">
     <span class='ocr_line' id='line_1_43' title="bbox 2140 1815 3720 1888; baseline 0 -18"><span class='ocrx_word' id='word_1_298' title='bbox 2140 1815 2238 1870; x_wconf 79' lang='grc' dir='ltr'><strong>τοῦ</strong></span> <span class='ocrx_word' id='word_1_299' title='bbox 2295 1815 2458 1886; x_wconf 71' lang='grc' dir='ltr'>ὅρους</span> <span class='ocrx_word' id='word_1_300' title='bbox 2489 1816 2598 1870; x_wconf 72' lang='grc' dir='ltr'>τῶν</span> <span class='ocrx_word' id='word_1_301' title='bbox 2638 1815 2870 1872; x_wconf 79' lang='grc' dir='ltr'><strong>Ἐλαιῶν</strong></span> <span class='ocrx_word' id='word_1_302' title='bbox 2911 1816 3159 1873; x_wconf 76' lang='grc' dir='ltr'><strong>κάτωθεν</strong></span> <span class='ocrx_word' id='word_1_303' title='bbox 3213 1815 3418 1887; x_wconf 79' lang='grc' dir='ltr'>εἶναιὴ</span> <span class='ocrx_word' id='word_1_304' title='bbox 3459 1815 3720 1888; x_wconf 79' lang='grc' dir='ltr'>Βηθανία.</span> 
     </span>
    </p>
   </div>
   <div class='ocr_carea' id='block_1_44' title="bbox 2155 1904 3725 1997">
    <p class='ocr_par' dir='ltr' id='par_1_44' title="bbox 2155 1904 3725 1997">
     <span class='ocr_line' id='line_1_44' title="bbox 2155 1904 3725 1997; baseline -0.002 -33"><span class='ocrx_word' id='word_1_305' title='bbox 2155 1910 2306 1964; x_wconf 80' lang='grc' dir='ltr'>Ἐκεῖ</span> <span class='ocrx_word' id='word_1_306' title='bbox 2333 1905 2472 1965; x_wconf 76' lang='grc' dir='ltr'>εἶναι</span> <span class='ocrx_word' id='word_1_307' title='bbox 2510 1913 2539 1964; x_wconf 91' lang='lat'><strong>6</strong></span> <span class='ocrx_word' id='word_1_308' title='bbox 2589 1910 2760 1982; x_wconf 82' lang='grc' dir='ltr'>τάφος</span> <span class='ocrx_word' id='word_1_309' title='bbox 2793 1909 2889 1965; x_wconf 82' lang='lat'><strong>:06</strong></span> <span class='ocrx_word' id='word_1_310' title='bbox 2924 1912 3085 1981; x_wconf 82' lang='grc' dir='ltr'>ἁγίου</span> <span class='ocrx_word' id='word_1_311' title='bbox 3119 1911 3375 1997; x_wconf 76' lang='grc' dir='ltr'><strong>Λαζάρου</strong></span> <span class='ocrx_word' id='word_1_312' title='bbox 3401 1928 3417 1944; x_wconf 77' lang='grc' dir='ltr'><strong>ο</strong></span> <span class='ocrx_word' id='word_1_313' title='bbox 3452 1910 3549 1964; x_wconf 79' lang='grc' dir='ltr'>καὶ</span> <span class='ocrx_word' id='word_1_314' title='bbox 3590 1904 3725 1962; x_wconf 76' lang='grc' dir='ltr'>εἶναι</span> 
     </span>
    </p>
   </div>
   <div class='ocr_carea' id='block_1_45' title="bbox 2144 2002 3725 2075">
    <p class='ocr_par' dir='ltr' id='par_1_45' title="bbox 2144 2002 3725 2075">
     <span class='ocr_line' id='line_1_45' title="bbox 2144 2002 3725 2075; baseline -0.001 -18"><span class='ocrx_word' id='word_1_315' title='bbox 2144 2003 2526 2075; x_wconf 81' lang='grc' dir='ltr'>μαρμάρεῖνος</span> <span class='ocrx_word' id='word_1_316' title='bbox 2563 2004 2921 2074; x_wconf 74' lang='grc' dir='ltr'>ὡραιότατος.</span> <span class='ocrx_word' id='word_1_317' title='bbox 2954 2005 3067 2060; x_wconf 84' lang='lat' dir='ltr'><strong>Kal</strong></span> <span class='ocrx_word' id='word_1_318' title='bbox 3113 2005 3282 2060; x_wconf 82' lang='grc' dir='ltr'>κοντὰ</span> <span class='ocrx_word' id='word_1_319' title='bbox 3313 2005 3396 2065; x_wconf 84' lang='grc' dir='ltr'><strong>είς</strong></span> <span class='ocrx_word' id='word_1_320' title='bbox 3442 2003 3537 2058; x_wconf 78' lang='grc' dir='ltr'>τὸν</span> <span class='ocrx_word' id='word_1_321' title='bbox 3561 2002 3725 2073; x_wconf 74' lang='grc' dir='ltr'>τάφον</span> 
     </span>
    </p>
   </div>
   <div class='ocr_carea' id='block_1_46' title="bbox 2149 2090 3723 2170">
    <p class='ocr_par' dir='ltr' id='par_1_46' title="bbox 2149 2090 3723 2170">
     <span class='ocr_line' id='line_1_46' title="bbox 2149 2090 3723 2170; baseline 0.001 -20"><span class='ocrx_word' id='word_1_322' title='bbox 2149 2090 2294 2150; x_wconf 71' lang='grc' dir='ltr'>εἶναι</span> <span class='ocrx_word' id='word_1_323' title='bbox 2327 2099 2357 2151; x_wconf 85' lang='grc'>6</span> <span class='ocrx_word' id='word_1_324' title='bbox 2382 2095 2526 2160; x_wconf 87' lang='grc' dir='ltr'>λίθος</span> <span class='ocrx_word' id='word_1_325' title='bbox 2557 2095 2694 2151; x_wconf 75' lang='grc' dir='ltr'>ὀποῦ</span> <span class='ocrx_word' id='word_1_326' title='bbox 2716 2096 2972 2152; x_wconf 73' lang='grc' dir='ltr'>ικάθισεν</span> <span class='ocrx_word' id='word_1_327' title='bbox 3005 2099 3035 2152; x_wconf 86' lang='lat'><strong>6</strong></span> <span class='ocrx_word' id='word_1_328' title='bbox 3067 2098 3308 2170; x_wconf 69' lang='grc' dir='ltr'>Χριστος</span> <span class='ocrx_word' id='word_1_329' title='bbox 3339 2098 3408 2152; x_wconf 82' lang='grc' dir='ltr'>ὲκ</span> <span class='ocrx_word' id='word_1_330' title='bbox 3436 2096 3543 2166; x_wconf 82' lang='grc' dir='ltr'>τῆς</span> <span class='ocrx_word' id='word_1_331' title='bbox 3587 2098 3723 2152; x_wconf 76' lang='grc' dir='ltr'>ὀδοιο</span> 
     </span>
    </p>
   </div>
   <div class='ocr_carea' id='block_1_47' title="bbox 2141 2185 3724 2264">
    <p class='ocr_par' dir='ltr' id='par_1_47' title="bbox 2141 2185 3724 2264">
     <span class='ocr_line' id='line_1_47' title="bbox 2141 2185 3724 2264; baseline 0.003 -22"><span class='ocrx_word' id='word_1_332' title='bbox 2141 2190 2342 2260; x_wconf 89' lang='grc' dir='ltr'>πορίας</span> <span class='ocrx_word' id='word_1_333' title='bbox 2367 2205 2381 2218; x_wconf 90' lang='grc'><strong>·</strong></span> <span class='ocrx_word' id='word_1_334' title='bbox 2413 2190 2510 2244; x_wconf 79' lang='grc' dir='ltr'>καὶ</span> <span class='ocrx_word' id='word_1_335' title='bbox 2539 2188 2804 2263; x_wconf 78' lang='grc' dir='ltr'>ἄντικρυς</span> <span class='ocrx_word' id='word_1_336' title='bbox 2831 2190 2929 2244; x_wconf 83' lang='grc' dir='ltr'>τοῦ</span> <span class='ocrx_word' id='word_1_337' title='bbox 2958 2190 3134 2260; x_wconf 80' lang='grc' dir='ltr'>τάφου</span> <span class='ocrx_word' id='word_1_338' title='bbox 3167 2191 3308 2264; x_wconf 81' lang='grc' dir='ltr'>μέσα</span> <span class='ocrx_word' id='word_1_339' title='bbox 3350 2191 3436 2256; x_wconf 78' lang='grc' dir='ltr'><strong>είς</strong></span> <span class='ocrx_word' id='word_1_340' title='bbox 3481 2185 3546 2244; x_wconf 88' lang='lat'><strong>:6</strong></span> <span class='ocrx_word' id='word_1_341' title='bbox 3590 2191 3724 2261; x_wconf 77' lang='grc' dir='ltr'>σπήο</span> 
     </span>
    </p>
   </div>
   <div class='ocr_carea' id='block_1_48' title="bbox 2139 2275 3722 2355">
    <p class='ocr_par' dir='ltr' id='par_1_48' title="bbox 2139 2275 3722 2355">
     <span class='ocr_line' id='line_1_48' title="bbox 2139 2275 3722 2355; baseline 0.001 -21"><span class='ocrx_word' id='word_1_342' title='bbox 2139 2280 2291 2336; x_wconf 89' lang='grc' dir='ltr'>λαιον</span> <span class='ocrx_word' id='word_1_343' title='bbox 2319 2275 2457 2335; x_wconf 76' lang='grc' dir='ltr'>εἶναι</span> <span class='ocrx_word' id='word_1_344' title='bbox 2478 2281 2506 2335; x_wconf 90' lang='lat'><strong>6</strong></span> <span class='ocrx_word' id='word_1_345' title='bbox 2531 2281 2703 2352; x_wconf 80' lang='grc' dir='ltr'>τάφος</span> <span class='ocrx_word' id='word_1_346' title='bbox 2721 2285 2822 2355; x_wconf 79' lang='grc' dir='ltr'>τῆς</span> <span class='ocrx_word' id='word_1_347' title='bbox 2850 2281 3086 2353; x_wconf 76' lang='grc' dir='ltr'>Μάρθας</span> <span class='ocrx_word' id='word_1_348' title='bbox 3104 2280 3202 2338; x_wconf 80' lang='grc' dir='ltr'>καὶ</span> <span class='ocrx_word' id='word_1_349' title='bbox 3223 2283 3323 2352; x_wconf 83' lang='grc' dir='ltr'><strong>τῆς</strong></span> <span class='ocrx_word' id='word_1_350' title='bbox 3348 2281 3722 2352; x_wconf 83' lang='grc' dir='ltr'>Μαγδαλινῆς,</span> 
     </span>
    </p>
   </div>
   <div class='ocr_carea' id='block_1_49' title="bbox 2139 2362 3726 2447">
    <p class='ocr_par' dir='ltr' id='par_1_49' title="bbox 2139 2362 3726 2447">
     <span class='ocr_line' id='line_1_49' title="bbox 2139 2362 3726 2447; baseline 0.001 -21"><span class='ocrx_word' id='word_1_351' title='bbox 2139 2373 2388 2443; x_wconf 82' lang='grc' dir='ltr'>ἀδελφῶν</span> <span class='ocrx_word' id='word_1_352' title='bbox 2417 2374 2512 2428; x_wconf 82' lang='grc' dir='ltr'>τοῦ</span> <span class='ocrx_word' id='word_1_353' title='bbox 2563 2362 2846 2446; x_wconf 77' lang='grc' dir='ltr'><strong>Λαζάρου.</strong></span> <span class='ocrx_word' id='word_1_354' title='bbox 2889 2374 3167 2447; x_wconf 74' lang='grc' dir='ltr'><strong>’Δπέχειή</strong></span> <span class='ocrx_word' id='word_1_355' title='bbox 3201 2373 3455 2442; x_wconf 80' lang='grc' dir='ltr'>Βηθανία</span> <span class='ocrx_word' id='word_1_356' title='bbox 3498 2373 3609 2428; x_wconf 79' lang='grc' dir='ltr'>ἀπὺ</span> <span class='ocrx_word' id='word_1_357' title='bbox 3637 2373 3726 2428; x_wconf 70' lang='grc' dir='ltr'><strong>τὸν</strong></span> 
     </span>
    </p>
   </div>
   <div class='ocr_carea' id='block_1_50' title="bbox 2138 2464 3724 2540">
    <p class='ocr_par' dir='ltr' id='par_1_50' title="bbox 2138 2464 3724 2540">
     <span class='ocr_line' id='line_1_50' title="bbox 2138 2464 3724 2540; baseline -0.001 -19"><span class='ocrx_word' id='word_1_358' title='bbox 2138 2465 2297 2535; x_wconf 84' lang='grc' dir='ltr'>ἆγιον</span> <span class='ocrx_word' id='word_1_359' title='bbox 2323 2468 2495 2535; x_wconf 81' lang='grc' dir='ltr'>τάφον</span> <span class='ocrx_word' id='word_1_360' title='bbox 2530 2467 2682 2537; x_wconf 86' lang='grc' dir='ltr'>μίλια</span> <span class='ocrx_word' id='word_1_361' title='bbox 2713 2467 2782 2537; x_wconf 81' lang='grc' dir='ltr'><strong>β’.</strong></span> <span class='ocrx_word' id='word_1_362' title='bbox 2826 2466 2948 2520; x_wconf 75' lang='grc' dir='ltr'><strong>Ἀπ’</strong></span> <span class='ocrx_word' id='word_1_363' title='bbox 2982 2464 3147 2521; x_wconf 80' lang='grc' dir='ltr'>αὐτοῦ</span> <span class='ocrx_word' id='word_1_364' title='bbox 3185 2467 3422 2538; x_wconf 79' lang='grc' dir='ltr'>παγὲνει</span> <span class='ocrx_word' id='word_1_365' title='bbox 3455 2469 3486 2523; x_wconf 89' lang='lat'><strong>6</strong></span> <span class='ocrx_word' id='word_1_366' title='bbox 3527 2468 3724 2540; x_wconf 81' lang='grc' dir='ltr'><strong>δρόμος</strong></span> 
     </span>
    </p>
   </div>
   <div class='ocr_carea' id='block_1_51' title="bbox 2136 2557 3724 2631">
    <p class='ocr_par' dir='ltr' id='par_1_51' title="bbox 2136 2557 3724 2631">
     <span class='ocr_line' id='line_1_51' title="bbox 2136 2557 3724 2631; baseline 0.002 -19"><span class='ocrx_word' id='word_1_367' title='bbox 2136 2560 2218 2624; x_wconf 88' lang='grc' dir='ltr'><strong>είς</strong></span> <span class='ocrx_word' id='word_1_368' title='bbox 2245 2557 2346 2630; x_wconf 77' lang='grc' dir='ltr'>τὴν</span> <span class='ocrx_word' id='word_1_369' title='bbox 2382 2557 2592 2629; x_wconf 81' lang='grc' dir='ltr'>Ἰεριχὼ</span> <span class='ocrx_word' id='word_1_370' title='bbox 2623 2558 2765 2613; x_wconf 79' lang='grc' dir='ltr'>κατὰ</span> <span class='ocrx_word' id='word_1_371' title='bbox 2793 2560 2894 2629; x_wconf 75' lang='grc' dir='ltr'>τὴν</span> <span class='ocrx_word' id='word_1_372' title='bbox 2917 2559 3193 2630; x_wconf 77' lang='grc' dir='ltr'>ἀνατολὴν</span> <span class='ocrx_word' id='word_1_373' title='bbox 3227 2560 3320 2615; x_wconf 85' lang='lat'><strong>:06</strong></span> <span class='ocrx_word' id='word_1_374' title='bbox 3341 2560 3530 2631; x_wconf 62' lang='grc' dir='ltr'><strong>⁴ίιλίοιςι.</strong></span> <span class='ocrx_word' id='word_1_375' title='bbox 3551 2561 3724 2615; x_wconf 72' lang='grc' dir='ltr'>Αὐτοῦ</span> 
     </span>
    </p>
   </div>
   <div class='ocr_carea' id='block_1_52' title="bbox 2135 2651 3724 2726">
    <p class='ocr_par' dir='ltr' id='par_1_52' title="bbox 2135 2651 3724 2726">
     <span class='ocr_line' id='line_1_52' title="bbox 2135 2651 3724 2726; baseline 0.001 -20"><span class='ocrx_word' id='word_1_376' title='bbox 2135 2652 2254 2709; x_wconf 87' lang='grc' dir='ltr'>ἔναι</span> <span class='ocrx_word' id='word_1_377' title='bbox 2306 2652 2402 2708; x_wconf 76' lang='grc' dir='ltr'><strong>καὶ</strong></span> <span class='ocrx_word' id='word_1_378' title='bbox 2437 2653 2470 2725; x_wconf 86' lang='grc' dir='ltr'>ὴ</span> <span class='ocrx_word' id='word_1_379' title='bbox 2505 2651 2710 2708; x_wconf 78' lang='grc' dir='ltr'>Κλὰπα</span> <span class='ocrx_word' id='word_1_380' title='bbox 2746 2653 2883 2708; x_wconf 79' lang='grc' dir='ltr'>ὀποῦ</span> <span class='ocrx_word' id='word_1_381' title='bbox 2937 2654 3140 2708; x_wconf 80' lang='grc' dir='ltr'>ἔϐαλαν</span> <span class='ocrx_word' id='word_1_382' title='bbox 3185 2655 3314 2719; x_wconf 80' lang='grc' dir='ltr'>τοὺς</span> <span class='ocrx_word' id='word_1_383' title='bbox 3343 2655 3521 2719; x_wconf 81' lang='grc' dir='ltr'>πόδας</span> <span class='ocrx_word' id='word_1_384' title='bbox 3548 2654 3724 2726; x_wconf 75' lang='grc' dir='ltr'>Ἰησοῦ</span> 
     </span>
    </p>
   </div>
   <div class='ocr_carea' id='block_1_53' title="bbox 2133 2743 3725 2818">
    <p class='ocr_par' dir='ltr' id='par_1_53' title="bbox 2133 2743 3725 2818">
     <span class='ocr_line' id='line_1_53' title="bbox 2133 2743 3725 2818; baseline 0.003 -20"><span class='ocrx_word' id='word_1_385' title='bbox 2133 2743 2229 2798; x_wconf 80' lang='grc' dir='ltr'>τοῦ</span> <span class='ocrx_word' id='word_1_386' title='bbox 2263 2745 2503 2817; x_wconf 73' lang='grc' dir='ltr'>Χριστοῦ</span> <span class='ocrx_word' id='word_1_387' title='bbox 2538 2747 2919 2817; x_wconf 84' lang='grc' dir='ltr'>μαρμαρέἰνον</span> <span class='ocrx_word' id='word_1_388' title='bbox 2942 2763 2956 2778; x_wconf 78' lang='grc' dir='ltr'><strong>ο</strong></span> <span class='ocrx_word' id='word_1_389' title='bbox 3001 2745 3115 2817; x_wconf 76' lang='grc' dir='ltr'>ἔχει</span> <span class='ocrx_word' id='word_1_390' title='bbox 3151 2747 3250 2803; x_wconf 73' lang='grc' dir='ltr'>καὶ</span> <span class='ocrx_word' id='word_1_391' title='bbox 3277 2747 3570 2818; x_wconf 77' lang='grc' dir='ltr'>τράπεζαν</span> <span class='ocrx_word' id='word_1_392' title='bbox 3595 2745 3725 2802; x_wconf 79' lang='grc' dir='ltr'>ὀποῦ</span> 
     </span>
    </p>
   </div>
   <div class='ocr_carea' id='block_1_54' title="bbox 2133 2834 3727 2908">
    <p class='ocr_par' dir='ltr' id='par_1_54' title="bbox 2133 2834 3727 2908">
     <span class='ocr_line' id='line_1_54' title="bbox 2133 2834 3727 2908; baseline 0.002 -19"><span class='ocrx_word' id='word_1_393' title='bbox 2133 2835 2506 2907; x_wconf 81' lang='grc' dir='ltr'>λειτουργοῦν,</span> <span class='ocrx_word' id='word_1_394' title='bbox 2539 2836 2746 2892; x_wconf 74' lang='grc' dir='ltr'>ἆπτουν</span> <span class='ocrx_word' id='word_1_395' title='bbox 2793 2836 2890 2890; x_wconf 76' lang='grc' dir='ltr'>καὶ</span> <span class='ocrx_word' id='word_1_396' title='bbox 2949 2835 3224 2908; x_wconf 80' lang='grc' dir='ltr'>κανδήλας</span> <span class='ocrx_word' id='word_1_397' title='bbox 3255 2834 3333 2890; x_wconf 80' lang='grc' dir='ltr'>δ”</span> <span class='ocrx_word' id='word_1_398' title='bbox 3371 2836 3478 2890; x_wconf 71' lang='grc' dir='ltr'>καὶ</span> <span class='ocrx_word' id='word_1_399' title='bbox 3529 2838 3609 2900; x_wconf 79' lang='grc' dir='ltr'><strong>εἰς</strong></span> <span class='ocrx_word' id='word_1_400' title='bbox 3640 2834 3727 2907; x_wconf 82' lang='grc' dir='ltr'><strong>βή-</strong></span> 
     </span>
    </p>
   </div>
   <div class='ocr_carea' id='block_1_55' title="bbox 456 2912 2031 3002">
    <p class='ocr_par' dir='ltr' id='par_1_55' title="bbox 456 2912 2029 3002">
     <span class='ocr_line' id='line_1_55' title="bbox 456 2912 2029 3002; baseline 0.015 -36"><span class='ocrx_word' id='word_1_401' title='bbox 456 2912 693 2969; x_wconf 85' lang='lat' dir='ltr'><strong>eendnnt</strong></span> <span class='ocrx_word' id='word_1_402' title='bbox 735 2916 1014 2987; x_wconf 85' lang='lat' dir='ltr'><strong>lampades</strong></span> <span class='ocrx_word' id='word_1_403' title='bbox 1083 2934 1336 2992; x_wconf 87' lang='lat' dir='ltr'><strong>quatuor.</strong></span> <span class='ocrx_word' id='word_1_404' title='bbox 1392 2925 1677 3002; x_wconf 86' lang='lat' dir='ltr'><strong>Propeque</strong></span> <span class='ocrx_word' id='word_1_405' title='bbox 1731 2921 1862 2987; x_wconf 85' lang='lat' dir='ltr'><strong>ante</strong></span> <span class='ocrx_word' id='word_1_406' title='bbox 1910 2947 2029 2990; x_wconf 86' lang='lat' dir='ltr'><strong>eam</strong></span> 
     </span>
    </p>
   </div>
   <div class='ocr_carea' id='block_1_56' title="bbox 2139 2912 3725 3002">
    <p class='ocr_par' dir='ltr' id='par_1_56' title="bbox 2139 2925 3725 3001">
     <span class='ocr_line' id='line_1_56' title="bbox 2139 2925 3725 3001; baseline -0.001 -19"><span class='ocrx_word' id='word_1_407' title='bbox 2139 2945 2286 2997; x_wconf 83' lang='grc' dir='ltr'>ματα</span> <span class='ocrx_word' id='word_1_408' title='bbox 2318 2936 2351 2983; x_wconf 82' lang='grc' dir='ltr'>ι’</span> <span class='ocrx_word' id='word_1_409' title='bbox 2384 2925 2525 2984; x_wconf 73' lang='grc' dir='ltr'>εἶναι</span> <span class='ocrx_word' id='word_1_410' title='bbox 2558 2931 2590 3000; x_wconf 79' lang='grc' dir='ltr'>ἡ</span> <span class='ocrx_word' id='word_1_411' title='bbox 2623 2928 2841 2995; x_wconf 76' lang='grc' dir='ltr'>κολόνα,</span> <span class='ocrx_word' id='word_1_412' title='bbox 2865 2928 3001 2984; x_wconf 79' lang='grc' dir='ltr'>ὀποῦ</span> <span class='ocrx_word' id='word_1_413' title='bbox 3040 2929 3259 3001; x_wconf 88' lang='grc' dir='ltr'>ἔδειραν</span> <span class='ocrx_word' id='word_1_414' title='bbox 3306 2933 3400 2983; x_wconf 76' lang='grc' dir='ltr'>τὸν</span> <span class='ocrx_word' id='word_1_415' title='bbox 3435 2927 3650 3001; x_wconf 77' lang='grc' dir='ltr'>Κύριον</span> <span class='ocrx_word' id='word_1_416' title='bbox 3679 2927 3725 2982; x_wconf 76' lang='lat' dir='ltr'><strong>oi</strong></span> 
     </span>
    </p>
   </div>
   <div class='ocr_carea' id='block_1_57' title="bbox 457 3002 2031 3094">
    <p class='ocr_par' dir='ltr' id='par_1_57' title="bbox 457 3002 2028 3092">
     <span class='ocr_line' id='line_1_57' title="bbox 457 3002 2028 3092; baseline 0.018 -36"><span class='ocrx_word' id='word_1_417' title='bbox 457 3002 627 3072; x_wconf 88' lang='lat' dir='ltr'><strong>locus,</strong></span> <span class='ocrx_word' id='word_1_418' title='bbox 663 3006 716 3062; x_wconf 90' lang='lat' dir='ltr'><strong>in</strong></span> <span class='ocrx_word' id='word_1_419' title='bbox 759 3023 868 3078; x_wconf 88' lang='lat' dir='ltr'><strong>quo</strong></span> <span class='ocrx_word' id='word_1_420' title='bbox 894 3009 1076 3068; x_wconf 85' lang='lat' dir='ltr'><strong>clavos</strong></span> <span class='ocrx_word' id='word_1_421' title='bbox 1104 3015 1478 3085; x_wconf 80' lang='lat' dir='ltr'><strong>confecerunt,</strong></span> <span class='ocrx_word' id='word_1_422' title='bbox 1512 3023 1710 3092; x_wconf 87' lang='lat' dir='ltr'><strong>quibus</strong></span> <span class='ocrx_word' id='word_1_423' title='bbox 1743 3028 1892 3082; x_wconf 89' lang='lat' dir='ltr'><strong>cruci</strong></span> <span class='ocrx_word' id='word_1_424' title='bbox 1919 3028 2028 3083; x_wconf 87' lang='lat' dir='ltr'><strong>Do-</strong></span> 
     </span>
    </p>
   </div>
   <div class='ocr_carea' id='block_1_58' title="bbox 2139 3002 3726 3094">
    <p class='ocr_par' dir='ltr' id='par_1_58' title="bbox 2143 3014 3726 3094">
     <span class='ocr_line' id='line_1_58' title="bbox 2143 3014 3726 3094; baseline -0.001 -18"><span class='ocrx_word' id='word_1_425' title='bbox 2143 3021 2421 3077; x_wconf 75' lang='grc' dir='ltr'><strong>Ἰουδαῖοι⁸</strong></span> <span class='ocrx_word' id='word_1_426' title='bbox 2459 3021 2667 3076; x_wconf 72' lang='grc' dir='ltr'>ἃπτουν</span> <span class='ocrx_word' id='word_1_427' title='bbox 2700 3021 2976 3092; x_wconf 77' lang='grc' dir='ltr'>κανδήλας</span> <span class='ocrx_word' id='word_1_428' title='bbox 3009 3021 3074 3076; x_wconf 84' lang='grc' dir='ltr'>δ’.</span> <span class='ocrx_word' id='word_1_429' title='bbox 3107 3021 3476 3094; x_wconf 77' lang='grc' dir='ltr'>Ἐμπροσθεν</span> <span class='ocrx_word' id='word_1_430' title='bbox 3529 3014 3669 3076; x_wconf 76' lang='grc' dir='ltr'>εἶναι</span> <span class='ocrx_word' id='word_1_431' title='bbox 3699 3022 3726 3076; x_wconf 86' lang='lat'><strong>6</strong></span> 
     </span>
    </p>
   </div>
   <div class='ocr_carea' id='block_1_59' title="bbox 455 3097 2031 3186">
    <p class='ocr_par' dir='ltr' id='par_1_59' title="bbox 455 3097 2028 3183">
     <span class='ocr_line' id='line_1_59' title="bbox 455 3097 2028 3183; baseline 0.018 -31"><span class='ocrx_word' id='word_1_432' title='bbox 455 3097 660 3155; x_wconf 75' lang='lat' dir='ltr'><strong>mitium</strong></span> <span class='ocrx_word' id='word_1_433' title='bbox 689 3102 1003 3162; x_wconf 77' lang='lat' dir='ltr'><strong>aliixerunt.</strong></span> <span class='ocrx_word' id='word_1_434' title='bbox 1039 3108 1318 3180; x_wconf 84' lang='lat' dir='ltr'><strong>Pauloque</strong></span> <span class='ocrx_word' id='word_1_435' title='bbox 1364 3127 1512 3183; x_wconf 90' lang='lat' dir='ltr'><strong>ante,</strong></span> <span class='ocrx_word' id='word_1_436' title='bbox 1548 3117 1604 3172; x_wconf 93' lang='lat' dir='ltr'><strong>in</strong></span> <span class='ocrx_word' id='word_1_437' title='bbox 1640 3120 1838 3175; x_wconf 87' lang='lat' dir='ltr'><strong>sacello</strong></span> <span class='ocrx_word' id='word_1_438' title='bbox 1870 3122 2028 3179; x_wconf 80' lang='lat' dir='ltr'><strong>Italo~</strong></span> 
     </span>
    </p>
   </div>
   <div class='ocr_carea' id='block_1_60' title="bbox 2139 3097 3724 3186">
    <p class='ocr_par' dir='ltr' id='par_1_60' title="bbox 2139 3113 3724 3186">
     <span class='ocr_line' id='line_1_60' title="bbox 2139 3113 3724 3186; baseline -0.001 -16"><span class='ocrx_word' id='word_1_439' title='bbox 2139 3115 2300 3179; x_wconf 80' lang='grc' dir='ltr'>τόπος</span> <span class='ocrx_word' id='word_1_440' title='bbox 2352 3114 2486 3169; x_wconf 83' lang='grc' dir='ltr'>ὀποῦ</span> <span class='ocrx_word' id='word_1_441' title='bbox 2516 3114 2780 3184; x_wconf 77' lang='grc' dir='ltr'>ἐποίησαν</span> <span class='ocrx_word' id='word_1_442' title='bbox 2820 3114 2949 3180; x_wconf 77' lang='grc' dir='ltr'>τοὺς</span> <span class='ocrx_word' id='word_1_443' title='bbox 2973 3113 3160 3186; x_wconf 79' lang='grc' dir='ltr'>ἥλους,</span> <span class='ocrx_word' id='word_1_444' title='bbox 3195 3115 3293 3169; x_wconf 77' lang='grc' dir='ltr'>καὶ</span> <span class='ocrx_word' id='word_1_445' title='bbox 3323 3115 3724 3185; x_wconf 78' lang='grc' dir='ltr'>ὲπροσήλωσαν</span> 
     </span>
    </p>
   </div>
   <div class='ocr_carea' id='block_1_61' title="bbox 455 3195 2031 3296">
    <p class='ocr_par' dir='ltr' id='par_1_61' title="bbox 455 3195 2024 3277">
     <span class='ocr_line' id='line_1_61' title="bbox 455 3195 2024 3277; baseline 0.015 -31"><span class='ocrx_word' id='word_1_446' title='bbox 455 3205 601 3261; x_wconf 89' lang='lat' dir='ltr'><strong>rum,</strong></span> <span class='ocrx_word' id='word_1_447' title='bbox 633 3195 688 3250; x_wconf 92' lang='lat' dir='ltr'><strong>in</strong></span> <span class='ocrx_word' id='word_1_448' title='bbox 720 3198 1056 3269; x_wconf 83' lang='lat' dir='ltr'><strong>pavimento,</strong></span> <span class='ocrx_word' id='word_1_449' title='bbox 1088 3213 1170 3258; x_wconf 92' lang='lat' dir='ltr'><strong>est</strong></span> <span class='ocrx_word' id='word_1_450' title='bbox 1204 3221 1449 3263; x_wconf 88' lang='lat' dir='ltr'><strong>marmor</strong></span> <span class='ocrx_word' id='word_1_451' title='bbox 1485 3211 1797 3277; x_wconf 87' lang='lat' dir='ltr'><strong>candidum,</strong></span> <span class='ocrx_word' id='word_1_452' title='bbox 1828 3213 2024 3270; x_wconf 85' lang='lat' dir='ltr'><strong>rotun-</strong></span> 
     </span>
    </p>
   </div>
   <div class='ocr_carea' id='block_1_62' title="bbox 2139 3195 3725 3296">
    <p class='ocr_par' dir='ltr' id='par_1_62' title="bbox 2139 3204 3725 3281">
     <span class='ocr_line' id='line_1_62' title="bbox 2139 3204 3725 3281; baseline -0.002 -17"><span class='ocrx_word' id='word_1_453' title='bbox 2139 3209 2221 3264; x_wconf 84' lang='lat' dir='ltr'><em>:6v</em></span> <span class='ocrx_word' id='word_1_454' title='bbox 2249 3207 2455 3281; x_wconf 80' lang='grc' dir='ltr'>Κύριον</span> <span class='ocrx_word' id='word_1_455' title='bbox 2483 3208 2542 3261; x_wconf 72' lang='grc' dir='ltr'><strong>ἔν</strong></span> <span class='ocrx_word' id='word_1_456' title='bbox 2581 3207 2659 3275; x_wconf 82' lang='grc' dir='ltr'>τῷ</span> <span class='ocrx_word' id='word_1_457' title='bbox 2683 3204 2923 3280; x_wconf 82' lang='grc' dir='ltr'>σταυρῷ.</span> <span class='ocrx_word' id='word_1_458' title='bbox 2953 3206 3131 3261; x_wconf 79' lang='grc' dir='ltr'>Αὐτοῦ</span> <span class='ocrx_word' id='word_1_459' title='bbox 3164 3206 3376 3279; x_wconf 82' lang='grc' dir='ltr'>ὲμπρός</span> <span class='ocrx_word' id='word_1_460' title='bbox 3406 3209 3496 3273; x_wconf 84' lang='grc' dir='ltr'><strong>είς</strong></span> <span class='ocrx_word' id='word_1_461' title='bbox 3526 3209 3590 3262; x_wconf 83' lang='lat'><strong>:6</strong></span> <span class='ocrx_word' id='word_1_462' title='bbox 3625 3225 3725 3262; x_wconf 80' lang='grc' dir='ltr'>πα-</span> 
     </span>
    </p>
   </div>
   <div class='ocr_carea' id='block_1_63' title="bbox 453 3287 2031 3375">
    <p class='ocr_par' dir='ltr' id='par_1_63' title="bbox 453 3287 2028 3371">
     <span class='ocr_line' id='line_1_63' title="bbox 453 3287 2028 3371; baseline 0.015 -30"><span class='ocrx_word' id='word_1_463' title='bbox 453 3287 602 3352; x_wconf 84' lang='lat' dir='ltr'><strong>dum,</strong></span> <span class='ocrx_word' id='word_1_464' title='bbox 647 3298 715 3344; x_wconf 85' lang='lat' dir='ltr'><strong>‘et</strong></span> <span class='ocrx_word' id='word_1_465' title='bbox 769 3290 822 3346; x_wconf 93' lang='lat' dir='ltr'><strong>in</strong></span> <span class='ocrx_word' id='word_1_466' title='bbox 856 3295 1035 3350; x_wconf 89' lang='lat' dir='ltr'><strong>medio</strong></span> <span class='ocrx_word' id='word_1_467' title='bbox 1088 3295 1353 3364; x_wconf 82' lang='lat' dir='ltr'><strong>foramen,</strong></span> <span class='ocrx_word' id='word_1_468' title='bbox 1399 3301 1463 3354; x_wconf 88' lang='lat' dir='ltr'><strong>ad</strong></span> <span class='ocrx_word' id='word_1_469' title='bbox 1510 3305 1652 3371; x_wconf 89' lang='lat' dir='ltr'><strong>quod</strong></span> <span class='ocrx_word' id='word_1_470' title='bbox 1688 3320 1808 3360; x_wconf 93' lang='lat' dir='ltr'><strong>cum</strong></span> <span class='ocrx_word' id='word_1_471' title='bbox 1866 3321 2028 3366; x_wconf 86' lang='lat' dir='ltr'><strong>aures</strong></span> 
     </span>
    </p>
   </div>
   <div class='ocr_carea' id='block_1_64' title="bbox 2139 3287 3718 3375">
    <p class='ocr_par' dir='ltr' id='par_1_64' title="bbox 2139 3299 3718 3375">
     <span class='ocr_line' id='line_1_64' title="bbox 2139 3299 3718 3375; baseline -0.001 -18"><span class='ocrx_word' id='word_1_472' title='bbox 2139 3303 2433 3375; x_wconf 77' lang='grc' dir='ltr'>ρακλήσιον</span> <span class='ocrx_word' id='word_1_473' title='bbox 2451 3300 2560 3356; x_wconf 85' lang='grc' dir='ltr'>τῶν</span> <span class='ocrx_word' id='word_1_474' title='bbox 2581 3301 2807 3357; x_wconf 84' lang='grc' dir='ltr'>Ἰταλῶν</span> <span class='ocrx_word' id='word_1_475' title='bbox 2830 3302 2913 3366; x_wconf 87' lang='grc' dir='ltr'><strong>είς</strong></span> <span class='ocrx_word' id='word_1_476' title='bbox 2939 3301 3000 3355; x_wconf 86' lang='lat'><strong>:6</strong></span> <span class='ocrx_word' id='word_1_477' title='bbox 3029 3300 3228 3371; x_wconf 88' lang='grc' dir='ltr'>ἔδαφος</span> <span class='ocrx_word' id='word_1_478' title='bbox 3262 3299 3379 3373; x_wconf 77' lang='grc' dir='ltr'>ἔχει</span> <span class='ocrx_word' id='word_1_479' title='bbox 3410 3302 3718 3374; x_wconf 81' lang='grc' dir='ltr'>μαρμάρον</span> 
     </span>
    </p>
   </div>
   <div class='ocr_carea' id='block_1_65' title="bbox 453 3379 2031 3497">
    <p class='ocr_par' dir='ltr' id='par_1_65' title="bbox 453 3379 2031 3472">
     <span class='ocr_line' id='line_1_65' title="bbox 453 3379 2031 3472; baseline 0.016 -41"><span class='ocrx_word' id='word_1_480' title='bbox 453 3379 727 3449; x_wconf 86' lang='lat' dir='ltr'><strong>applicant</strong></span> <span class='ocrx_word' id='word_1_481' title='bbox 776 3380 1027 3440; x_wconf 84' lang='lat' dir='ltr'><strong>homines</strong></span> <span class='ocrx_word' id='word_1_482' title='bbox 1059 3388 1292 3444; x_wconf 88' lang='lat' dir='ltr'><strong>audiunt</strong></span> <span class='ocrx_word' id='word_1_483' title='bbox 1342 3392 1395 3446; x_wconf 90' lang='lat' dir='ltr'><strong>in</strong></span> <span class='ocrx_word' id='word_1_484' title='bbox 1434 3393 1628 3450; x_wconf 86' lang='lat' dir='ltr'><strong>incude</strong></span> <span class='ocrx_word' id='word_1_485' title='bbox 1658 3398 1783 3457; x_wconf 71' lang='lat' dir='ltr'><strong>aeris</strong></span> <span class='ocrx_word' id='word_1_486' title='bbox 1832 3403 2031 3472; x_wconf 54' lang='lat' dir='ltr'><strong>strepin</strong></span> 
     </span>
    </p>
   </div>
   <div class='ocr_carea' id='block_1_66' title="bbox 2139 3379 3717 3497">
    <p class='ocr_par' dir='ltr' id='par_1_66' title="bbox 2139 3393 3717 3497">
     <span class='ocr_line' id='line_1_66' title="bbox 2139 3393 3717 3497; baseline -0.003 -48"><span class='ocrx_word' id='word_1_487' title='bbox 2139 3395 2325 3450; x_wconf 76' lang='grc' dir='ltr'>λευκὸν</span> <span class='ocrx_word' id='word_1_488' title='bbox 2359 3394 2730 3465; x_wconf 72' lang='grc' dir='ltr'>στρογγύλον,</span> <span class='ocrx_word' id='word_1_489' title='bbox 2785 3397 2881 3448; x_wconf 78' lang='grc' dir='ltr'>καὶ</span> <span class='ocrx_word' id='word_1_490' title='bbox 2911 3396 2992 3459; x_wconf 87' lang='grc' dir='ltr'><strong>είς</strong></span> <span class='ocrx_word' id='word_1_491' title='bbox 3032 3393 3094 3447; x_wconf 82' lang='lat'><strong>:6</strong></span> <span class='ocrx_word' id='word_1_492' title='bbox 3125 3395 3292 3465; x_wconf 77' lang='grc' dir='ltr'>μέσον</span> <span class='ocrx_word' id='word_1_493' title='bbox 3331 3393 3451 3497; x_wconf 59' lang='grc' dir='ltr'>ἔχει</span> <span class='ocrx_word' id='word_1_494' title='bbox 3483 3393 3717 3497; x_wconf 66' lang='grc' dir='ltr'>τρύπαν,</span> 
     </span>
    </p>
   </div>
   <div class='ocr_carea' id='block_1_67' title="bbox 455 3476 2031 3562">
    <p class='ocr_par' dir='ltr' id='par_1_67' title="bbox 455 3476 2026 3562">
     <span class='ocr_line' id='line_1_67' title="bbox 455 3476 2026 3562; baseline 0.017 -39"><span class='ocrx_word' id='word_1_495' title='bbox 455 3480 590 3536; x_wconf 82' lang='grc' dir='ltr'>ιυιη,</span> <span class='ocrx_word' id='word_1_496' title='bbox 621 3487 686 3528; x_wconf 88' lang='lat' dir='ltr'><strong>ex</strong></span> <span class='ocrx_word' id='word_1_497' title='bbox 734 3489 845 3545; x_wconf 89' lang='lat' dir='ltr'><strong>quo</strong></span> <span class='ocrx_word' id='word_1_498' title='bbox 883 3476 1020 3533; x_wconf 82' lang='lat' dir='ltr'><strong>clavi</strong></span> <span class='ocrx_word' id='word_1_499' title='bbox 1059 3480 1294 3539; x_wconf 80' lang='lat' dir='ltr'><strong>confecti</strong></span> <span class='ocrx_word' id='word_1_500' title='bbox 1333 3493 1461 3540; x_wconf 86' lang='lat' dir='ltr'><strong>sunt</strong></span> <span class='ocrx_word' id='word_1_501' title='bbox 1494 3504 1508 3542; x_wconf 86' lang='lat'><strong>:</strong></span> <span class='ocrx_word' id='word_1_502' title='bbox 1543 3488 1922 3562; x_wconf 85' lang='lat' dir='ltr'><strong>detineturque</strong></span> <span class='ocrx_word' id='word_1_503' title='bbox 1953 3493 2026 3549; x_wconf 87' lang='lat' dir='ltr'><strong>ibi</strong></span> 
     </span>
    </p>
   </div>
   <div class='ocr_carea' id='block_1_68' title="bbox 2139 3476 3718 3562">
    <p class='ocr_par' dir='ltr' id='par_1_68' title="bbox 2139 3485 3718 3560">
     <span class='ocr_line' id='line_1_68' title="bbox 2139 3485 3718 3560; baseline -0.004 -16"><span class='ocrx_word' id='word_1_504' title='bbox 2139 3492 2229 3545; x_wconf 73' lang='grc' dir='ltr'>καὶ</span> <span class='ocrx_word' id='word_1_505' title='bbox 2253 3487 2476 3560; x_wconf 76' lang='grc' dir='ltr'>βάνουσι</span> <span class='ocrx_word' id='word_1_506' title='bbox 2513 3487 2688 3560; x_wconf 68' lang='grc' dir='ltr'>ταύτῃ</span> <span class='ocrx_word' id='word_1_507' title='bbox 2734 3488 2863 3554; x_wconf 82' lang='grc' dir='ltr'>τοῦς</span> <span class='ocrx_word' id='word_1_508' title='bbox 2896 3488 2946 3541; x_wconf 87' lang='grc' dir='ltr'><strong>οί</strong></span> <span class='ocrx_word' id='word_1_509' title='bbox 2977 3485 3285 3559; x_wconf 80' lang='grc' dir='ltr'>ἄνθρωποι,</span> <span class='ocrx_word' id='word_1_510' title='bbox 3317 3485 3417 3542; x_wconf 72' lang='grc' dir='ltr'>καὶ</span> <span class='ocrx_word' id='word_1_511' title='bbox 3452 3485 3718 3559; x_wconf 84' lang='grc' dir='ltr'>γρυκοῦσι</span> 
     </span>
    </p>
   </div>
   <div class='ocr_carea' id='block_1_69' title="bbox 451 3565 2031 3656">
    <p class='ocr_par' dir='ltr' id='par_1_69' title="bbox 451 3565 2026 3656">
     <span class='ocr_line' id='line_1_69' title="bbox 451 3565 2026 3656; baseline 0.017 -38"><span class='ocrx_word' id='word_1_512' title='bbox 451 3565 668 3633; x_wconf 80' lang='lat' dir='ltr'><strong>artifex,</strong></span> <span class='ocrx_word' id='word_1_513' title='bbox 704 3567 869 3624; x_wconf 81' lang='lat' dir='ltr'><strong>veluti</strong></span> <span class='ocrx_word' id='word_1_514' title='bbox 926 3570 982 3625; x_wconf 90' lang='lat' dir='ltr'><strong>in</strong></span> <span class='ocrx_word' id='word_1_515' title='bbox 1011 3585 1254 3639; x_wconf 85' lang='lat' dir='ltr'><strong>carcere,</strong></span> <span class='ocrx_word' id='word_1_516' title='bbox 1290 3591 1462 3647; x_wconf 88' lang='lat' dir='ltr'><strong>usque</strong></span> <span class='ocrx_word' id='word_1_517' title='bbox 1511 3581 1579 3637; x_wconf 88' lang='lat' dir='ltr'><strong>ad</strong></span> <span class='ocrx_word' id='word_1_518' title='bbox 1621 3582 1761 3639; x_wconf 88' lang='lat' dir='ltr'><strong>diem</strong></span> <span class='ocrx_word' id='word_1_519' title='bbox 1813 3586 2026 3656; x_wconf 71' lang='lat' dir='ltr'><strong>iudicii.</strong></span> 
     </span>
    </p>
   </div>
   <div class='ocr_carea' id='block_1_70' title="bbox 2139 3565 3721 3656">
    <p class='ocr_par' dir='ltr' id='par_1_70' title="bbox 2139 3579 3721 3656">
     <span class='ocr_line' id='line_1_70' title="bbox 2139 3579 3721 3656; baseline -0.002 -18"><span class='ocrx_word' id='word_1_520' title='bbox 2139 3585 2223 3640; x_wconf 88' lang='lat' dir='ltr'><em>:6v</em></span> <span class='ocrx_word' id='word_1_521' title='bbox 2277 3583 2479 3656; x_wconf 86' lang='grc' dir='ltr'>χαλκὸν</span> <span class='ocrx_word' id='word_1_522' title='bbox 2522 3583 2660 3638; x_wconf 79' lang='grc' dir='ltr'>ὀποῦ</span> <span class='ocrx_word' id='word_1_523' title='bbox 2720 3583 2929 3654; x_wconf 85' lang='grc' dir='ltr'>ἔκαμεν</span> <span class='ocrx_word' id='word_1_524' title='bbox 2978 3583 3108 3646; x_wconf 75' lang='grc' dir='ltr'>τοὺς</span> <span class='ocrx_word' id='word_1_525' title='bbox 3161 3581 3347 3655; x_wconf 76' lang='grc' dir='ltr'>ἥλους,</span> <span class='ocrx_word' id='word_1_526' title='bbox 3385 3583 3487 3638; x_wconf 69' lang='grc' dir='ltr'>καὶ</span> <span class='ocrx_word' id='word_1_527' title='bbox 3542 3579 3721 3650; x_wconf 64' lang='grc' dir='ltr'>κτυπᾷ</span> 
     </span>
    </p>
   </div>
   <div class='ocr_carea' id='block_1_71' title="bbox 453 3657 2031 3750">
    <p class='ocr_par' dir='ltr' id='par_1_71' title="bbox 453 3657 2025 3740">
     <span class='ocr_line' id='line_1_71' title="bbox 453 3657 2025 3740; baseline 0.016 -28"><span class='ocrx_word' id='word_1_528' title='bbox 453 3657 620 3714; x_wconf 79' lang='lat' dir='ltr'><strong>Retro</strong></span> <span class='ocrx_word' id='word_1_529' title='bbox 644 3661 698 3715; x_wconf 89' lang='lat' dir='ltr'><strong>in</strong></span> <span class='ocrx_word' id='word_1_530' title='bbox 727 3671 915 3718; x_wconf 89' lang='lat' dir='ltr'><strong>sancto</strong></span> <span class='ocrx_word' id='word_1_531' title='bbox 939 3665 1177 3732; x_wconf 83' lang='lat' dir='ltr'><strong>hemate,</strong></span> <span class='ocrx_word' id='word_1_532' title='bbox 1216 3667 1485 3740; x_wconf 89' lang='lat' dir='ltr'><strong>dispertiti</strong></span> <span class='ocrx_word' id='word_1_533' title='bbox 1528 3685 1656 3730; x_wconf 86' lang='lat' dir='ltr'><strong>sunt</strong></span> <span class='ocrx_word' id='word_1_534' title='bbox 1698 3679 2025 3738; x_wconf 76' lang='lat' dir='ltr'><strong>vestimenta</strong></span> 
     </span>
    </p>
   </div>
   <div class='ocr_carea' id='block_1_72' title="bbox 2139 3657 3718 3750">
    <p class='ocr_par' dir='ltr' id='par_1_72' title="bbox 2139 3670 3718 3750">
     <span class='ocr_line' id='line_1_72' title="bbox 2139 3670 3718 3750; baseline -0.006 -15"><span class='ocrx_word' id='word_1_535' title='bbox 2139 3681 2210 3744; x_wconf 73' lang='grc' dir='ltr'><strong>είς</strong></span> <span class='ocrx_word' id='word_1_536' title='bbox 2235 3679 2296 3734; x_wconf 87' lang='lat'><strong>:6</strong></span> <span class='ocrx_word' id='word_1_537' title='bbox 2324 3679 2561 3750; x_wconf 80' lang='grc' dir='ltr'>ἀμὸνην,</span> <span class='ocrx_word' id='word_1_538' title='bbox 2606 3678 2702 3733; x_wconf 71' lang='grc' dir='ltr'>καὶ</span> <span class='ocrx_word' id='word_1_539' title='bbox 2725 3674 2867 3733; x_wconf 75' lang='grc' dir='ltr'>εἶναι</span> <span class='ocrx_word' id='word_1_540' title='bbox 2895 3670 3015 3731; x_wconf 58' lang='lat' dir='ltr'><strong>ira!</strong></span> <span class='ocrx_word' id='word_1_541' title='bbox 3044 3675 3451 3748; x_wconf 76' lang='grc' dir='ltr'>φυλακισμένος</span> <span class='ocrx_word' id='word_1_542' title='bbox 3488 3675 3598 3739; x_wconf 85' lang='grc' dir='ltr'>ἔως</span> <span class='ocrx_word' id='word_1_543' title='bbox 3624 3675 3718 3744; x_wconf 76' lang='grc' dir='ltr'>τὴν</span> 
     </span>
    </p>
   </div>
   <div class='ocr_carea' id='block_1_73' title="bbox 450 3750 2031 3844">
    <p class='ocr_par' dir='ltr' id='par_1_73' title="bbox 450 3750 2026 3830">
     <span class='ocr_line' id='line_1_73' title="bbox 450 3750 2026 3830; baseline 0.016 -26"><span class='ocrx_word' id='word_1_544' title='bbox 450 3750 678 3819; x_wconf 80' lang='lat' dir='ltr'><strong>Christi,</strong></span> <span class='ocrx_word' id='word_1_545' title='bbox 709 3759 767 3808; x_wconf 85' lang='lat' dir='ltr'><strong>ut</strong></span> <span class='ocrx_word' id='word_1_546' title='bbox 794 3750 1064 3824; x_wconf 85' lang='lat' dir='ltr'><strong>Propheta</strong></span> <span class='ocrx_word' id='word_1_547' title='bbox 1093 3756 1168 3812; x_wconf 89' lang='lat' dir='ltr'><strong>ait</strong></span> <span class='ocrx_word' id='word_1_548' title='bbox 1201 3776 1215 3813; x_wconf 91' lang='lat'><strong>:</strong></span> <span class='ocrx_word' id='word_1_549' title='bbox 1245 3757 1550 3819; x_wconf 70' lang='lat' dir='ltr'><strong>Divisa-unt</strong></span> <span class='ocrx_word' id='word_1_550' title='bbox 1585 3768 1685 3822; x_wconf 74' lang='lat' dir='ltr'><strong>sibi</strong></span> <span class='ocrx_word' id='word_1_551' title='bbox 1722 3772 2026 3830; x_wconf 76' lang='lat' dir='ltr'><strong>vestimenta</strong></span> 
     </span>
    </p>
   </div>
   <div class='ocr_carea' id='block_1_74' title="bbox 2139 3750 3717 3844">
    <p class='ocr_par' dir='ltr' id='par_1_74' title="bbox 2139 3767 3717 3844">
     <span class='ocr_line' id='line_1_74' title="bbox 2139 3767 3717 3844; baseline -0.002 -18"><span class='ocrx_word' id='word_1_552' title='bbox 2139 3771 2347 3844; x_wconf 62' lang='grc' dir='ltr'>ἡμέραν</span> <span class='ocrx_word' id='word_1_553' title='bbox 2377 3771 2479 3843; x_wconf 82' lang='grc' dir='ltr'>τῆς</span> <span class='ocrx_word' id='word_1_554' title='bbox 2513 3772 2775 3843; x_wconf 84' lang='grc' dir='ltr'>κρίσεως.</span> <span class='ocrx_word' id='word_1_555' title='bbox 2822 3769 2933 3825; x_wconf 84' lang='lat' dir='ltr'><strong>Kal</strong></span> <span class='ocrx_word' id='word_1_556' title='bbox 2974 3769 3205 3824; x_wconf 75' lang='grc' dir='ltr'>ὄπισθεν</span> <span class='ocrx_word' id='word_1_557' title='bbox 3232 3770 3314 3834; x_wconf 82' lang='grc' dir='ltr'><strong>είς</strong></span> <span class='ocrx_word' id='word_1_558' title='bbox 3347 3768 3407 3824; x_wconf 84' lang='lat'><strong>:6</strong></span> <span class='ocrx_word' id='word_1_559' title='bbox 3438 3769 3602 3838; x_wconf 75' lang='grc' dir='ltr'>ἆγιον</span> <span class='ocrx_word' id='word_1_560' title='bbox 3625 3767 3717 3838; x_wconf 77' lang='grc' dir='ltr'><strong>βῆ-</strong></span> 
     </span>
    </p>
   </div>
   <div class='ocr_carea' id='block_1_75' title="bbox 451 3847 3714 3937">
    <p class='ocr_par' dir='ltr' id='par_1_75' title="bbox 451 3847 3714 3937">
     <span class='ocr_line' id='line_1_75' title="bbox 451 3847 3714 3937; baseline 0.001 -26"><span class='ocrx_word' id='word_1_561' title='bbox 451 3861 566 3902; x_wconf 66' lang='grc' dir='ltr'><strong>πιεα</strong></span> <span class='ocrx_word' id='word_1_562' title='bbox 593 3847 638 3915; x_wconf 71' lang='grc' dir='ltr'><strong>⁸ο</strong></span> <span class='ocrx_word' id='word_1_563' title='bbox 674 3854 730 3904; x_wconf 73' lang='grc' dir='ltr'>ει</span> <span class='ocrx_word' id='word_1_564' title='bbox 759 3855 976 3906; x_wconf 60' lang='grc' dir='ltr'><strong>εκῑθΐεο</strong></span> <span class='ocrx_word' id='word_1_565' title='bbox 2134 3882 2212 3936; x_wconf 86' lang='grc' dir='ltr'><strong>μα</strong></span> <span class='ocrx_word' id='word_1_566' title='bbox 2237 3854 2383 3920; x_wconf 71' lang='grc' dir='ltr'>εἶναι</span> <span class='ocrx_word' id='word_1_567' title='bbox 2409 3865 2438 3919; x_wconf 91' lang='lat'><strong>6</strong></span> <span class='ocrx_word' id='word_1_568' title='bbox 2468 3864 2635 3928; x_wconf 83' lang='grc' dir='ltr'>τόπος</span> <span class='ocrx_word' id='word_1_569' title='bbox 2665 3864 2800 3918; x_wconf 79' lang='grc' dir='ltr'>ὀποῦ</span> <span class='ocrx_word' id='word_1_570' title='bbox 2830 3862 3266 3937; x_wconf 74' lang='grc' dir='ltr'>διεμερίσθησαν</span> <span class='ocrx_word' id='word_1_571' title='bbox 3296 3862 3366 3916; x_wconf 81' lang='grc' dir='ltr'>τὰ</span> <span class='ocrx_word' id='word_1_572' title='bbox 3398 3861 3605 3934; x_wconf 82' lang='grc' dir='ltr'>ιμὰτια</span> <span class='ocrx_word' id='word_1_573' title='bbox 3626 3859 3714 3916; x_wconf 86' lang='lat'><strong>:06</strong></span> 
     </span>
    </p>
   </div>
   <div class='ocr_carea' id='block_1_76' title="bbox 2131 3953 3714 4030">
    <p class='ocr_par' dir='ltr' id='par_1_76' title="bbox 2131 3953 3714 4030">
     <span class='ocr_line' id='line_1_76' title="bbox 2131 3953 3714 4030; baseline -0.003 -20"><span class='ocrx_word' id='word_1_574' title='bbox 2131 3955 2574 4030; x_wconf 80' lang='grc' dir='ltr'>Κυρίου,καθώς</span> <span class='ocrx_word' id='word_1_575' title='bbox 2624 3972 2794 4028; x_wconf 79' lang='grc' dir='ltr'>φησιν</span> <span class='ocrx_word' id='word_1_576' title='bbox 2845 3956 2874 4008; x_wconf 88' lang='lat'><strong>6</strong></span> <span class='ocrx_word' id='word_1_577' title='bbox 2909 3956 3237 4027; x_wconf 77' lang='grc' dir='ltr'>Προφήτηςο</span> <span class='ocrx_word' id='word_1_578' title='bbox 3289 3953 3714 4023; x_wconf 72' lang='grc' dir='ltr'>Διεμερίσαντο</span> 
     </span>
    </p>
   </div>
   <div class='ocr_carea' id='block_1_77' title="bbox 2133 4049 3020 4122">
    <p class='ocr_par' dir='ltr' id='par_1_77' title="bbox 2133 4049 3020 4122">
     <span class='ocr_line' id='line_1_77' title="bbox 2133 4049 3020 4122; baseline -0.001 -16"><span class='ocrx_word' id='word_1_579' title='bbox 2133 4051 2207 4108; x_wconf 74' lang='grc' dir='ltr'>τὰ</span> <span class='ocrx_word' id='word_1_580' title='bbox 2245 4049 2448 4122; x_wconf 75' lang='grc' dir='ltr'>ἱμάτιά</span> <span class='ocrx_word' id='word_1_581' title='bbox 2471 4067 2611 4120; x_wconf 83' lang='grc' dir='ltr'>μου,</span> <span class='ocrx_word' id='word_1_582' title='bbox 2640 4050 2736 4104; x_wconf 74' lang='grc' dir='ltr'>καὶ</span> <span class='ocrx_word' id='word_1_583' title='bbox 2769 4050 2840 4105; x_wconf 84' lang='grc' dir='ltr'>τὰ</span> <span class='ocrx_word' id='word_1_584' title='bbox 2870 4050 3020 4121; x_wconf 71' lang='grc' dir='ltr'>δξῆς.</span> 
     </span>
    </p>
   </div>
   <div class='ocr_carea' id='block_1_78' title="bbox 2199 4139 3711 4218">
    <p class='ocr_par' dir='ltr' id='par_1_78' title="bbox 2199 4139 3711 4218">
     <span class='ocr_line' id='line_1_78' title="bbox 2199 4139 3711 4218; baseline -0.006 -16"><span class='ocrx_word' id='word_1_585' title='bbox 2199 4145 2268 4212; x_wconf 77' lang='grc' dir='ltr'><strong>ζ’.</strong></span> <span class='ocrx_word' id='word_1_586' title='bbox 2308 4147 2375 4201; x_wconf 86' lang='grc' dir='ltr'><strong>Ἦ</strong></span> <span class='ocrx_word' id='word_1_587' title='bbox 2404 4142 2462 4200; x_wconf 79' lang='grc' dir='ltr'>δὲ</span> <span class='ocrx_word' id='word_1_588' title='bbox 2504 4146 2774 4218; x_wconf 82' lang='grc' dir='ltr'>ἀριστερὰ</span> <span class='ocrx_word' id='word_1_589' title='bbox 2808 4144 2905 4198; x_wconf 81' lang='grc' dir='ltr'>τοῦ</span> <span class='ocrx_word' id='word_1_590' title='bbox 2941 4143 3188 4216; x_wconf 84' lang='grc' dir='ltr'>βήματος</span> <span class='ocrx_word' id='word_1_591' title='bbox 3219 4140 3315 4197; x_wconf 84' lang='lat'><strong>:06</strong></span> <span class='ocrx_word' id='word_1_592' title='bbox 3347 4139 3516 4210; x_wconf 74' lang='grc' dir='ltr'>ἁγίου</span> <span class='ocrx_word' id='word_1_593' title='bbox 3543 4140 3711 4210; x_wconf 63' lang='grc' dir='ltr'>τάφου</span> 
     </span>
    </p>
   </div>
   <div class='ocr_carea' id='block_1_79' title="bbox 2129 4234 3710 4307">
    <p class='ocr_par' dir='ltr' id='par_1_79' title="bbox 2129 4234 3710 4307">
     <span class='ocr_line' id='line_1_79' title="bbox 2129 4234 3710 4307; baseline -0.005 -10"><span class='ocrx_word' id='word_1_594' title='bbox 2129 4239 2416 4297; x_wconf 76' lang='grc' dir='ltr'>ἀναϐαίνει</span> <span class='ocrx_word' id='word_1_595' title='bbox 2442 4240 2702 4294; x_wconf 83' lang='grc' dir='ltr'>σκαλόνια</span> <span class='ocrx_word' id='word_1_596' title='bbox 2733 4237 2815 4307; x_wconf 87' lang='grc' dir='ltr'>ιε’,</span> <span class='ocrx_word' id='word_1_597' title='bbox 2836 4239 2930 4293; x_wconf 61' lang='grc' dir='ltr'>καὶ</span> <span class='ocrx_word' id='word_1_598' title='bbox 2956 4238 3194 4294; x_wconf 82' lang='grc' dir='ltr'>σεϐαίνει</span> <span class='ocrx_word' id='word_1_599' title='bbox 3221 4239 3303 4302; x_wconf 84' lang='grc' dir='ltr'><strong>είς</strong></span> <span class='ocrx_word' id='word_1_600' title='bbox 3324 4236 3416 4291; x_wconf 79' lang='grc' dir='ltr'>τὸν</span> <span class='ocrx_word' id='word_1_601' title='bbox 3447 4234 3710 4306; x_wconf 77' lang='grc' dir='ltr'>Γολγοθᾶ,</span> 
     </span>
    </p>
   </div>
   <div class='ocr_carea' id='block_1_80' title="bbox 2128 4330 3708 4420">
    <p class='ocr_par' dir='ltr' id='par_1_80' title="bbox 2128 4330 3708 4420">
     <span class='ocr_line' id='line_1_80' title="bbox 2128 4330 3708 4420; baseline -0.004 -30"><span class='ocrx_word' id='word_1_602' title='bbox 2128 4333 2266 4390; x_wconf 81' lang='grc' dir='ltr'>ὀποῦ</span> <span class='ocrx_word' id='word_1_603' title='bbox 2293 4333 2619 4405; x_wconf 76' lang='grc' dir='ltr'>ἐσταυρώθη</span> <span class='ocrx_word' id='word_1_604' title='bbox 2641 4332 2670 4385; x_wconf 83' lang='lat'><strong>6</strong></span> <span class='ocrx_word' id='word_1_605' title='bbox 2697 4332 2920 4403; x_wconf 83' lang='grc' dir='ltr'>Κύριος.</span> <span class='ocrx_word' id='word_1_606' title='bbox 2951 4332 3130 4386; x_wconf 72' lang='grc' dir='ltr'>Αὐτοῦ</span> <span class='ocrx_word' id='word_1_607' title='bbox 3160 4330 3453 4404; x_wconf 76' lang='grc' dir='ltr'>ἐσκοτίσθη</span> <span class='ocrx_word' id='word_1_608' title='bbox 3485 4332 3516 4386; x_wconf 86' lang='lat'><strong>6</strong></span> <span class='ocrx_word' id='word_1_609' title='bbox 3539 4330 3708 4420; x_wconf 78' lang='grc' dir='ltr'>ἥλιος,</span> 
     </span>
    </p>
   </div>
   <div class='ocr_carea' id='block_1_81' title="bbox 451 4406 2031 4500">
    <p class='ocr_par' dir='ltr' id='par_1_81' title="bbox 451 4406 2025 4500">
     <span class='ocr_line' id='line_1_81' title="bbox 451 4406 2025 4500; baseline 0.018 -39"><span class='ocrx_word' id='word_1_610' title='bbox 451 4406 638 4466; x_wconf 82' lang='lat' dir='ltr'><strong>bratus</strong></span> <span class='ocrx_word' id='word_1_611' title='bbox 676 4419 781 4478; x_wconf 88' lang='lat' dir='ltr'><strong>est,</strong></span> <span class='ocrx_word' id='word_1_612' title='bbox 830 4422 885 4469; x_wconf 89' lang='lat' dir='ltr'><strong>et</strong></span> <span class='ocrx_word' id='word_1_613' title='bbox 916 4417 1094 4472; x_wconf 70' lang='lat' dir='ltr'><strong>velum</strong></span> <span class='ocrx_word' id='word_1_614' title='bbox 1141 4421 1328 4490; x_wconf 85' lang='lat' dir='ltr'><strong>templi</strong></span> <span class='ocrx_word' id='word_1_615' title='bbox 1373 4437 1402 4476; x_wconf 93' lang='lat' dir='ltr'><strong>a</strong></span> <span class='ocrx_word' id='word_1_616' title='bbox 1448 4435 1606 4491; x_wconf 83' lang='lat' dir='ltr'><strong>parte</strong></span> <span class='ocrx_word' id='word_1_617' title='bbox 1655 4425 1743 4482; x_wconf 82' lang='lat' dir='ltr'><strong>sui</strong></span> <span class='ocrx_word' id='word_1_618' title='bbox 1773 4444 2025 4500; x_wconf 80' lang='lat' dir='ltr'><strong>suprema</strong></span> 
     </span>
    </p>
   </div>
   <div class='ocr_carea' id='block_1_82' title="bbox 2139 4406 3708 4500">
    <p class='ocr_par' dir='ltr' id='par_1_82' title="bbox 2139 4417 3708 4497">
     <span class='ocr_line' id='line_1_82' title="bbox 2139 4417 3708 4497; baseline -0.003 -16"><span class='ocrx_word' id='word_1_619' title='bbox 2139 4427 2224 4482; x_wconf 71' lang='grc' dir='ltr'>καὶ</span> <span class='ocrx_word' id='word_1_620' title='bbox 2252 4425 2314 4480; x_wconf 87' lang='lat'><strong>:6</strong></span> <span class='ocrx_word' id='word_1_621' title='bbox 2343 4427 2749 4497; x_wconf 81' lang='grc' dir='ltr'>καταπέτασμα</span> <span class='ocrx_word' id='word_1_622' title='bbox 2782 4425 2878 4480; x_wconf 74' lang='grc' dir='ltr'>τοῦ</span> <span class='ocrx_word' id='word_1_623' title='bbox 2913 4426 3042 4480; x_wconf 81' lang='grc' dir='ltr'>ναοῦ</span> <span class='ocrx_word' id='word_1_624' title='bbox 3084 4424 3312 4496; x_wconf 76' lang='grc' dir='ltr'>ἐσχίσθη</span> <span class='ocrx_word' id='word_1_625' title='bbox 3350 4424 3464 4480; x_wconf 83' lang='grc' dir='ltr'><strong>ἀπὸ</strong></span> <span class='ocrx_word' id='word_1_626' title='bbox 3501 4417 3708 4481; x_wconf 77' lang='grc' dir='ltr'>ἀνωθεν</span> 
     </span>
    </p>
   </div>
   <div class='ocr_carea' id='block_1_83' title="bbox 451 4504 2031 4592">
    <p class='ocr_par' dir='ltr' id='par_1_83' title="bbox 451 4504 2027 4578">
     <span class='ocr_line' id='line_1_83' title="bbox 451 4504 2027 4578; baseline 0.015 -24"><span class='ocrx_word' id='word_1_627' title='bbox 451 4515 624 4572; x_wconf 89' lang='lat' dir='ltr'><strong>usque</strong></span> <span class='ocrx_word' id='word_1_628' title='bbox 681 4504 748 4559; x_wconf 89' lang='lat' dir='ltr'><strong>ad</strong></span> <span class='ocrx_word' id='word_1_629' title='bbox 795 4506 1038 4563; x_wconf 80' lang='lat' dir='ltr'><strong>inﬁmam</strong></span> <span class='ocrx_word' id='word_1_630' title='bbox 1085 4507 1342 4567; x_wconf 87' lang='lat' dir='ltr'><strong>scissum.</strong></span> <span class='ocrx_word' id='word_1_631' title='bbox 1390 4511 1468 4570; x_wconf 87' lang='lat' dir='ltr'><strong>lbi</strong></span> <span class='ocrx_word' id='word_1_632' title='bbox 1519 4516 1656 4572; x_wconf 80' lang='lat' dir='ltr'><strong>dixit</strong></span> <span class='ocrx_word' id='word_1_633' title='bbox 1707 4518 1883 4577; x_wconf 81' lang='lat' dir='ltr'><strong>latro:</strong></span> <span class='ocrx_word' id='word_1_634' title='bbox 1915 4521 2027 4578; x_wconf 78' lang='lat' dir='ltr'><strong>He-</strong></span> 
     </span>
    </p>
   </div>
   <div class='ocr_carea' id='block_1_84' title="bbox 2139 4504 3711 4592">
    <p class='ocr_par' dir='ltr' id='par_1_84' title="bbox 2139 4516 3711 4592">
     <span class='ocr_line' id='line_1_84' title="bbox 2139 4516 3711 4592; baseline -0.001 -18"><span class='ocrx_word' id='word_1_635' title='bbox 2139 4519 2234 4584; x_wconf 72' lang='grc' dir='ltr'>ἑως</span> <span class='ocrx_word' id='word_1_636' title='bbox 2267 4518 2536 4576; x_wconf 79' lang='grc' dir='ltr'>κάτωθεν.</span> <span class='ocrx_word' id='word_1_637' title='bbox 2587 4520 2772 4573; x_wconf 81' lang='grc' dir='ltr'>Αὐτοῦ</span> <span class='ocrx_word' id='word_1_638' title='bbox 2823 4516 2979 4572; x_wconf 75' lang='grc' dir='ltr'>εἶπεν</span> <span class='ocrx_word' id='word_1_639' title='bbox 3018 4521 3048 4573; x_wconf 93' lang='lat'><strong>6</strong></span> <span class='ocrx_word' id='word_1_640' title='bbox 3103 4519 3336 4592; x_wconf 70' lang='grc' dir='ltr'>λῃστὴς,</span> <span class='ocrx_word' id='word_1_641' title='bbox 3385 4517 3711 4587; x_wconf 72' lang='grc' dir='ltr'>Μνήσθητί</span> 
     </span>
    </p>
   </div>
   <div class='ocr_carea' id='block_1_85' title="bbox 449 4594 2031 4685">
    <p class='ocr_par' dir='ltr' id='par_1_85' title="bbox 449 4596 2024 4676">
     <span class='ocr_line' id='line_1_85' title="bbox 449 4596 2024 4676; baseline 0.018 -29"><span class='ocrx_word' id='word_1_642' title='bbox 449 4605 622 4650; x_wconf 63' lang='lat' dir='ltr'><strong>attento</strong></span> <span class='ocrx_word' id='word_1_643' title='bbox 652 4597 772 4663; x_wconf 77' lang='lat' dir='ltr'><strong>mei,</strong></span> <span class='ocrx_word' id='word_1_644' title='bbox 809 4596 1047 4668; x_wconf 81' lang='lat' dir='ltr'><strong>Domine,</strong></span> <span class='ocrx_word' id='word_1_645' title='bbox 1093 4603 1146 4656; x_wconf 84' lang='lat' dir='ltr'><strong>in</strong></span> <span class='ocrx_word' id='word_1_646' title='bbox 1188 4619 1343 4673; x_wconf 83' lang='lat' dir='ltr'><strong>regno</strong></span> <span class='ocrx_word' id='word_1_647' title='bbox 1389 4615 1477 4661; x_wconf 85' lang='lat' dir='ltr'><strong>tuo</strong></span> <span class='ocrx_word' id='word_1_648' title='bbox 1517 4609 1559 4663; x_wconf 79' lang='lat'><strong>’.</strong></span> <span class='ocrx_word' id='word_1_649' title='bbox 1598 4609 1672 4667; x_wconf 86' lang='lat' dir='ltr'><strong>Eo</strong></span> <span class='ocrx_word' id='word_1_650' title='bbox 1713 4613 1817 4670; x_wconf 89' lang='lat' dir='ltr'><strong>loci</strong></span> <span class='ocrx_word' id='word_1_651' title='bbox 1849 4628 1931 4672; x_wconf 90' lang='lat' dir='ltr'><strong>est</strong></span> <span class='ocrx_word' id='word_1_652' title='bbox 1971 4628 2024 4676; x_wconf 89' lang='lat' dir='ltr'><strong>et</strong></span> 
     </span>
    </p>
   </div>
   <div class='ocr_carea' id='block_1_86' title="bbox 2139 4594 3707 4685">
    <p class='ocr_par' dir='ltr' id='par_1_86' title="bbox 2139 4611 3707 4684">
     <span class='ocr_line' id='line_1_86' title="bbox 2139 4611 3707 4684; baseline -0.003 -13"><span class='ocrx_word' id='word_1_653' title='bbox 2139 4630 2267 4681; x_wconf 77' lang='grc' dir='ltr'>μου,</span> <span class='ocrx_word' id='word_1_654' title='bbox 2297 4615 2498 4683; x_wconf 77' lang='grc' dir='ltr'>Κύριε,</span> <span class='ocrx_word' id='word_1_655' title='bbox 2519 4614 2591 4668; x_wconf 72' lang='grc' dir='ltr'><strong>ἐν</strong></span> <span class='ocrx_word' id='word_1_656' title='bbox 2611 4613 2687 4683; x_wconf 78' lang='grc' dir='ltr'>τῇ</span> <span class='ocrx_word' id='word_1_657' title='bbox 2707 4613 3003 4681; x_wconf 63' lang='grc' dir='ltr'>,βασιλείᾳ</span> <span class='ocrx_word' id='word_1_658' title='bbox 3025 4619 3164 4669; x_wconf 84' lang='grc' dir='ltr'>σου.</span> <span class='ocrx_word' id='word_1_659' title='bbox 3192 4611 3371 4668; x_wconf 79' lang='grc' dir='ltr'>Αὐτοῦ</span> <span class='ocrx_word' id='word_1_660' title='bbox 3400 4612 3524 4668; x_wconf 88' lang='grc' dir='ltr'>ἔναι</span> <span class='ocrx_word' id='word_1_661' title='bbox 3557 4613 3652 4667; x_wconf 82' lang='grc' dir='ltr'>καὶ</span> <span class='ocrx_word' id='word_1_662' title='bbox 3673 4611 3707 4684; x_wconf 71' lang='grc' dir='ltr'><strong>ἠ</strong></span> 
     </span>
    </p>
   </div>
   <div class='ocr_carea' id='block_1_87' title="bbox 448 4691 2031 4781">
    <p class='ocr_par' dir='ltr' id='par_1_87' title="bbox 448 4691 2023 4781">
     <span class='ocr_line' id='line_1_87' title="bbox 448 4691 2023 4781; baseline 0.014 -40"><span class='ocrx_word' id='word_1_663' title='bbox 448 4698 623 4756; x_wconf 86' lang='lat' dir='ltr'><strong>petra,</strong></span> <span class='ocrx_word' id='word_1_664' title='bbox 655 4706 774 4760; x_wconf 78' lang='lat' dir='ltr'><strong>quze</strong></span> <span class='ocrx_word' id='word_1_665' title='bbox 806 4691 973 4747; x_wconf 85' lang='lat' dir='ltr'><strong>scissa</strong></span> <span class='ocrx_word' id='word_1_666' title='bbox 997 4702 1102 4761; x_wconf 90' lang='lat' dir='ltr'><strong>est,</strong></span> <span class='ocrx_word' id='word_1_667' title='bbox 1134 4706 1191 4751; x_wconf 92' lang='lat' dir='ltr'><strong>et</strong></span> <span class='ocrx_word' id='word_1_668' title='bbox 1221 4697 1275 4752; x_wconf 90' lang='lat' dir='ltr'><strong>in</strong></span> <span class='ocrx_word' id='word_1_669' title='bbox 1303 4714 1463 4768; x_wconf 88' lang='lat' dir='ltr'><strong>quam</strong></span> <span class='ocrx_word' id='word_1_670' title='bbox 1499 4704 1770 4771; x_wconf 84' lang='lat' dir='ltr'><strong>pretiosus</strong></span> <span class='ocrx_word' id='word_1_671' title='bbox 1801 4710 2023 4781; x_wconf 75' lang='lat' dir='ltr'><strong>sanguis</strong></span> 
     </span>
    </p>
   </div>
   <div class='ocr_carea' id='block_1_88' title="bbox 2139 4691 3705 4781">
    <p class='ocr_par' dir='ltr' id='par_1_88' title="bbox 2139 4699 3705 4778">
     <span class='ocr_line' id='line_1_88' title="bbox 2139 4699 3705 4778; baseline -0.002 -18"><span class='ocrx_word' id='word_1_672' title='bbox 2139 4705 2300 4777; x_wconf 69' lang='grc' dir='ltr'>πέτρα</span> <span class='ocrx_word' id='word_1_673' title='bbox 2341 4707 2478 4760; x_wconf 81' lang='grc' dir='ltr'>ὀποῦ</span> <span class='ocrx_word' id='word_1_674' title='bbox 2531 4706 2785 4778; x_wconf 76' lang='grc' dir='ltr'>ἐσχίσθη,</span> <span class='ocrx_word' id='word_1_675' title='bbox 2832 4704 2932 4761; x_wconf 75' lang='grc' dir='ltr'>καὶ</span> <span class='ocrx_word' id='word_1_676' title='bbox 2964 4703 3206 4778; x_wconf 84' lang='grc' dir='ltr'>ἔδραμεν</span> <span class='ocrx_word' id='word_1_677' title='bbox 3255 4707 3318 4760; x_wconf 82' lang='lat'><strong>:6</strong></span> <span class='ocrx_word' id='word_1_678' title='bbox 3349 4705 3538 4778; x_wconf 81' lang='grc' dir='ltr'>τιμίον</span> <span class='ocrx_word' id='word_1_679' title='bbox 3567 4699 3705 4776; x_wconf 83' lang='grc' dir='ltr'>αῐμα</span> 
     </span>
    </p>
   </div>
   <div class='ocr_carea' id='block_1_89' title="bbox 449 4778 2031 4872">
    <p class='ocr_par' dir='ltr' id='par_1_89' title="bbox 449 4778 2025 4859">
     <span class='ocr_line' id='line_1_89' title="bbox 449 4778 2025 4859; baseline 0.015 -24"><span class='ocrx_word' id='word_1_680' title='bbox 449 4778 647 4843; x_wconf 83' lang='lat' dir='ltr'><strong>Christi</strong></span> <span class='ocrx_word' id='word_1_681' title='bbox 683 4781 906 4839; x_wconf 80' lang='lat' dir='ltr'><strong>deﬂuxit</strong></span> <span class='ocrx_word' id='word_1_682' title='bbox 947 4803 961 4842; x_wconf 90' lang='lat'><strong>:</strong></span> <span class='ocrx_word' id='word_1_683' title='bbox 1000 4804 1100 4844; x_wconf 90' lang='lat' dir='ltr'><strong>nec</strong></span> <span class='ocrx_word' id='word_1_684' title='bbox 1146 4805 1254 4847; x_wconf 90' lang='lat' dir='ltr'><strong>non</strong></span> <span class='ocrx_word' id='word_1_685' title='bbox 1289 4801 1344 4848; x_wconf 89' lang='lat' dir='ltr'><strong>et</strong></span> <span class='ocrx_word' id='word_1_686' title='bbox 1370 4793 1568 4852; x_wconf 81' lang='lat' dir='ltr'><strong>Christi</strong></span> <span class='ocrx_word' id='word_1_687' title='bbox 1609 4778 2025 4859; x_wconf 34' lang='lat' dir='ltr'><strong>crucifixiovdc-</strong></span> 
     </span>
    </p>
   </div>
   <div class='ocr_carea' id='block_1_90' title="bbox 2139 4778 3704 4872">
    <p class='ocr_par' dir='ltr' id='par_1_90' title="bbox 2139 4795 3704 4872">
     <span class='ocr_line' id='line_1_90' title="bbox 2139 4795 3704 4872; baseline -0.003 -19"><span class='ocrx_word' id='word_1_688' title='bbox 2139 4797 2216 4854; x_wconf 82' lang='lat'><strong>:06</strong></span> <span class='ocrx_word' id='word_1_689' title='bbox 2240 4797 2504 4872; x_wconf 84' lang='grc' dir='ltr'>Χριστοῦ.</span> <span class='ocrx_word' id='word_1_690' title='bbox 2534 4799 2688 4852; x_wconf 84' lang='grc' dir='ltr'>Ἐκεῖ</span> <span class='ocrx_word' id='word_1_691' title='bbox 2715 4797 2838 4852; x_wconf 91' lang='grc' dir='ltr'>ἔναι</span> <span class='ocrx_word' id='word_1_692' title='bbox 2887 4798 2985 4852; x_wconf 77' lang='grc' dir='ltr'>καὶ</span> <span class='ocrx_word' id='word_1_693' title='bbox 3017 4800 3050 4870; x_wconf 84' lang='grc' dir='ltr'><strong>ή</strong></span> <span class='ocrx_word' id='word_1_694' title='bbox 3081 4797 3396 4869; x_wconf 79' lang='grc' dir='ltr'>σταύρωσις</span> <span class='ocrx_word' id='word_1_695' title='bbox 3439 4795 3539 4851; x_wconf 80' lang='grc' dir='ltr'>τοῦ</span> <span class='ocrx_word' id='word_1_696' title='bbox 3570 4797 3704 4868; x_wconf 82' lang='grc' dir='ltr'>Χρι-</span> 
     </span>
    </p>
   </div>
   <div class='ocr_carea' id='block_1_91' title="bbox 446 4873 2031 4965">
    <p class='ocr_par' dir='ltr' id='par_1_91' title="bbox 446 4873 2018 4965">
     <span class='ocr_line' id='line_1_91' title="bbox 446 4873 2018 4965; baseline 0.017 -39"><span class='ocrx_word' id='word_1_697' title='bbox 446 4873 612 4942; x_wconf 75' lang='lat' dir='ltr'><strong>pieta.</strong></span> <span class='ocrx_word' id='word_1_698' title='bbox 642 4874 817 4931; x_wconf 85' lang='lat' dir='ltr'><strong>liabet</strong></span> <span class='ocrx_word' id='word_1_699' title='bbox 842 4877 1120 4948; x_wconf 88' lang='lat' dir='ltr'><strong>lampades</strong></span> <span class='ocrx_word' id='word_1_700' title='bbox 1150 4883 1485 4953; x_wconf 88' lang='lat' dir='ltr'><strong>quindecim.</strong></span> <span class='ocrx_word' id='word_1_701' title='bbox 1518 4887 1584 4942; x_wconf 90' lang='lat' dir='ltr'><strong>Et</strong></span> <span class='ocrx_word' id='word_1_702' title='bbox 1608 4899 1693 4946; x_wconf 89' lang='lat' dir='ltr'><strong>est</strong></span> <span class='ocrx_word' id='word_1_703' title='bbox 1721 4890 2018 4965; x_wconf 69' lang='lat' dir='ltr'><strong>Golgothaei</strong></span> 
     </span>
    </p>
   </div>
   <div class='ocr_carea' id='block_1_92' title="bbox 2139 4873 3700 4965">
    <p class='ocr_par' dir='ltr' id='par_1_92' title="bbox 2139 4889 3700 4963">
     <span class='ocr_line' id='line_1_92' title="bbox 2139 4889 3700 4963; baseline 0 -18"><span class='ocrx_word' id='word_1_704' title='bbox 2139 4889 2253 4945; x_wconf 80' lang='grc' dir='ltr'>ηοῦ</span> <span class='ocrx_word' id='word_1_705' title='bbox 2303 4890 2769 4963; x_wconf 73' lang='grc' dir='ltr'>ζωγραφισμένη.</span> <span class='ocrx_word' id='word_1_706' title='bbox 2799 4892 2954 4962; x_wconf 77' lang='grc' dir='ltr'>Ἔχει</span> <span class='ocrx_word' id='word_1_707' title='bbox 3018 4891 3314 4963; x_wconf 83' lang='grc' dir='ltr'>κανδήλαις</span> <span class='ocrx_word' id='word_1_708' title='bbox 3362 4890 3450 4947; x_wconf 81' lang='grc' dir='ltr'>ιε’.</span> <span class='ocrx_word' id='word_1_709' title='bbox 3506 4892 3617 4948; x_wconf 87' lang='lat' dir='ltr'><strong>Kal</strong></span> <span class='ocrx_word' id='word_1_710' title='bbox 3672 4890 3700 4945; x_wconf 92' lang='lat'><strong>6</strong></span> 
     </span>
    </p>
   </div>
   <div class='ocr_carea' id='block_1_93' title="bbox 449 4965 2031 5058">
    <p class='ocr_par' dir='ltr' id='par_1_93' title="bbox 449 4965 2020 5052">
     <span class='ocr_line' id='line_1_93' title="bbox 449 4965 2020 5052; baseline 0.016 -34"><span class='ocrx_word' id='word_1_711' title='bbox 449 4965 629 5035; x_wconf 83' lang='lat' dir='ltr'><strong>templi</strong></span> <span class='ocrx_word' id='word_1_712' title='bbox 697 4969 874 5032; x_wconf 82' lang='lat' dir='ltr'><strong>tholus</strong></span> <span class='ocrx_word' id='word_1_713' title='bbox 931 4973 998 5026; x_wconf 89' lang='lat' dir='ltr'><strong>ad</strong></span> <span class='ocrx_word' id='word_1_714' title='bbox 1053 4974 1276 5031; x_wconf 91' lang='lat' dir='ltr'><strong>modum</strong></span> <span class='ocrx_word' id='word_1_715' title='bbox 1338 4979 1521 5034; x_wconf 84' lang='lat' dir='ltr'><strong>crucis</strong></span> <span class='ocrx_word' id='word_1_716' title='bbox 1574 4979 1905 5052; x_wconf 82' lang='lat' dir='ltr'><strong>eﬂ‘ormatus,</strong></span> <span class='ocrx_word' id='word_1_717' title='bbox 1966 4998 2020 5043; x_wconf 87' lang='lat' dir='ltr'><strong>et</strong></span> 
     </span>
    </p>
   </div>
   <div class='ocr_carea' id='block_1_94' title="bbox 2139 4965 3694 5058">
    <p class='ocr_par' dir='ltr' id='par_1_94' title="bbox 2139 4983 3694 5058">
     <span class='ocr_line' id='line_1_94' title="bbox 2139 4983 3694 5058; baseline 0 -21"><span class='ocrx_word' id='word_1_718' title='bbox 2139 4983 2398 5054; x_wconf 80' lang='grc' dir='ltr'>Γολγοθᾶς</span> <span class='ocrx_word' id='word_1_719' title='bbox 2462 4983 3120 5057; x_wconf 78' lang='grc' dir='ltr'>σταυροθολοκτισμένος,</span> <span class='ocrx_word' id='word_1_720' title='bbox 3180 4985 3278 5038; x_wconf 74' lang='grc' dir='ltr'>καὶ</span> <span class='ocrx_word' id='word_1_721' title='bbox 3328 4985 3694 5058; x_wconf 83' lang='grc' dir='ltr'>ίστορημὲνοι,</span> 
     </span>
    </p>
   </div>
   <div class='ocr_carea' id='block_1_95' title="bbox 519 4123 2028 4218">
    <p class='ocr_par' dir='ltr' id='par_1_95' title="bbox 519 4123 2028 4218">
     <span class='ocr_line' id='line_1_95' title="bbox 519 4123 2028 4218; baseline 0.014 -31"><span class='ocrx_word' id='word_1_722' title='bbox 519 4131 575 4189; x_wconf 78' lang='lat'><strong>7.</strong></span> <span class='ocrx_word' id='word_1_723' title='bbox 610 4133 748 4191; x_wconf 78' lang='lat' dir='ltr'><strong>Pars</strong></span> <span class='ocrx_word' id='word_1_724' title='bbox 770 4134 991 4195; x_wconf 83' lang='lat' dir='ltr'><strong>sinistra</strong></span> <span class='ocrx_word' id='word_1_725' title='bbox 1018 4137 1253 4200; x_wconf 80' lang='lat' dir='ltr'><strong>bematis</strong></span> <span class='ocrx_word' id='word_1_726' title='bbox 1301 4145 1476 4202; x_wconf 82' lang='lat' dir='ltr'><strong>sancti</strong></span> <span class='ocrx_word' id='word_1_727' title='bbox 1522 4123 1756 4218; x_wconf 68' lang='lat' dir='ltr'><strong>sepulcri</strong></span> <span class='ocrx_word' id='word_1_728' title='bbox 1784 4151 2028 4208; x_wconf 80' lang='lat' dir='ltr'><strong>ascendit</strong></span> 
     </span>
    </p>
   </div>
   <div class='ocr_carea' id='block_1_96' title="bbox 451 4226 2024 4317">
    <p class='ocr_par' dir='ltr' id='par_1_96' title="bbox 451 4226 2024 4317">
     <span class='ocr_line' id='line_1_96' title="bbox 451 4226 2024 4317; baseline 0.015 -38"><span class='ocrx_word' id='word_1_729' title='bbox 451 4226 651 4296; x_wconf 68' lang='lat' dir='ltr'><strong>gradus</strong></span> <span class='ocrx_word' id='word_1_730' title='bbox 686 4229 1022 4305; x_wconf 87' lang='lat' dir='ltr'><strong>quindecim,</strong></span> <span class='ocrx_word' id='word_1_731' title='bbox 1070 4235 1260 4308; x_wconf 77' lang='lat' dir='ltr'><strong>sicque</strong></span> <span class='ocrx_word' id='word_1_732' title='bbox 1317 4236 1622 4310; x_wconf 76' lang='lat' dir='ltr'><strong>ingreditur</strong></span> <span class='ocrx_word' id='word_1_733' title='bbox 1675 4241 2024 4317; x_wconf 66' lang='lat' dir='ltr'><strong>Golgolham,</strong></span> 
     </span>
    </p>
   </div>
   <div class='ocr_carea' id='block_1_97' title="bbox 451 4319 2028 4398">
    <p class='ocr_par' dir='ltr' id='par_1_97' title="bbox 451 4319 2028 4398">
     <span class='ocr_line' id='line_1_97' title="bbox 451 4319 2028 4398; baseline 0.015 -23"><span class='ocrx_word' id='word_1_734' title='bbox 451 4319 504 4376; x_wconf 88' lang='lat' dir='ltr'><strong>in</strong></span> <span class='ocrx_word' id='word_1_735' title='bbox 538 4335 646 4393; x_wconf 88' lang='lat' dir='ltr'><strong>quo</strong></span> <span class='ocrx_word' id='word_1_736' title='bbox 691 4321 953 4383; x_wconf 89' lang='lat' dir='ltr'><strong>Dominus</strong></span> <span class='ocrx_word' id='word_1_737' title='bbox 991 4325 1142 4386; x_wconf 89' lang='lat' dir='ltr'><strong>cruci</strong></span> <span class='ocrx_word' id='word_1_738' title='bbox 1183 4330 1376 4387; x_wconf 76' lang='lat' dir='ltr'><strong>aliixus</strong></span> <span class='ocrx_word' id='word_1_739' title='bbox 1411 4343 1515 4390; x_wconf 89' lang='lat' dir='ltr'><strong>est.</strong></span> <span class='ocrx_word' id='word_1_740' title='bbox 1565 4333 1642 4391; x_wconf 85' lang='lat' dir='ltr'><strong>lbi</strong></span> <span class='ocrx_word' id='word_1_741' title='bbox 1675 4337 1757 4392; x_wconf 81' lang='lat' dir='ltr'><strong>sol</strong></span> <span class='ocrx_word' id='word_1_742' title='bbox 1806 4341 2028 4398; x_wconf 85' lang='lat' dir='ltr'><strong>obtene-</strong></span> 
     </span>
    </p>
   </div>
   <div class='ocr_carea' id='block_1_98' title="bbox 447 5064 2021 5147">
    <p class='ocr_par' dir='ltr' id='par_1_98' title="bbox 447 5064 2021 5147">
     <span class='ocr_line' id='line_1_98' title="bbox 447 5064 2021 5147; baseline 0.015 -33"><span class='ocrx_word' id='word_1_743' title='bbox 447 5078 569 5116; x_wconf 87' lang='lat' dir='ltr'><strong>cum</strong></span> <span class='ocrx_word' id='word_1_744' title='bbox 621 5064 829 5119; x_wconf 83' lang='lat' dir='ltr'><strong>musivo</strong></span> <span class='ocrx_word' id='word_1_745' title='bbox 864 5065 1251 5136; x_wconf 90' lang='lat' dir='ltr'><strong>prophetarum</strong></span> <span class='ocrx_word' id='word_1_746' title='bbox 1284 5072 1552 5144; x_wconf 78' lang='lat' dir='ltr'><strong>imagines</strong></span> <span class='ocrx_word' id='word_1_747' title='bbox 1589 5075 1908 5147; x_wconf 63' lang='lat' dir='ltr'><strong>delineataz;</strong></span> <span class='ocrx_word' id='word_1_748' title='bbox 1965 5089 2021 5138; x_wconf 88' lang='lat' dir='ltr'><strong>et</strong></span> 
     </span>
    </p>
   </div>
   <div class='ocr_carea' id='block_1_99' title="bbox 447 5155 2015 5232">
    <p class='ocr_par' dir='ltr' id='par_1_99' title="bbox 447 5155 2015 5232">
     <span class='ocr_line' id='line_1_99' title="bbox 447 5155 2015 5232; baseline 0.014 -23"><span class='ocrx_word' id='word_1_749' title='bbox 447 5155 706 5222; x_wconf 76' lang='lat' dir='ltr'><strong>Abraam,</strong></span> <span class='ocrx_word' id='word_1_750' title='bbox 739 5158 1067 5215; x_wconf 85' lang='lat' dir='ltr'><strong>sacriﬁcium</strong></span> <span class='ocrx_word' id='word_1_751' title='bbox 1092 5161 1352 5232; x_wconf 83' lang='lat' dir='ltr'><strong>oll‘erens,</strong></span> <span class='ocrx_word' id='word_1_752' title='bbox 1388 5165 1560 5223; x_wconf 78' lang='lat' dir='ltr'><strong>illium</strong></span> <span class='ocrx_word' id='word_1_753' title='bbox 1605 5183 1785 5228; x_wconf 82' lang='lat' dir='ltr'><strong>suum.</strong></span> <span class='ocrx_word' id='word_1_754' title='bbox 1822 5171 1888 5228; x_wconf 80' lang='lat' dir='ltr'><strong>Et</strong></span> <span class='ocrx_word' id='word_1_755' title='bbox 1941 5172 2015 5231; x_wconf 88' lang='lat' dir='ltr'><strong>ibi</strong></span> 
     </span>
    </p>
   </div>
   <div class='ocr_carea' id='block_1_100' title="bbox 449 5249 2015 5338">
    <p class='ocr_par' dir='ltr' id='par_1_100' title="bbox 449 5249 2015 5338">
     <span class='ocr_line' id='line_1_100' title="bbox 449 5249 2015 5338; baseline 0.013 -35"><span class='ocrx_word' id='word_1_756' title='bbox 449 5260 531 5306; x_wconf 88' lang='lat' dir='ltr'><strong>est</strong></span> <span class='ocrx_word' id='word_1_757' title='bbox 567 5249 738 5318; x_wconf 86' lang='lat' dir='ltr'><strong>locus,</strong></span> <span class='ocrx_word' id='word_1_758' title='bbox 766 5253 818 5306; x_wconf 91' lang='lat' dir='ltr'><strong>in</strong></span> <span class='ocrx_word' id='word_1_759' title='bbox 850 5268 957 5321; x_wconf 85' lang='lat' dir='ltr'><strong>quo</strong></span> <span class='ocrx_word' id='word_1_760' title='bbox 983 5257 1313 5315; x_wconf 77' lang='lat' dir='ltr'><strong>sacriﬁcium</strong></span> <span class='ocrx_word' id='word_1_761' title='bbox 1349 5260 1498 5319; x_wconf 76' lang='lat' dir='ltr'><strong>fecit.</strong></span> <span class='ocrx_word' id='word_1_762' title='bbox 1551 5262 1831 5336; x_wconf 70' lang='lat' dir='ltr'><strong>Colgotha:</strong></span> <span class='ocrx_word' id='word_1_763' title='bbox 1867 5267 2015 5338; x_wconf 78' lang='lat' dir='ltr'><strong>pavi-</strong></span> 
     </span>
    </p>
   </div>
   <div class='ocr_carea' id='block_1_101' title="bbox 449 5346 2018 5419">
    <p class='ocr_par' dir='ltr' id='par_1_101' title="bbox 449 5346 2018 5419">
     <span class='ocr_line' id='line_1_101' title="bbox 449 5346 2018 5419; baseline 0.015 -25"><span class='ocrx_word' id='word_1_764' title='bbox 449 5351 710 5410; x_wconf 89' lang='lat' dir='ltr'><strong>mentum,</strong></span> <span class='ocrx_word' id='word_1_765' title='bbox 756 5346 968 5401; x_wconf 81' lang='lat' dir='ltr'><strong>musivo</strong></span> <span class='ocrx_word' id='word_1_766' title='bbox 1007 5346 1434 5419; x_wconf 83' lang='lat' dir='ltr'><strong>interstinctum,</strong></span> <span class='ocrx_word' id='word_1_767' title='bbox 1477 5356 1771 5412; x_wconf 76' lang='lat' dir='ltr'><strong>maximam</strong></span> <span class='ocrx_word' id='word_1_768' title='bbox 1804 5359 2018 5417; x_wconf 87' lang='lat' dir='ltr'><strong>intuen-</strong></span> 
     </span>
    </p>
   </div>
   <div class='ocr_carea' id='block_1_102' title="bbox 452 5433 2019 5525">
    <p class='ocr_par' dir='ltr' id='par_1_102' title="bbox 452 5433 2019 5525">
     <span class='ocr_line' id='line_1_102' title="bbox 452 5433 2019 5525; baseline 0.013 -36"><span class='ocrx_word' id='word_1_769' title='bbox 452 5433 594 5491; x_wconf 81' lang='lat' dir='ltr'><strong>tibus</strong></span> <span class='ocrx_word' id='word_1_770' title='bbox 620 5436 952 5506; x_wconf 87' lang='lat' dir='ltr'><strong>voluptatem</strong></span> <span class='ocrx_word' id='word_1_771' title='bbox 983 5438 1140 5499; x_wconf 88' lang='lat' dir='ltr'><strong>indit.</strong></span> <span class='ocrx_word' id='word_1_772' title='bbox 1171 5444 1217 5498; x_wconf 82' lang='grc' dir='ltr'><strong>Δ</strong></span> <span class='ocrx_word' id='word_1_773' title='bbox 1259 5454 1410 5515; x_wconf 71' lang='lat' dir='ltr'><strong>tergo</strong></span> <span class='ocrx_word' id='word_1_774' title='bbox 1435 5446 1733 5519; x_wconf 76' lang='lat' dir='ltr'><strong>Golgmhae,</strong></span> <span class='ocrx_word' id='word_1_775' title='bbox 1771 5453 1856 5518; x_wconf 83' lang='lat' dir='ltr'><strong>ubi</strong></span> <span class='ocrx_word' id='word_1_776' title='bbox 1892 5469 2019 5525; x_wconf 76' lang='lat' dir='ltr'><strong>gra-</strong></span> 
     </span>
    </p>
   </div>
   <div class='ocr_carea' id='block_1_103' title="bbox 447 5527 2019 5613">
    <p class='ocr_par' dir='ltr' id='par_1_103' title="bbox 447 5527 2019 5613">
     <span class='ocr_line' id='line_1_103' title="bbox 447 5527 2019 5613; baseline 0.014 -32"><span class='ocrx_word' id='word_1_777' title='bbox 447 5527 548 5583; x_wconf 88' lang='lat' dir='ltr'><strong>dus</strong></span> <span class='ocrx_word' id='word_1_778' title='bbox 574 5528 792 5600; x_wconf 75' lang='lat' dir='ltr'><strong>triginta</strong></span> <span class='ocrx_word' id='word_1_779' title='bbox 831 5531 1197 5605; x_wconf 78' lang='lat' dir='ltr'><strong>descendetis,</strong></span> <span class='ocrx_word' id='word_1_780' title='bbox 1232 5537 1488 5609; x_wconf 72' lang='lat' dir='ltr'><strong>obiicitur</strong></span> <span class='ocrx_word' id='word_1_781' title='bbox 1515 5542 1771 5613; x_wconf 87' lang='lat' dir='ltr'><strong>templum</strong></span> <span class='ocrx_word' id='word_1_782' title='bbox 1806 5542 2019 5603; x_wconf 81' lang='lat' dir='ltr'><strong>Sanctae</strong></span> 
     </span>
    </p>
   </div>
   <div class='ocr_carea' id='block_1_104' title="bbox 450 5615 2018 5706">
    <p class='ocr_par' dir='ltr' id='par_1_104' title="bbox 450 5615 2018 5706">
     <span class='ocr_line' id='line_1_104' title="bbox 450 5615 2018 5706; baseline 0.014 -34"><span class='ocrx_word' id='word_1_783' title='bbox 450 5615 684 5675; x_wconf 81' lang='lat' dir='ltr'><strong>llelenat.</strong></span> <span class='ocrx_word' id='word_1_784' title='bbox 724 5618 897 5679; x_wconf 88' lang='lat' dir='ltr'><strong>Habet</strong></span> <span class='ocrx_word' id='word_1_785' title='bbox 924 5623 1202 5683; x_wconf 88' lang='lat' dir='ltr'><strong>columnas</strong></span> <span class='ocrx_word' id='word_1_786' title='bbox 1229 5641 1565 5688; x_wconf 78' lang='lat' dir='ltr'><strong>marmoreas</strong></span> <span class='ocrx_word' id='word_1_787' title='bbox 1611 5645 1864 5702; x_wconf 71' lang='lat' dir='ltr'><strong>quatuor.</strong></span> <span class='ocrx_word' id='word_1_788' title='bbox 1885 5651 2018 5706; x_wconf 71' lang='lat' dir='ltr'><strong>quae</strong></span> 
     </span>
    </p>
   </div>
   <div class='ocr_carea' id='block_1_105' title="bbox 450 5716 2016 5801">
    <p class='ocr_par' dir='ltr' id='par_1_105' title="bbox 450 5716 2016 5801">
     <span class='ocr_line' id='line_1_105' title="bbox 450 5716 2016 5801; baseline 0.012 -34"><span class='ocrx_word' id='word_1_789' title='bbox 450 5725 709 5784; x_wconf 77' lang='lat' dir='ltr'><strong>perpetuo</strong></span> <span class='ocrx_word' id='word_1_790' title='bbox 746 5716 888 5773; x_wconf 83' lang='lat' dir='ltr'><strong>illius</strong></span> <span class='ocrx_word' id='word_1_791' title='bbox 920 5717 1174 5789; x_wconf 82' lang='lat' dir='ltr'><strong>reliquias</strong></span> <span class='ocrx_word' id='word_1_792' title='bbox 1233 5720 1499 5778; x_wconf 84' lang='lat' dir='ltr'><strong>sustinent</strong></span> <span class='ocrx_word' id='word_1_793' title='bbox 1526 5739 1542 5781; x_wconf 92' lang='lat'><strong>:</strong></span> <span class='ocrx_word' id='word_1_794' title='bbox 1575 5735 1767 5798; x_wconf 73' lang='lat' dir='ltr'><strong>eatque</strong></span> <span class='ocrx_word' id='word_1_795' title='bbox 1795 5736 2016 5801; x_wconf 70' lang='lat' dir='ltr'><strong>praetcr-</strong></span> 
     </span>
    </p>
   </div>
   <div class='ocr_carea' id='block_1_106' title="bbox 522 5873 1552 5953">
    <p class='ocr_par' dir='ltr' id='par_1_106' title="bbox 522 5873 1552 5953">
     <span class='ocr_line' id='line_1_106' title="bbox 522 5873 1552 5953; baseline 0.012 -23"><span class='ocrx_word' id='word_1_796' title='bbox 522 5875 541 5907; x_wconf 82' lang='lat'><strong><em>‘</em></strong></span> <span class='ocrx_word' id='word_1_797' title='bbox 564 5873 709 5932; x_wconf 77' lang='lat' dir='ltr'><strong>Psal.</strong></span> <span class='ocrx_word' id='word_1_798' title='bbox 739 5891 853 5945; x_wconf 68' lang='grc' dir='ltr'>χχι,</span> <span class='ocrx_word' id='word_1_799' title='bbox 889 5876 978 5934; x_wconf 81' lang='grc'><strong>19.</strong></span> <span class='ocrx_word' id='word_1_800' title='bbox 1053 5878 1074 5913; x_wconf 77' lang='grc'><strong>⁷</strong></span> <span class='ocrx_word' id='word_1_801' title='bbox 1106 5877 1241 5938; x_wconf 83' lang='lat' dir='ltr'><strong>Luc.</strong></span> <span class='ocrx_word' id='word_1_802' title='bbox 1282 5898 1436 5953; x_wconf 74' lang='lat' dir='ltr'><strong>mu,</strong></span> <span class='ocrx_word' id='word_1_803' title='bbox 1461 5884 1552 5941; x_wconf 70' lang='lat'><strong>42.</strong></span> 
     </span>
    </p>
   </div>
   <div class='ocr_carea' id='block_1_107' title="bbox 2133 5073 3693 5150">
    <p class='ocr_par' dir='ltr' id='par_1_107' title="bbox 2133 5073 3693 5150">
     <span class='ocr_line' id='line_1_107' title="bbox 2133 5073 3693 5150; baseline -0.001 -19"><span class='ocrx_word' id='word_1_804' title='bbox 2133 5078 2271 5149; x_wconf 81' lang='grc' dir='ltr'>μετὰ</span> <span class='ocrx_word' id='word_1_805' title='bbox 2301 5075 2527 5145; x_wconf 84' lang='grc' dir='ltr'>μουσίου</span> <span class='ocrx_word' id='word_1_806' title='bbox 2563 5078 2612 5130; x_wconf 82' lang='lat' dir='ltr'><em>0i</em></span> <span class='ocrx_word' id='word_1_807' title='bbox 2665 5076 2968 5148; x_wconf 73' lang='grc' dir='ltr'>προφῆται,</span> <span class='ocrx_word' id='word_1_808' title='bbox 3017 5073 3110 5131; x_wconf 65' lang='grc' dir='ltr'>καὶ</span> <span class='ocrx_word' id='word_1_809' title='bbox 3158 5074 3413 5150; x_wconf 77' lang='grc' dir='ltr'>Ἀϐραὰμ</span> <span class='ocrx_word' id='word_1_810' title='bbox 3456 5075 3693 5140; x_wconf 76' lang='grc' dir='ltr'>θυσιάζει</span> 
     </span>
    </p>
   </div>
   <div class='ocr_carea' id='block_1_108' title="bbox 2127 5167 3690 5239">
    <p class='ocr_par' dir='ltr' id='par_1_108' title="bbox 2127 5167 3690 5239">
     <span class='ocr_line' id='line_1_108' title="bbox 2127 5167 3690 5239; baseline -0.001 -16"><span class='ocrx_word' id='word_1_811' title='bbox 2127 5170 2221 5225; x_wconf 82' lang='grc' dir='ltr'>τὸν</span> <span class='ocrx_word' id='word_1_812' title='bbox 2252 5171 2366 5223; x_wconf 73' lang='grc' dir='ltr'>υἱὸν</span> <span class='ocrx_word' id='word_1_813' title='bbox 2390 5168 2578 5224; x_wconf 70' lang='grc' dir='ltr'>αὑτοῦ.</span> <span class='ocrx_word' id='word_1_814' title='bbox 2610 5167 2788 5226; x_wconf 73' lang='grc' dir='ltr'>Αὑτοῦ</span> <span class='ocrx_word' id='word_1_815' title='bbox 2816 5172 2970 5225; x_wconf 78' lang='grc' dir='ltr'>ἐστιν</span> <span class='ocrx_word' id='word_1_816' title='bbox 2998 5169 3027 5222; x_wconf 86' lang='grc' dir='ltr'><strong><em>ὁ</em></strong></span> <span class='ocrx_word' id='word_1_817' title='bbox 3053 5169 3241 5233; x_wconf 84' lang='grc' dir='ltr'>τόπος,</span> <span class='ocrx_word' id='word_1_818' title='bbox 3273 5169 3412 5223; x_wconf 75' lang='lat'><em>61:06</em></span> <span class='ocrx_word' id='word_1_819' title='bbox 3438 5169 3690 5239; x_wconf 77' lang='grc' dir='ltr'>ἐποίησεν</span> 
     </span>
    </p>
   </div>
   <div class='ocr_carea' id='block_1_109' title="bbox 2127 5259 3688 5350">
    <p class='ocr_par' dir='ltr' id='par_1_109' title="bbox 2127 5259 3688 5350">
     <span class='ocr_line' id='line_1_109' title="bbox 2127 5259 3688 5350; baseline -0.002 -33"><span class='ocrx_word' id='word_1_820' title='bbox 2127 5264 2228 5334; x_wconf 80' lang='grc' dir='ltr'>τὴν</span> <span class='ocrx_word' id='word_1_821' title='bbox 2261 5263 2475 5320; x_wconf 86' lang='grc' dir='ltr'>θυσίαν.</span> <span class='ocrx_word' id='word_1_822' title='bbox 2506 5263 2618 5318; x_wconf 82' lang='lat' dir='ltr'><strong>Kal</strong></span> <span class='ocrx_word' id='word_1_823' title='bbox 2648 5262 2713 5315; x_wconf 83' lang='lat'><strong>:6</strong></span> <span class='ocrx_word' id='word_1_824' title='bbox 2761 5261 2957 5334; x_wconf 79' lang='grc' dir='ltr'>ἔδαφος</span> <span class='ocrx_word' id='word_1_825' title='bbox 2986 5259 3082 5316; x_wconf 79' lang='grc' dir='ltr'><strong>τοῦ</strong></span> <span class='ocrx_word' id='word_1_826' title='bbox 3105 5260 3349 5350; x_wconf 82' lang='grc' dir='ltr'>Γολγοθᾶ</span> <span class='ocrx_word' id='word_1_827' title='bbox 3372 5259 3513 5318; x_wconf 83' lang='grc' dir='ltr'>εἶναι</span> <span class='ocrx_word' id='word_1_828' title='bbox 3552 5264 3688 5318; x_wconf 68' lang='grc' dir='ltr'>ἐστο·-</span> 
     </span>
    </p>
   </div>
   <div class='ocr_carea' id='block_1_110' title="bbox 2127 5351 3684 5430">
    <p class='ocr_par' dir='ltr' id='par_1_110' title="bbox 2127 5351 3684 5430">
     <span class='ocr_line' id='line_1_110' title="bbox 2127 5351 3684 5430; baseline -0.003 -18"><span class='ocrx_word' id='word_1_829' title='bbox 2127 5355 2396 5430; x_wconf 73' lang='grc' dir='ltr'>ρισμένον</span> <span class='ocrx_word' id='word_1_830' title='bbox 2420 5356 2559 5426; x_wconf 80' lang='grc' dir='ltr'>μετὰ</span> <span class='ocrx_word' id='word_1_831' title='bbox 2588 5357 2813 5425; x_wconf 88' lang='grc' dir='ltr'>μουσίου</span> <span class='ocrx_word' id='word_1_832' title='bbox 2843 5355 3181 5426; x_wconf 79' lang='grc' dir='ltr'>παντέρπου.</span> <span class='ocrx_word' id='word_1_833' title='bbox 3225 5355 3292 5409; x_wconf 85' lang='grc' dir='ltr'><strong><em>Ἦ</em></strong></span> <span class='ocrx_word' id='word_1_834' title='bbox 3318 5353 3374 5410; x_wconf 75' lang='grc' dir='ltr'>δὶ</span> <span class='ocrx_word' id='word_1_835' title='bbox 3399 5355 3570 5410; x_wconf 81' lang='grc' dir='ltr'>ὀπίσω</span> <span class='ocrx_word' id='word_1_836' title='bbox 3595 5351 3684 5408; x_wconf 84' lang='grc' dir='ltr'>τοῦ</span> 
     </span>
    </p>
   </div>
   <div class='ocr_carea' id='block_1_111' title="bbox 2116 5443 3680 5520">
    <p class='ocr_par' dir='ltr' id='par_1_111' title="bbox 2116 5443 3680 5520">
     <span class='ocr_line' id='line_1_111' title="bbox 2116 5443 3680 5520; baseline -0.004 -15"><span class='ocrx_word' id='word_1_837' title='bbox 2116 5449 2361 5520; x_wconf 67' lang='grc' dir='ltr'>Γολγοϐᾶ</span> <span class='ocrx_word' id='word_1_838' title='bbox 2408 5447 2733 5504; x_wconf 76' lang='grc' dir='ltr'>καταϐαίνει</span> <span class='ocrx_word' id='word_1_839' title='bbox 2772 5448 2972 5503; x_wconf 85' lang='grc' dir='ltr'>σκαλία</span> <span class='ocrx_word' id='word_1_840' title='bbox 3022 5446 3089 5516; x_wconf 85' lang='grc' dir='ltr'>λ’,</span> <span class='ocrx_word' id='word_1_841' title='bbox 3147 5448 3243 5504; x_wconf 75' lang='grc' dir='ltr'>καὶ</span> <span class='ocrx_word' id='word_1_842' title='bbox 3301 5449 3454 5503; x_wconf 83' lang='grc' dir='ltr'>κάτω</span> <span class='ocrx_word' id='word_1_843' title='bbox 3489 5443 3623 5502; x_wconf 71' lang='grc' dir='ltr'>εἶναι</span> <span class='ocrx_word' id='word_1_844' title='bbox 3653 5446 3680 5499; x_wconf 85' lang='lat'><strong>6</strong></span> 
     </span>
    </p>
   </div>
   <div class='ocr_carea' id='block_1_112' title="bbox 2115 5539 3677 5613">
    <p class='ocr_par' dir='ltr' id='par_1_112' title="bbox 2115 5539 3677 5613">
     <span class='ocr_line' id='line_1_112' title="bbox 2115 5539 3677 5613; baseline -0.003 -14"><span class='ocrx_word' id='word_1_845' title='bbox 2115 5543 2242 5609; x_wconf 73' lang='grc' dir='ltr'>ναὸς</span> <span class='ocrx_word' id='word_1_846' title='bbox 2269 5543 2370 5611; x_wconf 76' lang='grc' dir='ltr'>τῆς</span> <span class='ocrx_word' id='word_1_847' title='bbox 2413 5540 2606 5612; x_wconf 81' lang='grc' dir='ltr'>Ἀγίας</span> <span class='ocrx_word' id='word_1_848' title='bbox 2638 5542 2884 5612; x_wconf 76' lang='grc' dir='ltr'>Ἑλένης,</span> <span class='ocrx_word' id='word_1_849' title='bbox 2923 5545 3018 5596; x_wconf 74' lang='grc' dir='ltr'>καὶ</span> <span class='ocrx_word' id='word_1_850' title='bbox 3041 5540 3155 5613; x_wconf 81' lang='grc' dir='ltr'>ἔχει</span> <span class='ocrx_word' id='word_1_851' title='bbox 3178 5539 3430 5606; x_wconf 86' lang='grc' dir='ltr'>κολόναις</span> <span class='ocrx_word' id='word_1_852' title='bbox 3461 5557 3677 5613; x_wconf 82' lang='grc' dir='ltr'>μαρμα·</span> 
     </span>
    </p>
   </div>
   <div class='ocr_carea' id='block_1_113' title="bbox 2119 5635 3668 5710">
    <p class='ocr_par' dir='ltr' id='par_1_113' title="bbox 2119 5635 3668 5710">
     <span class='ocr_line' id='line_1_113' title="bbox 2119 5635 3668 5710; baseline -0.001 -20"><span class='ocrx_word' id='word_1_853' title='bbox 2119 5637 2323 5710; x_wconf 81' lang='grc' dir='ltr'>ρεΐνοιις</span> <span class='ocrx_word' id='word_1_854' title='bbox 2341 5635 2408 5706; x_wconf 87' lang='grc' dir='ltr'>δ’,</span> <span class='ocrx_word' id='word_1_855' title='bbox 2448 5638 2543 5692; x_wconf 70' lang='grc' dir='ltr'>καὶ</span> <span class='ocrx_word' id='word_1_856' title='bbox 2579 5635 2885 5708; x_wconf 78' lang='grc' dir='ltr'>βαστάζουν</span> <span class='ocrx_word' id='word_1_857' title='bbox 2920 5636 3013 5691; x_wconf 63' lang='grc' dir='ltr'>τὸν</span> <span class='ocrx_word' id='word_1_858' title='bbox 3048 5639 3246 5710; x_wconf 76' lang='grc' dir='ltr'>νεκρὸν</span> <span class='ocrx_word' id='word_1_859' title='bbox 3283 5636 3668 5703; x_wconf 80' lang='grc' dir='ltr'>ἁενάως.Ἐναι</span> 
     </span>
    </p>
   </div>
   <div class='ocr_carea' id='block_1_114' title="bbox 2118 5726 3663 5805">
    <p class='ocr_par' dir='ltr' id='par_1_114' title="bbox 2118 5726 3663 5805">
     <span class='ocr_line' id='line_1_114' title="bbox 2118 5726 3663 5805; baseline -0.001 -20"><span class='ocrx_word' id='word_1_860' title='bbox 2118 5731 2211 5787; x_wconf 72' lang='grc' dir='ltr'><strong>καὶ</strong></span> <span class='ocrx_word' id='word_1_861' title='bbox 2243 5729 2410 5787; x_wconf 79' lang='grc' dir='ltr'>αὐτοῦ</span> <span class='ocrx_word' id='word_1_862' title='bbox 2467 5730 2564 5787; x_wconf 87' lang='lat'><strong>:06</strong></span> <span class='ocrx_word' id='word_1_863' title='bbox 2615 5731 2778 5805; x_wconf 79' lang='grc' dir='ltr'>ἁγίου</span> <span class='ocrx_word' id='word_1_864' title='bbox 2826 5730 3088 5790; x_wconf 80' lang='grc' dir='ltr'>Ἰακώϐου</span> <span class='ocrx_word' id='word_1_865' title='bbox 3127 5729 3224 5787; x_wconf 87' lang='lat'><strong>:06</strong></span> <span class='ocrx_word' id='word_1_866' title='bbox 3263 5730 3601 5805; x_wconf 76' lang='grc' dir='ltr'>’Δδελφοθὲου</span> <span class='ocrx_word' id='word_1_867' title='bbox 3636 5726 3663 5780; x_wconf 79' lang='lat'><strong>6</strong></span> 
     </span>
    </p>
   </div>
  </div>
