3988 6284
291 378 397 457 981

1576 389 1677 451 DE
1720 387 1940 452 LOCIS
1970 389 2309 453 SANC’PIS.

3443 382 3552 449 982

288 497 508 569 θρόνος.
540 494 667 551 ’Λπ’
703 496 870 555 αὐτοῦ
904 499 1003 554 καὶ
1027 497 1199 556 κάτον
1225 500 1362 557 ἄλλα
1389 502 1590 558 σκαλὶα
1615 504 1706 576 ιβ’,
1731 500 1870 567 εἶναι

1979 520 2044 560 ea
2094 508 2271 573 sancti
2299 503 2491 561 Jacobi
2536 500 2898 575 Adelphothei
2931 500 3183 558 thronus.
3214 495 3297 555 Ab
3333 509 3400 557 eo
3430 460 3555 568 post

284 590 354 644 τὸ
402 590 697 661 σπήλαιον,
744 590 881 648 ὀποῦ
927 593 1128 666 εὑρέθη
1171 594 1199 649 6
1251 594 1484 669 σταυρὸς
1524 596 1620 651 τοῦ
1661 599 1868 668 Κυρίου

286 681 477 747 καθὼς
503 682 595 737 τὸν
643 676 805 757 εὗρεν
860 687 894 756 ἡ
940 686 1075 756 ἁγία
1132 686 1322 760 Ἑλένη
1374 689 1677 762 χωσμένον.
1716 692 1869 762 Ἔχει

284 777 387 830 καὶ
411 775 721 851 τράπεζαν,
752 778 888 834 όποῢ
935 779 1309 854 λειτουργοῦν,
1349 782 1463 854 ἔχει
1506 784 1773 856 κανδήλια
1801 786 1864 840 δ’.

286 869 649 941 Ἐμπροσοεν
677 868 772 925 τοῦ
826 869 988 946 ᾴγίου
1051 871 1230 943 τάφου
1280 874 1542 945 ἄντικρυς
1572 876 1672 944 τῆς
1712 876 1869 943 ἁγίας

281 959 575 1033 τραπέζης
620 962 738 1023 έναι
762 964 791 1018 6
831 963 997 1029 τόπος
1030 966 1167 1019 ὀποῦ
1216 966 1576 1039 ἔλαζάρωσαν
1606 969 1698 1021 τὸν
1730 969 1869 1037 Χρι-

284 1057 444 1120 στὸν,
478 1058 576 1112 καὶ
608 1055 918 1129 ἐκήδευσαν
958 1059 988 1111 ὁ
1013 1058 1353 1129 Νικόδημος,
1382 1059 1480 1114 καὶ
1521 1061 1549 1114 6
1584 1061 1781 1131 Ἰωσὴφ
1811 1062 1869 1114 ὲν

281 1148 460 1203 σιδόνι
496 1148 736 1222 καθαρᾷ.
774 1152 885 1226 _Kal
912 1152 1077 1216 αὐτὸς
1115 1155 1143 1208 6
1172 1152 1339 1218 τόπος
1362 1150 1503 1207 εῖναι
1539 1153 1866 1225 πλουμιστὺς

280 1240 364 1308 μὶ
400 1240 671 1312 μάρμαρα
697 1241 1012 1314 πλουμιστὰ
1060 1246 1322 1316 πορφυρὰ
1381 1245 1476 1299 καὶ
1513 1244 1720 1318 μαῦρα,
1756 1244 1870 1301 Kal

278 1331 503 1385 ἄνωθεν
543 1333 880 1405 κρέμουνται
909 1335 1203 1407 κανδήλαις
1226 1342 1298 1407 η’,
1324 1338 1418 1391 καὶ
1441 1336 1632 1391 καίουν
1655 1335 1869 1407 ἡμέραν

278 1426 390 1479 καὶ
414 1425 615 1500 νύκταο
675 1427 769 1483 καὶ
812 1429 981 1483 αὑτοῦ
1025 1428 1140 1501 ἔχει
1173 1429 1429 1493 κολόναις
1458 1430 1868 1502 μαρμαρεϊναις

271 1519 355 1590 ῥ’.
392 1518 505 1577 Kal
560 1521 925 1594 σταυρόθολος
967 1515 1130 1588 εἶναι,
1182 1523 1276 1575 καὶ
1313 1522 1595 1594 καμάραις
1646 1523 1728 1593 είς
1775 1520 1870 1574 τὸν

281 1612 423 1667 ναὸν
461 1614 528 1668 λ’.
584 1601 741 1685 "Eiet
771 1614 867 1669 καὶ
901 1614 1110 1685 πόρτας
1157 1615 1185 1668 6
1231 1614 1360 1678 ναὸς
1391 1614 1476 1684 γ’·
1520 1617 1554 1686 ὴ
1604 1614 1701 1685 μία
1729 1608 1871 1685 εἶναι

276 1706 507 1762 δυσικά.
541 1707 662 1761 Ἀπ’
691 1706 857 1761 αὐτοῦ
894 1703 1059 1777 ἦλθεν
1090 1708 1122 1779 ἡ
1150 1708 1273 1763 ὁσία
1304 1708 1492 1775 Μαρία
1522 1708 1589 1763 vd:
1617 1725 1863 1779 προσκυ-

275 1799 452 1872 νήσῃ,
491 1804 583 1855 καὶ
607 1800 847 1872 ὲκολήϐη
870 1800 965 1854 ὑπ’
992 1800 1252 1875 ἀγγέλου,
1292 1800 1368 1872 μὴ
1410 1801 1630 1873 εἰσέλθῃ
1656 1802 1743 1865 εἰς
1772 1801 1865 1855 τὸν

277 1892 437 1949 ναόν.
464 1895 573 1948 Kal
603 1893 715 1947 ἅνω
738 1893 840 1963 τῆς
862 1891 1037 1964 πύλης
1053 1878 1194 1949 εῖναι
1227 1894 1580 1966 ἱστορισμένη
1617 1897 1649 1966 ἡ
1684 1896 1861 1967 ὑπερ-

279 1985 425 2055 αγία
474 1986 760 2053 Θεοτόκος,
812 1988 846 2058 ἡ
920 1986 1355 2059 ἁντιφανηθείσα
1404 1988 1600 2060 αὐτὴν,
1653 1988 1749 2042 καὶ
1792 1990 1871 2043 εἱ-

280 2078 505 2132 ποῦσαο
567 2078 721 2139 Ἐὰν
783 2079 892 2134 τὸν
946 2077 1259 2153 Ἰορδάνην
1305 2079 1609 2149 περάσῃς,
1661 2081 1868 2152 εὑρεῖν

279 2171 473 2241 θέλῃς
519 2169 892 2228 ἀνάπαυσιν.
932 2171 1001 2227 Ἦ
1046 2172 1104 2226 δὲ
1137 2171 1330 2238 ἄλλαις
1372 2172 1466 2227 δύο
1498 2172 1729 2247 πῦρταις
1773 2175 1870 2230 τοῦ

282 2264 423 2319 ναοῦ
460 2259 601 2320 εἶναι
628 2263 767 2335 πρὸς
797 2264 1176 2337 μεσημϐρίαν,
1200 2263 1298 2319 καὶ
1332 2264 1492 2336 ἔχουν
1522 2264 1770 2332 κολόναις
1793 2267 1869 2335 ς’,

287 2357 388 2412 καὶ
415 2359 727 2429 πορφυραῖς
753 2354 833 2426 γ’,
860 2356 954 2411 καὶ
977 2352 1122 2412 εἶναι
1147 2357 1242 2412 καὶ
1272 2356 1344 2412 τὰ
1368 2358 1600 2428 ἀνόφλια
1625 2358 1870 2429 γλυπτά.

283 2445 466 2503 Αὐτοῦ
502 2446 649 2520 ἔχεις
671 2447 764 2502 καὶ
786 2446 915 2502 εναν
942 2447 1288 2519 κουσούκλην
1323 2448 1606 2519 πέτρινον,
1649 2448 1869 2520 ὠραιὼ-

283 2558 474 2606 τατον,
518 2540 615 2598 καὶ
660 2540 1022 2612 ἱστορημένον
1066 2540 1206 2611 μετὰ
1255 2539 1507 2612 μουσίου.
1556 2541 1667 2609 Καὶ
1702 2542 1871 2596 αὐτοῦ

283 2630 548 2689 ἐκάθισεν
571 2633 602 2686 6
634 2631 915 2702 βασιλεὺς,
944 2633 1041 2686 καὶ
1062 2632 1307 2706 ἔκρινεν.
1347 2636 1457 2688 Καὶ
1490 2637 1521 2707 ἡ
1560 2635 1696 2709 ἁγίᾳ
1727 2637 1869 2707 αὐλὴ

287 2722 391 2799 τοῦ
419 2723 578 2793 ἁγίου
599 2725 777 2795 τάφου
800 2724 919 2787 έναι
945 2726 1042 2797 ὅλη
1073 2727 1871 2800 μαρμαρωπλακομὲνη.”Εναι

256 2816 389 2891 ,καὶ
417 2815 599 2872 κιόνια
624 2816 692 2883 δ’,
715 2816 813 2872 καὶ
849 2817 1047 2881 ἀπάνω
1083 2818 1247 2873 αὑτοῦ
1284 2819 1485 2876 ἔϐαλαν
1515 2820 1607 2876 τὸν
1635 2820 1870 2888 σταυρὸν

286 2909 392 2963 ἰπὶ
443 2907 537 2963 τὸν
578 2909 800 2979 νεκρὸν,
858 2910 953 2964 καὶ
986 2908 1211 2982 ἀνέστη.
1250 2904 1408 2965 Εῐναι
1439 2910 1605 2966 αὐτοῦ
1650 2914 1683 2983 ἡ
1724 2914 1872 2985 τρεῖς

282 3000 613 3073 ικκλησίαις
672 3001 774 3073 τῆς
846 3000 1007 3069 ἁγίας
1033 3001 1418 3066 ’Δναστάσεως
1466 3004 1561 3073 τοῦ
1606 3003 1868 3074 Χριστοῦ,

288 3096 387 3150 καὶ
428 3096 538 3151 τῶν
582 3094 754 3166 ἁγίων
799 3094 1214 3163 τεσσαράκοντα
1264 3094 1587 3166 μαρτύρων,
1644 3095 1868 3152 καὶτοῦ

1984 599 2120 666 alios
2159 599 2358 671 gradus
2392 598 2698 662 duodecim,
2727 596 2986 668 spelunca
3019 594 3153 661 hiat,
3184 592 3239 649 in
3273 606 3380 671 qua
3418 604 3553 648 cru

1984 691 2200 749 Domini
2232 692 2546 761 abscondita
2595 707 2626 747 a
2682 698 2868 747 sancta
2918 687 3117 746 Helena
3169 694 3383 756 reperta
3432 683 3555 739 luit.

1985 788 2081 844 Est
2111 797 2166 843 et
2204 802 2416 851 mensa,
2444 786 2498 841 in
2531 800 2637 856 qua
2662 783 2858 840 Missas
2898 781 3195 838 celebrant.
3218 777 3391 849 Habet
3418 777 3560 833 lam-

1982 881 2148 952 pades
2194 888 2445 950 quatuor.
2477 878 2618 934 Ante
2660 876 2876 933 sacrum
2915 872 3249 945 sepulcrum,
3292 869 3558 927 exadver—

1983 989 2077 1030 sus
2126 987 2337 1028 sacram
2392 986 2659 1034 mensam,
2717 969 2868 1024 locus
2915 974 3022 1031 est,
3070 965 3123 1020 in
3182 978 3291 1035 quo
3360 976 3561 1032 corpus

1982 1063 2184 1121 Christi
2216 1065 2563 1123 demortuum
2594 1069 2924 1117 curaverunt
2962 1056 3296 1114 Nicodemus
3320 1060 3373 1114 et
3406 1050 3557 1109 Jose-

1981 1158 2143 1229 phus,
2177 1166 2232 1214 et
2258 1155 2625 1229 sepeliverunt
2668 1154 2722 1209 in
2753 1152 2982 1209 sindone
3013 1150 3231 1205 munda.
3264 1146 3443 1206 Locus
3476 1153 3561 1204 est

1985 1248 2135 1320 varie
2165 1246 2406 1317 depictus
2450 1244 2818 1311 marmoribus
2846 1242 3135 1315 purpureis
3167 1248 3217 1296 et
3259 1239 3470 1311 nigris;
3501 1246 3558 1292 et

1983 1354 2149 1411 supra
2182 1338 2419 1411 pendent
2447 1338 2725 1410 lampades
2756 1346 2900 1401 octo,
2929 1335 3021 1392 diu
3048 1345 3318 1403 noctuque
3368 1330 3561 1385 arden-

1983 1443 2101 1502 tes;
2144 1434 2417 1506 habetque
2461 1431 2745 1489 columnas
2777 1443 3112 1505 marmoreas
3147 1436 3403 1498 quatuor,
3434 1425 3562 1479 tiro-

1983 1528 2172 1601 losque
2200 1527 2269 1584 ad
2299 1526 2531 1597 formam
2560 1526 2771 1595 crucis;
2804 1534 2860 1581 et
2888 1533 3019 1582 sunt
3045 1522 3284 1579 fornices
3327 1520 3378 1575 in
3415 1527 3558 1574 tem—

1982 1620 2071 1693 pio
2120 1621 2361 1692 triginta.
2419 1619 2701 1690 Templum
2728 1618 2901 1674 tribus
2945 1616 3155 1673 toribus
3198 1622 3347 1687 patet
3395 1629 3411 1669 :
3450 1628 3558 1669 una

1981 1714 2324 1779 occidentem
2351 1712 2608 1783 respicit;
2645 1726 2741 1783 per
2769 1727 2889 1767 eam
2925 1713 3081 1767 beata
3115 1707 3277 1763 Maria
3306 1705 3558 1778 Egyptia

1981 1820 2104 1861 eum
2131 1804 2198 1860 ad
2230 1805 2565 1860 adorandum
2601 1802 2811 1875 ingredi
2837 1812 3148 1867 conaretur,
3179 1799 3466 1856 arcebatur
3490 1796 3559 1853 ab

1978 1894 2197 1966 angelo.
2247 1894 2315 1952 Et
2362 1909 2530 1965 super
2562 1909 2682 1951 eam
2728 1892 2920 1948 visitur
2968 1892 3149 1962 imago
3193 1888 3557 1965 sanctissimas

1975 1989 2241 2060 Deiparaa,
2278 2004 2398 2060 qua:
2430 1987 2575 2041 illam
2626 1987 2861 2046 allocuta
2909 1986 3043 2039 dixit
3084 2002 3099 2039 :
3143 1982 3200 2039 Si
3261 1966 3553 2038 Iordanem

1971 2081 2357 2156 pertranaieris,
2385 2080 2612 2137 invenies
2654 2079 2902 2146 requiem.
2938 2076 3182 2148 Reliquae
3207 2075 3327 2131 duae
3360 2076 3415 2130 in
3441 2088 3556 2129 me—

1973 2177 2165 2231 ridiem
2205 2184 2458 2246 vergunt,
2491 2183 2546 2228 et
2579 2171 2782 2229 habent
2809 2170 3090 2235 columnas
3119 2185 3238 2236 sex,
3271 2178 3325 2225 et
3350 2183 3554 2239 purpu:

1976 2282 2094 2324 reas
2124 2277 2270 2334 tres;
2294 2276 2350 2328 et
2374 2263 2812 2334 superliminaria
2843 2261 3127 2332 exsculpta
3155 2270 3307 2317 sunt.
3335 2260 3543 2316 Ibidem
3622 2306 3623 2309 η

1974 2369 2028 2416 et
2064 2359 2332 2430 lapideum
2360 2357 2665 2424 cubiculum
2712 2369 2902 2425 cernes
2936 2351 3384 2433 pulcherrimum,
3427 2367 3551 2433 mu-

1974 2452 2092 2507 sivo
2119 2449 2416 2521 depictum,
2456 2449 2508 2509 in
2540 2463 2643 2523 quo
2680 2447 2908 2507 sedebat
2931 2462 3024 2511 rex
3071 2456 3124 2501 et
3153 2431 3454 2516 judicabat.
3484 2443 3553 2500 Et

1974 2543 2114 2599 sacri
2153 2542 2387 2613 sepulcri
2416 2557 2631 2599 sacrum
2666 2540 2860 2600 atrium
2908 2548 2993 2597 est
3028 2539 3266 2609 undique
3312 2553 3551 2603 marmo-

1976 2636 2126 2690 ribus
2144 2644 2398 2691 stratum.
2434 2633 2570 2689 Sunt
2595 2642 2648 2690 et
2684 2634 2860 2691 cionia
2895 2640 3128 2704 quatuor
3165 2649 3180 2688 :
3221 2632 3550 2703 ibidemque,

1973 2743 2135 2782 cruce
2161 2736 2377 2782 mortuo
2408 2715 2678 2798 apposita,
2705 2736 2952 2780 mortuus
2980 2726 3031 2779 in
3067 2724 3233 2779 vitam
3262 2724 3552 2779 restitutus

1972 2831 2074 2876 est.
2136 2817 2277 2874 Sunt
2311 2827 2571 2891 praeterea
2610 2827 2719 2875 tres
2768 2818 3034 2883 ecclesiae,
3086 2828 3292 2873 saneta:
3346 2816 3551 2885 Christi

1974 2912 2416 2978 resurrectionis,
2462 2922 2519 2967 et
2571 2920 2884 2967 sanctorum
2940 2909 3296 2981 quadraginta
3345 2919 3554 2982 marty-

1975 3018 2120 3067 rum,
2151 3011 2202 3057 ct
2232 3002 2401 3058 sancti
2424 2999 2610 3057 Jacobi
2644 3000 3023 3069 Adelphotltei,
3045 3010 3099 3056 et
3124 3001 3408 3055 mulierum
3431 3015 3553 3071 quas

1974 3107 2218 3153 aromata
2273 3098 2603 3153 detulerunt.
2662 3095 2738 3152 Eo
2795 3096 2846 3150 in
2898 3098 3018 3151 loco
3085 3096 3220 3153 vidit
3273 3094 3546 3151 Christum

293 3187 450 3256 ἁγίου
493 3186 751 3242 Ἰακώϐου
780 3185 885 3241 ’τοῦ
920 3184 1302 3256 Ἀδελφοοέου,
1338 3188 1432 3241 καὶ
1464 3187 1571 3241 τῶν
1616 3188 1870 3261 Μυροφό-

1979 3189 2290 3260 Magdalena
2321 3198 2440 3259 post
2461 3189 2938 3251 resurrectionem,
2972 3189 3401 3256 existimansque
3422 3186 3551 3241 hor-

298 3297 429 3350 ρων.
478 3279 657 3334 Αὐτοῦ
697 3275 839 3335 είδεν
888 3282 923 3351 ἡ
966 3279 1290 3353 Μαγδαλινὴ
1326 3280 1419 3336 τὸν
1458 3281 1695 3353 Χριστὸν
1732 3283 1871 3353 μετὰ

286 3376 393 3447 τὴν
442 3374 686 3446 ἔγερσιν,
740 3375 836 3430 καὶ
860 3362 1099 3431 δοκοῦσα
1149 3376 1233 3430 ὅτι
1279 3377 1308 3429 6
1344 3374 1622 3448 κηπουρὸς
1650 3370 1741 3446 ἦν,
1769 3376 1868 3453 καὶ

274 3466 447 3524 ἰῖπεν
472 3487 487 3503 ο
520 3472 714 3540 Κύριε,
746 3470 865 3526 ποῦ
908 3470 976 3525 τὸ
1007 3470 1181 3542 σῶμα
1207 3470 1315 3527 τοῦ
1359 3470 1570 3541 Ἰησοῦ
1621 3488 1741 3541 μου
1778 3469 1870 3524 τέ-

284 3554 524 3631 θηκαςς
559 3567 653 3618 xa‘t
695 3567 723 3618 6
749 3564 956 3637 Κύριος
992 3565 1131 3637 πρὸς
1192 3564 1364 3637 αὐτὴν
1423 3561 1613 3618 εἴπεν·
1648 3566 1868 3634 Μαρία,

276 3654 372 3726 μή
402 3674 523 3725 μου
552 3656 771 3720 ἅπτου,
802 3658 876 3713 οὐ
916 3657 1028 3726 γὰρ
1060 3657 1406 3725 ἀναϐέϐηκα
1434 3656 1587 3727 πρὸς
1613 3656 1720 3712 τὸν
1747 3661 1871 3711 Πα-

282 3749 434 3819 τέρα
452 3766 594 3819 μου,
628 3748 725 3803 καὶ
759 3751 908 3804 Θεόν
948 3766 1111 3820 μου,
1158 3748 1261 3803 καὶ
1318 3749 1465 3803 Θεὸν
1516 3747 1704 3818 ὑμῶν.
1752 3751 1872 3803 Ἀπ’

287 3840 462 3896 αὐτοῦ
490 3841 585 3897 καὶ
631 3840 838 3897 ἄνωθεν
864 3840 981 3901 έναι
1018 3822 1098 3905 τὸ⁴
1123 3840 1529 3912 Πατριαρχικόν
1550 3857 1563 3871 ’
1598 3842 1693 3895 καὶ
1725 3860 1870 3914 παρ-

1977 3288 2219 3344 tulanum
2253 3300 2397 3350 esse,
2442 3284 2578 3339 dixit
2615 3301 2629 3339 :
2666 3282 2909 3348 Domine,
2942 3282 3029 3334 ubi
3073 3297 3259 3350 corpus
3288 3278 3417 3343 Iesu,
3451 3278 3555 3334 mei

1976 3383 2200 3441 posuisti
2231 3380 2293 3433 ll?
2325 3390 2378 3435 et
2403 3378 2658 3433 Dominus
2688 3376 2753 3431 ad
2779 3391 2896 3441 eam
2924 3392 2938 3430 :
2966 3375 3160 3441 Maria,
3194 3374 3300 3427 noli
3333 3382 3545 3445 metan-

1978 3467 2137 3545 ρει-οξ
2171 3471 2403 3526 nondum
2448 3471 2583 3524 enim
2644 3469 2856 3522 ascendi
2893 3470 2960 3521 ad
3009 3467 3220 3522 Patrem
3271 3481 3439 3518 meum
3500 3474 3548 3517 ρι

1981 3544 2147 3620 Deum
2196 3575 2423 3619 vestrum
2449 3563 2492 3617 °.
2533 3560 2702 3624 Paulo
2734 3559 2868 3614 infra
2916 3544 3313 3614 Patriarchium
3346 3564 3459 3622 est;
3494 3566 3548 3611 et

1979 3673 2140 3729 supra
2170 3656 2512 3727 hodegctria,
2546 3664 2599 3710 et
2624 3655 2870 3725 habitant
2891 3652 3175 3706 moniales.
3205 3648 3282 3703 Ex
3306 3664 3393 3711 eo,
3424 3664 3547 3703 cum

1979 3758 2149 3806 staret
2193 3748 2458 3818 Deipara,
2522 3748 2833 3801 intuebatur
2890 3744 3082 3805 Filium
3139 3744 3190 3797 in
3242 3758 3440 3809 cruce,
3492 3751 3551 3798 et

1980 3842 2353 3911 deplangebat.
2388 3840 2557 3901 Abest
2578 3854 2607 3892 a
2633 3852 2789 3893 sacro
2816 3837 3062 3907 sepulcro
3094 3836 3325 3891 stadium
3361 3851 3549 3890 unum.

287 3939 410 3995 ἀνω
438 3937 554 3992 έναι
582 3939 614 4011 ἡ
643 3935 1107 4009 όδηγήτρια,’καὶ
1158 3936 1452 4003 κὰθουνται
1522 3936 1866 4009 καλογρίαις.
1914 3937 2036 3992 Ἀπ’
2060 3935 2228 3993 αὑτοῦ
2262 3936 2486 3997 ἔστεκεν
2517 3934 2551 4005 ἡ
2580 3932 2864 3999 Θεοτόκος,
2895 3930 2990 3985 καὶ
3020 3929 3215 3983 tam:
3271 3928 3363 3983 τὸν
3420 3926 3553 3981 rus»

287 4049 396 4104 της
432 4034 513 4097 εἰς
543 4034 637 4086 τὸν
673 4031 928 4102 σταυρὸν,
966 4031 1063 4085 καὶ
1096 4030 1326 4102 ὲθρήνη.
1358 4030 1583 4103 Ἀπέχει
1628 4032 1739 4086 ἀπὸ
1767 4033 1858 4086 τὸν
1900 4032 2054 4103 ἅγιον
2086 4030 2257 4101 τάφον
2290 4029 2507 4085 στάδιον
2542 4025 2612 4084 α’.

364 4123 437 4198 η’,
471 4127 628 4197 Ἔχει
663 4125 744 4189 είς
779 4126 922 4181 αὐτὰ
949 4125 1019 4180 τὰ
1049 4126 1191 4198 μέρη
1231 4127 1572 4197 μοναστήρια
1600 4126 1866 4200 δεκατρία

291 4219 495 4275 δυτικά
517 4218 611 4274 τοῦ
640 4219 804 4289 ἁγίου
832 4219 1032 4287 τάφου.
1080 4218 1309 4291 Πρῶτον
1349 4221 1377 4272 6
1409 4218 1746 4292 Πρόδρομος,
1774 4219 1873 4275 atal

289 4313 325 4368 ὁ
357 4313 532 4382 μέγας
566 4311 864 4381 Γεώργιος,
902 4311 999 4364 καὶ
1032 4310 1061 4363 6
1118 4310 1295 4381 μέγας
1326 4311 1665 4382 Δημήτριος,
1714 4312 1809 4367 καὶ
1843 4312 1874 4366 6

297 4405 483 4476 μέγας
536 4402 826 4469 Νικόλαος,
865 4402 963 4457 καὶ
1021 4402 1056 4475 ἡ
1113 4402 1246 4471 ἁγία
1294 4402 1496 4474 Θέκλη,
1533 4404 1693 4475 καὶὴ
1740 4402 1871 4471 ἁγία

296 4498 493 4561 'Avva,
522 4495 618 4549 καὶ
652 4497 679 4549 6
739 4494 898 4562 ἅγιος
953 4493 1251 4565 Εὐθύμιος,
1283 4497 1378 4549 καὶ
1418 4496 1453 4566 ἠ
1487 4495 1619 4564 ἁγία
1644 4498 1872 4551 Δίκατε-

2046 4127 2100 4183 8.
2133 4125 2235 4183 His
2295 4126 2350 4180 in
2382 4125 2628 4193 partibus
2670 4132 2727 4179 et
2784 4121 2941 4194 plaga
2997 4114 3314 4176 occidentali
3370 4117 3556 4175 sancti

1977 4218 2236 4289 sepulcri,
2282 4227 2409 4279 sunt
2442 4216 2696 4272 tredecim
2748 4199 3098 4275 monasteria.
3140 4207 3353 4263 Primas
3386 4223 3552 4282 occu-

1980 4320 2075 4382 pat
2112 4324 2455 4380 praecursor;
2505 4316 2614 4364 tum
2646 4318 2981 4377 sequuntur,
3003 4318 3230 4373 magnus
3261 4299 3559 4374 Georgius,

1979 4417 2210 4471 magnus
2248 4399 2574 4466 Demetrius,
2610 4413 2835 4468 magnus
2866 4394 3146 4461 Nicolaus,
3186 4400 3369 4447 sancta
3401 4390 3550 4445 The-

1978 4495 2082 4560 cla,
2110 4502 2299 4550 sancta
2344 4495 2526 4557 Anna,
2568 4499 2788 4547 sanctus
2838 4488 3181 4559 Euthymius,
3224 4493 3412 4541 sancta
3442 4482 3552 4537 Ca-

298 4588 450 4662 ρίνα,
481 4588 578 4642 καὶ
605 4590 633 4641 6
664 4585 979 4657 Ταξιάρχης
1005 4563 1247 4657 Μιχαὴλ,
1277 4586 1373 4641 καὶ
1396 4563 1585 4657 ἕτερος
1612 4589 1741 4650 ναὸς
1776 4585 1870 4643 τοῦ

1979 4586 2217 4651 tbarina,
2248 4583 2478 4645 Michael
2525 4581 2856 4644 Taxiareba,
2897 4589 2951 4634 et
2978 4577 3123 4633 aliud
3160 4575 3335 4631 sancti
3379 4573 3547 4629 Geor-

291 4681 458 4751 ἁγίου
493 4679 793 4749 Γεωργίου,
837 4678 934 4732 καὶ
974 4677 1005 4731 6
1060 4679 1217 4746 ἆγιος
1244 4677 1506 4750 Ἰωάννης
1534 4678 1563 4731 6
1589 4678 1870 4747 Θεολόγος,

296 4775 396 4829 καὶ
431 4775 457 4827 6
494 4772 649 4842 ἅγιος
681 4771 987 4835 Βασίλειος.
1020 4771 1207 4831 Ταῦτα
1253 4774 1321 4826 τὰ
1366 4773 1708 4843 μοναστήρια
1738 4772 1870 4831 όττοῢ

299 4867 657 4938 εὑρίσκονται
704 4863 845 4935 μετὰ
875 4866 1168 4935 καμάρων.
1193 4864 1350 4936 Ἔχει
1391 4865 1486 4919 καὶ
1528 4863 1623 4918 δύο
1668 4864 1876 4934 πόρτας

298 4956 649 5029 προὺτζινες,
672 4957 768 5011 καὶ
796 4957 876 5019 είς
903 4955 971 5008 τὰ.
992 4954 1145 5020 δεξιὰ
1172 4955 1319 5028 μέρη
1349 4956 1443 5009 τοῦ
1476 4957 1717 5028 βήματος
1741 4959 1873 5012 ἀνα·-

296 5050 479 5105 6αίνει
508 5048 712 5103 σκαλιὰ
762 5054 849 5113 ιε’,
891 5047 986 5101 καὶ
1032 5049 1276 5103 σεϐαίνει
1323 5050 1401 5114 είς
1458 5051 1551 5103 τὸν
1603 5050 1731 5105 ναὸν
1778 5049 1873 5105 τοῦ

310 5142 501 5211 ’Δγίου
550 5141 855 5212 Γεωργίου.
908 5139 973 5194 Ἦ
1008 5140 1067 5195 δὲ
1117 5141 1344 5195 ὄπισθεν
1374 5142 1469 5196 τοῦ
1519 5143 1761 5214 βήματος
1794 5147 1876 5208 εἰς

296 5232 495 5287 στάδια
538 5230 635 5285 δύο
681 5227 823 5303 εἶναι
846 5231 883 5302 ,ὁ
910 5231 1075 5297 τόπος
1105 5232 1217 5287 τῶν
1252 5231 1553 5305 ποιμενῶν.
1590 5235 1811 5307 Ἀπέχει
1842 5238 1875 5307 ἡ

297 5324 435 5393 ἁγία
464 5322 715 5396 Βηθλεὲμ
749 5324 858 5378 ἀπὸ
894 5324 995 5396 τὴν
1046 5325 1407 5397 Ἰερουσαλὴμ.
1456 5327 1633 5395 μίλιον
1657 5334 1705 5381 α’
1728 5345 1742 5360 ο
1781 5330 1876 5382 ἀπ’

300 5413 471 5487 αὑτοῦ
501 5414 620 5472 έναι
646 5418 675 5469 6
707 5415 1014 5481 ’Λπεζάλας
1065 5419 1094 5471 6
1133 5414 1282 5483 οἶκος
1315 5417 1409 5471 τοῦ
1443 5418 1741 5488 Ἐφραθᾶν,
1784 5420 1880 5474 καὶ

302 5506 484 5563 ὀπίσω
521 5506 617 5567 τοῦ
647 5507 925 5571 Ἀπεζάλα
957 5508 1075 5563 έναι
1099 5511 1128 5564 6
1157 5509 1281 5573 ναὸς
1306 5508 1402 5563 τοῦ
1432 5509 1673 5579 μεγάλου
1700 5510 1881 5581 Γεωρ-

308 5601 454 5673 γίου,
484 5600 607 5675 έναι
668 5600 763 5654 καὶ
793 5602 828 5672 ἡ
856 5599 1029 5672 ἁλύση
1072 5600 1207 5654 ὀποῦ
1261 5602 1405 5672 εἶχεν
1436 5595 1542 5664 εἷς
1595 5600 1686 5653 τὸν
1716 5600 1877 5670 σφόν-

308 5694 468 5763 δυλόν
498 5710 618 5765 του.
648 5694 876 5765 ’Δπέχει
901 5693 1009 5749 ἀπὸ
1034 5697 1132 5768 την
1169 5693 1529 5767 Ἰερουσαλὴμ
1566 5694 1720 5766 μιλία
1742 5691 1814 5765 η’,
1847 5695 1878 5765 ἦ

385 5849 409 5883 ⁸
434 5845 593 5905 Joan.
634 5865 729 5918 ιι,
766 5850 853 5906 l5.
931 5851 953 5884 ⁹
983 5850 1118 5908 ibid.
1159 5852 1243 5909 i7.

1973 4677 2071 4749 gli,
2099 4686 2325 4753 sanctus
2354 4662 2603 4731 Joannes
2643 4672 2970 4743 Theologus,
3022 4677 3249 4726 sanctus
3292 4668 3549 4733 Basilius.

1976 4769 2300 4827 Monasteria
2335 4768 2634 4824 fornicibus
2660 4766 2888 4822 clarent.
2918 4762 3091 4819 liabet
3125 4772 3180 4820 et
3207 4762 3343 4818 duas
3366 4770 3552 4831 portas

1976 4876 2190 4936 aeneas;
2222 4870 2275 4917 et
2310 4876 2339 4915 a
2367 4869 2520 4931 parte
2545 4861 2733 4915 dextra
2766 4856 2997 4913 bematis
3025 4853 3326 4911 ascendens
3350 4853 3549 4925 gradus

1974 4956 2311 5028 quindecim,
2369 4953 2663 5023 ingreditur
2696 4952 2952 5029 templum
3001 4948 3175 5005 sancti
3222 4946 3465 5015 Georgii.
3504 4946 3544 4998 A

1976 5060 2126 5120 tergo
2157 5048 2385 5104 bernatis
2429 5048 2541 5101 fere
2597 5044 2896 5099 Stadiorunt
2947 5042 3175 5101 duorum
3224 5039 3419 5106 spatio,
3463 5047 3547 5091 est

1976 5151 2253 5213 pastorum
2297 5141 2468 5197 locus.
2503 5137 2674 5191 Distat
2713 5140 2899 5191 sancta
2944 5132 3222 5186 Bethleem
3255 5144 3283 5183 a
3332 5129 3547 5183 civitate

1974 5234 2275 5289 Jerusalem
2326 5231 2554 5285 tnilliare
2600 5242 2789 5299 unum.
2840 5224 2918 5277 Ex
2970 5238 3075 5292 qua
3131 5219 3197 5275 ad
3250 5217 3545 5287 Apezalam

1975 5326 2229 5397 Ephratue
2279 5325 2350 5380 do
2376 5340 2499 5376 ι.ιιηι
2556 5321 2896 5375 intercedunt
2945 5314 3093 5370 mille
3157 5328 3371 5382 passus.
3422 5310 3545 5365 Post

1975 5418 2267 5489 Apezalam
2310 5415 2553 5471 cernitur
2600 5410 2855 5483 templum
2908 5407 3087 5477 magni
3119 5405 3374 5475 Georgii;
3407 5411 3464 5456 et
3492 5402 3547 5455 in

1979 5527 2044 5568 eo
2076 5517 2384 5571 asseruntur
2414 5517 2623 5573 catena,
2655 5519 2816 5576 quam
2851 5502 2937 5556 ille
2973 5502 3120 5556 circa
3150 5498 3427 5553 vertebras
3450 5509 3545 5563 ge-

1982 5605 2181 5660 stabat.
2242 5598 2415 5669 Distat
2466 5597 2534 5651 ab
2568 5595 2700 5651 urbe
2747 5590 3044 5663 Jerusalem
3100 5587 3344 5643 milliaria
3396 5592 3545 5637 octo.

1987 5691 2160 5749 Locus
2208 5690 2440 5748 Abrahae
2494 5696 2637 5743 terra
2697 5686 2851 5757 nigra
2902 5682 3124 5739 occidua
3181 5688 3287 5735 est.
3336 5674 3544 5731 lbidem
