3988 6284
536 399 640 463 983
1971 395 2114 459 ᾹΝΟ

2221 394 2280 455 ’Μ
2290 393 2319 455 Ι
3666 384 3762 452 984

541 517 819 575 Abraham
846 516 1267 591 hospitalitatem
1299 515 1551 575 exercuit
1578 533 1593 572 :
1622 522 1680 571 et
1717 514 1773 570 in
1806 511 1980 569 media
2011 511 2108 568 do-

2221 511 2270 566 56
2309 511 2339 565 6
2364 509 2528 575 τόπος
2554 510 2646 565 τοῦ
2676 504 2931 581 Ἀϐραὰμ
2978 505 3013 577 ἡ
3049 504 3120 577 γῆ
3152 505 3186 576 ἡ
3225 501 3429 574 Μαυρῆ
3461 496 3604 555 εἶναι
3629 500 3766 554 Bust-

543 625 631 664 mo
653 621 736 667 est
763 610 1071 682 sepulcrum
1101 611 1271 668 illius.
1319 609 1500 665 Distat
1526 606 1593 663 ab
1634 607 1770 664 urbe
1800 604 2107 663 Jerusalem

2221 603 2305 659 κά.
2336 604 2515 659 A6106
2576 601 2692 659 έναι
2724 604 2753 658 6
2779 601 2946 665 τόπος
2976 599 3111 655 61:06
3151 596 3360 668 ἔκαμεν
3382 593 3639 667 Ἀϐραὰμ
3677 593 3768 663 τὴν

544 702 797 759 milliaria
829 702 955 759 tria.
986 703 1223 774 Indeque
1253 700 1618 773 progredienti
1652 698 1818 755 millia
1849 711 2108 767 passuum

2221 696 2518 767 φιλοξενίαν
2540 713 2557 731 ο
2586 694 2681 749 καὶ
2731 695 2895 766 μέσον
2942 689 3036 747 τοῦ
3069 691 3223 747 οίκου
3268 703 3362 743 του
3403 684 3520 740 Eva:
3547 684 3579 737 6
3607 683 3769 753 τάφος

545 794 766 865 triginta
797 794 899 851 tria
941 809 1064 853 sese
1088 794 1246 851 offert
1273 791 1451 849 sancti
1492 789 1805 847 Charitonis
1833 798 2109 849 monaSte—

539 903 702 945 rium.

606 1069 661 1127 9.
704 1069 834 1128 Sina
880 1086 1033 1128 mons
1083 1072 1135 1130 in
1182 1072 1377 1129 intimo
1406 1072 1605 1129 deserti
1646 1071 1977 1137 insinuatur,
2024 1071 2108 1128 di-

538 1171 757 1234 statque
786 1165 856 1220 ab
884 1166 1019 1222 urbe
1048 1166 1348 1224 Jerusalem
1406 1166 1599 1223 diebus
1652 1166 1982 1236 quindecim.
2029 1164 2108 1220 lbi

538 1266 789 1312 sanctum
813 1257 1008 1314 rubum
1030 1260 1310 1314 ardentem
1331 1258 1542 1332 Moyses
1572 1260 1802 1329 aspexit.
1826 1257 2106 1329 Templum

539 1358 829 1407 structurae
853 1349 1045 1423 ligneae
1082 1351 1300 1423 plumbo
1345 1352 1690 1422 contegitur;
1726 1352 2111 1422 sustinentque

538 1442 669 1498 illud
721 1443 984 1501 columnae
1013 1444 1321 1501 duodecim.
1370 1445 1532 1502 Bema
1562 1445 1775 1501 musivo
1818 1445 2109 1502 interstin-

539 1544 686 1590 ctum
731 1546 836 1603 est,
896 1547 1357 1608 repraesentatque
1399 1536 1939 1608 transﬁgurationem
1998 1536 2106 1591 Dn-

542 1627 695 1682 mini.
728 1625 906 1684 Situm
944 1640 1029 1685 est
1080 1629 1152 1685 ibi
1194 1629 1250 1685 in
1288 1644 1449 1700 capsa
1493 1644 1795 1685 marmorea
1841 1628 2109 1700 reliquum

540 1727 740 1775 sanetae
785 1720 1123 1788 Catharinte;
1175 1721 1521 1792 pendentque
1552 1722 1785 1792 desuper
1830 1720 2109 1791 lampades

541 1825 670 1868 tres.
728 1811 774 1866 Α
825 1820 977 1885 tergo
1027 1814 1258 1871 hematis
1312 1814 1412 1870 sub
1470 1829 1629 1870 sacra
1679 1828 1865 1869 mensa
1917 1813 2111 1869 ardent

542 1904 819 1973 lampades
868 1915 1000 1961 tres.
1031 1904 1245 1961 Sacella
1289 1919 1458 1977 penes
1511 1904 1771 1976 templum
1805 1911 1949 1971 sunt,
1987 1919 2113 1960 san-

542 2006 752 2051 ctorum
799 1996 1077 2061 abbatum,
1111 1998 1462 2068 reliquiaeque
1503 1997 1557 2053 in
1604 1999 1675 2055 iis
1708 1996 1978 2069 reposita,
2016 1996 2112 2068 qui

543 2091 596 2144 in
619 2088 747 2145 Sina
778 2100 961 2147 monte
985 2099 1039 2147 et
1067 2090 1266 2163 Raythi
1292 2093 1517 2149 civitate
1537 2092 1845 2147 obtruncati
1867 2089 2107 2148 fuerunt.

540 2180 818 2253 Propeque
861 2184 1032 2239 aedem
1083 2185 1407 2240 catholicam
1460 2186 1711 2241 visuntur
1757 2184 1862 2240 alia
1911 2184 2112 2241 sacella

430 2267 433 2270 ’
543 2289 658 2331 sex.
696 2273 834 2330 Sunt
861 2282 919 2330 et
962 2275 1068 2330 alia
1096 2274 1290 2331 sacella
1333 2275 1387 2330 in
1432 2276 1786 2342 monasterio,
1816 2275 1872 2330 in
1915 2276 2111 2343 quibus

541 2365 958 2435 quatuordecim
992 2365 1306 2422 sacerdotes
1350 2365 1546 2422 missas
1577 2366 1875 2423 celebrant.
1909 2366 2111 2422 Puteus

543 2471 759 2529 quoque
810 2467 915 2523 est,
957 2471 1023 2513 ex
1073 2472 1180 2529 quo
1212 2456 1423 2528 Moyses
1470 2469 1655 2532 potum
1688 2460 1965 2531 praebebat
1995 2460 2113 2515 ovi-

544 2548 669 2605 bus.
699 2548 853 2606 Mons
886 2551 1017 2607 Sina
1061 2557 1396 2612 monasterio
1422 2555 1752 2625 superjacet,
1778 2554 2112 2610 ascenditur-

541 2655 645 2708 que
675 2643 742 2697 ad
787 2642 940 2699 illum
974 2645 1231 2715 gradibus
1286 2648 1565 2704 sexcentis
1601 2656 1657 2703 et
1713 2661 1811 2705 sex
1843 2647 2109 2717 millibus.

538 2732 898 2799 Ascendens,
944 2734 998 2789 in
1050 2736 1231 2793 medio
1298 2748 1481 2795 monte
1544 2739 1803 2809 templum
1868 2739 2113 2809 Delpara:

541 2838 758 2881 sacrum
791 2828 1013 2898 reperit,
1047 2829 1134 2885 cui
1179 2846 1373 2887 nomen
1410 2832 1678 2905 Engytriae
1709 2850 1725 2887 :
1760 2848 1991 2902 namque
2026 2833 2110 2887 vi-

539 2913 700 2975 detur
740 2922 1101 2992 spopondisse
1138 2938 1237 2995 pro
1286 2927 1643 2983 monasterio.
1694 2925 1872 2996 Supra
1908 2938 1992 2982 est
2018 2941 2113 2983 sa-

543 3026 634 3066 cra
666 3010 796 3069 Elia:
825 3016 1104 3085 prophetas
1132 3018 1294 3082 aedes,
1329 3027 1383 3073 et
1441 3019 1699 3090 spelunca
1727 3019 1780 3073 in
1814 3035 1915 3091 qua
1966 3019 2111 3090 jeju-

545 3101 692 3158 navit
718 3106 1075 3178 quadraginta
1102 3107 1241 3165 dies.
1274 3110 1422 3166 Et‘iu
1464 3121 1655 3167 sancto
1690 3112 1887 3167 montis
1912 3114 2114 3167 vertice

2210 804 2328 843 του.
2369 787 2593 858 Ἀπέχει
2628 784 2739 841 ἀπὸ
2768 784 2870 855 τὴν
2922 781 3285 854 Ἰερουσαλὴμ
3334 777 3448 849 μιλ.
3492 781 3568 844 γ’.
3632 774 3772 828 Ἐκεῖ

2212 880 2321 935 ῐδεν
2348 879 2447 950 τὴν
2476 878 2642 948 ἁγίαν
2683 876 2911 949 Τριάδα.
2953 873 3196 945 Παρεκεῖ
3223 871 3374 941 μίλια
3399 866 3633 941 τριᾶντα
3655 864 3773 938 τρια

2211 974 2327 1028 Eva:
2356 960 2542 1045 ἡάγὶα
2574 970 2709 1043 μονὴ
2742 967 2836 1023 106
2878 966 3036 1038 ἁγίου
3066 964 3408 1035 Χαρίτωνος.

2281 1065 2347 1120 θ’.
2383 1066 2541 1121 Ἔναι
2602 1063 2662 1118 16
2707 1063 2837 1116 Σινᾶ
2865 1061 2989 1132 ὅρος
3038 1059 3117 1122 είς
3168 1056 3270 1129 τὴν
3326 1050 3606 1123 ἐσωτέραν
3661 1048 3778 1120 ἕρη-

2216 1176 2338 1231 μον.
2400 1156 2620 1227 ’Δπέχει
2677 1154 2786 1208 ἀπὸ
2834 1153 2935 1225 τὴν
2976 1147 3337 1224 Ἰερουσαλὴμ
3390 1145 3596 1217 δρόμον
3644 1142 3778 1213 ἡμι-

2216 1252 2324 1326 ρῶν
2380 1248 2464 1307 ιε’.
2492 1250 2650 1305 Ἐκεῖ
2675 1244 2817 1303 εἶδεν
2858 1247 2888 1300 6
2940 1244 3183 1312 Μωΰσῆς
3232 1240 3331 1311 τὴν
3368 1237 3535 1307 ἁγίαν
3601 1233 3776 1306 βάτον,

2211 1348 2347 1403 ὀποῦ
2378 1346 2599 1399 ὲκέετο·
2646 1341 2743 1396 καὶ
2769 1340 2887 1395 έναι
2914 1339 2943 1392 6
2966 1338 3093 1400 ναὸς
3134 1334 3275 1406 μετὰ
3329 1332 3537 1400 σκευῆς
3570 1326 3780 1397 ξυλίνης

2213 1435 2717 1512 μολιϐοσκέπαστη,
2752 1433 2845 1486 καὶ
2892 1429 3236 1503 βαστάστηνε
3266 1423 3521 1486 κολόναις
3557 1419 3660 1491 ιβ”
3692 1419 3779 1472 καὶ

2209 1530 2271 1585 16
2334 1530 2485 1603 βῆμα
2523 1523 2665 1582 εἶναι
2703 1523 3084 1597 ίστορίσμένον
3125 1519 3264 1591 μετά
3320 1515 3560 1599 μῳσίου,
3611 1512 3705 1565 καὶ
3749 1514 3782 1580 ἡ

2216 1622 2664 1693 μεταμόρφωσις.
2700 1618 2860 1672 "Eva:
2901 1615 2962 1669 16
3012 1612 3233 1683 λείψανο
3268 1609 3371 1679 τῆς
3421 1606 3587 1677 ἁγίας
3622 1603 3782 1657 Δίκα-

2212 1715 2430 1786 τερῐνης
2453 1715 2533 1780 είς
2562 1711 2807 1784 λάρνακα
2839 1706 3233 1780 μαρμαρέῑνον
3253 1720 3267 1734 ·
3297 1702 3394 1757 καὶ
3424 1698 3640 1757 ἄνωθεν
3666 1694 3780 1786 κρέξ

2217 1785 2444 1878 μουνται
2464 1803 2755 1875 κανδήλαις
2784 1802 2956 1873 τρεῖς,
2991 1797 3089 1852 καὶ
3104 1794 3280 1851 ὀπίσω
3295 1791 3390 1846 106
3410 1791 3680 1863 βήματος,
3700 1785 3785 1841 καὶ

2214 1897 2477 1956 ἀποκάτω
2509 1894 2609 1965 τῆς
2634 1894 2796 1964 ἁγίας
2819 1888 3099 1965 τραπέζας
3137 1883 3355 1941 ἁπτοῦν
3388 1880 3687 1949 κανδήλαις
3714 1884 3783 1946 γ’.

2216 1991 2373 2064 Ἐχει
2402 1988 2767 2060 Παρακλήσια
2785 1985 2893 2039 τῶν
2913 1982 3085 2053 ἁγίων
3117 1977 3401 2034 ’Δϐϐόιδων
3418 1992 3435 2008 ο
3466 1974 3566 2030 καὶ
3589 1974 3786 2027 κεῖνται

2212 2082 2283 2138 τὰ
2311 2081 2542 2152 λείψανα
2578 2079 2689 2134 τῶν
2716 2078 2776 2133 ὲν
2814 2076 2950 2148 Σινᾷ
2975 2074 3073 2132 καὶ
3110 2069 3334 2127 Ῥαῖθοῦ
3364 2065 3785 2152 ἀναιρεθέντων.

2213 2174 2391 2230 A6106
2412 2150 2538 2246 ἔχει
2570 2170 2735 2243 ἕτερα
2774 2166 3129 2241 παρακλήσια
3158 2165 3240 2228 τίος
3285 2159 3349 2215 16
3376 2154 3679 2213 καθολικδν
3711 2150 3783 2220 ς’.

2216 2269 2377 2323 Ἔναι
2423 2266 2521 2320 καὶ
2558 2264 2725 2335 ἔτερα
2754 2258 3110 2333 παρακλήσια
3138 2256 3219 2320 είς
3248 2254 3313 2307 τδ
3355 2249 3690 2324 μοναστήρη
3722 2247 3783 2317 μὶ

2216 2360 2299 2428 ιδ’,
2330 2359 2493 2415 ὀποῦ·
2514 2355 2891 2427 λειτουργοῦν.
2918 2353 3081 2407 Ἐναι
3135 2346 3231 2404 καὶ
3274 2346 3335 2402 τὸ
3367 2343 3626 2417 πηγάδη,
3660 2337 3782 2395 ὀποῦ

2213 2453 2462 2518 ἐπότιζεν
2492 2454 2521 2505 6
2546 2449 2790 2519 Μωῦσῆς
2830 2446 2898 2500 τὰ
2940 2443 3215 2517 πρόϐατα.
3260 2439 3330 2494 Ἦ
3358 2436 3419 2491 δὲ
3453 2436 3517 2490 16
3552 2434 3676 2506 ὅρος
3705 2429 3787 2485 τοῦ

2214 2545 2345 2601 Σινᾶ
2368 2539 2510 2598 εῖναι
2544 2540 2755 2597 ἄνωθεν
2786 2536 2885 2592 106
2932 2533 3330 2609 μοναστηρίου,
3376 2527 3477 2585 καὶ
3510 2524 3786 2582 ἀναϐαίνει

2215 2637 2413 2692 σκαλία
2444 2635 2503 2703 ἓξ
2533 2633 2774 2707 χιλιάδες
2822 2631 2917 2686 καὶ
2951 2628 3231 2697 ἑξακόσια,
3255 2623 3352 2679 καὶ
3375 2619 3669 2677 ἀναϐαίνει
3696 2616 3788 2679 ἕως

2212 2730 2317 2802 τὴν
2360 2728 2535 2802 μέσην
2568 2724 2665 2780 τοῦ
2711 2724 2894 2795 ϐρους,
2937 2720 3034 2775 καὶ
3076 2717 3326 2789 εὑρίσκει
3376 2714 3477 2769 τὸν
3530 2710 3661 2767 ναδν
3704 2710 3789 2802 τῆς

2213 2799 2480 2876 Θεοτόκου
2528 2819 2627 2888 τῆς
2687 2814 3014 2887 Ἐγγύτριας
3070 2808 3168 2865 τοῦ
3242 2804 3656 2880 μοναστηρίου·
3707 2799 3790 2860 καὶ

2217 2914 2527 2988 παραπάνω
2561 2906 2705 2965 εἶναι
2746 2909 2773 2960 ὁ
2803 2905 2930 2969 ναὸς
2968 2908 3064 2959 τοῦ
3093 2901 3379 2976 προφήτου
3418 2895 3621 2952 Ἥλιοῦ
3642 2911 3659 2927 ο
3690 2893 3789 2988 {vat

2214 3008 2274 3064 16
2294 2987 2570 3080 Σπὴλαιον
2592 3000 2729 3058 ὀποῦ
2750 3001 3075 3073 ἑνήστευσεν
3104 2997 3345 3069 ἡμέραις
3370 2990 3446 3063 μ’.
3489 2992 3604 3046 Καὶ
3620 2987 3787 3080 tabat

2215 3105 2295 3168 τίς
2327 3076 2426 3175 τὴν
2468 3098 2631 3169 ἁγίαν
2661 3092 2906 3167 κορυφὴν
2935 3091 3029 3145 τοῦ
3072 3089 3236 3159 ϐρους
3283 3082 3426 3139 εἶναι
3458 3085 3488 3137 6
3525 3083 3659 3144 ναὸς
3681 3076 3783 3175 4τοῦ

542 3173 803 3266 templum
830 3173 1161 3256 sanctissimi
1192 3202 1466 3273 propheta:
1500 3203 1722 3275 Moysis,
1752 3205 1804 3258 in
1842 3220 1949 3275 quo
1973 3219 2110 3275 qua-

2221 3173 2691 3266 hyiou‘npopﬁtou
2723 3184 2988 3251 Μωσέως,
3036 3179 3177 3235 ὀποῦ
3212 3179 3561 3275 ινήσᾳτευσεν
3584 3173 3784 3275 ἡμερας

544 3287 792 3359 draginta
822 3288 940 3346 dies
959 3289 1265 3361 jejunavit;
1299 3295 1639 3363 postmodum
1675 3295 1750 3349 illi
1778 3295 1919 3352 Deus
1943 3312 2110 3365 appa-

546 3380 680 3448 ruit,
703 3392 759 3437 et
783 3382 1008 3439 dictavit
1039 3384 1115 3439 illi
1146 3386 1344 3457 legem,
1367 3396 1421 3442 et
1455 3402 1485 3441 a
1528 3386 1637 3443 Deo
1673 3388 1872 3443 incisas
1904 3389 2113 3445 litteras

545 3473 811 3529 exhibuit.
866 3473 1067 3532 ibidem
1098 3485 1182 3533 est
1207 3489 1264 3534 et
1305 3479 1397 3550 qui
1432 3494 1555 3535 eum
1612 3482 1832 3552 operuit
1866 3481 2025 3552 lapis.
2055 3480 2115 3535 in

2222 3287 2298 3360 μ’,
2330 3286 2426 3341 καὶ
2454 3283 2592 3355 μετὰ
2624 3278 2797 3335 ταῦτα
2823 3277 2999 3347 ἐφάνη
3022 3271 3172 3342 αὗτῷ
3196 3272 3225 3325 6
3262 3270 3421 3337 Θεὸς,
3471 3268 3575 3360 καὶ
3601 3266 3783 3334 ἐλάλη-

2224 3359 2317 3435 σεν
2342 3378 2490 3450 αὐτῷ
2522 3377 2615 3431 16v
2642 3372 2830 3443 νόμον,
2854 3369 2951 3425 καὶ
2971 3367 3041 3423 τὰ
3075 3363 3423 3435 θεοχάρακτα
3449 3359 3783 3450 γράμματαῗ

2219 3470 2340 3526 εναι
2369 3446 2474 3524 καὶ.
2498 3469 2534 3540 ὴ
2568 3466 2745 3534 πέτρα
2779 3464 2815 3534 ἠ
2846 3459 3171 3515 σκεπάσασα
3194 3454 3380 3511 αὐτόν.
3413 3450 3598 3507 A6106
3629 3452 3706 3512 εἰς
3728 3446 3785 3501 τὰ

544 3566 747 3622 montis
778 3566 1023 3625 articulis
1048 3578 1172 3625 sunt
1199 3540 1386 3627 sedilia
1427 3540 1673 3642 septem;
1727 3540 2114 3645 ibique-prope

2221 3566 2320 3636 όρη
2355 3561 2498 3632 μέσα
2542 3554 2686 3613 εἶναι
2736 3553 3058 3623 καθίσματα
3086 3548 3149 3616 ξ’.
3182 3546 3361 3602 A6106
3392 3544 3569 3598 κοντα
3613 3541 3723 3596 Eva:

548 3657 758 3728 adiacet
786 3674 973 3715 saxum
1016 3660 1072 3715 in
1116 3676 1224 3732 quo
1256 3661 1490 3721 Joannes
1518 3663 1790 3722 Climacus
1820 3681 1915 3736 per
1948 3682 2114 3724 annos

2221 3634 2396 3727 πέτρα
2436 3650 2573 3707 ὀποῦ
2612 3647 2875 3704 ὲκάθετον
2918 3642 3181 3713 Ἰωάννης
3214 3638 3315 3707 τῆς
3342 3636 3637 3736 ίίλίμακος

547 3752 901 3822 quadraginta
926 3755 1085 3820 sedit,
1114 3763 1170 3810 et
1205 3756 1424 3826 scripsit
1456 3757 1694 3813 Scalam.
1733 3725 1908 3815 Dis-tat
1943 3776 1973 3817 a
2003 3776 2114 3816 mo-

2221 3725 2344 3812 νους
2375 3744 2427 3820 μ’
2447 3762 2461 3778 ’
2492 3746 2610 3801 ἐκεῖ
2641 3739 2883 3814 ἔγραψεν
2910 3738 3009 3809 τὴν
3038 3736 3326 3807 Κλίμακα.
3351 3730 3582 3801 Ἀπέχει
3610 3728 3709 3782 ἀπὸ
3734 3725 3785 3826 16

550 3844 788 3899 uasterio
836 3862 933 3902 sex
983 3847 1149 3903 millia
1196 3864 1475 3919 passuum.
1526 3849 1726 3906 Saxum
1768 3868 1921 3919 vero,
1974 3853 2114 3924 quod

2223 3818 2590 3911 μοναστήριον
2625 3835 2780 3908 μίλια
2827 3839 2906 3899 ς’.
2948 3831 3012 3885 Ἣ
3044 3829 3104 3883 δὲ
3149 3827 3327 3898 πέτρα
3351 3823 3491 3878 61:06
3529 3823 3721 3924 ἔδωκεν
3760 3818 3785 3871 ό

549 3937 746 3992 baculo
774 3937 991 4011 Moyses
1022 3911 1304 4007 tundebat,
1345 3949 1400 3997 et
1437 3958 1505 3999 ex
1536 3960 1646 4013 quo
1678 3960 1832 4015 aqua:
1863 3911 2114 4002 exsiiive«

2221 3932 2467 4003 Μωῦσῆς
2492 3929 2592 4002 τὴν
2624 3927 2839 4001 ῥάϐδον,
2864 3923 2961 3980 καὶ⁵
2980 3921 3256 3996 ἐρρύησαν
3279 3917 3475 3985 ὕδατα,
3510 3916 3629 3971 έναι
3650 3911 3782 4015 ’μέσα

550 4037 697 4098 ruut,
725 4028 780 4085 in
812 4031 989 4088 medio
1018 4032 1241 4101 itinere,
1293 4048 1401 4105 quo
1427 4035 1493 4090 ad
1527 4045 1841 4091 sanctorum
1870 4037 2114 4103 Quadra~

2221 4028 2302 4091 είς
2354 4023 2446 4078 τὸν
2500 4023 2727 4093 δρόμον,
2773 4017 2910 4073 ὀποῦ
2972 4015 3177 4083 ὑπάγει
3213 4013 3295 4077 είς
3323 4011 3386 4064 16
3425 4006 3780 4105 μοναστήριον

551 4123 701 4191 ginta
728 4136 1028 4197 martyrum
1084 4127 1466 4183 monasterium
1495 4128 1829 4197 proceditur,
1852 4129 2029 4199 jacet;
2066 4136 2114 4184 et

2221 4119 2328 4174 τῶν
2360 4115 2534 4185 ἁγίων
2590 4108 3023 4182 Τεσσαράκοντα
3078 4104 3416 4176 μαρτύρων
3476 4101 3577 4154 καὶ
3628 4097 3778 4152 αὐτοῦ

554 4213 626 4268 ibi
672 4230 833 4283 supra
871 4231 1029 4271 mons
1068 4214 1284 4273 Sanctae
1322 4216 1629 4274 Catltarinae
1671 4218 2024 4288 conspicitur,
2064 4218 2114 4274 in

2223 4211 2432 4269 ἄνωθεν
2472 4210 2591 4263 ἔναι
2622 4207 2685 4261 16
2716 4206 2843 4277 ϐρος
2880 4204 2982 4275 τῆς
3027 4201 3220 4271 Ἀγίας
3240 4197 3629 4271 Δίκατερίνης,
3662 4191 3780 4288 61:06

550 4320 658 4362 uno
684 4323 777 4377 per
807 4323 978 4363 annos
1013 4318 1281 4364 trecentos
1316 4310 1593 4381 sexaginta
1624 4310 1867 4382 quinque
1900 4312 2114 4381 requie-

2223 4306 2486 4363 ἑκάθετον
2525 4302 2755 4374 χρόνους
2790 4297 3148 4370 τριακοσίους
3187 4294 3453 4366 ἐξήκοντα
3490 4283 3782 4382 πέντεέκαὶ

552 4399 650 4463 vit,
701 4399 769 4454 ab
808 4400 1011 4470 angelis
1044 4402 1332 4457 custodita.
1378 4403 1423 4457 Α
1454 4379 1605 4456 ⁷δὶηξι
1642 4379 1831 4458 nionte
1860 4404 1927 4457 ad
1980 4379 2114 4473 llay-

2226 4397 2464 4453 ὲϐλέπαν
2490 4411 2591 4466 την
2613 4394 2664 4446 οἱ
2696 4390 2940 4460 ἄγγελοι.
2963 4386 3100 4442 ’Δπδ
3121 4385 3215 4440 τοῦ
3247 4386 3379 4441 Σινᾶ
3398 4383 3506 4448 ἕως
3535 4379 3779 4473 τῆςξΡαῖξ

553 4492 705 4546 thum
732 4491 939 4559 urbem,
962 4495 1189 4548 duorum
1220 4493 1427 4549 dierum
1477 4494 1577 4549 iter
1618 4493 1918 4563 iuterjacet.
1947 4470 2114 4563 Prope

2228 4491 2325 4546 006
2364 4489 2483 4544 έναι
2525 4489 2554 4541 6
2583 4484 2805 4557 δρόμος,
2853 4484 2982 4537 ὅσον
3013 4480 3312 4553 περιπατεί
3343 4478 3562 4550 ἡμέρας
3611 4472 3674 4546 β’,
3702 4470 3779 4563 καὶ

551 4590 637 4638 est
665 4598 812 4639 mare
838 4584 1101 4651 Rubrum,
1128 4588 1270 4658 quod
1298 4585 1646 4656 pertransivit
1673 4586 1915 4658 Moyses;
1948 4584 2114 4655 Rhay-

2228 4585 2396 4638 κοντὰ
2433 4581 2534 4651 τῆς
2572 4556 2792 4632 Ῥαῖθοῦ
2847 4574 2967 4629 Eva:
2995 4574 3032 4645 ἡ
3060 4571 3306 4643 Ἐρυθρὰ
3348 4571 3619 4633 θάλασσα,
3668 4562 3779 4658 ἔνθα

557 4685 667 4727 tum
701 4683 826 4730 sunt
874 4678 1035 4729 etiam
1076 4655 1411 4747 septuaginta
1445 4674 1616 4731 trunci
1647 4655 1969 4745 palmarum.
2018 4676 2114 4732 Nec

2227 4676 2500 4746 ἐπέρασεν
2539 4673 2567 4726 6
2593 4669 2835 4741 Μωῦσῆς
2864 4669 2946 4732 είς
2970 4664 3313 4736 γλυκύτητα.
3346 4662 3521 4717 A6106
3560 4662 3674 4714 έναι
3700 4655 3779 4711 καὶ

556 4764 715 4835 longe
764 4775 845 4820 est
877 4764 1235 4821 Prazcursoris
1271 4767 1703 4833 monasterium;
1744 4783 1852 4837 quo
1890 4767 1943 4822 in
2008 4768 2114 4824 loct

2228 4773 2278 4823 οἱ
2326 4767 2702 4838 ἑϐδομήκοντα
2754 4761 2991 4833 στελέχη
3032 4758 3316 4831 φοινίκων.
3366 4756 3545 4810 Αὐτοῦ
3576 4757 3654 4818 εἰς
3693 4750 3777 4821 τὴν

558 4850 804 4906 monachi
837 4866 865 4905 a
901 4850 1302 4921 Blemmydibus
1332 4854 1690 4910 contrucidati
1722 4855 1927 4910 obiere.

630 5048 718 5104 10.
752 5048 925 5103 Distat
974 5047 1238 5121 [Egyptus
1284 5048 1351 5103 ab
1393 5048 1524 5103 urbe
1567 5046 1867 5103 Jerusalem
1900 5049 2129 5103 duorum

558 5145 771 5199 dierum
828 5144 951 5197 iter.
1006 5141 1079 5195 Eo
1133 5142 1361 5197 accessit
1412 5140 1640 5211 Deipara
1704 5156 1828 5196 cum
1888 5140 2127 5205 Christo,

561 5236 787 5291 llerodis
827 5235 963 5289 iram
1012 5234 1220 5301 vitans;
1276 5235 1665 5305 impletumque
1710 5243 1795 5289 est
1851 5234 2130 5305 propheta:

557 5334 757 5385 dictum
795 5348 808 5383 :
847 5327 928 5383 Ea:
962 5327 1192 5399 ngyplo
1224 5329 1397 5383 vocavi
1431 5328 1599 5387 ﬁlium
1649 5344 1820 5383 meum
1850 5327 1918 5381 η.
1942 5327 2009 5383 Et
2045 5333 2128 5383 est

558 5428 730 5491 locus,
762 5423 853 5494 qui
887 5422 1115 5477 Mataria
1167 5422 1384 5476 dicitur.
1421 5422 1673 5492 Fluitque
1724 5421 1925 5476 ibidem
1975 5418 2119 5483 fons,

559 5520 649 5588 qui
680 5526 733 5571 et
760 5515 1197 5586 speeiocissimus
1235 5525 1336 5582 est,
1370 5524 1424 5570 et
1455 5513 1719 5569 malorum
1756 5514 1994 5567 omnium
2036 5525 2127 5568 sa-

562 5615 780 5667 nitatem
806 5617 1043 5679 praestat.
1075 5608 1130 5664 lu
1165 5623 1227 5664 eo
1250 5606 1476 5678 Deipara
1508 5605 1705 5663 fascias
1730 5604 1851 5661 Filii
1879 5604 2027 5659 lavit.
2060 5601 2128 5659 Et

562 5710 617 5761 in
653 5719 761 5776 quo
809 5717 905 5759 eas
962 5702 1200 5759 extendit
1224 5715 1353 5774 agro
1398 5698 1804 5757 Balsamelzeum
1855 5694 2125 5769 scatu‘riit.

634 5884 681 5915 “
708 5878 848 5938 Osee
872 5893 947 5948 ιι,
985 5878 1041 5933 2.

2244 4859 2459 4918 Ῥαῖθοῦ
2523 4858 2662 4929 σιμᾶ
2715 4856 2830 4928 ἔχει
2884 4853 3255 4928 μοναστήριον
3307 4848 3403 4904 τοῦ
3454 4846 3774 4920 Προδρόμου,

2230 4956 2364 5011 61:06
2417 4952 2787 5023 ἀναιρέοησαν
2817 4949 2867 5004 oi
2917 4947 3144 5020 μοναχοὶ
3180 4944 3290 4998 ἀπὸ
3336 4942 3443 4996 τῶν
3474 4939 3772 5009 Βλεμμύων.

2308 5055 2359 5105 ι’.
2400 5046 2468 5101 Ἦ
2514 5046 2573 5100 δὲ
2600 5045 2877 5113 Αἴγυπτος
2914 5040 3115 5110 ἀπέχει
3151 5037 3259 5093 ἀπὸ
3296 5035 3397 5106 τὴν
3446 5027 3775 5106 Ἰερουσαλὴμ

2241 5140 2439 5213 δρόμον
2468 5137 2693 5211 ἡμερῶν
2725 5135 2791 5205 β’.
2822 5132 2998 5190 A6106
3030 5128 3251 5202 ἦλθενή
3289 5127 3550 5190 Θεοτόκος
3566 5121 3771 5213 φεόγον·

2232 5210 2353 5297 τας-
2381 5231 2518 5305 μετὰ
2559 5229 2653 5284 τὸν
2681 5227 2917 5299 Χριστὸν
2971 5225 3079 5280 61:6
3122 5221 3389 5291 Ἡρώδου.
3427 5217 3600 5275 A6106
3621 5210 3771 5281 ἔπληι

2233 5326 2382 5398 ρώθη
2402 5324 2461 5379 τδ
2485 5321 2647 5398 ρητδν
2661 5320 2753 5377 τοῦ
2775 5314 3194 5391 Προφήτου,Ἒξ
3215 5315 3508 5385 Αίγύπτρυ
3531 5308 3768 5398 ἐκάλεσα

2230 5395 2339 5470 τὸν
2362 5395 2498 5471 ridae
2513 5431 2656 5485 μου.
2681 5411 2856 5467 A6106
2883 5409 2994 5481 ἔχει
3029 5410 3213 5474 τόπον,
3250 5409 3340 5461 καὶ
3371 5404 3655 5476 ὀνομάζων
3686 5395 3765 5448 τὸν

2233 5507 2544 5578 Ματάρεια.
2586 5504 2740 5575 Ἔχει
2764 5504 2858 5557 καὶ
2887 5502 3073 5573 πηγὴν
3123 5499 3412 5570 παντερπῆ
3444 5497 3535 5550 καὶ
3566 5494 3761 5578 ἴαματιῖ

2235 5572 2551 5672 κήν.Ᾰῦτοῦ
2581 5572 2746 5669 ἦλθεν
2776 5597 2810 5668 ἡ
2844 5572 3129 5659 Θεοτόκος,
3176 5592 3270 5648 καὶ
3331 5589 3522 5666 ἔπλυνε
3548 5582 3634 5641 τοῦ
3657 5572 3758 5672 υῐίξῧ

2238 5666 2337 5767 τῆς
2358 5689 2427 5745 τὰ
2457 5666 2770 5761 σπάργανα.
2800 5666 2915 5741 Καὶ
2944 5688 3062 5741 ἐκεῖ
3099 5682 3233 5740 ὀποῦ
3270 5682 3338 5740 τὰ
3368 5680 3630 5755 ἧπλωσιν,
3655 5666 3752 5727 Μ’
