4060 6290
313 425 421 492 985

1557 423 1657 485 DE
1695 421 1910 484 LOCIS
1939 421 2281 486 SANCTIS.

3458 409 3565 472 986

311 535 517 606 ϐρυσεν
545 535 606 588 16
633 529 1058 605 βαλσαμέλαιον.
1088 528 1266 590 Αὐτοῦ
1312 529 1393 596 είς
1424 529 1485 585 16
1511 531 1731 604 Κάερος
1756 531 1892 601 σιμᾶ
1915 568 1928 593 ε

2029 537 2169 599 ἰ-ορο
2194 528 2452 602 Cayrum,
2484 527 2714 584 duorum
2745 525 2970 581 'dierum
3001 522 3125 589 iter,
3160 520 3356 577 visitur
3381 518 3562 590 magni

313 628 382 684 ἐκ
423 627 517 681 δύο
560 626 744 700 μερῶν
800 625 1036 699 στράταν
1093 626 1209 681 έναι
1265 625 1328 679 16
1383 624 1744 696 μοναστήριον
1792 621 1888 677 τοῦ

2029 622 2204 678 .rsenii
2251 620 2662 700 monasterium.
2700 619 3010 687 Ibidemque
3041 613 3199 670 Nilus
3248 627 3279 667 e
3309 611 3566 682 paradiso

318 722 556 793 μεγάλου
609 722 908 792 ’Δρσενίοω
966 721 1146 785 Αὑτοῦ
1206 719 1427 792 έρχεται
1473 721 1502 773 6
1543 719 1737 780 Νεῖλος
1787 734 1890 770 πο-

314 812 494 884 ταμὸς
547 812 654 867 ἀπὸ
691 813 783 867 τὸν
826 812 1188 884 Παράδεισον,
1218 813 1314 866 καὶ
1368 811 1581 874 ποτίζει
1619 809 1750 880 ὃλην
1787 808 1890 878 τὴν

245 960 250 963 .
315 906 619 975 Αἴγυπτον.
661 905 837 959 A6106
863 906 967 971 ἔξω
997 905 1092 959 106
1127 905 1342 976 Καέρος
1371 903 1492 958 έναι
1525 901 1587 957 16
1618 902 1855 958 Χανέκει
1875 919 1889 934 ο

321 1001 416 1052 καὶ¹
445 1000 540 1052 ἀπ’
582 997 750 1053 αὑτοῦ
781 997 1008 1069 έρχεσαι
1055 999 1136 1063 εἰς
1171 998 1234 1053 16
1267 998 1437 1070 Γάζη,
1476 996 1573 1051 καὶ
1616 997 1731 1067 ἔχει
1768 994 1895 1049 ναὸν

320 1090 423 1158 τῆς
458 1088 765 1159 ὑπεραγίας
820 1087 1084 1143 Θεοτόκου
1134 1087 1512 1160 ὼραιώτατον.
1563 1086 1788 1158 Ἀπέχει
1834 1085 1897 1137 16

322 1185 506 1252 Γάζην
544 1183 652 1236 ἀπὸ
676 1181 778 1252 τήν
819 1181 1183 1254 Ἰερουσαλήμ
1212 1181 1426 1254 ἡμέρας
1451 1179 1515 1252 β’.
1559 1179 1738 1235 A6106
1771 1177 1901 1234 ὲόά·

325 1293 521 1332 πτισεν
540 1277 568 1329 6
591 1274 747 1343 ἆγιος
766 1274 1035 1340 Φίλιππος
1065 1274 1158 1330 16v
1182 1275 1460 1346 εὐνοῦχον.
1483 1273 1556 1328 Τὸ
1570 1273 1628 1327 δὲ
1650 1272 1901 1343 Καῖάφα,

322 1369 462 1424 61106
497 1368 711 1423 ἁλίευεν
731 1370 758 1422 6
782 1368 1011 1438 Πέτρος,
1032 1368 1228 1440 ἀπέχει
1257 1367 1368 1421 ἀπὸ
1399 1367 1500 1439 τὴν
1536 1364 1900 1436 Ἰερουσαλήμ

329 1463 511 1534 μίλιον
537 1461 609 1517 α’.
650 1464 715 1518 Ἡ
742 1462 799 1516 δὶ
828 1461 1149 1531 Τιϐεριάδος
1180 1462 1447 1526 Θάλασσα,
1475 1460 1611 1515 ὀποῦ
1640 1460 1898 1514 ἁλίευσαν

331 1557 383 1609 0i
411 1555 701 1610 ἀπόστολοι
733 1555 928 1625 ἀπέχει
989 1555 1100 1609 ἀπὸ
1131 1555 1232 1626 τὴν
1283 1555 1642 1627 Ἰερουσαλὴμ
1687 1553 1906 1625 ἡμέρας

330 1651 401 1723 γ’.
449 1651 623 1706 A6106
666 1654 795 1715 τοὺς
829 1644 1000 1723 ηὗρεν
1055 1654 1083 1705 6
1132 1652 1370 1722 Χριστὸς
1425 1651 1680 1713 καὶτοὺς
1711 1646 1904 1703 εἶπεν·

328 1746 507 1807 Δεῦτε
545 1747 737 1801 ὀπίσω
763 1765 905 1816 μου,
953 1747 1054 1800 καὶ
1084 1747 1318 1814 ποιήσω
1359 1745 1518 1816 ὑμᾶς
1564 1744 1758 1812 ἁλιεῖς
1804 1744 1912 1800 dr-

329 1838 614 1906 θρώπωνο
641 1841 734 1895 καὶ
765 1841 1149 1911 ἠκολούθησαν
1180 1838 1354 1911 αὐτῷ.

407 1932 499 1980 ια’.
560 1927 654 1991 El;
687 1929 924 1983 αὐτὰτὰ
981 1930 1122 2002 μέρη
1181 1925 1322 1984 εἶναι
1375 1929 1545 1999 δρηνὴ
1603 1929 1699 1983 τοῦ
1748 1928 1905 1996 ἁγίου

345 2016 605 2071 Ἰωάννου
636 2017 729 2072 106
764 2019 1108 2091 Προδρὸμου.
1141 2018 1317 2073 Αὐτοῦ
1349 2014 1512 2090 ἦλθεν
1544 2020 1577 2090 ή
1612 2018 1903 2085 Θεοτὸκος,

326 2113 428 2164 καὶ
460 2112 744 2180 ἠσπάσατο
764 2112 862 2184 τὴν
903 2113 1222 2191 ⁶Ἐλιοιάσετ,
1247 2114 1342 2167 καὶ
1372 2115 1451 2176 εἰς
1486 2113 1676 2167 στάδια
1714 2112 1760 2183 β’
1796 2113 1911 2165 έναι

326 2206 396 2258 τὸ
420 2202 567 2277 ὕδωρ
604 2208 703 2276 τῆς
756 2208 1078 2277 Ἐλέγξεως,
1123 2207 1219 2262 καὶ
1254 2208 1459 2262 ὲπάνου
1500 2208 1670 2279 μέρου
1730 2206 1848 2260 έναι
1879 2207 1911 2275 ἡ

333 2297 523 2372 Πέτρα
559 2299 696 2352 ὀποῦ
739 2287 990 2370 ἐσχίσθη,
1025 2300 1121 2353 καὶ
1160 2297 1397 2367 ἐφύλαξε
1461 2298 1553 2351 τὸν
1597 2295 1914 2367 Πρόδρομον

334 2390 436 2446 καὶ
468 2389 569 2461 τὴν
600 2392 814 2462 μητέρα
849 2389 1040 2447 αὑτοῦ.
1076 2390 1236 2443 Ἐναι
1269 2389 1366 2444 καὶ
1395 2389 1522 2452 ναὸς
1552 2388 1743 2454 αὑτοῦ,
1781 2387 1914 2442 δποῦ

333 2481 608 2552 έγεννήθη
637 2480 666 2533 6
705 2481 1042 2552 Πρόδρομος.
1083 2479 1414 2550 Ἐρχομένου
1442 2495 1538 2532 σου
1573 2479 1651 2541 εἰς
1678 2477 1778 2550 τὴν
1821 2478 1920 2532 Ἰεσ-

341 2572 628 2646 ρουσα).ὴμ
667 2572 749 2636 είς
791 2571 947 2642 μιλία
992 2571 1058 2642 β’,
1099 2567 1336 2624 εἶναιτὸ
1397 2570 1766 2641 μοναστήριον
1820 2569 1918 2624 106

336 2667 526 2736 τιμίου
549 2665 820 2734 Σταυροῦ,
847 2665 945 2719 καὶ
970 2664 1237 2720 ἁποκάτω
1274 2667 1356 2727 εἰς
1380 2663 1478 2733 τὴν
1518 2663 1682 2731 ἁγίαν
1709 2681 1918 2734 τραπεο

338 2761 445 2826 ζαν
481 2758 598 2814 έναι
628 2759 657 2813 6
685 2757 854 2822 τόπος
897 2757 1036 2811 δποῦ
1095 2755 1405 2826 ἐφύτευσεν
1450 2757 1579 2821 τοὺς
1603 2758 1756 2826 τρεῖς
1787 2756 1921 2810 δαυ-

337 2853 472 2917 106;
505 2853 534 2906 6
561 2850 706 2914 Λὼτ,
745 2851 841 2906 καὶ
869 2851 1128 2920 ὲγινήσαν
1165 2849 1381 2921 δένδρη.
1419 2847 1563 2902 A616
1600 2848 1661 2901 16
1703 2848 1923 2919 δένδρον

340 2944 548 3015 ἔκοψαν
576 2945 625 2999 0i
650 2943 920 3010 Ἰουδαῖοι,
972 2942 1068 2996 καὶ
1111 2942 1381 3011 ἐποίησαν
1413 2939 1507 2994 τὸν
1541 2941 1797 3012 σταυρὸν,
1828 2938 1925 2993 καὶ⁸

343 3037 706 3108 ισταῠρωσαν
738 3037 830 3090 τὸν
872 3035 1082 3107 Κύριον
1133 3035 1232 3104 τῆς
1276 3033 1459 3104 δόξης.
1486 3034 1647 3087 Ἐναι
1679 3032 1773 3085 καὶ
1797 3032 1924 3096 ναδς

348 3130 686 3203 ὠραιότατος
717 3130 783 3200 μὲ
801 3127 1056 3199 τρούλλη,
1082 3129 1178 3180 καὶ
1207 3126 1475 3196 κτισμένη
1506 3124 1754 3196 γύρωθεν
1775 3123 1926 3178 ὠσὰν

1931 1879 1981 1939 Β

1992 715 2182 780 οίῐιυίι,
2209 724 2265 769 et
2291 699 2598 768 universam
2631 711 2917 783 Algyptum
2948 709 3192 764 inundat.
3230 704 3396 759 Extra
3420 701 3565 774 Cay—

1995 824 2113 864 rum
2148 822 2265 864 sese
2296 806 2455 862 oﬂ‘ert
2478 805 2718 861 Chaneci
2741 823 2756 872 ;
2781 819 2845 858 ex
2872 819 2976 871 quo
3003 802 3068 855 ad
3108 799 3309 854 Gazam
3341 811 3567 868 progre-

1995 901 2162 957 deris.
2236 898 2409 953 Habet
2477 896 2734 967 templum
2811 895 3050 965 Deipara:
3121 890 3564 960 pulcherrimum.

1997 995 2170 1050 Distat
2189 991 2335 1047 Gaza
2367 991 2434 1044 ab
2461 991 2592 1045 urbe
2616 987 2912 1044 Jerusalem
2946 985 3172 1040 duorum
3203 983 3409 1037 dierum
3441 981 3565 1036 iter.

2000 1083 2075 1138 lbi
2125 1093 2346 1137 sanctus
2408 1078 2688 1149 Philippus
2744 1077 3054 1132 eunuchum
3122 1088 3280 1130 sacro
3351 1072 3568 1126 lavacro

2001 1174 2190 1230 abluit.
2221 1170 2490 1242 Caiapba,
2524 1170 2614 1226 ubi
2675 1169 2988 1240 piscabatur
3033 1166 3254 1230 Petrus,
3286 1164 3450 1219 distat
3504 1162 3573 1216 ab

2002 1266 2134 1320 urbe
2167 1261 2466 1318 Jerusalem
2503 1261 2649 1316 mille
2706 1275 2921 1330 passus.
2960 1257 3109 1314 Mare
3153 1255 3482 1320 Tiberiadis,
3516 1253 3573 1306 in

2001 1373 2110 1427 quo
2141 1357 2488 1428 piscabantur
2519 1354 2771 1424 apostoli,
2803 1353 2969 1406 distat
3011 1350 3079 1406 ab
3107 1350 3240 1404 urbe
3267 1346 3572 1404 Jerusalem

2007 1453 2123 1506 dies
2150 1460 2279 1505 tres.
2306 1449 2511 1504 Ibidem
2533 1462 2655 1502 cum
2679 1446 2973 1516 reperisset
2989 1459 3084 1500 eos
3113 1441 3384 1503 Christus,
3402 1439 3582 1493 dixit:

2015 1540 2195 1597 Venite
2234 1549 2346 1609 post
2375 1555 2474 1606 me,
2515 1538 2709 1609 faciam
2742 1553 2826 1594 vos
2854 1537 3148 1605 piscatores
3194 1533 3463 1588 hominum
3489 1533 3528 1562 ¹¹
3557 1548 3579 1598 ς

2010 1647 2065 1692 et
2088 1635 2260 1692 secuti
2292 1641 2416 1690 sunt
2444 1649 2593 1689 eum.

2081 1930 2170 1985 ll.
2210 1928 2268 1983 In
2307 1928 2393 1984 his
2427 1938 2649 1997 quoque
2678 1921 2924 1995 partibus
2953 1930 3080 1977 sunt
3112 1925 3366 1973 montana
3415 1913 3584 1969 Joan-

2011 2025 2098 2080 nis
2129 2022 2513 2090 Przecursoris,
2547 2019 2614 2074 ad
2671 2033 2789 2088 quae
2832 2015 3097 2070 accedens
3125 2012 3372 2082 Deipara,
3410 2008 3588 2062 Eliza-

2013 2117 2228 2172 betham
2289 2115 2562 2171 salutavit.
2617 2110 2852 2180 indeque
2903 2110 3178 2178 digressus
3225 2106 3332 2158 duo
3386 2100 3584 2165 stadia,

2013 2206 2254 2264 oﬂendes
2301 2219 2496 2276 aquam
2545 2199 3000 2269 Redargutionis;
3054 2204 3110 2252 ct
3153 2196 3206 2250 in
3239 2205 3392 2265 parte
3432 2205 3592 2258 supe-

2014 2301 2169 2365 riori,
2201 2308 2429 2370 petram,
2471 2311 2591 2366 quae
2619 2293 2792 2350 divisa
2832 2291 3229 2346 Praecursorem
3264 2297 3321 2342 et
3353 2292 3586 2338 matrem

2015 2395 2134 2462 ejus
2188 2391 2552 2449 conservavit.
2603 2385 2706 2441 Ubi
2753 2393 2912 2439 natus
2957 2392 3041 2438 est
3076 2382 3408 2444 Prtecursor,
3452 2383 3594 2429 tem-

2016 2487 2166 2557 plum
2187 2491 2430 2539 erectum
2454 2491 2558 2536 est.
2594 2476 2896 2534 Jerusalem
2929 2489 3120 2529 versus
3156 2471 3224 2526 ad
3253 2473 3357 2524 duo
3394 2468 3592 2522 millia-

2018 2580 2122 2643 ria,
2155 2589 2236 2632 est
2261 2570 2649 2630 monasterium
2674 2567 2996 2626 venerandae
3025 2566 3235 2620 Crucis.
3269 2563 3380 2618 Sub
3406 2569 3592 2615 sancta

2020 2685 2206 2726 mensa
2247 2674 2331 2723 est
2366 2665 2528 2736 decus
2580 2664 2632 2717 in
2673 2677 2781 2730 quo
2833 2672 2943 2716 tres
2987 2658 3206 2714 titiones
3239 2655 3340 2710 Lot
3382 2653 3596 2723 planta-

2021 2764 2117 2826 vit,
2155 2761 2245 2831 qui
2279 2761 2332 2814 in
2372 2758 2596 2813 arbores
2628 2767 2945 2811 excrevere.
2981 2751 3056 2806 Ex
3094 2752 3285 2806 borum
3314 2747 3475 2817 lignis
3501 2744 3600 2800 Ju-

2023 2855 2121 2911 dtei
2174 2866 2394 2909 erucem
2445 2850 2809 2914 fabricarunt,
2861 2845 3042 2916 illique
3078 2841 3261 2912 gloria:
3315 2839 3600 2892 Dominum

2023 2942 2371 3001 Sufﬂxet‘uttt.
2425 2939 2713 3008 Templum
2763 2944 2849 2997 est
2912 2931 3362 3005 pulcherrimum,
3437 2925 3600 2981 trulla

2025 3037 2400 3108 conspicuum,
2433 3040 2488 3089 et
2519 3032 2723 3088 circum
2747 3027 2913 3082 veluti
2952 3040 3072 3092 arx,
3103 3024 3271 3077 muris
3302 3020 3599 3082 vallatum;

2032 3130 2198 3201 janua
2231 3126 2405 3185 ferrea
2441 3133 2561 3189 est;
2593 3136 2760 3192 super
2790 3135 2945 3175 sacra
2982 3131 3164 3172 mensa
3204 3115 3434 3185 pendent
3461 3111 3600 3164 lani-

351 3201 615 3297 xitnpov'
638 3223 752 3296 ἔχει
785 3222 878 3277 καὶ
911 3221 1118 3291 πόρταν
1171 3218 1392 3288 σιδερήν
1413 3231 1429 3247 ⁸
1455 3219 1552 3271 καὶ
1581 3215 1790 3270 ἄνωθεν
1822 3214 1925 3286 τῆς

2029 3221 2192 3290 pades
2219 3226 2476 3290 quatuor.
2509 3213 2640 3269 Cum
2667 3209 2966 3266 Jerusalem
3027 3207 3185 3276 petis,
3225 3202 3405 3258 stadia
3452 3201 3608 3270 quin-

347 3320 514 3390 ἁγίας
545 3317 831 3390 τραπέζης
859 3311 1198 3386 κρεμοῦνται
1228 3311 1526 3382 κανδήλαις
1547 3306 1610 3364 δ’.
1655 3308 1928 3379 Ἐρχομέ-

346 3431 445 3471 νου
473 3417 553 3478 είς
583 3413 685 3484 τὴν
719 3409 1077 3482 Ἰερουσαλὴμ
1122 3409 1209 3471 είς
1251 3406 1446 3461 στάδια
1474 3411 1536 3470 ε’,
1568 3397 1796 3458 εἶναιτὸ
1831 3419 1930 3472 μο-

348 3506 651 3576 ναστήριον
685 3501 781 3556 106
840 3499 1002 3570 ἁγίου
1041 3497 1287 3552 Βασύλα.
1341 3496 1520 3550 A6106
1584 3493 1790 3564 ἔκοψαν
1835 3492 1934 3564 τήν

353 3597 602 3668 κεφαλὴν
648 3592 745 3647 τοῦ
787 3592 948 3660 ἁγίου
1005 3588 1322 3659 Γεωργίου·
1373 3588 1469 3641 καὶ
1516 3585 1727 3639 ἁπάνου
1764 3585 1933 3654 μέρου

350 3694 441 3755 είς
471 3690 564 3744 16v
602 3689 804 3760 δρόμον
831 3685 952 3740 έναι
985 3685 1018 3753 ή
1051 3682 1228 3750 πέτρα
1257 3680 1394 3734 ὀποῦ
1453 3678 1710 3758 ἐκάθισεν
1736 3678 1769 3748 ἡ
1801 3679 1936 3730 Θεο-

352 3751 536 3850 τόοιος.
565 3751 676 3838 κάι
702 3751 936 3851 Σπαρειιεί
969 3751 1111 3831 εἶναι
1146 3774 1282 3845 ἄλλη
1334 3773 1511 3843 πέτρα
1567 3751 1702 3824 61:06
1734 3770 1936 3842 ἐστάθη

365 3884 408 3955 ἡ
436 3878 720 3943 Θεοτόκος,
762 3878 858 3929 καὶ
903 3868 1290 3944 ὲπροσκύνησε
1349 3866 1411 3919 16
1447 3865 1602 3935 ἅγιον
1635 3862 1790 3929 ξύλον
1845 3863 1943 3955 διαὶ

355 3943 569 4047 τίμιον,
603 3973 699 4026 καὶ
727 3969 828 4041 τὴν
859 3943 1024 4035 ἁγίαν
1062 3960 1450 4033 Ἰερουσαλήμ,
1496 3958 1607 4012 Καὶ
1653 3957 1823 4012 κοντά
1854 3943 1942 4021 ἓίς

356 4070 426 4126 16
473 4067 876 4140 Τοιχόκαστρον
923 4062 1004 4127 εἰς
1053 4059 1244 4114 στάδια
1292 4063 1370 4123 ς’,
1407 4057 1524 4110 έναι
1566 4057 1595 4110 6
1647 4054 1817 4124 ἀγρὸς
1845 4050 1943 4106 τοῦ

374 4163 681 4236 ’Δγρίππα,
710 4156 846 4212 ὀποῦ
875 4151 1118 4209 ἔστειλεν
1148 4153 1176 4206 6
1206 4148 1480 4220 Ἱερεμίας
1509 4146 1602 4202 τὸν
1656 4146 1945 4218 ’Δὸιμελὲχ

360 4259 458 4316 διὰ
510 4254 674 4320 σῦκα,
734 4252 832 4306 καὶ
885 4248 1103 4302 ὕπνωσε
1152 4242 1380 4315 χρόνους
1445 4239 1776 4310 ὲὸδοήκοντα
1828 4239 1944 4296 δύο.

367 4347 617 4406 Ἀνωθεν
643 4343 810 4400 αὐτοῦ
865 4340 984 4396 έναι
1015 4337 1256 4407 κάστρον
1303 4333 1493 4388 ἐπάνω
1535 4335 1618 4397 είς
1667 4332 1819 4403 ὅρος,
1850 4332 1948 4387 καὶ

364 4442 534 4502 αὐτοῦ
562 4440 900 4508 ἑπριόνησαν
920 4433 1011 4489 τὸν
1043 4430 1333 4503 προφήτην
1370 4426 1602 4481 Ἡσαΐαν
1623 4427 1683 4479 ἐν
1712 4425 1949 4497 πριονίῳ

366 4536 589 4608 ξυλίνῳ.
623 4530 845 4602 Γυρίξει
870 4529 931 4582 16
976 4528 1215 4595 κάστρον
1245 4520 1345 4590 τῆς
1375 4521 1544 4588 ἁγίας
1583 4518 1949 4590 Ἰερουσαλὴμ

2036 3327 2142 3381 que
2165 3324 2423 3367 emensus
2458 3304 2705 3361 invenies
2745 3300 2918 3358 sancti
2949 3297 3146 3352 Bahilac
3195 3293 3610 3348 monasterium.

2034 3405 2112 3461 lbi
2156 3410 2490 3474 amputatum
2533 3406 2615 3453 est
2679 3395 2876 3466 caput!
2900 3389 3070 3447 sancti
3153 3385 3394 3457 Georgii.
3450 3381 3612 3438 Parte

2037 3496 2308 3568 superiori
2359 3494 2460 3548 via:
2503 3505 2694 3547 saxum
2726 3487 2992 3549 cernitur,
3030 3484 3080 3536 in
3123 3495 3229 3550 quo
3263 3479 3490 3548 Deipara
3518 3491 3609 3531 se-

2038 3592 2117 3647 dit
2153 3609 2165 3645 :
2200 3603 2304 3643 nec
2326 3585 2495 3640 multo
2545 3588 2663 3652 post
2696 3577 2841 3634 aliud
2876 3591 3090 3640 saxum,
3139 3585 3299 3642 super
3325 3583 3430 3638 quo
3458 3578 3612 3622 stans

2041 3685 2295 3752 Deipara,
2331 3689 2579 3734 sanctum
2610 3683 2664 3728 et
2701 3671 2996 3742 pretiosum
3028 3667 3227 3737 lignum
3259 3671 3615 3729 sanctamque

2040 3777 2339 3833 Jerusalem
2366 3766 2632 3826 adoravit.
2665 3764 2841 3833 Prope
2868 3775 3050 3817 muros
3083 3756 3247 3823 arcis,
3280 3754 3468 3810 stadiis
3492 3767 3610 3816 sex,

2042 3880 2127 3928 est
2158 3882 2284 3938 ager
2305 3864 2572 3934 Agrippae,
2604 3876 2711 3929 quo
2745 3855 3010 3922 Jeremias
3051 3849 3417 3906 Ahimelecum
3456 3846 3621 3900 mise.

2043 3972 2151 4029 rat,
2182 3958 2246 4014 ad
2274 3957 2536 4014 tollendos
2565 3954 2720 4018 ﬁcos,
2744 3945 3179 4016 obdormivitque
3203 3955 3371 3997 annos
3393 3948 3614 4007 ἀερωδ-

2047 4057 2199 4125 ginta
2235 4054 2391 4107 duos.
2428 4047 2602 4118 Supra
2653 4059 2868 4116 agrum,
2917 4040 2974 4097 in
3027 4036 3346 4095 summitate
3388 4029 3613 4095 montis,

2046 4160 2130 4206 est
2179 4163 2297 4213 arx,
2347 4145 2400 4200 in
2447 4158 2575 4215 qua,
2622 4155 2778 4196 serra
2824 4137 3023 4207 lignea,
3058 4131 3252 4188 Isaiam
3303 4127 3619 4215 prophetam

2051 4243 2447 4299 disseeuerunt.
2476 4234 2726 4292 Ambitus
2749 4230 2901 4288 urbis
2924 4235 3125 4285 sancta
3153 4219 3452 4280 Jerusalem
3481 4206 3617 4276 coin—

2053 4336 2188 4391 tinet
2218 4331 2469 4388 milliaria
2495 4334 2758 4400 quinque.
2784 4325 2914 4379 Haec
2937 4319 3033 4377 tibi
3055 4316 3337 4388 descripsi,
3368 4332 3399 4370 ο
3424 4318 3620 4378 amice,

2054 4428 2107 4482 in
2145 4425 2432 4480 utilitatem
2465 4423 2660 4476 animae
2686 4427 2741 4474 et
2774 4415 2967 4474 salutis
3009 4422 3062 4469 et
3094 4410 3244 4481 regni
3270 4407 3502 4464 cmlestis
3532 4420 3622 4459 re-

2055 4521 2422 4581 novationem,
2463 4513 2637 4582 gratia
2700 4520 2754 4566 et
2802 4505 3138 4564 humanitate
3187 4500 3411 4558 Domini
3451 4495 3623 4553 nostri

370 4590 622 4705 Quae.
656 4590 844 4680 Ταῦτα
876 4590 1249 4693 έχάραξάτοοι,
1279 4613 1554 4682 ἀγαπητὲ,
1580 4611 1666 4664 ἵνα
1699 4609 1830 4680 ἔχῃς
1859 4611 1928 4675 είς

2051 4611 2176 4668 Jesu
2213 4609 2453 4673 Christi;
2492 4606 2577 4662 cui
2610 4603 2779 4674 gloria
2811 4611 2866 4657 et
2893 4603 3058 4658 robur
3086 4600 3139 4653 in
3167 4594 3364 4653 saecula
3398 4590 3623 4648 saeculo-

367 4702 550 4798 φυχῆς
588 4718 859 4790 ὠφέλειαν
903 4713 1000 4768 καὶ
1038 4706 1439 4778 ἀνακαινισμδν
1488 4703 1787 4775 σωτηρίας,
1844 4702 1946 4757 καὶ

2053 4719 2192 4758 rum.
2223 4701 2415 4756 Amen.

368 4774 611 4892 :6“;th
643 4774 889 4886 οὐρανῶν
928 4805 1232 4878 βασιλείας.
1263 4774 1448 4873 χάριτι
1487 4799 1582 4852 καὶ
1624 4774 2016 4868 φιλανθρωπίᾳ,
2051 4794 2144 4850 106
2186 4793 2396 4866 Κυρίου
2462 4789 2620 4865 ’ἡμῶν
2654 4786 2835 4861 Ἰησοῦ
2883 4783 3145 4859 Χριστθί
3201 4774 3245 4852 ᾧ
3280 4782 3314 4852 ἡ
3341 4777 3500 4853 ἷδόξα’
3531 4775 3624 4831 καὶ

369 4890 439 4972 16
490 4910 712 4985 κράτος,
774 4904 855 4968 εις
910 4902 1039 4965 τοὺς
1095 4897 1302 4959 αἰῶνας
1362 4893 1470 4948 τῶν
1526 4890 1758 4946 αίὼνων.
1794 4890 1995 4961 Ἀμήν.

453 4983 544 5074 ιβί
573 5003 732 5057 Mica
759 4997 841 5063 είς
872 4997 973 5066 τὴν
1011 4988 1372 5062 Ἰερουσαλὴμ
1397 4988 1476 5050 εἱς
1497 4985 1591 5038 τὸν
1616 4983 1810 5054 καιρὸν
1842 4983 1951 5038 τῶν

388 5097 682 5170 Ῥωμαίων
712 5090 853 5167 ἦσαν
900 5088 1256 5160 μοναστήρια,
1298 5082 1392 5137 καὶ
1442 5079 1764 5148 ὲκκλήσιαις
1823 5073 1954 5142 1Ee’.

380 5167 622 5262 Καὶ-τήν
674 5190 916 5258 σήμερον
945 5179 1280 5253 κρατοῦνται
1326 5175 1376 5229 oi
1424 5173 1669 5237 ἀσεϐεῖς.
1697 5170 1854 5225 Κατὰ
1897 5167 1956 5222 δὲ

379 5289 483 5352 τὰς
519 5281 787 5344 ἀνατολὰς
814 5275 906 5332 τοῦ
935 5275 1092 5344 ἁγίου
1123 5271 1296 5342 τάφου
1342 5268 1480 5333 μέσα
1513 5269 1592 5329 είς
1620 5264 1719 5336 τὴν
1754 5264 1956 5337 Ἰερου.

384 5379 590 5448 σαλὴμ,
624 5375 704 5438 είς
737 5370 926 5426 στάδια
950 5365 991 5421 δ’
999 5409 1012 5431 ,
1037 5362 1265 5420 εἶναιτὰ
1299 5361 1469 5431 ’Ἅγια
1493 5360 1599 5412 τῶν
1623 5357 1814 5427 ἁγίων,
1859 5355 1958 5411 καὶ

384 5473 449 5526 16
490 5467 638 5539 ἱερὸν
695 5462 829 5520 ὀποῦ
878 5460 1158 5515 ἐδίδασκεν
1220 5457 1248 5510 6
1280 5454 1510 5526 Κύριος.
1559 5449 1735 5506 A6106
1775 5451 1856 5514 είς
1891 5449 1959 5503 τὰ

388 5568 560 5635 ’Δγια
587 5560 697 5617 τῶν
734 5556 904 5628 ἁγίων
940 5553 1153 5624 ἐσφάγη
1198 5550 1228 5602 6
1261 5549 1546 5619 προφήτης
1587 5542 1898 5615 Ζαχαρίας,
1929 5543 1961 5595 6

393 5656 580 5730 πατὴρ
631 5653 726 5728 106
785 5649 1125 5722 Προδρόμου.
1179 5645 1291 5699 Καὶ
1343 5644 1424 5705 είς
1460 5639 1556 5696 τδν
1612 5639 1777 5692 αὐτὸν
1830 5637 1961 5692 ναὸν

395 5748 615 5819 ἐδέξατο
649 5746 746 5802 καὶ
783 5745 813 5800 6
855 5742 1143 5815 προφήτης
1189 5735 1419 5809 Συμεὼν
1461 5734 1520 5790 ιν
1550 5730 1819 5803 ἀγκάλαις
1869 5729 1961 5786 τὸν

478 5903 520 5938 ⁵⁸
549 5902 742 5963 Matth.
777 5916 853 5970 tv,
895 5901 962 5958 19

2128 4981 2217 5039 12.
2255 4981 2314 5036 lu
2351 4979 2468 5049 ipsa
2503 4974 2799 5033 Jerusalem
2832 4972 2932 5029 sub
2965 4967 3379 5041 imperatoribus
3416 4964 3624 5020 GraeciSi

2053 5084 2210 5132 erant
2250 5069 2579 5128 monasteria
2612 5077 2664 5122 et
2684 5067 2828 5121 aedes
2856 5079 3047 5130 sacrae,
3074 5075 3299 5116 numero
3331 5057 3468 5124 365;
3500 5070 3621 5124 qua:

2054 5167 2233 5224 omnia
2289 5179 2430 5219 nunc
2486 5163 2539 5217 in
2573 5169 2891 5231 potestatem
2942 5155 3228 5224 impiorum
3272 5165 3504 5205 cessere.
3544 5148 3623 5201 Ad

2054 5264 2232 5319 locum
2279 5256 2600 5315 orientalem
2647 5253 2819 5310 sancti
2860 5249 3089 5320 sepulcri
3118 5248 3264 5301 intus
3297 5241 3622 5305 Jerusalem,

2057 5370 2225 5426 prope
2256 5353 2554 5410 stadiorum
2597 5357 2825 5418 quatuor
2863 5341 3168 5406 intervallo,
3214 5336 3625 5405 conspiciuntur

2059 5423 2261 5508 Sancta
2292 5453 2627 5508 sanctorum,
2662 5451 2714 5495 et
2749 5437 3007 5506 templum
3039 5435 3090 5489 in
3132 5447 3239 5504 quo
3266 5427 3493 5485 docebat
3519 5423 3627 5479 Do-

2059 5544 2257 5599 minus.
2283 5537 2435 5594 intus
2466 5537 2667 5594 Sancta
2703 5542 3014 5588 sanctorum
3043 5526 3261 5584 occisus
3308 5531 3388 5578 est
3414 5519 3626 5574 Zacha-

2058 5639 2190 5703 rias,
2219 5645 2376 5707 pater
2402 5633 2777 5692 Praecursoris.
2811 5630 3110 5696 eodemque
3152 5622 3204 5677 in
3259 5617 3460 5688 templo
3497 5628 3629 5685 pro-

2057 5731 2217 5803 pheta
2241 5729 2464 5786 Simeon
2486 5728 2540 5782 in
2571 5724 2710 5781 ulnis
2727 5719 2951 5796 gestavit
2972 5717 3351 5776 Dominum...
3384 5723 3626 5770 marmo-
