3988 6284
540 387 648 458 937

1996 390 2345 454 ANONYMI

3683 393 3774 455 988

540 506 679 571 reis,
699 506 756 560 e‘t
779 510 968 561 catena
995 504 1250 576 pendent.
1277 503 1363 571 Et,
1393 519 1514 561 cum
1553 503 1899 563 Christianus
1932 503 2116 577 ingre-

2238 504 2523 576 (ριστὸν...
2556 503 3098 578 μαρμαρεῒναις,καὶ
3125 504 3542 579 κρεμοῦνταιμέ
3571 493 3774 560 alitur

540 601 710 667 ditur,
744 607 1139 666 commovetur,
1201 598 1331 655 licet
1383 612 1550 667 nunc,
1586 598 1655 653 ob
1687 597 1987 665 Agarenos,
2015 611 2114 652 ne-

542 693 679 749 mini
705 693 884 749 aditus
909 700 1114 762 pateat.
1150 692 1352 749 Ibidem
1386 691 1551 748 etiam
1586 698 1671 748 est
1711 705 1917 757 mensa,
1949 704 1978 744 a
2006 689 2117 746 Deo

543 801 803 858 appensa.
862 787 1142 858 Templum
1176 792 1261 841 est
1312 785 1501 857 ingens
1537 794 1592 840 et
1637 783 1955 848 rotundum,
1992 797 2117 837 cmn

542 877 703 933 trulla
740 876 959 947 plumbo
984 885 1252 944 contecta,
1287 879 1432 933 intus
1483 877 1722 948 forisque
1771 875 1985 930 musivo
2020 875 2119 929 de-

543 969 714 1039 picta.
743 969 914 1026 Habet
947 979 999 1026 et
1030 971 1251 1037 atrium,
1280 971 1331 1024 in
1368 968 1522 1038 cujus
1562 978 1718 1040 parte
1750 967 2006 1024 orientali
2038 975 2121 1022 est

546 1066 724 1128 porta,
757 1059 1194 1130 quatuorjanuis
1239 1071 1518 1127 constans,
1550 1075 1649 1132 per
1672 1075 1835 1131 quam
1871 1058 2122 1114 transivit

544 1151 799 1209 Christus
833 1169 957 1210 cum
1001 1154 1194 1224 palmis
1241 1163 1295 1210 et
1335 1154 1534 1221 ramis;
1581 1164 1634 1210 et
1673 1154 1741 1209 ad
1796 1154 1940 1208 hunc
1979 1154 2119 1208 diem

543 1247 729 1303 clausa
778 1257 882 1302 est.
932 1247 1212 1319 Propeque
1249 1248 1414 1302 etiam
1464 1257 1550 1301 est
1593 1248 1790 1301 atrium
1835 1245 2017 1313 Pilati,
2068 1254 2123 1301 et

543 1338 767 1411 Caipba:
812 1341 1147 1408 praztorium,
1201 1342 1473 1412 pauloque
1520 1339 1658 1395 infra
1690 1337 1978 1394 Probatica
2007 1338 2122 1409 pis-

543 1435 688 1498 cina,
725 1435 793 1490 ab
824 1434 1064 1491 Hebraeis
1099 1434 1368 1490 Betbesda
1405 1435 1570 1501 dicta,
1606 1434 1846 1506 quinque
1879 1433 2123 1504 porticus

541 1527 786 1593 habens;
818 1544 1091 1599 propeque
1121 1543 1239 1584 eam
1271 1528 1526 1597 templum
1554 1545 1567 1592 ;
1602 1528 1879 1596 distatque
1910 1543 1939 1580 a
1964 1542 2122 1581 sacro

541 1622 794 1692 sepulcro
825 1624 997 1679 stadia
1036 1626 1162 1679 tria.
1191 1623 1442 1679 Proxime
1472 1632 1561 1678 est
1591 1622 1732 1678 aedes
1765 1620 2038 1677 Joacbimi
2068 1630 2124 1676 et

541 1719 714 1774 Annae
753 1719 944 1775 matris
976 1719 1223 1788 Deiparre
1272 1737 1284 1773 :
1328 1733 1356 1772 a
1389 1731 1495 1787 quo
1542 1732 1647 1772 non
1695 1716 1852 1786 longe
1888 1725 1971 1769 est
2009 1729 2124 1769 etn-

2219 599 2313 655 καί
2345 600 2478 654 ὅταν
2505 599 2654 654 σέϐει
2689 599 3040 670 Χριστιανὸς,
3080 601 3438 672 ταράσσεται.
3472 601 3661 670 Ὅμως
3701 602 3778 655 διὰ

2218 693 2344 758 τοὺς
2385 695 2727 764 Ἀγαρηνοὺς
2754 693 2908 748 οὐδὲν
2940 694 3173 764 ὲμπορεί
3192 694 3337 748 τίναι
3373 691 3441 748 va
3485 695 3620 770 σέϐῃ
3649 697 3770 754 εσω.

2219 786 2332 840 Kal.
2381 785 2524 856 μέσα
2557 785 2723 840 αὑτοῦ
2762 786 2880 841 έναι
2919 785 3148 859 καὶξμία
3196 783 3449 859 τράπεζα
3489 787 3784 858 θεοκρέμα-

2223 880 2513 949 στη.Ἒναι
2536 879 2672 933 καὶό
2703 879 2828 940 ναὸς
2851 879 3026 948 μέγας
3060 878 3536 952 στρογγυλοειδής.
3571 882 3680 935 Καὶ
3727 885 3783 952 μὲ

2220 971 2454 1042 τρούλλα
2489 971 2960 1044 μολιϐοσκέπαστη
3023 974 3411 1044 ίστορισμένην
3447 972 3651 1028 ἔσωθεν
3704 975 3788 1029 καὶ

2226 1062 2432 1132 ἔξωθεν
2460 1063 2599 1135 μετὰ
2636 1065 2866 1135 μωσίου.
2899 1065 3052 1137 Ἔχει
3082 1065 3179 1120 καὶ
3212 1065 3384 1132 αὐλὴν
3411 1065 3566 1137 μίαν,
3600 1068 3690 1120 καὶ
3719 1070 3786 1130 εἰς

2226 1158 2327 1230 τὴν
2361 1157 2492 1230 μίαν
2543 1157 2740 1229 μερίαν
2770 1157 2870 1230 τῆς
2925 1157 3096 1228 αὐλῆς
3137 1159 3281 1214 κατὰ
3312 1158 3581 1222 ἀνατολὰς
3621 1160 3789 1228 έναιή

2222 1251 2603 1324 τετράπορτος
2637 1251 2805 1322 πύλη,
2857 1251 2991 1306 ὀποῦ
3028 1252 3301 1324 ἐπέρασεν
3323 1253 3352 1306 0
3387 1252 3624 1324 Χριστὸς
3665 1253 3793 1322 μετὰ

2227 1345 2396 1417 βαῖων
2424 1345 2519 1399 καὶ
2565 1344 2802 1400 κλάδων.
2834 1345 2945 1398 Kal.
2997 1344 3116 1399 έναι
3153 1343 3521 1417 κεκλεισμένη
3557 1346 3664 1408 ἓως
3704 1345 3794 1412 τῆς

2226 1438 2496 1510 σήμερον.
2528 1438 2703 1493 Αὑτοῦ
2737 1438 2902 1494 κοντα
2930 1438 3047 1494 έναι
3073 1438 3169 1491 τοῦ
3201 1437 3438 1491 Πιλάτου
3460 1441 3493 1508 ή
3526 1437 3686 1510 αὐλὴ,
3712 1440 3795 1492 καὶ

2225 1529 2321 1582 τοῦ
2351 1529 2579 1597 Καῖάφα
2633 1527 2692 1582 τὸ
2743 1527 3104 1600 πραιτώριον.
3159 1527 3479 1597 Παρακάτω
3513 1529 3610 1582 ἀπ’
3641 1529 3792 1583 αὐτοῦ

2228 1620 2348 1674 έναι
2379 1622 2412 1690 ὴ
2458 1619 2774 1691 Προὸατικὴ
2814 1619 3197 1691 κολυμϐήθρα,
3250 1619 3282 1690 ἡ
3333 1620 3479 1679 κατὰ
3517 1618 3795 1683 Ἰουδαίους

2228 1711 2498 1783 Βηοεσδὰ,
2531 1712 2693 1764 πέντε
2726 1711 2887 1775 στοὰς
2917 1712 3138 1782 ἔχουσα.
3179 1711 3333 1785 Ἔχει
3364 1710 3463 1764 καὶ
3492 1710 3622 1770 ναὸν
3646 1711 3790 1766 αὐτοὶ

546 1829 699 1877 num,
729 1813 783 1869 in
822 1813 964 1883 quod
999 1812 1206 1867 Hebraei
1238 1813 1580 1882 proiecerunt
1607 1809 1917 1866 Jeremiam.
1951 1808 2128 1865 Distat

2238 1806 2425 1861 κοντά.
2474 1804 2694 1875 Ἀπέχει
2742 1805 2848 1858 ἀπὸ
2903 1806 2997 1860 τὸν
3059 1806 3215 1873 ἅγιον
3275 1803 3450 1873 τάφον
3513 1804 3703 1857 στάδια
3733 1801 3796 1873 Υ.

545 1920 577 1960 a
611 1921 767 1963 sacro
806 1906 1056 1976 sepulcro
1105 1908 1280 1962 stadia
1331 1914 1586 1976 quatuor.
1642 1903 1705 1957 Et
1753 1905 1867 1958 haec
1898 1903 2119 1972 quidem

2238 1900 2402 1956 Αὑτοῦ
2456 1900 2687 1967 πλησίον
2721 1897 2840 1952 έναι
2892 1900 2919 1951 0
2949 1893 3098 1961 οἶκος
3129 1896 3225 1950 τοῦ
3264 1895 3556 1966 Ἰωακεὶμ,
3590 1895 3684 1950 καὶ
3710 1894 3796 1964 τῆς

546 2002 903 2068 monasteria,
963 2013 1020 2059 et
1058 2011 1209 2058 extra
1263 2012 1317 2057 et
1367 2003 1512 2056 intra
1565 1999 1889 2068 Jerusalem,
1956 2009 2012 2054 et
2068 2002 2119 2052 in

544 2091 780 2150 Iordane
813 2095 950 2166 ipso,
980 2105 1360 2152 numerantur.

2226 1997 2430 2066 Ἀννης
2461 1994 2560 2064 τῆς
2597 1991 2801 2064 μητρὸς
2870 1992 2967 2061 τῆς
3012 1991 3297 2044 Θεοτόκου.
3349 1990 3532 2044 Αὑτοῦ
3593 1987 3801 2059 πλησίον

2224 2090 2346 2143 έναι
2379 2088 2409 2141 0
2442 2087 2726 2158 βόρῦορος,
2761 2084 2896 2139 ὀποῦ
2929 2083 3133 2155 έρηξαν
3161 2083 3211 2136 οί
3256 2083 3505 2154 Ἐὖραῖοι
3533 2083 3625 2136 τὸν
3649 2080 3801 2151 Ἰερε-

548 2188 702 2259 μίαν.
731 2189 951 2261 Ἀπέχει
978 2189 1085 2245 ἀπὸ
1112 2189 1200 2245 τὸν
1232 2190 1390 2259 ἅγιον
1417 2190 1589 2258 τάφον
1643 2189 1837 2244 στάδια
1886 2187 1950 2243 δ’.
2009 2184 2199 2242 Ταῦτα
2238 2181 2308 2254 τὰ
2345 2180 2687 2253 μοναστήρια
2723 2176 3072 2249 εὑρίσκονται
3103 2178 3184 2242 εἰς
3229 2175 3329 2246 τὴν
3368 2174 3746 2248 Ἰερουσαλὴμ,
3773 2173 3803 2232 ἃ

546 2281 604 2336 δὲ
639 2283 745 2348 ἔξω
773 2283 873 2354 τῆς
908 2285 1072 2354 ἁγίας
1103 2284 1334 2352 πόλεως,
1364 2285 1459 2340 καί
1486 2285 1568 2350 είς
1593 2283 1686 2340 τὸν
1714 2283 2013 2357 Ἰορδάνην.
2843 2311 2847 2316 -

619 2377 710 2432 1'5.
739 2376 912 2442 Medio
943 2376 996 2434 in
1030 2378 1224 2435 itinere
1274 2379 1394 2434 fons
1434 2378 1817 2447 Apostolorum
1849 2383 2055 2433 manat.
2083 2374 2128 2430 Α

2305 2376 2400 2437 ιγ’.
2438 2370 2551 2424 Καὶ
2599 2369 2740 2438 μέσα
2776 2368 2858 2431 είς
2890 2366 2982 2420 τὸν
3016 2365 3221 2437 δρόμον
3258 2364 3379 2424 έναι
3423 2365 3457 2435 ἡ
3496 2365 3689 2435 βρὺσις
3713 2365 3802 2423 τῶν

549 2484 658 2540 quo
697 2486 886 2540 parum
930 2471 1085 2527 abest
1105 2471 1281 2528 sancti
1313 2472 1592 2540 Euthymii
1624 2472 2035 2533 monasterium.
2073 2470 2128 2524 in

2242 2460 2610 2516 ’Δποστὸλων.
2637 2460 2748 2514 Καὶ
2778 2459 2861 2522 είς
2893 2457 3075 2526 ὀλίγον
3105 2456 3269 2510 τόπον
3299 2454 3418 2510 έναι
3450 2457 3516 2510 τὸ
3550 2460 3799 2528 μοναστή-

550 2565 868 2620 Summitate
898 2564 1097 2620 montis
1121 2566 1308 2619 situm.
1355 2563 1529 2621 Distat
1551 2565 1620 2620 ab
1654 2566 1791 2620 urbe
1816 2561 2128 2619 Jerusalem

2238 2571 2347 2627 ριον
2369 2553 2464 2608 τοῦ
2496 2552 2652 2622 ἁγίου
2697 2550 3000 2621 Εὑθυμίου,
3035 2550 3129 2608 καὶ
3165 2548 3285 2604 έναι
3311 2550 3506 2604 ἐπάνω
3544 2550 3632 2613 είς
3676 2549 3800 2622 ὅρος.

555 2657 720 2712 millia
750 2659 1086 2727 quindecim.
1115 2658 1182 2714 Et
1205 2657 1344 2713 infra
1386 2659 1716 2729 conspicitur
1737 2658 2131 2713 monasterium

2238 2646 2451 2716 Ἀπέχει
2487 2644 2597 2700 ἀπὸ
2624 2643 2725 2714 τὴν
2757 2641 3130 2713 Ἰερουσαλὴμ
3163 2640 3319 2711 μιλία
3373 2647 3458 2697 ιε’.
3502 2641 3619 2699 Καὶ
3646 2658 3802 2712 παρσ-

553 2747 818 2818 Deipartc.
873 2748 1072 2803 Ibidem
1134 2748 1432 2805 lociJosue
1481 2749 1624 2805 ﬂlius
1652 2748 1822 2814 Nave,
1876 2748 2126 2818 angelum

2238 2740 2382 2793 κάτω
2410 2737 2526 2792 έναι
2556 2735 2616 2790 τὸ
2639 2739 3008 2807 μοναστήριον
3029 2735 3129 2806 τῆς
3153 2731 3446 2792 Θεοτόκου.
3478 2733 3659 2786 Αὐτοῦ
3686 2729 3800 2785 εἶδεν

557 2843 804 2906 intuitus,
856 2842 992 2897 dixit
1026 2860 1040 2898 :
1073 2841 1270 2898 Noster
1304 2845 1400 2899 es!
1430 2853 1482 2898 et
1527 2842 1806 2911 respondit
1851 2841 2076 2914 angelus
2106 2856 2125 2896 :

2238 2830 2482 2901 i‘lq006;
2506 2829 2600 2883 τοῦ
2634 2829 2792 2898 Ναυῆ
2822 2828 2914 2882 τὸν
2941 2827 3197 2897 ἄγγελον,
3231 2828 3327 2881 καὶ
3355 2823 3518 2880 εἶπεν
3543 2843 3556 2856 ·
3580 2825 3798 2896 Ἡμέτε-

557 2935 809 3005 Princeps
849 2953 962 2989 sunt
1003 2935 1260 2990 exercitus
1293 2935 1525 3003 Domini,
1545 2946 1590 2989 et
1623 2952 1758 2989 nunc
1788 2936 1933 2989 venio
1963 2934 2032 2986 ad
2055 2942 2124 2988 te.

2238 2942 2335 2991 ρος
2356 2919 2454 2990 ei;
2490 2922 2586 2976 καὶ
2620 2922 2647 2974 0
2691 2920 2924 2991 ἄγγελος
2982 2917 3139 2979 εἶπεν
3163 2936 3178 2951 ·
3213 2918 3366 2988 Ἐγὼ
3423 2921 3794 3001 ᾁρχιστράτη·

554 3031 622 3085 Et
661 3029 828 3085 Josue
864 3031 1108 3084 adoravit
1163 3044 1317 3096 eum;
1372 3040 1426 3082 et
1467 3028 1688 3098 angelus
1737 3028 1874 3083 dixit
1913 3048 1927 3082 :
1971 3027 2129 3083 Solve

2238 3033 2335 3087 roc
2365 3016 2586 3084 Κυρίου
2617 3013 3006 3083 παραγέγονα
3036 3012 3189 3082 πρὸς
3217 3013 3314 3067 σέ.
3368 3013 3484 3066 Καὶ
3550 3012 3798 3084 προσεκύ-

554 3122 964 3184 calceamcntum
1009 3123 1072 3177 de
1113 3123 1328 3191 pedibus
1361 3123 1501 3187 tuis;
1547 3122 1693 3176 locus
1729 3121 1890 3185 enim,
1927 3122 1981 3175 in
2025 3138 2128 3191 quo

2238 3126 2398 3181 νησεν
2431 3109 2582 3178 αὑτῷ
2609 3124 2624 3140 ·
2664 3107 2761 3162 καὶ
2795 3102 2948 3163 εἶπεν
2978 3109 3006 3162 0
3039 3107 3276 3176 ἄγγελος
3295 3121 3312 3138 ⁵
3341 3103 3546 3162 Λῦσαι
3584 3107 3652 3163 τὸ
3682 3107 3801 3162 ὑπό-

553 3226 684 3282 stas,
721 3226 933 3269 sanctus
982 3216 1099 3270 est?
1144 3232 1279 3268 nunc
1339 3217 1514 3283 accipe
1571 3232 1751 3269 arcam
1799 3215 2030 3283 (aderis,
2079 3222 2127 3266 et

2238 3202 2389 3271 δημα
2417 3203 2485 3256 ἐκ
2506 3199 2708 3257 ποδῶν
2739 3215 2880 3265 σου,
2913 3203 2948 3254 ὀ
2972 3199 3084 3271 γὰρ
3113 3202 3298 3267 τόπος
3319 3199 3489 3269 ἅγιός
3513 3201 3647 3255 ἐστι
3673 3214 3689 3230 '
3710 3199 3802 3255 νῦν

554 3310 863 3380 progredere
899 3309 1149 3363 adversus
1176 3308 1412 3369 Jericho,
1467 3315 1524 3359 ut
1558 3307 1695 3359 muri
1738 3307 1980 3376 funditus
2022 3321 2134 3360 cor-

2238 3291 2380 3345 λάόε
2411 3290 2530 3359 τὴν
2567 3289 2844 3352 κιϐωτὸν,
2896 3288 2997 3342 καὶ
3044 3287 3150 3354 τὰς
3197 3286 3524 3355 διαθήκας,
3559 3289 3657 3350 καί
3682 3290 3801 3344 ἐλθε

554 3412 715 3457 ruant
743 3403 966 3457 civitatis
1003 3404 1068 3453 η.
1126 3401 1279 3472 Apud
1320 3399 1536 3458 Jericho
1583 3409 1709 3455 sunt
1770 3415 1925 3473 aquae
1975 3401 2133 3455 salsae

2238 3384 2525 3444 ἀπέναντι
2542 3382 2784 3452 Ἰεριχὼ,
2803 3383 2906 3436 ἵνα
2931 3380 3285 3452 χαλασθῶσι
3315 3381 3388 3435 τὰ
3416 3384 3594 3452 τείχη
3617 3381 3802 3448 αὐτῆς.

552 3500 740 3561 maris,
768 3498 968 3568 quasiin
1000 3496 1185 3552 dulces
1211 3497 1435 3551 mutavit
1463 3493 1696 3565 Moyses.
1731 3493 1937 3565 Estque
1963 3509 2134 3565 prope

555 3590 910 3661 Sycomorus,
944 3606 1101 3660 quam
1145 3592 1387 3646 ascendit
1415 3589 1730 3656 Zacchzeus,
1765 3597 1821 3644 ut
1857 3589 2131 3644 Christum

559 3686 913 3757 prospiceret.
967 3684 1454 3754 Supercminetque
1502 3698 1677 3747 mons,
1740 3683 1790 3735 in
1829 3697 1937 3750 quo
1975 3681 2137 3736 Chri-

553 3787 676 3835 stus
729 3777 995 3850 jejunavit
1046 3778 1162 3834 dies
1213 3777 1610 3847 quadraginta;
1655 3787 1766 3832 tum
1822 3778 2051 3844 esuriit;
2085 3784 2138 3831 et

559 3873 821 3930 accedens
873 3875 1104 3937 dromon,
1161 3871 1299 3927 dixit
1335 3889 1350 3925 :
1385 3871 1444 3926 Si
1476 3867 1656 3925 Filius
1686 3870 1782 3924 Dei
1812 3887 1890 3933 es,
1945 3869 2031 3921 dic
2077 3879 2134 3924 ut

560 3967 764 4038 lapides
813 3968 901 4021 isti
940 3982 1097 4038 panes
1146 3965 1305 4036 ﬁant.
1355 3965 1424 4024 Et
1480 3963 1748 4018 Dominus
1811 3961 2132 4032 respondit:

573 4058 717 4117 Vade
749 4068 916 4126 retro,
942 4057 1147 4115 Satana
1181 4057 1249 4123 ",
1287 4068 1342 4115 et
1381 4072 1503 4128 quae
1542 4065 1864 4126 sequuntur,
1902 4065 1961 4110 et
1993 4053 2138 4108 illico

561 4157 850 4225 disparuit.
882 4155 1056 4210 Distat
1097 4153 1169 4210 ab
1195 4152 1330 4208 urbe
1369 4149 1672 4207 Jerusalem
1704 4149 1896 4219 viginti
1937 4147 2139 4202 millia-

555 4248 668 4305 ria.
690 4248 772 4306 Ab
793 4263 859 4304 eo
898 4247 998 4303 loci
1039 4260 1230 4302 versus
1254 4243 1604 4304 solitudinem
1634 4243 1833 4298 visitur
1864 4249 2141 4297 monaste-

564 4341 705 4395 rium
735 4339 936 4395 'sancti
1001 4336 1227 4394 Joannis
1293 4334 1676 4392 Praecursoris.
1746 4332 2139 4388 Monasterium

562 4432 968 4504 praeterlabitur
989 4429 1254 4486 Jordanes
1285 4428 1506 4493 ﬂuvius,
1533 4426 1585 4481 in
1606 4441 1713 4496 quo
1745 4423 1988 4481 Joannes
2025 4422 2136 4478 D0-

566 4529 774 4584 minum
822 4536 1066 4582 nostrum
1104 4523 1291 4580 Jesum
1342 4521 1619 4577 Christum
1666 4517 1988 4590 baptizavit.
2026 4514 2140 4571 Ibi-
2173 4541 2219 4598 ι)

569 4622 715 4689 dem,
754 4621 808 4675 in
838 4618 1086 4688 margine
1131 4615 1307 4682 ﬂuvii,
1354 4613 1593 4671 Joannes
1648 4611 1855 4681 aspexit
1905 4609 2142 4664 divinam

566 4711 935 4770 Triadem.Et
961 4721 1106 4764 trans
1149 4705 1443 4764 Jordanem
1488 4705 1746 4774 spelunca
1795 4712 1902 4771 est,
1943 4703 1995 4757 in
2037 4716 2144 4770 qua

569 4806 661 4861 ille
693 4805 1028 4876 quiescebat.
1061 4801 1189 4862 inde
1208 4800 1371 4855 etiam
1397 4797 1540 4854 Elias
1568 4799 1621 4852 in
1661 4811 1828 4852 curru
1857 4797 2016 4867 igneo
2046 4809 2142 4848 ra-

573 4910 699 4971 ptus
726 4907 827 4952 est.
865 4898 1038 4952 Distat
1070 4894 1334 4951 Iordanes
1356 4892 1551 4947 ﬂuvius
1583 4890 1650 4946 ab
1675 4891 1806 4946 urbe
1842 4887 2146 4944 Jerusalem

573 4991 825 5051 milliaria
873 4989 1115 5061 triginta.
1175 4987 1352 5042 Trans
1403 4983 1693 5051 Jordanetn
1741 4995 1963 5053 quoque
2018 4989 2147 5034 sunt

569 5099 785 5142 montes
819 5084 1043 5149 excelsi,
1087 5096 1252 5152 super
1306 5080 1509 5150 quibus
1549 5078 1854 5136 ascendens
1913 5074 2147 5144 Moyses,

574 5197 766 5237 versus
799 5179 1098 5236 Jerusalem
1150 5176 1370 5242 orabat;
1397 5174 1708 5242 eodemque
1743 5170 1853 5226 loci
1901 5169 2148 5241 sepultus

571 5287 674 5333 est.
706 5273 763 5329 in
795 5274 1053 5329 interiore
1097 5269 1411 5335 solitudine,
1450 5268 1621 5322 beata:
1653 5263 1837 5320 Mariae
1877 5261 2148 5336 Egyptize

573 5369 882 5438 sepulcrum
911 5366 1174 5432 cernitur,
1224 5378 1387 5433 quam
1425 5359 1614 5418 invisit
1654 5358 1823 5414 abbas
1877 5357 2146 5423 Zosimas,

575 5473 631 5519 et
661 5461 965 5517 tumulavit.
1000 5457 1293 5528 Hegionem
1337 5454 1482 5510 illam
1529 5454 1685 5509 beata
1739 5449 2150 5506 inltabitaverat

579 5571 752 5612 annos
791 5553 1146 5626 quadraginta
1176 5561 1408 5621 septem.
1435 5546 1614 5604 Distat
1646 5545 1714 5601 ab
1763 5545 1898 5600 urbe
1926 5542 2148 5600 Jerusa-

579 5666 681 5706 κιο
716 5651 820 5719 iter
854 5649 1065 5704 dierum
1097 5653 1243 5701 octo.

660 5923 702 5955 υ
737 5918 898 5978 Josue
928 5933 980 5992 v,
1014 5917 1079 5974 ιι
1109 5929 1267 5986 seqq.
1340 5912 1382 5945 ³³
1415 5910 1600 5968 Matth.
1637 5927 1713 5978 tv,
1754 5908 1809 5975 5,
1844 5906 1902 5962 ι.

2235 3481 2412 3534 Αὑτοῦ
2466 3481 2546 3543 είς
2597 3480 2694 3548 τὴν
2733 3475 2946 3548 Ἰεριχὼ
2995 3476 3114 3530 έναι
3144 3474 3214 3529 τὰ
3256 3474 3486 3548 ἁλμυρὰ
3521 3476 3690 3528 ὕδατα
3718 3474 3802 3543 τῆς

2241 3575 2546 3648 θαλάσσης,
2568 3575 2696 3630 ἔνθα
2725 3573 3027 3645 μετέὸαλεν
3051 3573 3130 3636 εἰς
3159 3571 3484 3644 γλυκύτητα
3511 3574 3540 3625 0
3562 3569 3800 3640 Μῳῦσῆς.

2237 3668 2418 3733 Αὑτοῦ
2456 3669 2629 3738 ἐνιιιὴ
2663 3666 3030 3738 Συκομωρέα,
3064 3666 3199 3720 01:06
3243 3666 3418 3735 ἀνὲὁη
3449 3667 3477 3719 0
3531 3665 3800 3736 Ζακχαῖος,

2240 3763 2328 3820 ἵνα
2369 3762 2454 3833 ῐδῃ
2503 3759 2597 3816 τὸν
2651 3760 2912 3828 Χριστόν.
2948 3757 3124 3814 Αὐτοῦ
3156 3758 3369 3817 ἄνωθεν
3409 3759 3532 3814 έναι
3586 3760 3645 3813 τὸ
3697 3758 3824 3829 ὅρος,

2235 3854 2376 3910 ὀποῦ
2425 3855 2758 3926 ὲνήστευσεν
2812 3856 2842 3907 0
2897 3854 3136 3925 Χριστὸς
3181 3852 3402 3926 ἡμέρας
3469 3851 3546 3924 μ’,
3600 3852 3801 3918 ὕστερον

2239 3945 2550 4012 ἐπείνασεν,
2592 3945 2688 3999 καὶ
2738 3943 2913 3999 ἐλθὼν
2956 3946 2984 3999 0
3018 3943 3268 4015 δαίμων·
3304 3946 3374 4000 Et
3434 3946 3571 4012 Υἱὸς
3621 3941 3676 3998 εί
3710 3939 3800 3995 τοῦ

2237 4040 2411 4106 Θεοῦ,
2457 4035 2589 4095 εἷπε
2635 4039 2738 4093 ἳνα
2780 4041 2836 4093 οι
2877 4039 3036 4094 λίθοι
3079 4037 3247 4108 ἄρτοι
3298 4037 3616 4107 γένωνται.
3648 4033 3799 4091 Καὶό

2240 4134 2478 4205 Χριστὸς
2509 4129 2689 4189 εἶπεν·
2717 4134 2948 4202 Ὕπαγε
2968 4132 3163 4186 ὀπίσω
3184 4131 3328 4201 μοῦ,
3355 4131 3616 4198 Σατανᾶ,
3644 4125 3798 4184 καὶτὰ

2243 4226 2392 4296 ἑξῆς,
2428 4227 2524 4280 καὶ
2579 4224 2788 4287 εὐθέως
2843 4220 3088 4292 ἄφαντος
3147 4223 3395 4293 ὲγένετο.
3435 4225 3664 4295 Ἀπέχει
3708 4217 3796 4275 ἀπὸ

2251 4317 2620 4390 Ἰερουσαλὴμ
2676 4317 2798 4388 μιλ.
2833 4315 2902 4372 κ’.
2961 4315 3086 4372 ’Λπ’
3118 4317 3286 4371 αὑτοῦ
3333 4316 3478 4371 κατὰ
3531 4316 3665 4386 πρὸς
3719 4314 3796 4384 τὴν

2243 4415 2452 4488 έρημον
2502 4413 2564 4467 τὸ
2612 4412 2981 4483 μοναστήριον
3048 4409 3142 4464 τοῦ
3204 4409 3369 4479 ἁγίου
3432 4410 3681 4464 Ἰωάννου
3721 4403 3794 4459 τοῦ

2247 4507 2590 4582 Προδρὸμου.
2627 4504 2802 4560 Αὐτοῦ
2827 4500 2972 4563 ,εἶναι
2996 4503 3092 4556 καὶ
3120 4504 3148 4554 0
3172 4501 3449 4573 Ἰορδάνης
3492 4504 3520 4556 0
3561 4498 3792 4570 ποταμὸς,

2246 4599 2384 4655 01:06
2415 4599 2714 4653 ἐϐάπτισεν
2769 4598 2798 4651 ὁ
2830 4596 3088 4667 Ἰωάννης
3117 4595 3208 4649 τὸν
3258 4593 3471 4666 Κύριον
3524 4592 3673 4665 ἡμῶν
3710 4593 3793 4659 Ἰηο

2246 4694 2378 4748 σοῦν
2421 4690 2680 4764 Χριστόν.
2729 4689 2906 4743 Αὑτοῦ
2956 4690 3040 4752 είς
3076 4689 3136 4742 τὸ
3181 4688 3363 4758 χεῖλος
3427 4687 3521 4743 τοῦ
3558 4685 3790 4756 Ἰορδάνου

2249 4786 2355 4843 Εἶεν
2375 4786 2405 4838 0
2432 4785 2692 4855 Ἰωάννης
2722 4782 2819 4854 τὴν
2847 4782 3012 4852 ἁγίαν
3039 4782 3270 4854 Τριάδα.
3305 4781 3461 4837 Ἐναι
3486 4782 3581 4835 καὶ
3603 4781 3659 4834 τὸ
3680 4777 3789 4846 σπή-

2248 4879 2401 4933 λαιον
2432 4877 2607 4949 πέραν
2667 4877 2763 4931 τοῦ
2810 4875 3106 4948 Ἰορδάνου,
3148 4874 3284 4944 ὀποῦ
3336 4875 3618 4947 ὲσύχαζεν.
3646 4865 3788 4927 Αὑτοῦ

2252 4971 2487 5042 ἡρπάγη
2526 4972 2624 5025 καὶ
2675 4972 2704 5025 ὁ
2738 4969 2928 5034 Ἠλίας
2976 4970 3034 5023 ὲν
3064 4970 3274 5041 ἅρματι
3324 4970 3522 5041 πυρός.
3550 4963 3788 5035 Ἀπέχειὸ

2250 5066 2528 5137 Ἰορδάνης
2578 5063 2827 5134 ποταμὸς
2880 5063 2990 5118 ἀπὸ
3020 5063 3121 5135 τὴν
3159 5062 3521 5136 Ἰερουσαλὴμ
3563 5062 3704 5133 μίλια
3737 5057 3786 5110 λ’.

2261 5161 2325 5216 Ἢ
2357 5161 2415 5216 δὲ
2457 5147 2634 5236 πέραν
2689 5157 2784 5211 τοῦ
2809 5155 3079 5230 Ἰορδάνου
3106 5156 3224 5212 έναι
3251 5158 3352 5230 ὅρη
3387 5159 3455 5212 τὰ
3479 5156 3669 5228 ὑψηλά.
3693 5148 3782 5205 Καὶ

2249 5252 2445 5307 ἀπάνω
2471 5252 2552 5316 είς
2589 5252 2658 5305 τὰ
2684 5251 2786 5323 ὅρη
2820 5251 2890 5304 τὰ
2920 5250 3106 5322 ὑψηλὰ
3151 5245 3321 5323 ἦλθεν
3352 5255 3378 5307 0
3430 5249 3680 5319 Μωῡσῆς,
3711 5241 3787 5298 καὶ

2248 5341 2622 5412 ὲπροσεύχετο
2654 5341 2737 5413 είς
2774 5337 3141 5411 Ἰερουσαλήμ
3167 5355 3184 5374 ο
3213 5339 3310 5393 καὶ
3333 5338 3498 5394 αὐτοῦ
3527 5337 3634 5390 έναι
3661 5330 3785 5388 0:0-

2258 5453 2355 5506 φος
2393 5452 2510 5490 του.
2545 5434 2611 5488 Εί
2635 5434 2694 5489 δὲ
2743 5434 2886 5502 μέσα
2923 5435 3004 5497 είς
3032 5433 3133 5504 τὴν
3161 5432 3438 5504 ἐσωτέραν
3462 5431 3657 5503 ἔρημον
3686 5425 3782 5477 έναι

2258 5532 2285 5584 0
2305 5528 2476 5600 τάφος
2509 5530 2610 5597 τῆς
2635 5526 2792 5590 ὁσίας
2824 5526 3045 5596 Μαρίας
3070 5525 3172 5596 τῆς
3204 5525 3526 5592 Αίγυπτίας,
3551 5519 3668 5574 ὀποῦ
3701 5513 3782 5584 τὴν

2258 5616 2426 5694 ηὗρεν
2470 5622 2499 5674 0
2548 5618 2724 5682 ἁ66ᾶς
2778 5618 3058 5688 Ζωσιμᾶς,
3117 5619 3212 5670 καὶ
3265 5616 3434 5688 ἔθαψέ
3468 5632 3582 5684 την,
3641 5601 3777 5670 καλή

2259 5717 2384 5771 ὁσία
2421 5713 2652 5785 ἐποίησε
2696 5711 2920 5783 χρόνους
2950 5711 3053 5783 μζ.
3084 5711 3312 5783 Ἀπέχει
3353 5711 3458 5777 ἀπὸ
3494 5709 3583 5781 τὴν
3617 5705 3777 5769 Ἰερου-

2264 5806 2447 5879 σαλὴμ
2476 5801 2698 5876 ἡμερῶν
2729 5803 2927 5876 δρόμον
2961 5800 3034 5876 η’.
