3988 6284
203 415 314 483 989

1484 431 1582 495 DE
1617 434 1835 500 LOCIS
1870 438 2211 505 SANCTIS.

3359 446 3466 511 990

277 532 357 589 ιδ’.
400 534 470 590 Ἦ
514 536 573 593 δὲ
605 530 758 608 δεξιὰ
784 536 881 595 τοῦ
912 532 1186 614 Ἰορδάνου
1240 535 1390 627 εἶναι
1439 542 1513 600 τὰ
1555 544 1780 618 Σόδομα,

1967 553 2058 609 14.
2093 554 2353 611 Dextrum
2411 552 2667 613 Jordanis
2698 555 2843 613 latus
2879 563 3149 627 occupant
3202 554 3465 625 Sodoma,

198 627 302 683 και
322 627 394 683 τὰ
423 629 706 705 Γόμορρα,
736 631 832 688 καὶ
868 634 903 705 ἡ
939 632 1136 709 Νεκρὰ
1174 616 1450 702 scisam,
1505 636 1602 691 καὶ
1636 616 1785 694 616-

200 740 309 787 πος
361 724 458 779 τοῦ
518 724 669 793 Λὼτ,
717 726 816 782 καὶ
870 726 1039 782 αὐτοῦ
1094 727 1238 798 μέσα
1266 723 1408 785 εῖναι
1442 731 1477 802 ἠ
1529 730 1779 795 κόλασις.

211 815 442 891 Ἀπέχει
470 818 580 874 ἀπὸ
611 818 710 892 τὴν
760 820 1126 893 Ἰερουσαλὴμ
1155 822 1278 893 μίλ.
1330 823 1399 878 λ’.
1435 823 1615 879 A6106
1664 825 1783 881 ἔναι

194 910 263 965 16
294 912 666 984 μοναστήριον
693 912 789 967 τοῦ
816 913 976 982 ἁγίου
999 915 1335 987 Γερασίμου,
1364 915 1502 991 ὀποῦ
1530 916 1781 973 ἐδούλευε

193 1002 313 1056 τῶν
331 1002 524 1074 ἁγίων.
556 1003 669 1059 Kal
694 1004 910 1066 ἄνωθεν
939 1006 1078 1079 πρὸς
1119 1009 1220 1079 τὴν
1256 1003 1616 1082 Ἰερουσαλὴμ
1641 1012 1782 1082 μέσα

193 1095 283 1157 είς
313 1094 387 1149 τὰ
444 1093 542 1167 ὅρη
595 1094 715 1150 Εναι
767 1096 802 1168 ἡ
832 1095 1012 1167 λαύρα
1062 1096 1159 1151 τοῦ
1194 1097 1355 1167 ἁγίου
1391 1098 1560 1155 Σάϐα.
1603 1100 1781 1156 A6106

193 1183 321 1238 ιναι
356 1187 449 1241 καὶ
478 1188 507 1241 6
541 1188 714 1257 τάφος
742 1206 862 1244 του.
898 1190 1012 1245 Kal
1048 1192 1110 1245 τὸ
1144 1194 1515 1265 μοναστήριον
1551 1194 1670 1251 έναι
1700 1197 1784 1261 εἰς

188 1279 368 1333 τόπον
403 1282 746 1355 χειμὰρῤων.
783 1286 896 1341 Kal
943 1286 1207 1342 ἀποκάτω
1259 1286 1355 1341 τοῦ
1409 1290 1781 1363 μοναστηρίου

191 1370 322 1427 εναι
350 1375 382 1445 ἠ
419 1375 569 1446 πηγὴ
602 1376 738 1431 ὀποῦ
768 1379 868 1450 τὴν
924 1376 1158 1447 εῦγαλεν
1189 1380 1219 1433 6
1246 1379 1404 1447 ἅγιος
1432 1380 1521 1435 διὰ
1544 1398 1781 1453 προσευ-

188 1465 323 1536 χήν.
362 1467 469 1521 Kal
497 1467 527 1519 6
551 1468 679 1534 ναὸς
710 1468 828 1525 ἕναι
863 1470 929 1542 μδ
953 1470 1244 1543 τρούλλην,
1287 1472 1406 1528 έναι
1430 1475 1526 1529 καὶ
1563 1472 1780 1547 ζωγρα-

192 1562 442 1634 φισμένη
486 1580 555 1635 με
602 1565 663 1619 16
692 1564 955 1638 λαζούρη.
997 1566 1176 1622 A6106
1208 1568 1327 1624 ἔναι
1357 1570 1453 1625 καὶ
1493 1569 1555 1625 τὸ
1583 1570 1781 1643 κελλὴν

190 1653 293 1708 τοῦ
326 1655 485 1722 ἁγίου
517 1655 769 1713 Ἰωάννου
796 1658 897 1713 ,τοῦ
921 1661 1313 1731 Δαμασκηνοῦ.
1338 1661 1515 1717 A6106
1538 1663 1780 1736 ἔγραψεν

186 1746 279 1812 16,
315 1747 522 1814 Ἀξιόν
554 1750 726 1805 ἐστιν
767 1751 849 1821 ὡς
882 1748 1147 1821 ἀληθῶς,
1186 1755 1393 1821 ὁμοίως
1420 1756 1518 1810 καὶ
1559 1756 1660 1829 τὴν
1692 1758 1782 1812 '0-

189 1843 472 1915 κτὼηχον.
510 1840 639 1918 Εῐχε
702 1846 917 1902 καὶτὸν
942 1846 1139 1919 καιρὸν
1168 1848 1265 1904 τοῦ
1298 1849 1456 1918 ἁγίου
1489 1850 1639 1906 Σάϐα
1674 1870 1778 1908 κα-

186 1936 463 2009 λογήρους
500 1939 707 2012 χιλίους
732 1940 867 1996 δέκα
897 1940 1223 2013 τεσσὰρους.
1270 1941 1497 2014 Ἀπέχει
1530 1944 1640 1999 ἀπὸ
1669 1946 1770 2018 τὴν

196 2030 571 2105 Ἰερουσαλὴμ
600 2034 715 2105 μίλ.
748 2035 833 2106 ιβ.
878 2034 1304 2101 Ἀνασαίνοντας
1332 2038 1413 2103 είς
1441 2038 1541 2112 τὴν
1575 2039 1781 2111 Ἰερου-

190 2124 385 2197 σαλὴμ
425 2126 622 2182 artium
678 2127 760 2192 είς
810 2127 939 2200 ὅρος
989 2126 1108 2184 Eva:
1159 2129 1224 2184 1b
1278 2131 1650 2203 μοναστήριον
1680 2133 1783 2188 τοῦ

192 2215 360 2285 ἁγίου
391 2216 691 2273 Θεωδοσίου
720 2218 815 2273 τοῦ
860 2219 1264 2291 κοινοσιάρχου.
1290 2220 1515 2295 Ἀπέχει
1548 2223 1659 2277 ἀπὸ
1680 2224 1782 2293 τὴν

201 2306 565 2383 Ἰερουσαλὴμ
612 2311 766 2383 μιλία
801 2310 875 2386 η’.
920 2313 1033 2369 Καὶ
1072 2313 1284 2369 ἄνωθεν
1319 2314 1487 2370 αὐτοῦ
1534 2313 1652 2370 έναι
1705 2316 1769 2372 τὸ

193 2403 568 2476 μοναστήριον
592 2405 687 2460 106
720 2405 878 2476 ἁγίου
929 2408 1212 2479 προφήτου
1247 2407 1462 2477 Ἠλιοῦ,
1503 2409 1598 2464 καὶ
1639 2404 1780 2467 εἶναι

192 2494 343 2566 μέσα
376 2498 459 2560 εἰς
492 2496 593 2568 τὴν
632 2496 750 2552 ὁδὸν
782 2496 919 2552 ὀποῦ
964 2497 1192 2567 παγένει
1231 2499 1315 2564 είς
1362 2497 1461 2570 τὴν
1506 2497 1785 2572 Βηθλεέμ.

190 2588 305 2642 Kal
339 2588 458 2644 lvat
486 2591 515 2644 6
539 2588 667 2654 ναὸς
716 2588 785 2661 μὶ
817 2590 1109 2664 τρούλλαν.
1143 2592 1256 2645 Kal
1281 2591 1452 2646 αὐτοῦ
1481 2591 1781 2665 ικοιμήθη,

193 2682 292 2735 καὶ
319 2676 474 2736 εἶπεν
502 2683 530 2737 6
563 2680 822 2752 ἄγγελοςο
866 2681 1148 2750 Ἀνάστα,
1176 2682 1352 2753 φάγε,
1386 2684 1477 2739 ὅτι
1502 2684 1704 2756 μακρὰ
1741 2686 1781 2757 ἡ

190 2773 339 2841 ὁδός
369 2791 510 2833 σου.
556 2773 671 2829 Kal
721 2772 889 2830 a6106
915 2776 995 2840 si;
1041 2776 1135 2830 16v
1162 2776 1471 2850 χείμαρῤον
1527 2777 1724 2851 εφερεν
1753 2780 1783 2834 6

204 2866 409 2938 Ἰωσὴφ
448 2867 550 2938 τὴν
600 2867 887 2937 Θεοτόκον,
945 2868 1033 2923 tua
1082 2867 1259 2940 λάθρα
1288 2869 1538 2946 ἀπολύσῃ
1584 2872 1777 2945 αὐτήν.

1884 644 2209 714 Gomorrha,
2240 661 2393 703 mare
2424 657 2720 717 mortuum,
2751 658 2807 704 et
2839 648 2960 705 Loti
2993 649 3139 720 regio
3178 650 3319 706 inter
3342 668 3465 722 quze

1884 733 2129 791 infernus
2157 735 2311 793 latet.
2374 734 2549 792 Distat
2577 736 2647 792 ab
2682 736 2815 792 urbe
2860 736 3158 793 Jerusalem
3218 735 3466 792 milliaria

1885 826 2131 896 triginta.
2157 826 2362 884 Ibidem
2409 837 2494 883 est
2531 828 2925 884 monasterium
2958 827 3130 883 sancti
3170 818 3464 895 Gerasimi,

1884 920 1977 992 qui
2030 921 2237 977 sanctis
2268 921 2633 978 ministrabat.
2668 921 3199 992 Supraque,.versus
3243 920 3467 975 Jerusa-

1885 1012 2013 1078 lem,
2044 1012 2185 1068 inter
2211 1013 2399 1080 colles,
2440 1020 2527 1068 est
2557 1012 2945 1068 monasterium
2975 1011 3149 1068 sancti
3190 1011 3371 1077 Saba',
3409 1018 3466 1066 et

1883 1104 2030 1162 illius
2080 1105 2411 1176 sepulcrum.
2475 1103 2868 1161 Monasterium
2929 1103 3322 1160 exaedificatum
3385 1112 3470 1159 est

1880 1208 2104 1268 propter
2138 1206 2460 1253 torrentem.
2494 1196 2609 1252 Sub
2655 1196 2988 1253 monasterio
3038 1196 3160 1251 fons
3212 1195 3467 1260 scaturit,

1881 1301 2043 1356 quem
2092 1285 2183 1342 ille
2212 1287 2463 1356 precibus
2496 1302 2524 1341 a
2569 1286 2681 1341 Deo
2725 1287 3136 1357 impetraverat.
3180 1284 3466 1354 Templum

1886 1377 2049 1433 trulla
2080 1378 2330 1449 erigitur,
2360 1393 2532 1449 eaque
2565 1380 2745 1435 colore
2775 1379 3004 1433 caeruleo
3033 1380 3259 1434 imbuta.
3293 1377 3469 1447 Prope

1881 1477 1966 1526 est
2017 1470 2152 1526 cella
2196 1471 2370 1526 sancti
2433 1469 2658 1526 Joannis
2696 1468 3036 1534 Damasceni,
3074 1470 3128 1524 in
3179 1453 3281 1540 qua
3312 1484 3467 1526 com-

1878 1569 2062 1640 posuit
2089 1568 2431 1638 Troparium,
2463 1569 2692 1639 Dignum
2717 1578 2790 1624 est
2838 1584 2979 1633 vere,
3022 1576 3076 1622 et
3100 1565 3466 1623 Octoechum.

1878 1659 2065 1716 Etate
2088 1662 2263 1716 sancti
2293 1659 2451 1715 Sabae
2487 1659 2831 1715 habitabatur
2862 1675 2893 1713 a
2920 1660 3206 1714 monachis
3234 1659 3379 1713 mille
3412 1666 3468 1713 et

1880 1750 2185 1807 duodecim.
2262 1750 2437 1806 Distat
2498 1750 2566 1805 ab
2639 1749 2773 1804 urbe
2838 1748 3134 1805 Jerusalem
3221 1746 3469 1803 milliaria

1880 1843 2311 1915 quatuordecim.
2362 1841 2567 1899 Versus
2612 1840 2941 1909 Jerusalem,
2982 1854 3146 1913 super
3200 1850 3466 1902 montem,

1888 1937 2283 1994 monasterium
2342 1938 2518 1994 sancti
2560 1936 2855 1992 Theodosii
2919 1934 3322 1991 coenobiarehae
3376 1950 3473 1989 ex-

1885 2036 2150 2084 structum
2188 2035 2290 2085 est.
2358 2028 2531 2084 Distat
2570 2027 2640 2083 ab
2698 2028 2832 2083 urbe
2867 2025 3167 2081 Jerusalem
3220 2023 3471 2079 milliaria

1888 2130 2043 2189 octo;
2092 2136 2371 2193 supraque
2430 2120 2602 2185 illud,
2665 2119 3057 2175 monasterium
3110 2118 3286 2173 sancti
3340 2114 3473 2173 Elite

1887 2218 2165 2289 prophetae
2188 2217 2566 2289 ;'adjacetque
2600 2218 2777 2273 media
2808 2216 2860 2272 in
2908 2218 3020 2282 via,
3057 2231 3159 2288 qua
3189 2215 3471 2271 Bethleem

1891 2312 2023 2367 itur.
2053 2310 2337 2383 Templum
2366 2311 2643 2366 trullatnm
2674 2318 2774 2372 est.
2803 2310 2989 2381 ibique
3024 2325 3274 2366 somnum
3300 2308 3495 2378 cepit,“

1885 2404 1975 2463 cui
2005 2405 2138 2460 dixit
2171 2405 2433 2475 angelus:
2460 2404 2650 2477 Surge,
2689 2405 2997 2469 manduca;
3028 2402 3185 2474 longa
3219 2404 3356 2457 enim
3392 2408 3471 2456 est

1894 2500 1979 2554 uia
2007 2498 2075 2553 “.
2103 2497 2242 2555 inibi
2268 2499 2320 2553 in
2343 2506 2647 2554 torrentem
2679 2497 2801 2564 tulit
2833 2511 3018 2553 secum
3052 2494 3342 2566 Deiparam
3375 2492 3472 2550 Jo-

1886 2591 2110 2664 sephus,
2168 2601 2226 2647 ut
2273 2591 2414 2648 clam
2443 2591 2777 2656 dimitteret;
2810 2588 2896 2646 cui
2947 2588 3214 2645 accedens
3238 2587 3471 2658 angelus

1886 2681 2312 2752 dixit:Joseph,
2365 2682 2445 2753 ﬁli
2500 2680 2690 2747 David,
2750 2697 2815 2736 ne
2858 2680 3095 2745 timeas;
3150 2681 3325 2748 accipe
3374 2678 3471 2732 tibi

1881 2756 2104 2836 tutorem
2145 2779 2413 2847 Mariam;
2434 2779 2574 2835 auod
2598 2780 2737 2835 enim
2765 2795 2829 2832 ea:
2863 2793 2925 2833 ea
2959 2787 3227 2844 nascetur,
3256 2792 3321 2831 ex
3348 2774 3473 2845 Spi-

1886 2874 1996 2927 ritu
2026 2882 2207 2928 sancto
2236 2881 2313 2927 est
2340 2872 2408 2926 ¹⁸.

194 2957 306 3013 Kal
354 2953 521 3030 ἦλθεν
570 2960 599 3013 6
658 2958 911 3029 ἅγγελος,
951 2959 1049 3014 καὶ
1103 2954 1299 3014 εἶπεν
1356 2960 1602 3031 Ἰωσὴφ,
1628 2964 1763 3033 υίὸς
1799 2964 2005 3032 Δαυὶδ,
2060 2964 2147 3035 μὴ
2214 2962 2518 3035 φοϐηθεὶς,
2546 2963 2856 3034 παράλαϐε
2882 2962 3139 3020 vva-aiam
3184 2961 3302 3033 τὴν
3345 2964 3469 3018 Ma.

193 3052 331 3122 ρίαν
349 3066 486 3115 σου,
519 3051 586 3105 τὸ
611 3050 723 3121 τὰρ
750 3050 819 3117 ἐξ
841 3050 1033 3120 αὐτῆς
1059 3050 1375 3121 γεννηθὲν,
1402 3051 1471 3107 ἐκ
1499 3053 1848 3123 Πνεύματος
1867 3055 2040 3127 ἁγίου
2060 3056 2258 3111 ἐστίν.

276 3153 356 3201 ιε’.
392 3147 521 3202 Ἀπ’
556 3145 725 3201 αὐτοῦ
788 3146 1091 3219 ἐρχομένου
1143 3147 1227 3210 είς
1279 3146 1382 3218 τὴν
1429 3147 1593 3217 ἁγίαν
1623 3148 1780 3203 πόλιν

202 3238 456 3310 Βεθλεὲμ,
493 3238 636 3311 μέσα
665 3239 744 3303 είς
770 3238 872 3311 τὴν
914 3229 1058 3305 ὁδὸν,
1096 3237 1220 3293 εναι
1267 3238 1329 3292 τὸ
1366 3241 1637 3310 μνημεῖον
1681 3240 1779 3310 τῆς

208 3331 407 3403 Ῥαχὴλ
436 3332 504 3403 μὲ
546 3330 889 3405 κουόούκλην
930 3330 1209 3403 πέτρινον.
1258 3330 1370 3386 Kal
1422 3330 1593 3385 αὐτοῦ
1641 3330 1781 3401 σιμὰ

192 3424 311 3480 Eva:
343 3425 377 3496 ἡ
410 3424 543 3494 ἁγία
592 3421 865 3497 Βηθλεὲμ,
921 3422 1057 3479 ὀποῦ
1109 3423 1380 3497 ἐγεννήθη
1437 3425 1465 3478 6
1514 3423 1776 3497 Χριστός.

1970 3152 2059 3206 l5.
2086 3152 2216 3209 inde
2243 3150 2556 3222 procedenti
2606 3150 2661 3205 in
2700 3157 2942 3206 sanctam
2969 3148 3266 3216 Bethleem,
3298 3147 3351 3204 in
3381 3148 3469 3206 via

1889 3259 2011 3300 sese
2043 3244 2204 3299 oﬂ'ert
2251 3253 2661 3298 monumentum
2714 3241 2990 3307 Rachelis,
3023 3257 3145 3298 cum
3176 3255 3339 3297 saxeo
3368 3256 3468 3297 cu-

1889 3336 2087 3392 biculo.
2130 3337 2412 3408 Propeque
2447 3343 2531 3391 est
2564 3344 2750 3390 sancta
2786 3333 3092 3400 Bethleem,
3134 3334 3191 3389 in
3222 3348 3331 3404 qua
3365 3348 3468 3388 na-

1891 3441 1978 3488 tus
2027 3440 2111 3487 est
2159 3429 2432 3486 Christus.
2470 3428 2754 3499 Templum
2788 3438 2870 3484 est
2902 3426 3253 3498 praelongum,
3317 3436 3470 3481 stru-

192 3483 377 3574 Ἔναι.
409 3483 613 3582 δ’ναδς
657 3483 767 3589 ’τῆς
803 3483 979 3588 ’ἁγίας
1032 3483 1303 3588 Βηθλεὲμ.
1360 3483 1585 3589 μακρὶς.
1635 3483 1777 3588 μετὰ

1886 3533 2038 3580 ctura
2071 3523 2271 3592 lignea,
2303 3523 2529 3594 plumbo
2576 3530 2744 3588 tecta,
2771 3529 2825 3577 et
2852 3520 3067 3577 musivo
3110 3534 3280 3575 aureo
3321 3518 3469 3574 colo-

194 3611 402 3681 σκευῆς
446 3608 689 3682 ξυλίνης,
722 3611 817 3665 xal
878 3610 1243 3683 πεπασμένη
1298 3609 1440 3681 μετὰ
1485 3607 1777 3681 μολύϐδου,

192 3704 295 3759 καὶ
343 3703 460 3757 {vat
505 3702 865 3776 ιστορισμένη
912 3702 1056 3775 μετὰ
1121 3701 1333 3772 μωσίου
1386 3701 1615 3777 χρυσοῦ.
1668 3701 1780 3756 Kal

200 3798 349 3869 μισα
378 3798 460 3861 εἰς
488 3795 583 3852 τὸν
615 3794 743 3851 ναὸν
780 3794 897 3867 ἔχει
934 3795 1183 3860 κολόναις
1222 3792 1289 3850 ν’.
1331 3796 1442 3849 Kal
1481 3794 1543 3849 τὸ
1579 3793 1779 3862 ἔδαφος

194 3892 292 3946 τοῦ
320 3891 450 3945 ναοῦ
478 3891 880 3964 μαρμαρὲἰνον.
920 3888 1034 3943 Καὶ
1067 3889 1149 3953 εῑς
1207 3888 1276 3942 τὰ
1303 3888 1457 3956 δεξιὰ
1509 3887 1652 3959 μέρη
1680 3886 1778 3940 τοῦ

198 3985 333 4041 ναοῦ
366 3983 480 4056 ἔχει
512 3982 896 4056 βαπτιστῆραν
942 3979 1233 4054 πορφυρὴν
1265 3980 1621 4053 ὡραιότατον.
1669 3979 1780 4033 Καὶ

197 4076 469 4151 ἀριστερὰ
514 4075 609 4130 τοῦ
642 4075 889 4148 βήματος
942 4075 1267 4131 κατασαίνει
1296 4069 1494 4130 σκαλία
1543 4074 1632 4131 ιδ’.
1666 4073 1781 4130 Kal

196 4170 478 4243 εὑρίσκεις
519 4169 787 4241 σπήλαιον
829 4168 966 4224 ὀποῦ
1020 4168 1292 4241 εγεννήθη
1339 4169 1369 4222 ὁ
1401 4168 1665 4239 Χριστός.
1713 4167 1779 4225 Ἦ

200 4264 463 4336 Γέννησις
501 4261 617 4318 εναι
642 4261 942 4318 ἀνατολικὰ
974 4263 1071 4317 καὶ
1104 4264 1186 4324 είς
1223 4262 1295 4317 τὰ
1319 4261 1474 4330 δεξιὰ
1508 4261 1654 4333 μέρη
1680 4258 1778 4315 τοῦ

198 4357 470 4430 σπηλαίου
512 4356 629 4412 εναι
662 4359 692 4412 6
719 4358 883 4422 τόπος
913 4354 1053 4412 ὀποῦ
1084 4355 1293 4430 ἔχωσεν
1341 4358 1376 4429 ἡ
1442 4356 1685 4428 Σαλώμη
1717 4356 1781 4411 16

194 4453 356 4525 νερδν
389 4450 529 4506 ὀποῦ
571 4451 763 4505 ἔλουσε
807 4451 902 4505 τὸν
958 4452 1199 4524 Χριστόν
1221 4465 1236 4481 ο
1266 4451 1365 4506 καὶ
1416 4449 1571 4521 ὲγίνη
1605 4448 1782 4522 μύρον

199 4541 571 4614 ἀλάϐαστρον.
609 4540 831 4597 Ἐτοῦτο
854 4540 919 4596 τδ
954 4539 1128 4614 μύρον
1157 4540 1278 4596 ἔναι
1326 4539 1467 4595 ὀποῦ
1507 4538 1781 4611 ελειψενή

198 4638 378 4709 πόρνη
434 4637 529 4691 τὸν
580 4634 789 4708 Κύριον
838 4638 905 4709 τῇ
957 4636 1093 4711 ἁγίᾳ
1144 4636 1240 4691 καὶ
1294 4634 1508 4709 μεγάλῃ
1542 4634 1785 4709 τετράδι.

203 4733 359 4804 Ἔχει
381 4728 679 4801 κανδήλαις
702 4729 733 4785 ι’
756 4745 773 4761 ο
802 4732 902 4786 καὶ
928 4727 1051 4788 ὅλον
1078 4729 1143 4785 16
1181 4730 1455 4801 σπήλαιον
1478 4727 1599 4786 εναι
1620 4725 1781 4785 ἐνδυ-

202 4827 393 4900 μένον.
431 4823 633 4897 ’Δμήν.

276 4983 327 5019 ³⁸
371 4979 441 5039 lll
469 4979 605 5053 Reg.
634 4995 748 5051 an,
774 4980 831 5040 7.
911 4980 956 5016 ¹³
989 4978 1185 5041 Matth.
1214 4995 1253 5050 ι,
1288 4978 1382 5036 20.

1884 3623 2023 3671 rata.
2073 3614 2133 3669 ln
2165 3614 2364 3685 templo
2393 3623 2519 3669 sunt
2550 3612 2817 3667 columnae
2846 3610 3275 3682 quinquaginta;
3306 3608 3463 3680 pavi-

1884 3715 2126 3762 mentum
2181 3719 2249 3761 ει
2314 3720 2604 3762 marmore.
2683 3705 2739 3760 In
2798 3713 2951 3774 parte
3016 3703 3204 3758 dextra
3271 3701 3467 3771 templi

1882 3797 2603 3868 conspiciturbaptistcrium
2627 3798 2995 3868 porphyreum
3015 3793 3466 3866 pulcherrimum.

1880 3892 1928 3946 Α
1957 3890 2177 3946 sinistra
2204 3888 2441 3945 bematls
2472 3889 2820 3944 descenditur
2848 3901 2945 3957 per
2973 3884 3176 3955 gradus
3199 3894 3466 3954 quatuor-

1882 3982 2056 4039 decim
2084 3981 2137 4037 in
2160 3981 2499 4052 speluncam,
2535 3979 2588 4034 in
2612 3993 2717 4051 qua
2737 3987 2895 4034 natus
2919 3986 3002 4032 est
3022 3972 3469 4041 Christusgi‘iati-

1881 4073 2025 4131 vitas
2044 4073 2310 4132 orientem
2335 4072 2558 4144 respicit
2587 4088 2603 4127 :
2625 4081 2680 4127 et
2706 4070 2760 4127 in
2797 4071 2989 4127 dextra
3018 4066 3466 4140 partespeluncat

1882 4170 2036 4226 locus
2068 4177 2173 4234 est,
2206 4166 2264 4223 in
2292 4180 2399 4239 quo
2422 4164 2640 4222 Salome
2671 4178 2891 4235 aquam,
2918 4178 3023 4235 qua
3061 4161 3271 4217 laverat
3299 4158 3467 4216 Cbri~

1884 4272 2051 4331 stum,
2111 4259 2429 4328 abscondit;
2482 4272 2603 4330 quae
2662 4255 2809 4312 facta
2861 4264 2949 4312 est
2996 4263 3355 4325 unguentum,
3406 4251 3469 4307 in

1884 4354 2177 4413 alabastris
2235 4351 2423 4424 reponi
2468 4350 2721 4409 solitum.
2776 4348 2834 4406 ld
2872 4347 3133 4420 unguenti
3174 4356 3289 4413 eat,
3349 4358 3473 4416 quo

1886 4446 2168 4513 meretrix,
2198 4454 2385 4503 sancta
2408 4458 2611 4516 magna
2657 4440 2794 4498 feria
2822 4449 3039 4514 quarta,
3080 4438 3238 4495 unxit
3275 4435 3463 4492 Domi-

1885 4554 2038 4597 num.
2090 4533 2335 4594 Pendeat
2363 4532 2642 4607 lampades
2666 4532 2893 4600 decem;
2923 4539 2978 4587 et
3026 4528 3280 4603 spelunca
3312 4541 3464 4599 qua-

1886 4644 2218 4706 quaversum
2240 4627 2651 4689 circumvestita
2680 4636 2787 4686 est.
2812 4626 3009 4683 Amen.
