3988 6284
616 375 718 443 991

2033 390 2450 459 EUGESIPPI
3721 406 3802 474 992

1988 554 3775 584 Mm

1842 668 2136 735 INCIPIT
2170 672 2647 738 TRACTATUS

2190 840 2275 884 1‘8

1010 977 1693 1075 DISTANTIIS
1763 983 2345 1078 LOCORUM
2420 989 2850 1083 TEBRE
2922 992 3472 1127 SANC'I‘IE,

1941 1180 2119 1233 QUEM
2152 1182 2415 1228 COMPILA
2429 1184 2529 1229 ΠΤ

1631 1341 2782 1462 EUGESIPPUS.
2808 1333 2842 1369 ⁸

702 1665 993 1722 Vertamus
1023 1664 1107 1722 eia
1141 1665 1336 1740 stylum
1376 1678 1640 1735 nostrum,
1668 1681 1943 1729 sumentes
1974 1672 2186 1728 initium
2217 1678 2264 1737 Α
2296 1689 2423 1732 vere
2463 1685 2759 1744 mortuum,
2807 1678 2935 1748 quia
2968 1677 3100 1734 nihil
3131 1678 3311 1736 vivum
3360 1678 3591 1751 recipit:
3623 1687 3673 1736 et
3704 1696 3823 1737 mare
3914 1672 3915 1751 ἦ

613 1773 645 1813 a
688 1756 960 1825 Chebron,
1005 1773 1123 1828 quae
1172 1767 1229 1816 et
1288 1759 1533 1818 llebron.
1575 1761 1792 1819 iiebron
1826 1764 1953 1820 olim
1992 1764 2191 1823 Metro-

614 1850 754 1919 polis
804 1847 1237 1918 Philistinorum,
1270 1860 1326 1906 et
1358 1851 1722 1907 habitaculum
1782 1853 2081 1924 gigantum,
2136 1856 2189 1911 in

614 1942 759 1997 tribu
792 1941 923 1997 Juda
963 1943 1155 1998 civitas
1190 1942 1557 2011 sacerdotalis,
1580 1954 1636 1999 et
1683 1944 2046 2015 fugitivorum.
2088 1945 2193 2002 lle-

610 2036 749 2091 bron
787 2037 890 2093 sita
921 2035 1022 2090 fuit
1073 2036 1126 2090 in
1161 2051 1290 2107 agro
1342 2036 1454 2101 illo,
1490 2037 1542 2091 in
1570 2052 1677 2107 quo
1712 2053 1957 2094 summus
2008 2038 2191 2111 dispo-

610 2129 748 2184 sitor
804 2142 1010 2199 patrem
1064 2141 1304 2183 nostrum
1358 2129 1645 2199 plasmavit
1697 2130 1890 2196 Adam,
1921 2141 1976 2187 et
2025 2132 2193 2203 inspi-

611 2222 777 2278 ravit.
795 2221 1408 2287 Hebron,Cariatharbe
1424 2222 1623 2278 dicitur
1652 2239 1666 2290 ;
1693 2226 1836 2293 quod
1872 2226 2192 2282 Saracenice

611 2321 793 2378 sonat,
841 2310 1048 2367 Civitas
1081 2320 1354 2382 quatuor;
1390 2327 1456 2368 eo
1492 2313 1635 2382 quod
1666 2322 1899 2384 quatuor
1929 2314 1997 2369 ibi
2033 2330 2190 2371 reve-

613 2402 765 2457 rendi
806 2399 995 2458 Patres
1043 2402 1094 2456 in
1125 2402 1378 2471 spelunca
1426 2402 1628 2474 duplici
1673 2406 1968 2476 consepulti
2016 2405 2189 2473 fuere,

611 2509 852 2549 summus
881 2494 1091 2551 scilicet
1143 2495 1335 2563 Adam,
1369 2497 1666 2564 Abraham,
1707 2495 1880 2567 Isaac,
1906 2506 1962 2555 et
1984 2498 2188 2567 Jacob;

612 2592 666 2637 et
693 2598 881 2639 eorum
911 2599 1106 2640 uxores
1144 2594 1402 2655 quatuor,
1439 2585 1670 2651 scilicet,
1722 2586 1857 2654 Eva,
1890 2599 2063 2645 mater
2090 2606 2191 2647 llO-

610 2687 747 2743 stra,
802 2678 958 2741 Sara,
989 2676 1255 2743 Rebecca,
1287 2677 1404 2734 Lia.
1446 2678 1540 2734 Est
1578 2689 1759 2736 autem
1794 2680 2011 2738 Hebron
2038 2682 2192 2753 juxta

612 2772 821 2828 Vallem
865 2773 1226 2842 lacryntarum
1285 2774 1410 2831 sita.
1470 2771 1641 2830 Vallis
1722 2774 2083 2847 lacrymarum
2108 2787 2193 2835 est

612 2864 778 2931 dicta,
834 2878 899 2919 eo
946 2865 1088 2935 quod
1136 2874 1353 2920 centum
1417 2867 1575 2923 annis
1608 2868 1661 2921 in
1715 2882 1776 2923 ea
1833 2867 1970 2923 luxit
2019 2866 2190 2925 Adam

612 2955 783 3012 filium
827 2972 983 3013 suum
1016 2957 1192 3013 Abel:
1246 2957 1301 3013 in
1358 2972 1463 3028 qua
1508 2968 1562 3014 et
1590 2961 1830 3017 monitus
1882 2969 2070 3030 p05tea
2122 2962 2190 3019 ab

610 3053 840 3124 Angelo,
904 3053 1156 3125 cognovit
1198 3067 1349 3109 suam
1408 3042 1678 3119 uxorem;
1729 3070 1794 3109 ex
1852 3070 1957 3125 qua
2004 3054 2191 3126 genuit

610 3145 781 3201 filium
835 3160 991 3201 suum
1042 3127 1214 3212 Setlt;
1273 3144 1340 3200 de
1398 3145 1553 3215 cujus
1588 3145 1726 3201 tribu
1777 3157 1895 3201 erat
1945 3147 2190 3202 Christus

610 3236 896 3294 oriundus.
925 3235 1039 3291 Duo
1073 3236 1324 3291 milliaria
1356 3237 1421 3291 ab
1453 3236 1695 3303 llebron,
1726 3235 1999 3308 sepultura
2028 3237 2188 3305 Loth,

612 3331 826 3402 nepotis
864 3330 1117 3387 Abrahe.
1163 3332 1219 3386 In
1261 3330 1478 3386 llebron
1511 3331 1740 3387 habetur
1796 3330 2016 3401 quidam
2060 3346 2191 3400 ager

612 3426 772 3495 cujus
824 3424 975 3494 gleba
1032 3423 1199 3480 rubea
1227 3432 1350 3483 est:
1402 3440 1523 3495 quae
1557 3426 1624 3479 ab
1662 3424 1857 3481 incolis
1913 3423 2187 3493 effoditur,

613 3527 670 3574 et
706 3531 802 3589 per
839 3516 1129 3591 Egyptum
1170 3519 1377 3575 venalis
1426 3528 1754 3589 asportatur,
1807 3529 1881 3587 et,
1912 3522 2066 3593 quasi
2092 3537 2191 3593 pro

612 3613 816 3683 specie,
856 3611 1136 3667 carissime
1182 3612 1399 3666 emitur.
1430 3611 1726 3667 Praedictus
1752 3627 1900 3683 ager,
1932 3614 1988 3668 in
2020 3611 2192 3685 quan-

614 3713 727 3759 tum
764 3703 871 3761 late
904 3715 959 3759 et
1006 3704 1273 3775 profunde
1332 3704 1564 3761 ell'ossus
1597 3704 1784 3772 fuerit,
1845 3705 1903 3760 in
1978 3712 2188 3762 tantum

612 3797 795 3853 divina
842 3798 1196 3868 dispositione
1253 3799 1306 3853 in
1355 3814 1495 3853 anno
1523 3797 1730 3870 :futuro
1795 3799 2190 3870 redintegratus

618 3891 909 3962 reperitur.
933 3892 1094 3948 Juxta
1130 3890 1343 3948 Hebron
1396 3909 1549 3949 mons
1581 3891 1824 3949 Mambre
1848 3894 1916 3949 ad
1948 3894 2188 3950 radicem

619 3984 775 4057 cujus
833 3984 1195 4043 Tcrebinthus
1224 3987 1337 4051 illa,
1398 4001 1518 4058 quae
1569 3987 1659 4042 diu
1706 3995 1948 4055 vocatur,
1980 3987 2033 4043 id
2085 3996 2189 4056 est,

618 4075 747 4145 ilex,
796 4086 889 4133 aut
921 4094 1173 4149 quercus.
1208 4078 1375 4134 Secus
1404 4094 1563 4149 quam
1595 4094 1691 4151 per
1718 4079 1943 4135 multum
1986 4090 2191 4149 tempo-

615 4166 696 4224 ris
726 4168 960 4241 spatium
1030 4173 1228 4226 mansit
1275 4171 1552 4226 Abraham
1599 4189 1614 4226 :
1671 4172 1773 4227 sub
1820 4188 1921 4242 qua
1973 4174 2189 4243 quidem

615 4267 729 4318 tres
778 4262 999 4333 angelos
1061 4264 1214 4331 vidit,
1236 4272 1293 4321 et
1333 4279 1498 4319 unum
1540 4265 1823 4333 adoravit;
1854 4265 2191 4338 hospitioque

616 4365 921 4427 susceptos,
990 4356 1203 4428 dignus,
1256 4366 1417 4429 prout
1468 4358 1665 4428 potuit,
1719 4356 1858 4414 fovit
1912 4368 1966 4414 et
1995 4361 2142 4429 pavit
2173 4377 2189 4415 :
2215 4376 2261 4438 α
2293 4363 2455 4419 licem
2488 4363 2664 4433 virga,
2689 4363 2826 4419 duos
2852 4375 3007 4433 aquae
3052 4360 3248 4432 populo
3282 4360 3381 4417 Dei
3444 4362 3733 4417 reddentem
3758 4355 3811 4409 ri-

618 4448 762 4506 unde
797 4451 1005 4521 primus
1057 4452 1375 4509 comedendi
1422 4453 1510 4508 via
1541 4453 1720 4508 dictus
1762 4461 1868 4511 est.
1911 4451 2024 4508 ilex
2050 4467 2191 4524 prae-

617 4541 760 4597 dicta
809 4555 875 4597 ex
903 4551 1031 4598 tunc
1060 4558 1231 4614 usque
1265 4544 1333 4600 ad
1370 4550 1587 4614 tempus
1624 4543 1917 4601 Theodosii
1948 4542 2193 4616 impera-

619 4634 773 4701 toris,
801 4641 1038 4691 testante
1064 4635 1422 4708 Hieronymo,
1465 4652 1624 4694 suum
1658 4651 1778 4693 esse
1807 4637 2058 4693 dilatavit
2087 4676 2102 4693 .
2136 4645 2194 4693 et

616 4740 686 4782 ex
730 4727 820 4782 illa
864 4728 976 4782 haec
1002 4727 1174 4783 fuisse
1223 4728 1557 4797 perhibetur,
1586 4743 1711 4800 qua:
1751 4729 1804 4785 in
1839 4730 2091 4801 prasenti
2125 4730 2193 4787 ab

618 4822 732 4880 illic
764 4824 1118 4895 praesentibus
1150 4822 1381 4889 videtur,
1436 4833 1487 4879 et
1516 4838 1647 4881 caro
1677 4833 1909 4881 tenetur.
1962 4823 2093 4892 Quae
2120 4824 2191 4880 li-

616 4923 708 4971 cet
772 4907 961 4982 arida,
1018 4915 1355 4972 medicabilis
1411 4925 1590 4971 tamen
1652 4932 1775 4973 esse
1831 4919 2093 4988 probatur
2135 4918 2193 4974 in

618 5008 745 5073 hoc,
796 5009 961 5079 quod,
1002 5009 1048 5064 si
1094 5007 1161 5064 de
1213 5023 1277 5064 ea
1319 5008 1445 5079 quis
1472 5010 1727 5080 equitans
1768 5009 1974 5080 aliquid
2010 5025 2191 5066 secum

618 5099 895 5167 detulerit,
934 5099 1137 5156 animal
1199 5116 1355 5158 suum
1384 5115 1491 5157 non
1561 5102 1815 5160 infendit.
1863 5104 1922 5157 In
1974 5102 2192 5175 Hebron

619 5192 800 5262 primo
846 5193 1226 5264 applicuerunt
1268 5207 1349 5273 se,
1389 5207 1549 5250 causa
1616 5205 1776 5250 terra:
1820 5194 2188 5266 explorandae,

620 5284 822 5356 Calepb
867 5292 922 5341 et
948 5285 1136 5353 Iosue,
1170 5274 1473 5358 eorumque
1523 5288 1659 5344 socii
1713 5288 1924 5345 decem.
1970 5286 2025 5341 ln
2082 5286 2190 5343 He-

620 5377 758 5435 bron
799 5377 966 5435 David
997 5378 1241 5450 regnavit
1286 5390 1496 5450 septem
1528 5380 1686 5436 annis
1723 5389 1780 5435 et
1808 5380 2055 5435 dimidio.
2092 5377 2197 5437 De-

620 5485 737 5528 cem
788 5471 1037 5529 milliaria
1093 5471 1163 5528 ab
1220 5472 1479 5539 llebron,
1527 5481 1615 5529 est
1656 5472 1808 5529 lacus
1855 5471 2196 5542 Asphaltices

617 5572 811 5621 contra
857 5561 1147 5635 orientem,
1171 5565 1260 5636 qui
1290 5574 1348 5620 et
1389 5578 1543 5621 mare
1570 5563 1841 5620 Mortuum
1867 5563 2070 5621 dicitur
2094 5581 2111 5632 ;
2140 5572 2198 5619 et

693 5722 760 5797 (⁸)
790 5722 1019 5808 Additur
1049 5724 1189 5796 apud
1220 5722 1496 5808 dilati-um,
1536 5724 1688 5779 Anno
1736 5720 1951 5808 Domini
1976 5718 2183 5808 .ﬂXI...

621 5793 755 5851 Cum
788 5803 968 5850 autem
999 5793 1050 5848 in
1084 5793 1419 5851 narrationis
1462 5793 1693 5850 decursu
1748 5793 1990 5848 Balduini
2041 5797 2183 5863 regis

623 5864 831 5925 lentio
843 5863 971 5940 (col.
993 5863 1101 5923 992
1123 5863 1188 5939 ο)
1217 5873 1489 5933 occurrat,
1508 5865 1754 5934 sequitur
1780 5873 2055 5923 auctorem
2086 5879 2183 5921 no-

2294 1767 2495 1826 diaboli
2542 1771 2763 1839 dicitur,
2806 1786 2870 1828 eo
2923 1772 3089 1844 quod,
3129 1774 3384 1829 instinctu
3441 1774 3581 1845 ejus,
3626 1784 3824 1848 quatuor
3914 1767 3915 1819 l

2293 1859 2397 1916 illae
2449 1862 2698 1920 civitates
2731 1864 3071 1931 miserrimm,
3108 1863 3365 1935 Sodoma,
3400 1867 3711 1931 Gomorrha.
3748 1867 3825 1922 Se-

2293 1950 2445 2018 boin,
2496 1953 2728 2024 Adams,
2771 1968 3192 2027 perseverantes
3246 1958 3299 2012 in
3360 1960 3687 2029 turpitudine
3729 1974 3824 2022 sua,

2293 2044 2417 2117 igne
2461 2046 2758 2112 sulphureo
2800 2048 3186 2117 concrematas,
3231 2050 3285 2105 in
3330 2051 3509 2108 lacum
3542 2052 3679 2108 illum
3722 2054 3824 2107 sub-

2296 2154 2494 2196 mersa:
2540 2151 2689 2197 sunt.
2740 2141 2921 2213 Supra
2970 2142 3144 2198 lacum
3202 2146 3257 2200 in
3291 2145 3602 2202 accubitum
3646 2146 3826 2210 ludam,
3914 2140 3915 2213 γ

2295 2230 2490 2305 Segor,
2544 2249 2663 2305 quae
2697 2244 2753 2291 et
2803 2234 2955 2302 Bala,
3018 2236 3208 2307 quinta
3257 2238 3323 2295 de
3378 2238 3683 2295 civitatibus
3729 2240 3823 2303 illis,

2290 2327 2545 2396 precibus
2575 2325 2678 2383 Lot
2710 2332 2777 2384 de
2805 2330 3161 2387 subversione
3200 2339 3255 2387 et
3284 2332 3540 2388 incendio
3561 2344 3824 2397 reservata;

2292 2433 2414 2489 quae
2452 2436 2623 2490 usque
2675 2436 2822 2477 nunc
2850 2423 3178 2479 ostenditur.
3213 2423 3271 2479 In
3305 2425 3457 2482 exitu
3499 2425 3685 2496 Segor,
3723 2441 3826 2481 uxor

2294 2511 2417 2581 Lot,
2477 2514 2612 2573 salis
2660 2515 2715 2571 in
2775 2517 3009 2588 effigiem
3064 2526 3268 2573 mutata
3296 2519 3450 2577 fuit:
3495 2521 3649 2591 cujus
3694 2518 3824 2575 adhuc

2295 2616 2564 2677 apparent
2592 2608 2817 2680 vestigia
2850 2623 3017 2680 supra
3049 2609 3223 2681 ripam
3254 2612 3501 2682 praedicti
3528 2611 3706 2669 maris.
3727 2611 3823 2667 liui-

2296 2705 2408 2752 tum
2440 2707 2524 2755 est
2562 2698 2839 2767 aluminis,
2897 2702 3240 2773 multumque
3289 2705 3599 2769 cataranni,
3629 2702 3754 2774 quod
3780 2704 3822 2757 ab

2295 2790 2493 2849 incolis
2542 2793 2822 2864 reperitur
2850 2801 2907 2850 et
2952 2795 3179 2867 legitur;
3227 2805 3283 2853 et
3320 2811 3385 2853 ex
3440 2799 3579 2853 mari
3633 2798 3817 2852 bituma

2295 2882 2573 2952 reperitur
2603 2893 2657 2939 et
2685 2886 3015 2953 extrahitur,
3049 2889 3195 2957 quod
3219 2887 3443 2945 Judaice
3485 2888 3807 2962 appellaturi

2293 2976 2479 3031 multis
2512 2979 2902 3033 necessarium.
2936 2980 3110 3051 Segor
3143 2991 3321 3037 autem
3358 2983 3541 3049 modo,
3578 2997 3610 3038 a
3646 2996 3812 3052 compt-

2298 3069 2499 3138 triotis,
2534 3069 2792 3141 oppidum
2825 3070 3017 3141 paimre
3057 3084 3300 3128 vocatur.
3343 3072 3517 3142 Supra
3572 3074 3733 3129 lacum
3754 3074 3818 3126 As-

2294 3163 2555 3234 phaltiten
2614 3164 2665 3218 in
2715 3163 2980 3219 descensu
3027 3166 3263 3234 Arabiae,
3316 3166 3589 3221 Carnaum
3646 3167 3695 3221 in
3737 3180 3821 3235 spe-

2294 3252 2472 3318 lttnea,
2524 3254 2575 3308 in
2639 3263 2821 3309 monte
2879 3254 3281 3323 Moabitarum;
3344 3257 3395 3310 in
3445 3273 3603 3327 quem
3651 3256 3819 3319 Balacb,

2292 3346 2434 3402 filius
2459 3345 2616 3413 Beor,
2655 3346 2900 3401 divinttm
2930 3348 3154 3402 adduxit
3179 3347 3393 3403 Balaam
3432 3351 3499 3403 ad
3547 3348 3821 3404 maledicen-

2292 3438 2421 3493 dum
2474 3439 2599 3493 liliis
2639 3437 2806 3493 lsraei
2848 3454 2865 3494 :
2902 3440 2990 3509 qui
3039 3452 3263 3511 propter
3319 3441 3614 3497 vehemens
3660 3453 3819 3511 pfall’ll'

2292 3538 2444 3602 ptum
2491 3533 2712 3587 excisus
2744 3545 2992 3588 vocatur.
3038 3533 3216 3590 Lacus
3252 3534 3585 3605 Asphaltites
3625 3534 3816 3603 Iudaeam

2294 3622 2486 3679 dividit
2508 3634 2560 3680 et
2588 3625 2869 3681 Arabiam.
2903 3625 3128 3695 Arabia,
3158 3637 3401 3698 tempore
3427 3629 3651 3683 filiorum
3673 3621 3819 3686 Israel,

2292 3717 2523 3773 solitudo
2549 3727 2688 3785 erat,
2720 3726 2775 3774 et
2802 3718 3104 3785 desertum,
3135 3728 3281 3775 terra
3313 3720 3464 3776 invia
3496 3730 3546 3776 et
3580 3718 3815 3787 inaquosa.

2291 3807 2350 3864 ln
2392 3824 2453 3866 ea
2479 3810 2700 3881 quidem
2757 3812 2991 3867 detinuit
3052 3826 3145 3867 eos
3197 3811 3466 3869 Dominus
3513 3808 3817 3883 quadraginta

2292 3902 2469 3970 annis,
2510 3918 2708 3958 manna
2746 3902 2938 3974 pluens
2993 3905 3059 3958 ad
3114 3904 3575 3970 manducandum,
3616 3915 3735 3973 aqua
3768 3898 3816 3952 de

2292 4011 2425 4067 rupe
2441 3995 2623 4053 ducta.
2644 3994 2699 4049 ln
2713 3995 2932 4061 Arabia,
2953 3994 3149 4062 llelim,
3167 3996 3649 4064 castrumililiorum
3666 3988 3814 4051 Israel.

2291 4086 2443 4143 locus
2469 4086 2522 4141 in
2546 4086 2782 4148 deserto,
2813 4084 2864 4139 in
2896 4100 3005 4155 quo
3029 4086 3315 4141 duodecim
3349 4085 3545 4151 fontes,
3571 4095 3621 4140 et
3640 4092 3815 4154 septua-

2292 4180 2438 4251 ginta
2472 4178 2698 4249 palmas,
2739 4178 2807 4234 de
2834 4178 2970 4231 mari
3004 4176 3188 4234 Rubro
3224 4190 3490 4235 exeuntes
3521 4178 3810 4247 repererunt.

2292 4275 2351 4328 In
2379 4273 2603 4339 Arabia,
2651 4271 2814 4328 Vallis
2843 4269 3053 4343 Moysi;
3084 4270 3138 4326 in
3171 4286 3279 4342 qua
3314 4271 3621 4341 percutiens
3645 4269 3714 4325 bis
3753 4263 3811 4318 si-

2298 4455 2491 4523 vulos;
2526 4454 2593 4510 de
2616 4454 2813 4523 quibus
2849 4453 3008 4509 modo
3040 4462 3151 4509 tota
3185 4453 3274 4509 illa
3300 4455 3457 4524 regio
3489 4455 3743 4524 irrigatur.
3768 4446 3806 4500 In

2288 4542 2489 4599 Arabia
2522 4557 2676 4598 mons
2715 4540 2887 4610 Sinai,
2915 4540 2966 4597 in
2998 4556 3109 4612 quo
3142 4541 3354 4612 Moyses
3382 4559 3451 4597 at.
3486 4543 3682 4607 diebus,
3720 4536 3808 4593 toti-

2290 4637 2520 4706 demque
2562 4635 2833 4699 noctibus,
2878 4634 3044 4689 totius
3074 4633 3179 4689 cibi
3207 4648 3423 4705 expers,
3454 4644 3679 4691 moratus
3707 4630 3802 4693 fuit;

2290 4729 2344 4786 in
2369 4743 2476 4801 quo
2505 4736 2559 4784 et
2586 4726 2842 4783 Dominus
2876 4726 3044 4797 Moysi
3083 4725 3234 4782 dedit
3276 4727 3471 4797 legem,
3520 4728 3720 4799 proprio
3750 4720 3799 4777 di-

2291 4821 2406 4892 gito
2440 4820 2701 4890 scriptam
2748 4818 2801 4873 in
2836 4816 3037 4873 tabulis
3074 4817 3327 4888 lapideis.
3373 4818 3434 4874 ln
3464 4818 3673 4883 Arabia,
3708 4826 3801 4885 prae

2289 4914 2458 4971 cessit
2493 4913 2629 4969 filios
2659 4913 2827 4969 Israel
2878 4911 3127 4969 columna
3156 4910 3296 4983 ignis
3327 4928 3423 4985 per
3452 4924 3649 4969 noctem
3675 4907 3799 4964 nubes

2290 5020 2421 5060 vero
2457 5003 2678 5058 vallavit
2726 5017 2821 5058 eos
2865 5002 3051 5058 diebus
3100 5001 3347 5072 singulis.
3412 5002 3473 5058 In
3516 4999 3714 5066 Arabia,
3755 5006 3800 5046 ιιι

2293 5096 2605 5153 mansiones
2631 5093 2863 5149 filiorum
2898 5092 3084 5148 Israel.
3111 5090 3170 5147 In
3203 5092 3426 5160 Arabia,
3458 5107 3605 5148 mons
3627 5089 3734 5149 Hor,
3761 5084 3797 5137 in

2294 5206 2401 5261 quo
2436 5190 2683 5259 sepultus
2706 5187 2936 5257 quiescit
2965 5188 3171 5242 Aaron.
3202 5186 3261 5241 in
3292 5187 3509 5252 Arabia,
3535 5198 3673 5239 mons
3695 5179 3799 5232 Alta-

2291 5284 2425 5349 rint;
2462 5282 2514 5336 in
2542 5296 2648 5350 quo
2680 5281 2939 5335 Dominus
2972 5279 3189 5350 Moysen
3213 5278 3478 5347 sepelivit,
3502 5276 3639 5346 cujus
3662 5281 3797 5328 tamen

2290 5390 2554 5448 nusquam
2592 5374 2841 5446 apparuit
2866 5374 3120 5429 tumulus.
3159 5374 3214 5430 In
3245 5372 3471 5440 Arabia,
3505 5382 3641 5425 mons
3681 5372 3827 5430 regr‘

2291 5469 2381 5536 lis,
2435 5484 2599 5539 quem
2647 5466 3018 5533 Baldeuimus,
3052 5464 3259 5537 primus
3306 5482 3401 5522 rex
3444 5464 3733 5520 Francorum
3758 5453 3794 5505 in

2292 5560 2620 5626 Jerusalem,
2670 5559 2736 5615 ad
2767 5569 2969 5614 terram
3018 5558 3162 5614 illam
3193 5557 3530 5615 Christicolis
3553 5548 3794 5620 subjugattv

2288 5728 2471 5790 strum
2521 5718 2841 5775 duodecimo
2881 5716 3080 5776 saeculo
3113 5733 3209 5790 per
3238 5728 3435 5778 terram
3485 5720 3690 5775 sanctam
3714 5702 3788 5757 ἱίετ

2286 5788 2495 5850 fecisse.
2531 5804 2671 5849 sum
2713 5804 2873 5848 pun.
