3988 6284
237 359 350 426 993

1505 356 1605 415 DE
1647 352 1860 415 LOCIS
1897 352 2235 416 SANCTIS.

3382 354 3490 422 991i

250 471 375 524 dam
408 481 462 525 et
485 469 746 524 tuendum
779 482 1002 540 regnum
1033 466 1221 534 David,
1253 467 1304 520 in
1341 475 1579 521 rastrum
1614 466 1828 520 ﬂrmum
1861 467 1905 524 Α
1939 465 2308 534 persecutoris
2353 464 2557 523 veritus
2587 467 2811 524 rabiem.
2846 469 3079 525 Libanus
3120 471 3504 536 interpretatur

243 562 498 618 reddidit.
540 562 740 616 Arabia
799 561 1043 632 jungitur
1096 561 1342 615 ldumase
1401 560 1453 613 iu
1527 557 1827 613 confinibus

245 651 502 707 Bostron.
552 653 804 716 ldmuaea,
843 662 986 706 terra
1039 651 1308 706 Damasci.
1363 649 1598 705 ldunuea
1643 655 1823 703 tamen

246 746 348 797 sub
371 743 546 814 Syria.
571 741 744 814 Caput
768 743 936 814 Syria:
957 744 1169 813 quidem
1196 741 1510 797 Damascus.
1535 742 1822 797 Iduntzeam

245 833 669 891 ctPhoeniciam
723 834 913 891 dividit
973 833 1238 889 Libanus.
1282 833 1584 899 Phornicia,
1635 833 1687 886 in
1721 845 1824 900 qua

245 925 377 991 Sor,
406 928 460 983 id
499 938 602 995 est,
650 926 854 1000 Tyrus,
898 925 1185 983 Phrenices
1234 927 1572 982 nobilissima
1617 934 1824 980 metro-

245 1021 410 1088 polis,
442 1035 560 1089 qua:
595 1020 896 1086 Christum,
926 1019 1392 1090 perambulantem
1435 1019 1728 1084 maritima,
1768 1026 1825 1072 ut

249 1112 376 1183 Syri
413 1124 680 1180 asserunt,
716 1113 888 1167 noluit
929 1114 1212 1184 accipere;
1247 1128 1368 1183 quae
1401 1123 1476 1179 et,
1511 1110 1691 1166 divina
1739 1120 1823 1165 tc-

243 1213 424 1259 stante
462 1206 677 1274 pagina,
731 1211 806 1258 tot
835 1214 1105 1276 martyres
1140 1204 1250 1260 Dco
1297 1206 1550 1270 reddidit,
1585 1220 1814 1274 quorum

241 1296 367 1365 ejus
394 1298 563 1352 solius
607 1299 835 1354 scientia
868 1300 1047 1355 minus
1087 1301 1311 1371 colligit.
1343 1299 1517 1371 Tyrus
1559 1301 1820 1370 originem

237 1389 388 1445 celat
413 1391 758 1446 tumulatum.
791 1391 932 1447 Ante
961 1391 1164 1464 Tyrum
1188 1393 1324 1464 lapis
1348 1393 1435 1447 ille
1464 1407 1820 1458 marmoreus,

242 1483 388 1536 haud
433 1482 697 1550 modicus,
749 1498 913 1553 super
960 1499 1119 1553 quem
1163 1485 1304 1542 sedit
1349 1483 1508 1542 Iesus
1544 1501 1558 1540 :
1595 1500 1824 1541 manens

243 1573 468 1638 illaesus.
503 1590 536 1629 a
566 1584 809 1646 tempore
862 1575 1070 1631 Christi
1113 1593 1286 1648 usque
1332 1579 1398 1632 ad
1444 1578 1820 1648 expulsionem

243 1665 486 1734 gentium
515 1665 582 1720 ab
606 1668 735 1722 urbe
761 1684 777 1735 ;
811 1669 904 1724 sed
936 1679 1120 1739 postea
1156 1671 1506 1726 defraudatus
1529 1685 1558 1726 a
1595 1670 1822 1727 Francis

233 1767 296 1812 et
331 1773 360 1810 a
400 1758 638 1816 Venetis.
673 1760 844 1830 Supra
871 1775 1000 1818 vero
1042 1762 1318 1818 residuum
1353 1763 1493 1820 illius
1518 1763 1730 1834 lapidis,
1768 1764 1821 1819 in

244 1851 505 1905 honorem
549 1851 866 1920 Salvatoris,
903 1855 1132 1910 ecclesia
1188 1858 1431 1922 qua-dam
1462 1856 1687 1911 fundata
1719 1865 1822 1912 est.

249 1935 390 1992 Octo
419 1941 668 1996 milliaria
700 1958 727 1996 a
769 1942 910 2014 Tyro
941 1956 1127 2000 contra
1159 1946 1443 2010 orientem,
1466 1962 1624 2016 supra
1653 1964 1822 2014 mare,

250 2031 524 2100 Sarpheu,
584 2049 704 2102 quae
740 2043 823 2090 est
874 2035 1100 2106 Sarepta
1165 2038 1537 2094 Sidoniorum.
1593 2039 1654 2096 In
1714 2057 1824 2112 qua

241 2125 517 2190 quondam
564 2125 827 2182 habitavit
860 2125 1044 2184 llelias
1092 2132 1378 2200 propheta,
1415 2133 1467 2186 in
1506 2148 1609 2200 qua
1648 2142 1701 2189 et
1734 2150 1822 2190 re-

243 2217 534 2271 enscitavit
557 2219 724 2274 filium
752 2220 947 2288 viduae,
976 2221 1168 2276 Ionam
1200 2222 1406 2279 scilicet
1441 2242 1455 2280 :
1485 2239 1644 2296 quem
1673 2227 1822 2297 prius

241 2307 360 2376 ipsa
411 2311 647 2379 hospitio
693 2323 994 2382 receperat,
1052 2326 1106 2369 et
1137 2315 1456 2372 charitativc
1517 2318 1724 2374 foverat
1757 2336 1822 2376 ac

239 2411 490 2469 paverat.
529 2401 634 2458 Sex
689 2404 939 2461 milliaria
986 2421 1016 2461 a
1073 2406 1339 2477 Sarpheu,
1385 2410 1577 2478 Sidon,
1629 2414 1821 2472 civiias

237 2494 490 2564 egregia;
540 2511 605 2550 ex
640 2512 745 2566 qua
793 2497 951 2566 Dido,
995 2516 1116 2570 quae
1151 2499 1540 2572 Carthaginem
1573 2519 1823 2565 covvstru«

237 2585 323 2638 xit
361 2586 415 2640 in
469 2585 678 2644 Africa.
713 2587 1002 2647 Sexdecim
1031 2594 1287 2649 milliaria
1319 2611 1348 2650 a
1384 2597 1603 2664 Sidone,
1651 2603 1819 2673 Bery-

241 2687 333 2731 tus
364 2679 774 2747 opulentissima
820 2685 1032 2740 civitas.
1083 2684 1146 2741 In
1176 2687 1376 2760 Beryto
1409 2692 1655 2761 quaedam
1702 2693 1820 2748 Sal-

238 2769 448 2823 vatoris
500 2773 671 2826 nostri
727 2773 874 2842 icon,
929 2789 1039 2830 non
1085 2777 1312 2832 multum
1362 2790 1482 2850 post
1509 2783 1816 2851 passionem

235 2861 360 2931 ejus
395 2865 460 2918 ad
496 2864 844 2936 ignominiam
892 2868 1014 2939 ejus
1038 2885 1068 2925 a
1098 2871 1418 2941 quibusdam
1452 2873 1651 2929 Iudaeis
1685 2876 1816 2930 ridi-

234 2955 426 3008 eulose
469 2957 750 3025 cruciﬂxa,
803 2961 1122 3031 sanguinem
1163 2964 1418 3032 produxit
1477 2975 1532 3022 et
1581 2981 1812 3038 aquam;

238 3048 382 3100 unde
412 3057 463 3101 et
494 3047 644 3102 multi
683 3050 736 3104 in
763 3065 890 3109 vero
924 3052 1195 3109 Cruciﬂxo
1226 3057 1592 3126 crediderunt,
1630 3060 1812 3130 bapti~

1929 557 2270 613 Candidatio.
2314 557 2390 614 De
2433 573 2539 629 quo
2593 557 2645 614 in
2679 561 2960 616 Cauticis:
3001 559 3126 616 chi
3160 562 3223 616 de
3279 560 3502 624 Libano,

1927 667 2119 718 sponsa
2175 666 2310 719 utea,
2345 651 2588 707 columba
2640 669 2754 707 mea
2787 653 2828 706 ⁸.
2861 655 2941 708 Ad
2995 653 3229 708 radicem
3285 652 3499 721 Libani,

1927 741 2213 812 Pharphar
2249 752 2303 799 et
2334 743 2542 811 Abana,
2575 742 2722 799 ﬂuvii
2754 743 3021 800 Damasci.
3056 743 3265 801 Montes
3308 745 3501 799 Libani

1927 843 1980 889 et
2006 833 2285 904 planitiem
2315 835 2582 891 archados
2631 834 2901 890 trausﬂuit
2946 837 3158 903 Abaua,
3209 837 3342 890 mari
3385 852 3503 888 ma-

1927 942 2033 996 gno
2064 941 2124 982 se
2170 927 2456 996 copulans,
2512 929 2711 984 finibus
2744 929 2872 994 illis,
2905 931 3102 999 quibus
3137 939 3360 984 sanctus
3394 927 3502 982 Eu-

1925 1019 2191 1087 stachius,
2227 1020 2295 1074 ab
2320 1035 2488 1076 uxore
2519 1036 2615 1075 sua
2653 1021 2910 1088 privatus,
2944 1032 2996 1076 et
3026 1021 3148 1075 filiis
3183 1023 3460 1075 desolatus
3486 1059 3503 1086 ,

1927 1114 2178 1168 recessit.
2211 1111 2493 1182 Pharphar
2525 1128 2618 1180 per
2652 1113 2862 1185 Syriam
2903 1114 3072 1168 tendit
3108 1113 3410 1176 Rehlatam,
3445 1112 3501 1167 id

1926 1212 2031 1269 est,
2060 1201 2441 1268 Antiochiam;
2482 1201 2781 1273 labensque
2805 1218 2964 1258 secus
3013 1217 3195 1258 muros
3227 1202 3366 1272 ejus,
3402 1201 3502 1257 de-

1924 1309 2042 1349 cem
2067 1294 2316 1348 milliaria
2349 1294 2416 1348 ah
2445 1294 2727 1349 Antiochia
2766 1294 2818 1349 in
2856 1305 3013 1363 portu
3040 1293 3207 1349 Solim
3239 1306 3361 1348 ortu
3393 1293 3503 1348 sci-

1927 1386 2053 1440 licet
2082 1387 2255 1441 sancti
2309 1385 2604 1452 Simeonis,
2639 1387 3038 1443 mediterraneo
3070 1389 3204 1442 mari
3246 1402 3305 1443 se
3347 1404 3502 1443 com-

1928 1479 2172 1532 mendat.
2211 1477 2266 1532 1n
2292 1478 2586 1534 Antiochia
2624 1479 2764 1536 sedit
2823 1479 3016 1535 beatus
3048 1478 3243 1535 Petrus
3288 1491 3498 1550 septem

1927 1571 2107 1636 annis,
2159 1572 2451 1642 pontiﬁcali
2507 1575 2795 1630 decoratus
2859 1573 3054 1629 infula.
3127 1574 3208 1630 Ad
3260 1573 3498 1630 radicem

1923 1663 2139 1728 Libani,
2175 1665 2369 1721 civitas
2408 1666 2624 1747 Paucas
2660 1666 2763 1721 sita
2813 1675 2915 1734 est,
2969 1667 3022 1723 id
3064 1675 3172 1734 est,
3223 1666 3498 1739 lIelymas,

1924 1771 2045 1827 quae
2082 1768 2134 1812 et
2183 1757 2428 1814 Caesarea
2457 1758 2715 1828 Philippi.
2745 1757 2826 1814 Ad
2873 1758 3107 1815 radicem
3143 1757 3354 1827 Libani,
3387 1759 3498 1814 Dan

1927 1857 1981 1903 et
2007 1847 2101 1903 Ior
2127 1851 2400 1916 oriuntur,
2427 1850 2606 1906 fontes
2636 1849 2708 1905 illi
2729 1851 2856 1918 duo,
2883 1851 2947 1906 de
2973 1851 3188 1920 quibus,
3218 1850 3316 1906 sub
3349 1867 3496 1905 mon-

1932 1943 2075 1995 tibus
2105 1941 2331 2009 Celboe,
2381 1941 2632 1997 Iordanis
2665 1943 2972 1998 coniicitur.
3020 1943 3077 1997 In
3113 1957 3222 2014 quo
3253 1943 3502 1998 Ciniszus

1926 2049 1954 2086 a
1986 2033 2215 2101 Ioanne,
2253 2051 2586 2105 praecursore
2612 2035 2747 2105 ejus,
2787 2037 2949 2091 tertio
2985 2035 3164 2105 lapide
3198 2050 3225 2088 a
3258 2031 3498 2100 Iericho,

1923 2125 2188 2196 baptizari
2221 2127 2389 2182 voluit
2416 2146 2434 2191 ;
2466 2126 2519 2182 in
2558 2143 2663 2197 quo
2692 2128 2853 2183 etiam
2884 2127 3001 2183 loco
3032 2143 3136 2181 vox
3167 2125 3346 2182 Patris
3382 2125 3501 2194 ejus

1925 2218 2177 2287 intonuit,
2223 2219 2413 2276 dicens
2449 2236 2465 2275 ε
2499 2202 2600 2274 liii:
2648 2229 2722 2274 est
2777 2217 2953 2274 Filius
3008 2236 3153 2276 meus
3195 2219 3497 2283 dilectus';

1923 2317 1976 2389 et
2007 2322 2169 2377 super
2217 2307 2400 2363 Iesum
2433 2310 2711 2365 descendit
2758 2308 2831 2364 ibi
2884 2309 3120 2380 Spiritus
3169 2319 3393 2366 sanctus
3442 2311 3496 2364 in

1921 2401 2099 2468 Specie
2127 2400 2409 2457 columba.
2433 2401 2474 2455 A
2504 2402 2773 2459 montibus
2802 2403 3001 2460 Gclboe
3028 2419 3198 2473 usque
3227 2405 3294 2460 ad
3322 2406 3497 2461 lacum

1883 2491 2290 2560 .Asphaltitcn,
2351 2493 2529 2562 vallis,
2590 2510 2685 2566 per
2733 2510 2892 2565 quam
2954 2495 3209 2554 Iordanis
3273 2496 3495 2560 labitur.

1921 2585 2112 2640 Sortus
2144 2585 2468 2654 appellatur.
2500 2586 2722 2658 Suphon
2754 2587 2916 2658 (quod
2956 2589 3239 2646 Hebraeum
3273 2601 3354 2647 est
3403 2607 3499 2646 vo-

1919 2678 2196 2747 cabulum)
2231 2679 2535 2749 appellatur
2561 2681 2723 2736 etiam
2755 2680 2913 2736 vallis
2954 2681 3080 2750 illa;
3128 2697 3246 2753 qua
3276 2683 3496 2754 grandis

1920 2782 2080 2841 atque
2104 2772 2424 2841 campestris
2457 2787 2522 2828 ex
2572 2783 2804 2844 utraque
2851 2787 3005 2844 parte
3030 2775 3264 2830 vallatur
3295 2779 3498 2832 monti-

1919 2863 2022 2920 bus
2055 2865 2335 2922 continuis
2367 2881 2396 2919 a
2430 2864 2632 2921 Libano
2660 2881 2829 2936 usque
2856 2870 2922 2922 ad
2956 2868 3230 2923 desertum
3255 2866 3492 2922 Pharao.

1920 2958 2122 3012 Dividit
2152 2965 2331 3012 autem
2361 2955 2616 3014 Iordanis
2671 2958 2946 3014 Galilaeam
2978 2968 3031 3013 et
3071 2957 3385 3029 ldumzeam,
3442 2970 3498 3017 et

1919 3060 2120 3106 terram
2145 3050 2493 3122 Bosraquutc
2538 3061 2592 3106 et
2617 3051 2865 3108 Idumaeas
2896 3053 3130 3108 secunda
3156 3054 3496 3125 metropolis.

243 3137 352 3191 zati
383 3156 397 3193 :
425 3138 735 3209 quicunque
763 3142 928 3198 etiam
978 3159 1046 3200 ex
1093 3145 1237 3201 stilla
1270 3146 1443 3203 iconis
1481 3153 1748 3218 peruncti,
1782 3165 1810 3205 a
1843 3165 1886 3223 α
1917 3143 2176 3200 Iordanis
2207 3146 2500 3213 descensus
2526 3145 2940 3216 interpretatur.
2972 3141 3090 3200 Dan
3119 3143 3236 3200 fere
3273 3144 3342 3201 ab
3369 3158 3493 3202 orII

249 3245 567 3304 quacunque
604 3248 967 3308 gravarentur
1001 3240 1339 3307 infirmitate,
1370 3243 1487 3298 sani
1525 3245 1816 3300 reddeban-

242 3335 349 3380 tur.
381 3329 610 3400 Arphat,
649 3330 776 3388 urbs
833 3331 1102 3388 Damasci.
1156 3332 1457 3392 Damascus
1503 3335 1556 3391 in
1615 3335 1811 3408 Syria;

236 3416 308 3471 de
357 3434 461 3488 qua
501 3421 750 3478 historia.
797 3424 1095 3482 Damascus
1134 3434 1296 3495 caput
1349 3426 1524 3499 Syriae
1581 3435 1813 3487 tenenda

237 3511 581 3579 metropolis.
647 3513 708 3566 ln
751 3527 816 3568 ea
863 3512 1185 3568 Damascum
1233 3516 1537 3570 construxit
1581 3515 1812 3583 Eliezer,

231 3614 425 3655 servus
466 3603 718 3668 Abrahar,
762 3604 814 3659 in
852 3620 980 3676 agro
1012 3605 1123 3672 illo,
1172 3606 1226 3660 in
1263 3622 1368 3677 quo
1418 3606 1550 3662 Cain
1589 3607 1812 3664 fratrem

233 3709 396 3748 suum
429 3696 564 3751 Abel
596 3698 814 3752 occidit.
852 3696 1098 3753 Damasci
1133 3695 1397 3756 habitavit
1443 3701 1606 3767 Esau,
1638 3703 1728 3773 qui
1759 3709 1814 3755 et

233 3783 383 3851 δεῖν,
430 3796 483 3842 et
521 3785 690 3842 Edom
747 3789 868 3843 Seir
919 3788 1158 3857 pilosus;
1195 3789 1360 3844 Edom
1411 3791 1579 3846 rnlfus
1608 3803 1661 3846 et
1719 3807 1814 3846 ru-

235 3878 389 3931 bens.
425 3879 506 3930 Ah
545 3879 709 3932 Edoni
747 3888 856 3934 tota
888 3879 979 3932 illa
1013 3889 1153 3933 terra
1190 3891 1413 3935 vocatur
1444 3881 1700 3936 idumaaa.
1736 3884 1814 3938 De

233 3987 339 4040 qua
371 3971 420 4025 in
457 3971 666 4041 psalmo
695 3979 800 4027 ειη
833 3971 1126 4027 Idmnwam
1165 3975 1450 4027 extendam
1483 3975 1811 4029 calceamen-

233 4072 348 4119 tum
385 4081 555 4119 meum
588 4065 627 4121 ί.
662 4065 758 4121 Est
791 4077 971 4120 autem
1015 4064 1182 4120 Edom
1243 4080 1431 4122 vocata
1462 4084 1476 4121 :
1507 4069 1646 4122 unde
1679 4082 1810 4138 pro-

235 4156 396 4224 pheta
433 4173 447 4210 :
483 4156 613 4222 Quis
635 4168 708 4210 est
738 4158 854 4219 iste,
893 4157 985 4228 qui
1016 4157 1158 4211 venit
1206 4159 1272 4212 de
1302 4157 1494 4224 Edam,
1527 4160 1699 4213 tinctis
1730 4175 1815 4213 ve-

235 4246 402 4300 stibus
436 4247 500 4300 de
555 4246 728 4301 Bozra
755 4247 813 4301 ’ἲ
863 4246 959 4302 Est
992 4258 1170 4302 autem
1204 4246 1448 4317 quaedam
1481 4262 1607 4316 pars
1653 4259 1813 4305 terra:

237 4335 404 4400 illius,
436 4348 577 4391 terra
605 4335 736 4402 llus,
766 4351 829 4390 ex
865 4351 970 4406 qua
1000 4334 1193 4391 beatus
1217 4335 1354 4402 Iob;
1382 4350 1500 4402 qua:
1527 4346 1578 4390 et
1611 4334 1806 4403 Sueta;

237 4444 269 4484 a
325 4445 430 4499 qua
477 4427 678 4484 Baldad
734 4427 987 4494 Subites;
1043 4426 1096 4482 in
1144 4441 1246 4497 qua
1293 4435 1346 4482 et
1392 4424 1633 4481 Theman
1694 4442 1805 4482 tne-

235 4521 488 4591 tropolis.
550 4522 629 4576 Ex
694 4520 990 4577 Themans.
1054 4519 1270 4589 Elipbat
1330 4517 1702 4586 Thcmanites,
1754 4520 1809 4575 in
1844 4505 1888 4561 Ῐ)

238 4631 344 4684 qua
387 4624 442 4670 et
480 4615 742 4670 Naamath
792 4613 1086 4685 oppidum;
1129 4626 1157 4665 a
1192 4625 1300 4681 quo
1331 4611 1544 4681 Sophar
1585 4610 1817 4666 Naama-

239 4709 422 4764 thites.
459 4708 523 4762 ili
574 4717 683 4763 tres
743 4708 1114 4763 consolatores
1157 4706 1280 4763 Iob.
1342 4704 1398 4760 In
1456 4703 1700 4760 Numam
1751 4704 1816 4760 ﬂ-

237 4803 423 4864 nibus,
455 4802 561 4856 duo
602 4799 849 4855 milliaria
901 4815 931 4854 a
961 4797 1216 4866 Iordane,
1251 4799 1442 4855 ﬂuvius
1481 4797 1684 4865 Iaboc;
1711 4813 1818 4869 quo

240 4895 591 4948 trausvadato
618 4889 806 4959 Iacob,
834 4906 955 4946 cum
985 4906 1012 4944 a
1049 4890 1431 4961 Mesopotamia
1466 4891 1689 4957 rediret,
1727 4889 1815 4944 lu-

239 4999 426 5042 ctatus
460 4993 664 5041 estcum
697 4989 923 5052 angeto;
958 4984 1046 5052 qui
1087 4985 1152 5038 de
1180 4983 1348 5039 Iacob
1377 4985 1425 5038 ei
1469 4999 1663 5039 nomen
1693 4998 1818 5038 mu-

243 5079 376 5133 tavit
439 5078 490 5132 in
524 5075 711 5130 Israel.
765 5075 820 5129 ln
873 5074 1104 5130 ldumaza
1160 5091 1314 5131 mons
1357 5076 1515 5144 Seir;
1567 5077 1668 5131 sub
1711 5090 1819 5146 quo

241 5167 560 5222 Damascus.
612 5164 729 5219 Duo
779 5165 1028 5219 milliaria
1084 5180 1114 5218 a
1178 5165 1461 5230 Damasco,
1525 5167 1698 5231 locus,
1764 5165 1817 5218 in

240 5278 350 5332 quo
379 5260 544 5314 Saulo
578 5258 828 5314 Christus
868 5260 1139 5328 apparuit,
1173 5259 1363 5313 dicens
1401 5275 1415 5313 :
1451 5258 1632 5325 Saule,
1666 5257 1814 5314 Sau-

239 5353 314 5420 le,
346 5353 470 5424 quid
500 5369 580 5406 me
607 5353 934 5420 persequeris
958 5350 1015 5404 ’ἲ
1047 5351 1099 5404 in
1129 5365 1236 5416 quo
1264 5357 1315 5404 et
1345 5349 1564 5405 Saulum
1597 5353 1815 5408 claritas

242 5447 471 5501 decuelo
506 5458 618 5499 non
659 5444 866 5498 modica
908 5441 1292 5498 circumfulsit.
1325 5441 1382 5495 in
1417 5441 1681 5498 Damasco
1714 5444 1811 5497 ba-

243 5537 466 5610 ptizavit
494 5538 716 5594 Saulum
742 5538 1008 5601 Ananias,
1040 5552 1236 5591 nomen
1259 5537 1308 5590 ei
1337 5535 1485 5590 Pauli
1505 5536 1808 5607 imponens.

243 5632 304 5690 In
340 5631 598 5687 Damasco
629 5633 695 5688 de
734 5630 912 5687 muris
943 5628 1141 5686 missus
1173 5627 1275 5684 fuit
1297 5627 1495 5684 Paulus
1524 5630 1576 5683 in
1605 5638 1811 5700 sporta,

1919 3253 2018 3293 suo
2041 3229 2453 3293 subterraneum
2482 3238 2626 3293 ducit
2660 3238 2926 3308 gurgitem
2952 3252 3124 3308 usque
3150 3239 3215 3290 ad
3241 3237 3490 3304 Melitam,

1917 3331 2200 3403 planitiem
2231 3330 2380 3387 illam
2412 3331 2468 3385 in
2511 3330 2782 3401 qua_satis
2830 3340 3104 3400 patentem
3150 3347 3306 3386 suum
3344 3331 3493 3386 foras

1917 3428 2119 3484 emittit
2171 3427 2409 3484 alveum.
2445 3426 2715 3483 Planities
2771 3425 2862 3482 illa
2921 3425 3095 3483 Melda
3131 3435 3376 3494 vocatur,
3426 3442 3492 3482 eo

1916 3521 2060 3592 quod
2101 3523 2152 3576 in
2201 3520 2291 3576 illa
2331 3519 2522 3576 Meldis
2556 3531 2659 3576 est.
2715 3520 3040 3577 Saracenice
3073 3521 3289 3590 quidem
3336 3531 3493 3577 sonat

1916 3614 2172 3684 plataem.
2195 3613 2378 3670 Platea
2401 3612 2595 3680 Melda,
2617 3611 2808 3668 Latine
2835 3622 3015 3668 autem
3048 3615 3248 3683 platea,
3281 3611 3489 3674 forum;

1917 3704 2087 3762 Melda
2120 3721 2249 3762 vero
2280 3715 2524 3762 vocatur.
2550 3719 2616 3761 eo
2657 3705 2797 3774 quod
2827 3705 3068 3760 intrante
3103 3712 3290 3760 aestate
3331 3704 3492 3757 inuti-

1916 3797 2199 3855 merabilis
2231 3798 2302 3854 ibi
2341 3797 2591 3867 populus,
2627 3811 2816 3852 secum
2845 3795 3096 3852 deferens
3119 3797 3297 3850 omnia
3335 3809 3493 3849 vena-

1915 3889 2010 3957 lia,
2034 3888 2290 3944 coiivenit
2320 3889 2618 3958 ingensque
2648 3888 2973 3943 Parthorum
3024 3898 3078 3942 et
3126 3889 3360 3942 Arabum
3388 3885 3489 3939 mi-

1915 3979 2050 4044 litia,
2075 3978 2141 4032 ad
2177 3979 2431 4034 tuendum
2460 3977 2712 4048 populum
2744 3987 2799 4033 et
2827 3993 3016 4048 greges
3040 3993 3167 4032 suos
3191 3981 3245 4032 in
3275 3980 3492 4046 pascuis

1915 4071 2025 4126 illis
2056 4071 2345 4126 uberrimis
2372 4083 2469 4139 per
2498 4078 2662 4124 totam
2696 4077 2967 4125 aestatem.
3023 4069 3236 4124 Meldan
3269 4085 3489 4138 compo-

1915 4161 2066 4215 nitur
2115 4177 2183 4217 ex
2231 4159 2356 4228 Mel,
2411 4169 2466 4216 et
2509 4160 2775 4216 Dan.Mel
2819 4159 3149 4216 Saracenice
3181 4176 3339 4231 aqua.
3377 4159 3489 4215 Dan

1916 4253 2134 4319 ﬂuvius,
2181 4269 2247 4310 ex
2308 4253 2533 4326 planitie
2583 4254 2698 4309 Dan
2751 4254 3009 4323 praedicta
3049 4270 3109 4310 se
3155 4255 3385 4308 reddens
3434 4255 3486 4308 in

1914 4343 2159 4404 ﬂuvium.
2216 4346 2436 4401 Suetam
2482 4352 2754 4416 peragrat,
2789 4347 2840 4400 in
2894 4360 2999 4415 qua
3061 4346 3302 4419 pyramis
3345 4345 3486 4401 beati

1915 4437 2017 4493 Iob
2046 4446 2348 4506 superstes,
2382 4451 2411 4492 a
2445 4435 2650 4494 Graecis
2679 4447 2732 4491 et
2773 4437 3068 4508 gentilibus
3098 4435 3353 4493 solemnis
3387 4437 3485 4490 ha-

1919 4533 2096 4588 betur.
2133 4529 2268 4596 Dan,
2299 4542 2486 4585 contra
2518 4527 2795 4584 Galilaeam
2823 4528 3060 4597 gentium
3107 4542 3167 4583 se
3198 4528 3489 4598 obliquant

1920 4621 1986 4676 ab
2029 4621 2160 4674 urbe
2211 4619 2388 4674 Cedar
2437 4619 2599 4674 caecis
2649 4617 2988 4673 medicabilia
3043 4617 3233 4672 balnea
3290 4617 3486 4688 spinesi

1918 4712 2076 4782 plana
2122 4709 2420 4781 proﬂuens,
2468 4709 2562 4765 Ior
2613 4709 2920 4779 copulatur.
2967 4707 3063 4762 Ior
3091 4707 3235 4763 haud
3274 4708 3429 4780 longe
3457 4727 3486 4765 a

1919 4803 2128 4858 Paucas
2150 4803 2325 4857 lacum
2361 4801 2506 4858 illius
2537 4801 2716 4856 reddit
2753 4817 2817 4856 ex
2865 4815 2944 4869 se,
2978 4811 3162 4871 postea
3201 4817 3349 4857 mare
3377 4801 3488 4856 Ga-

1923 4895 2093 4961 lilmm,
2130 4909 2349 4949 sumens
2382 4894 2595 4948 initium
2628 4895 2768 4948 inter
2801 4893 3089 4950 Bethsaida
3141 4904 3196 4948 et
3244 4891 3489 4963 Caphar.

1921 5001 2103 5040 naum.
2138 4984 2180 5036 Α
2214 4981 2498 5038 Bethsaida
2529 4983 2723 5038 Petrus
2770 4993 2825 5038 et
2873 4982 3130 5048 Ioannes,
3165 4984 3406 5040 Andreas
3439 4995 3492 5041 et

1917 5075 2152 5131 Iacobus
2209 5075 2436 5142 Alphati.
2488 5074 2732 5142 Quatuor
2777 5074 3030 5128 milliaria
3084 5091 3112 5130 a
3171 5074 3485 5137 Betbsaida,

1921 5164 2210 5231 Corozain,
2257 5164 2310 5217 iu
2352 5177 2461 5232 qua
2503 5165 2774 5220 nutrietur
2811 5163 3204 5230 Antichristus,
3236 5169 3491 5220 seductor

1921 5255 2085 5312 orbis.
2120 5255 2194 5309 De
2216 5253 2480 5309 Corozain
2510 5264 2563 5308 et
2597 5252 2886 5309 Bethsaida
2912 5255 2984 5308 ait
3009 5254 3263 5310 Christus
3286 5254 3444 5311 Iesus
3474 5274 3490 5312 :

1930 5345 2457 5412 thibi,Corozain‘,
2479 5363 2556 5400 ore
2579 5347 2696 5412 tibi,
2721 5345 3004 5400 Bethsaida
3022 5349 3064 5400 ⁸.
3097 5347 3342 5417 Quinque
3374 5349 3494 5402 mii.

1922 5440 2076 5496 liaria
2138 5453 2168 5492 a
2218 5437 2504 5500 Corozain,
2551 5438 2748 5500 Cedar,
2807 5439 3264 5494 excellentissima
3303 5439 3495 5494 civitas

1922 5535 2034 5598 illa,
2069 5534 2135 5587 de
2177 5545 2282 5600 qua
2321 5530 2377 5583 in
2419 5529 2654 5594 Psalmo,
2692 5547 2810 5584 cum
2850 5530 3207 5586 habitantibus
3251 5529 3424 5586 Cedar
3449 5533 3491 5588 '.

1921 5628 2098 5685 Cedar
2129 5629 2541 5698 interpretatur,
2589 5625 2642 5679 in
2697 5623 2959 5679 tenebris.
3002 5621 3382 5693 Capharuaum
3410 5627 3490 5692 _in

318 5753 337 5785 ⁸
375 5750 519 5809 Psal.
550 5769 637 5810 ιιι
690 5751 775 5808 10.
853 5753 873 5786 ⁸
906 5750 1010 5810 lsa.
1038 5765 1194 5817 ant,
1223 5750 1276 5806 1.
1353 5749 1373 5782 ³
1407 5747 1529 5807 Act.
1559 5750 1703 5820 mi.
1782 5749 1803 5782 ‘

1920 5757 2075 5817 πων,
2103 5745 2154 5803 8.
2231 5743 2565 5813 l‘Matthmt,
2598 5741 2684 5800 17.
2760 5739 2988 5797 ‘Matth.
3019 5739 3230 5807 11,21.
3305 5736 3495 5800 'Psal.

237 5837 387 5891 cna,
418 5823 472 5878 5.
