3988 6284
626 359 732 424 995

2075 350 2353 420 EUGESI
2366 349 2490 412 PPI
3748 352 3827 418 9%

621 478 848 533 dextera
882 483 1035 544 parte
1073 471 1241 526 maris
1271 471 1374 527 sita
1427 481 1533 540 est,
1581 471 1777 528 civitas
1840 469 2213 534 Centurioms,
2242 471 2292 534 Α
2321 468 2477 524 mini.
2519 465 2783 524 Defuncto
2836 465 2998 541 igitur
3031 464 3295 536 Cleapba,
3341 462 3555 522 Salome
3596 463 3832 526 duxitite-

624 579 784 638 cuius
820 564 988 619 ﬁlium
1020 562 1074 616 in
1106 578 1167 617 ea
1197 560 1412 618 sanavit
1455 560 1648 630 Jesus;
1681 562 1749 618 de
1781 576 1888 633 qua
1922 562 2001 617 ait
2031 579 2048 617 :
2083 559 2209 614 Non

626 660 797 712 inueni
843 665 1044 710 tantam
1095 655 1252 725 ﬁdem
1300 656 1357 709 in
1402 653 1571 709 Israel
1613 655 1657 710 ⁸.
1705 653 1766 710 in
1819 655 2207 725 Capharnauttt

626 752 797 809 multa
851 751 957 806 alia
1015 747 1144 805 fecit
1174 747 1352 814 Jesus,
1389 747 1595 804 ducens
1649 749 1704 803 in
1747 747 2056 819 Synagoga.
2103 747 2208 802 Ca-

629 844 956 915 pharnaum,
982 840 1104 894 villa
1126 840 1491 911 pulcherrima
1523 840 1936 910 interpretatur,
1969 839 2056 896 vel
2081 838 2212 894 villa

626 931 1053 1008 pulchritudinis
1089 949 1104 986 :
1139 947 1260 1002 quae
1310 932 1469 986 nobis
1497 943 1747 986 sanetam
1790 931 1991 1004 ﬁgurat
2022 931 2212 987 Eccle-

627 1027 790 1086 siam.
822 1026 904 1081 Ad
932 1040 1094 1095 quam
1131 1035 1244 1077 tum
1287 1025 1379 1094 qui
1411 1024 1479 1078 de
1527 1022 1735 1079 Libano
1765 1024 2127 1090 descendunt,
2157 1025 2210 1082 id

626 1129 736 1186 est,
760 1119 827 1174 de
859 1125 1097 1172 candore
1135 1115 1420 1180 virtutum,
1447 1113 1514 1168 ab
1553 1128 1615 1168 ea
1648 1125 1703 1169 et
1734 1113 1788 1168 in
1825 1129 1886 1170 ea
1919 1113 2213 1170 lucidiores

627 1211 950 1267 redduntur.
1017 1206 1269 1262 Secunda
1314 1206 1568 1262 milliaria
1616 1221 1644 1260 a
1679 1207 2084 1277 Capharnaum,
2121 1207 2214 1262 de-

627 1316 856 1359 scensus
886 1300 1034 1354 illius
1073 1298 1272 1354 montis
1317 1307 1423 1366 est,
1470 1300 1521 1354 in
1553 1315 1660 1369 quo
1709 1300 2105 1354 sermocinatus
2132 1308 2214 1355 est

627 1395 695 1450 ad
728 1395 936 1464 turbas,
986 1403 1038 1447 et
1091 1392 1649 1461 instruxitapastolus
1701 1408 1870 1466 suos;
1907 1392 1962 1448 in
2019 1407 2126 1462 quo
2159 1401 2214 1448 et

624 1489 903 1558 leprosum
935 1488 1174 1542 curavit.
1207 1484 1466 1541 Milliaria
1508 1501 1536 1539 a
1573 1485 1837 1541 descensu
1874 1486 1991 1550 illo,
2034 1486 2209 1551 locus,

630 1579 687 1634 in
723 1593 833 1650 qua
870 1579 1017 1648 pavit
1066 1578 1310 1648 quinque
1345 1577 1511 1630 millia
1543 1577 1824 1632 hominum
1868 1592 1936 1631 ex
1971 1572 2214 1648 quinque

626 1673 858 1741 panibus
885 1681 941 1727 et
973 1671 1188 1726 duobus
1218 1669 1482 1739 piscibus.
1518 1667 1676 1724 Unde
1707 1669 1860 1724 locus
1891 1668 1982 1725 ilic
2023 1684 2211 1725 mensa

623 1777 891 1828 vocatur;
924 1767 1078 1835 quasi
1120 1765 1275 1820 locus
1307 1764 1646 1821 refectianis.
1693 1764 1792 1819 Cui
1837 1764 1992 1821 locus
2023 1764 2212 1834 subia-

623 1867 715 1914 cet
747 1861 859 1925 ille,
892 1862 944 1914 in
988 1875 1098 1930 qua
1126 1858 1378 1913 Christus
1405 1866 1529 1928 post
1561 1856 2020 1913 resurrectionem
2053 1870 2208 1913 suam

624 1952 903 2021 discipulis
950 1952 1222 2022 apparuit,
1256 1951 1552 2007 comedens
1585 1965 1706 2005 cum
1741 1949 1823 2005 eis
1850 1960 2064 2021 partem
2091 1951 2208 2020 pis-

623 2041 704 2097 cis
731 2043 837 2097 assi
865 2057 1030 2112 supra
1057 2057 1246 2109 mare;
1284 2043 1338 2096 in
1378 2056 1484 2112 quo
1512 2051 1566 2096 et
1591 2039 1853 2096 Dominus
1887 2042 2037 2097 sicco
2070 2043 2208 2112 pede

626 2133 945 2197 ambulavit,
975 2149 1099 2189 cum
1126 2135 1269 2190 circa
1304 2144 1551 2205 quartam
1582 2133 1754 2189 noctis
1777 2133 2017 2204 vigiliam
2047 2133 2209 2190 Petra

621 2236 680 2280 et
708 2227 938 2282 Andreas
965 2228 1304 2299 piscantibus
1355 2228 1644 2298 apparuit;
1680 2226 1769 2282 ubi
1802 2237 1860 2283 et
1897 2225 2082 2293 Petro,
2117 2243 2210 2283 su-

617 2331 719 2389 pra
745 2318 817 2374 ad
858 2322 979 2374 cuni
1022 2320 1102 2374 ire
1145 2317 1372 2386 volenti,
1406 2328 1461 2375 et
1492 2333 1693 2384 merso,
1729 2320 1806 2373 ait
1848 2318 2008 2376 Jesus
2043 2337 2058 2374 :
2091 2319 2211 2374 Ma-

619 2411 757 2466 ἀξίω
784 2410 911 2480 ﬁdei
936 2410 981 2464 '.
1008 2409 1112 2466 Ubi
1147 2411 1316 2465 etiam
1365 2410 1471 2464 alia
1505 2413 1626 2467 vice
1657 2412 1947 2481 discipulis
1976 2413 2119 2479 suis,
2153 2414 2208 2468 in

621 2504 750 2558 navi
781 2503 1079 2573 periclitari
1110 2501 1502 2569 metuentibus,
1539 2517 1689 2558 mare
1749 2506 1993 2573 quietum
2026 2495 2210 2561 reddi-

622 2594 728 2649 dit.
760 2593 819 2648 In
869 2593 1093 2648 sinistra
1152 2593 1322 2648 maris
1353 2593 1551 2664 capite,
1608 2594 1808 2648 montis
1864 2595 1918 2648 in
1945 2607 2208 2662 concavo,

619 2683 954 2755 Geuezaret;
993 2686 1152 2742 locus
1186 2699 1458 2759 generatis
1499 2700 1713 2751 aurum,
1761 2686 1903 2755 quod
1933 2688 2110 2740 adhuc
2142 2687 2211 2742 ab

620 2777 732 2834 illis
759 2778 1120 2850 praesentibus
1156 2779 1416 2833 sumitur.
1449 2776 1708 2832 Milliario
1743 2778 1979 2833 secunda
2017 2793 2048 2832 a
2099 2774 2213 2832 Ge-

621 2881 864 2938 nezaret,
895 2871 1207 2943 Magdalum
1232 2871 1491 2941 oppidum
1525 2913 1540 2937 ,
1578 2887 1606 2925 a
1643 2886 1750 2941 quo
1779 2869 1948 2925 Maria
1993 2868 2210 2942 Magda-

620 2966 771 3023 lena.
819 2965 946 3022 Haec
983 2974 1166 3020 autent
1207 2967 1361 3036 regia
1397 2963 1616 3021 Galilaea
1681 2964 1924 3035 gentium
1978 2973 2093 3029 est;
2154 2963 2210 3018 in

622 3057 771 3114 tribu
802 3069 982 3115 tamen
1002 3057 1245 3113 Zabulan
1273 3066 1328 3114 et
1356 3055 1727 3126 Nephthalim.
1759 3053 1819 3109 in
1839 3053 2210 3126 superioribus

621 3151 739 3219 ejus
769 3149 1030 3216 Galilaea,
1061 3150 1255 3220 viginti
1288 3150 1506 3203 luerunt
1530 3146 1781 3203 civitates
1809 3144 1937 3212 illae,
1966 3160 2085 3215 qua:
2112 3159 2207 3200 rex

620 3245 873 3302 Salomon
915 3245 1099 3299 liiram
1134 3226 1244 3316 regi
1282 3241 1434 3312 Tyri,
1469 3241 1650 3296 amico
1701 3251 1822 3306 sua,
1859 3239 2002 3294 dono
2031 3238 2201 3295 dedit.

621 3338 873 3394 Secunda
926 3332 1181 3392 milliaria
1241 3349 1272 3388 a
1329 3331 1597 3404 Magdalo,
1657 3331 1954 3397 Cenereth,
1992 3345 2114 3400 quae
2147 3337 2204 3385 et

620 3429 870 3484 Tiberius
913 3443 944 3482 a
975 3426 1198 3483 Tiberio
1243 3424 1462 3482 Caesare
1503 3422 1920 3495 cognominata;
1951 3437 2114 3492 quam
2148 3423 2204 3477 in

607 3521 905 3590 iuventute
927 3536 1024 3578 sua
1059 3521 1411 3590 frequentare
1444 3518 1674 3575 solebat.
1711 3517 1918 3584 Quarta
1950 3515 2206 3571 milliaria

621 3635 651 3668 a
682 3613 992 3682 Tiberiade,
1018 3613 1266 3670 Bethulia
1299 3614 1528 3679 civitas;
1568 3627 1636 3668 ex
1675 3626 1780 3682 qua
1807 3607 2021 3674 Judith,
2057 3622 2200 3678 quae,

620 3723 717 3777 pro
751 3719 909 3777 gente
948 3709 1229 3775 salvanda,
1271 3707 1432 3762 nimis
1462 3714 1645 3761 astute
1699 3702 1930 3776 peremit
1961 3700 2206 3757 Holofer-

609 3789 748 3855 ‘netn
807 3803 859 3856 in
898 3789 1194 3858 Obsidione
1220 3801 1388 3856 urbis.
1423 3799 1678 3855 Milliario
1718 3809 1914 3868 quarto
1963 3814 1993 3854 a
2041 3795 2206 3853 Tibe-

625 3894 776 3949 riade
828 3907 1014 3950 contra
1065 3896 1375 3962 meridiem,
1414 3894 1688 3957 Dothaim,
1749 3892 1802 3947 in
1853 3907 1958 3963 qua
2009 3889 2206 3948 fratres

618 4002 750 4042 suos
805 3995 1045 4061 gregem
1076 3996 1366 4058 pascentes
1416 3987 1620 4058 reperit
1658 3985 1899 4056 Juseph;
1939 4001 2100 4057 quem
2145 3995 2202 4042 et

619 4080 932 4149 antaelitis,
984 4097 1108 4137 eum
1139 4083 1262 4138 odia
1299 4082 1588 4146 habentes,
1627 4081 2006 4135 vendiderunt.
2055 4081 2203 4136 Duo-

619 4177 831 4231 decitna
863 4176 1114 4232 milliaria
1140 4191 1167 4230 a
1211 4173 1517 4242 Tiberiade,
1546 4175 1836 4240 Nazareth,
1870 4175 2062 4228 civitas
2096 4172 2204 4228 Ga-

622 4269 796 4335 lila'as,
833 4269 1005 4338 patria
1048 4267 1374 4335 Salvataris,
1418 4284 1485 4325 eo
1530 4269 1675 4339 quod
1731 4268 1782 4322 in
1836 4282 1902 4323 ea
1967 4269 2203 4324 nutritus

626 4362 744 4418 l'uit.
804 4358 1071 4416 Nazareth
1109 4361 1497 4433 interpretatur
1550 4362 1674 4429 llos,
1737 4361 1820 4416 vel
1875 4361 2199 4432 virgultum;

621 4471 722 4510 nec
751 4455 868 4511 sine
908 4471 1097 4521 causa,
1127 4470 1251 4511 cum
1286 4457 1336 4509 in
1382 4471 1445 4510 ea
1473 4467 1628 4512 ortus
1661 4456 1734 4510 sit
1780 4455 1899 4521 ilus,
1941 4470 2007 4509 ex
2043 4457 2201 4519 cuius

2319 582 2433 619 rum
2457 565 2669 621 Annam
2695 577 2948 629 uxorem;
2969 563 3038 618 de
3058 577 3164 632 qua
3187 560 3372 632 genuit
3403 559 3610 616 tertiam
3631 559 3829 620 larisa.

2315 656 2608 712 Zebedaaus
2636 656 2791 710 duxit
2821 670 2939 709 eam
2975 667 3220 720 uxorem,
3253 650 3500 707 videlicet
3532 651 3725 707 tertiam
3751 653 3836 708 Ia.

2316 751 2484 815 riam;
2517 763 2636 818 qua:
2670 749 2859 820 genuit
2889 747 2936 802 ei
2980 747 3116 801 duas
3161 758 3388 816 magnas
3423 744 3587 808 viros,
3622 742 3835 801 Jacobqu

2317 843 2583 900 Minorem
2611 853 2664 898 et
2701 841 2962 897 Joannem
2999 839 3415 911 Evangeiistam.
3461 838 3529 893 Et
3566 837 3650 894 isti
3681 839 3838 893 nihilo-

2315 935 2496 991 minus
2544 933 2763 1004 cognati
2803 932 3016 988 Domini
3069 930 3318 987 l‘uerunt.
3375 928 3608 984 Primam
3659 929 3840 985 Mariam

2315 1031 2472 1087 duxit
2529 1029 2584 1087 in
2631 1045 2856 1085 uxorem
2906 1026 3132 1099 Joseph,
3176 1026 3267 1099 qui
3324 1025 3624 1082 vocabatur
3674 1023 3843 1092 Justus,

2313 1128 2606 1182 secundam
2637 1124 2861 1180 Mariam
2887 1124 3040 1179 duxit
3064 1120 3338 1194 Alpheus.
3364 1120 3614 1176 Secundo
3635 1120 3845 1175 milliaria

2315 1231 2343 1272 a
2377 1214 2636 1286 Sephori,
2680 1214 2828 1274 Cana
2877 1213 3133 1278 Galilteae,
3163 1220 3354 1268 contra
3383 1210 3684 1279 Orientem;
3716 1224 3742 1265 ι
3769 1198 3846 1279 qua

2316 1308 2596 1381 Philippus
2631 1319 2687 1366 et
2722 1307 3042 1364 Nathanaal.
3082 1306 3140 1362 In
3169 1321 3274 1378 qua
3311 1315 3367 1361 et
3397 1320 3531 1376 puer
3557 1303 3724 1370 Jesus,
3752 1321 3845 1360 cum

2317 1411 2490 1458 matre
2538 1403 2889 1459 discumbens
2941 1401 2993 1457 in
3034 1401 3257 1470 nuptiis,
3302 1414 3496 1470 aquam
3541 1399 3849 1454 canvertitin

2315 1496 2520 1551 vinum.
2560 1496 2620 1551 in
2681 1493 2950 1550 Nazaretb
2988 1493 3190 1549 labitur
3242 1491 3362 1549 fons
3391 1491 3649 1562 exiguus;
3693 1492 3742 1545 in
3770 1506 3851 1562 quo

2317 1585 2370 1640 in
2423 1585 2657 1656 pueritia
2725 1599 2822 1641 sua
2875 1584 3122 1640 habitare
3180 1582 3411 1650 solebat,
3465 1591 3522 1637 et
3555 1580 3676 1638 inde
3725 1582 3852 1636 mini-

2316 1681 2493 1729 strare
2523 1672 2682 1727 matri
2720 1687 2834 1729 suae
2858 1682 2912 1729 et
2941 1672 3067 1729 sibi.
3099 1670 3352 1727 Milliario
3380 1686 3410 1725 a
3441 1669 3726 1736 Nazareni,
3749 1687 3848 1726 con-

2315 1772 2399 1820 tra
2445 1767 2752 1830 meridiem,
2803 1780 2980 1835 mons,
3015 1765 3108 1837 qui
3156 1763 3537 1836 Przecipitatus
3569 1766 3852 1832 dicitur;ex

2314 1872 2422 1928 quo
2452 1857 2707 1926 juvenem
2743 1855 2931 1914 Jesum
2981 1858 3320 1929 praecipitare
3374 1858 3678 1923 voluerunt,
3721 1874 3855 1912 temu-

2314 1947 2488 2004 lantes
2527 1949 2870 2018 prudentiam
2923 1947 3076 2019 ejus;
3114 1947 3208 2002 sed
3279 1947 3348 2001 ab
3410 1948 3493 2001 eis
3535 1947 3588 2000 in
3625 1957 3855 2000 momenta

2314 2035 2602 2107 disparuit.
2665 2036 2871 2105 Quarta
2934 2037 3189 2092 milliaria
3244 2051 3275 2092 a
3338 2036 3648 2103 Nazareth,
3699 2049 3853 2093 contra

2313 2127 2600 2192 orientem.
2642 2141 2802 2185 mons
2853 2128 3108 2196 Thabor;
3146 2129 3199 2184 in
3234 2144 3340 2201 quo
3396 2128 3780 2200 transﬂguravit
3813 2143 3856 2185 se

2312 2221 2492 2289 Jesus,
2536 2223 2798 2292 apostolis
2832 2222 2947 2278 suis
2987 2221 3322 2288 videntibus,
3375 2221 3569 2290 Petra,
3611 2222 3796 2280 Joanne
3816 2230 3856 2277 et

2293 2311 2539 2379 ‘Jacobo,
2588 2312 2772 2384 Moyse
2823 2322 2880 2370 et
2929 2313 3078 2380 Elia;
3127 2314 3328 2386 quibus
3367 2315 3538 2372 etiam
3585 2330 3684 2372 vox
3715 2314 3856 2370 Patrlt

2313 2404 2499 2459 audita
2532 2413 2636 2471 est,
2666 2404 2856 2460 dicens
2894 2421 2908 2458 :
2948 2402 3054 2460 Hic
3079 2415 3154 2458 est
3185 2402 3363 2460 Filius
3391 2421 3542 2461 meus
3575 2408 3778 2463 dilectus
3804 2407 3852 2462 υ.

2317 2495 2574 2552 Secundo
2607 2495 2864 2551 milliaria
2893 2510 2924 2550 a
2951 2493 3196 2562 Thabor,
3222 2505 3416 2552 contra
3442 2498 3708 2554 orientem
3737 2512 3853 2553 mons

2314 2587 2574 2645 Hermon.
2635 2589 2692 2643 in
2757 2590 3022 2645 descensu
3076 2589 3277 2645 montis
3327 2588 3571 2658 Thabor,
3661 2591 3854 2647 obviavit

2312 2673 2564 2750 Abrahae,
2602 2681 2847 2738 redeunti
2906 2695 2936 2736 ι
2988 2681 3136 2738 caede
3173 2681 3414 2749 Amalec,
3473 2683 3851 2740 Melchisedech.

2311 2777 2404 2849 qui
2454 2787 2511 2832 et
2563 2775 2714 2841 Seni,
2767 2774 2909 2830 [ilius
2965 2772 3102 2843 Noe,
3147 2777 3428 2845 sacerdos,
3463 2786 3522 2834 et
3559 2793 3651 2834 rex
3689 2776 3845 2843 Salem,

2313 2880 2649 2941 praesentans
2700 2868 2750 2924 ei
2799 2883 2992 2939 panem
3034 2877 3088 2924 et
3141 2869 3364 2938 vinum;
3428 2873 3575 2942 quod
3633 2870 3840 2943 signiﬁca

2312 2963 2638 3020 oblationem
2701 2960 2892 3016 altaris
2950 2960 3156 3018 Christi
3212 2963 3314 3019 sub
3381 2964 3586 3033 gratia.
3643 2962 3835 3020 Secunda

2312 3057 2567 3114 milliaria
2592 3071 2624 3111 a
2656 3054 2897 3120 Thabar,
2929 3053 3083 3108 Nalm
3128 3055 3323 3111 civitas
3351 3071 3367 3121 ;
3401 3056 3468 3110 ad
3502 3057 3656 3128 cujus
3683 3066 3844 3129 portam

2313 3150 2567 3206 Christus
2609 3147 2844 3205 restituit
2871 3149 2995 3204 vitae
3060 3146 3230 3202 {ilium
3265 3149 3466 3204 viduae.
3522 3148 3694 3219 Supra
3736 3147 3850 3204 Nalm

2313 3258 2472 3299 mons
2515 3241 2701 3298 Endor
2727 3259 2743 3297 ε
2774 3241 2841 3297 ad
2895 3242 3130 3297 radicem
3181 3241 3358 3310 cujus,
3391 3243 3570 3315 isupra
3605 3253 3853 3300 torrentem

2309 3334 2640 3400 Raduinurn,
2681 3333 2777 3405 qui
2826 3343 2910 3388 est
2965 3342 3186 3388 torrens
3238 3332 3427 3400 Cison,
3491 3336 3581 3391 ubi
3629 3349 3742 3391 cum
3777 3332 3854 3388 lilio

2309 3430 2532 3487 Debara:
2567 3427 2940 3500 prophetissa,
2970 3427 3179 3482 Barach
3220 3428 3364 3485 illius
3403 3429 3671 3485 Abinsem
3712 3427 3854 3483 derint

2308 3523 2595 3590 idumaeas,
2650 3522 2834 3578 Sisara
2872 3521 3126 3578 videlicet
3183 3521 3364 3578 accisa
3416 3538 3449 3578 a
3508 3522 3682 3590 Jahel,
3725 3535 3855 3577 uxore

2306 3613 2485 3672 iieber
2514 3616 2702 3682 Cinaei,
2726 3612 2838 3670 Zeb
2861 3624 3062 3682 autem,
3089 3625 3144 3670 et
3173 3612 3350 3671 Zebee
3382 3627 3438 3670 ct
3465 3615 3713 3672 Salmana
3734 3625 3854 3670 trans

2306 3708 2598 3765 Jardanem
2664 3721 3020 3780 persequens,
3084 3706 3262 3778 gladia
3328 3711 3597 3778 peremit;
3662 3708 3852 3775 Barach,

2307 3802 2448 3860 duce
2481 3816 2667 3856 eorum
2699 3801 2750 3856 in
2785 3799 2992 3866 Endor,
3017 3809 3074 3856 et
3103 3801 3206 3856 sub
3240 3799 3428 3856 Endor
3459 3803 3697 3859 exercitu
3720 3817 3852 3858 caeso.

2309 3893 2435 3948 Inde
2487 3895 2538 3949 in
2575 3893 2806 3963 psalmo,
2863 3892 3074 3947 Thabor
3117 3900 3166 3947 et
3203 3893 3437 3950 Hei-mon
3461 3897 3527 3961 η,
3559 3907 3662 3952 etc.
3689 3895 3853 3963 Quinti)

2307 3987 2561 4043 milliaria
2591 4002 2622 4043 a
2669 3987 2849 4054 Naim,
2881 3988 3130 4044 Jezrahel
3162 3989 3378 4052 civitas,
3418 4005 3545 4061 qme
3578 3999 3630 4044 et
3656 3989 3849 4051 Zaram;

2305 4098 2372 4140 ex
2396 4099 2503 4153 qua
2529 4080 2766 4146 Jezabel,
2798 4081 3121 4152 impiissima
3175 4081 3386 4153 regina,
3416 4082 3544 4148 fuit,
3568 4097 3682 4154 quae
3700 4081 3848 4134 abstu-

2304 4176 2368 4232 ii't
2401 4177 2613 4233 vineam
2643 4174 2857 4231 Nabatb
2887 4190 2903 4230 :
2933 4189 3054 4245 quae
3083 4183 3163 4238 et,
3188 4191 3288 4246 pro
3321 4177 3728 4247 importunitate
3751 4188 3845 4238 sua,

2304 4270 2373 4329 de
2420 4283 2635 4325 summa
2672 4266 2859 4338 palatii
2918 4267 3002 4322 sui
3051 4265 3388 4337 praecipitata
3453 4268 3656 4323 interiit
3689 4264 3848 4334 :cujus

2305 4364 2484 4420 adhuc
2541 4364 2784 4435 pyratnis
2806 4369 3082 4431 superstes
3130 4361 3365 4417 videtur.
3403 4360 3566 4418 Juxta
3618 4357 3844 4420 Jezrabel,

2305 4474 2526 4529 campus
2552 4455 2847 4527 Mageddo;
2879 4455 2931 4508 in
2963 4469 3070 4524 quo
3092 4453 3267 4511 Josias
3292 4470 3386 4511 rex
3416 4470 3446 4511 a
3477 4471 3602 4526 rege
3627 4452 3844 4510 Samaria

621 4551 798 4602 tructu
833 4549 1089 4604 szeculum
1129 4548 1390 4620 repletum
1414 4562 1517 4605 est.
1557 4549 1680 4606 Flos
1711 4551 1813 4604 iste
1856 4551 2007 4618 virga
2035 4549 2201 4603 Maria
2231 4553 2279 4612 D
2307 4545 2560 4600 subactus
2592 4542 2864 4611 occubuit,
2897 4542 3092 4598 deinde
3123 4543 3424 4600 translatus
3465 4547 3520 4599 in
3554 4544 3679 4602 Sion
3716 4552 3844 4598 etse-

617 4657 684 4695 ex
734 4657 838 4712 qua
885 4642 1103 4699 Gabriel
1164 4642 1517 4715 archangelus
1580 4645 1632 4698 in
1686 4644 1874 4700 eadem
1925 4641 2194 4697 Nazareth

619 4727 816 4789 Filium
853 4733 1114 4788 Altissitni
1177 4735 1512 4788 nasciturum
1555 4732 1842 4798 nuntiavit,
1896 4732 2146 4798 inquiens
2190 4749 2204 4786 :

614 4829 744 4892 Ave,
777 4826 953 4880 Maria
978 4828 1043 4883 ¹⁰.
1073 4827 1143 4882 De
1175 4826 1439 4881 Nazareth
1473 4828 1675 4882 dictum
1702 4827 1798 4880 fuit
1829 4848 1841 4885 :
1873 4828 1913 4879 Α
1941 4825 2206 4880 Nazaretlt

614 4929 784 4990 potest
818 4920 939 4972 boni
989 4920 1193 4990 aliquid
1251 4919 1400 4974 esse?
1445 4918 1705 4973 Milliaria
1741 4921 1932 4990 quinto
1964 4934 1990 4972 a
2030 4918 2201 4972 Nam“

621 5015 764 5080 retin,
795 5013 1060 5083 ‘Seplt‘oris
1106 5013 1322 5079 civitas,
1361 5013 1467 5076 via,
1503 5028 1624 5082 qua:
1661 5012 1811 5066 ducit
1854 5011 2068 5065 Achan.
2116 5007 2197 5063 Ex

621 5105 856 5176 Sephori
904 5116 1075 5162 mater
1107 5106 1278 5161 beata:
1324 5105 1545 5172 Mariae,
1591 5105 1770 5169 Anna,
1812 5113 1864 5158 et
1902 5101 2194 5171 ilermana,

617 5214 853 5255 sorores.
888 5200 964 5255 De
1021 5199 1290 5255 Hermana
1342 5209 1467 5254 nata
1524 5210 1609 5254 est
1663 5198 1966 5261 Eliaabetli,
2023 5205 2195 5252 mater

618 5292 841 5349 Joannis
903 5293 1178 5362 Baptistae.
1230 5294 1407 5348 Porro
1462 5292 1708 5347 Jaacbim
1767 5291 1919 5346 duxit
1974 5293 2186 5345 Annam

619 5399 868 5450 uxorem,
906 5388 997 5456 qui
1021 5388 1207 5457 genuit
1231 5401 1297 5440 ex
1325 5400 1388 5442 ea
1421 5384 1667 5450 Mariam,
1699 5383 1923 5439 Matrem
1957 5383 2189 5437 Domini.

617 5478 830 5534 Mortuo
855 5477 1124 5546 Joachim,
1153 5478 1419 5549 Cleaphas
1447 5476 1603 5532 duxit
1625 5479 1832 5532 Annam
1865 5477 1918 5530 in
1946 5490 2190 5538 uxorem,

615 5578 671 5625 et
700 5575 892 5647 genuit
928 5587 996 5629 ex
1042 5587 1107 5630 ea
1135 5573 1364 5628 alteram
1400 5570 1648 5637 Mariam,
1714 5585 1834 5640 quae
1863 5569 1962 5625 fuit
2023 5577 2196 5623 mater

613 5664 803 5723 Jacobi
855 5665 1082 5724 minoris
1117 5664 1347 5739 Alphaai,
1393 5663 1486 5735 qui
1528 5662 1828 5733 appellatur
1869 5662 2034 5717 frater
2085 5660 2196 5716 Da-

687 5806 1203 5877 'Mattb.vm,12.
1278 5777 1577 5865 iisnec.
1662 5804 1703 5837 ιο
1735 5803 1871 5862 Luc.
1917 5801 2078 5862 μεθ.
2159 5801 2200 5833 ιι
2230 5799 2424 5860 Matth.
2479 5813 2610 5871 mi,
2643 5796 2697 5854 5.

619 5895 659 5950 ι,
690 5879 781 5935 Et.

2308 4638 2488 4709 puitus
2516 4652 2530 4692 :
2561 4654 2657 4707 pra
2695 4635 2855 4707 cuius
2889 4642 3065 4691 marte
3109 4634 3236 4691 fecit
3290 4636 3554 4694 Jeremias
3600 4638 3842 4692 Lamenta-

2305 4734 2504 4788 tiones.
2556 4729 2812 4786 Miiliario
2865 4747 2892 4782 a
2957 4728 3231 4796 Jezrahel,
3292 4745 3506 4788 montes
3558 4731 3834 4795 Celboe;in

2305 4826 2501 4895 quibus
2555 4823 2886 4878 dimicantes
2925 4822 3054 4879 Saul
3108 4833 3161 4879 et
3216 4823 3495 4892 Janathas,
3555 4826 3746 4881 subacti
3787 4821 3839 4877 si-

2304 4921 2537 4973 luerunt.
2584 4917 2736 4973 Unde
2777 4917 2947 4971 David
2987 4934 3002 4971 :
3054 4916 3254 4972 Montes
3300 4915 3488 4972 Getboe
3521 4920 3582 4982 “,
3621 4931 3716 4973 etc.
3764 4919 3840 4970 Se-

2305 5013 2486 5068 cundo
2522 5011 2777 5067 milliaria
2813 5025 2841 5064 a
2901 5009 3122 5078 Gelbae,
3179 5023 3367 5066 contra
3407 5011 3694 5073 Orientem,
3730 5009 3838 5078 Sty-

2308 5106 2541 5174 tliopoiis
2589 5104 2802 5166 civitas,
2849 5103 3085 5158 Gaiiizeae
3139 5106 3486 5173 metropolis,
3535 5120 3646 5175 quae
3679 5113 3724 5158 et
3761 5099 3840 5153 Be-

2303 5201 2482 5263 tiisan,
2525 5197 2577 5250 id
2610 5205 2710 5262 est,
2754 5197 2942 5250 damus
2972 5195 3125 5263 solis,
3175 5204 3253 5252 vel
3288 5197 3497 5264 civitas,
3535 5210 3683 5266 supra
3711 5192 3835 5261 cuius

2305 5307 2490 5346 muros
2549 5289 2950 5358 suspenderunt
2995 5297 3156 5358 caput
3221 5287 3373 5342 Sani.
3431 5289 3623 5354 Quinto
3672 5284 3835 5340 millia-

2298 5386 2381 5436 ria
2442 5396 2471 5435 a
2506 5379 2772 5444 Jezraliel,
2821 5377 3092 5450 geminum
3148 5378 3401 5448 Oppidum
3457 5381 3617 5442 iilud,
3669 5391 3693 5429 a
3746 5386 3834 5442 quo

2299 5474 2489 5544 incipit
2570 5471 2840 5528 Samaria.
2895 5471 3119 5527 Decimo
3187 5472 3438 5527 milliaria
3497 5487 3528 5526 a
3588 5466 3830 5529 Samaria,

2301 5582 2420 5637 quae
2449 5577 2501 5622 et
2531 5565 2776 5630 Sebaste,
2815 5565 2867 5620 id
2921 5574 3026 5630 est,
3058 5565 3325 5633 Augusta,
3367 5567 3433 5620 ab
3461 5567 3686 5634 Augusta
3728 5557 3827 5612 Cte-

2307 5673 2430 5716 sare
2462 5660 2601 5714 dicta
2636 5677 2648 5712 :
2687 5658 2739 5712 in
2768 5671 2869 5729 qua
2901 5658 3143 5727 sepultus
3189 5658 3287 5712 fuit
3337 5655 3715 5729 paranymphus
3748 5646 3826 5703 ille

2820 5798 2860 5831 “
2886 5796 3032 5857 Psal.
3084 5812 3347 5868 Lxxxvm,
3382 5797 3463 5854 l5.
3572 5796 3610 5829 “
3638 5792 3678 5849 ll
3708 5789 3817 5860 Reg.
