4060 6290
548 340 654 405 999

1960 328 2239 393 EUGESi
2251 328 2376 392 PPI

3656 325 3770 395 1000

547 467 609 508 se
648 450 794 516 inde,
827 450 953 520 quia
984 449 1067 504 vir
1092 446 1373 519 sanguinis
1402 454 1539 502 erat.
1577 444 1716 517 Ergo
1755 460 1891 516 quas
1917 444 1985 500 ad
2018 445 2123 501 hoc
2151 447 2200 505 Δ
2226 448 2317 513 tyr
2336 440 2609 499 occubuit.
2636 438 2812 511 Supra
2871 440 3128 511 templum
3162 441 3262 498 hoc
3291 440 3350 497 in
3385 441 3551 499 veteri
3605 439 3773 500 Testa-

546 551 943 615 praeparaverat
969 554 1257 613 expensas,
1293 538 1569 596 Salomoui
1626 539 1738 594 ﬁlio
1786 554 1910 606 suo,
1961 537 2048 595 cui
2090 550 2122 590 a

544 637 777 698 Domino
826 635 1241 701 concedebatur,
1270 632 1513 697 tradidit,
1560 641 1826 702 quatenus
1856 631 1981 686 inde
2028 630 2124 686 do-

544 742 690 785 mum
725 726 954 781 Domino
982 733 1350 781 construeret.
1383 722 1701 781 Edilicavit
1736 739 1829 779 rex
1865 723 2122 781 Salomon

545 819 774 878 Domino
816 818 1109 888 templum.
1199 818 1252 873 id
1306 827 1431 884 est,
1490 817 1720 882 Betbel,
1782 823 1836 873 et
1889 816 2060 872 altare
2104 832 2119 872 :

542 928 663 982 quae
711 920 765 967 et
807 910 1079 965 dedicavit
1128 910 1544 979 incomparabili
1592 918 1842 980 sumptu:
1872 918 2064 979 petens
2090 924 2122 965 a

542 1007 801 1070 Domino,
851 1006 1015 1075 quod,
1047 1007 1355 1075 quicunque
1388 1008 1455 1061 de
1480 1022 1801 1077 quocunque
1833 1006 2122 1061 Dominum

541 1100 871 1165 consuleret,
938 1099 994 1154 in
1049 1114 1114 1154 eo
1172 1098 1415 1154 exaudiri
1450 1108 1768 1164 mereretur,
1799 1099 1942 1167 quod
1990 1112 2125 1154 con-

542 1206 759 1247 cessum
787 1189 886 1245 fuit
915 1208 942 1245 a
975 1189 1225 1247 Domino.
1254 1188 1398 1260 Ergo
1430 1189 1623 1245 domus
1653 1187 1892 1254 Domini,
1925 1188 2120 1244 domus

544 1284 780 1339 consilii.
810 1282 940 1337 lllud
970 1293 1173 1346 autem,
1221 1297 1319 1350 pro
1359 1281 1757 1337 incontinentia
1816 1280 2118 1350 principum

529 1387 597 1432 et
646 1375 851 1446 populi,
884 1375 1213 1445 exspoliavit
1264 1374 1766 1430 Nabuchodonosor
1802 1389 1899 1444 per
1936 1371 2120 1428 Nabu-

534 1468 769 1531 ἰρι-«12η,
798 1467 1095 1537 principem
1123 1481 1419 1535 coquorum
1454 1480 1698 1529 suorum,
1742 1475 1987 1534 tempore
2021 1463 2121 1520 Se-

540 1558 750 1614 dechiae
786 1558 946 1627 regis,
1004 1558 1291 1627 ipsumque
1346 1556 1576 1626 privavit
1633 1557 1788 1621 urbe,
1839 1565 2119 1625 totumque

542 1651 684 1717 quod
719 1648 1017 1717 pretiosum
1075 1646 1321 1718 fulgebat
1369 1647 1420 1701 in
1461 1649 1576 1701 aede
1621 1647 1755 1702 etin
1786 1648 1937 1712 urbe,
1971 1647 2117 1715 tulit,

533 1740 760 1809 sibique
789 1740 1105 1811 przrsentari
1153 1738 1317 1809 jussit
1360 1740 1413 1794 in
1448 1738 1773 1811 Babylonem
1798 1780 1814 1803 ,
1847 1748 1903 1795 et
1949 1754 2118 1809 popu-

2230 540 2416 588 mento
2439 532 2783 589 sanetiﬂcare
2824 531 3071 589 solebant
3101 542 3342 591 turtures
3393 544 3447 591 et
3480 534 3773 592 columbas:

2226 627 2372 694 quod
2410 640 2441 680 a
2476 625 2767 684 Saracenis
2787 633 2975 697 postea
3005 627 3343 683 immutatum
3371 636 3456 684 est
3497 628 3551 683 in
3585 628 3777 703 horolo-

2222 717 2393 786 gium,
2428 724 2483 772 et
2532 718 2713 775 adhuc
2742 719 2915 775 videri
2954 728 3155 793 potest.
3199 718 3306 776 Per
3333 719 3643 791 Speciosam
3671 736 3777 794 por-

2227 818 2335 866 tam
2364 810 2549 881 templi
2576 810 2848 869 transiens
2878 810 3076 877 Petrus
3102 827 3225 868 cum
3249 811 3477 880 Joanne,
3515 815 3778 884 respondit

2223 902 2427 971 petenti
2456 901 2526 959 ab
2548 902 2629 961 eis
2660 918 2677 959 :
2712 902 2867 970 Quod
2894 913 3068 975 autem
3096 904 3284 973 Itabeo,
3315 906 3413 961 hoc
3436 906 3535 962 tibi
3562 906 3630 960 do
3649 906 3777 962 ".ln

2224 992 2527 1054 Jerusalem
2551 994 2840 1053 Prohatica
2866 993 3116 1067 piscina;
3151 1012 3339 1070 quam,
3377 1008 3623 1070 tempore
3644 999 3774 1067 Jesu,

2222 1088 2391 1144 certis
2418 1088 2751 1158 temporibus
2778 1103 2996 1145 movere
3029 1090 3257 1160 angelus
3286 1089 3502 1145 Domini
3544 1090 3774 1159 solebat;

2223 1181 2535 1251 quicunque
2564 1180 2815 1238 infirmus
2840 1191 3021 1237 autem
3057 1192 3180 1251 post
3203 1185 3501 1239 motionem
3534 1182 3775 1250 intrabat,

2222 1286 2386 1327 sanus
2426 1273 2609 1340 ﬁebat,
2638 1288 2668 1327 a
2712 1288 3037 1344 quacunque
3077 1274 3428 1330 detinebatur
3457 1272 3775 1331 infirmitate.

2219 1363 2495 1422 Probaton
2528 1365 2739 1431 Graece,
2787 1381 2952 1437 pecus
2979 1365 3191 1433 Latine,
3221 1381 3287 1422 eo
3319 1368 3470 1438 quod
3504 1368 3557 1422 ia
3588 1366 3780 1424 εδει-ἰῆς

2223 1454 2324 1511 ciis
2352 1456 2598 1512 solebant
2633 1457 2758 1512 inde
2785 1455 2935 1512 ablui
2966 1467 3090 1513 exta
3128 1456 3418 1526 pecudum.
3447 1457 3582 1513 Erat
3600 1460 3779 1531 quippe

2217 1547 2386 1602 rubea
2412 1562 2477 1602 ex
2510 1547 2725 1613 hostiis,
2759 1562 2880 1619 quae
2926 1546 3003 1603 ibi
3032 1547 3478 1605 immolabantur.
3506 1546 3562 1603 lu
3597 1547 3779 1605 Proba.

2221 1639 2325 1694 tica
2357 1638 2461 1693 ista
2494 1638 2838 1708 languentem
2874 1639 3099 1695 sanitati
3131 1641 3376 1697 restituit
3405 1639 3592 1705 Jesus,
3610 1642 3779 1699 dicens

2221 1729 2271 1785 ei
2303 1745 2319 1785 :
2352 1728 2500 1784 Tolle
2530 1730 2808 1800 grabatum
2838 1740 2996 1785 tuum
3037 1731 3105 1799 ",
3138 1741 3243 1788 etc.
3272 1730 3331 1787 in
3362 1732 3541 1789 medio
3577 1730 3781 1790 Jerusa-

547 1799 687 1890 lum.
735 1799 906 1887 Paulo
939 1844 1064 1902 post
1110 1799 1330 1898 quidem
1365 1799 1579 1887 Pharao
1609 1799 1826 1887 Nechao
1860 1799 2113 1902 templum
2146 1799 2188 1855 Β
2222 1825 2351 1893 lem,
2378 1825 2639 1881 excitavit
2663 1840 2693 1879 a
2720 1833 2894 1881 morte
2926 1825 3159 1894 puellam
3192 1825 3373 1894 Jesus,
3421 1826 3527 1883 sub
3553 1825 3782 1883 Salomo-

540 1923 741 1979 delevit
782 1934 834 1979 et
864 1925 1075 1980 urbem.
1107 1923 1263 1979 Modo
1301 1939 1452 1990 vero,
1503 1939 1570 1979 ne
1605 1924 1823 1980 relatori
1866 1924 2118 1979 videatur

533 2016 861 2083 absurdum,
894 2018 1125 2071 auditori
1156 2018 1461 2083 taediosum,
1490 2018 1590 2072 sub
1612 2018 1809 2087 quibus
1840 2028 1888 2073 et
1933 2034 1961 2072 a
1996 2019 2117 2089 qui-

538 2110 643 2163 bus
674 2108 1040 2164 restitutioues
1087 2117 1140 2163 et
1171 2109 1569 2165 destructiones
1596 2110 1757 2179 primi
1804 2120 1855 2166 et
1890 2110 2116 2166 secundi

536 2210 595 2255 et
624 2200 767 2254 tertii
815 2200 999 2270 templi
1034 2201 1358 2267 commissae,
1396 2203 1497 2257 hoc
1526 2201 1591 2257 de
1622 2202 1878 2272 praesenti
1904 2202 2112 2270 Bethel,

538 2302 698 2361 prout
727 2292 906 2346 verius
952 2306 1171 2362 queam,
1204 2291 1478 2348 elucidare
1513 2293 1775 2349 conabor.
1807 2292 2016 2350 Revera
2050 2297 2115 2352 de

540 2383 644 2437 hoc
690 2382 894 2446 Bethel,
930 2382 1031 2437 sub
1072 2397 1181 2453 quo
1210 2391 1264 2437 et
1307 2396 1337 2437 a
1382 2398 1490 2453 quo
1523 2381 1769 2454 principe
1803 2384 2115 2439 restitutum

534 2474 630 2540 sit,
667 2473 779 2530 fere
808 2474 1114 2545 ignoratur.
1143 2474 1371 2542 Quidam
1408 2477 1576 2542 enim,
1628 2478 1729 2533 sub
1758 2475 2116 2532 Constantino

537 2567 891 2637 imperatore,
950 2570 1017 2623 ab
1068 2567 1273 2624 Helena
1349 2578 1527 2624 matre
1575 2585 1674 2625 sua
1731 2568 2111 2626 reaedillcatum

534 2655 704 2716 fuisse
729 2659 1037 2728 perhibent,
1095 2674 1194 2730 pro
1223 2661 1531 2717 reverentia
1566 2670 1778 2718 sanctte
1809 2663 1988 2717 crucis
2020 2675 2116 2731 per

538 2764 660 2804 eam
708 2758 971 2819 repertae;
1008 2749 1099 2805 alii
1134 2751 1202 2807 ab
1230 2749 1481 2807 Heraclio
1520 2751 1867 2823 imperatore,
1901 2767 2001 2823 pro
2032 2767 2117 2807 re-

534 2837 782 2893 verentia
811 2838 941 2907 ligni
978 2836 1216 2905 Domini,
1252 2841 1395 2910 quod
1427 2840 1494 2896 tle
1521 2839 1743 2897 Perside
1771 2840 2114 2911 triumphans

535 2931 833 2997 attulerat;
861 2931 953 2985 alii
982 2947 1010 2985 a
1036 2930 1344 2987 Iustiniano
1372 2933 1656 3005 Augusto;
1694 2933 1785 2989 alii
1819 2948 1848 2988 a
1878 2932 2113 3005 quodam

533 3022 857 3079 admirando
879 3023 1140 3095 Memphis
1169 3024 1412 3097 Egyptl,
1446 3040 1546 3096 pro
1578 3024 1880 3081 reverentia
1906 3023 2114 3080 Allahi-

2221 1919 2305 1975 nis
2338 1920 2506 1992 regia,
2545 1920 2597 1974 in
2623 1920 2877 1974 accubitu
2925 1918 3082 1975 Sion.
3111 1920 3163 1975 ln
3200 1919 3487 1990 Josaphat,
3520 1920 3781 1975 natatoria

2220 2009 2366 2065 Siloe
2405 2026 2418 2063 :
2450 2009 2518 2065 ad
2551 2025 2713 2079 quam
2745 2008 2998 2066 Christus
3042 2025 3270 2075 ereum,
3304 2014 3373 2067 ab
3411 2026 3478 2068 eo
3516 2010 3780 2067 illumina-

2220 2110 2356 2170 tum,
2417 2101 2587 2168 misit,
2652 2109 2709 2156 ut
2734 2117 2801 2158 ex
2858 2115 2923 2157 ea
2980 2103 3191 2159 levaret
3249 2105 3440 2163 oculos
3482 2120 3645 2175 suos,
3696 2108 3782 2179 qui

2217 2192 2427 2260 abiens,
2459 2192 2611 2260 lavit,
2642 2202 2698 2249 et
2717 2194 2869 2250 vidit.
2911 2192 3081 2261 Siloe,
3133 2196 3333 2253 missus
3384 2198 3779 2269 interpretatur.

2220 2284 2390 2353 Siloe,
2458 2288 2756 2343 secundum
2804 2286 3151 2344 traditionem
3210 2288 3502 2360 majorum,
3564 2304 3630 2348 ex
3680 2290 3783 2350 Silo

2220 2393 2441 2434 manare
2472 2379 2696 2434 dicitur.
2749 2376 2906 2436 Unde
2944 2380 3116 2437 Isaias
3148 2399 3164 2437 :
3200 2380 3351 2437 Siloe
3398 2397 3524 2439 cum
3577 2384 3783 2441 silentio

2218 2471 2486 2539 gurgitem
2527 2486 2689 2527 suum
2743 2471 2925 2541 ducit;
2977 2472 3107 2543 quia
3148 2474 3596 2532 subterraneum.
3632 2474 3787 2533 Juxta

2220 2561 2367 2618 Siloe
2392 2564 2603 2619 exstitit
2630 2577 2865 2633 quercus
2900 2564 3065 2636 Regel
3091 2581 3107 2633 ;
3134 2566 3236 2622 sub
3274 2581 3382 2636 qua
3416 2566 3611 2623 beatus
3633 2569 3787 2626 lsaias

2218 2653 2467 2724 sepultus
2512 2655 2767 2725 quiescit.
2798 2656 2858 2711 in
2879 2658 3019 2712 valle
3052 2655 3337 2728 Josaphat,
3370 2661 3473 2716 sub
3496 2670 3657 2716 acuta
3693 2676 3785 2735 py-

2218 2747 2447 2815 ramide,
2521 2762 2616 2803 rex
2657 2748 2799 2803 idem
2841 2747 3105 2819 Josaphat
3154 2749 3397 2821 sepultus
3425 2753 3686 2823 quiescit.
3735 2755 3786 2811 lu

2218 2835 2358 2892 valle
2386 2835 2653 2908 Josaphat
2682 2838 2926 2908 sepultus
2949 2848 3032 2895 est
3060 2839 3249 2896 beatus
3272 2839 3535 2910 Jacobus,
3565 2842 3786 2915 indeque

2220 2930 2515 2987 translatus
2552 2929 3084 3003 Constantinopolin.
3142 2932 3395 2991 Secundo
3454 2936 3714 2993 milliario
3760 2954 3781 2992 ι

2213 3021 2539 3089 Jerusalem,
2571 3028 2682 3092 vta,
2714 3040 2834 3096 qua:
2878 3026 3032 3082 ducit
3065 3023 3305 3093 Sichem,
3350 3042 3505 3085 mons
3551 3028 3789 3087 Sabaoth

528 3115 649 3185 byi,
676 3115 726 3169 id
752 3124 858 3181 est,
882 3116 1079 3171 summi
1114 3114 1229 3182 Dei,
1255 3116 1419 3172 etiam
1446 3117 1512 3172 ad
1539 3117 1770 3188 primum
1801 3116 2111 3174 colendum.
2139 3148 2183 3208 ο
2217 3116 2270 3171 ἰιι
2303 3115 2446 3171 tribu
2469 3115 2772 3208 Benjamin.
2808 3116 3057 3175 Milliario
3101 3133 3133 3173 a
3171 3116 3496 3187 Jerusalem,
3528 3121 3581 3177 in
3634 3138 3793 3179 accu-

536 3206 619 3261 Ab
647 3207 796 3262 omni
853 3207 1034 3279 lingua
1084 3208 1380 3265 reverende
1413 3216 1701 3266 veneratur
1729 3224 1967 3281 praesens
2004 3209 2111 3268 hoc

534 3298 825 3369 templum,
854 3307 1122 3369 quantum
1164 3299 1508 3370 praedicatur.
1530 3298 1696 3368 Cujus
1718 3300 1771 3356 in
1792 3299 2111 3371 penultimo,

525 3397 725 3445 ertuvo
765 3388 855 3445 die
886 3387 1079 3443 natalis
1113 3389 1221 3453 sui,
1257 3388 1393 3460 puer
1430 3389 1787 3446 circumcisus
1816 3399 1937 3457 est;
1973 3405 2111 3461 prae-

534 3482 745 3551 putium
771 3481 942 3553 cujus.
968 3478 1265 3537 Jerusalem
1298 3482 1350 3537 in
1377 3482 1576 3553 templo
1600 3484 1667 3539 de
1692 3482 1868 3551 caelis,
1902 3484 1972 3540 ab
2006 3499 2109 3540 an-

533 3577 677 3646 gelo,
703 3576 898 3633 Carolo
920 3576 1115 3648 Magno
1148 3577 1257 3647 regi
1290 3587 1677 3647 praesentatum
1712 3577 1839 3644 fuit,
1863 3587 1915 3635 et
1945 3580 2013 3634 ab
2042 3594 2109 3635 eo

532 3670 775 3728 delatum
817 3672 869 3725 in
917 3670 1147 3726 Galliam
1186 3670 1586 3743 Aquisgranum
1623 3689 1638 3728 :
1673 3682 1859 3744 postea
1889 3674 2107 3741 quidem

536 3775 564 3815 a
589 3761 788 3816 Carolo
816 3759 982 3825 Calvo
1013 3760 1332 3816 translatum
1366 3763 1419 3816 in
1447 3777 1642 3835 pagum
1685 3761 2105 3829 Pictaviensem,

534 3852 677 3922 apud
706 3852 1048 3918 Carnosiam,
1091 3854 1146 3909 in
1172 3852 1424 3918 ecclesia,
1451 3869 1614 3924 quam
1646 3853 1719 3910 ibi
1762 3854 1815 3909 in
1844 3854 2106 3909 honorem

533 3944 1167 4012 Salvatm'isconstruxit,
1186 3955 1243 4001 et
1268 3947 1430 4017 regiis
1458 3946 1616 4003 bouis
1633 3947 1985 4017 amplissimis
2007 3945 2110 4002 sub

526 4037 837 4093 monachali
892 4037 1153 4111 religione
1213 4039 1603 4109 locupletavit,
1667 4041 1810 4111 quod
1860 4056 1927 4095 ex
1978 4050 2109 4097 tunc

527 4146 704 4201 usque
728 4133 890 4187 modo
928 4133 1002 4189 ibi
1029 4133 1347 4189 solemniter
1380 4143 1669 4191 veneratur
1696 4137 1811 4207 ipsa
1852 4135 2108 4207 praesenti

528 4237 632 4279 suo
664 4221 821 4280 .lesus
846 4237 876 4278 a
915 4232 1087 4279 matre
1133 4238 1230 4278 sua
1259 4233 1619 4294 prasxntatus
1647 4232 1751 4293 est,
1781 4234 1836 4281 et
1860 4238 2109 4300 receptus

531 4329 564 4370 a
615 4317 773 4370 beato
829 4314 1073 4381 Simone,
1115 4315 1376 4371 dicente:
1412 4311 1573 4371 Nunc
1626 4317 1849 4371 dimittis
1897 4336 2107 4375 servum

532 4416 706 4470 ritum,
743 4406 965 4462 Domine
983 4406 1050 4461 ".
1070 4406 1146 4462 De
1167 4406 1370 4478 templo
1395 4406 1507 4476 ipso
1532 4405 1779 4463 liberavit
1808 4409 2108 4466 adulteram

2217 3208 2334 3263 bitu
2376 3208 2577 3263 montis
2608 3207 2828 3274 Oliveti,
2865 3219 3052 3265 contra
3078 3209 3443 3280 Asphaltiten,
3472 3210 3739 3270 Bethania
3773 3229 3791 3277 :

2223 3314 2348 3371 quae
2385 3300 2715 3357 collateralis
2753 3309 2838 3357 est
2877 3304 3045 3357 monti
3080 3303 3322 3375 V‘Oliveti.
3370 3305 3525 3363 Mons
3571 3306 3794 3376 Oliveti,

2219 3406 2379 3448 mons
2415 3391 2756 3459 offensionis,
2786 3403 2841 3448 et
2872 3394 3187 3452 continuus.
3236 3394 3438 3455 Dividit
3479 3408 3667 3455 autem.
3694 3414 3793 3458 eos

2222 3487 2331 3552 via,
2370 3500 2491 3556 quae
2555 3487 2621 3541 de
2652 3485 2915 3555 Josaphat
2952 3502 3049 3557 per
3078 3487 3358 3562 Betphage
3403 3491 3572 3551 ducit.
3606 3494 3794 3551 Dictus

2219 3590 2305 3636 est
2340 3588 2520 3635 autem
2555 3592 2709 3634 mons
2744 3579 3084 3647 offensionis,
3109 3597 3175 3638 eo
3220 3583 3367 3652 quod
3410 3600 3505 3642 rex
3537 3584 3791 3641 Salomon

2219 3672 2274 3728 in
2301 3686 2367 3727 eo
2406 3670 2605 3727 idolum
2650 3669 2861 3727 Muloclt
2894 3673 3159 3728 adoravit.
3208 3673 3475 3732 Bethania
3529 3687 3611 3733 est
3637 3680 3798 3749 oppi-

2220 3764 2350 3819 dum
2377 3762 2531 3830 illud,
2568 3764 2621 3817 in
2651 3780 2759 3833 quo
2792 3760 2979 3820 Simon
3015 3766 3264 3836 leprosus
3306 3784 3448 3838 saepe
3494 3768 3673 3826 Jesum
3704 3786 3798 3827 re-

2219 3857 2365 3928 cepit
2386 3856 2440 3911 in
2468 3858 2733 3928 hospitem
2757 3873 2772 3923 ;
2801 3857 2890 3914 cui
2919 3857 3115 3914 devote
3140 3860 3527 3916 minisuahant
3549 3862 3715 3918 Maria
3738 3875 3796 3921 et

2218 3948 2449 4004 Martha.
2484 3948 2760 4004 Bethania:
2814 3947 2980 4003 Maria
3042 3964 3165 4005 curn
3198 3950 3453 4024 lacrymis
3489 3954 3667 4025 rigans
3694 3971 3792 4025 pe-

2226 4042 2322 4097 des
2374 4037 2527 4105 Jesu,
2583 4040 2810 4108 suisque
2843 4040 3085 4095 crinibus
3124 4051 3436 4113 extergeus,
3476 4054 3533 4099 et
3582 4060 3796 4115 ungeus

2224 4140 2519 4203 unguento,
2553 4146 2775 4188 suorum
2803 4133 3017 4187 veniam
3064 4134 3260 4188 meruit
3282 4146 3651 4204 peccatorum.
3692 4139 3799 4197 Be-

2226 4223 2423 4279 thania!
2476 4223 2723 4280 Christus
2768 4222 3037 4278 Martham
3092 4225 3357 4293 laudavit,
3414 4237 3471 4283 et
3532 4227 3795 4297 Mariam,

2220 4311 2513 4376 Martham,
2564 4313 2623 4367 in
2672 4312 3033 4369 ministrando
3087 4315 3417 4383 sollicitam;
3453 4315 3705 4384 Mariam,
3738 4318 3797 4373 in

2218 4405 2399 4462 verbis
2427 4406 2545 4476 ejus
2577 4405 2866 4461 sollicitam
2900 4424 2917 4462 :
2950 4422 3184 4479 quarum
3227 4410 3478 4477 precibus
3507 4420 3562 4466 et
3614 4412 3799 4484 lacry-

532 4500 604 4556 ab
619 4499 1001 4555 accusantibus
1022 4514 1166 4565 eam,
1192 4500 1412 4555 dicens:
1440 4498 1545 4564 Qui
1568 4499 1681 4555 sine
1708 4510 1919 4570 peccato
1945 4513 2018 4557 est
2038 4504 2110 4570 ιι,
2142 4492 2190 4549 D
2218 4498 2323 4553 mis
2348 4506 2673 4563 commotus,
2711 4496 2936 4554 fratrem
2968 4514 3153 4555 earum
3189 4500 3458 4557 Lazarum
3513 4506 3564 4559 in
3603 4522 3801 4560 monu-

528 4601 643 4646 etc.
673 4590 777 4647 ista
816 4590 1060 4646 adultera
1086 4588 1190 4645 fuit
1222 4590 1288 4645 de
1314 4589 1459 4646 tribu
1487 4587 1815 4661 Neplttalim,
1861 4593 1969 4648 ﬁlia
2008 4595 2111 4651 Se-

530 4698 651 4754 gor.
702 4683 758 4739 In
811 4684 1011 4754 templo
1058 4685 1163 4739 isto
1208 4682 1451 4739 laudavit
1496 4699 1695 4740 munus
1742 4687 2107 4757 pauperculae,

526 4781 675 4850 quod
717 4780 769 4835 in
800 4778 1186 4851 gazOphylacio
1226 4786 1517 4847 posuerat;
1557 4792 1677 4846 quae
1730 4762 1926 4844 totum,
1964 4781 2109 4848 quod

529 4872 787 4938 habebat,
821 4872 1101 4926 attulerat.
1133 4870 1191 4924 In
1226 4869 1427 4937 templo
1469 4869 1593 4935 isto,
1626 4868 1753 4923 dum
1800 4881 2110 4925 moraretur

532 4962 858 5027 Jerusalem,
888 4962 1118 5018 docebat
1155 4960 1392 5029 Judmos,
1441 4961 1567 5017 licet
1600 4974 1724 5016 eum
1756 4962 2102 5019 somniantes.

529 5054 711 5126 Supra
761 5054 1108 5124 pinnaculum
1152 5052 1335 5122 templi
1376 5050 1564 5126 statuit
1602 5048 1784 5105 Jesum
1834 5050 2107 5119 diabolus,

534 5118 923 5212 tentoria-eum,
960 5154 1016 5201 et
1038 5145 1222 5204 dicens
1254 5118 1356 5200 z—Si
1394 5118 1438 5196 Ii
1443 5144 1565 5198 ilius
1600 5142 1696 5197 Dei
1724 5160 1776 5198 es
1800 5145 1867 5208 ³⁸,
1898 5155 2003 5199 etc.
2034 5118 2110 5199 De

532 5239 739 5311 templo
763 5238 1127 5309 praecipitatus
1156 5236 1261 5291 fuit
1293 5238 1451 5293 divus
1476 5234 1735 5300 Jacohus,
1772 5237 1976 5307 primus
2001 5237 2104 5291 sub

520 5330 710 5403 gratia
756 5329 998 5401 pontifex
1040 5330 1095 5386 in
1122 5328 1447 5385 Jesusalem.
1486 5328 1543 5381 ιιι
1585 5329 1784 5399 templo
1833 5328 1938 5382 isto
1973 5344 2110 5382 nun-

537 5425 731 5479 tiatum
766 5422 888 5493 fuit,
933 5423 1002 5479 ab
1047 5420 1259 5495 angelo,
1296 5420 1594 5487 Zachariae,
1654 5420 1830 5477 natale
1882 5421 1975 5477 ﬁlii
2029 5421 2112 5476 sui

530 5516 758 5575 Joannis
789 5516 1068 5587 Baptistae,
1117 5515 1254 5572 feria
1280 5524 1459 5580 sexta,
1510 5516 1640 5569 hora
1674 5512 1929 5569 secunda.
1971 5511 2117 5569 Inter

502 5626 507 5629 ·
537 5610 800 5682 templum
828 5616 882 5665 et
905 5609 1083 5666 altare
1116 5604 1427 5673 Zacharias,
1457 5604 1597 5662 ﬁlius
1628 5602 1933 5672 Barachiac,
1962 5619 2108 5660 mar-

614 5786 662 5821 ”
689 5785 823 5846 Luc.
861 5804 925 5858 ιι,
1136 5788 1177 5822 ²¹
1204 5786 1357 5847 Joan.
1392 5804 1512 5859 vni,
1548 5788 1598 5845 7.
1675 5787 1939 5846 "Matth.
1970 5804 2043 5858 tv,
2077 5790 2133 5847 ε.

2212 4602 2395 4647 mento
2422 4591 2536 4659 jam
2568 4592 3016 4661 quatriduanum,
3052 4592 3176 4648 vita:
3206 4594 3468 4649 restituit.
3501 4594 3793 4662 Bethania,

2209 4682 2398 4736 domus
2449 4683 2759 4739 obedientia:
2795 4683 3208 4753 interpretatur.
3247 4683 3542 4755 Betphage,
3590 4703 3717 4755 qua:
3743 4699 3794 4741 et

2208 4772 2401 4826 vitulus
2416 4774 2774 4839 sacerdotum,
2805 4775 2989 4828 domus
3016 4774 3192 4828 buceta
3227 4775 3311 4829 vel
3337 4778 3687 4832 mutuarum
3720 4784 3795 4833 inv

2213 4873 2559 4934 terpretatur.
2591 4864 2743 4921 Mons
2779 4864 2999 4930 Oliveti,
3033 4882 3187 4922 mons
3232 4867 3514 4934 tribuaris,
3545 4872 3626 4924 vel
3662 4888 3800 4926 san-

2212 4958 2581 5015 ctificationis.
2622 4959 2788 5014 Vallis
2821 4958 3109 5031 Josaphat,
3146 4960 3297 5017 vallis
3320 4962 3532 5031 iudicii.
3568 4965 3804 5019 Jerusa-

2212 5050 2341 5117 lem,
2368 5053 2508 5108 visio
2554 5054 2726 5123 pacis.
2787 5054 2940 5118 Sion,
2972 5055 3275 5125 speculum,
3331 5056 3416 5111 vel
3465 5060 3801 5128 speculatio.

2212 5143 2316 5198 Per
2370 5144 2515 5199 hunc
2550 5148 2823 5201 tramitem
2852 5147 3096 5202 ascendit
3123 5146 3285 5205 Jesus
3338 5148 3808 5222 Hierosolymam,

2214 5236 2408 5291 sedens
2459 5251 2621 5306 super
2653 5237 2881 5303 asinam,
2934 5236 3042 5300 die,
3095 5254 3197 5308 qua
3247 5239 3554 5295 celebratur
3606 5258 3808 5298 minus

2222 5325 2546 5396 palmarum.
2582 5326 2673 5382 Sic
2706 5339 2759 5381 ct
2788 5329 3016 5397 quisque
3045 5329 3344 5386 catholicus
3389 5331 3561 5403 angeli
3587 5333 3809 5388 summi

2214 5418 2425 5473 consilii
2458 5417 2618 5473 debet
2642 5419 2920 5495 incedere,
2943 5429 2999 5476 et
3036 5422 3187 5477 adire
3212 5426 3552 5493 prtesentiam
3592 5440 3801 5484 sacer-

2214 5511 2428 5576 dotum,
2464 5513 2552 5584 qui
2581 5512 2670 5567 Dei
2700 5514 2921 5568 verbum
2956 5515 3270 5585 rumiuaut;
3299 5527 3356 5575 ut
3394 5521 3462 5576 ab
3493 5521 3569 5577 eis
3605 5519 3801 5576 cor-ri-

2219 5614 2401 5675 gatur,
2426 5616 2482 5660 ct
2520 5606 2843 5679 instruatur,
2879 5621 3052 5678 coque
3086 5610 3316 5669 consilio
3340 5622 3395 5671 et
3430 5614 3664 5672 doctrina
3687 5628 3799 5671 su-

2209 5794 2253 5826 ”
2305 5793 2425 5851 Act.
2459 5811 2541 5864 tu,
2601 5794 2653 5850 6.
2732 5796 2776 5829 ²¹⁶
2804 5796 2970 5854 Marc.
3010 5753 3150 5866 tt,
