3988 6284
290 336 426 414 lout

1529 350 1630 412 DE
1669 344 1886 414 LOCIS
1909 340 2259 412 ’SANC'I‘IS.

3415 347 3555 413 1002

290 464 411 519 bire
462 460 656 518 vallem
721 460 936 532 iudicii,
994 459 1050 515 id
1105 466 1219 525 est,
1282 459 1664 517 contritionem
1720 463 2299 533 sanaeAiiquoribus,
2331 467 2388 518 et
2440 459 2781 518 aromatibus
2838 458 3098 526 condivit,
3146 458 3560 532 inrolutumqua

285 553 747 626 cmupunctiouis,
777 554 829 607 in
862 562 1188 625 conspectu,
1220 555 1235 576 ‘
1258 550 1504 607 videlicet
1528 554 1616 624 qui
1647 567 1707 609 se
1733 554 1871 610 amia

285 647 386 718 git,
419 659 517 716 per
549 655 757 715 portam
816 642 1147 699 Orientaletu
1178 644 1338 713 digne
1371 643 1695 698 introiturns
1741 660 1870 698 san-

287 747 431 793 ctam
458 734 785 804 Jerusalem,
818 737 1094 792 cmlestem
1147 735 1301 800 Sion,
1333 735 1468 791 stola
1512 738 1871 804 jurumlitatis

284 831 649 886 decorandus.
685 829 863 887 Monte
901 829 1029 884 Sion
1066 830 1199 882 lavit
1229 827 1389 884 Jesus
1430 827 1595 898 pedes
1626 830 1870 898 discipu-

283 919 462 975 lorum
531 936 779 983 suorum,
831 913 1020 977 dicens
1074 918 1316 981 eis:Sic
1374 921 1537 990 facile
1590 921 1643 975 in
1702 936 1870 974 meum

280 1015 827 1069 commemorationem
869 1014 936 1067 ³³.
972 1012 1151 1069 Monte
1205 1014 1336 1069 Sion
1399 1014 1636 1068 castravit
1706 1008 1867 1066 Jesus

282 1120 410 1163 cum
457 1106 738 1176 discipulis
764 1108 899 1170 suis,
933 1108 1066 1160 dans
1102 1106 1180 1162 eis
1211 1105 1266 1159 in
1308 1121 1443 1175 pane
1471 1120 1670 1176 corpus
1710 1120 1869 1159 suum

280 1196 353 1253 ad
392 1196 856 1262 manducandum,
890 1206 945 1253 et
996 1197 1050 1252 in
1108 1198 1231 1251 vino
1263 1198 1585 1267 sanguinem
1616 1213 1771 1252 suum
1802 1196 1866 1253 ad

279 1290 579 1346 bibendum
608 1308 622 1345 :
653 1294 798 1361 quod
824 1300 907 1345 est
938 1292 1190 1366 viaticum
1222 1302 1424 1344 nostra:
1455 1290 1866 1360 redemptionis.

277 1382 466 1437 Monte
495 1380 652 1449 Sion,
693 1384 745 1437 in
774 1397 933 1439 coena
968 1399 1131 1453 supra
1193 1397 1384 1454 peetus
1417 1384 1630 1439 Domini
1679 1388 1869 1438 beatus

274 1473 520 1532 Joannes
581 1477 873 1543 recubuit,
935 1479 1003 1533 de
1062 1479 1211 1532 fonte
1278 1478 1559 1548 sapientiae
1648 1486 1863 1548 potans.

276 1568 466 1625 Monte
502 1570 659 1635 Sion,
688 1569 865 1638 Judte,
896 1572 1158 1641 proditori
1183 1587 1305 1638 suo,
1337 1574 1390 1625 in
1422 1586 1581 1627 caena
1617 1570 1870 1627 Cbrisms

278 1662 587 1719 buccellam
663 1663 823 1733 panis
872 1663 1082 1721 intulit.
1128 1664 1307 1718 Monte
1349 1663 1478 1719 Sion
1535 1663 1615 1718 ait
1663 1664 1866 1720 Jesus:

279 1752 491 1809 Mecum
530 1755 685 1809 estin
727 1770 933 1820 mensa,
1009 1771 1212 1809 mecum
1261 1756 1474 1827 intingit
1535 1774 1750 1812 manum
1815 1760 1867 1812 in

1983 559 2035 615 in
2058 559 2289 615 sindone
2318 556 2536 623 munda,
2567 556 2708 610 haud
2742 554 2897 625 longe
2924 555 3169 626 sepelivit
3203 555 3254 610 in
3290 554 3472 621 horto,
3505 556 3560 610 in

1983 661 2357 712 monumento,
2394 648 2533 719 quod
2590 661 2790 702 novum
2833 647 2934 703 sibi
2968 648 3034 701 de
3066 662 3198 718 rupe
3233 648 3560 717 sculpserat.

1982 742 2117 799 lude
2167 736 2445 797 descendit
2502 743 2568 794 ad
2624 740 2827 797 inferos
2878 742 2943 795 ad
2980 741 3355 796 redimendum
3392 741 3566 796 homic

1983 848 2158 891 nem:
2208 834 2331 888 inde
2367 834 2701 897 rt-Sttrrexit,
2752 849 2912 889 verus
2965 834 3048 889 leo
3098 836 3165 888 de
3209 834 3350 888 trihu
3397 832 3563 897 Juda,

1983 936 2156 979 morte
2187 924 2412 979 subacta
2442 925 2513 979 ibi
2546 942 2559 979 :
2598 936 2652 979 et
2682 924 2908 994 angelus
2944 925 3154 977 Domini
3197 924 3400 978 sanctis
3447 939 3566 975 tntt-

1983 1016 2203 1071 lieribus
2255 1019 2523 1085 apparuit,
2559 1018 2670 1087 jam
2709 1017 2778 1071 ab
2806 1016 2947 1070 ostio
2984 1014 3325 1069 monumenti
3384 1013 3563 1083 lapide

1982 1109 2251 1173 revoluto,
2274 1118 2348 1175 et,
2375 1107 2558 1174 Jesuin
2582 1122 2711 1163 vere
2735 1107 3105 1162 resurrexisse
3134 1107 3415 1172 nuntians,
3442 1104 3495 1159 ai
3547 1121 3561 1157 :

1980 1202 2081 1265 Ite,
2113 1212 2158 1255 et
2192 1202 2350 1256 dicite
2370 1203 2642 1271 discipulis
2664 1201 2798 1270 ejus,
2830 1212 2877 1255 et
2922 1200 3106 1263 Petro,
3133 1200 3273 1271 quod
3304 1198 3564 1269 prwcedu

1978 1312 2066 1350 vos
2098 1296 2150 1350 in
2198 1294 2474 1350 Galiltcam
2510 1297 2575 1352 ⁸³.
2612 1297 2725 1352 Sub
2759 1297 2877 1352 loco
2927 1296 3219 1359 Calvariae,
3283 1294 3335 1349 in
3386 1293 3564 1363 capite

1977 1384 2259 1450 Ecclesiae,
2294 1386 2360 1441 ab
2392 1385 2593 1441 Helena
2644 1403 2775 1442 crux
2814 1387 3022 1441 Domini
3061 1396 3274 1453 reperta
3326 1395 3432 1441 est.
3463 1384 3565 1439 Se-

1977 1481 2157 1537 cundo
2192 1479 2446 1536 milliario
2466 1493 2495 1533 a
2524 1478 2852 1545 Jerusalem,
2885 1489 3080 1536 contra
3112 1480 3411 1535 Jerusalem
3442 1494 3565 1535 cre-

1978 1574 2053 1625 vit
2092 1572 2254 1627 arbor
2301 1571 2390 1626 illa
2428 1572 2767 1642 dignissima,
2805 1588 2858 1627 tu
2886 1590 2990 1644 qua
3023 1588 3182 1629 verus
3207 1572 3298 1628 ille
3346 1572 3429 1627 leo
3462 1586 3562 1641 pe-

1978 1664 2183 1733 pendit,
2214 1664 2305 1734 qui
2338 1672 2515 1719 morte
2539 1679 2634 1719 sua
2662 1675 2894 1721 mortem
2918 1665 3139 1729 delevit,
3167 1666 3335 1722 vitam
3359 1664 3563 1720 mundo

1978 1773 2259 1825 reparans.
2291 1756 2443 1813 Unde
2468 1760 2729 1828 propheta
2758 1775 2776 1814 :
2810 1757 2855 1812 ο
2888 1774 3161 1827 mors,ero
3196 1774 3336 1813 mors
3362 1768 3457 1815 ius
3489 1759 3559 1825 “,

270 1848 580 1916 paropside,
603 1850 696 1920 qui
716 1866 795 1903 me
824 1849 1118 1903 traditurus
1142 1861 1219 1903 est
1243 1851 1311 1906 ".
1351 1848 1448 1905 Cui
1470 1848 1670 1905 Judas:
1697 1851 1870 1904 Num-
1903 1851 1941 1905 8
1968 1861 2079 1908 etc.
2113 1850 2185 1907 De
2219 1856 2442 1907 carcere
2478 1866 2628 1917 vero,
2683 1863 2738 1907 et
2785 1852 2966 1909 medio
2996 1854 3207 1915 mundi.
3234 1853 3560 1909 fabulatorie

267 1941 404 2011 quid
428 1957 521 2011 ego
556 1958 695 2008 sum,
729 1940 894 1998 Βαιθόί
920 1944 947 1995 2
975 1942 1136 1998 Jesns
1187 1943 1481 2013 respondet
1514 1945 1561 1998 ei
1600 1960 1616 1999 :
1656 1943 1736 1999 Tu
1779 1944 1866 1997 di-

270 2033 353 2086 cis
381 2032 448 2087 ’τι
477 2033 556 2087 Ad
584 2034 864 2088 sinistram
890 2037 1090 2090 montis
1119 2033 1275 2100 Sion,
1307 2050 1471 2103 super
1495 2051 1683 2106 agrum
1711 2050 1867 2105 pere-

268 2125 581 2192 grinorutn,
624 2129 717 2196 qui
755 2136 809 2181 et
844 2126 1196 2193 llakeldama,
1249 2128 1303 2183 id
1333 2139 1438 2192 est,
1483 2142 1613 2196 ager
1638 2129 1863 2198 sangui-

269 2219 383 2288 nis,
413 2236 575 2276 secus
605 2224 773 2289 viam,
799 2241 918 2295 quze
944 2225 1095 2281 ducit
1122 2225 1391 2298 Ephrata.
1415 2230 1431 2250 '
1454 2226 1603 2282 Mons
1635 2225 1788 2294 Sion,
1810 2228 1863 2281 in

266 2325 382 2380 quo
409 2328 501 2369 rex
531 2312 792 2371 Salomon
826 2324 1045 2382 unctus,
1080 2320 1231 2389 regni
1263 2319 1516 2374 diadema
1550 2321 1779 2389 recepit.
1808 2320 1863 2374 ln

265 2403 577 2462 Jerusalem
616 2408 861 2463 vendidit
893 2406 1084 2464 Jesutn
1118 2409 1288 2466 Judas
1323 2412 1454 2465 hora
1486 2426 1863 2483 vesperarum.

267 2499 332 2552 in
364 2500 619 2555 accubitu
678 2503 882 2559 montis
932 2502 1132 2559 Oliveti
1173 2514 1363 2560 contra
1411 2506 1677 2561 orientem
1712 2513 1866 2559 trans

266 2590 679 2663 Cedrou,jactu
708 2591 906 2666 lapidis
933 2610 962 2649 a
987 2595 1362 2663 Getbsemani,
1404 2596 1584 2651 oravit
1614 2595 1866 2651 Christus

264 2688 339 2743 ad
392 2686 608 2742 Patrem
654 2702 837 2753 suum,
896 2693 1128 2748 dicens:
1160 2691 1357 2757 Pater,
1395 2693 1445 2746 si
1495 2692 1615 2761 ﬁeri
1674 2701 1864 2762 potest,

262 2788 505 2851 transeat
532 2791 565 2835 α
596 2797 680 2837 me
730 2782 874 2837 colis:
908 2783 1008 2838 iste
1037 2782 1123 2851 ";’
1166 2784 1255 2839 tibi
1305 2800 1372 2839 ex
1420 2785 1615 2840 timore
1657 2784 1863 2849 carnis,

262 2872 522 2929 sudorem
559 2873 699 2930 ludit
732 2875 888 2946 quasi
936 2874 1259 2945 sanguinem
1290 2890 1308 2945 ;
1340 2878 1428 2932 ubi
1463 2888 1519 2931 et
1552 2879 1631 2933 ait
1653 2872 1816 2933 Petro
1846 2896 1862 2935 :

270 2959 396 3020 Non
420 2966 672 3037 potuistis
714 2984 822 3023 una
870 2967 1006 3022 [toro
1037 2967 1261 3039 vigilare
1308 2984 1512 3024 mecum
1547 2969 1628 3025 "2
1662 2970 1865 3026 Deinde

265 3058 621 3117 Getltsemani
674 3075 955 3132 regressus
1004 3069 1111 3117 est.
1142 3058 1313 3118 Judas
1373 3069 1554 3117 autem
1608 3065 1859 3130 traditor,
1906 3092 1910 3095 -

271 3161 497 3223 accepto
513 3154 625 3221 jam
654 3156 849 3223 pretio,
880 3154 946 3209 ad
973 3153 1028 3210 id
1059 3157 1203 3224 quod
1238 3156 1304 3211 de
1332 3154 1459 3210 Jesu
1488 3156 1691 3212 Judaeis
1727 3174 1862 3226 spe-

270 3247 476 3314 pendit,
512 3246 725 3315 signum
756 3246 977 3302 dederat
1004 3246 1217 3301 cohorti
1249 3264 1264 3301 :
1298 3246 1673 3319 Quemcunque
1701 3267 1857 3304 oscu-

263 3336 408 3392 Iulus
424 3337 585 3407 {uero
612 3338 683 3405 ”,
714 3349 822 3394 etc.
858 3338 1055 3405 Quem,
1085 3340 1363 3410 cognitum
1395 3340 1600 3396 fraudis
1645 3344 1855 3410 osenla,

255 3423 508 3497 vinctum
541 3431 743 3485 ducunt
768 3431 831 3484 in
878 3431 1034 3498 Sion,
1080 3433 1148 3485 ad
1182 3432 1336 3486 Pilati
1373 3436 1709 3505 praetorium.
1758 3435 1856 3491 Ubi

258 3530 319 3575 et
358 3520 556 3577 Petrus
586 3530 674 3577 ter
707 3537 830 3576 eum
879 3526 1097 3593 negavit
1132 3540 1148 3581 :
1184 3525 1326 3580 unde
1381 3535 1451 3588 et,
1515 3525 1637 3598 galli
1694 3540 1856 3582 cantu

263 3614 354 3685 pie
385 3614 743 3691 reminiscens
778 3616 927 3670 verbi
957 3614 1113 3681 Jesu,
1142 3632 1269 3672 vere
1294 3618 1571 3687 pmnituit,
1604 3617 1857 3689 ﬂevitque

260 3719 493 3775 amare;
544 3719 597 3761 et
642 3698 857 3778 {ngleus
884 3706 940 3762 in
994 3722 1307 3771 cavernam,
1365 3724 1488 3777 quas
1518 3712 1677 3765 modo
1718 3712 1855 3768 Galli

262 3811 460 3858 cantus
488 3803 817 3873 appellatur,
852 3802 1258 3873 vulgariterque
1305 3802 1544 3860 Galilaeae
1589 3806 1698 3870 via,
1736 3822 1857 3874 quas

264 3894 551 3950 descendit
593 3886 880 3965 Josspltat,
929 3896 1029 3949 sub
1057 3905 1205 3964 porta
1240 3897 1443 3949 montis
1490 3894 1642 3953 Sion.
1675 3897 1855 3954 Monte

265 3974 401 4037 Sion
427 3980 611 4039 Jesum
637 3980 943 4054 upprobriis
968 3977 1246 4047 afﬂictum,
1278 3986 1596 4040 verberibus
1626 4002 1852 4055 enisum,

260 4080 478 4132 catenis
518 4086 747 4141 lentum,
780 4068 844 4131 ac
884 4075 1147 4141 derisum,
1197 4077 1379 4133 crucis
1434 4092 1546 4133 suae
1592 4079 1851 4147 bajulum,

263 4168 426 4227 Pilati
448 4168 627 4238 jussu,
660 4167 971 4225 Judatorutn
1006 4167 1261 4239 impulsu,
1291 4171 1345 4225 in
1371 4169 1658 4240 Golgotha,
1706 4172 1852 4241 quod

258 4270 347 4318 est
388 4262 651 4317 Calttarisu
702 4262 878 4327 locus,
916 4262 1093 4317 tunica
1130 4271 1375 4329 exutum,
1406 4261 1535 4319 felle
1580 4275 1636 4319 et
1696 4278 1851 4320 aceto

261 4366 531 4427 potatum,
560 4356 743 4411 crucis
765 4355 1009 4424 patibulo
1040 4369 1361 4423 suspensum
1407 4354 1530 4410 neci
1561 4357 1845 4412 dederunt.

262 4451 463 4517 Locus,
498 4453 741 4521 inquam,
792 4448 1061 4506 Calvaria:
1105 4449 1305 4513 dictus,
1369 4462 1435 4502 eo
1490 4449 1723 4517 quodin
1782 4465 1848 4506 eo

1972 1945 2329 2015 prmdicatur;
2379 1960 2502 1999 cum
2560 1947 2844 2017 utriusque
2877 1946 2977 2002 loci
3015 1947 3259 2016 dignitas
3300 1947 3432 2003 satis
3464 1961 3565 2003 re-

1971 2040 2207 2093 verenda
2238 2040 2329 2095 sit.
2362 2039 2558 2106 Locus,
2591 2042 2832 2111 inquam,
2866 2039 2958 2111 qui
2988 2042 3145 2095 modo
3170 2041 3374 2095 Carcer
3403 2040 3564 2099 Chri-

1971 2133 2038 2187 sti
2079 2132 2304 2197 dicitur,
2339 2136 2389 2187 in
2428 2137 2683 2204 passione
2728 2132 2855 2191 Jesu
2896 2136 3222 2203 campestris
3266 2146 3422 2200 erat;
3463 2134 3560 2192 sed

1971 2224 2023 2278 in
2052 2225 2128 2294 lea
2164 2235 2370 2281 moram
2420 2225 2628 2293 habuit,
2694 2227 2930 2296 quandiu
2992 2226 3450 2282 machinabantur
3504 2224 3557 2283 ei

1968 2320 2150 2374 crucis
2181 2320 2555 2389 suspendium.
2604 2319 2700 2375 lllo
2735 2319 2951 2390 quidem
2980 2318 3128 2385 loco,
3171 2320 3416 2375 secundo
3440 2335 3561 2375 meo

1971 2412 2250 2467 nil‘estavit
2277 2427 2335 2468 se
2364 2411 2526 2469 Jesus
2567 2412 2751 2468 Marite
2779 2411 3129 2483 Magdalenze,
3170 2427 3297 2468 eum
3352 2413 3562 2474 rediret

1969 2505 2039 2561 ab
2074 2504 2287 2562 inferis.
2319 2506 2521 2562 Eadem
2554 2506 2775 2578 diejam
2806 2506 3117 2563 declinante
3137 2509 3204 2562 ad
3242 2522 3555 2579 vesperam,

1966 2596 2071 2651 sub
2102 2599 2372 2665 peregrini
2407 2599 2591 2669 specie
2647 2598 2890 2664 latitans,
2926 2598 3180 2669 apparuit
3227 2598 3442 2657 duobus
3472 2599 3563 2655 di-

1968 2690 2194 2763 sr-ipulis
2220 2691 2273 2745 iu
2306 2692 2412 2754 vis.
2468 2691 2572 2748 sub
2624 2702 2924 2762 conquestu
2950 2692 3019 2748 de
3045 2700 3223 2748 morte
3263 2690 3407 2748 illius
3436 2700 3559 2749 ten--

1966 2784 2220 2840 dentibus
2251 2782 2559 2853 Nicopolin,
2590 2785 2643 2838 id
2669 2784 3054 2850 est,Emmaus
3084 2785 3364 2856 oppidum,
3384 2786 3558 2857 septi-

1968 2892 2060 2933 mo
2093 2877 2349 2933 milliario
2379 2894 2406 2930 a
2439 2875 2745 2932 Jerusalem
2775 2896 2791 2934 :
2822 2893 2981 2949 quem
3004 2887 3060 2934 et
3090 2879 3162 2935 ibi
3195 2890 3471 2949 receptum
3494 2880 3553 2939 ita

1967 2968 2239 3039 hospitem
2302 2979 2735 3041 recugttoverttltt
2804 2974 2863 3027 in
2928 2968 3197 3028 fractione
3266 2975 3450 3043 panis;
3495 2981 3557 3030 es

1970 3064 2154 3117 statim
2188 3061 2457 3133 disparuit
2483 3064 2550 3116 ab
2595 3062 2697 3117 eis.
2750 3062 2933 3119 Monte
2971 3061 3105 3119 Sion
3139 3065 3393 3134 apparuit
3417 3078 3557 3134 sapo-

1967 3154 2121 3208 stolis
2175 3156 2447 3221 omnibus,
2487 3153 2693 3225 absque
2732 3153 2964 3221 Thema,
2993 3154 3173 3221 ianuis
3198 3155 3426 3219 clausis,
3469 3156 3553 3210 di-

1966 3261 2095 3301 cens
2122 3248 2201 3301 eis
2236 3264 2249 3302 :
2291 3245 2410 3301 Pas:
2454 3249 2594 3302 vobis
2640 3249 2706 3304 “.
2757 3247 2939 3304 Monte
2990 3247 3142 3315 Sion,
3191 3259 3383 3303 octava
3438 3246 3551 3308 die.
3636 3316 3642 3322 Α

1966 3335 2188 3394 Thomas
2237 3356 2359 3394 cum
2394 3340 2523 3408 illis,
2548 3340 2729 3408 ianuis
2764 3339 2968 3397 clausis
3002 3341 3281 3406 omnibus,
3325 3340 3551 3395 vulnera

1963 3443 2060 3485 sua
2107 3430 2375 3502 palpanda
2402 3432 2619 3488 obtulit.
2669 3430 2769 3487 Cui
2820 3433 2897 3488 ait
2953 3430 3195 3488 Thomas
3239 3450 3255 3487 :
3292 3431 3552 3486 Dominus

1962 3541 2130 3592 meus,
2158 3536 2203 3578 et
2241 3525 2382 3580 Deus
2428 3541 2573 3580 meus
2609 3525 2675 3579 ³⁸.
2710 3524 2765 3579 in
2808 3523 3031 3581 Galilsea
3076 3540 3236 3580 secus
3289 3541 3458 3589 mare,
3495 3536 3551 3581 et

1963 3622 2017 3674 in
2048 3619 2182 3674 mari
2226 3618 2511 3688 discipulis
2548 3624 2662 3673 suis
2705 3628 2789 3673 ter
2826 3634 2886 3675 se
2954 3616 3349 3673 manifestarit.
3398 3616 3550 3685 Qua-

1964 3711 2276 3781 dragesimo
2306 3711 2415 3775 die,
2447 3712 2498 3765 in
2530 3720 2713 3765 monte
2760 3710 2978 3775 Olivcti,
3005 3720 3301 3779 susceptus
3324 3728 3352 3766 a
3383 3716 3544 3774 nube,

1964 3803 2219 3856 manibus
2242 3802 2465 3868 erectis,
2486 3800 2654 3857 ι’ωιοε
2682 3788 2949 3858 ascendit.
2982 3802 3411 3874 Quadrugcsitno
3439 3805 3546 3867 die,

1959 3898 2050 3966 qui
2077 3894 2237 3952 nobis
2262 3894 2529 3964 jubileum
2559 3910 2788 3964 annum,
2824 3896 2877 3953 id
2910 3910 3014 3966 est,
3034 3908 3295 3953 aeternam
3323 3897 3548 3953 libertu-

1961 3997 2066 4042 tetu
2094 3986 2318 4060 llgurat,
2353 3987 2725 4058 apostolorum
2758 3986 2923 4043 corda
2954 4003 3178 4043 suorum
3208 3986 3544 4043 inﬂamman-

1965 4089 2098 4145 tem,
2131 4090 2382 4135 sanctum
2417 4080 2626 4135 remisit
2656 4080 2918 4150 Spiritqu
2955 4078 3322 4139 Paracletum.
3361 4079 3544 4137 Monte

1959 4174 2088 4228 Sion
2126 4171 2310 4243 Virgo,
2358 4171 2487 4228 Jesu
2534 4173 2724 4239 Mater,
2774 4174 2989 4229 transiit
3019 4174 3088 4230 de
3134 4176 3356 4238 mutulo.
3394 4185 3449 4230 et
3485 4175 3542 4229 in

1955 4263 2220 4335 Josaphat
2246 4267 2315 4321 ab
2341 4266 2601 4336 apostolis
2630 4265 2841 4335 sepulta
2876 4266 3012 4333 fuit;
3044 4266 3169 4321 inde
3204 4284 3231 4321 a
3269 4262 3411 4322 Filio
3440 4282 3543 4321 suo

1954 4372 2114 4427 supra
2145 4358 2343 4414 choros
2366 4359 2681 4430 angelorum
2705 4360 2967 4415 exausta.
3003 4359 3184 4415 Mente
3214 4359 3346 4415 Sion
3373 4360 3541 4415 David

1956 4465 2071 4517 rex,
2121 4460 2176 4505 et
2230 4450 2517 4517 Salomon,
2573 4452 2779 4523 aliique
2829 4467 2984 4522 reges
3041 4449 3539 4524 "terOSOIylllilalti,

255 4547 487 4610 caivari,
525 4545 578 4599 id
613 4552 718 4609 est,
754 4542 996 4597 damnari
1030 4542 1105 4596 rei
1134 4541 1403 4597 solebant.
1427 4540 1690 4599 Calvariaa
1718 4544 1843 4597 dum
1874 4550 1929 4612 ι)
1953 4542 2150 4612 sepulti
2202 4544 2509 4615 quiescunt.
2567 4545 2709 4599 Ante
2767 4553 2978 4615 portam
3040 4543 3364 4609 Jerusalem,
3417 4558 3540 4612 quae

256 4639 313 4694 in
344 4652 507 4693 crure
552 4644 831 4706 pateretur
858 4632 1039 4698 Jesus,
1085 4631 1313 4689 Matrem
1343 4648 1498 4689 suam
1538 4634 1718 4691 amico
1751 4648 1851 4690 suo

255 4728 661 4785 commendavit
716 4737 772 4782 ut
813 4726 1079 4797 virginem
1132 4726 1323 4796 virgini
1374 4725 1553 4793 Matri,
1605 4728 1846 4783 dicens:

259 4822 399 4875 Ecce
435 4822 581 4889 ﬁtms
606 4834 729 4874 tuus
762 4820 831 4885 ",
859 4832 971 4875 etc.
1010 4820 1274 4875 Calvariae
1303 4821 1431 4875 dum
1462 4820 1513 4875 in
1546 4836 1711 4877 cruce
1752 4836 1844 4890 pa-

254 4925 469 4969 teretur
513 4915 687 4971 hostia
729 4913 937 4979 mundi,
997 4912 1190 4968 latroni
1245 4913 1498 4983 pendenti
1553 4914 1618 4968 ad
1656 4917 1843 4969 dexte-

254 5023 401 5069 ratu,
436 5009 502 5059 ah
537 5022 599 5060 eo
640 5006 843 5075 petenti
895 5007 1132 5073 veniam,
1167 5005 1359 5060 stolam
1413 5007 1843 5061 immortalitatis

252 5100 561 5167 promisit:
604 5099 784 5154 crucis
840 5098 895 5154 in
945 5100 1205 5169 patibulo,
1265 5097 1571 5168 perioratus
1629 5097 1840 5162 lancea,

251 5191 579 5259 sanguinem
638 5190 820 5246 emisit
891 5198 947 5244 et
1006 5204 1227 5260 aquam,
1302 5206 1367 5245 ex
1407 5205 1640 5259 quorum
1697 5190 1842 5245 Stilla

251 5283 434 5351 aperti
484 5293 611 5338 sunt
652 5282 800 5337 oculi
864 5281 1116 5355 Longini,
1172 5284 1265 5355 qui
1302 5300 1423 5339 eum
1474 5293 1842 5353 percusserat.

251 5378 372 5431 Sub
408 5379 526 5433 loco
558 5377 823 5432 Calvarim
852 5379 921 5431 ad
959 5377 1263 5445 dexteram,
1302 5378 1355 5431 in
1398 5376 1621 5432 introitu
1652 5376 1845 5433 Eccle-

251 5470 378 5537 size,
410 5470 583 5535 locus,
613 5474 667 5525 in
695 5486 808 5542 quo
845 5468 1045 5542 Joseph
1088 5474 1400 5543 impetravit
1442 5487 1475 5525 a
1519 5471 1693 5528 Pilato
1723 5489 1847 5529 cor-

252 5580 357 5635 pus
389 5563 543 5631 Jesu,
579 5564 851 5619 sublatum
878 5567 945 5619 de
976 5580 1138 5621 cruce
1179 5565 1312 5617 lavit
1341 5569 1657 5619 reverenter
1700 5567 1848 5629 caris

332 5736 379 5773 ⁸⁸
408 5740 537 5795 Luc.
576 5754 713 5801 uit,
738 5738 827 5794 l9.
875 5740 953 5797 ."
981 5742 1179 5796 Matth.
1212 5756 1361 5805 xm,
1387 5741 1481 5799 Q5.
1557 5742 1603 5774 ⁸⁷
1634 5742 1769 5799 ibid.
1802 5742 1859 5797 εξ

343 5812 440 5867 26.
514 5812 559 5841 ³⁸
592 5811 786 5863 Matth.
822 5827 1019 5870 xxvttt.
1053 5812 1107 5867 7.
1187 5811 1232 5843 ⁸³
1264 5811 1404 5867 Osee
1438 5829 1555 5870 sui.
1591 5814 1676 5870 Η.
1754 5814 1799 5847 ³⁸
1825 5810 1859 5868 1.

1975 5743 2019 5775 ’⁸
2047 5743 2185 5798 ibid.
2210 5743 2299 5799 59.
2376 5743 2422 5774 "
2463 5740 2598 5796 ibid.
2631 5741 2722 5797 40.
2797 5742 2817 5775 ⁸

1996 5831 2147 5870 xxrv.
2177 5815 2268 5870 56.
2345 5813 2389 5846 ³⁸
2416 5811 2577 5870 Joan.
2614 5829 2706 5870 xx.
2746 5814 2817 5869 28

1872 5831 1959 5873 uc.
1996 5831 2147 5882 XXIV,
2177 5828 2268 5870 ὒυ.
2345 5828 2389 5846 ⁶’
2416 5828 2577 5870 δοθη.
2614 5829 2706 5884 xx,
2746 5828 2838 5869 ⁸25.

253 5829 315 5880 x,
343 5812 440 5867 26.
514 5812 559 5841 "
592 5811 786 5863 Metili.
822 5827 1019 5876 xxvtu,
1053 5812 1107 5867 7.
1187 5811 1232 5843 ⁸³
1264 5811 1404 5867 Osee
1438 5829 1555 5880 snt,
1591 5814 1676 5870 Η.

574 5908 849 5968 Parant.
884 5908 1000 5968 Gn.
1036 5904 1387 5972 CXXXlIl.

1955 4635 2175 4705 respicit
2210 4651 2462 4692 detrusum
2491 4640 2505 4656 ‘
2535 4639 2663 4692 urbs
2692 4649 2879 4693 sancta
2908 4636 3101 4700 lsrael,
3122 4639 3274 4692 saxis
3306 4638 3536 4690 obrutus

1952 4727 2147 4784 beatus
2178 4728 2494 4800 Stephanus
2516 4738 2885 4801 protomartyr
2909 4729 3064 4794 obiit,
3090 4729 3218 4785 inde
3241 4730 3536 4783 translatus

1952 4822 2008 4876 in
2045 4822 2203 4890 Sion,
2233 4839 2285 4877 et
2332 4825 2580 4893 sepultus
2626 4828 2765 4879 inter
2793 4824 3151 4880 Nicodentunt
3199 4836 3253 4879 et
3278 4821 3533 4886 llabilon,

1945 4923 2000 4970 ct
2054 4915 2447 4983 Gamalielem;
2500 4926 2690 4986 postea
2751 4915 3257 4987 Constantinopolin
3294 4931 3311 4969 :
3350 4916 3531 4970 nonne

1954 5008 2022 5062 ad
2054 5008 2305 5061 ultimum
2346 5007 2501 5063 beato
2555 5006 2851 5063 Laurentio
2901 5005 3333 5063 contumulatus.
3379 5003 3535 5060 Unde

1951 5114 2006 5153 et
2039 5101 2090 5153 in
2126 5101 2335 5155 tumulo
2358 5103 2615 5156 scribitur
2647 5118 2660 5155 :
2699 5100 2830 5167 Quae
2868 5098 2999 5155 Sion
3025 5101 3215 5154 occidit
3242 5098 3386 5152 nobis
3413 5097 3491 5151 bis
3512 5097 3533 5121 '

1946 5205 2132 5247 austra
2193 5195 2355 5250 misit.
2418 5197 2557 5249 Ante
2600 5207 2805 5264 portam
2863 5194 3187 5258 Jerusalem,
3234 5193 3384 5263 juxta
3447 5193 3533 5245 lo-

1947 5303 2066 5339 cum
2117 5289 2209 5356 qui
2262 5286 2488 5356 respicit
2540 5285 2823 5340 meridiem
2854 5300 3022 5339 cavea
3070 5284 3184 5350 illa,
3218 5287 3268 5337 in
3306 5299 3409 5353 qua
3440 5282 3527 5338 leo

1947 5377 2192 5447 quidam,
2239 5380 2400 5448 jussu
2464 5379 2554 5433 Dei
2614 5378 3032 5449 omnipotentis,
3067 5389 3363 5449 martyrum
3415 5378 3529 5432 lere

1949 5469 2232 5523 duodecim
2271 5469 2439 5523 millia
2476 5468 2579 5526 sub
2611 5470 2850 5525 Cosrboe
2884 5478 3181 5539 perempta,
3218 5484 3323 5524 una
3371 5486 3531 5525 nocte

1951 5564 2141 5623 detulit
2186 5583 2197 5617 :
2239 5566 2381 5619 unde
2435 5575 2489 5619 et
2551 5580 2784 5620 caverna
2835 5565 3007 5620 leonis
3073 5566 3295 5621 dicitur.
3360 5568 3530 5619 Sesto

1975 5743 2019 5775 ’⁸
2047 5743 2185 5798 Ibid.
2210 5743 2299 5799 59.
2376 5743 2422 5774 ”
2463 5740 2598 5796 Ibid.
2631 5741 2722 5797 40.
2797 5740 2842 5775 ³⁸
2875 5739 3012 5795 ibid.
3053 5738 3145 5795 48.
3223 5742 3443 5799 “Joan.
3474 5762 3526 5800 λι

3125 5903 3197 5963 32
