3988 6284
537 345 681 419 1003

1751 353 2149 420 THEGDORI
2190 354 2591 418 PRDDBOMI

3622 360 3729 424 1004

518 466 789 525 milliaria
844 480 874 518 a
933 461 1260 528 Jerusalem,
1308 463 1415 528 via,
1453 479 1573 533 quae
1620 465 1764 519 ducit
1818 466 2106 529 llainatba,
2134 472 2187 530 Α
2215 465 2403 530 David,
2437 468 2680 522 miserere
2705 468 2810 522 mei
2830 467 2896 531 ”,
2919 468 2986 521 ab
3008 483 3073 523 co
3100 467 3393 529 illuminari
3427 472 3628 538 meruit,
3647 481 3736 530 tam

531 576 688 619 mons
726 558 904 614 Modin
933 574 948 624 ;
986 573 1049 612 ex
1078 573 1185 627 quo
1215 555 1565 622 Dlatliatbias,
1589 567 1740 627 pater
1768 557 2106 614 Macltabiro-

529 669 684 715 runt;
722 651 773 705 in
797 664 906 721 quo
932 648 1128 717 sepulti
1154 648 1467 716 quiescunt,
1496 662 1681 730 eorum
1710 650 1887 703 adhuc
1934 664 2105 717 appa-

531 734 775 803 rentibus
826 742 1071 799 tumulis.
1129 742 1332 796 Octavo
1388 741 1640 796 milliaria
1694 757 1721 795 a
1757 741 1960 802 Media.
2018 741 2102 795 vis

531 852 652 910 qua:
680 836 831 893 ducit
884 834 1116 905 Joppeu,
1177 832 1371 897 Lidda,
1428 848 1551 903 quae
1609 844 1663 888 et
1699 833 1963 903 Diospolis
2000 853 2012 887 :
2049 835 2100 887 in

529 947 636 1003 qua
667 944 864 999 corpus
892 927 1035 983 beati
1087 925 1304 997 Georgii
1335 926 1601 996 sepultum
1655 926 1826 982 fuisse
1876 924 2105 979 manife-

530 1032 727 1080 statur.
758 1020 1013 1075 Milliario
1055 1033 1085 1073 a
1120 1018 1411 1080 Ramatba,
1449 1019 1609 1072 tertio
1644 1018 1903 1098 milliaria
1940 1035 1965 1070 a
2008 1017 2104 1073 Be-

529 1117 753 1183 thleem,
777 1112 997 1170 Thecue
1026 1112 1303 1182 oppidum,
1332 1126 1409 1165 ex
1443 1126 1549 1181 quo
1579 1111 1744 1165 Amos
1784 1100 2055 1181 prapheta
2086 1129 2099 1166 :

529 1208 623 1281 qui
653 1217 707 1262 et
738 1208 812 1263 ibi
846 1206 1085 1277 sepultus
1130 1205 1386 1276 quiescit.
1415 1205 1620 1272 Quarto
1648 1205 1903 1259 milliaria
1950 1220 1979 1258 a
2008 1202 2103 1259 Je-

533 1300 766 1357 rusalem
793 1300 861 1353 ad
911 1306 1182 1364 austrum,
1207 1298 1461 1368 oppidum
1514 1298 1666 1362 illud,
1699 1297 1750 1350 in
1787 1312 1896 1365 quo
1920 1312 2102 1352 mora-

531 1396 691 1451 batur
716 1383 1011 1447 Zacharias
1058 1398 1191 1445 tunc
1240 1392 1523 1458 temporis,
1585 1404 1710 1444 cum
1746 1388 1920 1444 Mater
1970 1387 2099 1446 .lesu

530 1485 718 1555 Maria,
758 1483 1042 1547 festinans,
1070 1482 1181 1551 jam
1215 1483 1420 1539 habens
1471 1484 1522 1537 in
1556 1493 1712 1537 utero
1747 1479 1944 1537 Filium
1979 1482 2099 1549 Dei,

531 1569 676 1633 renit
700 1577 765 1631 ad
791 1572 1128 1630 salutandam
1154 1573 1447 1637 Elisabetb,
1472 1585 1756 1643 cognatam
1782 1589 1959 1639 suam,
1977 1590 2100 1643 quae

531 1678 650 1724 erat
692 1665 915 1738 gravida
952 1663 1165 1721 Joanne
1198 1665 1481 1737 Baptista;
1516 1681 1675 1734 quem
1708 1666 1782 1721 ibi
1817 1674 1872 1721 et
1914 1657 2120 1725 natum‘

532 1760 699 1815 fuisse
742 1756 1046 1829 perhibent.
1082 1757 1299 1813 Decimo
1331 1759 1492 1813 tertio
1521 1748 1773 1813 milliaria
1815 1773 1844 1812 a
1884 1757 2100 1816 Jerusa.

2208 557 2441 616 interius
2469 574 2629 629 quam
2664 560 2919 614 exterius.
2953 558 3137 620 Tertio
3184 559 3438 620 milliaria
3470 576 3498 616 a
3528 558 3751 629 Jericho,

2208 652 2446 706 secundo
2495 652 2749 706 milliaria
2797 669 2825 705 a
2882 652 3161 720 Bethagla,
3209 653 3353 722 quod
3391 653 3751 723 interpretatur

2209 744 2353 798 locus
2384 747 2519 813 gyri,
2553 760 2615 800 eo
2647 745 2788 814 quod
2832 745 2901 799 ibi
2953 760 3103 800 more
3156 746 3516 818 plangentium
3549 746 3745 809 circuis-

2207 844 2326 890 seut
2356 835 2540 890 funera
2574 836 2766 900 Jacab,
2808 838 2904 892 iilii
2933 836 3050 907 ejus
3077 848 3129 893 et
3160 854 3295 910 gens
3328 854 3449 903 sua,
3483 838 3745 904 referentes

2208 944 2327 981 eum
2362 928 2429 982 de
2460 926 2697 1000 Egypto
2720 930 2768 982 iu
2800 927 3034 987 Hebron.
3070 930 3309 999 Engaddl
3351 931 3401 985 iu
3442 932 3576 986 tribu
3610 929 3756 997 inde,

2209 1019 2295 1073 ubi
2358 1019 2641 1075 abscondit
2686 1035 2744 1095 se
2787 1006 2953 1074 nam
3003 1020 3053 1074 in
3107 1020 3422 1088 somnium,
3467 1038 3581 1092 quia
3602 1023 3747 1081 estin

2207 1113 2401 1166 auloue
2427 1115 2446 1133 '
2479 1111 2715 1178 Jericho,
2751 1114 2853 1169 ltoc
2882 1123 2983 1175 est,
3008 1114 3060 1168 in
3096 1116 3314 1185 regione
3352 1115 3438 1180 illa
3464 1116 3747 1184 campestri,

2207 1205 2273 1259 de
2295 1220 2399 1273 qua
2424 1220 2583 1272 supra
2621 1207 2875 1269 diximus.
2906 1205 3147 1262 Vocatur
3175 1209 3324 1269 vicus
3347 1208 3438 1267 ille
3459 1211 3749 1280 pergrandis

2206 1294 2536 1351 Judazorum.
2578 1297 2631 1350 In
2679 1297 2862 1355 Gadda
2906 1299 3060 1367 juxta
3094 1312 3241 1355 mare
3285 1299 3754 1364 Mortuum,balsa-

2208 1402 2352 1443 mum
2406 1388 2587 1445 aﬂerri
2622 1390 2831 1445 solebat
2876 1402 2931 1444 et
2959 1391 3112 1446 oriri.
3150 1390 3303 1448 Unde
3356 1402 3411 1445 et
3467 1392 3630 1448 vinea:
3653 1391 3753 1455 En.

2206 1480 2366 1552 gaddi
2410 1492 2809 1553 nuncupantur.
2865 1483 3068 1539 Octavo
3119 1483 3368 1542 milliario
3430 1500 3461 1538 a
3513 1482 3762 1544 Nasareth

2205 1581 2394 1628 contra
2421 1572 2726 1631 Genucium
2779 1574 2949 1635 Citam
3002 1589 3194 1645 mons;
3221 1578 3289 1637 ad
3334 1578 3572 1637 radicem
3601 1578 3759 1648 cujus,

2203 1668 2358 1738 juxta
2399 1668 2626 1735 fontem,
2671 1668 2930 1733 Lamech,
2967 1679 3117 1739 pater
3145 1670 3278 1735 Noe,
3304 1672 3499 1739 sagitta
3531 1687 3620 1736 sua
3649 1687 3759 1742 per!

2208 1760 2343 1815 emit
2373 1760 2528 1823 Cain,
2575 1776 2815 1830 arcuque
2851 1777 2947 1818 suo
2974 1762 3165 1823 durem
3210 1779 3389 1823 suum.
3423 1762 3576 1820 Unde
3598 1763 3760 1825 furore

530 1854 630 1908 lem
664 1828 852 1905 contra
890 1852 1130 1915 boream,
1162 1847 1402 1915 Jericbo,
1442 1865 1510 1905 ex
1557 1864 1663 1919 qua
1697 1850 1884 1905 Bahab
1918 1864 2097 1906 mere-
2137 1828 2175 1885 Β
2209 1853 2466 1922 repletus,
2524 1864 2576 1909 et
2628 1828 2819 1918 iratus,
2879 1855 2957 1913 ait
2989 1872 3002 1919 ;
3031 1854 3210 1910 Occidi
3264 1858 3437 1913 uirum
3490 1860 3543 1911 in
3594 1859 3760 1912 uulnus

532 1944 661 2009 triti,
692 1960 811 2014 qua
845 1943 1081 2013 hospitio
1105 1943 1343 2012 suscepit
1369 1953 1422 1997 et
1460 1945 1607 2013 pavit
1634 1944 1938 2014 celavitque
1968 1959 2098 2014 qua-

533 2049 654 2096 tuor
708 2036 1087 2105 exploratores
1162 2044 1318 2093 terrae
1373 2035 1773 2106 promissionis.
1843 2035 1923 2091 Ex
1995 2051 2099 2105 qua

526 2128 789 2184 Zachaeus
839 2136 1045 2183 statura
1096 2128 1345 2197 pusillus.
1396 2128 1621 2185 audiens
1668 2126 1875 2193 Jesum,
1920 2138 2101 2199 partes

525 2221 647 2277 illas
677 2220 1164 2292 perambulantem,
1196 2219 1809 2291 sycomorum’arborem
1834 2223 2098 2286 ascendit,

526 2324 601 2379 et,
640 2326 695 2368 ut
729 2313 1017 2370 Dominum
1042 2314 1274 2380 videret,
1305 2323 1362 2370 et
1409 2330 1531 2370 cum
1572 2328 1639 2370 eo
1669 2315 2007 2384 loqueretur,
2041 2332 2101 2379 se

524 2406 804 2473 iudicavit,
838 2416 1025 2478 petens
1058 2408 1307 2473 veniam;
1332 2423 1397 2461 ex
1433 2423 1537 2478 qua
1569 2417 1623 2460 et
1652 2407 1825 2477 pueri,
1852 2407 1941 2476 qui
1975 2408 2102 2467 bea-

529 2509 641 2554 tum
672 2500 951 2564 Elismuni,
992 2498 1417 2570 Hierosolymam
1446 2499 1856 2565 ascendentem,
1892 2488 2103 2555 derise-

524 2602 653 2647 runt
686 2592 1059 2647 exclamantes
1094 2608 1110 2647 :
1147 2592 1385 2647 Ascsnde
1410 2590 1575 2655 catae,
1610 2591 1834 2646 ascende
1855 2591 2001 2647 calve
2027 2590 2095 2646 ”.

526 2683 779 2739 Secundo
817 2684 996 2755 lapide
1034 2698 1063 2737 a
1096 2680 1314 2740 Jericbo
1365 2684 1432 2739 ad
1465 2692 1731 2749 austrum,
1771 2695 1851 2741 est
1908 2688 2098 2745 deser~

526 2787 668 2841 tum,
700 2777 841 2848 quod
875 2776 1223 2843 Quarantena
1256 2786 1502 2843 vocatur,
1555 2778 1606 2832 in
1634 2794 1744 2848 quo
1771 2778 1929 2834 Jesus
1960 2795 2099 2849 qua-

522 2869 771 2941 draginta
831 2868 1024 2931 diebus
1082 2869 1419 2940 tatidemque
1495 2871 1746 2927 noctibus
1803 2872 2097 2941 jejuuavit,

521 2979 758 3034 eumque
790 2964 862 3019 ibi
889 2965 1216 3020 esurientem
1253 2972 1474 3019 teutans
1502 2964 1775 3029 diabolus,
1809 2967 1882 3020 ait
1922 2983 1937 3023 :
1977 2966 2096 3031 Dic,

523 3068 578 3113 ut
622 3057 822 3129 lapides
869 3058 959 3113 isti
999 3074 1158 3126 partes
1210 3056 1342 3125 ﬁant
1380 3058 1447 3113 ³⁷.
1485 3057 1737 3113 Secundo
1793 3059 2097 3119 milliarioa

520 3148 875 3216 Quarantena
910 3154 1099 3205 contra
1147 3144 1447 3213 Galilaeam,
1489 3162 1643 3209 mons
1689 3147 1946 3205 excelsus
1987 3148 2094 3215 ille,
2125 3173 2169 3234 ρ

472 3248 475 3251 ’
524 3243 580 3297 in
615 3256 726 3312 quo
760 3243 958 3297 iterum
994 3240 1245 3297 diabolus
1297 3244 1528 3297 tentavit
1556 3240 1764 3307 Jesum,
1800 3245 2094 3297 ostendens

521 3336 572 3390 ei
606 3336 789 3389 omnia
841 3349 1002 3402 regna
1046 3335 1259 3402 mundi,
1298 3345 1355 3389 et
1404 3334 1703 3405 inquiens:
1743 3332 1874 3389 Hinc
1915 3335 2092 3389 omnia

522 3426 617 3482 tibi
642 3425 803 3493 dabo,
852 3427 899 3482 si
927 3428 1119 3483 cadens
1161 3427 1466 3481 adoraueris
1496 3443 1575 3481 me
1596 3427 1662 3482 “3
1715 3426 1825 3483 Sub
1847 3427 2097 3494 Quamn-

522 3529 669 3585 tena,
710 3518 874 3576 fontis
911 3520 1055 3574 illius
1096 3519 1329 3585 rivulus,
1364 3534 1523 3589 quem
1584 3522 1780 3575 beatus
1846 3519 2093 3585 Elisaeus,

522 3613 643 3684 ejus
678 3622 869 3668 sanata
909 3613 1222 3679 sterilitate,
1277 3612 1344 3668 de
1384 3627 1569 3670 amaro
1595 3614 1885 3681 patabilcm
1924 3614 2099 3667 reddi—

524 3706 621 3761 dit.
672 3705 815 3760 Ante
860 3702 1101 3771 Jericba,
1154 3720 1316 3762 secus
1349 3706 1513 3769 viam,
1565 3720 1740 3769 caecus
1796 3705 2097 3769 mendicus,

525 3794 750 3851 audiens
790 3798 933 3866 quod
985 3794 1142 3855 Jesus
1199 3794 1473 3861 transiret,
1521 3795 1799 3853 clamans:
1831 3794 1980 3875 Jesu,
2015 3796 2097 3865 ﬁli

593 3959 641 3993 ³⁸
662 3956 749 4031 "1V
781 3957 917 4031 Reg.
960 3974 1024 4027 ll,
1065 3959 1153 4015 25.

1257 3960 1303 3993 ⁸⁷
1334 3959 1527 4021 Matth.
1564 3977 1636 4031 tv,
1673 3962 1728 4018 5.

525 4044 619 4097 vn,
656 4030 710 4085 5.

1828 3962 1870 3997 ³³
1898 3963 2031 4020 ibid.
2074 3966 2126 4019 9.

2205 1962 2395 2010 meum,
2423 1956 2472 2000 et
2501 1946 2943 2002 adolescentulum
2977 1949 3029 2003 in
3063 1948 3278 2001 livorem
3306 1938 3477 2005 meum
3506 1950 3572 2003 ".
3597 1941 3771 2010 Tertia,-

2206 2036 2455 2094 milliario
2509 2053 2537 2089 a
2583 2038 2715 2092 Cain
2751 2049 2952 2101 monte,
2980 2054 3141 2097 mons
3189 2038 3448 2106 Carmeli,
3479 2042 3544 2095 de
3583 2040 3768 2110 quoin

2202 2130 2441 2187 Cunticis
2478 2127 2731 2184 :Collum
2766 2141 2935 2196 tuum,
2972 2143 3023 2184 ut
3070 2131 3343 2187 Carmelus
3379 2133 3459 2201 δίς
3511 2135 3563 2188 in
3594 2150 3692 2204 quo
3714 2144 3764 2188 et

2204 2238 2299 2290 per
2335 2223 2563 2277 multum
2622 2226 2885 2294 temporis
2949 2227 3183 2296 spatium
3243 2228 3562 2291 conversari
3612 2227 3767 2287 voluit

2205 2317 2391 2371 beatus
2433 2317 2602 2382 Elius,
2668 2318 2890 2388 ejusque
2937 2320 3235 2388 discipulus
3285 2336 3408 2377 cum
3461 2339 3557 2389 eo,
3590 2322 3766 2392 beatus

2215 2409 2457 2464 Eltsarus.
2486 2409 2729 2479 Septimo
2761 2410 3010 2465 milliario
3033 2411 3348 2473 aNazareth
3377 2426 3571 2468 cautra
3617 2412 3765 2473 Geni-

2204 2502 2391 2564 ntium,
2422 2501 2616 2569 Gaver,
2640 2502 2788 2556 locus
2812 2504 2865 2561 in
2888 2519 2994 2572 quo
3017 2503 3150 2558 Jehu
3188 2521 3275 2559 rex
3308 2506 3473 2562 Israel
3520 2506 3767 2577 percussit

2207 2594 2501 2659 choziam
2535 2607 2714 2661 regem
2763 2592 2982 2648 Judaeae.
3020 2592 3235 2649 Decimo
3276 2605 3434 2649 sexto
3475 2594 3766 2649 milliarios

2205 2681 2473 2756 Naaaretli
2531 2694 2720 2737 contra
2789 2682 3053 2737 orientem
3100 2697 3260 2752 supra
3309 2699 3463 2738 mare
3523 2682 3770 2748 Galilaz,

2201 2776 2463 2848 Gergesa,
2491 2776 2699 2832 viculus
2739 2774 2850 2842 ille,
2888 2777 2940 2835 in
2994 2792 3103 2847 quo
3166 2776 3417 2831 Salvator
3472 2792 3573 2834 eos
3605 2778 3694 2848 qui
3748 2797 3770 2829 a

2203 2871 2544 2927 (immanibus
2578 2869 2938 2934 vexabantur,
3002 2870 3221 2924 sanitati
3261 2871 3544 2945 restituit;
3572 2885 3638 2925 ex
3672 2884 3772 2939 qua

2202 2964 2335 3017 etin
2370 2962 2509 3017 mari
2552 2961 2699 3033 porci
2750 2960 3076 3033 praecipitati
3123 2962 3328 3028 obiere.
3367 2963 3598 3018 Decimo
3628 2974 3773 3017 sexto

2205 3055 2457 3109 milliaria
2487 3065 2668 3112 monte
2694 3053 2925 3108 Carmeli
2949 3064 3141 3108 contra
3170 3055 3482 3129 meridiem,
3514 3054 3773 3117 Casarea.

2202 3147 2504 3205 Palaestina:
2537 3147 2875 3217 metropolis,
2928 3163 2991 3202 ex
3054 3162 3157 3216 qua
3193 3147 3484 3209 Cornelius
3517 3132 3773 3217 centurio.

2202 3256 2363 3311 quem
2395 3240 2447 3293 in
2479 3254 2543 3294 ea
2580 3239 2875 3309 baptizavit
2920 3239 3114 3301 beatus
3152 3239 3367 3307 Petrus,
3394 3253 3449 3296 et
3485 3244 3693 3317 creavit
3724 3243 3770 3304 in

2201 3333 2548 3403 episcopum:
2577 3333 2626 3385 in
2656 3347 2760 3402 qua
2791 3342 2845 3385 et
2883 3333 3049 3387 turris
3079 3331 3374 3399 Stratonis,
3410 3351 3583 3404 quam
3614 3335 3772 3394 Heroa

2204 3428 2301 3483 des
2349 3437 2540 3481 contra
2583 3429 2876 3482 adventum
2928 3428 3151 3497 Augusti
3182 3426 3417 3484 Caesaris
3476 3432 3773 3497 construxit

2206 3521 2271 3584 de
2322 3519 2443 3577 albo
2502 3534 2805 3586 marmore;
2855 3531 2909 3575 et
2957 3521 3185 3589 turrim,
3239 3535 3363 3590 qua:
3413 3522 3771 3591 supereminet

2204 3610 2615 3683 Hierosolymis,
2665 3611 2779 3681 ipse
2826 3611 3089 3678 Herodes,
3141 3626 3262 3682 qua:
3302 3621 3357 3667 et
3392 3618 3567 3673 turris
3614 3613 3773 3669 David.

2203 3706 2424 3771 dicitur,
2454 3704 2690 3775 Joscplio
2732 3712 3046 3769 attestante,
3083 3702 3375 3763 fabricavit
3408 3720 3644 3777 eamque
3670 3707 3770 3759 An-

2204 3798 2405 3855 toniam
2433 3796 2667 3855 vocavit.
3742 3780 3743 3783 “

2233 3964 2277 3996 ³⁸
2335 3961 2524 4018 Matth.
2582 3979 2659 4029 ιχ,
2720 3960 2811 4016 27.
2919 3963 2965 3994 δο
3010 3958 3147 4017 Gen.
3206 3975 3283 4027 tv,
3340 3958 3432 4015 23.
3538 3956 3583 3991 '"
3621 3957 3769 4015 Cant.

538 4217 3762 4253 “II—ﬂ

538 4244 2957 4253 __________________,,7,,,,,,

1707 4403 1857 4449 POST
1888 4404 2144 4450 MEDIUM
2184 4403 2490 4447 SECULUM
2526 4405 2615 4446 ΧΠ

733 4585 2061 4771 THEODOBUS

2209 4583 3558 4767 PBODBOMUS

1902 5034 2407 5125 NOTITIA

931 5218 1023 5282 (Ex
1051 5218 1217 5268 Leone
1253 5214 1431 5265 Allatio
1461 5217 1527 5265 De
1552 5212 1824 5265 Theodoris
1859 5228 1993 5263 num.
2026 5213 2191 5274 CXVI,
2222 5226 2297 5275 ap.
2333 5213 2505 5262 Maium
2532 5213 2581 5264 in
2613 5214 2737 5265 Bibl.
2767 5218 2897 5268 Nov.
2930 5217 3072 5266 Patr.
3097 5221 3217 5266 tom.
3246 5211 3342 5294 Vl.)

589 5466 905 5526 Theodorus
951 5474 1298 5540 Prodromus,
1334 5474 1447 5528 sive
1502 5475 2046 5544 Ptocboprodromus,
2082 5476 2151 5527 ita
2183 5474 2323 5528 enim
2354 5472 2650 5540 saepissime
2683 5472 2737 5526 in
2798 5474 3181 5545 manuscriptis
3226 5474 3567 5547 exprimitur,
3608 5470 3751 5528 Chri-

518 5560 709 5617 stianis
744 5568 1055 5635 parentibus
1086 5579 1261 5631 ortus,
1296 5569 1451 5625 bonis
1484 5569 1696 5639 piisque
1726 5569 2028 5639 disciplinis
2058 5568 2367 5623 instruitur.
2402 5569 2517 5637 Ipse
2547 5568 2691 5622 enim
2726 5568 2793 5623 de
2819 5582 2879 5623 se
2917 5567 3086 5629 dicit:

1570 5685 1665 5748 ’ος
1692 5686 1942 5755 πατέρων
1990 5680 2087 5753 ξιὲν
2118 5684 2312 5752 ἐξέφυν
2349 5685 2674 5753 θεοφρόνων,

1558 5757 1669 5809 Καὶ
1696 5756 1877 5809 πίστιν
1904 5756 1967 5810 ἐκ
2006 5771 2075 5826 se
2107 5755 2448 5826 πραγμάτων
2485 5757 2859 5809 πιστουιιένων

1561 5825 1671 5879 Καὶ
1697 5827 1921 5888 κλήσεσι
1946 5825 2178 5888 μάλιστά.
2209 5826 2634 5892 Ὶριστωνυμίας·
