4044 6284
225 354 354 421 1οἮ
1633 357 2028 423 ΡΙΗΕΕΔΤΙΟ
3325 358 3456 430 1098

214 488 452 545 qumque
490 476 688 544 gradus
709 477 1099 532 ascendebalur
1123 478 1511 535 celebraretur.
1548 480 1698 534 Alias
1735 480 1875 548 apud
1912 477 2164 533 Nostrum
2191 479 2345 533 sedes
2391 479 2506 532 sive
2548 484 2788 548 potestas
2812 494 2932 531 rum
2962 480 3102 548 regia
3135 488 3252 534 tum
3296 483 3457 535 eccle-

224 562 439 616 siaslica
467 562 566 617 hoc.
593 566 809 617 nomine
837 567 1003 619 renit.
1037 568 1210 636 Atque
1234 568 1307 621 ita
1344 567 1397 621 iu
1432 569 1522 622 illa
1554 569 1814 638 inaugura

1879 571 2152 630 oratione,
2201 569 2342 638 Διχῆ
2372 570 2502 638 γὰρ,
2553 571 2749 639 inquit,
2785 568 2884 638 τῆς
2911 561 3034 621 καθ⁴
3069 570 3219 639 ἡμᾶς
3240 569 3459 641 ἁπάσης

215 651 549 724 διῃρημένης
572 654 746 724 ἀρχῆς
777 656 871 709 καὶ
895 655 1022 708 δυσὶ
1051 657 1630 730 συνδιανενεμημένηςν
1651 661 1762 721 τοῖς
1793 660 2019 730 βήμασι,
2058 661 2136 731 τῷ
2171 663 2456 732 ἱερατικῷ,
2498 667 2664 731 φημὀ,
2696 663 2790 715 καὶ
2815 661 3084 732 βασιλικῷ
3111 678 3126 694 ·
3160 672 3210 716 et
3237 661 3290 716 in
3317 676 3460 718 orat.

215 741 283 793 ad
317 742 564 794 Alexium
590 741 901 798 Aristenum
931 746 1112 800 eidem
1143 746 1521 816 nomophylaci
1554 759 1607 803 et
1639 749 1807 818 orpha

1863 754 2084 818 atropho
2119 750 2310 805 tribuit
2346 752 2406 802 τὸ
2438 751 2809 820 συγκλητικόν
2863 766 2924 801 τε
2956 743 3074 819 ἅμα.
3139 750 3238 806 καὶ
3303 752 3460 821 ἱερα-

217 827 368 878 τικὸν
392 827 565 896 βῆμα.

291 913 541 983 Plerique
570 921 894 972 monachum
929 920 1096 974 fuisse
1125 920 1469 976 Theodorum
1502 932 1748 977 nostrum
1777 923 1984 979 volunt.
2016 925 2078 979 Et
2110 927 2376 995 proluvio,
2415 929 2460 982 si
2489 946 2652 982 unum
2689 930 3049 995 eamdemque
3100 921 3333 981 facimus
3391 939 3456 981 ac

217 999 766 1070 Ptochoprodromum
801 1008 948 1060 illum
982 1008 1047 1060 de
1079 1024 1184 1077 quo
1216 1008 1477 1074 diximus,
1511 1025 1617 1064 non
1649 1026 1933 1079 possumus
1958 1015 2102 1068 aliud
2129 1026 2384 1072 statuere.
2425 1019 2478 1072 ln
2524 1021 2588 1071 iis
2627 1019 2766 1069 enim
2803 1017 3049 1070 versibus
3103 1029 3240 1083 quos
3299 1027 3462 1082 supe-

218 1090 330 1145 rius
359 1091 713 1147 indicavimus
771 1094 821 1148 id
860 1095 923 1148 de
954 1111 1012 1150 se
1045 1108 1229 1161 aperte
1274 1108 1476 1161 narrat,
1521 1099 1608 1153 ubi
1639 1101 1706 1154 de
1759 1100 1993 1155 aliorum
2025 1103 2292 1171 elegantia
2330 1107 2598 1159 scribendi
2637 1104 2815 1158 dixit:
2883 1091 3024 1172 Ἐγὼ
3083 1097 3129 1157 δ’
3161 1103 3261 1172 οὐχ
3315 1096 3461 1155 οὕτω

220 1179 441 1249 γράφω,
475 1179 569 1232 καὶ
607 1180 715 1248 γὰρ
741 1179 1106 1251 ἀγράμματός
1139 1184 1258 1254 εἰμι
1301 1187 1392 1238 καὶ
1415 1185 1531 1248 νέος
1575 1187 1912 1258 ῥακενὸὑτης
1964 1192 2060 1243 καὶ
2097 1193 2332 1262 paulo;
2385 1193 2494 1245 τῶν
2542 1191 2780 1245 εὐτελῶν
2809 1193 2919 1245 τῶν
2958 1192 3126 1262 μηδὲν
3174 1207 3351 1257 κεκτη
3367 1189 3463 1258 μὲ-ο

219 1283 345 1321 νων.
375 1267 684 1333 Congruere
713 1268 825 1322 inec
859 1269 991 1324 satis
1016 1269 1268 1324 videmur
1296 1287 1422 1326 cum
1448 1275 1510 1328 iis
1537 1291 1657 1343 quae
1681 1276 1746 1330 ad
1775 1274 1816 1328 Ι.

1866 1277 2008 1332 .iccm
2048 1280 2240 1334 seribit
2273 1279 2410 1351 (42).
2440 1284 2508 1335 τὰ
2570 1281 2614 1335 δ’
2644 1281 2892 1352 ἡμέτερα
2925 1279 3284 1348 ἀλουτοῦμεν,
3329 1291 3463 1340 ett.

217 1364 272 1408 et
292 1369 376 1423 ep.
431 1355 456 1406 1
515 1353 584 1407 de
637 1354 932 1411 solitudine
968 1371 1087 1412 sua.
1117 1355 1187 1412 Ut
1214 1359 1356 1413 enim
1391 1360 1581 1415 horum
1611 1372 1814 1433 tempor

1865 1379 1909 1417 m
1946 1365 2182 1435 scriptor
2204 1366 2417 1423 Nicetas
2443 1368 2580 1439 (d3),
2610 1369 2734 1422 δέον
2764 1369 2824 1421 ὲν
2863 1367 3050 1431 τόποις
3081 1367 3462 1438 δυσερενήτοις

220 1445 313 1495 καὶ
396 1442 623 1513 χωρίοις
720 1449 1061 1515 πανερήμοις
1121 1450 1234 1510 τοῖς
1329 1448 1658 1516 μονάζουσιν
1716 1453 1817 1503 ἀπα

1866 1451 1989 1517 aiat
2067 1454 2130 1506 τὸ
2197 1456 2485 1524 σκήνωμα.
2575 1455 2728 1522 Quod
2785 1456 2830 1510 si
2883 1456 2934 1509 in
3008 1454 3463 1523 orphanotrOphio

221 1542 399 1601 postea
431 1534 584 1596 vixit,
641 1532 807 1588 fuisse
837 1534 909 1588 ibi
942 1536 1036 1588 καὶ
1064 1536 1414 1604 μοναζὸντων
1443 1541 1536 1591 καὶ
1567 1542 1816 1610 μομαζου

1866 1539 1932 1592 ὦν
1961 1540 2312 1611 καταγώγια,
2345 1543 2583 1598 Zonaras
2643 1551 2697 1597 et
2727 1544 2882 1596 Anna
2919 1542 3050 1597 locis
3102 1541 3276 1596 allatis
3323 1557 3463 1594 nar-

218 1628 361 1675 rant.
396 1621 596 1674 Contra
632 1636 780 1688 vero,
810 1623 936 1691 quid
967 1634 1112 1678 esset
1139 1639 1237 1678 cur
1271 1627 1569 1681 monachus
1599 1627 1668 1682 de
1697 1629 1892 1697 capillo
1934 1638 2219 1701 tantopere
2275 1643 2617 1702 quereretur,
2645 1633 2788 1702 quod
2841 1632 3016 1699 capite
3071 1629 3334 1694 ﬂuxisset,
3399 1645 3458 1685 nt

216 1711 334 1782 ipse
360 1710 487 1766 iacit
516 1712 676 1780 epist.
712 1712 773 1765 I0
798 1712 932 1780 naut
957 1713 1048 1781 qui
1080 1715 1342 1768 monacho
1366 1716 1504 1769 idem
1532 1719 1847 1772 conveniret
1873 1730 2140 1785 unguento
2169 1721 2518 1784 delibutusait
2537 1722 2696 1775 habet
2723 1722 2883 1788 epist.
2920 1722 2984 1774 13
3011 1721 3032 1773 ?
3058 1720 3132 1774 De
3164 1721 3460 1774 monacho~

217 1815 338 1855 rum
365 1811 583 1854 tonsura
625 1800 707 1854 his
733 1802 1064 1868 temporibus
1086 1804 1239 1857 testis
1263 1814 1346 1857 est
1372 1803 1670 1870 Ccdrenus,
1699 1807 1793 1875 qui
1822 1807 1888 1859 de
1915 1806 2175 1864 Michacle
2205 1809 2497 1878 Calephate
2521 1825 2550 1861 a
2584 1808 2696 1863 Zoe
2724 1809 2788 1863 dc
2823 1810 3051 1876 imperio
3082 1807 3290 1876 deiecto
3318 1809 3454 1861 scri-

216 1890 316 1952 bit,
348 1889 406 1940 ὲν
445 1884 522 1955 τῷ
552 1887 694 1938 κατὰ
730 1887 828 1956 τὴν
860 1887 1022 1957 νῆσον
1060 1887 1294 1958 Πρώτην
1313 1892 1671 1964 μοναστηρίῳ
1722 1893 1821 1962 τὴν
1851 1896 2129 1966 κοσμικὴν
2171 1895 2512 1966 ἀποθέμενος
2573 1899 2732 1967 τρῐχα
2764 1896 2854 1949 τὸν
2918 1897 3104 1948 λοιπὸν
3164 1899 3264 1965 τῆς
3318 1896 3462 1965 ζωῆς

215 1977 438 2048 διήνυσε
468 1977 680 2047 χρόνον.
717 1975 779 2029 In
821 1976 1011 2033 insula:
1037 1982 1224 2033 Proles
1254 1982 1571 2034 monasterio
1597 1985 1922 2036 mundanum
1947 1985 2206 2050 deponens
2228 1985 2501 2050 capillum,
2530 1984 2780 2054 reliquam
2812 1987 2969 2036 rilmz
2995 1986 3184 2049 excqit.
3243 1984 3463 2049 Verum,

217 2081 338 2118 cum
373 2080 514 2120 nunc
537 2079 750 2134 quoque
777 2066 993 2120 Graecos
1019 2073 1314 2122 monachos
1345 2069 1623 2123 videamus
1644 2071 1838 2137 capillo
1871 2071 2148 2140 aliquanto
2178 2073 2421 2142 longiore
2455 2075 2551 2133 uti,
2573 2083 2622 2124 et
2652 2088 2774 2124 enin
2799 2076 2937 2138 apud
2973 2070 3212 2131 Latinos,
3270 2087 3376 2123 non
3415 2071 3463 2122 id

217 2153 398 2208 facere
427 2155 850 2209 ecclesiasticam
882 2167 1179 2219 tonsuram,
1211 2165 1269 2210 ut
1301 2157 1480 2212 crines
1516 2161 1794 2212 resecaudi
1836 2164 2056 2215 omnino
2088 2162 2200 2216 sint
2243 2175 2257 2211 :
2296 2176 2407 2213 rem
2463 2161 2621 2230 plane
2644 2165 2782 2230 apud
2814 2175 2898 2214 me
2964 2163 3293 2215 constituere
3350 2176 3457 2214 non

216 2256 442 2310 possum
480 2241 652 2306 ;etsi,
692 2254 954 2296 ntverum
989 2243 1179 2308 fatear,
1220 2245 1271 2298 in
1297 2261 1414 2298 eam
1471 2257 1675 2313 partem
1709 2246 1932 2302 inclinat
1990 2249 2228 2312 animus,
2273 2263 2392 2317 qute
2449 2251 2618 2318 ponit,
2655 2264 2682 2299 a
2739 2247 3239 2318 PtoihOpro-lromo
3284 2248 3375 2318 qui
3407 2262 3468 2301 se

215 2331 380 2384 etiam
413 2327 741 2384 Hilarionem
775 2333 1072 2386 innuastico
1113 2333 1326 2386 nomine
1361 2343 1533 2396 vocat,
1573 2334 1738 2388 fuisse
1769 2334 2124 2390 Prodrntnum
2155 2346 2398 2391 neStrum
2433 2337 2729 2390 diversum.

295 2416 494 2470 Versus
525 2417 720 2485 quibus
761 2418 812 2471 in
837 2417 1062 2473 Baream
1087 2419 1202 2474 sive
1233 2418 1408 2488 Baryu
1439 2419 1704 2484 scribens,
1740 2419 2054 2490 parentibus
2085 2434 2144 2475 se
2174 2429 2350 2475 ortum
2380 2419 2562 2490 probis
2595 2428 2780 2474 narrat
2809 2420 3141 2490 optimisque
3165 2420 3468 2489 disciplinis

221 2507 554 2561 instructum
589 2517 640 2561 ct
669 2507 736 2562 de
767 2509 1030 2563 avunculo
1059 2511 1307 2580 episcopo
1341 2512 1596 2579 loquitur,
1630 2512 1716 2565 alii
1736 2525 1785 2565 rt
1815 2511 2116 2566 Fabricius.
2147 2509 2339 2563 Mirum
2394 2519 2478 2564 est
2504 2507 2808 2579 Koenigium
2872 2510 3226 2565 Prodromum
3289 2512 3464 2582 ipsum

222 2606 467 2652 nostrum
497 2601 807 2668 episcopum
840 2599 1018 2653 lacere
1040 2599 1244 2671 tiotyzei
1275 2601 1325 2653 in
1350 2599 1584 2671 Phrygia
1618 2618 1634 2666 ;
1665 2609 1720 2656 et
1752 2601 1993 2656 scribere
2043 2598 2294 2652 eumdem
2359 2597 2606 2651 ﬂoruisse
2666 2597 2917 2660 sarculo,“
2950 2615 2964 2665 ;
3023 2596 3304 2652 Fabricius
3354 2614 3464 2666 quo

217 2695 444 2741 auctore
475 2686 558 2738 vel
593 2693 728 2740 teste
762 2685 813 2739 id
843 2687 927 2739 ille
951 2687 1171 2753 dixerit,
1205 2688 1401 2742 fatetur
1459 2703 1519 2744 se
1552 2688 1829 2756 ignoraie.
1851 2686 2102 2741 Arbitror
2134 2696 2311 2739 tamen
2343 2686 2396 2740 iu
2425 2697 2664 2738 errorem
2691 2685 2967 2740 inductum
3006 2702 3034 2739 a
3085 2686 3214 2757 Cyri
3251 2689 3468 2742 nomine

213 2776 370 2843 quod
405 2773 651 2828 nonnulli
683 2775 730 2827 ei
771 2775 1094 2838 tribuerunt,
1125 2777 1269 2844 quod
1302 2777 1548 2847 legerunt
1583 2777 1752 2846 κὺρου
1790 2776 1810 2830 ε

1867 2774 2067 2845 οδώρου
2097 2774 2194 2827 τοῦ
2232 2771 2590 2845 Πρυδρόμου;
2625 2775 2831 2844 Cyrum
2863 2790 2991 2830 vero
3023 2775 3172 2831 illum
3198 2774 3464 2843 celebrent

212 2865 320 2918 sub
347 2861 651 2916 Theodosio
677 2863 892 2932 juniore
913 2864 1040 2916 olim
1071 2862 1257 2921 Cl’olis
1283 2865 1626 2934 praelectum,
1660 2875 1842 2933 postea
1872 2865 2274 2934 Smyrncorum
2304 2865 2617 2935 episcopum
2643 2876 2769 2920 sunt
2797 2867 2886 2934 qui
2918 2865 3118 2935 Cotymi
3151 2866 3464 2934 episcopum

223 2953 401 3008 fuisse
433 2952 638 3015 volunt,
677 2963 733 3008 ut
771 2953 1033 3007 Baronius
1064 2953 1176 3024 (Η)
1211 2956 1397 3010 tradit.
1425 2956 1897 3024 Supervacaneum
1932 2969 2061 3009 vero
2083 2963 2168 3008 est
2196 2955 2489 3011 admouere
2519 2955 2690 3024 κὺρου
2721 2970 2818 3025 pro
2873 2954 3062 3024 κυρίου
3112 2954 3318 3008 dixisse
3347 2970 3463 3008 ma-

216 3041 368 3096 xime
396 3041 494 3094 aevi
524 3041 795 3108 sequioris
834 3040 1076 3107 Graecos,
1133 3042 1372 3112 adeoque
1407 3043 1616 3097 titulum
1645 3040 1869 3096 honoris
1900 3056 2023 3098 esse
2085 3042 2236 3110 illud,
2268 3058 2371 3097 non
2435 3058 2630 3100 nomen
2690 3045 2743 3098 in
2784 3044 3069 3099 Theodoro
3122 3054 3332 3108 nostro,
3387 3046 3464 3097 uti

224 3129 854 3196 animadverteruutjam
886 3129 1063 3196 inulti,
1104 3129 1378 3194 Barthius,
1409 3131 1754 3194 Gaulmiuus,
1789 3129 2093 3196 Fabricius,
2125 3141 2234 3188 etc.
2291 3132 2557 3187 Caeterum
2619 3141 2752 3187 tetas
2810 3131 3107 3195 Theodori,
3171 3141 3368 3202 praeter
3398 3148 3461 3186 ea

223 3233 349 3288 qua
375 3217 622 3287 superius
650 3218 904 3284 diximus,
942 3220 1293 3275 continuatur
1325 3235 1391 3274 ex
1428 3223 1511 3276 his
1543 3220 1786 3289 epistolis
1814 3219 2018 3275 nostris
2054 3237 2069 3287 ;
2100 3236 2163 3274 ex
2193 3231 2463 3289 postrema
2495 3219 2706 3276 scilicet
2742 3235 2859 3288 qua:
2895 3221 2959 3274 ad
2993 3219 3301 3291 Gregorium
3333 3221 3469 3277 scri-

221 3307 392 3373 bitur,
406 3307 496 3359 ὅτε
518 3299 652 3376 ἦλθε
678 3305 817 3376 πρὸς
844 3307 902 3359 τὸ
931 3307 1119 3378 νησίον
1145 3311 1173 3360 ὁ
1196 3307 1498 3377 ἁγιώτατος
1523 3307 1680 3378 ήμῶν
1699 3307 1969 3378 δεσπότης
1997 3308 2109 3361 ἀπὸ
2131 3308 2225 3364 τοῦ
2253 3310 2648 3382 πατριαρχείου
2680 3309 3043 3380 ἀρρωστήσας
3071 3311 3163 3362 καὶ
3187 3327 3467 3380 παραιτη-

221 3394 468 3466 σάμενος
487 3411 502 3426 ο
529 3397 741 3466 quando
767 3397 836 3450 ad
865 3395 1098 3451 insulam
1121 3400 1252 3451 venit
1274 3399 1632 3452 sarrctiuimus
1665 3397 1909 3452 dominus
1932 3407 2108 3452 noslrr
2139 3415 2167 3452 ε
2194 3398 2563 3467 patriarchalu
2592 3407 2705 3465 post
2729 3399 2966 3450 morbum
2988 3407 3038 3452 el
3059 3398 3463 3453 abdicationem.

220 3481 402 3538 hemo
432 3484 520 3538 hic
547 3499 653 3539 non
679 3493 933 3553 agnoscet
960 3482 1274 3540 Michaelctn
1303 3485 1366 3549 ll,
1393 3484 1606 3540 Oxitem
1632 3485 1858 3550 dictum,
1883 3486 1976 3556 qui
2007 3501 2132 3539 cum
2202 3502 2293 3541 an.
2332 3487 2466 3540 1H3
2524 3487 2687 3540 Leoni
2743 3486 3040 3556 Styppiota:
3085 3489 3463 3550 successisset,

226 3582 358 3641 post
383 3586 556 3627 annos
586 3571 724 3626 duos
754 3587 1070 3642 mensesque
1099 3580 1222 3628 octo
1255 3588 1392 3644 quos
1419 3573 1536 3642 ejus
1560 3573 1672 3628 sedi
1700 3571 1978 3643 Philippus
1999 3573 2229 3647 Cyprius
2253 3587 2416 3645 atque
2444 3591 2631 3632 omnes
2656 3577 2742 3629 alii
2783 3576 3211 3647 patriarcharum
3240 3576 3466 3644 catalogi

218 3663 498 3726 tribuunt,
521 3674 577 3713 se
599 3661 969 3730 patriarchatu
1002 3660 1292 3728 abdicavit,
1315 3661 1605 3716 utNicetas
1627 3660 1741 3732 (45)
1771 3671 1825 3715 et
1845 3663 2142 3718 Cinnamus
2165 3662 2276 3734 (46)
2303 3663 2566 3719 scribunt.
2591 3663 2766 3733 Atque
2787 3663 2913 3717 hinc
2941 3665 3290 3718 conlirmatur
3323 3663 3468 3731 quod

217 3761 344 3806 erat
377 3767 443 3805 ex
478 3751 597 3803 aliis
657 3751 1021 3804 monumentis
1048 3756 1402 3804 constitutum
1432 3766 1460 3804 a
1512 3751 1691 3816 nobis,
1726 3751 1972 3806 ﬂoruisse
1997 3749 2355 3805 Prodromnin
2403 3764 2574 3821 usque
2598 3752 2664 3805 ad
2694 3766 2780 3814 an.
2815 3751 2996 3816 Πῶς
3052 3749 3249 3805 addere
3300 3749 3464 3803 etiam

220 3852 522 3908 possumus
549 3854 640 3893 an.
676 3836 830 3892 1146.
866 3837 988 3892 Hum
1019 3837 1228 3907 longius
1260 3839 1487 3893 fortasse
1513 3839 1580 3894 de
1613 3839 1880 3908 scriptore
1914 3850 2124 3906 nostro,
2158 3842 2225 3895 de
2249 3855 2357 3910 quo
2385 3850 2512 3896 sunt
2535 3840 2709 3896 ferme
2763 3843 2943 3894 omnia
2975 3849 3031 3893 ut
3057 3838 3205 3896 vides
3267 3839 3468 3893 obscu-

217 3927 448 3981 rissima
478 3941 616 3992 ;nec
646 3935 824 3979 tatnen
849 3942 949 3980 nos
988 3925 1195 3994 aliquid
1227 3941 1330 3979 non
1355 3928 1627 3981 illustrare
1657 3930 1925 3997 cupimus.
1994 3927 2146 3996 Quod
2177 3925 2436 3997 epistolas
2485 3935 2698 3997 spectat
2753 3936 2878 3980 sunt
2932 3926 3033 3980 illa:
3089 3941 3313 3980 numero
3378 3926 3463 3990 14,

226 4030 488 4084 magnam
525 4023 732 4082 partem
765 4012 1288 4081 ollieiosat.qua2que
1316 4017 1384 4068 ab
1441 4014 1562 4068 aliis
1628 4029 1878 4087 acceptas
1901 4016 2159 4086 epistolas
2213 4017 2434 4069 laudant
2459 4026 2549 4068 aut
2610 4018 2822 4068 easdem
2876 4023 3134 4084 expetunt
3192 4031 3295 4068 non
3351 4017 3470 4069 sine

223 4107 415 4172 aliqua
453 4101 874 4155 intermissionis
903 4116 1088 4154 earum
1119 4101 1360 4169 querela.
1397 4101 1711 4170 Eloquentia
1755 4115 1930 4159 tamen
1967 4104 2199 4158 hominis
2229 4112 2407 4157 exstat
2436 4103 2593 4170 plane
2647 4103 2956 4171 singularis,
3005 4119 3124 4170 quae
3194 4106 3244 4156 in
3275 4105 3464 4156 eidem

221 4198 556 4260 argumento
587 4202 760 4256 coque
793 4186 996 4254 vulgari
1025 4188 1184 4241 habet
1219 4188 1575 4242 nihilominus
1603 4205 1819 4258 semper
1849 4190 2049 4259 aliquid
2082 4191 2227 4258 quod
2293 4191 2552 4247 delectat.
2588 4190 2819 4246 Morosis
2871 4191 3172 4258 praesertim
3232 4189 3469 4244 homini-

221 4283 333 4333 bus
358 4277 449 4347 qui
482 4292 647 4347 genus
679 4275 805 4328 illud
837 4273 1116 4329 fastidierit
1153 4274 1511 4330 redundantis
1561 4285 1615 4330 et
1665 4279 1819 4345 quasi
1851 4277 2182 4333 lascivientis
2243 4281 2526 4345 orationis,
2587 4275 2942 4349 reputaudum
3001 4288 3102 4344 est,
3154 4293 3260 4333 non
3316 4279 3470 4332 aliter

217 4368 474 4421 scribere
501 4370 598 4418 hoc
634 4375 876 4432 tempore
907 4363 1257 4416 consuevisse
1313 4364 1404 4432 qui
1447 4365 1588 4433 apud
1626 4361 1844 4420 Graecos
1897 4365 2198 4422 doetissimi
2241 4378 2402 4437 atque
2437 4368 2863 4437 eloquentissimi
2939 4365 3296 4429 habebantur,
3360 4366 3468 4419 imo

223 4456 522 4508 historicos
547 4452 713 4521 ipsos,
748 4459 804 4504 ut
826 4465 893 4505 ex
923 4447 1136 4512 Niceta,
1170 4451 1321 4503 Anna
1342 4449 1619 4505 Conmena
1651 4452 1883 4522 aliisque
1917 4464 2151 4509 constat.
2184 4454 2366 4510 ltestat
2414 4464 2472 4509 ut
2506 4456 2573 4510 de
2603 4456 3048 4524 interpretatione
3097 4469 3214 4508 mea
3267 4454 3462 4507 dicam.

219 4541 302 4595 Et
330 4543 559 4612 prinmm
608 4554 705 4594 cur
745 4537 927 4593 ltalice
959 4544 1172 4592 vertere
1198 4539 1292 4590 has
1319 4535 1598 4593 Prodroini
1633 4540 1844 4595 litteras
1871 4544 2152 4596 maluerim
2181 4541 2204 4594 ‘l
2231 4542 2423 4596 Verum
2450 4543 2553 4595 hoc
2607 4557 2675 4597 ex
2723 4558 2807 4596 me
2861 4543 2949 4610 qui
3022 4540 3463 4596 molestissimum

242 4631 353 4684 hoc
387 4629 913 4693 tricosissit‘nuinquc
944 4625 1334 4692 interpretandi
1366 4628 1640 4696 negotium
1677 4628 1968 4697 aliquando
2024 4643 2401 4699 susceperunt,
2437 4645 2530 4685 eos
2582 4630 2904 4700 quaesituros
2963 4645 3066 4683 non
3131 4641 3277 4699 puto.
3324 4631 3468 4684 Satis

219 4719 378 4771 enim
403 4729 602 4771 norunt
634 4728 837 4785 quanto
869 4716 1205 4768 commodius
1228 4713 1430 4772 Grzecis
1464 4715 1646 4771 ltalica
1679 4717 2043 4788 respondeant
2073 4735 2235 4788 quam
2267 4720 2480 4785 Latina,
2510 4717 2618 4773 Cur
2652 4720 2810 4789 igitur
2834 4720 3007 4773 minus
3045 4720 3146 4774 hoc
3180 4721 3309 4774 mihi
3349 4735 3467 4774 mo-

223 4807 411 4861 lestize
451 4820 555 4857 non
594 4818 842 4873 caperem
875 4803 897 4856 ‘l
931 4805 1108 4856 minus
1140 4803 1301 4857 etiam
1346 4804 1666 4868 lectoribus,
1703 4822 1839 4876 quos
1875 4808 2046 4861 ferme
2081 4806 2249 4860 ltalici
2305 4807 2571 4862 sermonis
2630 4824 2732 4860 non
2788 4807 3070 4872 imperitos
3138 4807 3468 4862 obventuros

239 4890 382 4944 mihi
412 4890 718 4959 sperabam,
749 4889 1064 4942 exhiberem
1095 4887 1116 4940 ?
1150 4887 1341 4942 Postea
1371 4898 1551 4943 tamen
1585 4904 1707 4943 cum
1740 4905 1922 4946 essent
1956 4896 2048 4964 qui
2091 4893 2339 4948 Latinam
2399 4896 2892 4964 interpretationem
2950 4894 3272 4963 ﬂagitarent,
3298 4906 3464 4949 totum

229 4978 289 5031 id
326 4977 527 5046 negotii
560 4978 734 5030 amico
757 4977 898 5037 dedi,
936 4977 1027 5044 qui
1064 4988 1303 5029 nostram
1334 4992 1456 5030 cum
1478 4977 1727 5040 vidisset,
1754 4994 1783 5033 e
1806 4979 2013 5038 Graecis
2050 4993 2225 5036 latitet:
2259 4999 2410 5036 suam
2441 4987 2752 5038 adornavit.
2790 4984 2977 5052 itaque
3013 4985 3058 5037 si
3118 4984 3237 5038 hrec
3269 4984 3462 5038 alicubi

225 5067 514 5132 discrepat
549 5080 578 5116 a
617 5079 756 5128 mea,
792 5081 896 5116 non
935 5077 1144 5126 recuso,
1180 5065 1473 5133 quominus
1511 5066 1590 5119 illi
1617 5069 1796 5137 potius
1830 5068 2001 5124 lector
2036 5072 2238 5125 haereat
2265 5087 2423 5140 quam
2451 5086 2603 5126 meae.
2635 5069 2744 5142 Ego
2780 5074 2830 5127 in
2860 5072 3063 5128 Graecis
3089 5074 3462 5140 exprimendis

225 5153 404 5224 paulo
440 5154 672 5206 lortassc
700 5149 924 5205 liberius
955 5163 1202 5208 versatus
1223 5169 1366 5206 sum.
1399 5153 1655 5208 Nolebam
1687 5157 1832 5208 enim
1858 5158 2042 5211 ltalica
2082 5158 2348 5228 legentem
2383 5173 2489 5214 non
2524 5169 2631 5213 tam
2669 5160 2852 5215 Italica
2886 5163 3046 5215 verba
3083 5173 3137 5214 et
3161 5176 3465 5215 sermonem

229 5249 484 5296 n0strum
515 5239 757 5294 invenire
793 5254 952 5308 quam
983 5237 1229 5294 Graecum
1254 5255 1346 5295 seu
1381 5244 1690 5298 barbarum.
1723 5243 1826 5298 Sed
1859 5255 1915 5298 ut
1946 5248 1996 5299 in
2029 5248 2247 5301 caeteris
2283 5250 2360 5300 ita
2388 5247 2475 5301 hic
2505 5249 2679 5304 multo
2736 5250 2906 5318 uiagis
2942 5264 3036 5305 sua
3091 5249 3292 5319 cuique
3323 5251 3458 5302 ratio

229 5341 294 5383 et
321 5327 912 5397 cousiliumplacet.Ut
939 5325 1123 5382 Gtazca
1151 5332 1334 5384 darem
1369 5331 1695 5384 cet-rectiora
1725 5333 1791 5384 ad
1815 5331 1993 5387 Vatic.
2025 5339 2148 5389 cod.
2179 5334 2307 5391 CCC
2321 5336 2379 5398 γ,
2409 5353 2569 5406 quem
2603 5339 2853 5408 superius
2890 5337 3175 5407 descripsi,
3210 5336 3425 5405 coniugi
3453 5356 3468 5394 :

229 5417 424 5472 attulit
447 5415 610 5471 etiam
640 5429 796 5484 opem
813 5415 1051 5484 aliquam
1082 5417 1135 5472 in
1167 5419 1437 5472 nonnullis
1458 5433 1572 5487 quae
1602 5421 1911 5474 continebat
1938 5423 2178 5490 ejusdem
2215 5424 2332 5480 Vat.
2370 5426 2498 5484 bibl.
2521 5424 2653 5480 Cod.
2687 5426 3122 5482 Oihobonianus.
3155 5426 3211 5481 In
3250 5427 3470 5480 varian-

233 5507 385 5562 tibus
445 5504 766 5563 lectionibus
815 5504 1136 5562 exltibendis
1174 5509 1284 5562 sive
1312 5507 1662 5562 emendandis
1680 5511 1880 5564 nostris
1896 5515 2128 5580 primum
2158 5513 2389 5568 iudicavi
2418 5515 2592 5570 littera
2611 5514 2651 5570 C
2672 5517 2784 5572 sive
2808 5514 3074 5589 cumCod.
3103 5513 3220 5570 Vat.
3244 5515 3471 5588 pracis:

311 5665 428 5748 (4.?!
463 5662 639 5748 Pvel-
669 5664 756 5748 4:.
1392 5742 1419 5748 _

1392 5742 1419 5748 _
1983 5677 2090 5748 (l5)
2122 5677 2236 5730 Lib.
2275 5693 2330 5733 tt.
2369 5689 2511 5728 num.
2550 5675 2601 5730 3.

461 5733 910 5818 l‘u‘Manatf‘omn.
939 5738 1033 5793 lib.
1072 5754 1169 5804 vn,
1205 5755 1356 5797 num.
1390 5742 1444 5794 2.

864 5753 910 5792 u.
939 5738 1033 5793 lib.
1072 5754 1169 5804 vn,
1205 5755 1356 5797 num.
1390 5742 1444 5794 2.
1983 5733 2092 5818 (46)
2125 5749 2238 5801 Lib.
2265 5764 2324 5809 ll,
2355 5757 2461 5803 etc.

313 5807 429 5882 (1M)
457 5808 536 5858 Ad
569 5821 660 5859 an.
692 5807 817 5863 446.

561 5900 834 5963 Pas-uos.
869 5903 982 5964 Gn.
1018 5901 1362 5970 CXXXIII.
3079 5913 3158 5977 35
