4044 6284
377 337 514 405 1193

979 462 1086 531 Εἷς
1110 463 1177 518 τὸ
1206 467 1368 526 αὑτό.

372 546 616 617 Οὑρανδν
648 549 1073 621 άμφέπτυσσας,
1111 558 1394 628 ἀϐέλτερε,
1426 560 1454 630 -ι
1496 560 1630 633 πρός
1659 562 1727 630 ῥα
1754 559 1911 613 Θεοίο

369 638 504 693 Θεία
536 644 808 711 πράσωπα
847 646 1080 715 πτύσας,
1119 648 1154 705 ἃ
1190 652 1480 723 φωσφόρος
1507 653 1639 724 ἠΰτε
1666 651 1880 723 λάμψεν

371 728 570 798 Ὀριος
597 734 738 803 ἀμφὶ
765 735 1021 807 κόρυμϐα
1053 738 1339 812 Θαϐωρίου
1362 755 1377 773 ο
1409 737 1445 814 ἦ
1470 744 1500 812 ῤ
1531 745 1622 810 ὅγε
1643 743 1860 812 βάλλεις

369 819 604 892 Πτύτμα
632 840 714 879 σοι
737 826 795 891 ἐς
809 826 871 882 τὸ
894 829 1188 899 πρόσωπον
1208 832 1492 888 ἐλεύσεται
1511 834 1648 888 ἄντα
1667 833 1945 889 κατελθόν.

641 920 750 986 Εἰς
779 920 888 975 τὸν
904 923 1258 990 ῤαίσαντα
1285 926 1393 980 τὸν
1414 929 1696 995 Χριστόν.

367 1005 433 1065 Τί
465 1007 577 1080 γὰρ
597 1009 876 1080 τοσοῦτον,
906 1015 1095 1084 Ὀζὰν,
1123 1017 1545 1090 ἑξαμαρτάνεις,

372 1100 467 1163 Ὠς
497 1102 849 1160 ἑκθανείσθαι
873 1109 971 1178 τῆς
990 1109 1232 1165 κιϐωτοῦ
1260 1111 1574 1184 Θιγγάνωνς

363 1192 432 1248 Τί
463 1193 510 1248 δ’
531 1196 593 1249 οὐ
626 1197 882 1253 τοσοῦτον
910 1203 1280 1273 πλημμελεῖς,
1309 1207 1588 1278 ὑπηρέται,

373 1286 464 1351 Ὠς
492 1288 569 1361 μὴ
604 1288 911 1360 Θανετσθαι,
937 1294 1075 1364 cpe-3!
1103 1296 1354 1366 ῥαπίζων
1388 1297 1418 1371 -ξ
1462 1300 1554 1354 τὸν
1587 1302 1763 1372 Λόγον
1789 1347 1802 1369 ,

962 1389 1068 1454 Είς
1099 1389 1167 1444 τὸ
1202 1390 1374 1447 αὑτό.

369 1473 678 1549 ’Δνστρεφε
709 1478 1080 1551 τολμήεσσαν,
1115 1483 1416 1551 ἁτάσθαλε,
1445 1489 1625 1560 χεῖρα,
1657 1487 1919 1559 θεράπον,

370 1567 704 1642 ’Δνστρεφε,
737 1573 862 1644 μηδ’
889 1574 1100 1630 ἐπίσειε
1133 1579 1365 1650 παρηῖδι
1404 1580 1807 1651 Μμϐασιλῆος,

359 1659 558 1732 Φρίξον
579 1702 596 1731 ,
629 1664 658 1717 ὀ
690 1665 801 1733 γὰρ
831 1669 1101 1742 κρατέῃσι
1129 1672 1558 1744 κεραυνοφόρων
1581 1673 1884 1743 νεφελάων,

355 1750 452 1823 Μή
483 1769 544 1804 σι
566 1753 705 1828 βάλῃ
742 1759 1043 1830 πρηστῆρι.
1078 1763 1176 1815 καὶ
1199 1762 1371 1834 ἄγρια
1402 1763 1640 1820 δάκτυλοι
1669 1765 1870 1838 παύσῃ.

754 1844 860 1914 Εις
883 1848 1001 1916 τὴν
1029 1848 1296 1919 ἄρνησιν
1322 1851 1574 1920 Πέτρου.

356 1931 436 1987 οὐ
462 1933 672 2004 Πέτρος
693 1930 873 2006 οὗτος,
900 1939 962 2007 ὃς
990 1940 1125 2014 χθὲς
1152 1943 1557 2017 ὲθρασυστόμει

367 2025 462 2089 Ὠς
480 2028 581 2082 οὐκ
603 2027 672 2083 ἂν
695 2030 999 2104 ἀρνήσαιτο
1029 2032 1124 2088 τὸν
1148 2035 1473 2092 διδάσκαλον
1503 2055 1524 2107 ;

357 2111 478 2173 Νῦν
504 2119 700 2190 βλέψον
720 2122 886 2177 αὐτὸν
915 2121 994 2189 ὥς
1023 2127 1350 2198 άπαρνεῐται
1382 2131 1589 2202 τρίτον.

358 2208 532 2264 Φωνεί
560 2211 606 2266 δ’
633 2211 908 2289 ᾁλέκτωρ,
938 2215 1101 2284 γνοὺς
1123 2215 1179 2272 δὲ
1211 2217 1416 2290 Πέτρος
1441 2221 1691 2295 δακρύει.

965 2308 1074 2375 Εἰς
1098 2308 1166 2362 τὸ
1197 2311 1366 2368 αὐτό.

359 2394 531 2449 Δισσᾶ
555 2393 653 2467 μὲν
676 2395 743 2451 ἐκ
771 2396 1079 2472 σ’ὲφόϐησε
1111 2402 1403 2472 κοράσσια,
1448 2405 1599 2460 ὄλϐιε
1640 2405 1838 2478 Πέτρε,

373 2487 619 2561 Ἀρνήσω
643 2489 699 2542 δὲ
724 2489 1067 2562 διδάσκαλον,
1093 2492 1153 2547 ὃν
1181 2495 1310 2568 πέρι
1357 2499 1518 2568 φίλαο
1540 2500 1757 2554 πάντων
1776 2513 1791 2530 ·

356 2581 547 2652 Αὐτὰρ
573 2581 722 2649 ἅπαξ
754 2584 802 2637 oi
825 2583 1068 2650 ἆπαντες
1093 2584 1421 2658 ιπιχθονίων
1454 2591 1716 2662 βασιλῆες

356 2674 521 2729 Δεινά
546 2691 603 2728 σε
634 2675 804 2730 πολλὰ
833 2677 1116 2749 δράσαιεν,
1144 2677 1373 2752 ἀνήνεαι
1421 2683 1528 2737 οὐδ’
1559 2684 1646 2755 ἄρ’
1676 2686 1906 2741 ἐκεῖνον.

395 2791 502 2857 Εἷς
530 2787 618 2855 τὸ,
653 2789 796 2848 Τίνα
825 2791 1139 2857 ἀπολύσω.
1173 2793 1488 2863 Βαραϐϐᾶν
1537 2796 1576 2866 ἣ
1614 2797 1926 2865 Χριστόν;’

359 2883 558 2950 Ἀφες,
592 2883 814 2952 Πιλάτι,
839 2885 930 2938 τὸν
954 2886 1251 2960 Βαραϐϐᾶν
1285 2889 1346 2943 ὲν
1379 2888 1480 2960 βίῳ
1504 2902 1518 2918 ·

361 2975 532 3042 Ἴσως
565 2979 842 3051 μεταγνῷ,
874 2981 969 3035 καὶ
1015 2980 1158 3056 τύχῃ
1187 2982 1462 3055 σωτηρίας
1487 3001 1500 3015 ⁸

1021 3138 1089 3193 In
1116 3139 1271 3194 idem.

1157 348 1691 411 TETRASTICHA
1725 349 1807 410 IN
1838 351 2112 413 NOVUM
2147 352 2744 420 TESTAMENTUM.

3489 348 3627 417 1194

1977 470 2024 531 Α
2056 466 2334 538 Σταυροῦν
2364 467 2419 521 δὲ
2445 467 2534 520 τὸν
2557 465 2788 536 Σωτῆρα
2822 463 2896 535 μὴ
2928 462 3094 534 φειδὼ
3114 461 3306 535 λάϐῃς,

2052 559 2317 631 Σταυροῖς
2351 559 2462 632 γὰρ
2489 560 2631 612 οὕτω
2667 559 2764 628 τὴν
2796 556 3253 628 ὲμὴνάμαρτίαν.

2622 653 2727 718 Εἰς
2750 649 2816 703 τὸ
2852 649 3023 705 αὐτό.

2054 752 2117 804 Ὢ
2141 749 2357 820 φθόνος,
2390 744 2726 818 ἀνθρώποισι
2762 742 2931 804 πάθος
2969 742 3134 812 μέγα,
3169 741 3324 796 νοῦσε
3353 740 3611 812 κακίστη,

2053 845 2171 912 Πῦρ
2199 842 2374 908 ὀλοὸν,
2410 840 2702 910 πτολέμοιο
2731 838 2906 907 φάγον
2940 836 3140 906 στόμα,
3167 834 3360 889 τέκνον
3379 832 3625 906 ἐχίδνηςι

2057 939 2154 990 ’ον
2187 935 2275 989 δία
2307 930 2669 1005 γραμματέες
2701 929 2938 1001 Χριστὸν
2967 929 3065 1000 μὲν
3094 927 3324 996 ἔπεφνον
3359 926 3588 998 Ἰησοῦν,

2050 1027 2345 1098 Βαραϐϐᾶν
2371 1027 2418 1079 δ’
2446 1025 2750 1085 ἀπέλυσαν.
2783 1022 3089 1079 ἀτάσθαλον
3117 1021 3313 1095 ἄνδρα,
3349 1021 3551 1092 φονῆα.

2504 1122 2610 1183 Εἰς
2633 1118 2749 1185 τὴν
2775 1117 3146 1186 σταύρωσιν.

2051 1215 2319 1285 Εἴρχθης,
2351 1211 2644 1282 ὲπαίχθης,
2679 1209 3043 1281 ὲρῤαπίσθης,
3075 1208 3279 1279 Χριστέ
3304 1223 3438 1277 μου·

2058 1307 2119 1360 '0
2141 1304 2375 1376 σταυρὸς
2405 1304 2571 1376 ἤρθη·
2597 1304 2762 1375 δεῦρο
2791 1305 2945 1372 γοῦν,
2976 1303 3180 1375 Σώτερ,
3213 1302 3377 1371 πάθε,

2048 1394 2282 1458 Κεντοῦ,
2312 1392 2602 1470 προπηγοῦ
2642 1393 2720 1466 τῷ
2751 1393 2913 1466 ξύλῳ,
2937 1392 3103 1465 χολὴν
3137 1394 3260 1446 πίνε
3287 1434 3302 1457 ,

2050 1488 2160 1542 Καὶ
2186 1486 2387 1554 Θνῆσκε
2418 1485 2511 1540 τοῦ
2541 1487 2798 1553 θανόντος
2821 1486 3116 1558 ἀνθρώπου
3146 1487 3330 1556 χάριν.

2615 1584 2717 1648 Ε’ίς
2746 1582 2811 1636 τὸ
2835 1582 3007 1638 αὐτό.

2050 1672 2162 1726 Ποῦ
2198 1673 2357 1737 σέλας
2385 1674 2589 1746 ἠελίοιο
2610 1673 2857 1747 διῴχετο,
2890 1675 2983 1746 ἠδὲ
3026 1677 3261 1750 σελήνης
3287 1693 3304 1743 ;

2050 1767 2147 1832 Τίς
2179 1767 2238 1822 δέ
2261 1785 2321 1822 τε
2349 1767 2580 1841 λατομίη
2616 1769 2838 1833 πολιοὺς
2875 1770 3152 1842 ὲτμήξατο
3182 1772 3458 1843 πέτρουςς

1972 1831 2017 1888 Β
2044 1831 2139 1924 Tia
2166 1860 2226 1915 δὲ
2252 1831 2747 1930 καταφθιμένοισιν
2781 1831 3056 1928 enixi-sto,
3078 1831 3620 1934 'Aprtvurs,-vsxpo€;

2046 1950 2288 2025 Χριστοῦ
2320 1957 2720 2026 καινοτόμησεν
2751 1956 2916 2026 ἁγνὸν
2963 1957 3157 2025 πάθος,
3180 1950 3228 2011 ὦ
3267 1955 3408 2023 ξένε,
3431 1955 3618 2010 totum.

2471 2048 2575 2112 Εἰς
2603 2047 2711 2101 τὸν
2738 2047 3174 2118 ἐνταφιασμόν.

2047 2139 2113 2191 'l‘t'
2140 2139 2400 2211 δακρύεις
2433 2139 2717 2194 θάπτουσα
2745 2139 3003 2213 Χριστὸν,
3043 2137 3309 2213 Παρθένε,

2047 2230 2225 2286 Πάλαι
2258 2229 2505 2286 λαϐοῦσα
2535 2234 2634 2303 τῆς
2665 2235 2843 2304 χαρᾶς
2872 2233 2972 2296 τὰς
3005 2231 3209 2304 ἐγγύας
3228 2251 3247 2300 ὅ

2046 2322 2344 2392 Οἰμωζέτω
2367 2323 2614 2390 θάνατος,
2654 2324 2822 2395 ᾍδης
2853 2323 3089 2380 κλαιέτω
3109 2339 3128 2359 ο

2046 2415 2119 2470 Σὺ
2147 2414 2205 2471 δὲ
2228 2416 2469 2487 τριταῖον
2495 2416 2589 2470 τὸν
2625 2417 2716 2471 σὺν
2749 2416 2881 2469 Υἱὸν
2917 2416 3160 2488 ἐκδέχου.

2613 2513 2722 2579 Εἰς
2743 2512 2808 2567 τὸ
2845 2513 3018 2567 αὑτό.

2048 2593 2271 2675 Τύμϐον
2302 2605 2386 2660 ἐνὶ
2413 2605 2796 2678 σφραγίδεσσι,
2826 2604 3067 2677 δυσίεροι
3095 2604 3414 2677 ἁρχιερῆες,

2048 2697 2297 2762 Κλείετε,
2322 2699 2419 2752 καὶ
2449 2699 2647 2762 πολέας
2681 2698 3003 2770 περιίστατε
3033 2698 3405 2763 ἀσπιδιώτας·

2047 2788 2125 2842 Οὐ
2159 2791 2452 2860 σχήσουσιν
2477 2789 2712 2854 ἄνακτος
2742 2791 3132 2863 ἀνεγρομένοιο
3166 2790 3366 2863 ἐρωὴν,

2059 2879 2199 2936 Ἀλλ’
2265 2881 2430 2954 ᾍδου
2495 2899 2555 2937 τε
2615 2883 2788 2954 τάφου
2838 2899 2896 2936 τι
2966 2881 3626 2958 μοχλοὺς··καταθραύσει

3281 2975 3566 3048 [ἀναστάς.

2048 3129 2390 3199 paenitudine
2411 3131 2610 3187 ductus
2635 3132 2862 3188 salutem
2894 3143 3296 3205 consequatur;
3321 3132 3470 3191 cruci
3495 3149 3624 3192 vero

435 3231 490 3286 in
517 3232 736 3296 cmlum.
770 3246 989 3300 vesane,
1042 3237 1418 3304 conspuebas,
1479 3247 1534 3293 tu
1588 3240 1681 3310 qui
1736 3239 1940 3299 Christi
1967 3204 2011 3264 (ἶ
2048 3223 2390 3281 Servatorem
2414 3226 2688 3298 conﬁgere
2715 3243 2780 3285 ne
2795 3227 3099 3297 detrectes;
3127 3228 3208 3285 sic
3230 3228 3375 3284 enim
3407 3238 3627 3299 peccata

358 3325 600 3380 divinam
630 3325 825 3382 faciem
855 3327 1031 3396 sputis
1073 3328 1495 3394 dehonestabas,
1527 3345 1646 3401 quae
1671 3349 1770 3389 ceu
1807 3335 1943 3391 luei-

360 3417 446 3472 fer
468 3417 718 3474 inclaruit
737 3419 790 3473 in
813 3434 1030 3474 summo
1055 3418 1329 3476 Thaboris
1347 3423 1547 3479 montis
1566 3427 1739 3492 apice.
1761 3424 1942 3490 Certe,

357 3513 507 3580 quod
537 3511 810 3576 immittis,
837 3527 902 3568 ex
932 3513 1163 3569 adverso
1186 3514 1398 3571 rediens
1442 3529 1682 3589 sputum,
1720 3529 1842 3576 tuas
1887 3521 1944 3576 in

361 3605 606 3660 cervices
638 3605 981 3662 refundetur.

538 3697 718 3765 Deae,
752 3700 850 3767 qui
883 3696 1151 3755 Christum
1179 3699 1233 3754 in
1266 3699 1459 3771 faciem
1490 3704 1762 3771 percussit.

431 3789 583 3858 Quod
622 3800 826 3847 tantum
860 3793 1040 3849 scelus
1108 3794 1370 3859 admittis,
1415 3810 1448 3851 o
1477 3797 1607 3863 Oza,
1648 3807 1705 3852 ut
1747 3797 1940 3854 vel“‘ex

357 3886 477 3940 solo
507 3900 648 3941 arcae
669 3896 925 3942 contactu
957 3888 1246 3943 moriaris?
1271 3889 1407 3955 Quid
1439 3900 1644 3946 tantum
1676 3892 1799 3946 mali
1833 3907 1942 3947 non

360 3976 652 4042 admisisti,
684 3978 791 4034 vile
841 3979 1196 4049 mancipium,
1251 3990 1310 4035 ut
1355 3982 1406 4034 in
1463 3983 1697 4038 Verbum
1752 3985 1940 4055 alapas

360 4069 635 4142 inﬂigens,
667 4072 890 4138 malum,
919 4088 1028 4128 non
1061 4073 1342 4129 intereas?

1012 4165 1082 4220 In
1116 4167 1277 4222 idem.

431 4252 772 4310 Temerarias
833 4270 1030 4313 manus
1082 4270 1228 4312 retro
1282 4267 1558 4324 converte,
1605 4258 1825 4330 impium
1887 4269 1945 4317 et

361 4343 569 4399 infame
600 4346 907 4414 servitium,
937 4362 1112 4417 neque
1135 4347 1246 4403 late
1275 4349 1554 4418 regnantis
1582 4349 1675 4404 Dei
1706 4350 1945 4408 maxillis

361 4436 620 4505 colaphos
666 4438 923 4510 impinge,
968 4441 1065 4496 sed
1116 4442 1451 4498 exhorresce
1500 4424 1746 4513 (nebulis
1790 4445 1940 4500 enim

364 4528 718 4600 iulgurigeris
747 4529 1046 4605 imperat);
1078 4548 1143 4588 ne
1168 4543 1218 4589 te
1245 4533 1552 4591 turbinibus
1597 4534 1771 4606 igneis
1815 4552 1940 4607 per-
1972 4559 2018 4617 ι)

356 4622 560 4689 mittat,
585 4633 638 4679 et
682 4622 1009 4696 prteferoces
1039 4636 1237 4682 exurat
1259 4641 1474 4682 manus.

849 4735 928 4792 De
970 4735 1118 4794 Petri
1145 4739 1444 4810 negatione.

431 4828 513 4881 An
545 4826 635 4882 ille
659 4826 868 4898 Petrus,
893 4831 984 4900 qui
1014 4831 1130 4885 heri
1161 4831 1390 4886 ﬁdenter
1414 4832 1758 4902 loquebatur,
1790 4833 1937 4888 tntu-

361 4934 484 4973 rum
540 4935 842 4990 nunquam,
892 4932 950 4977 ut
1000 4924 1350 4993 praeceptoris
1385 4940 1581 4980 nomen
1628 4925 1920 4996 abjuraret?

363 5026 512 5068 nunc
547 5021 606 5066 ut
637 5027 761 5068 cum
804 5014 966 5070 tertio
1001 5025 1261 5087 perneget
1292 5056 1308 5083 ,
1346 5017 1753 5085 animadverte;
1811 5023 1932 5088 sed,

360 5113 596 5161 canente
629 5105 792 5176 gallo,
821 5106 887 5161 ad
913 5122 1250 5165 se‘reversus
1297 5109 1491 5166 Petrus
1529 5126 1712 5167 nutare
1762 5111 1928 5168 ﬂevit.

1017 5202 1085 5257 In
1116 5205 1274 5259 idem.

398 5290 526 5349 Duae
559 5303 607 5348 te
641 5294 828 5363 puellae
858 5305 1296 5363 conterruerunt,
1321 5297 1474 5353 beate
1509 5298 1689 5366 Petre,
1723 5313 1774 5356 et
1798 5319 1936 5373 pra:-

360 5393 659 5455 ceptorem,
689 5403 845 5454 quem
874 5389 1074 5442 eximie
1109 5405 1217 5458 prae
1263 5390 1513 5444 (lintribus
1543 5395 1785 5459 amabas,
1823 5395 1934 5465 eju-

362 5481 541 5538 rasti:
595 5482 688 5534 sed
733 5497 854 5536 cum
907 5498 1094 5537 oittues
1145 5484 1366 5536 omnino
1422 5486 1727 5539 mortalium
1783 5503 1937 5559 reges

359 5573 419 5631 in
456 5582 507 5629 te
533 5573 872 5630 atrocissime
906 5575 1155 5639 servient,
1186 5591 1306 5628 eum
1356 5591 1459 5629 non
1494 5589 1788 5648 negaturus
1819 5594 1896 5634 cs.

492 5665 558 5721 In
588 5667 719 5721 illud
752 5684 770 5721 :
802 5668 963 5733 Quem
998 5668 1138 5722 vobis
1165 5669 1449 5735 dimittam,
1488 5669 1788 5725 Burabbam

951 5756 1020 5792 an
1048 5737 1349 5792 Christum?

436 5832 656 5889 Dimitte
678 5834 1001 5896 Barabham,
1034 5843 1088 5885 nt
1119 5832 1286 5891 vivat,
1317 5846 1350 5884 ο
1378 5832 1587 5903 Pilale;
1625 5833 1737 5892 fors
1771 5844 1852 5893 cst
1879 5844 1935 5894 ut

732 5932 1001 5993 PATROL.
1031 5932 1125 5992 GR
1188 5930 1501 5993 CXXXIII.
1524 5930 1525 5933 “

2045 3330 2164 3373 mea
2197 3318 2345 3374 cruci
2379 3317 2571 3388 amgis.

2713 3434 2772 3490 In
2804 3438 2964 3491 idem.

2103 3523 2153 3581 0'
2197 3525 2418 3594 invidia,
2446 3530 2766 3587 mortalibus
2820 3531 3009 3601 ingens
3033 3529 3201 3593 animi
3233 3533 3406 3600 dolor,
3431 3533 3627 3588 exitia.

2045 3616 2113 3674 lis
2156 3622 2410 3688 morbus,
2455 3621 2595 3689 ignis
2626 3625 2805 3678 omnia
2852 3624 3146 3679 devastans
3173 3666 3187 3691 ,
3229 3640 3291 3681 os
3341 3626 3626 3681 discordiae

2045 3726 2237 3777 vorax,
2303 3714 2556 3782 genimen
2586 3717 2826 3787 viperae,
2870 3717 3025 3782 cujus
3072 3718 3336 3774 instinctu
3404 3720 3620 3776 Christo

2044 3795 2168 3854 Jesu
2192 3800 2355 3856 vitam
2373 3803 2693 3860 ademerunt
2715 3805 2935 3871 Scr-ibas,
2953 3807 3219 3876 Barabba,
3242 3809 3333 3881 qui
3359 3811 3626 3878 pessimus

2044 3901 2160 3952 erat
2191 3894 2478 3962 parricida,
2513 3897 2680 3954 libera
2690 3907 2763 3955 to.

2586 4013 2651 4069 In
2680 4015 3097 4085 cruciﬁxionrnt.

2123 4100 2180 4156 In
2213 4117 2490 4159 carcerem
2525 4119 2861 4178 compactus,
2901 4108 3130 4175 illusus,
3174 4111 3351 4182 alapis
3395 4111 3625 4172 aﬂ'ectus

2045 4209 2126 4261 es,
2155 4194 2372 4252 Christe
2399 4197 2508 4265 mi;
2540 4215 2675 4256 crux
2703 4202 2862 4258 modo
2890 4202 3030 4260 elata
3058 4214 3180 4274 est;
3218 4220 3318 4277 age
3366 4205 3549 4277 igitur,
3588 4223 3624 4263 ο

2044 4283 2423 4357 Redemptor;
2454 4298 2664 4358 patere,
2731 4290 3038 4359 stimulare,
3076 4292 3221 4362 ligno
3257 4293 3503 4365 anigitur,
3555 4293 3624 4350 fel

2047 4377 2192 4446 bibe,
2221 4386 2278 4436 et
2299 4381 2500 4436 mortui
2531 4380 2769 4439 hominis
2794 4399 2962 4440 causa
2999 4395 3231 4442 mortem
3259 4396 3476 4457 oppete.

2693 4498 2758 4555 In
2803 4500 2961 4556 idem.

2111 4592 2227 4661 Quo
2252 4593 2382 4648 solis
2434 4593 2833 4662 etlunaejubar
2869 4595 3121 4652 evanuit?
3146 4595 3280 4664 Quis
3321 4596 3625 4669 albicantes

2040 4697 2072 4737 e
2100 4682 2398 4740 saxifodina
2420 4684 2626 4753 lapides
2649 4685 2871 4740 secuit?
2931 4687 3065 4753 Quis
3089 4687 3190 4741 vita
3221 4685 3618 4753 functisedisit,

2042 4775 2348 4846 Respirate,
2377 4778 2621 4856 mortui?
2667 4776 2789 4833 Haec
2833 4778 3153 4835 intemerata
3183 4781 3385 4837 Christi
3439 4781 3619 4851 passio

2041 4878 2287 4925 recenter
2320 4879 2539 4939 operata
2571 4878 2674 4936 est,
2699 4885 2731 4924 ο
2759 4871 2983 4941 hOSpes.

2457 4983 2532 5036 De
2586 4985 2939 5041 tumulatione
2969 4986 3190 5042 Christi.

2115 5076 2252 5143 Quid
2287 5074 2337 5129 in
2372 5076 2686 5144 sepeliendo
2710 5076 2851 5132 Filio
2891 5079 3230 5149 lacrymaris,
3263 5081 3446 5152 Virgo,
3491 5095 3611 5135 cum

2042 5166 2254 5237 pridem
2287 5165 2468 5236 gaudii
2502 5167 2895 5235 promissiones
2921 5172 3240 5241 acceperis?
3267 5186 3413 5227 mors
3456 5171 3614 5242 inge-

2041 5268 2153 5314 mat
2205 5257 2382 5327 pmius
2408 5297 2423 5322 ,
2445 5258 2724 5313 tristeutur
2752 5259 2910 5316 inferi
2943 5277 2958 5328 ;
2992 5274 3157 5334 tuque
3208 5264 3366 5320 tertio
3405 5265 3490 5321 die
3524 5263 3613 5319 Fi-

2039 5352 2171 5407 lium
2204 5362 2354 5406 tuum
2392 5349 2694 5405 lmtabunda
2729 5354 2936 5425 excipe.

2699 5467 2759 5524 In
2787 5470 2946 5524 idem.

2113 5562 2373 5634 Sacrilegi
2399 5565 2727 5628 sacerdotes.
2751 5566 2949 5620 annulo
2970 5565 3272 5635 sepulcrum
3303 5568 3606 5640 obsignatc,

2039 5662 2095 5706 et
2148 5663 2478 5707 scutatorum
2529 5655 2756 5710 militum
2791 5657 3066 5710 cohortem
3105 5658 3473 5725 circumdate;
3519 5676 3608 5715 re-

2039 5743 2312 5814 surgentis
2354 5741 2521 5813 Regis
2573 5747 2910 5817 eruptionem
2965 5763 3068 5802 non
3115 5749 3469 5816 cuhibebunt,
3510 5753 3605 5807 sed

2039 5849 2322 5908 emergens
2358 5833 2568 5911 inferos
2600 5847 2649 5895 et
2706 5838 2941 5908 sepulcri
2965 5843 3215 5909 repagula
3248 5840 3562 5912 perl‘riuget.

3129 5936 3206 5998 38
