4044 6284
516 335 541 403 l
555 339 661 406 199

524 456 613 511 Ἐν
641 456 688 509 δ’
715 456 922 528 ἀγορὴν
956 455 1244 530 συνάγειρε
1283 459 1556 531 γεραιήν;
1585 455 1687 515 Οἷα
1707 461 1760 515 δὲ
1793 460 2021 533 prima;

517 549 681 620 δεῦρο
705 550 1065 620 περιστάντες
1091 567 1208 620 μιν,
1239 552 1568 624 ἀκουσόμεθ’
1606 554 1636 607 ὂ
1669 571 1720 606 τι
1745 552 1980 609 κελεύει.

539 641 588 694 Η
617 638 666 713 ῤ’
692 640 788 712 ὄγι
818 641 948 706 παῖς
963 640 1098 709 Θεός
1129 643 1269 708 ἐστι,
1296 643 1431 698 Θεοῦ
1461 645 1518 699 δέ
1547 662 1605 700 τε
1633 646 1856 719 ῥήματα
1883 645 2090 716 φαίνει,

518 754 612 820 Εἰς
628 753 696 808 τὸ
712 756 864 809 κατὰ
887 754 995 810 τὸν
1019 755 1248 812 δοῦλον
1268 758 1374 813 τοῦ
1396 758 1846 830 ἑκατοντάρχου
1870 759 2089 832 θαῦμα.

519 845 720 917 Ἔχεις,
752 847 1143 922 ἑκατόνταρχε,
1175 850 1269 906 τὸν
1299 852 1484 907 δοῦλον
1515 853 1702 918 πάλιν,

520 939 610 993 Ἐν
641 938 778 1007 ζῶσι
808 941 903 997 τὸν
929 941 1155 998 θανόντα
1179 961 1193 976 ο
1234 945 1309 1016 μὴ
1335 945 1519 1002 τοίνυν
1543 946 1729 1002 θλίὸου
1755 966 1769 982 ·

520 1033 617 1086 Τοῦ
649 1032 1004 1107 ζωοπαρόχου
1039 1037 1151 1109 γὰρ
1183 1037 1433 1102 ἐλθόντος
1464 1040 1666 1109 Λόγου,

515 1121 718 1188 ιΙόσους
755 1125 821 1179 ἂν
849 1128 1018 1198 ἐχρῆν
1046 1127 1418 1199 δραπετεύσαι
1445 1131 1747 1198 θανάτουςς

1107 1220 1214 1289 Εἰς
1245 1223 1313 1276 τὸ
1340 1225 1512 1279 αὐτό.

538 1310 732 1380 Ορφνα
754 1311 1168 1383 νυκτεσίφοιτος
1193 1316 1491 1387 ἀπήλυθεν,
1512 1318 1632 1373 οὐδέ
1662 1319 1712 1374 θ’
1744 1322 1954 1394 ὑπέστη

520 1402 727 1456 Ἀντίου
752 1403 965 1474 ἠελίου,
995 1405 1149 1480 δεινὴ
1174 1408 1233 1462 δέ
1269 1425 1362 1480 μιν
1389 1409 1584 1465 ἔλλαϐε
1613 1413 1778 1483 φύζα,

515 1493 620 1547 Καὶ
657 1495 890 1562 θάνατος
912 1497 1319 1570 βραπέτευσεν,
1350 1503 1487 1573 ,ἐπεὶ
1519 1506 1691 1570 πέλας
1741 1508 1912 1563 εἴδετο
1954 1511 2091 1583 Χρι-

515 1674 632 1751 luti)
655 1675 762 1749 γάρ
790 1678 1058 1756 meeum,
1093 1683 1260 1757 θανῆς
1289 1686 1345 1742 δέ
1375 1705 1469 1742 κεν
1489 1689 1686 1744 ἔπλετο
1704 1600 1979 1765 inﬁgi“

748 1793 857 1862 Είς
883 1796 998 1866 τὴν
1023 1797 1269 1869 Μάρθαν
1304 1803 1402 1857 καί
1435 1806 1551 1873 τὴν
1580 1807 1834 1874 Μαρίαν.

513 1883 585 1939 Ἠ
606 1886 830 1958 Μάρθα,
854 1891 943 1943 ναὶ
973 1889 1014 1962 ἰ-
1038 1893 1297 1960 πύκτευε,
1323 1897 1417 1950 καὶ
1440 1897 1697 1963 διακόνει,

513 1979 689 2036 Καλὸν
725 1981 960 2050 ξενίζειν
985 1985 1078 2040 τὸν
1112 1987 1266 2051 Θεὸν,
1294 1990 1369 2062 μὴ
1397 1991 1658 2065 διστάσῃς
1679 2008 1695 2023 ⁶

520 2070 588 2124 Ἦ
611 2073 869 2146 Μαριὰμ,
889 2077 1056 2133 ᾶκουι
1083 2079 1178 2136 τοῦ
1211 2081 1554 2138 διδασκάλου·

514 2167 650 2226 Θεοῦ
684 2169 835 2242 λόγοι
867 2171 977 2253 γὰρ
1005 2173 1084 2241 ὥς
1112 2177 1338 2246 γλυκεῖς
1359 2179 1502 2252 ὑπὲρ
1533 2181 1677 2253 μέλι.

873 2250 880 2254 ’
1104 2269 1216 2337 Εἰς
1254 2269 1322 2325 τὸ
1345 2250 1518 2328 αὐτό.

513 2350 812 2444 46:71:66“
835 2357 1198 2429 ἀμφέπτηξεν
1220 2363 1415 2434 Ἀδὰμ,
1446 2366 1577 2437 περὶ
1607 2368 1650 2422 δ’
1679 2368 1720 2441 ’ί-
1755 2369 1944 2444 Ετρεεν
1971 2368 2084 2431 Εὕα

513 2443 762 2516 Δειελινῷ
786 2448 948 2518 προτὶ
983 2450 1158 2519 κῆπον
1180 2453 1595 2526 ὀδοιπορέοντος
1624 2443 1884 2527 ἄνακτος,

514 2534 624 2591 Νῦν
644 2537 878 2613 Μαριὰμ
910 2543 1150 2615 κατέχει,
1180 2546 1273 2600 καὶ⁵
1296 2547 1353 2600 ὲν
1377 2548 1527 2619 σφίσι
1545 2551 1728 2623 χείλεα
1763 2553 1985 2626 psmn,

518 2627 610 2686 Ἐν
644 2630 702 2687 δι
733 2649 795 2686 τε
823 2633 1191 2701 δεσποσύνους
1221 2639 1324 2693 ὑπὸ
1363 2640 1538 2709 λέξεις
1565 2643 1727 2702 οὔασι
1766 2647 1975 2718 βάλλει.

614 2750 722 2818 Εις
747 2751 857 2806 τὸν
880 2747 955 2809 οὗ
987 2754 1334 2824 εὐφόρησεν
1367 2757 1406 2826 ή
1433 2756 1595 2829 χώρα
1622 2764 1950 2823 πλούσιον.

516 2840 574 2928 Π
603 2842 780 2898 ταῦτά
800 2856 905 2911 σοι,
931 2845 1179 2913 πλούσιε,
1206 2851 1302 2904 καὶ
1333 2853 1551 2922 φρενῶν
1585 2855 1754 2928 πένης
1780 2875 1798 2926 ;

519 2927 696 3003 Ἀμᾷς
721 2933 824 3003 μὲν
853 2934 1023 3006 ἁδρὰν
1057 2937 1294 3010 εύφορον
1315 2943 1624 3012 γεωργίαν,

512 3023 730 3090 Κτίζεις
750 3025 811 3081 δὶ
839 3029 1066 3101 μείζους
1096 3032 1403 3102 ἀποθήκας.
1439 3035 1612 3104 Ἀλλ’,
1636 3037 1831 3111 ἄφρον,

502 3185 966 3257 fporroloquiturl
993 3189 1129 3246 heus
1159 3193 1347 3249 adeste
1367 3195 1802 3267 circumstantes,
1824 3165 2087 3273 quidquid
2113 3183 2158 3242 (ἶ

511 3285 852 3355 preceperit,
885 3285 1254 3345 lnaudiamus.
1289 3290 1432 3348 Sane
1478 3295 1622 3350 enim
1656 3312 1790 3368 puer
1817 3299 1916 3355 iste
1947 3299 2088 3357 Deus

513 3381 616 3441 est,
650 3381 704 3430 et
742 3374 836 3433 Dei
867 3392 1153 3434 sermones
1186 3381 1467 3455 explanat.

684 3490 760 3546 De
809 3494 1067 3551 miraculo
1091 3513 1214 3570 erga
1239 3502 1563 3556 centurionis
1616 3501 1903 3572 famulum.

575 3581 763 3641 Habes
795 3585 994 3645 iterato
1022 3605 1244 3647 servum
1277 3603 1449 3661 tuum,
1479 3610 1512 3650 ο
1541 3598 1793 3653 centurio
1821 3639 1838 3666 ,
1875 3599 2085 3657 redivi-

509 3690 662 3744 vum,
690 3680 782 3746 qui
811 3678 951 3736 diem
976 3683 1208 3750 obierat;
1229 3701 1396 3755 quare
1415 3703 1481 3763 ne
1506 3687 1728 3746 tristitia
1755 3693 2085 3763 conflciaris;

509 3780 632 3822 cum
655 3768 824 3837 enim,
851 3772 942 3843 qui
977 3774 1141 3830 vitam
1174 3778 1394 3845 praebet,
1422 3759 1572 3835 Deus
1601 3781 1840 3838 Verbum
1887 3785 1938 3841 in
1979 3759 2089 3844 ter;

511 3869 626 3913 ram
654 3860 883 3929 venerit,
911 3873 1042 3933 quot
1074 3867 1266 3922 mortis
1293 3885 1493 3940 genera
1533 3872 1708 3940 fugari
1735 3890 1952 3947 mquum
1969 3880 2089 3934 est?

1174 3955 1240 4013 In
1274 3961 1429 4018 idem.

581 4041 773 4115 Caligo
825 4054 1095 4104 nocturna
1143 4054 1385 4120 evanuit,
1419 4057 1720 4114 subsistere
1761 4074 1871 4116 non
1900 4062 2087 4121 valens

506 4149 692 4193 coram
714 4137 854 4206 sole,
883 4155 994 4221 quo
1022 4143 1295 4214 rutilante,
1327 4148 1625 4206 vehemens
1672 4167 1792 4207 eam
1825 4153 1954 4225 fuga
1989 4157 2088 4212 in-

512 4228 677 4286 vasit.
745 4229 895 4289 Mors
947 4234 1159 4308 aufugit
1213 4237 1354 4310 ipsa,
1420 4257 1542 4296 cum
1609 4259 1779 4315 prape
1807 4247 2084 4305 Christum

493 4323 801 4393 persensit,
837 4325 930 4396 qui
963 4327 1072 4382 vita
1100 4339 1203 4395 est,
1236 4341 1291 4386 et
1314 4347 1343 4386 a
1378 4344 1552 4390 morte
1582 4335 1831 4395 homines
1859 4339 2082 4412 eripuit.

947 4439 1026 4497 De
1073 4439 1292 4499 Hartha
1324 4453 1375 4499 et
1438 4445 1639 4503 Maria.

1729 346 2123 409 THEODORI
2166 347 2572 412 PRODROMI

2114 1812 2163 1872 B

3637 340 3776 422 1200

2120 464 2168 523 Α
2197 461 2309 535 Τὴν
2340 464 2627 538 ἀποθήκην
2662 467 2817 534 κτίζε
2849 468 2959 524 τῶν
2988 469 3097 524 σῶν
3125 467 3346 523 ὀστέων.

2794 583 2900 650 Εἰς
2937 581 3005 637 τὸ
3038 581 3213 637 αὐτό.

2194 671 2398 743 Δέρκεο
2424 672 2516 734 τὸν
2539 672 2803 744 δομέοντα
2830 674 3163 746 νεοδμήτους
3206 669 3494 738 ἀποθήκας

2193 764 2482 832 Πλούσιον,
2512 764 2573 830 ὃς
2597 766 2734 821 πολὺ
2763 766 2938 837 τραχῦ
2970 765 3035 820 τδ
3066 765 3219 836 λήϊον
3242 756 3357 817 οἷον
3383 761 3597 829 ἀμᾶται
3616 773 3633 789 ·

2193 851 2364 922 Οὗτος
2389 856 2682 923 ἀθανάτοις
2713 860 2810 929 μὲν
2831 859 3088 913 ἐέλπεται
3116 853 3313 928 ἐμμεν’
3333 857 3543 926 όμοῐος,

2205 950 2370 1008 Ἀλλά
2390 951 2417 1006 ἃ
2437 949 2535 1018 νὺξ
2559 951 2828 1022 ἐπίκηρον
2857 950 3141 1020 ὲλέγξεται
3171 952 3204 1022 ή
3239 947 3546 1020 παρεοῦσα.

2595 1067 2701 1132 Εἰς
2734 1066 2848 1134 τὴν
2872 1079 3033 1132 συγκ
3043 1064 3382 1119 όπτουσαν.

2190 1173 2264 1234 Ὠ
2296 1180 2494 1251 γραῦς.
2529 1184 2800 1253 χρεώστει
2827 1184 2892 1255 τῇ
2930 1182 3086 1253 ῥάχει
3125 1180 3344 1252 μακράν
3366 1176 3548 1250 χάριν.

2204 1273 2293 1338 Ὠς
2321 1275 2609 1344 αὐτοφυῶς
2629 1277 2956 1347 προσκυνεῖς
2986 1275 3063 1345 τῷ
3086 1275 3357 1346 Δεσπότῃ.

2193 1366 2387 1422 Τοίνυν
2402 1369 2477 1421 ’σὺ
2511 1370 2608 1422 μὲν
2640 1367 2836 1442 λύθητι
2870 1367 2964 1423 τοῦ
2990 1368 3221 1434 πάθους,
3260 1368 3447 1437 γύναι,

2206 1460 2266 1516 ’0
2285 1462 2336 1516 δ’
2365 1463 2820 1535 ἀρχισυνάγωγος
2849 1464 3258 1534 ἀντιπασχέτω.

2781 1580 2888 1643 Εις
2918 1577 2984 1633 τὸ
3016 1579 3190 1634 αὐτό.

2197 1665 2518 1737 Ἀνθρωπόν
2544 1667 2592 1721 σ’
2616 1669 2851 1740 ἐδόμησε
2885 1670 3038 1734 Θεὸς,
3070 1670 3256 1740 γύναι,
3292 1667 3429 1740 ὀρθά
3461 1665 3732 1740 βεϐῶσαν,

2193 1761 2440 1831 Ζωοὸίην
2469 1761 2525 1814 δέ
2567 1779 2625 1815 σε
2649 1763 2824 1827 πάθος
2860 1763 3115 1833 ἐδείματο
3150 1764 3207 1826 ἐς
3230 1762 3396 1834 χθόνα
3428 1761 3657 1831 κάμψαν
3676 1776 3691 1793 '

2209 1853 2368 1907 Ἀλλά
2397 1851 2451 1922 γ’
2478 1852 2611 1920 ἄναξ
2641 1853 2869 1924 ὤρθωσε
2903 1854 3039 1918 Θεὸς
3075 1854 3261 1920 πάλιν,
3299 1853 3497 1925 αίθέρα
3536 1853 3594 1906 δὲ
3623 1850 3733 1923 πρδ

2193 1946 2546 2016 Δερκομένην
2582 1945 2830 2017 ἐποίησε,
2866 1947 3026 2020 ῥάχιν
3047 1947 3102 2001 δ’
3128 1947 3423 2019 άπάμερσε
3455 1945 3729 2016 κύφωνος.

2654 2063 2721 2116 El
2729 2083 2760 2128 ς
2810 2061 2918 2116 τὸν
2951 2061 3308 2132 ὑδρωπικόν.

2207 2173 2540 2248 Ὕδρωπικὲ,
2581 2177 2850 2247 πρόσελθε
2877 2177 2954 2249 τῷ
2979 2177 3101 2250 Θεῷ
3140 2177 3322 2248 Λόγῳ,

2193 2269 2492 2324 Πίστευσον
2520 2269 2690 2343 αὐτῷ,
2728 2270 2824 2324 καὶ
2850 2272 3090 2342 ποταμοὶ
3119 2270 3330 2333 κοιλίας

2191 2359 2306 2432 Τῆς
2334 2358 2436 2432 σῆς
2460 2362 2885 2436 ἀπορρεύουσιν,
2913 2362 2990 2428 ὡς
3020 2363 3187 2428 αὐτὸς
3209 2362 3400 2432 λέγει·

2192 2454 2268 2511 Οὐ
2291 2453 2553 2526 ψεύσεται
2580 2455 2692 2527 γὰρ
2716 2457 2819 2528 τῆς
2843 2454 3106 2528 ἀληθείας
3141 2458 3340 2527 στόμα.

2756 2574 2862 2641 Είς
2907 2572 2976 2626 τό
3018 2573 3190 2628 αὑτό.

2194 2664 2456 2737 Κύμασιν
2486 2665 2624 2737 ἀμφ’
2657 2665 2868 2721 ὑδάτων
2901 2666 3002 2737 μὲν
3049 2665 3236 2729 Ἰωνᾶς
3269 2665 3465 2735 ε’ύριτο
3492 2666 3734 2737 τύμϐοντ

2195 2759 2343 2831 Πλὴν
2370 2759 2466 2813 καὶ
2496 2763 2524 2814 ὁ
2552 2759 2846 2830 ὐδροπικδς
2877 2759 3005 2814 ποτὶ
3032 2758 3269 2830 γαστέρι
3303 2757 3474 2812 ὕδατα
3504 2760 3664 2829 θάψε.

2194 2852 2396 2924 Πρῶτά
2429 2852 2528 2923 μὲν
2548 2848 2640 2910 οὖν
2671 2853 2884 2919 ὲοάωξε
2908 2852 3104 2925 νεκρὸν
3138 2850 3292 2917 Θεὸς,
3325 2851 3391 2905 ὲκ
3417 2850 3460 2904 δ’
3495 2853 3594 2919 ἀγε
3633 2851 3771 2922 τύμ-

3571 2944 3665 2998 ϐου
3682 2959 3700 2976 ’

3571 2944 3688 2998 6ου⁴

2196 3037 2360 3109 Ἀρτι
2390 3037 2449 3092 δὲ
2477 3036 2684 3109 τύμϐον
2716 3036 2912 3103 ἔσωσε,
2948 3037 3144 3109 νεκρὸν
3170 3035 3217 3091 δ’
3240 3036 3459 3092 ἀπέωσε
3489 2943 3688 3110 φὲνῆα.

2843 3194 2911 3252 1η
2948 3196 3108 3252 idem.

2261 3313 2416 3369 Hunc
2449 3322 2710 3370 contuere
2772 3327 2916 3368 nova
2957 3321 3366 3370 construentem
3401 3314 3594 3370 horrea
3629 3312 3768 3370 divi-

2191 3417 2321 3472 tem,
2358 3407 2450 3476 qui
2509 3405 2773 3462 anhelans
2822 3404 3150 3475 multiplices
3203 3406 3495 3473 colligebat
3541 3405 3775 3478 fruges;

2187 3497 2275 3556 hic
2304 3515 2362 3555 se
2391 3499 2774 3556 immortalium
2803 3509 3114 3554 consortem
3154 3499 3398 3558 futurum
3436 3501 3768 3564 conﬁdebat,

2188 3607 2348 3664 quem
2381 3592 2543 3648 morti
2577 3591 2873 3648 obnoxium
2906 3608 3011 3647 nox
3048 3593 3296 3649 proxima
3327 3593 3639 3650 convincet.

2644 3687 2711 3738 In
2731 3684 3000 3740 mulierem
3033 3689 3326 3741 incurvam.

2261 3796 2413 3853 Dorsi
2444 3797 2523 3853 tui
2555 3797 2825 3854 vertebris
2877 3797 3150 3868 ingentem
3205 3797 3401 3866 debes,
3428 3798 3691 3868 gratiam,
3735 3812 3773 3852 ο

2189 3890 2638 3961 vetula;quippe
2688 3905 2809 3961 qua
2847 3891 2965 3946 sine
3016 3902 3156 3958 arte,
3215 3891 3314 3947 sed
3376 3891 3493 3961 ipso
3527 3890 3774 3961 corporis

2188 3983 2377 4039 habitu
2414 3983 2579 4039 Deum
2607 3983 2802 4040 adores
2833 4001 2850 4039 ε
2879 3994 3171 4056 eapropter
3202 3987 3397 4039 morbo
3429 3985 3605 4042 soluta
3653 3992 3774 4039 esto

2187 4077 2408 4143 mulier,
2443 4085 2762 4148 grumpatur
2804 4078 2931 4135 licet
2990 4093 3057 4134 ac
3108 4079 3408 4135 reluctetur
3467 4079 3772 4150 Synanogae

2189 4172 2472 4243 princeps.

2851 4262 2918 4318 1η
2951 4263 3112 4320 idem.

2255 4377 2420 4444 Deus,
2452 4385 2509 4431 ut
2534 4383 2711 4432 erecta
2746 4376 3048 4441 incederes,
3090 4376 3239 4442 fecit,
3273 4392 3305 4432 ο
3331 4375 3562 4444 mulier;
3589 4377 3685 4433 sed
3715 4384 3771 4430 te

2190 4470 2415 4528 morbus
2448 4470 2612 4524 vitam
2647 4485 2767 4524 cum
2801 4467 2988 4524 labore
3023 4468 3328 4525 trahentem
3356 4469 3412 4524 in
3444 4479 3650 4524 terram
3684 4471 3768 4524 in-

576 4530 656 4588 Ῐιθ
686 4547 820 4591 “ne
847 4533 1078 4591 δοιιίεῖιθ
1111 4538 1256 4592 Circa
1323 4539 1556 4610 Plurima
1607 4541 1822 4600 labores
1862 4559 1929 4601 3°
1968 4558 2086 4602 θεῖ’
2114 4538 2160 4594 D
2190 4565 2457 4621 curvavit.
2499 4564 2639 4618 Deus
2665 4577 2795 4617 vero
2826 4561 2932 4616 late
2963 4561 3240 4630 imperans
3272 4572 3321 4617 te
3351 4562 3534 4618 denuo
3569 4562 3768 4627 erexit,

512 4623 656 4690 vias,
690 4639 726 4682 ο
751 4624 997 4695 Martha;
1028 4628 1382 4685 honoriﬁcum
1403 4641 1488 4686 est
1524 4632 1690 4688 Deum
1717 4637 1987 4705 excipere,
2015 4653 2086 4694 ne

512 4715 772 4785 dubites;
819 4727 877 4774 tu
928 4733 1079 4787 vero,
1125 4720 1330 4789 Maria,
1389 4723 1610 4781 Christo
1645 4725 1887 4796 loquenti
1920 4744 2084 4785 aures

503 4809 767 4877 intende;
830 4827 956 4868 nam
993 4813 1087 4869 Dei
1137 4816 1302 4870 verba
1343 4816 1584 4874 dulciora
1620 4830 1748 4876 sunt
1780 4836 1948 4894 super
1975 4821 2080 4878 mel

513 4911 557 4955 et
591 4901 792 4960 favum.
2093 4898 2096 4901 ’

1165 5004 1232 5061 In
1267 5008 1422 5062 idem.

579 5088 745 5160 Cujus
777 5095 1052 5151 metuebat
1079 5099 1242 5168 pedes
1269 5101 1510 5155 Adamus
1545 5108 1598 5156 et
1631 5100 1765 5170 Eva,
1798 5101 1864 5156 ad
1918 5101 2085 5157 meri-

514 5183 651 5238 diem
683 5185 1081 5245 deambulantis
1111 5191 1164 5245 in
1199 5192 1356 5248 horto
1387 5193 1550 5262 Regis
1581 5194 1697 5259 Dei,
1735 5208 1879 5248 nunc
1910 5193 2078 5249 Maria

513 5277 882 5346 amplectitur,
944 5282 1144 5353 quibus
1207 5285 1324 5358 ﬁgit
1381 5287 1592 5352 oscula,
1653 5288 1770 5358 ejus
1822 5297 2083 5357 praeterea

511 5372 714 5430 tteriles
743 5388 1028 5432 sermones
1061 5379 1284 5436 auribus
1313 5381 1574 5435 immittit.

561 5462 639 5518 De
661 5465 839 5527 divite,
874 5467 1025 5536 cujus
1057 5486 1182 5538 ager
1215 5473 1508 5528 uberrimas
1548 5475 1724 5544 fruges
1754 5477 2032 5545 a/ferebat.

585 5558 726 5624 Quid
756 5558 903 5616 istaec
937 5572 1184 5631 prosunt,
1245 5583 1279 5620 ι)
1315 5567 1546 5622 fortunis
1579 5569 1804 5623 ailluens
1834 5581 1888 5623 et
1937 5586 2088 5624 men-

515 5652 586 5706 tis
615 5651 1007 5724 iuopschtis
1072 5661 1281 5729 amplas
1323 5671 1379 5716 et
1431 5662 1690 5718 fecundas
1752 5676 1982 5736 segetes,
2036 5674 2091 5721 et

515 5758 665 5802 vasta
691 5747 881 5804 condis
907 5749 1122 5816 horrea;
1156 5752 1276 5819 sed,
1312 5768 1344 5807 ο
1373 5754 1587 5821 stolide,
1617 5755 1881 5812 fabricare
1914 5757 2089 5826 potius

514 5837 721 5894 ossium
760 5849 979 5898 tuorum
1014 5844 1370 5899 sandauilam.

2189 4669 2243 4718 et
2273 4661 2470 4717 emtum
2529 4673 2692 4731 posse
2741 4657 2881 4712 tueri
2931 4656 3284 4728 gratiﬁcatus,
3343 4656 3564 4726 spinam
3619 4656 3764 4713 dorsi

2188 4752 2351 4825 gibbo
2384 4750 2649 4807 liberavit.

2745 4861 2775 4918 Ι
2777 4881 2810 4917 ιι
2841 4861 3206 4933 hydropicum.

2262 4984 2339 5038 Ad
2371 4983 2538 5037 Deum
2568 4980 2802 5036 Verbum
2832 4979 3128 5044 accedesis,
3152 4995 3183 5035 ο
3215 4978 3530 5051 hydropice,
3565 4976 3616 5034 in
3642 4993 3758 5034 eum

2187 5077 2348 5131 ﬁdem
2375 5072 2583 5142 adiice;
2617 5081 2728 5126 tum
2758 5070 2906 5125 ﬂuvii
2940 5071 3237 5126 de'ventre
3283 5079 3376 5124 tuo
3413 5070 3674 5138 detinent,
3706 5080 3756 5125 ut

2190 5173 2421 5241 ipsemet
2449 5167 2729 5238 loquitur;
2760 5181 2861 5224 nec
2887 5165 3034 5222 enim
3071 5167 3317 5222 veritatis
3348 5179 3411 5221 os
3442 5165 3608 5222 verba
3637 5165 3760 5220 dare

2190 5261 2495 5322 consuevit.

2847 5348 2910 5407 1η
2941 5349 3100 5404 idem.

2259 5471 2404 5524 Inter
2448 5472 2720 5526 undarum
2774 5469 2969 5523 ﬂuctus
3018 5467 3262 5537 sepultus
3310 5474 3394 5521 est
3444 5463 3633 5530 Jonas,
3669 5463 3756 5518 sed

2189 5564 2520 5635 hydropicus
2552 5566 2604 5620 in
2632 5580 2731 5619 suo
2761 5573 2949 5618 ventre
2976 5565 3146 5616 undas
3174 5562 3420 5630 sepelivit
3456 5579 3474 5616 :
3507 5576 3570 5616 ac
3600 5557 3758 5629 primo

2190 5663 2408 5733 quidem
2459 5662 2597 5714 Deus
2635 5659 2785 5714 Iona:
2836 5671 3034 5725 corpus
3093 5653 3302 5708 tumulo
3335 5669 3433 5708 suo
3467 5660 3751 5707 extraCtum

2192 5753 2471 5819 servavit;
2502 5751 2609 5819 iam
2639 5765 2770 5804 vero
2801 5749 3110 5818 sepulcrum
3147 5747 3324 5812 ipsum
3361 5755 3561 5814 servat,
3613 5747 3753 5813 aquis

2195 5847 2483 5902 hnmicidis
2516 5848 2621 5900 vita
2653 5846 2966 5901 carentibus
2997 5843 3283 5898 extractis.
3337 5855 3339 5857 ‘
