4044 6284
295 439 436 512 1201

823 565 928 632 Εἲς
960 562 1065 618 τὸν
1096 561 1359 618 ἄσωτον.

304 655 417 727 Τὴν
441 655 541 728 σὴν
567 654 974 728 δαπανήσαντα,
1012 656 1220 728 Σῶτερ,
1252 656 1464 723 οὐσίαν,

305 747 419 800 Καὶ
451 748 984 819 χοιροϐοσκήσαντα,
1009 749 1149 822 πλὴν
1185 748 1497 820 στραφέντα
1538 767 1605 821 με

304 839 482 904 Φιλεῖς
508 840 786 907 ὑπαντῶν,
818 841 915 896 καὶ⁵
944 843 1169 914 κρατεῖς
1199 840 1292 896 ὑπ’
1315 841 1590 912 ἀγκάλην.

308 933 372 986 Ὠ
406 933 699 1006 σπλάγχνα
726 937 930 1007 πατρός
958 937 973 990 l
997 937 1082 998 τίς
1108 935 1323 1006 φρονῶν
1358 935 1687 1003 ἀπελπίσει;

771 1059 778 1068 -
875 1031 981 1096 Εις
1025 1033 1089 1083 τὸ
1126 1029 1297 1085 αὑτό.

305 1122 601 1196 Δεξιτερὴν
631 1122 894 1193 παλάμην
928 1138 1020 1193 μοι
1041 1120 1130 1174 ἐπ’
1160 1121 1371 1192 αὐχένι,
1398 1120 1614 1186 τεκνον,
1647 1124 1882 1195 ἀνάρτα,

309 1215 480 1280 Ἶζεο,
515 1216 609 1270 τὸν
632 1215 920 1270 δακτύλιον
955 1214 1095 1285 ἀμφ’
1128 1215 1194 1268 ἑὰ
1223 1214 1465 1269 δάκτυλα
1514 1213 1738 1284 βάλλευ.

306 1307 502 1378 Δμῶες
531 1307 679 1381 ipsi,
714 1306 808 1362 τὸν
839 1307 1064 1378 ἄριστον
1103 1308 1311 1378 ξκρίοφι
1340 1305 1540 1362 θύσατε
1572 1307 1812 1378 μόσχον·

306 1398 523 1474 Νεκρδς
558 1402 585 1456 ὁ
615 1402 744 1466 παῖς
767 1400 886 1455 ποτ’
923 1399 1021 1472 ἔην
1052 1403 1148 1455 καὶ
1180 1401 1469 1472 ἄμπνυτο
1496 1400 1722 1472 χαίρετε
1749 1401 1886 1454 πάνυ

1677 1488 1791 1563 [τις

508 1584 614 1653 Εἰς
639 1584 749 1638 τὸν
781 1585 1099 1651 πλούσιον,
1133 1585 1232 1639 καὶ
1267 1583 1377 1639 τὸν
1402 1583 1690 1654 Λάζαρον.

319 1677 384 1735 Ὀ
409 1677 667 1743 πλούσιος
698 1677 829 1744 ζῶν,
855 1678 949 1732 καὶ
974 1677 1308 1749 τελευτήσας
1333 1678 1528 1750 πένης,

305 1771 415 1826 Τδν
440 1771 621 1835 ζῶντα
647 1771 746 1842 μὲν
776 1772 986 1840 πένητα
1016 1771 1179 1842 μέχρι
1207 1773 1308 1827 καὶ
1329 1773 1599 1844 τρύφους,

305 1863 549 1917 Θανόντα
579 1863 638 1915 δὲ
664 1862 941 1928 πλούσιον,
981 1864 1228 1938 αἰτήσεις
1270 1863 1436 1934 ὕδωρ,

318 1953 462 2009 ’Δλλ⁹
491 1955 551 2008 οὑ
587 1952 790 2028 λάϐῃς*
825 1953 885 2007 τὸ
911 1955 1101 2023 χάσμα
1130 1955 1226 2008 καὶ
1256 1955 1364 2026 γὰρ
1399 1953 1472 2020 ὡς
1514 1957 1680 2026 μέγα.

887 2046 993 2110 Είς
1026 2044 1090 2100 τὸ
1119 2046 1290 2102 αὐτό.

305 2136 540 2194 Diodore
561 2137 696 2210 τῷδε
718 2137 913 2206 πένητι
941 2138 1083 2192 δίδου
1119 2137 1356 2210 τρύφοςο
1392 2138 1614 2191 ἔσσεται
1653 2131 1811 2208 ἦμαρ

317 2230 559 2286 Ὀππότε
583 2231 678 2286 κέν
713 2247 807 2302 μιν
834 2231 1018 2302 ἀρήσῃ
1045 2230 1200 2302 ὑγρῷ
1225 2231 1356 2302 περὶ
1379 2230 1556 2301 χεῖλος
1589 2228 1813 2297 ἀλεῖψαι

308 2325 529 2390 ’Υδατι,
559 2323 860 2393 καιομένην
887 2323 943 2377 δὲ
970 2323 1104 2395 πυρὶ
1126 2323 1480 2394 δροσίσασθαι
1508 2323 1789 2392 γλῶσσαν.

319 2415 486 2472 Ἀλλά
512 2417 540 2471 ι
569 2417 754 2489 χάσμα
783 2415 1032 2470 κολούσει
1061 2416 1353 2487 ὑπέρμεγα
1385 2415 1552 2486 ἔγγὺς
1578 2415 1815 2471 ίκέσθαι.

644 2509 746 2577 Εἰς
785 2509 1061 2574 ίαθέντας
1084 2506 1232 2560 δέκα
1258 2508 1542 2578 λεπρούς.

319 2599 385 2656 ’0
406 2601 755 2673 Σαμαρείτης
783 2601 1102 2671 εὐχαριστεῖ
1131 2599 1211 2671 τῷ
1238 2599 1425 2672 Λόγῳ,

323 2689 387 2748 ’0
415 2691 783 2764 Σαμαρείτης,
809 2694 936 2757 τοὺς
962 2693 1018 2746 δὲ
1047 2690 1271 2756 λοιποὺς
1295 2695 1455 2748 ιννέα

309 2784 477 2856 Δεινὴ
507 2784 766 2858 συνέσχεν
793 2786 1125 2857 ἀχαριστίας
1159 2786 1316 2851 νόσος
1335 2801 1350 2815 ·

316 2877 565 2935 ὀλοιντο
593 2881 780 2946 κακῶς
814 2881 909 2936 καὶ
933 2880 1269 2952 λεπρωθείεν
1304 2879 1490 2938 πάλιν.

836 2975 940 3041 Εις
973 2975 1065 3041 τὸ,
1087 2976 1353 3044 Χαίρετε.

309 3066 531 3127 Δώδεκα
557 3067 656 3138 μὲν
681 3068 940 3140 Χριστοῖο
965 3067 1223 3139 μαθητῶν
1252 3065 1431 3124 ἔπλετ’
1451 3069 1703 3143 ἀριθμὸς,

917 3229 994 3284 De
1021 3229 1262 3300 prodigo.

383 3321 489 3389 Qui
518 3333 639 3379 tuas
669 3322 953 3393 abligurivi
985 3321 1291 3389 facultates,
1323 3339 1355 3380 0
1385 3325 1653 3391 Salvator,
1674 3335 1728 3383 et
1760 3343 1886 3383 sen-

311 3430 410 3472 sus
443 3430 594 3472 meos
621 3431 721 3471 ceu
747 3431 944 3487 porcos
977 3416 1121 3487 pavi,
1182 3419 1253 3473 ad
1281 3428 1332 3475 te
1363 3429 1541 3475 tamen
1582 3436 1888 3488 regressum

315 3509 530 3564 obviam
560 3527 883 3584 progressus
909 3514 1288 3583 amplecteris.
1322 3525 1375 3573 et
1409 3518 1514 3573 sub
1543 3517 1685 3574 ulnis
1714 3519 1887 3587 foves,

309 3600 360 3656 υ
389 3598 568 3659 Patris
599 3603 844 3659 viscera!
877 3606 999 3674 quis
1026 3616 1286 3675 preterea
1332 3623 1481 3679 spem
1515 3608 1788 3681 deponat?

980 3718 1048 3774 In
1080 3721 1237 3777 idem.

389 3811 641 3870 Dextram
672 3831 889 3871 manum
919 3816 1056 3871 meis
1107 3817 1414 3872 cervicibus
1461 3820 1740 3889 appende,
1791 3821 1891 3888 ﬁli,

311 3905 643 3977 “dedoque
669 3908 862 3978 digitos
887 3909 1145 3963 annulum
1172 3907 1425 3965 immitte.
1464 3911 1610 3967 lleus
1639 3915 1655 3968 l
1683 3913 1890 3983 famuli,

311 4009 589 4068 arreptum
623 4015 689 4056 ex
737 4002 950 4057 stabulo
1004 4001 1230 4058 vitulum
1284 4004 1534 4059 occidite.
1599 4004 1895 4065 Defunctus

318 4099 452 4149 ante
473 4091 617 4149 illius
639 4101 778 4160 erat,
814 4109 922 4163 quo
951 4093 1191 4150 redivivo
1217 4109 1403 4151 omnes
1426 4098 1712 4161 exsultate.

789 4185 872 4244 De
896 4188 1057 4244 divite
1087 4195 1138 4244 et
1173 4186 1411 4246 Lazaro.

383 4276 489 4347 Qui
512 4276 641 4334 dum
664 4278 873 4337 viveres
893 4295 1016 4336 eras
1032 4281 1204 4349 dives,
1221 4289 1275 4336 et
1298 4291 1419 4352 post
1439 4282 1643 4339 obitum
1668 4299 1892 4358 pauper,

307 4387 461 4440 eum,
491 4371 582 4444 qui
612 4372 740 4429 dum
773 4372 1001 4440 viveret,
1037 4375 1257 4442 itaerat
1287 4376 1462 4446 inops,
1496 4385 1643 4431 utne
1679 4378 1890 4434 frustu-

311 4469 426 4525 lum
453 4466 608 4536 panis
635 4465 880 4531 haberet,
916 4466 1010 4522 sed
1051 4465 1181 4520 dum
1253 4468 1388 4524 obiit
1438 4468 1894 4540 locupletissimus

311 4559 516 4624 evasit,
562 4573 760 4629 aquam
813 4557 1053 4628 rogabis.
1094 4557 1238 4613 haud
1296 4568 1671 4629 accepturus;
1729 4571 1890 4617 terrae

313 4653 514 4726 quippe
544 4652 722 4709 hiatus
751 4651 1143 4723 impedimento
1169 4658 1273 4718 est,
1304 4665 1372 4706 ne
1395 4653 1603 4708 audiat.

968 4741 1035 4797 In
1075 4741 1238 4799 idem.

381 4838 518 4896 Huic
533 4853 705 4910 egeno
724 4837 952 4894 frustum
985 4837 1144 4907 panis
1171 4851 1359 4906 eroga,
1380 4852 1413 4892 o
1439 4837 1611 4906 dives;
1642 4839 1748 4896 erit
1770 4855 1892 4896 cum

315 4951 442 4993 eum
474 4933 783 5004 precaberis
810 4939 899 4984 tua
932 4930 1136 4985 circum
1169 4931 1309 4984 labia
1349 4930 1593 4986 humenti
1627 4947 1765 5002 aqua
1795 4934 1897 4988 illi-

315 5040 471 5091 nere,
495 5032 549 5080 et
576 5032 824 5079 exustam
849 5020 1085 5077 ﬂammis
1109 5022 1348 5092 linguam
1394 5023 1650 5094 irrigare;
1681 5024 1800 5089 sed,
1828 5025 1897 5080 ad

316 5133 376 5178 te
407 5135 478 5175 ne
505 5117 755 5188 proxime
804 5115 1052 5181 accedat,
1109 5117 1302 5186 ingens
1362 5124 1634 5172 terrarum
1691 5134 1894 5190 vorago

315 5211 652 5286 prohibebn.

571 5305 639 5362 In
664 5307 838 5361 decem
870 5305 1098 5374 leprosos
1128 5321 1160 5356 α
1182 5301 1390 5358 Christo
1422 5313 1660 5362 sanatos.

398 5399 621 5455 Gratias
646 5398 869 5454 Christo
907 5397 1156 5467 rependit
1208 5395 1612 5462 Samaritanus,
1651 5395 1898 5452 Samari~

316 5505 480 5552 tanus
508 5491 757 5558 tantuml,
802 5498 1030 5545 caeteros
1054 5504 1183 5544 vero
1233 5503 1426 5544 novem
1473 5489 1673 5560 ingrati
1727 5492 1898 5546 animi

318 5587 542 5643 morbus
587 5584 884 5642 incessivit.
945 5582 1264 5655 Dispeream.
1289 5583 1519 5652 utinam,
1564 5600 1626 5642 ac
1683 5600 1897 5642 rursum

313 5683 466 5753 lepra
500 5679 901 5738 suffundantur.

953 5763 1037 5820 In
1065 5764 1224 5820 idem.

391 5861 765 5922 Duodenarius
810 5867 932 5916 erat
970 5857 1360 5930 discipulorum
1432 5871 1711 5928 numerus,
1756 5875 1892 5932 quo-

316 5975 445 6020 rum
479 5957 804 6015 deterrimus
836 5969 979 6010 unus
1013 5953 1270 6010 lseariota
1309 5946 1502 6024 periit;
1547 5954 1703 6013 denis
1772 5971 1900 6013 vero

1144 441 1673 506 TETRASTICHA
1714 441 1797 504 IN
1837 441 2106 504 NOVUM
2142 437 2740 503 TESTAMENTUM.

1912 550 1961 618 Δ
1988 557 2081 624 Εἷς
2103 559 2149 614 δ’
2180 560 2288 634 ἄρα
2317 558 2426 613 τῶν
2453 556 2669 624 ὲξώλετ*
2700 553 2990 624 ἁὸἐλτερος
3025 548 3382 622 Ἰσκαριώτης
3403 564 3419 580 ·

1918 4647 1970 4708 D

3416 430 3574 496 1202‘

1988 654 2244 726 Δεπροὺς
2268 654 2313 707 δ’
2339 649 2470 707 αὖτε
2501 652 2633 707 δέκα
2663 647 2903 722 Χριστοῦ
2928 646 3090 720 χέρες
3127 646 3372 719 ίήσαντο,

1991 744 2086 812 Εἷς
2117 748 2166 802 δί
2197 748 2247 802 οἱ
2271 747 2402 816 αὖτε
2427 744 2716 818 προσῆλθ’,
2748 745 2796 798 οἱ
2820 743 2866 794 δ’
2888 741 3047 794 ἐννέα
3077 737 3277 801 πάντες
3299 736 3562 792 ἁπέσταν.

2143 842 2384 908 Εἱςτόν
2412 839 2809 912 φαρισσιιῖον,
2856 834 2953 890 καὶ
2983 833 3092 889 τὸν
3130 831 3424 900 τελώνην.

1988 937 2056 990 Ὠ
2081 935 2272 1006 χρῆμα
2307 934 2508 988 σεπτὸν
2540 931 2845 1000 πανσθενὴς
2870 925 3234 996 ταπεινότηςῒ

1990 1032 2063 1084 Σὺ
2097 1029 2190 1082 καὶ
2223 1028 2358 1100 μόνη
2390 1027 2645 1100 παροῦσα
2672 1025 2867 1090 σώζειν
2900 1021 3132 1095 ίσχῦεις,

1989 1124 2100 1179 Καὶ
2131 1125 2210 1194 μὴ
2241 1122 2494 1194 παροῦσα
2533 1121 2697 1176 πάλιν
2726 1118 2939 1183 ὀλλύεις
2965 1118 3143 1189 μόνηο

1990 1214 2073 1272 Τὰ
2109 1215 2208 1271 τοῦ
2244 1215 2476 1269 τελώνου
2513 1215 2603 1269 καὶ
2626 1212 2957 1288 Φαρισσαίου
2980 1211 3146 1280 λέγω.

2578 1306 2680 1373 Είς
2714 1306 2779 1360 τὸ
2811 1303 2983 1359 αὑτό.

1995 1403 2192 1475 Ἀνδρε
2228 1402 2322 1458 δύο
2345 1402 2507 1474 προτὶ
2539 1401 2708 1470 σηκὸν
2729 1398 3020 1468 ἀμείϐετον
3053 1392 3202 1467 ἴχνια
3225 1392 3443 1465 ταρσῶν
3460 1404 3478 1421 ⁸

1990 1497 2087 1553 Χώ
2119 1497 2220 1568 μὲν
2254 1494 2351 1566 ἔην
2381 1495 2642 1564 ἀρετῇσιν
2678 1488 2767 1544 ἐπ’
2794 1489 3004 1558 ὀφρύας
3042 1483 3197 1557 ὑψόσ’
3225 1483 3450 1554 ἀείρων,

1991 1591 2177 1661 Αὐτὰρ
2202 1589 2284 1658 ὅγ’
2314 1586 2659 1657 ἀμπλακίῃσι
2688 1583 2833 1638 κατὰ
2863 1580 3052 1653 χθονὸς
3078 1577 3307 1650 ὄμματα
3329 1575 3496 1645 πῆγε⁶

1992 1685 2102 1742 Καί
2136 1682 2185 1754 ῤ’
2211 1686 2239 1737 ὁ
2265 1683 2434 1745 κακὸς
2460 1681 2686 1750 νόστησε
2713 1675 3052 1744 δικαιότερος
3075 1674 3170 1727 καὶ
3201 1669 3425 1741 ἀρείων.

2476 1774 2580 1838 Εις
2612 1770 2720 1826 τὸν
2745 1768 3073 1838 Ζακχαῒον.

1995 1871 2232 1940 Ζακχαῖε
2267 1867 2452 1938 μικρὲ,
2493 1866 2690 1936 μικρὸς
2718 1865 2793 1916 ὢν
2824 1864 2885 1916 τὸ
2920 1859 3170 1930 σαρκίον,

1916 1936 1962 1993 Β
2001 1936 2235 2036 ’Υψηλδς
2264 1936 2312 2014 εἴ
2336 1936 2398 2014 eo
2431 1957 2652 2029 πνεῦμα
2677 1956 2773 2011 καὶ⁵
2796 1953 2992 2026 κέδρου
3016 1950 3178 2006 πλέον
3197 1964 3210 1981 °

1993 2055 2220 2110 Ἀνελθε
2248 2053 2432 2108 λοιπὸν
2456 2052 2556 2121 τὴν
2582 2052 2754 2120 συκῆν
2779 2048 2942 2119 τάχος
2972 2045 3164 2116 τάχος,

1989 2150 2101 2223 Τὴν
2128 2147 2375 2221 ἄμπελον
2407 2146 2464 2202 δὲ
2492 2147 2591 2218 τὴν
2627 2141 2888 2216 ἀληθινὴν
2911 2139 3098 2213 βλέπε.

2576 2239 2676 2302 Είς
2691 2236 2772 2306 ,τὸ
2820 2235 2989 2289 αὐτό.

1991 2336 2058 2391 El
2081 2351 2160 2390 σοι
2182 2334 2265 2388 ἑνὶ
2287 2332 2553 2402 στήθεσφι
2584 2327 2749 2393 πόθος
2779 2327 2910 2381 πέσε
2941 2320 3177 2396 Χριστὸν
3208 2323 3439 2381 ίδέσθαι.

2003 2428 2349 2502 Ἀμπλακίης
2371 2422 2711 2493 πολύφυλλον
2733 2418 3008 2490 ὑπέρϐαθι
3042 2417 3423 2487 συκομοραίην
3449 2431 3464 2447 ο

2001 2523 2093 2578 Ἐν
2117 2520 2271 2594 χθονὶ
2291 2519 2400 2590 γὰρ
2423 2514 2708 2587 στείχοντα
2737 2510 3022 2586 ἀμήχανόν
3049 2511 3199 2562 ἐστιν
3231 2507 3436 2564 ἰδέσθαι
3497 2571 3500 2574 ,

1990 2609 2146 2680 Εἶδος
2173 2612 2471 2682 θειότερον,
2497 2595 2919 2677 κεκαλυμμένον
2941 2605 3068 2674 ἡέρι
3095 2601 3288 2672 πολλῇ.

2259 2708 2366 2774 Εις
2397 2706 2512 2770 τὴν
2557 2697 2878 2765 ἐξαίτησιν
2899 2697 3007 2750 τοῦ
3042 2691 3301 2750 Σατανᾶ.

1991 2803 2196 2869 Δίτεῖς,
2227 2799 2468 2861 Σατανᾶ,
2499 2791 2762 2857 σινιάζειν
2796 2792 2889 2847 τδν
2914 2791 3123 2861 Πέτρον

2002 2899 2090 2962 Ὧς
2121 2897 2307 2960 σίτονς
2341 2889 2511 2957 Αίτῶ,
2540 2886 2710 2960 φησιν
2735 2902 2749 2918 ’
2782 2881 2882 2940 εἶτ’
2915 2884 3017 2938 οὐκ
3047 2881 3318 2956 αἰσχύνῃ,

1993 2990 2156 3062 Κακὴ
2188 2985 2429 3058 κεφαλὴ,
2457 2984 2548 3038 τὸν
2566 2982 2622 3037 δὲ
2646 2981 2853 3049 Πέτρον
2875 2978 2938 3032 οὐ
2960 2977 3187 3048 τρέμεις
3216 3014 3232 3042 ,

1991 3083 2086 3152 Μὴ
2118 3079 2400 3151 σινιασθῇς
2431 3074 2636 3148 μᾶλλον
2670 3073 2706 3144 ἢ
2749 3071 3035 3144 avidum;

1995 3243 2228 3314 leprosis
2282 3253 2478 3295 manus
2531 3235 2736 3294 Christi
2789 3233 3075 3291 medicatae
3120 3240 3291 3297 sunt,
3340 3245 3575 3302 quorum

2001 3352 2141 3393 unus
2169 3334 2549 3406 gratulaturus
2576 3328 2831 3395 accessit,
2860 3327 3074 3384 caeteris
3098 3324 3354 3382 omnibus
3385 3324 3577 3378 absce-

1995 3430 2266 3486 dentibus.

2241 3586 2248 3597 ,
2355 3519 2428 3576 De
2473 3520 2750 3576 Pharium
2785 3529 2832 3575 et
2865 3517 3182 3574 l’ublicano.

2071 3616 2116 3672 0
2148 3629 2237 3670 res
2281 3627 2540 3683 perquam
2596 3611 2852 3680 pretiosa,
2908 3608 3207 3665 fortissima
3249 3603 3570 3661 humilitas!

1998 3711 2053 3766 in
2085 3719 2137 3765 te
2166 3709 2248 3762 vel
2291 3707 2401 3761 sola
2444 3713 2730 3777 praesente,
2777 3703 2983 3758 servari
3032 3715 3192 3774 posse
3238 3701 3401 3755 situm
3454 3705 3575 3758 est;

1996 3817 2230 3871 cumque
2262 3799 2345 3854 vel
2369 3801 2521 3863 abes,
2593 3798 2709 3852 sola
2747 3796 2973 3867 perdere
3005 3803 3159 3868 potes
3189 3808 3208 3850 :
3245 3792 3300 3848 id
3327 3789 3473 3862 quod
3511 3804 3578 3845 ex

1995 3894 2065 3951 iis
2103 3889 2387 3963 intelligo,
2461 3905 2583 3960 quae
2631 3887 2923 3956 Pharisaeoj
2961 3896 3017 3943 et
3066 3885 3354 3960 publicano
3399 3883 3580 3941 conti-

1996 3995 2210 4059 gerunt.

2648 4075 2716 4130 In
2749 4075 2910 4130 idem.

2075 4173 2187 4230 Duo
2212 4169 2314 4226 viri
2337 4169 2538 4248 pedum
2563 4168 2932 4239 glomerantes
2964 4165 3189 4235 vestigia
3231 4164 3286 4222 in
3313 4161 3576 4248 templum

1997 4274 2062 4319 se
2104 4247 2493 4321 conferebant;
2522 4269 2756 4324 quorum
2795 4252 2970 4310 altero
3018 4267 3131 4324 prae
3175 4250 3466 4306 virtutibus
3511 4247 3568 4300 in

2001 4350 2201 4408 caelum
2224 4348 2514 4419 supercilia
2539 4345 2785 4414 tollente,
2817 4344 2953 4401 alter
3010 4346 3080 4400 ob
3117 4343 3354 4414 piacula,
3391 4340 3580 4396 oculos

1997 4444 2148 4501 humi
2173 4443 2469 4514 deligabat;
2489 4438 2690 4513 quique
2717 4437 2893 4495 malus
2909 4446 3152 4505 venerat,
3175 4436 3369 4492 melior
3394 4448 3459 4489 ac
3492 4432 3581 4503 ju‘

1997 4537 2137 4593 stior
2170 4549 2448 4606 regressus
2473 4542 2583 4590 est.

2606 4624 2684 4681 De
2733 4623 2981 4681 Zachwo.

2070 4721 2274 4778 Pusille
2287 4721 2541 4786 Zacbtee,
2570 4733 2800 4789 corpore
2825 4717 3044 4787 quidem
3074 4715 3278 4781 brevis,
3304 4713 3398 4770 sed
3428 4712 3584 4781 cujus

2003 4805 2087 4866 vel
2113 4813 2278 4867 cedro
2305 4806 2591 4865 sublimior
2614 4818 2698 4864 est
2725 4812 2962 4870 animus.
2983 4805 3217 4862 ascende
3241 4819 3400 4875 quam
3430 4803 3579 4859 citis-

2003 4905 2140 4961 sime
2189 4910 2343 4974 potes
2393 4916 2764 4972 sycomorum,
2798 4898 3104 4967 Christum,
3141 4899 3234 4969 qui
3275 4912 3402 4954 vera
3451 4897 3580 4952 vitis

2002 5005 2108 5064 est,
2137 5005 2504 5068 spectaturus.

2667 5099 2731 5156 In
2761 5101 2921 5158 idem.

2078 5196 2132 5252 Si
2163 5196 2256 5252 tibi
2282 5197 2337 5251 in
2368 5203 2604 5252 mentem
2629 5197 2830 5252 Christi
2854 5193 3074 5251 videndi
3104 5191 3302 5264 cupido
3339 5193 3581 5258 venerit,

2007 5288 2326 5344 umbrosam
2361 5287 2716 5358 malignitatis
2739 5301 3090 5358 sycomorum
3144 5284 3578 5356 supergredere;

2005 5396 2108 5436 nec
2133 5381 2277 5436 enim
2307 5380 2375 5442 ei,
2401 5383 2491 5451 qui
2519 5397 2616 5451 per
2643 5391 2840 5438 terram
2870 5383 3137 5451 graditur,
3170 5381 3330 5436 datur
3358 5395 3582 5435 cernere

2006 5473 2243 5529 divinam
2272 5471 2488 5539 faciem,
2516 5469 2684 5528 multa
2729 5473 2961 5546 caligine
2987 5473 3393 5529 circumfusam.

2472 5583 2548 5637 De
2581 5582 2800 5639 Satanae
2845 5583 3129 5654 postulato.

2077 5677 2244 5742 Petis,
2275 5677 2468 5745 Satan,
2488 5677 2708 5735 Petrum
2729 5677 2991 5747 cribrare,
3024 5693 3122 5734 ceu
3148 5677 3416 5735 triticum?
3434 5678 3582 5744 Peto,

2007 5771 2253 5843 inquam.
2299 5771 2495 5828 Annon
2542 5786 2675 5829 vero
2707 5783 2758 5830 te
2786 5776 2952 5844 pudet
2983 5773 3331 5831 deterrimum
3372 5773 3580 5844 caput?

2006 5880 2110 5922 nec
2128 5863 2347 5921 Petrum
2369 5866 2546 5936 ipsum
2570 5865 2853 5936 formidas,
2866 5884 2938 5926 ne
2950 5877 3022 5924 ἰιι
3050 5877 3102 5926 te
3129 5868 3366 5925 cribrcre
3383 5867 3580 5939 potius,

2007 5972 2170 6028 quam
2202 5972 2325 6013 eum
2359 5957 2612 6016 crihres?
