4044 6284
309 433 449 499 1209

1114 433 1642 496 TETRASTICIIA
1684 433 1762 494 IN
1807 431 2078 498 NOVUM
2111 433 2714 499 TESTAMENTUM.

3431 431 3567 494 1210

2291 615 2542 626 ...ι-..ο

1293 742 1770 838 ΠΡΑΞΕΙΣ
1831 749 2553 839 ΑΠΟΣΤΟΛΩΝ.

1119 1055 1552 1146 ACTUS
1626 1053 2733 1150 APOSTOLORUM.

714 1359 818 1427 Εἰς
849 1359 966 1430 τὴν
1015 1359 1472 1430 Πεντηκοστήν.

307 1449 622 1522 Περιστσρὰ
650 1450 709 1504 τδ
744 1450 971 1522 Πνεῦμα
994 1453 1070 1523 τῷ
1098 1452 1428 1524 διδασκάλῳ,

306 1544 562 1598 Γλῶσσαι
595 1545 768 1616 πυρὸς
797 1545 857 1598 τὸ
887 1545 1109 1615 Πνεῦμα
1134 1548 1246 1610 τοῖς
1277 1546 1616 1610 ἀποστόλοις·

307 1639 652 1710 Κατέρχεται
673 1643 782 1709 γὰρ
809 1639 891 1703 εἷς
915 1638 1201 1709 ὑπηρέτας
1226 1640 1422 1708 Λόγου,

306 1731 417 1784 Καὶ
445 1727 780 1802 ουμφλέγειν
808 1729 1100 1801 μέλλοντας
1138 1729 1372 1785 εἰδώλων
1402 1731 1630 1804 πλάνην.

891 1827 996 1892 Εις
1023 1825 1089 1878 τὸ
1121 1827 1291 1880 αὐτό.

305 1916 516 1988 Πέρσαι
562 1918 960 1989 πυρσολάτραι,
994 1918 1164 1989 πυρὸς
1195 1917 1357 1972 ἄλλου
1383 1919 1566 1974 τίσατε
1596 1919 1775 1987 φύσιν,

310 2011 380 2064 Ὃ
411 2011 520 2082 πρὸ
547 2011 633 2065 διὰ
652 2011 940 2082 στομάτων
981 2011 1291 2080 ὕποφὴταις
1319 2010 1498 2082 ἐρχετ⁹
1545 2009 1742 2081 Ἰησοῦ,

303 2103 530 2166 Τίσατε,
562 2104 704 2175 ὄφρα
732 2105 869 2174 φάος
904 2103 1040 2174 μηδὲ
1071 2103 1253 2173 φλόγα
1291 2102 1448 2157 ἔνθεν
1474 2102 1686 2173 ἄροιτο,

302 2197 616 2259 Δυσσισέας
657 2196 1000 2268 πρὴθουσαν,
1033 2195 1371 2268 άγρὼστιδος
1394 2195 1527 2265 ἠΰτε
1559 2197 1773 2267 χόρτον.

376 2291 482 2356 Εἰς
557 2291 829 2345 Ματθίαν
882 2289 990 2344 τὸν
1051 2288 1250 2345 Ἰούδα
1294 2290 1482 2344 τόπον
1536 2288 1812 2359 ἀναπλη-

961 2381 1212 2451 ροῦντα.

318 2473 546 2541 Ἰοῦστε,
570 2477 667 2530 καὶ
697 2475 763 2528 σὺ
793 2474 977 2540 καλὸς,
1005 2475 1124 2529 ἀλλ’
1143 2476 1171 2528 ὁ
1194 2475 1449 2540 Ματθίας

304 2567 414 2624 Τὸν
452 2568 653 2624 κύκλον
677 2568 966 2641 ἐπλήρωσε
998 2567 1108 2622 τῶν
1132 2569 1471 2624 ἀποστόλωψ

305 2661 421 2733 Τὴν
446 2661 607 2728 ἀξίαν
638 2663 748 2736 γὰρ
769 2663 1044 2734 λαμϐάνει
1068 2663 1165 2717 καὶ
1187 2661 1288 2734 τὴν
1318 2663 1480 2735 χάριν

305 2753 433 2825 ’Λφ’
461 2751 529 2829 ἧς
553 2755 759 2820 Ἰούδας
783 2755 1034 2826 ἀφρόνως
1057 2755 1374 2827 ἀπερράγη.

894 2850 1002 2915 Εὶς
1033 2847 1103 2902 τὸ
1133 2848 1305 2903 αὑτό.

302 2942 582 3006 Μωΰσέως
617 2938 903 3015 παλάμῃσι
932 2941 1275 3014 τροπάσκετο
1301 2940 1460 2996 ἔθνεα
1488 2943 1677 3009 πάλαι,

303 3036 422 3091 Νῦν
447 3035 505 3089 δὲ
533 3036 740 3108 Πέτρου
771 3035 1057 3105 παλάμῃσι
1104 3033 1353 3098 θεουδέος
1385 3034 1563 3089 ἕλκετ’
1590 3035 1803 3090 ἄνωθεν

308 3125 538 3196 Πνεῦμα
572 3127 748 3197 μέγας
780 3124 1139 3197 Παράκλητος
1194 3123 1284 3176 ἐπ’
1331 3125 1661 3199 ἁνδρομέῃσι
1712 3143 1888 3197 κεφα-

1751 3216 1885 3292 ὶλῇς⁹

304 3312 552 3369 Ματθίου
588 3310 736 3381 ἀμφὶ
755 3309 1003 3381 κόρυμὸα
1039 3309 1207 3381 κόρας
1245 3309 1432 3380 βαλεῦ,
1474 3310 1551 3375 ὠς
1582 3328 1645 3366 κε
1678 3311 1885 3383 δαείης.

615 3407 722 3471 Εἰς
767 3403 882 3472 τὴν
925 3402 1273 3472 κατήχησιν
1321 3401 1573 3471 Πέτρου.

303 3500 516 3569 Πέτρος
543 3499 791 3568 κατηχεϊ,
820 3497 918 3550 καὶ
947 3496 1029 3560 τίς
1050 3496 1284 3568 ἀπειθὴς
1315 3496 1463 3567 μένει
1491 3515 1506 3564 ;

807 3655 886 3709 De
911 3654 995 3709 die
1026 3653 1385 3710 Pentecostes.

390 3751 656 3809 Columba
689 3747 913 3804 Christo
967 3747 1232 3816 magistro
1268 3745 1615 3801 advenientis
1649 3743 1890 3817 Spiritus

307 3842 615 3917 symbolum
644 3841 770 3905 fuit,
812 3839 1079 3912 apostolis
1106 3853 1235 3894 vero
1271 3840 1444 3907 ignea:
1475 3837 1676 3910 linguae
1709 3837 1884 3909 Spiri-

310 3949 423 3994 tum
450 3947 698 3991 sanctum
722 3933 1123 3999 demonstrant,
1155 3930 1249 4000 qui
1274 3931 1326 3986 in
1356 3930 1517 3987 Verbi
1550 3931 1834 3987 ministros
1858 3945 1890 3986 ο

305 4031 451 4089 ctelo
472 4026 772 4094 descendit,
797 4024 1092 4098 apostolos,
1116 4025 1363 4096 inquam,
1387 4024 1652 4081 idolorum
1671 4038 1890 4082 concre-

308 4135 554 4180 maturos
574 4135 840 4178 errorem.

959 4209 1026 4266 In
1056 4210 1216 4268 idem.

381 4309 488 4378 Qui
515 4306 760 4364 ﬂammas
791 4305 1048 4370 adoratis,
1073 4321 1104 4360 ο
1129 4304 1328 4370 Persae,
1362 4303 1527 4358 alium
1572 4303 1749 4373 ignem
1793 4317 1891 4366 co.

307 4407 406 4460 lite
463 4401 553 4472 qui
593 4414 692 4472 per
752 4400 1111 4470 interpretum
1145 4396 1354 4453 Christi
1387 4411 1482 4451 ora
1519 4395 1885 4466 progreditur,

309 4497 498 4562 colite,
532 4505 590 4548 ut
623 4492 748 4548 inde
781 4489 987 4560 lumen,
1046 4505 1151 4545 non
1189 4491 1490 4545 candentes
1544 4503 1746 4558 prunas
1800 4503 1891 4543 re-

310 4583 564 4656 portetis,
611 4593 732 4650 qua:
793 4577 1010 4648 impios,
1060 4577 1324 4649 graminis
1381 4577 1552 4631 instar
1603 4585 1696 4630 aut
1753 4573 1885 4642 feni,

310 4677 660 4734 comburunt.

563 4784 640 4838 De
672 4782 882 4839 Mat/tia
908 4783 964 4838 in
994 4781 1162 4837 Judw
1195 4783 1367 4836 locum
1399 4780 1642 4850 suffecto.

377 4877 764 4934 Sanctimonia:
797 4877 992 4932 merito
1010 4874 1240 4932 celebris
1260 4887 1404 4939 eras,
1435 4889 1469 4930 o
1493 4872 1640 4942 juste
1669 4868 1890 4940 Joseph,

310 4971 544 5028 Matltias
576 4979 758 5025 tamen
814 4967 1186 5038 apostolorum
1224 4982 1514 5022 numerum
1571 4967 1887 5035 supplerit;

310 5075 534 5134 act-cpta
593 5064 852 5134 dignitate
905 5071 960 5116 et
987 5062 1181 5131 gratia,
1213 5078 1242 5116 a
1272 5077 1375 5132 qua
1393 5059 1560 5117 Jndas
1589 5075 1686 5130 per
1708 5061 1894 5114 incon-

309 5156 506 5214 sultam
543 5156 902 5210 temeritatem
935 5152 1233 5209 deciderat.

971 5257 1040 5314 In
1074 5260 1234 5314 idem.

387 5356 590 5413 Gentes
615 5356 743 5412 olim
775 5351 943 5410 Mosis
1001 5352 1253 5408 manibus
1288 5351 1341 5406 in
1371 5350 1552 5420 fugam
1584 5348 1888 5415 dabantur;

1925 1362 1965 1423 Δ
1997 1358 2204 1428 Πέτρος
2232 1357 2496 1423 διδάσκει,
2525 1359 2621 1413 καὶ
2652 1359 2737 1421 τίς
2758 1361 2816 1413 οὐ
2849 1357 3043 1431 τρέμει
3077 1360 3204 1415 κλύει

1991 1449 2097 1500 Τοῦ
2135 1449 2449 1518 [Ινεύματος
2475 1452 2765 1514 λαλοῦντος
2801 1455 2860 1505 ἐν
2886 1453 3110 1524 γλώσσῃ
3147 1456 3401 1524 ῐῐέτρου;

1995 1544 2058 1595 ’Ὢ
2091 1543 2311 1612 γλῶσσα
2357 1546 2550 1616 σεπτὴ,
2582 1546 2691 1616 πῦρ
2719 1547 2898 1611 λαλεῖς
2938 1564 2994 1601 τε
3035 1549 3131 1602 καὶ
3181 1548 3388 1612 πνέεις.

2580 1663 2687 1724 Εἰς
2729 1660 2796 1713 τὸ
2832 1663 3002 1716 αὐτό.

1990 1751 2194 1822 Πέτρος
2223 1751 2296 1806 ὅδ’
2327 1752 2684 1824 ἀτρεκέεσσιν
2718 1752 2824 1806 ὑπὸ
2857 1753 3193 1823 στομάτεσσι
3242 1754 3490 1808 διδάσκει

1986 1844 2246 1916 Χριστὸν,
2275 1844 2430 1915 ἄθρει
2459 1845 2503 1898 δ’
2545 1845 2766 1917 ἀΐδηλον
2794 1846 2903 1899 ἀπὸ
2941 1844 3137 1916 φλόγα,
3190 1845 3382 1918 λῷστε,
3421 1847 3569 1900 κιοῦ-

3469 1959 3568 1996 σαν

1985 2029 2270 2103 Γλώσσης,
2301 2031 2335 2101 ἦ
2371 2049 2461 2102 μιν
2486 2033 2713 2104 ἀνήνατ’
2735 2033 2828 2088 ἐπὶ
2860 2036 3116 2104 σταυροτο
3147 2032 3386 2106 βεϐῶτα.
3443 1939 3459 2014 Ι

1984 2119 2230 2175 Κὲκλυτε
2259 2121 2429 2177 τῶνδε
2456 2123 2630 2193 λόγων
2671 2125 2883 2198 ἁλιῆος,
2914 2126 3148 2181 κέκλυτε
3198 2128 3428 2191 πάντες.

1975 2225 1988 2237 ’
2054 2235 2165 2304 Εἰς
2189 2236 2300 2294 τὸν
2330 2237 2450 2293 ὑπὸ
2499 2239 2727 2308 Πέτρου
2775 2241 2874 2295 και
2929 2243 3210 2298 Ἰωάννου
3263 2243 3499 2299 ιαθέντα

2676 2336 2897 2404 χωλόν.

1984 2422 2164 2486 Χωλὲ,
2193 2423 2500 2494 προσαίτει,
2523 2424 2727 2496 Πέτρος
2765 2425 2937 2496 ἐγγύς
2960 2427 3080 2482 ἔστί
3109 2443 3220 2480 σοῦ’

1997 2517 2291 2588 Ἀργύριον
2318 2519 2419 2589 μὲν
2450 2519 2511 2572 οὐ
2543 2519 2735 2592 λάϐῃς,
2765 2521 2796 2592 ἢ
2837 2524 3108 2593 χρυσίον,ῖ

1997 2610 2335 2681 Ἀνάργυρον
2366 2610 2422 2663 δὲ
2457 2610 2555 2682 τὴν
2587 2612 2836 2682 ἰατρείαν
2858 2613 3053 2688 λάϐῃς·

1923 2720 1968 2776 Β
1998 2703 2154 2773 Λόγῳ
2187 2703 2295 2774 γὰρ
2328 2704 2455 2775 ἄρτι
2487 2704 2659 2758 σῶσαι
2693 2705 2853 2770 δείξει
2885 2709 2978 2761 καὶ
3006 2706 3174 2778 μόνῳ.

2569 2821 2673 2891 Εὶς
2710 2826 2774 2878 τὸ
2829 2827 2998 2881 αὐτό.

1989 2915 2178 2980 Χωλδς
2206 2915 2345 2986 ἀνὴρ
2375 2917 2478 2971 ἀνὰ
2510 2917 2678 2988 σηκὸν
2703 2918 2960 2991 ἐϐήσατο,
2982 2921 3047 2974 ὲκ
3080 2921 3125 2974 δ’
3154 2918 3263 2990 ἄρα
3296 2921 3464 2993 σηκοῦ

2001 3005 2256 3077 ’Δρτίπος
2278 3004 2437 3080 ἦλθεο
2463 3010 2670 3080 Πέτρος
2700 3013 2811 3080 γὰρ
2840 3012 3097 3065 ἐκέκλετο
3131 3013 3266 3083 ὀρθὰ
3298 3013 3564 3083 βαδίξεινσ

1991 3096 2158 3170 Ἀτὰρ
2182 3100 2488 3174 ἀτασθαλίῃ
2516 3104 2912 3174 κακομήχανος
2944 3107 3259 3177 ἀρχιερήων

1994 3190 2083 3246 Ἐν
2117 3194 2318 3266 κραδίῃ
2362 3194 2628 3266 χώλευσε,
2657 3199 2752 3250 καὶ
2791 3196 2998 3266 ἕμπαλι
3034 3198 3238 3268 βήσατο
3259 3199 3298 3269 1-
3322 3198 3518 3270 χωλοῦ.

2163 3308 2268 3377 Εἰς
2299 3309 2371 3364 τὰ
2402 3311 2558 3364 κατὰ
2587 3309 2872 3366 Ἀνανίαν
2894 3312 2992 3366 καὶ
3036 3312 3401 3382 Σάπεοερραν.

1991 3401 2057 3456 Τί
2087 3399 2294 3468 ταῦτα;
2329 3401 2525 3474 Πέτρε,
2559 3403 2806 3466 θανατοῖς
2831 3405 3083 3458 Ἀνανίαν

1995 3494 2176 3565 Ἀπαξ
2203 3495 2636 3570 ἁμαρτήσαντα;
2686 3497 2795 3550 Καὶ
2824 3495 2933 3569 μὴν
2970 3497 3068 3568 οὐχ
3091 3495 3264 3563 ἅπαξ,

1991 3658 2245 3716 sereret?
2281 3658 2507 3717 docente
2542 3659 2730 3728 Petro,
2767 3660 2886 3732 quis
2912 3661 2996 3717 vel
3018 3661 3295 3716 auditione
3323 3676 3428 3716 non
3461 3669 3571 3717 trc-

1991 3754 2112 3819 mit,
2146 3768 2269 3810 cum
2315 3753 2434 3826 ejus
2481 3754 2772 3825 eloquatur
2803 3754 2989 3825 lingua
3023 3755 3264 3824 Spiritus
3298 3757 3570 3810 sanctus?

1991 3845 2036 3904 0
2067 3848 2371 3905 veneranda
2421 3846 2644 3916 linguai
2696 3847 2881 3919 lgnem
2947 3847 3234 3917 loqueris,
3293 3856 3348 3902 et
3391 3846 3570 3918 ignem

1996 3938 2261 4010 inspiras.

2650 4029 2714 4086 In
2766 4031 2932 4086 idem.

2072 4131 2153 4187 En
2188 4130 2306 4201 ipse
2331 4126 2533 4184 Petrus
2560 4139 2655 4182 ore
2673 4125 2948 4196 intrepido
2976 4123 3176 4180 Christi
3204 4123 3361 4180 {idem
3391 4124 3569 4190 docet;

1993 4225 2310 4289 considera,
2338 4223 2423 4294 vir
2457 4223 2625 4287 bone,
2676 4219 3137 4291 perstringentem
3174 4217 3362 4274 oculos
3415 4215 3570 4271 ﬂam-

1993 4333 2137 4372 mam
2176 4331 2207 4372 e
2243 4316 2422 4385 lingua
2469 4313 2865 4383 prosilientem,
2906 4326 3026 4382 quae
3077 4313 3248 4381 ipsum
3299 4309 3366 4365 de
3427 4309 3572 4377 ligno

1998 4410 2320 4481 pendentem
2350 4416 2648 4478 negaverat
2682 4421 2698 4460 :
2733 4404 3024 4476 piscatoris
3055 4406 3239 4460 audite
3267 4417 3568 4467 sermones,

1991 4519 2181 4560 omnes
2211 4501 2534 4558 auscultate.

2159 4595 2222 4651 In
2245 4595 2497 4650 claudum
2533 4608 2566 4648 a
2593 4590 2758 4648 Petro
2813 4599 2864 4647 et
2892 4590 3102 4645 Joanne
3135 4597 3402 4642 sanatum.

2065 4689 2276 4759 Stipem
2321 4698 2484 4758 pete,
2529 4687 2728 4756 loripes
2755 4725 2770 4751 ,
2826 4686 2918 4739 tibi
2967 4695 3166 4754 praesto
3197 4694 3280 4736 est
3334 4682 3566 4747 Petrus;

1992 4790 2276 4854 argentum
2331 4782 2550 4853 quidem
2599 4789 2696 4835 aut
2726 4793 2918 4833 aurum
2952 4793 3058 4832 non
3091 4790 3150 4830 es
3205 4784 3524 4844 accepturus
3551 4813 3568 4841 ,

1993 4879 2088 4933 sed
2139 4877 2284 4931 nullo
2333 4875 2670 4943 redemptam
2727 4879 2954 4942 argento
3004 4869 3370 4933 medicinam;
3424 4881 3569 4920 nunc

1993 4970 2138 5024 enim
2183 4967 2530 5023 manifestum
2580 4965 2742 5021 faciet
2797 4978 2856 5020 se
2925 4962 3010 5018 vel
3051 4962 3166 5017 solo
3220 4975 3374 5032 posse
3406 4961 3570 5014 verbo

1993 5077 2208 5117 sanare.

2653 5154 2716 5210 In
2746 5153 2900 5208 idem.

2060 5245 2236 5302 Homo
2267 5244 2494 5301 claudus
2527 5245 2577 5300 in
2612 5247 2870 5315 templum
2923 5245 3226 5314 ingressus,
3281 5255 3311 5296 e
3369 5239 3568 5308 templo

1993 5339 2218 5410 pedibus
2253 5338 2438 5393 valens
2466 5354 2744 5409 regressus
2775 5346 2879 5401 est,
2914 5352 3037 5392 nam
3074 5351 3197 5390 eum
3232 5333 3427 5388 Petrus
3483 5348 3570 5388 re-

311 5454 460 5506 n'unc
498 5455 678 5502 autem
715 5445 950 5516 religiosi
979 5442 1127 5500 Petri
1172 5443 1422 5498 manibus
1449 5441 1667 5496 coalitus
1697 5451 1880 5495 extra-
1910 5439 1965 5501 D
1990 5439 2136 5487 clum
2185 5432 2264 5485 ire
2305 5431 2564 5500 iusserat,
2609 5433 2702 5486 sed
2729 5431 2792 5485 ad
2823 5429 3022 5483 malum
3065 5427 3345 5498 ingeniosa
3387 5441 3570 5480 sacer-

310 5545 462 5598 hitur
518 5542 574 5594 in
629 5538 908 5594 hominum
965 5536 1208 5592 cervices
1283 5550 1512 5604 magnus
1570 5533 1889 5590 consolator
1993 5527 2178 5582 dolum
2210 5525 2464 5596 pravitas,
2501 5526 2683 5579 animo
2708 5522 3155 5593 claudicantiuin,
3191 5529 3377 5574 contra
3405 5535 3566 5589 quam

311 5621 598 5707 Spiritus;
640 5632 692 5688 in
733 5630 945 5686 Matltite
978 5630 1234 5687 verticem
1261 5628 1449 5684 oculos
1477 5627 1717 5695 intende,
1779 5640 1889 5698 quo
1995 5621 2100 5676 iret
2125 5620 2214 5674 ltic
2243 5618 2491 5687 claudus,
2529 5617 2860 5673 ambulabat.

311 5729 607 5786 resciscas.
2069 5725 2257 5790 Deiis,
2309 5740 2429 5794 que
2477 5724 2700 5778 Anania:
2759 5732 2806 5778 et
2841 5721 3118 5791 Sapphira:
3164 5721 3496 5776 acciderunt.

2071 5819 2211 5888 Quid
2236 5818 2434 5884 isthuc,
2470 5816 2668 5874 Petrei
2699 5817 2970 5873 Ananiam
2999 5826 3174 5874 morte
3203 5817 3424 5881 multas,
3476 5816 3568 5884 qui

2001 5909 2168 5969 semel
2191 5907 2536 5966 offenderat?
2566 5906 2660 5967 Nae
2693 5924 2802 5967 non
2839 5917 3046 5967 tantum
3079 5908 3269 5979 semel,
3319 5907 3415 5967 sed
3451 5909 3576 5965 inii-

807 5819 872 5876 In
895 5817 1038 5873 Petri
1069 5816 1394 5872 catechctim.

386 5916 611 5974 Dicente
640 5914 824 5984 Petro,
855 5911 978 5984 quis
1002 5911 1400 5968 contumaciter
1429 5908 1739 5967 incredulus
1770 5924 1892 5981 per-
