3960 6288
505 385 642 454 1211

505 502 825 576 ’Δπειράκις
863 503 920 559 δὲ
953 503 1269 575 συμπαθεῖν
1297 504 1647 577 έπετράπης.

505 594 630 664 Ναὶ,
664 596 759 649 τοῦ
798 597 968 651 κακοῦ
994 597 1051 651 δὲ
1084 592 1182 669 τὴν
1208 598 1467 670 ἀπαρχὴν
1501 595 1716 653 κωλύω.

1024 690 1025 693 “
1073 693 1181 758 Εἰς
1210 691 1276 745 τὸ
1305 692 1477 746 αὑτό.

488 780 796 853 ’Ἂννανίην
864 782 981 835 ποτ’
1044 781 1247 851 ἔπεφνε
1332 783 1548 855 Πέτρου
1618 781 1819 851 λόγος,
1856 772 2077 851 ὀὕνεκα

623 862 628 867 ’
1836 870 2083 946 [Πνεῦμα

441 947 445 951 ’
504 960 759 1023 Ψιύσατο
795 962 1186 1033 παμμεδέοντα
1213 962 1457 1033 βασιλέα,
1483 966 1581 1038 τῆς
1617 964 1674 1020 δέ
1702 982 1797 1020 κεν
1826 964 1973 1033 ὠνῆς

504 1045 718 1125 κλέψεν
753 1054 858 1109 ἑῶν
894 1056 1162 1119 κτεάνων,
1198 1057 1308 1110 ἀπὸ
1330 1057 1375 1120 δ’
1424 1060 1602 1113 εἵλετο
1625 1061 1820 1130 μοῖραν
1850 1057 2081 1112 ἐκεῖθεν.

479 1186 482 1190 .
504 1145 834 1213 Ψευδολόγοι
858 1148 1204 1218 τρομέωμεψ
1227 1150 1257 1202 ὁ
1294 1150 1403 1222 γὰρ
1422 1151 1591 1217 τύπος
1618 1152 1811 1221 ἐγγύθι
1846 1154 2045 1206 κεῖται.

571 1241 677 1306 Εις
702 1238 845 1306 τοὺς
906 1240 1027 1295 ὑπὸ
1078 1241 1196 1310 τῆς
1225 1243 1404 1312 σκιᾶς
1435 1245 1659 1313 Πέτρου
1690 1246 2002 1315 ἐωμένους.

504 1332 602 1387 Ἂν
641 1329 767 1386 σχιά
797 1332 1005 1401 Πέτρου
1042 1334 1143 1398 τὰς
1169 1336 1357 1401 νόσους
1382 1340 1552 1410 ἄρδην
1578 1338 1702 1410 λύῃ,

503 1424 569 1476 Tt
598 1423 786 1477 λοιπον
816 1422 1115 1494 ἐργάσαιτο
1146 1428 1398 1497 ταύταςς
1430 1431 1553 1487 εζπέ
1579 1445 1694 1503 μοι’

512 1517 575 1571 '0
606 1515 816 1589 Πέτρος
847 1515 1035 1587 αὐτὸς,
1064 1520 1157 1573 καὶ
1186 1521 1248 1575 τὸ
1274 1521 1370 1577 τοῦ
1410 1524 1622 1596 Πέτρου
1665 1525 1841 1596 στόμα
1873 1542 1889 1591 ;

501 1610 727 1674 Πάντως
760 1607 923 1665 πλέον
948 1613 1053 1683 σχῇ
1089 1614 1189 1687 τῆς
1223 1615 1434 1685 Πέτρου
1470 1618 1630 1681 σκιᾶς
1663 1617 1895 1687 Πέτρος.

1081 1731 1187 1797 Εἰς
1217 1729 1285 1785 τὸ
1316 1732 1491 1791 αὐτό.

509 1822 577 1876 Ἢ
610 1824 738 1879 σκιὰ
765 1826 866 1880 οὐκ
892 1825 1176 1898 ἀτρέκεια.
1202 1826 1417 1897 Πέτρου
1455 1826 1510 1879 δέ
1532 1842 1591 1879 τε
1624 1826 1721 1880 καὶ
1747 1826 1873 1882 σκιὰ
1899 1826 2053 1898 αὐτὴ.

499 1917 813 1987 Ἀτρεκέως
844 1920 1130 1982 νοσέοντας
1157 1919 1372 1991 ἰήσατο,
1402 1917 1589 1988 θαῦμα
1628 1920 1856 1974 ἰδέσθαι·

501 2010 657 2073 Toto;
692 2013 1001 2077 ὲπισκιάοις
1030 2029 1122 2080 με,
1149 2012 1466 2084 μακάρτατε
1499 2014 1698 2084 Πέτρε,
1726 2012 2006 2080 νοσεῠντα,

502 2103 657 2175 Μηδεῖ
683 2121 743 2159 τε
767 2109 911 2171 τοῖος
939 2107 1057 2178 ἕης,
1086 2103 1196 2171 οἷός
1237 2123 1366 2165 ποτε
1394 2108 1530 2177 ἀμφ’
1569 2108 1838 2179 Ἀνανίην.

499 2218 607 2285 Εἰς
636 2215 753 2288 τὴν
776 2218 1069 2290 φυλακὴν
1111 2220 1365 2345 Πιξῖι-ρου¹
1397 2221 1496 2277 καὶ
1535 2221 1654 2297 τὴν
1690 2224 1792 2280 ὐπ’
1820 2222 2080 2293 ἀγγέλου

774 2326 781 2327 κ
1216 2307 1377 2345 vam

774 2326 781 2327 ί
1169 2307 1377 2346 λυσιν.

476 2381 571 2437 ?‘O
608 2381 835 2447 δυνατὸς
856 2382 925 2437 τὰ
951 2384 1130 2438 πάντα
1156 2384 1378 2455 δεσμεῖν
1412 2386 1503 2439 καὶ
1527 2384 1678 2440 λύειν

500 2475 837 2545 Δεσμεύεται
863 2474 979 2541 νῦν,
1016 2478 1112 2530 καὶ
1135 2476 1533 2547 καθειργνυται
1569 2479 1799 2551 Πέτρος·
1902 2474 1903 2477 “

501 2568 647 2620 ‘AD.’
679 2567 911 2638 ἅγγελος
941 2571 1011 2621 τὰ
1043 2568 1290 2641 κλεῖθρα,
1314 2569 1384 2623 τὰ
1415 2571 1569 2624 κλοιὰ
1596 2574 1825 2641 κλάσας,

513 2660 769 2714 Ἐωθινὸν
809 2665 1026 2733 κήρυκα
1062 2661 1277 2730 πέμπει
1303 2665 1415 2727 τοῖς
1452 2664 1653 2736 δχλοις.

1077 2755 1182 2823 Εὶς
1211 2760 1278 2812 τὸ
1318 2759 1489 2813 αὐτό.

501 2843 735 2916 Εἵρξατε
764 2845 973 2918 Πέτρον
1009 2848 1170 2919 ὓμες,
1204 2849 1439 2921 Χριστὸς
1472 2851 1517 2906 δ’
1545 2853 1799 2923 ἁπέ).υσ’,
1838 2856 2042 2928 ἱερῆες,

500 2937 736 3009 Χριστὸς
792 2941 1003 3013 Πέτρον
1063 2942 1244 3009 ἔλυσε,
1299 2945 1393 2997 καὶ
1456 2946 1682 3016 ἀμφαδὰ
1723 2949 1905 3021 πέμπε
1942 2951 2087 3015 διδά-

1889 3043 2088 3119 [σκεινὲ

504 3190 611 3248 ties
655 3191 869 3248 veniam
924 3209 1111 3265 Jussus
1168 3211 1226 3254 cs
1263 3201 1690 3256 misericorditer
1753 3203 2075 3276 indulgere:

501 3299 688 3340 verum
722 3285 772 3342 id
797 3288 1014 3358 quidem
1046 3298 1148 3356 est,
1183 3291 1276 3346 sed
1308 3293 1433 3353 mali
1468 3296 1737 3364 primitias
1766 3309 2075 3355 auteverto.

1172 3406 1235 3463 In
1283 3408 1443 3464 idem.

576 3494 728 3551 Petri
752 3496 1051 3569 increpatio
1074 3502 1351 3571 quondam
1381 3504 1606 3559 Ananiae
1653 3518 1887 3562 mortem
1935 3507 2080 3563 intu-

501 3587 586 3655 lit,
622 3592 763 3660 quod
793 3590 1019 3661 Spiritui
1066 3594 1171 3650 late
1206 3602 1481 3668 regnantis
1537 3600 1629 3655 Dei
1682 3604 1963 3669 mentitus,
2015 3605 2080 3660 de

500 3682 677 3752 pretio
712 3683 1029 3741 facultatum
1057 3702 1301 3753 suarum,
1332 3700 1487 3760 parte
1532 3692 1655 3748 inde
1683 3695 1883 3761 ablata,
1912 3693 2080 3749 sulfu-

499 3783 653 3829 ratus
678 3773 873 3832 fuerat.
901 3776 1013 3834 Nos
1044 3779 1447 3838 mendaciorum
1480 3792 1776 3841 tremamus
1809 3787 2077 3846 artiﬁces:

499 3866 604 3923 ltoc
643 3870 789 3924 enim
824 3870 985 3926 nobis
1011 3875 1349 3943 propositum
1378 3887 1462 3932 est
1496 3880 1796 3948 exemplar.

729 3986 807 4041 De
836 3989 901 4043 iis
936 3990 1028 4059 qui
1057 3989 1205 4046 Petri
1232 3993 1418 4049 umbra
1459 3998 1633 4051 sanati
1666 4007 1809 4055 sunt.

572 4098 629 4155 Si
668 4098 813 4163 Petri
849 4103 1037 4164 umbra
1073 4120 1264 4170 omnes
1301 4123 1524 4178 prorsus
1585 4114 1933 4181 agritudines
1969 4116 2079 4179 dis-

496 4195 687 4258 cussit,
713 4196 839 4263 quid
871 4197 925 4252 in
955 4211 1049 4257 eas
1077 4200 1144 4257 de
1173 4209 1375 4264 eadem
1402 4202 1655 4270 facturus
1688 4218 1792 4275 est,
1827 4211 1958 4269 mihi
2000 4210 2081 4271 lo.

494 4301 682 4356 quere,
736 4287 929 4350 Petrus
977 4290 1114 4363 ipse,
1174 4303 1230 4350 et
1287 4296 1405 4366 ejus
1452 4301 1565 4364 oris
1595 4299 1919 4370 imperium?
1950 4300 2078 4363 Plus

494 4380 717 4435 omnino
735 4379 956 4450 Petrus,
974 4397 1139 4454 quam
1165 4385 1312 4442 Petri
1334 4388 1523 4455 umbra
1556 4390 1815 4462 consequi
1850 4393 2072 4463 poterit.

1144 4492 1209 4550 In
1239 4496 1401 4553 idem.

456 4628 457 4631 η
571 4578 773 4637 Umbra
801 4598 905 4638 non
935 4592 1018 4640 est
1041 4586 1263 4656 veritas;
1296 4598 1474 4647 tamen
1506 4592 1591 4647 vel
1624 4593 1736 4649 sola
1764 4593 1911 4653 Petri
1944 4612 2064 4651 um-

497 4674 592 4726 bra
645 4673 789 4733 (visu
849 4677 1119 4747 mirabile)
1182 4681 1326 4737 male
1379 4681 1603 4741 adactos
1661 4700 1787 4742 vere
1836 4688 2067 4744 curavit.

497 4764 647 4822 Talis
677 4781 764 4822 me
799 4769 1096 4826 invalidum
1129 4771 1426 4842 inumbres,
1460 4790 1493 4831 ο
1519 4777 1828 4835 beatissime
1875 4779 2072 4848 Petre;

493 4876 597 4917 nec
627 4864 1080 4933 quemadmodum
1132 4868 1262 4925 olim
1314 4871 1368 4926 in
1424 4870 1712 4941 Ananiam,
1752 4876 1833 4931 sie
1885 4877 1939 4931 in
1988 4892 2078 4934 me

491 4971 707 5014 sanas.

696 5073 772 5130 De
806 5072 957 5131 Petri
985 5078 1248 5143 custodia,
1280 5079 1494 5151 ejusque
1529 5082 1859 5143 liberatione.

564 5186 738 5246 Penes
781 5206 941 5263 quem
991 5192 1165 5264 ligare
1213 5196 1395 5252 omnia
1440 5197 1606 5255 situm
1637 5209 1743 5269 est,
1773 5219 1984 5261 necnon
2023 5218 2080 5265 et

492 5282 726 5351 solvere,
762 5285 1001 5342 vincitur
1049 5303 1196 5345 nunc
1241 5288 1435 5347 Petrus
1490 5306 1557 5347 ac
1618 5295 1891 5352 detinetur
1931 5316 1947 5355 :
1983 5300 2077 5357 sed

492 5390 620 5432 eum
651 5379 898 5449 angelus,
936 5381 1180 5440 vectibus
1237 5398 1301 5441 ac
1330 5384 1580 5442 numellis
1611 5387 1920 5460 perfractis,
1956 5409 2103 5451 τηε-⁷

495 5470 731 5529 tutinum
760 5473 1091 5531 multitudini
1123 5491 1430 5548 praeconem
1462 5478 1650 5536 mittit.

1177 5591 1244 5648 In
1268 5592 1427 5651 idem.

563 5705 674 5765 Vos
728 5706 947 5765 Petrum
1002 5708 1369 5777 conclusistis,
1423 5714 1774 5783 sacerdotes;
1820 5713 2075 5773 Christus

491 5798 716 5870 eripuit,
744 5811 799 5858 et
822 5809 1090 5871 ereptum,
1124 5803 1403 5876 prapalam
1430 5816 1487 5863 ut
1516 5809 1757 5873 doceret,
1790 5808 2075 5880 allegavit;

491 5891 721 5964 ipsemet
766 5909 895 5951 vero
942 5893 1195 5954 Christus
1242 5914 1351 5956 non
1408 5900 1675 5975 seipsum,
1706 5901 1938 5973 vinclis,
1976 5905 2074 5961 sed

1606 374 1611 377 ’
1705 389 2104 453 THEODORI
2144 390 2549 453 PRODROMI

2100 513 2145 572 Α
2177 506 2415 577 Χριστὸν
2452 507 2499 562 δ’
2538 508 2637 562 οὐκ
2666 505 2733 562 ἂν
2764 506 2942 575 ἔλυσε,
2991 505 3161 579 μόρου
3191 501 3566 576 δ’,ἀνεσώσατο
3601 504 3705 573 Χρι-

3602 386 3709 484 tua

3597 599 3708 670 [τός.

2180 693 2512 759 Δυσσεὸέες,
2534 694 2822 766 πείσθητε*
2855 693 3067 765 νεκρῶν
3090 691 3199 763 γὰρ
3234 690 3493 763 άπέγρετ*
3513 690 3714 761 Ἰησοῦς,

2182 808 2289 876 Εῑς
2317 800 2432 877 τὴν
2484 810 2849 880 συμϐουλὴν
2881 809 3221 880 Γαμαλιὴλ.
3263 808 3351 863 ὅτι
3384 806 3477 861 δεῖ
3505 806 3585 877 μὴ
3630 825 3714 863 κω

2676 882 2849 936 λύειν
2876 882 2939 936 τὸ
2969 881 3266 951 κήρυγμα.

2189 1000 2385 1069 Ἀφες,
2416 998 2655 1071 πονηρὲ,
2687 998 2814 1061 τοὺς
2839 997 3174 1063 ἀποστόλους
3198 997 3400 1066 λέγειν.

2184 1090 2439 1155 Γλώσσαις
2467 1094 2643 1161 πυρὸς
2674 1093 2901 1163 φέρουσι
2929 1109 2943 1123 ’
2974 1091 3185 1163 φρίξον.
3218 1090 3490 1163 ὲφρὺγης·

2186 1186 2308 1255 Θεῷ
2342 1186 2452 1255 γὰρ
2480 1185 2581 1238 οὐκ
2609 1182 2675 1238 ἂν
2696 1162 3051 1256 ἀντιπράξειν
3087 1162 3338 1257 taxum,

2197 1278 2257 1333 Ὅ
2287 1279 2375 1343 σὸς
2399 1276 2687 1349 Γαμαλιήλ
2718 1294 2779 1330 σε
2810 1276 3047 1331 πειθέτω
3075 1277 3275 1348 λέγων.

2762 1384 2866 1451 Εἰς
2911 1386 2975 1439 τό
3007 1386 3178 1440 αὐτό.

2190 1479 2291 1543 Τίς
2327 1478 2455 1533 ποθ’
2480 1482 2507 1534 ὁ
2532 1479 2955 1550 πρεσϐυτέροισι
2991 1477 3165 1549 καλὴν
3197 1476 3467 1549 ἀρτύνατο
3494 1475 3675 1547 βουλὴν

2201 1572 2420 1637 Ἐσθλὺς
2444 1574 2604 1646 ἀνὴρ,
2644 1574 2887 1645 μεθέμεν
2922 1572 3266 1643 θεοκήρυκας
3296 1572 3412 1643 ὄρθ’
3432 1570 3733 1641 Mopsum;

2189 1666 2342 1736 Μηδὲ
2369 1666 2505 1720 Θεοῦ
2544 1665 2917 1738 προπάροιθεν
2947 1666 3226 1720 ἀτάσθαλα
3252 1664 3497 1718 δάκτυλα
3522 1664 3734 1731 τεὶνεινς

2114 1777 2156 1833 Β
2186 1760 2471 1833 Γαμαλιὴλ
2484 1760 2582 1826 ὅδ’,
2613 1761 2825 1834 ἄριστε,
2854 1760 3181 1831 φαρισσαῖος
3209 1756 3549 1829 νομομαθής.

2348 1877 2454 1940 Εἰς
2488 1874 2605 1945 τὴν
2632 1873 2898 1944 ἐκλογὴν
2935 1871 3055 1927 τῶν
3095 1872 3243 1927 ἑπτὰ
3280 1871 3596 1927 διακόνων.

2184 1967 2377 2030 Ἤλιος
2416 1966 2553 2033 ἅναξ
2581 1967 2722 2022 ἑπτὰ
2750 1966 2857 2021 τῶν
2891 1967 3295 2038 πλανωμένου-δ’
3328 1980 3329 1983 ‘

2183 2062 2457 2129 Στέφανος
2482 2061 2620 2128 ἄναξ
2645 2061 2789 2115 ἑπτὰ
2828 2059 2939 2115 τῶν
2970 2060 3247 2114 διακόνων
3268 2074 3281 2091 ⁶

2195 2154 2255 2205 '0
2292 2154 2388 2223 μὲν
2414 2153 2587 2223 τριῶν
2611 2152 2837 2224 υπερθε,
2869 2153 2966 2209 καὶ
2995 2152 3163 2223 τριῶν
3196 2153 3368 2221 κάτω,

2193 2247 2253 2301 '0
2277 2246 2335 2301 δὲ
2362 2246 2468 2319 πρὸ
2488 2246 2597 2300 τῶν
2622 2245 2683 2315 ἓξ
2711 2246 2956 2315 εὐλόγως
2985 2247 3340 2316 τεταγμένος.

2771 2364 2877 2430 Εἰς
2905 2363 2973 2417 τὸ
3002 2364 3174 2417 αὑτό.

2184 2456 2489 2528 Νικάνορα,
2515 2455 2793 2528 Πρόχορόν
2829 2472 2913 2521 τε,
2940 2456 3168 2528 Τίμωνά
3209 2474 3292 2521 τε,
3323 2456 3605 2513 Νικόλεὼν
3629 2473 3684 2513 τε

2186 2551 2482 2622 Παρμενᾶν
2512 2568 2595 2618 τε,
2628 2550 2900 2609 Φίλιππόν
2933 2568 3015 2617 τε,
3048 2552 3323 2621 Στέφανόν
3360 2569 3424 2606 τε
3461 2552 3667 2625 θεουδῆ,

2186 2645 2390 2699 Τούσδε
2420 2645 2627 2714 Πέτρος
2651 2644 2925 2716 προέταξε
2963 2645 3266 2717 διακριδὸν,
3298 2646 3449 2717 ὄφρα
3485 2647 3743 2718 τραπέζας

2191 2738 2416 2802 Πιστοῖς
2441 2739 2749 2809 άρτυνέωσι
2778 2738 3017 2810 διήκονοι
3048 2738 3231 2793 ἐσθλοὶ
3259 2738 3469 2805 ἐόντες.

2498 2856 2602 2923 Εις
2632 2855 2741 2910 τὸν
2777 2856 3078 2926 λιθασμὸν
3100 2854 3437 2924 Στεφάνου.

2187 2947 2443 3020 Χρυσοῢν
2469 2950 2497 3003 ό
2527 2949 2739 3022 μάρτυς
2764 2948 2860 3005 καὶ
2901 2948 3008 3020 πρὸ
3035 2949 3145 3003 τῶν
3172 2947 3338 3007 λίθων
3365 2948 3567 3020 στέφος
3588 2963 3604 2981 ο

2204 3041 2271 3099 Ἦ
2298 3043 2620 3115 λαμπρότης
2658 3042 2769 3115 γὰρ
2806 3041 3079 3115 μαρτυρεῖ
3104 3042 3208 3113 τῆς
3248 3040 3392 3106 ιδέας
3418 3057 3436 3074 ⁸

2181 3209 2391 3268 morte;
2424 3200 2633 3258 credite
2666 3202 2908 3271 tandem,
2937 3202 3236 3277 aliquando
3262 3205 3495 3276 perﬁdi;
3534 3205 3751 3263 surrexit

2179 3292 2450 3351 Christus.

2286 3411 2365 3468 De
2392 3410 2704 3468 Camalielis
2742 3415 2991 3481 consilio,
3010 3432 3116 3471 non
3144 3416 3529 3486 prohibendam
3555 3432 3662 3473 esse

2528 3494 2548 3553 θ
2584 3486 3015 3555 praedicationem
3072 3488 3361 3550 suadentis.

2252 3576 2382 3633 Sine
2413 3576 2559 3649 loqui
2587 3579 2880 3647 apostolos,
2909 3595 2941 3636 ο
2990 3580 3215 3646 nefarie,
3254 3581 3443 3652 igneas
3479 3580 3749 3638 circumfe—

2182 3680 2309 3727 runt
2358 3671 2605 3740 linguas;
2646 3674 2923 3736 horresce.
2980 3673 3071 3730 illo
3135 3676 3257 3744 igne
3308 3684 3483 3731 tostus
3518 3691 3620 3744 es;
3662 3689 3746 3730 nec

2179 3764 2326 3819 enim
2386 3780 2626 3836 unquam
2666 3765 2776 3821 Deo
2835 3767 3094 3822 reluctari
3142 3769 3319 3838 possis
3369 3788 3384 3825 :
3441 3772 3536 3840 qui
3592 3784 3622 3825 e
3668 3777 3746 3822 tuo

2179 3856 2408 3927 collegio
2436 3870 2519 3913 est
2545 3857 2829 3926 Gamaliel,
2855 3874 2953 3916 suo
2981 3871 3031 3916 te
3060 3874 3314 3918 sermone
3342 3865 3681 3934 persuadeat.

2836 3973 2904 4029 In
2942 3974 3101 4030 idem.

2252 4068 2384 4136 Quis
2419 4067 2701 4125 decentem
2749 4068 3061 4126 senioribus
3106 4071 3390 4141 proposuit
3439 4073 3744 4129 sententiam

2180 4162 2266 4217 vir
2296 4161 2516 4232 probus,
2550 4172 2609 4216 ut
2641 4161 2852 4217 divinos
2884 4163 2951 4217 ad
2985 4164 3091 4220 rite
3127 4164 3536 4234 prmtlicandum
3570 4166 3740 4234 dimit-

2180 4263 2298 4311 tant
2328 4256 2672 4327 interpretes,
2700 4271 2874 4327 neque
2907 4258 3172 4329 sacrilego
3205 4270 3392 4314 contra
3442 4260 3609 4315 Deum
3642 4259 3745 4314 nisu

2177 4348 2551 4405 Contendant?
2600 4348 2691 4405 Ille
2739 4351 2856 4420 ipse
2888 4347 3196 4406 Pharisaeus
3245 4359 3330 4406 est
3363 4351 3633 4408 Gamaliel
3661 4364 3742 4419 ap-

2179 4440 2354 4511 prime
2387 4441 2566 4514 legum
2600 4444 2827 4512 peritus,
2863 4445 3067 4514 optime
3101 4447 3294 4503 amice.

2439 4558 2518 4614 De
2548 4569 2740 4628 septem
2789 4560 3137 4615 diaconorum
3196 4560 3478 4616 electione.

2252 4670 2346 4728 Sol
2393 4681 2647 4742 septenos
2711 4672 2854 4728 inter
2902 4672 3147 4742 planetas
3223 4673 3531 4744 principem
3577 4671 3740 4729 locum

2180 4776 2347 4831 tenet,
2404 4766 2713 4834 Stephanus
2766 4766 2905 4821 inter
2961 4775 3169 4836 septem
3229 4767 3497 4823 diaconos
3560 4768 3739 4836 primas

2179 4872 2446 4930 occupat;
2483 4859 2571 4914 ille
2607 4860 2823 4928 quidem
2878 4868 2991 4913 tres
3041 4874 3274 4929 superne
3317 4859 3503 4927 habet,
3542 4860 3736 4916 totidem

2178 4954 2434 5019 inferne;
2493 4954 2580 5008 hic
2614 4967 2748 5013 vero
2795 4968 2961 5024 supra
2996 4967 3090 5007 sex
3122 4953 3386 5011 diaconos
3422 4954 3617 5015 merito
3643 4949 3738 5010 col-

2178 5048 2384 5105 locatus
2412 5058 2516 5103 est.

2831 5140 2895 5197 In
2928 5140 3090 5201 idem.

2250 5234 2601 5304 Nicanorem,
2632 5233 3301 5305 Prochorum,’l‘imonem
3356 5244 3413 5290 et
3456 5233 3730 5298 Nicolaum,

2179 5328 2529 5397 Parmenam,
2562 5327 2869 5398 Philippum
2902 5337 2957 5382 et
2995 5327 3146 5398 pium
3178 5326 3541 5398 Stephanum,
3592 5327 3680 5381 bos
3705 5338 3730 5376 ι

2179 5417 2377 5491 populo
2407 5429 2650 5475 secretos
2676 5409 3079 5488 ’praaordinavit
3110 5417 3325 5485 Petrus,
3369 5434 3479 5490 quo
3517 5429 3728 5481 mensas,

2180 5513 2233 5569 in
2274 5510 2636 5569 ministerium
2691 5512 3014 5568 diaconatus
3056 5511 3259 5580 electi,
3312 5513 3560 5570 fidelibus
3586 5523 3728 5582 appa-

2178 5613 2323 5674 rent.

2592 5697 2670 5754 De
2704 5697 2957 5769 Stephani
2997 5699 3348 5771 lapidatione.

2254 5810 2558 5883 Stephanus
2575 5812 2724 5883 prius
2739 5821 2859 5869 erat
2883 5828 3045 5871 aurea
3064 5828 3286 5883 corona,
3308 5830 3464 5885 quam
3491 5811 3719 5885 lapidibus

2181 5904 2577 5976 impeteretur;
2635 5905 2691 5964 id
2749 5907 2892 5978 quod
2937 5921 3002 5966 ex
3058 5907 3174 5978 ejus
3217 5908 3501 5979 prosiliens
3530 5910 3713 5975 aspectu
