3960 6288
262 409 405 475 1229

290 526 433 581 -Καὶ
459 524 654 599 λυγρὸν
685 518 777 599 ᾖσι
818 525 979 593 κόρης
1011 522 1343 593 ἀμφιθέοντσ.
1377 522 1540 592 μόρον

252 615 397 669 Ζωὸν
441 618 547 679 tot;
571 618 814 688 ἑτάροισι
848 616 1334 671 θαλασσοπόνοισιν
1356 616 1588 678 δπασας,

316 708 489 778 Χεῖρά
511 726 567 762 τε
597 711 689 771 καί
714 728 775 764 τε
800 710 921 763 νόον
945 711 1022 771 εἰς
1054 710 1215 762 πόλον
1237 710 1576 779 ἀμπετάσας.

231 802 442 872 Χαῖρε,
475 800 611 855 Θεοῦ
656 802 879 873 κραδίη,
914 800 1078 871 χαῖρ’,
1118 800 1406 871 οἰκτοσύνῃ
1438 801 1617 870 Πάτερ
1645 799 1823 865 ἐσθλέ,

245 986 404 1038 malis
455 999 701 1052 erueres,
752 983 1077 1039 horrendum
1128 983 1424 1054 vociferans
1480 989 1529 1035 et
1574 982 1818 1035 timorem

243 1076 483 1144 injicicns
513 1083 569 1128 ut
605 1077 668 1130 ab
700 1084 933 1130 extrema
967 1083 1205 1129 antenna
1228 1077 1283 1129 in
1305 1090 1490 1128 navem
1520 1072 1698 1143 lapsus
1733 1073 1821 1127 itiv

241 1169 383 1222 neris
436 1170 588 1223 sociis
641 1171 801 1223 vitam
852 1169 1165 1230 servaveris,
1221 1169 1467 1223 manibus
1529 1184 1591 1220 ac
1644 1177 1820 1219 mente

240 1264 404 1321 simul
449 1267 504 1320 in
557 1266 742 1322 calum
787 1268 1066 1339 porrectis.
1117 1264 1295 1331 Salve,
1350 1266 1444 1320 Dei
1485 1282 1597 1324 cor.
1644 1264 1814 1329 salve,

1416 408 1735 473 SCRIPTA
1786 407 2334 504 MISCELLANEA.

1850 531 1893 580 Α
1922 502 1926 504 ἡ
1993 519 2284 588 Σπλάγχνα
2308 516 2441 572 Θεοῦ
2471 498 2727 587 μερόπων
2746 515 2943 570 οὖνεκκ
2966 513 3351 585 πιμπράμενα.

3362 399 3496 465 1230

1927 616 2119 684 Χαῖρε,
2153 614 2248 668 καὶ
2280 611 2549 683 ὑμνητῆρι
2570 610 2702 673 Θεὸς
2728 610 2889 679 χάριν
2927 607 3101 677 ἀμφὶς
3132 607 3311 675 όπάζῃ

2004 708 2102 771 'E;
2134 724 2194 761 τε
2227 706 2417 777 ῥέοντα
2440 704 2590 759 κάτω
2620 701 2713 776 καί
2736 720 2794 757 τε
2828 703 3059 772 μένοντα
3092 700 3225 770 βίον.

1926 980 2087 1046 Pater
2105 979 2332 1051 piissime
2360 979 2448 1048 qui
2476 994 2569 1048 per
2591 975 3001 1031 misericordiam
3023 973 3319 1029 hominibus
3345 989 3491 1041 opem

1926 1075 2115 1130 tulisti.
2170 1072 2348 1137 Salue,
2407 1081 2457 1125 et
2501 1071 2768 1135 cantatori
2822 1068 2957 1123 Deus
3010 1069 3248 1139 gratiam
3300 1067 3389 1121 det
3436 1067 3492 1121 in

1924 1178 2206 1238 utramque
2231 1167 2413 1220 vitam.

1035 1634 1638 1727 ΘΕΟΔΩΡΟΥ
1712 1637 1941 1725 ΤΟΥ
2013 1634 2706 1727 ΠΡΟΔΡΟΜΟΥ

1705 1826 2044 1884 ΕΞΗῙἮΣΙΣ

912 1944 1025 2000 ΕΙΣ
1070 1943 1252 1999 ΤΟΥΣ
1322 1943 1418 1999 ΕΝ
1478 1941 1634 1998 ΤΑΙΣ
1710 1941 1939 2019 ιΕΡλιΣ
2014 1942 2475 1997 ΔΕΣΠΟΤΙΚΑΙΣ
2525 1942 2818 1997 ΕΟΡΤΔΙΣ

1452 2058 1916 2128 ΕΚΤΕΘΕΝΤΔΣ
1946 2056 2281 2114 ΚΑΝΟΝᾹΣ

541 2173 728 2229 ΠΔΡΔ
764 2173 902 2230 ΤΩΝ
926 2173 1133 2232 APION
1158 2176 1278 2232 ΚΑΙ
1299 2176 1521 2233 ΣΟΦΩΝ
1572 2174 1874 2233 ΠΟΙΗΤΩΝ
1914 2174 2160 2234 ΚΟΣΜΔ
2194 2174 2311 2231 ΚΔΙ
2338 2175 2646 2234 IQANNOY
2678 2156 3178 2236 ΔΑΜΑΣΚΗΝΘΥ.

1160 2511 1813 2608 -ΤΗΕΟΒΟΒΙ
1896 2512 2534 2659 ΡΒΟΒΒΑΟΜΙ

923 2714 1357 2779 EXPOSITIO
1395 2715 1783 2779 CANONUM
1826 2716 1909 2778 IN
1947 2717 2203 2780 FESTA
2242 2719 2772 2784 DOMINICALIA

1537 2835 2189 2901 CONSCRIPTORUM

554 2967 598 3028 Α
650 2964 981 3029 SANCTIS
1014 2966 1464 3042 DOCTISQUE
1495 2967 1776 3030 POETIS
1832 2967 2103 3031 COSMA
2150 2970 2252 3031 ET
2293 2971 2600 3036 JOANNE
2652 2975 3168 3040 DAMASCENO.

1466 3133 1605 3197 (MAI,
1638 3135 1811 3199 Spicil.
1845 3134 1989 3186 Rom.
2025 3140 2137 3186 tom.
2176 3136 2259 3198 ν.)

440 3441 755 3512 Προοίμιον
780 3442 929 3521 πρὸς
958 3442 1065 3496 τόν
1106 3441 1608 3511 Ὀρφανοτρόφον.

300 3538 551 3601 Ἔοικας,
586 3533 839 3607 ἄνθρωπε
862 3533 957 3587 τοῦ
988 3533 1145 3598 Θεοῦ,
1176 3533 1314 3605 πρὸς
1335 3534 1434 3604 τὴν
1461 3533 1570 3588 τῶν
1598 3534 1656 3589 ἐν
1681 3534 1803 3598 ταῖς

226 3632 590 3693 Δεσποτικαῖς
620 3630 715 3683 καὶ
761 3627 1118 3700 δημοτελέσιν
1150 3628 1367 3698 ἑορταῖς
1407 3627 1804 3700 μελουργηθέν-

224 3740 335 3777 των
367 3721 629 3795 ᾀσμάτων
658 3723 772 3783 τοῖς
807 3722 969 3789 ἱεροῖς
1021 3720 1251 3783 ἐκείνοις
1281 3719 1510 3791 ἀνδράσι
1544 3721 1639 3774 καὶ
1666 3720 1803 3774 Ozo-

226 3819 430 3887 φήταις
455 3815 549 3869 τοῦ
592 3813 929 3883 Πνεύματος,
961 3814 1111 3882 ἡμᾶς
1134 3812 1394 3883 ἐξήγησιν
1424 3814 1802 3885 προκαλούμεο

224 3926 337 3972 νος,
367 3907 642 3976 ,ἄντικρυς
696 3905 921 3959 ἐκείνων
963 3904 1065 3975 τῆς
1113 3905 1478 3975 εὐαγγελικῆς
1509 3907 1604 3960 καὶ
1654 3905 1804 3969 θείας

226 4001 541 4071 παραϐολῆς
597 3997 1012 4071 ἐξεργάζεσθαι,
1048 3998 1141 4050 καὶ
1179 3998 1334 4067 παρὰ
1362 3997 1577 4052 δεῖπνον
1620 3998 1803 4051 καλεῖν

225 4112 297 4166 με
326 4092 580 4165 λαμπρὸν
629 4092 764 4161 όμοῦ
801 4092 901 4147 κοιλ⁹
950 4091 1246 4161 βασιλικὸν,
1296 4091 1551 4162 εὐπρεπῆ
1598 4092 1801 4162 προϐε⁴

223 4186 495 4262 ϐλημένον
528 4186 704 4240 πάντα
733 4186 841 4239 τῶν
889 4186 1167 4256 ἐδωδίμων
1218 4185 1287 4238 τὰ
1338 4185 1621 4240 κάλλιστα.
1659 4185 1801 4262 Μαί-

221 4259 415 4334 νεσνθαι
445 4278 537 4333 οῦν
572 4278 639 4333 ἂν
687 4278 912 4342 εἰκότως
953 4279 1168 4351 δοκοίην
1211 4279 1257 4331 εἰ
1312 4278 1402 4332 διὰ
1450 4278 1623 4349 ζεύγη
1657 4259 1796 4348 βοῶν

219 4374 407 4445 τυχὸν,
444 4372 563 4427 εἴτε
600 4374 855 4441 γυναῖκα,
890 4372 1000 4433 εῐτε
1054 4370 1224 4441 ἀγρὸν
1254 4370 1396 4424 κατὰ
1443 4372 1569 4435 τοὺς
1596 4370 1795 4443 λήρους

218 4467 470 4530 ἐκείνους
503 4467 600 4520 καὶ
630 4464 1005 4535 μισοδείπνους
1029 4463 1100 4518 τὰ
1140 4465 1280 4527 θεῖα,
1311 4464 1581 4535 τοσαύτης
1613 4463 1800 4535 χλιδῆς

219 4560 321 4615 καὶ
345 4558 580 4630 τρυφῆς,
610 4559 705 4612 καὶ
726 4557 1063 4627 τηλικαύτης
1094 4556 1414 4623 πανδαισίας
1451 4557 1557 4622 ἔξω
1581 4557 1795 4629 βάλοιμι

217 4650 463 4721 ἐμαυτόν
488 4667 503 4682 ⁸
544 4652 639 4704 καὶ
672 4650 747 4721 μὴ
780 4651 946 4719 μόνον
990 4650 1243 4719 τοιαύτης
1276 4650 1579 4722 ἀμϐροσίας
1610 4654 1766 4720 πεινή

509 4828 841 4887 Prooemium
869 4826 935 4883 ad
957 4826 1502 4897 Orphanotrophum.

305 4927 532 4991 Videris,
561 4925 837 4981 homo-Dei
864 4962 879 4985 ,
911 4940 1004 4977 nos
1034 4924 1327 4986 exhortari,
1361 4931 1416 4976 ut
1447 4923 1691 4977 carmina
1739 4922 1796 4975 in

214 5013 367 5093 festis
403 5018 693 5073 Dominicis
719 5036 749 5071 a
793 5016 917 5069 viris
935 5019 1133 5068 sanctis
1171 5024 1218 5067 et
1250 5012 1477 5085 Spiritus
1505 5016 1676 5068 sancti
1702 5031 1796 5067 sa-

209 5112 515 5167 cerdotibus
578 5113 866 5164 decantata
925 5124 1248 5178 exponamus
1278 5149 1290 5169 ,
1336 5107 1795 5179 quandoquidem,

210 5203 577 5275 evangelicum
610 5213 655 5256 et
700 5203 940 5255 divinam
991 5198 1306 5268 parabolam
1345 5200 1398 5253 in
1426 5217 1553 5270 opus
1584 5216 1798 5265 vocans,

208 5301 286 5355 ad
320 5316 523 5355 canam
558 5298 813 5353 celebrem
849 5314 909 5350 ac
944 5297 1165 5365 regiam,
1216 5313 1433 5364 quicque
1470 5296 1642 5349 cibum
1680 5312 1797 5350 om-

209 5397 369 5449 nium
398 5395 631 5447 maxime
655 5393 921 5462 egregium
949 5393 1119 5460 oﬂ'ert,
1154 5405 1233 5441 me
1272 5390 1499 5442 invitare
1536 5389 1796 5458 dignaris.

208 5487 401 5551 Quare
435 5488 613 5556 utique
635 5486 946 5548 insanirem,
985 5485 1029 5535 si
1084 5484 1232 5536 boves
1273 5491 1492 5551 eruptos,
1528 5487 1621 5533 aut
1665 5494 1798 5531 uxo-

208 5593 331 5631 rem
385 5593 552 5647 nuper
577 5576 811 5640 ductam,
859 5583 951 5628 aut
986 5591 1175 5644 agrum
1213 5581 1528 5642 coemptum,
1570 5578 1629 5624 ut
1660 5571 1797 5640 [ece—

207 5679 343 5724 runt
385 5669 470 5724 illi
522 5668 615 5722 Dei
666 5683 862 5732 osores,
893 5676 1209 5736 prmtcxens,
1241 5665 1306 5716 de
1332 5680 1486 5717 sacro
1531 5662 1626 5715 illo
1667 5677 1794 5715 con-

206 5762 351 5820 vivio
381 5780 464 5817 me
502 5762 851 5817 excluderem.
883 5760 1136 5828 Sic_enim
1180 5776 1284 5813 non
1309 5758 1481 5812 solum
1519 5756 1795 5811 ambrosia

210 5842 631 5928 participatione
678 5870 757 5909 me
803 5836 1099 5925 privarem,
1153 5851 1243 5907 sed
1283 5849 1649 5906 inobedientiw
1693 5851 1796 5903 cri-

1835 3451 1878 3507 B
1911 3461 2091 3516 σαιμι,
2139 3444 2275 3498 ἀλλὰ
2319 3446 2414 3499 καὶ
2443 3446 2699 3504 ὑπόδικον
2739 3451 2976 3521 ἐμαυτὸν
3026 3458 3147 3520 ταῖς
3192 3459 3351 3529 ἀραῖς
3388 3463 3486 3533 τῆς

1908 3536 2190 3601 ἀπειθείας
2225 3542 2687 3626 καταστησαίμην
2712 3559 2726 3575 ·
2759 3544 2791 3615 ἢ
2822 3546 2954 3616 ἐμοῦ
2993 3549 3130 3618 πρὸς
3167 3552 3265 3622 τὴν
3288 3556 3485 3626 κλῆσιν

1910 3629 2326 3717 ἀφηνιάζοντος,
2349 3625 2394 3685 ὦ
2420 3633 2680 3704 μακάριε,
2707 3636 2801 3689 καὶ
2824 3640 2907 3703 τδ,
2938 3640 3157 3712 Ἐρωτῶ
3180 3661 3261 3709 σε,
3300 3625 3487 3717 λέγον-

1908 3734 2020 3781 τος,
2047 3718 2138 3789 ἔχε
2180 3737 2245 3791 με
2292 3727 2699 3794 παρῃτημένον,
2761 3727 3061 3798 ἀπορήσεις
3100 3732 3333 3803 πτωχῶν
3388 3740 3485 3792 καὶ

1910 3812 2211 3883 ἁναπήρων
2241 3815 2335 3867 καὶ
2382 3814 2575 3885 χωλῶν
2626 3819 2721 3872 καὶ
2764 3822 3005 3891 τυφλῶν,
3042 3822 3138 3889 οὓς
3164 3826 3281 3880 ἀνθ’
3326 3830 3485 3900 ἡμῶν

1911 3905 2165 3970 καλέσεις
2195 3909 2275 3971 είς
2306 3909 2647 3981 ἑστιατόριον
2673 3926 2689 3976 ;
2725 3912 2835 3965 Καὶ
2868 3914 2976 3987 μὴν
3015 3917 3228 3972 πολλῶν
3258 3937 3341 3974 σοι
3373 3940 3483 3977 τοι-

1910 3998 2081 4052 ούτων
2115 4002 2143 4054 ὁ
2174 4001 2366 4070 παρὼν
2396 4003 2683 4072 περίϐολος
2729 4004 3209 4079 ὐπερπέπλησται,
3237 4012 3313 4077 ὡς
3346 4016 3481 4084 μηδὲ

1906 4094 1973 4149 ἄν
1996 4111 2076 4148 σοι
2102 4093 2347 4167 δεήσειεν
2374 4099 2451 4160 είς
2472 4098 2570 4162 τὰς
2594 4098 2851 4165 πλατείας
2874 4103 2969 4156 καὶ
2994 4104 3175 4175 ῥύμας
3200 4108 3481 4163 ἐπελθόντι

1907 4187 2003 4257 τῆς
2034 4189 2264 4253 πόλεως,
2290 4188 2521 4245 καλέσαι
2552 4192 2777 4256 τούτους
2821 4195 2945 4258 τοὺς
2980 4197 3300 4269 ἀναπήρους
3323 4215 3339 4232 ⁶
3363 4202 3480 4255 ἀλλ’

1904 4278 2185 4351 ὑπηχῆσαι
2218 4280 2376 4351 μόνον
2402 4282 2463 4335 τὸ
2504 4282 3016 4356 δειπνοκλητήριον,
3045 4289 3140 4341 καὶ
3172 4291 3295 4353 τοὺς
3337 4291 3479 4345 κατά

1906 4373 2076 4444 φυλὰς
2113 4374 2209 4427 καὶ
2238 4374 2420 4447 σμήνη
2455 4378 2592 4447 πρὸς
2613 4377 2711 4448 τὴν
2747 4379 2941 4448 κλῆσιν
2971 4380 3169 4442 αὐτίκα
3202 4386 3480 4456 συνερρω-

1906 4466 2061 4533 γέναι
2087 4481 2103 4497 ⁸
2135 4465 2329 4520 οὐκοῦν
2360 4469 2539 4521 πᾶσαν
2568 4470 2665 4540 τὴν
2695 4470 2794 4541 ῆδη
2828 4472 3102 4541 πρόφασιν
3128 4475 3311 4545 ἔρρειν
3350 4476 3477 4542 ἑῶν,

1906 4559 1935 4612 ό
1953 4552 2203 4614 τακτύσω
2235 4576 2318 4613 σοι
2340 4562 2420 4631 τῷ
2448 4562 2705 4617 καλοῦντι
2733 4579 2749 4595 ο
2781 4563 2963 4618 λαϐὼν
2991 4565 3163 4634 ἄγαγέ
3211 4585 3280 4637 με
3328 4574 3480 4641 παρὰ

1905 4650 1966 4702 τὺ
1990 4651 2209 4705 δεῖπνον
2234 4654 2332 4706 καὶ
2362 4653 2649 4707 ἀνάκλινον
2670 4655 2817 4719 ὅπως
2845 4657 2952 4726 ἄρα
2985 4657 3079 4711 καὶ
3106 4656 3313 4728 βούλοιο
3337 4678 3352 4692 ο
3385 4665 3478 4716 καὶ

1822 4830 1868 4893 ρ
1904 4830 2059 4882 minis
2085 4847 2165 4884 me
2194 4847 2341 4886 reum
2377 4834 2625 4905 facerem.
2658 4836 2798 4903 Quid
2820 4833 2959 4895 enim
2978 4842 3004 4896 ?
3030 4840 3089 4897 Si
3113 4844 3473 4900 invitationem

1902 4936 2199 4976 recusarem
2234 4942 2316 4991 ac,
2350 4924 2673 4983 Excusatum
2709 4948 2790 4985 me
2827 4933 2980 4999 habe,
3015 4937 3261 5000 dicerem,
3304 4955 3477 4993 nonne

1901 5020 1978 5077 tu,
2016 5016 2098 5069 vir
2127 5017 2292 5081 beate,
2322 5035 2606 5090 pauperes,
2656 5022 2897 5089 claudos,
2929 5044 3092 5083 ca'cos
3128 5032 3229 5084 mei
3259 5030 3370 5084 loco
3406 5033 3477 5086 ad

1899 5124 2111 5162 sacrum
2139 5113 2432 5167 convivium
2487 5118 2747 5172 vocares?
2778 5117 2904 5174 lam
2949 5138 3069 5176 vero
3107 5133 3246 5177 certe
3290 5126 3475 5179 domus

1904 5211 1995 5255 tua
2045 5203 2237 5259 talibus
2281 5207 2480 5277 repleta
2536 5211 2656 5276 erit,
2706 5212 2783 5266 ita
2827 5225 2879 5267 ut
2914 5230 3043 5284 Opus
3075 5205 3166 5271 tibi
3201 5234 3305 5272 non
3340 5220 3476 5289 [oret

1902 5296 1956 5347 in
1988 5296 2219 5365 compita
2256 5304 2305 5349 et
2348 5300 2484 5353 vicos
2537 5301 2764 5357 civitatis
2803 5305 3018 5374 prodire
3074 5315 3124 5359 et
3172 5311 3475 5379 peregrinos

1897 5388 2144 5443 invitare.
2182 5388 2274 5443 Ubi
2302 5391 2531 5457 primum
2577 5394 2715 5447 enim
2762 5397 2832 5449 ad
2863 5412 3103 5452 mensam
3149 5409 3297 5456 tuam
3321 5419 3474 5457 voca-

1897 5482 2054 5540 veris.
2089 5480 2374 5536 multitudo
2399 5500 2462 5537 ac
2484 5486 2639 5540 turba
2664 5496 2715 5539 te
2751 5489 2951 5545 audiet.
2986 5491 3159 5563 Igitur
3198 5495 3332 5550 citra
3362 5512 3477 5551 om-

1899 5590 2018 5628 nem
2049 5585 2363 5645 prtetextum
2391 5593 2567 5631 vocem
2594 5587 2742 5633 tuam
2787 5583 3089 5638 aeaudium.
3140 5583 3276 5640 Veiis
3313 5588 3477 5660 igitur

1901 5668 1970 5719 ad
1996 5684 2199 5727 canam
2223 5686 2303 5723 me
2326 5670 2681 5735 introducere,
2709 5682 2757 5726 et
2784 5671 2978 5739 locum,
3002 5693 3155 5746 quem
3193 5679 3354 5741 voles,
3383 5700 3475 5736 as-

1901 5758 2136 5829 signare.
2178 5758 2563 5818 ﬂanducemus
2595 5780 2787 5832 panem
2815 5766 3068 5822 cwlestem
3095 5779 3143 5823 et
3181 5772 3497 5842 angelicum.

1904 5852 1973 5904 hu
1987 5867 2145 5906 mana
2226 5867 2357 5919 ore;
2388 5859 2438 5905 et
2465 5851 2550 5908 ubi
2581 5861 2771 5911 taurus
2802 5867 2894 5916 aut
2929 5859 3122 5916 vitulus
3153 5847 3481 5933 evangelicus
