4044 6284
510 351 643 416 1231

1723 348 2122 412 THEODORI
2181 351 2586 415 PRODROMI

3635 353 3750 418 1282

505 462 814 534 δειπνῶμεν
840 462 910 514 τὰ
955 459 1278 532 ἐπουράνια,
1308 459 1407 516 ,καὶ⁸
1445 458 1607 530 ἄρτον
1652 458 1902 528 ἀγγέλων
1932 459 2081 528 τρώ·
2108 466 2158 528 Α
2187 464 2370 519 κανὼν
2402 464 2862 536 ὐπερπέπλησται
2889 481 2904 498 ο
2941 467 3034 519 καὶ
3069 464 3208 534 τάχα
3255 463 3320 518 ἂν
3360 464 3453 519 καὶ
3508 484 3748 537 προκατεσ

505 573 698 629 γωμεν
723 556 1003 628 ἄνθρωποι
1030 572 1044 586 °
1077 554 1180 609 κᾶν
1205 555 1283 616 τίς
1315 570 1415 605 που
1448 554 1542 606 καὶ
1567 552 1764 624 ταῦρος
1791 553 1824 622 ἢ
1853 553 2090 604 σιτιστὸν

507 650 867 719 ιύαγγελικὸν
896 651 964 718 τῇ
993 647 1240 722 τραπέζῃ
1291 645 1741 714 συμπαρακέοιτο
1767 662 1779 674 ·
1817 645 2089 713 στρυφνόν

509 760 667 812 τερος
701 743 850 811 λέγω
878 740 1002 801 νοῦς
1037 741 1072 808 ἢ
1106 738 1249 802 λέξις
1279 738 1701 807 γλαφυρωτέρα,
1735 734 2090 806 ἰσχυροτέρας

508 839 608 905 τῆς
642 834 1051 906 διαμασήσεως,
1080 832 1113 902 ἣ
1142 832 1240 900 τῆς
1273 831 1522 901 ἀλήσεως
1562 829 1858 900 χρῄζοντα,
1893 831 2093 898 διαμα-

511 928 735 999 θώμεθα
760 944 772 956 ·
807 929 898 980 καὶ
929 925 1105 980 ταῦτα
1131 923 1240 994 γὰρ
1267 921 1409 977 κατὰ
1433 920 1492 974 τδ
1525 920 1828 992 ἐγχωροῦν,
1855 920 1949 973 καὶ
1978 920 2095 982 τοῖς

506 1023 748 1091 λογικοῖς
805 1019 1062 1089 μυλίταις
1127 1017 1444 1088 ἁλήθωμεν,
1500 1014 1567 1068 ἵν’
1618 1013 1814 1080 οὕτως,
1868 1014 1918 1066 εἰ
1972 1013 2090 1082 δοίη

506 1117 664 1180 Θεὸς,
697 1115 1076 1186 ἀληλεσμένην
1129 1113 1229 1184 τὴν
1261 1111 1468 1182 τροφὴν
1511 1111 1625 1174 τοῖς
1675 1108 2096 1178 ἐντυγχάνουσιν

511 1209 914 1279 ἑκπορίσωμεν.

593 1302 854 1373 Ἀρκτέον
881 1299 937 1354 δέ
970 1315 1159 1368 φασιν,
1188 1296 1312 1350 ὅθεν
1343 1295 1607 1366 ἄρχεσθαι
1643 1295 1866 1366 ἄμεινον
1889 1311 1903 1326 ⁶
1937 1296 2095 1366 ἄμει-

513 1415 604 1450 νον
641 1395 698 1447 δὲ
736 1394 815 1464 τῷ
851 1391 1173 1460 ὲνιαυσιαίῳ
1209 1389 1394 1458 κύκλῳ
1426 1390 1814 1460 συνάρχεσθαι,
1847 1393 1940 1443 καὶ
1968 1388 2094 1442 τού-

512 1507 607 1543 του
645 1484 1093 1558 συμπεριοδεύειν
1121 1484 1453 1555 ὑψηλότερον
1482 1483 1746 1547 ζωδιακὸν
1771 1482 1971 1536 κύκλον
1997 1485 2095 1550 τῆς

511 1583 621 1637 τῶν
653 1578 1001 1634 Δεσποτικῶν
1033 1578 1275 1632 κανόνων
1307 1576 1573 1647 ἀκριϐοῦς
1601 1575 1915 1650 ἐξηγήσεως
1946 1591 1959 1605 ο
1994 1576 2095 1628 κά-

513 1676 669 1743 πειδὴ
699 1673 790 1726 τὸν
816 1672 1033 1742 πρῶτον
1069 1673 1214 1742 μῆνα
1257 1669 1358 1739 τῆς
1389 1667 1738 1729 ἐνιαυσιαίας
1789 1669 2095 1736 περιφορᾶς

511 1770 544 1839 ἡ
587 1769 685 1836 τῆς
735 1765 1038 1836 σταυρικῆς
1079 1763 1345 1833 ὐψώσεως
1376 1760 1708 1830 καθαγιάςει
1759 1765 2094 1830 πανήγυρις,
2127 1760 2146 1783 "

2146 1901 2148 1904 _
2198 1856 2331 1927 γὰρ,
2369 1857 2558 1927 φησιν,
2594 1875 2611 1910 ι
2646 1856 2955 1926 ιρεύξεται,
2987 1856 3082 1919 καὶ
3112 1855 3195 1918 τίς
3219 1855 3281 1908 οὐ
3313 1853 3683 1923 φοϐηθήσεται
3708 1870 3721 1918 ;
3749 1873 3764 1904 ι

514 1860 586 1914 τὰ
612 1858 709 1912 ἐπὶ
736 1857 906 1929 ταύτῃ
935 1856 1383 1928 μελουργηθιντα
1412 1858 1481 1927 τῇ
1515 1854 1610 1922 τοῦ
1638 1854 1927 1919 θεσπεσίου
1953 1854 2096 1925 MP?

512 1952 711 2020 Κοσμᾶ
752 1948 1189 2020 προεξηγὼμεθα
1225 1945 1514 2017 κρούματα
1540 1963 1555 1978 ·
1591 1947 1797 2016 πολλὴν
1844 1946 1944 2016 μὲν
1985 1947 2094 2018 γὰρ

511 2044 606 2098 καὶ
653 2043 754 2113 τὴν
809 2043 1053 2112 ἱστορίαν
1084 2041 1111 2092 ὁ
1146 2041 1288 2103 θεῖος
1325 2033 1482 2102 οὗτος
1515 2038 1595 2109 τῷ
1651 2040 1873 2119 μεγάλῳ
1907 2040 2093 2092 κανόνι

510 2136 669 2205 εἴπερ
701 2151 783 2195 τις
839 2133 996 2196 ἄλλος
1049 2131 1460 2204 προϐέϐληται·
1512 2129 1716 2200 πολλὴν
1761 2131 1818 2184 δὲ
1871 2134 1964 2183 καὶ
2018 2131 2095 2200 τῷ

509 2228 780 2299 ποιητικῷ
813 2227 913 2296 τῆς
963 2227 1160 2292 λέξεως
1213 2224 1706 2296 ὲνυποκαθημένην
1758 2223 1873 2296 ἔχει
1927 2224 2097 2277 δεινός-

508 2338 651 2391 τητα
674 2337 688 2350 ·
725 2321 817 2373 καὶ
867 2317 968 2373 οὐκ
1015 2318 1080 2372 ἀν
1108 2335 1194 2382 τις
1240 2317 1459 2373 δύναιτο
1489 2316 1689 2390 ῥᾳδίως
1731 2317 1880 2386 αὐτῷ
1911 2333 2094 2387 παραιο

509 2412 808 2478 ηλουθεῖν,
846 2411 921 2483 μὴ
944 2411 1068 2481 οὐχὶ
1097 2414 1239 2466 πάνυ
1270 2411 1540 2481 τρόφιμος
1571 2409 1649 2468 ὣν
1677 2410 1903 2480 ἁπάσης
1937 2411 2094 2480 ἱερᾶς

513 2506 755 2575 ἱστορίας
785 2504 884 2574 τῆς
923 2502 1302 2576 πρεσϐυτέρας
1342 2502 1459 2573 ἅμα
1506 2504 1601 2557 καὶ
1635 2503 1935 2572 νεωτέρας.
1968 2502 2094 2556 Ἐν-

510 2593 700 2649 τεῦθεν
729 2590 823 2649 οὖν
850 2594 1082 2664 ἀρκτέον
1123 2595 1217 2648 τοῦ
1242 2594 1652 2666 ἐγχειρήματος
1675 2632 1692 2658 ,
1726 2595 1822 2648 καὶ
1865 2593 1934 2656 ’ςᾷ
1960 2595 2095 2654 ὑπο-

510 2687 786 2750 δυσκόλως
815 2696 935 2750 πως
973 2685 1267 2755 εἰρηθέντα
1296 2687 1352 2739 ἐν
1380 2686 1532 2755 αὐτῲ
1559 2687 1927 2756 διασαφητέον
1953 2702 1968 2716 ’
1999 2687 2095 2741 καὶ

512 2779 689 2844 ἄλλως
741 2779 853 2850 γὰρ
907 2779 1114 2850 ἀθυμόν
1161 2782 1278 2832 ἐστι
1332 2781 1443 2842 τοῖς
1498 2779 1779 2832 εὐσεϐέσιν
1813 2780 1945 2850 ἡμῖν
2002 2781 2097 2833 καὶ

511 2873 673 2946 νόμος
703 2867 815 2927 οἷον
843 2873 1312 2944 ἀπαραχάρακτος
1336 2874 1402 2926 ὲκ
1428 2871 1536 2925 τῶν
1563 2873 1819 2941 πατέρων
1843 2874 1970 2944 ἄχρι
1997 2873 2095 2927 καὶ

510 2965 670 3035 ἡμῶν
695 2965 914 3029 διαϐὰς,
949 2965 1123 3038 ἀρχὴν
1170 2966 1370 3029 παντὸς
1405 2969 1732 3036 γράμματος
1775 2968 1835 3018 τὸ
1863 2983 2097 3039 σωτηρι-

511 3059 608 3113 κδν
639 3058 911 3113 ποιεῖσθαι
961 3061 1210 3131 σημεῖον,
1241 3057 1317 3122 ὼς
1358 3057 1424 3112 ἂν
1456 3059 1668 3112 ἐκεῖθεν
1719 3058 2091 3130 βοηθουμένου
2120 3060 2163 3116 C

510 3151 604 3206 τοῦ
633 3154 964 3222 γράφοντος,
1010 3150 1253 3214 εὐπετῶς
1296 3150 1379 3204 ὅτι
1421 3150 1570 3223 μάλα
1602 3153 1695 3206 καὶ
1740 3151 2092 3223 ἁπροσώπως

511 3247 545 3312 ἡ
584 3243 759 3315 γραφὴ
783 3241 1102 3297 διανεύοιτο.
1147 3241 1288 3294 Ἀλλ’
1325 3242 1611 3306 εὐσεϐείας
1640 3243 1950 3314 προφθάνει
1993 3244 2090 3299 τοῦ

515 3336 714 3409 μέλους
753 3337 787 3407 ἠ
823 3336 984 3410 χάρις
1026 3334 1123 3389 καὶ
1156 3335 1506 3405 προαρπάζει
1545 3353 1646 3404 μου
1681 3337 1781 3404 τὴν
1807 3335 2050 3394 διάνοιαν
2076 3353 2090 3367 ο

2198 559 2592 630 μουσούργησα
2612 557 2709 626 τὴν
2736 559 3015 629 ἐξήγησιν,
3048 561 3098 612 εἰ
3129 558 3203 629 μὴ
3237 559 3487 629 περιττός
3511 577 3589 622 τις
3614 560 3756 630 ἔμελε

2192 652 2284 706 λον
2318 652 2468 717 δόξαι
2499 653 2596 706 καὶ
2628 653 2814 723 μεῖζον
2844 653 2937 705 τοῦ
2975 652 3137 721 ἔργου
3176 652 3447 705 ποιεῖσθαι
3474 653 3534 705 τὸ
3563 655 3755 725 πάρερο

2193 762 2291 814 γον
2320 763 2331 775 ·
2389 745 2584 815 γυμνῷ
2633 745 2767 814 γοῦν
2827 750 2969 798 κατὰ
3021 746 3083 798 τὸ
3137 743 3417 816 ἐγχωροῦν
3462 743 3540 814 τῷ
3588 747 3757 799 κανόνι

2196 837 2540 908 ἑπιϐλτετέον.
2576 838 2671 891 καὶ
2713 839 2889 907 τούτῳ
2948 839 3368 908 ὑποκαθήμενον
3424 837 3596 909 τούτῳ
3646 838 3756 890 νοῦν

2196 933 2635 1003 διερμηνευτέον,
2664 933 2764 1001 τῆς
2790 950 2848 985 τε
2875 931 3074 996 λέξεως
3098 933 3159 984 τὸ
3188 932 3558 1000 ἀπεξεσμένον
3585 949 3764 1002 στρογο

2197 1024 2495 1089 γύλ).οντας
2526 1023 3003 1093 περισμιλευτέον.
3049 1024 3196 1076 Ἔδει
3241 1023 3338 1093 μὲν
3373 1022 3463 1076 οὖν
3516 1026 3641 1094 περὶ
3675 1026 3764 1094 τῆς

2194 1116 2291 1169 τοῦ
2352 1115 2514 1168 αὐτοῦ
2564 1118 2787 1178 κανόνος
2853 1117 3231 1187 ἀκροστιχίδος
3291 1115 3508 1188 πρῶτον
3563 1119 3762 1169 εἰπεῖν’

2197 1191 2383 1278 ἐπειδὴ
2417 1207 2644 1278 οὐδεμία
2681 1213 2738 1261 ὲν
2771 1209 2910 1279 αὐτῇ
2959 1211 3108 1261 ἐστιν
3143 1209 3405 1277 ἀσάφεια,
3452 1211 3595 1261 κατὰ
3629 1207 3763 1278 ῥῆμα

2201 1301 2363 1372 μόνον
2396 1303 2602 1370 ταύτην
2625 1302 2989 1372 προεκθετέον
3009 1320 3022 1332 ·
3059 1300 3281 1372 σταυρῷ
3307 1300 3579 1363 πεποιθὼς
3613 1299 3766 1366 ὐμνον

2200 1392 2561 1464 ἑξερεύγομαι
2586 1409 2599 1422 ⁸
2633 1394 2839 1456 δίκαιος
2868 1392 2945 1446 ὢν
2972 1394 3046 1456 ὡς
3076 1391 3245 1455 ὄντως
3277 1394 3306 1446 ὁ
3341 1393 3599 1464 μεὶῳδος,
3635 1394 3768 1444 εἰκό-

2200 1499 2306 1546 τως
2331 1485 2425 1536 καὶ⁵
2451 1482 2524 1544 ὡς
2544 1482 2682 1535 λέων
2709 1483 2958 1547 πέποιθε,
2989 1484 3130 1536 κατὰ
3161 1482 3261 1552 τὴν
3288 1483 3547 1552 Γραφὴν,·
3563 1483 3652 1538 καὶ
3681 1500 3766 1536 πε-

2199 1576 2466 1642 ποιθότως
2501 1577 2590 1631 τὸν
2637 1574 2805 1647 ὕμνον
2844 1575 2941 1629 τοῦ
2989 1573 3227 1642 σταυροῦ
3276 1592 3444 1644 φησιν
3495 1575 3768 1645 ἐξερεύγε-

2202 1668 2345 1734 σθαι,
2372 1671 2473 1723 οὐκ
2499 1669 2606 1724 ἀπὸ
2632 1670 2732 1740 τῆς
2758 1668 3182 1740 περιπαθήσεως
3215 1668 3404 1739 μόνης,
3433 1667 3570 1721 ἀλλὰ
3594 1667 3656 1737 δὴ
3683 1670 3769 1719 καὶ

2199 1763 2308 1815 ἀπὸ
2334 1761 2434 1831 τῆς
2481 1762 2708 1832 ὲρυγῆς,
2746 1761 2937 1814 λέοντα
2981 1760 3199 1826 δεικνὺς
3237 1761 3433 1814 ἑαυτόν
3459 1777 3474 1788 ·
3516 1780 3535 1812 ι
3571 1761 3716 1814 Λέων
3749 1780 3766 1812 ι

2198 1948 2366 2033 Πλὴν,
2410 1941 2454 2020 ᾧ
2499 1946 2773 2016 θαυμάσιε
2822 1945 3159 2016 μουσουργὲ,
3195 1945 3304 1997 τῶν
3356 1944 3456 2013 μὲν
3492 1943 3770 2012 λεόντωνή

2198 2039 2372 2116 ἔρυγὴ
2410 2039 2832 2110 καταπληκτική
2871 2039 2932 2090 τέ
2965 2039 3115 2091 ἑστιν
3142 2038 3233 2089 καὶ
3267 2036 3517 2108 ἐκμανὴς
3546 2036 3638 2088 καὶ
3664 2036 3775 2088 δνσ-

2198 2122 2518 2202 δεωστάτη·
2554 2129 2590 2185 ἃ
2619 2131 2677 2184 δὲ
2723 2131 2788 2183 σὺ
2839 2129 3107 2203 ἑξερεὺγῃ
3163 2130 3300 2198 πρὸς
3347 2128 3521 2197 δμνον
3568 2128 3654 2181 τὸν
3689 2126 3771 2180 τοῦ

2201 2223 2463 2294 σταυροῦ,
2487 2224 2549 2276 τὸ
2589 2223 2834 2276 ἐναντίον
2864 2223 3013 2278 ἅπαν
3057 2223 3396 2293 χαριέστατα
3423 2238 3486 2273 τε
3522 2221 3617 2274 καὶ
3652 2238 3771 2289 μου·

2201 2315 2502 2380 σικώτατα,
2558 2318 2654 2370 καὶ
2699 2315 2932 2368 εὐωδίαν
2980 2314 3359 2386 πνευματικὴν
3417 2315 3776 2367 ἀποπνέοντα.

2198 2411 2419 2478 Μῄποι’
2453 2408 2549 2468 οὖν
2580 2412 2756 2463 ἐκεῖνο
2809 2408 3010 2477 μᾶλλον
3041 2407 3100 2460 τὸ
3145 2407 3406 2478 ψαλτικδν
3443 2406 3679 2476 ἁρμόσει
3705 2421 3776 2458 σοι

2201 2501 2340 2569 πρὸς
2361 2499 2460 2562 τὰς
2481 2499 2708 2568 ὲρυγάς,
2734 2498 2817 2563 τὸ,
2834 2497 3197 2569 Ἐξηρεύξατο
3225 2497 3478 2569 ήκαρδία
3503 2515 3607 2566 μου
3637 2497 3778 2564 λόγον

2199 2596 2448 2667 ἀγαθόνς
2488 2598 2600 2653 Καὶ
2635 2595 2778 2657 πάνυ
2815 2595 2918 2663 μὲν
2945 2593 3037 2650 οὖν
3060 2608 3073 2621 ⁸
3107 2592 3224 2646 ἀλλ’
3269 2593 3368 2663 ἤδη
3402 2593 3502 2645 καὶ
3528 2594 3688 2662 ἡμεῖς
3709 2590 3778 2659 τῷ

2201 2685 2422 2758 σταυρῴ
2472 2687 2799 2749 πεποιθότες
2849 2686 2942 2739 τοῦ
2975 2685 3152 2754 ὕμνου
3207 2683 3301 2736 τοῦ
3337 2684 3644 2756 σταυρικού
3692 2683 3778 2752 τὴν

2197 2783 2460 2852 ἐξήγησιν
2491 2780 2876 2852 ὲρευγώμεθα.

2568 2917 2705 2990 ’ῼὸὴ
2728 2925 2800 2984 α’,
2831 2913 2980 2988 ἦχος
3003 2921 3109 2972 πλ.
3140 2917 3182 2970 δ’
3211 2919 3433 2986 εἱρμός.

2277 3076 2294 3111 ι
2332 3055 2575 3128 Σταυρὸν
2600 3057 2847 3127 χαράξας
2876 3055 3085 3124 Μωσῆς
3117 3055 3208 3107 ἐπ’
3229 3054 3443 3119 εὐθείας
3475 3054 3663 3125 ῥάϐδῳ
3691 3052 3781 3119 τὴν

2215 3150 2487 3221 Ἐρυθρὰν
2537 3148 2756 3218 διέτεμε
2807 3149 2885 3220 τῷ
2924 3147 3146 3218 Ἰσραὴλ
3203 3147 3568 3211 πεζεύσαντι’
3605 3146 3700 3216 τὴν
3731 3145 3780 3198 δὲ

2203 3239 2646 3310 ὲπιστρεπτικῶς
2675 3237 2881 3312 Φαραὼ
2917 3241 3033 3304 τοῖς
3082 3241 3294 3310 ἅρμασι
3326 3241 3612 3309 κρατήσας
3650 3238 3782 3306 ἦνωο

2207 3351 2298 3389 σεν
2329 3335 2416 3387 ἐπ’
2462 3333 2658 3406 εῦρους
2703 3333 3011 3402 διατράψας
3050 3332 3111 3395 τὸ
3159 3332 3430 3402 ἀήττητον
3471 3331 3678 3382 ὅπλον·
3711 3327 3780 3381 δ.ὺ

512 3429 678 3502 βαϐαὶ
707 3429 816 3498 γὰρ
864 3432 1004 3483 ὅσων
1041 3429 1249 3500 ἰύγγων
1281 3431 1380 3485 καὶ⁹
1432 3431 1710 3501 μουσικῶν
1757 3435 2041 3498 στεφάνων
2071 3432 2099 3487 ὁ
2205 3428 2425 3504 Χριστῷ
2456 3428 2681 3501 ᾄτωμεν
2707 3428 2781 3504 τῷ
2817 3426 2938 3499 Θεῴ
2967 3427 3126 3505 ἡμῶν
3158 3427 3242 3481 ὅτι
3275 3424 3616 3490 δεδόξασται.
3659 3441 3678 3476 ι

511 3604 705 3644 mensa:
725 3587 997 3660 appositus
1031 3587 1212 3654 fuerit,
1235 3597 1331 3642 aut
1365 3588 1453 3641 ubi
1474 3604 1621 3643 mens
1649 3591 1729 3643 vel
1760 3606 1932 3645 sermo
1966 3588 2091 3645 sub-

510 3685 674 3748 limis,
706 3693 753 3735 et
784 3681 874 3754 qui
909 3682 1219 3753 fortioribus
1263 3680 1506 3735 dentibus
1541 3698 1670 3753 opus
1714 3683 1891 3746 habet,
1939 3684 2094 3754 offer-

512 3784 618 3839 tur,
650 3788 866 3842 operam
915 3773 994 3826 rei
1049 3773 1168 3826 huic
1233 3773 1436 3833 demus,
1489 3780 1559 3835 et,
1604 3780 1722 3825 utut
1777 3773 2092 3835 valebimus,

507 3865 835 3937 spiritalibus
861 3863 1152 3919 molaribus
1177 3864 1571 3936 perfringamus
1597 3882 1659 3918 ac
1689 3865 1978 3929 molamus,
2036 3875 2095 3920 ut

508 3961 604 4025 sic,
638 3957 748 4012 Deo
771 3955 952 4024 danle,
979 3959 1366 4012 nutrimentum
1397 3971 1759 4030 praeparatum
1791 3960 2092 4028 assistenti-

509 4051 602 4104 bus
627 4049 986 4104 exhibeamus.

581 4142 650 4194 At
684 4143 1021 4214 principium.
1065 4143 1204 4196 unde
1257 4144 1400 4197 decet
1431 4185 1444 4206 ,
1497 4146 1810 4218 capiamus;
1871 4155 1920 4199 et
1977 4163 2096 4202 cum

510 4234 698 4289 melius
744 4236 836 4298 sit,
865 4251 986 4288 cum
1036 4234 1181 4306 cyclo
1213 4251 1394 4289 annuo
1453 4238 1662 4291 initium
1705 4237 1901 4307 facere,
1939 4256 2102 4293 cano-

511 4345 636 4382 num
657 4327 1053 4382 Dominicorum
1072 4328 1451 4398 expositionem
1469 4327 1676 4382 claram
1706 4331 2102 4399 perhibeamus;

2199 3587 2430 3642 sicorum
2461 3587 2564 3655 ﬁlii
2599 3588 2772 3656 facere
2796 3584 2989 3646 solent,
3013 3599 3230 3637 exorsus
3252 3597 3439 3645 essem,
3493 3581 3778 3642 nisilime-

2204 3695 2317 3732 rem
2344 3696 2408 3732 ne
2428 3681 2584 3732 nimis
2613 3676 2814 3732 multus
2860 3679 3002 3746 circa
3026 3676 3200 3747 operis
3224 3691 3453 3747 parerga
3486 3692 3562 3729 ess
3716 3676 3779 3722 'e-

2205 3789 2312 3828 rer.
2348 3772 2520 3844 Igitur
2545 3786 2802 3824 canonem
2826 3771 3001 3839 ipsum
3041 3768 3342 3836 expositum
3366 3782 3556 3826 sensus
3607 3786 3694 3836 9...
3742 3764 3778 3818 .’

2204 3866 2469 3936 subjacet,
2516 3863 2889 3918 dilucidandus
2941 3869 2990 3914 et
3045 3861 3294 3914 dictionis
3345 3860 3666 3932 asperitates
3695 3871 3778 3909 ea:-

2203 3959 2494 4030 planandte
2522 3961 2792 4013 videntur.
2829 3959 2942 4025 Quo
2977 3960 3033 4013 in
3068 3957 3178 4012 loco
3207 3959 3273 4012 de
3300 3960 3524 4012 canonis
3571 3975 3603 4012 a
3745 3955 3755 3966 '

2202 4048 2349 4101 chide
2388 4049 2622 4118 primum
2661 4048 2817 4101 verba
2860 4047 3037 4118 facere
3067 4049 3239 4102 visum
3265 4056 3382 4114 est;
3413 4057 3462 4110 et
3495 4065 3620 4101 cum
3660 4083 3690 4101 ..
3716 4064 3772 4099 ea

2203 4143 2337 4198 nihil
2363 4159 2468 4198 non
2497 4141 2706 4196 clarum
2745 4143 2838 4206 sit,
2891 4158 3038 4197 voces
3087 4141 3313 4213 singqu
3367 4151 3583 4202 tantum
3622 4144 3777 4198 inter-

2196 4238 2473 4310 pretandaz
2504 4238 2736 4291 veniunt.
2768 4237 2831 4292 In
2861 4251 3015 4290 cruce
3066 4237 3230 4312 igitur
3261 4235 3490 4304 conﬁsus
3539 4239 3777 4309 hymnum

2198 4335 2451 4404 produco.
2506 4333 2674 4388 Poeta
2733 4335 2834 4395 rite
2880 4343 2931 4389 et
2974 4334 3261 4391 secundum
3303 4337 3632 4404 scripturam
3673 4334 3778 4391 ani-

509 4431 558 4476 et
587 4438 705 4476 cum
767 4419 940 4493 cgclus
996 4422 1390 4475 armiversarius
1425 4421 1570 4487 velit,
1607 4432 1664 4476 ut
1712 4435 1910 4478 sanctie
1933 4426 2104 4489 crucis
2199 4442 2376 4480 mosus
2405 4428 2540 4487 sicut
2578 4425 2658 4480 leo
2711 4427 2884 4484 crucis
2917 4429 3176 4498 hymnum
3235 4426 3384 4491 dicit,
3446 4443 3556 4480 non
3610 4423 3776 4480 indole

511 4517 782 4571 erectionis
814 4517 1095 4586 panegyris
1145 4514 1281 4582 ﬁat,
1314 4517 1555 4570 carmina
1613 4534 1646 4569 a
1686 4518 1858 4571 sancti
1903 4515 2105 4572 Cosmw
2199 4519 2395 4584 solum,
2441 4519 2533 4573 sed
2579 4531 2738 4575 cantu
2778 4536 2981 4591 quoque
3014 4519 3220 4576 leonem
3263 4536 3316 4574 se
3333 4520 3635 4574 ostendens.
3681 4517 3777 4571 Leo

512 4606 628 4678 lyra
678 4608 964 4661 decantata
1029 4615 1350 4676 repetamus.
1412 4604 1501 4659 Vir
1548 4608 1689 4660 enim
1741 4608 1822 4660 hic
1875 4617 2091 4662 sanctus
2125 4593 2358 4672 I)enim.
2414 4617 2506 4676 ait,
2554 4617 2745 4684 rugiet,
2793 4623 2841 4668 et
2905 4615 3021 4683 quis
3075 4630 3180 4668 non
3226 4614 3475 4668 timebit?
3534 4613 3676 4677 Sed,
3749 4627 3776 4663 ο

510 4699 790 4752 historiam
823 4705 1066 4751 sanctam
1087 4713 1180 4766 per
1211 4699 1391 4768 magni
1423 4701 1639 4752 canonis
1666 4701 1908 4753 ordinem
1950 4700 2090 4754 cele-

511 4790 680 4845 bravit
699 4798 748 4844 et
779 4791 976 4860 poetico
999 4805 1240 4842 sermone
1279 4789 1578 4858 felicissime
1605 4789 1887 4862 evulgavit.
1915 4791 2093 4856 Quare

509 4885 599 4952 qui
632 4899 749 4935 eum
788 4880 1225 4950 comprehendere
1251 4883 1493 4946 voluerit,
1533 4883 1676 4935 omni
1714 4900 1871 4936 sacra
1930 4887 2088 4939 histo-

501 4973 595 5030 ria
626 4985 736 5051 tum
767 4976 990 5042 antiqua
1011 4991 1126 5027 cum
1155 4991 1290 5028 nova
1321 4975 1552 5049 imbutus
1573 4991 1681 5028 esse
1709 4976 1927 5029 debebit.
1958 4977 2093 5031 Hinc

512 5072 679 5140 igitur
746 5068 1125 5121 exordiendum
1179 5068 1300 5133 erit,
1354 5077 1512 5138 atque
1560 5069 1636 5122 ita
1666 5080 1720 5122 ut
1763 5086 1879 5133 qua:
1923 5072 2095 5125 minus

511 5162 683 5216 lucide
712 5165 777 5215 ab
807 5163 919 5230 ipso
944 5160 1157 5231 prolata
1199 5168 1328 5222 sint,
1360 5162 1733 5215 dilucidentur.
1764 5163 1932 5217 Aliter
1957 5167 2095 5218 enim

510 5255 676 5315 nobis.
719 5270 815 5324 pro
844 5253 1041 5323 pietate
1073 5262 1282 5317 nostra,
1324 5253 1532 5322 difﬁcile
1563 5265 1663 5310 est.
1695 5255 1861 5326 legem
1909 5258 2095 5310 incon-

510 5362 718 5399 cussam
745 5361 861 5415 qua
888 5362 920 5398 a
946 5346 1148 5399 sanctis
1178 5345 1425 5398 l’atribus
1455 5346 1523 5397 ad
1567 5362 1660 5398 nos
1691 5365 1852 5418 usque
1882 5349 2096 5401 descen-

509 5439 608 5503 dit,
641 5450 689 5492 et
720 5454 836 5507 quae
865 5441 1035 5492 omnis
1087 5441 1370 5509 scriptura:
1404 5440 1816 5509 fundamentum
1844 5452 1939 5508 est,
1994 5444 2092 5495 rite

511 5534 874 5603 interpretari,
928 5532 1006 5585 ita
1051 5539 1106 5586 ut
1153 5533 1422 5601 scriptura
1466 5550 1570 5602 qua
1616 5551 1718 5604 par
1758 5543 1834 5588 est
1888 5538 2095 5590 ratione

513 5635 753 5679 eruatur.
785 5622 886 5678 Sed
928 5625 1049 5696 jam
1105 5625 1248 5678 sacri
1300 5627 1556 5680 carminis
1603 5626 1807 5685 delicia!
1867 5637 2094 5683 mentem

513 5717 783 5787 captivant
797 5733 816 5782 ;
843 5733 969 5770 nam
987 5716 1226 5787 rhythmo
1250 5732 1312 5768 ac
1337 5719 1541 5773 coronis
1565 5721 1776 5774 musicis
1792 5703 1961 5776 canon
1987 5723 2097 5795 ipse

513 5810 930 5878 superabundat,
973 5817 1130 5880 atque
1169 5810 1391 5879 fortasse
1435 5815 1830 5882 expositionem,
1863 5808 1926 5868 ut
1979 5834 2095 5870 mu-

2197 4705 2470 4761 Musarum
2499 4709 2692 4773 amice,
2725 4707 2935 4764 leonum
2967 4711 3174 4788 rugitus
3220 4707 3471 4762 terribilis
3499 4718 3576 4762 est
3607 4717 3655 4759 et
3700 4707 3773 4759 in-

2199 4818 2362 4855 sanus
2407 4815 2453 4856 et
2500 4803 2640 4866 male
2672 4804 2794 4865 olet.
2865 4802 3106 4874 Hymnus
3159 4811 3356 4870 autem,
3403 4820 3557 4872 quem
3621 4813 3673 4856 tu
3719 4799 3773 4852 de

2197 4905 2385 4950 sancta
2419 4910 2571 4946 cruce
2606 4903 2793 4953 cantas
2832 4906 3048 4950 econtra
3071 4895 3494 4963 jucundissimus
3527 4906 3579 4948 et
3625 4893 3772 4964 plant

2200 4987 2520 5055 rhythmicus
2562 4995 2709 5040 estet
2739 4989 2951 5048 odorem
2995 4986 3328 5059 spiritualem
3379 4988 3532 5064 efflat.
3593 4984 3772 5048 Nonne

2198 5079 2361 5147 igitur
2390 5079 2443 5130 id
2469 5082 2606 5148 quod
2636 5097 2726 5132 cor
2770 5097 2941 5133 meum
2976 5083 3141 5148 canit,
3165 5083 3286 5135 boni
3335 5082 3524 5135 ominis
3558 5082 3629 5138 ad
3674 5079 3770 5150 spi-

2201 5173 2364 5224 ritum
2396 5188 2506 5225 esse
2527 5173 2780 5225 videtur?
2807 5171 2935 5227 Sine
2957 5175 3133 5228 dubio.
3169 5173 3273 5228 Sed
3314 5175 3434 5243 jam
3459 5191 3553 5239 nos
3581 5184 3768 5245 quoque

2202 5265 2342 5314 cruci
2393 5263 2551 5330 ﬁdem
2599 5263 2844 5317 habentes
2896 5268 3147 5335 hymnum
3193 5277 3395 5319 sancta:
3434 5267 3596 5318 crucis
3620 5277 3768 5331 expo-

2203 5367 2416 5406 namus.

2536 5448 2770 5504 Carmen
2803 5486 2842 5515 .,
2877 5467 3045 5506 sonus
3083 5451 3169 5511 IV.
3205 5451 3438 5508 hirmus.

2282 5561 2300 5592 ι
2339 5541 2542 5612 Moyses
2583 5559 2789 5596 crucem
2825 5546 2974 5615 virga
3030 5545 3311 5614 formando
3360 5561 3508 5598 mare
3545 5541 3761 5599 Rubrum

2209 5653 2225 5685 ι
2260 5634 2386 5702 filiis
2419 5633 2597 5688 lsrael
2633 5637 2848 5700 divisit;
2882 5634 3186 5690 Pharaonis
3211 5647 3386 5691 autem
3411 5653 3591 5690 currus
3611 5630 3760 5687 armis

2211 5746 2230 5778 ι
2264 5728 2468 5790 invictis
2495 5729 2749 5798 disrupit.
2775 5728 2956 5792 Quare
3011 5728 3221 5786 Christo
3252 5733 3508 5801 hymnum
3555 5725 3758 5782 celebre-

2213 5839 2231 5872 ι
2270 5836 2385 5874 mus
2420 5820 2527 5874 Deo
2562 5831 2748 5877 nostra
2785 5824 2908 5894 quia
2935 5822 3265 5895 glorificatus
3301 5835 3395 5880 est.
3439 5849 3457 5878 ι
