4044 6284
308 380 451 446 1245

1446 389 1772 451 SCRIPTA
1812 392 2189 452 MISCELLA
2200 391 2368 453 NEA.

3432 386 3573 453 1246

302 499 540 553 στεύειν.
574 492 720 568 Ἐγὼ
749 482 919 554 δέττδν
942 488 1074 570 ὲμδν
1099 501 1191 555 καὶ
1216 500 1707 574 σοφδνύμνήσομαι
1730 522 1887 576 νυμον
1922 508 1966 568 Α
1992 505 2073 566 εἰς
2102 502 2271 565 αὑτὰς
2312 502 2411 564 τὰς
2456 501 2739 554 Ἀκεσαίου
2782 500 3013 577 σελήνας
3060 501 3194 570 (15).
3226 499 3338 573 Τὴν
3358 502 3414 556 δὲ
3443 490 3598 575 περἰ

302 591 541 658 φύλακα,
570 593 668 663 τῆς
699 592 799 663 μὲν
833 592 1208 661 Πλατωνικῆς,
1237 593 1313 657 ὡς
1340 594 1569 664 ἔφαμεν,
1607 597 1881 660 πολιτείας

304 682 465 753 ἰερῶς
495 683 883 751 ἐκπεμφθέντα
924 682 1060 753 μετὰ
1092 682 1262 754 μύρου
1296 684 1388 736 καί⁵
1423 684 1758 754 στέμματος,
1790 686 1883 737 ὲπί

300 776 359 830 δὲ
384 776 481 846 τὴν
510 776 753 847 βασιλίδα
801 775 899 841 τὴν
938 776 1240 841 Βυζαντίδα
1269 778 1659 847 μετενεχθέντα
1704 777 1882 848 πολλῷ

305 866 618 937 ἱερώτερον,
667 866 760 920 καὶ
814 869 935 929 ταῖς
964 866 1085 919 δυσὶ
1131 865 1334 937 ταύτης
1373 866 1566 937 μέρεσι
1601 884 1882 937 συμμεμεο

307 959 583 1029 ρισμένον,
614 960 680 1028 τῇ
711 959 1022 1029 συγκλήτῳ,
1062 963 1226 1030 φημὶ,
1272 962 1368 1012 καὶ
1395 960 1471 1029 τῷ
1507 958 1745 1030 βήματιο
1780 962 1882 1013 κάν

301 1051 477 1125 ταύτῃ
511 1052 609 1120 μὲν
634 1050 1170 1122 νομοφυλακτοῦντα,
1206 1055 1265 1104 ὲν
1290 1052 1345 1105 δὲ
1378 1051 1554 1120 τούτῳ
1581 1050 1885 1121 πρωτεκδι-

303 1145 530 1214 κοῦντα,
562 1147 657 1201 καὶ
689 1146 757 1201 δι’
789 1148 990 1216 ἀμφοῖν
1015 1146 1350 1215 σεμνύνοντα
1372 1146 1432 1197 τὸ
1462 1145 1784 1212 πολίτευμα.
1820 1144 1882 1198 Εἰ
1908 1148 1909 1151 “

302 1239 412 1310 γάρ
444 1255 496 1293 τι
542 1239 790 1292 πειστέον
834 1238 1098 1302 Πλάτωνι,
1150 1240 1401 1291 πειστέον
1433 1238 1512 1302 δὲ,
1562 1238 1765 1307 χρῆναι
1796 1237 1883 1290 λέ-

303 1347 454 1401 γοντι
486 1330 597 1401 (12)
643 1329 874 1400 δύναμιν
907 1331 1001 1384 ἐπὶ
1023 1329 1085 1383 τὸ
1120 1332 1252 1385 αὐτὸ
1277 1332 1373 1384 καὶ
1422 1331 1594 1402 τύχην
1621 1331 1881 1401 φρονήσει

304 1423 583 1475 συνελθεῖν
615 1423 711 1476 καὶ
759 1422 1099 1495 δικαιοσύνῃ,
1134 1422 1219 1475 ἵνα
1270 1422 1463 1486 κάλλος
1506 1423 1601 1475 καὶ
1652 1422 1884 1493 μέγεθος

302 1514 360 1566 αἰ
392 1513 664 1566 πολιτικαὶ
698 1513 1026 1582 λαμσάνοιεν
1055 1514 1313 1584 πράξεις·
1342 1514 1449 1568 τίνι
1481 1513 1547 1567 ἂν
1572 1515 1718 1585 ἄλλῳ
1741 1516 1878 1586 μᾶλ-

301 1605 391 1657 λον
420 1607 865 1669 συνεισελθούσας
907 1607 1024 1677 ἅμα
1057 1607 1236 1671 πάσας
1281 1607 1486 1670 ταύτας
1530 1608 1878 1678 εὐρήσομεν;

302 1696 453 1768 Τύχη
482 1700 581 1767 μὲν
608 1701 715 1768 γὰρ
743 1699 837 1753 καὶ
862 1700 1090 1768 δύναμις
1119 1698 1326 1755 ἄνωθεν
1353 1700 1738 1771 περιελθοῦσα,
1770 1694 1881 1752 οἷον

298 1790 408 1843 ἀπὸ
431 1791 643 1859 γένους,
669 1793 787 1852 ταῖς
814 1792 947 1860 πρὸς
974 1792 1239 1862 βασιλέως
1259 1791 1468 1862 ηὐξήθη
1497 1793 1683 1861 τιμαῖς
1710 1809 1723 1824 ·
1750 1793 1880 1862 φρόο

1983 597 2055 649 τὰ
2076 595 2339 649 πολιτικά
2388 595 2497 648 τῶν
2533 596 2876 665 πραγμάτων
2918 594 3086 665 σοφὴν
3138 595 3451 665 οἰκονομίαν
3477 599 3573 651 καὶ

1988 684 2383 756 μεταχείρισιν,
2410 686 2463 736 τί
2496 685 2561 738 άν
2591 701 2671 747 τις
2717 684 2751 753 ἧ
2784 685 2881 737 καὶ
2912 683 3076 736 πόσον
3111 680 3279 734 εἰπὼν
3325 681 3573 751 ἐναργῶς

1986 780 2436 847 παραστήσειεν;
2476 778 2736 847 ’Δρμόσει
2776 777 2885 844 γὰρ
2913 777 3004 829 ἐπὶ
3038 776 3120 828 σοι
3150 776 3327 828 ἐκεῖνο
3349 774 3409 827 τὸ
3450 775 3557 844 Ἀρ-

1986 873 2288 943 χιλόχειον,
2349 870 2547 942 μικρόν
2594 887 2647 922 τι
2708 867 3077 939 παρῳδηθένο
3128 866 3399 937 ὑπάρχεις
3460 869 3570 937 γὰρ

1984 964 2105 1017 κατ’
2141 964 2306 1016 αὑτὸν
2318 1002 2331 1027 ,

1995 1056 2382 1126 Ἀμφότερον,
2397 1053 2672 1123 θεράπων
2684 1054 2800 1123 μὲν
2812 1051 3240 1123 πραγματικοῑο
3255 1048 3543 1121 Θεοῖς»ῌῆ
3554 1087 3570 1112 ,

1992 1151 2088 1202 καὶ

2127 1231 2429 1295 Μουσάων
2461 1240 2679 1310 ἐρατὸν
2704 1240 2898 1308 δῶρον
2925 1237 3347 1307 ἐπιστάμενος.

1994 1334 2221 1404 Ἀθῆναι
2264 1332 2435 1388 ταῦτα
2464 1333 2562 1387 καὶ
2600 1334 2801 1404 Θῆϐαι,
2827 1335 2921 1387 καὶ
2958 1335 2990 1401 ή
3028 1331 3160 1401 ἄλλη
3201 1327 3570 1399 ἀνακηρύττει

2000 1428 2211 1493 Ἑλλὰς,
2243 1429 2336 1481 καὶ
2376 1428 2518 1483 αὐτὰ
2556 1427 2627 1481 τὰ
2659 1428 2847 1498 πόρρω
2891 1428 2991 1496 τῆς
3046 1426 3299 1491 ’Δττικῆς
3324 1440 3337 1452 ·
3376 1424 3440 1475 τὰ
3471 1423 3570 1490 μὲν

1984 1525 2078 1577 καὶ
2104 1523 2406 1593 ὀφθαλμοῖς
2442 1539 2503 1575 σε
2548 1521 2794 1592 ἡγεμόνα
2852 1519 3110 1589 μέγιστον
3165 1518 3527 1587 ἱστορήσαντα
3551 1552 3566 1579 ,

1982 1620 2048 1673 τὰ
2080 1619 2135 1672 δὲ
2161 1619 2255 1671 καὶ
2279 1618 2357 1688 τῷ
2388 1615 2575 1684 πτερῷ
2600 1632 2660 1666 σε
2691 1616 2789 1683 τῆς
2815 1613 3003 1684 φήμης
3031 1610 3253 1663 ἐλθόντα
3277 1607 3568 1676 δεξάμενα.

1982 1711 2094 1765 Καὶ
2116 1711 2279 1763 πάλαι
2305 1710 2403 1779 μὲν
2421 1710 2448 1760 ὁ
2476 1708 2752 1777 Ἀθηναῖος
2771 1704 2871 1775 ἔφη
2896 1706 3057 1774 σοφὸς
3074 1706 3130 1755 ὲν
3150 1701 3406 1771 ἐπιστολῇ
3432 1700 3568 1772 (l5),

1995 1820 2013 1853 ι
2056 1799 2156 1870 τὴν
2205 1798 2537 1867 οἰκουμένην
2588 1797 2716 1865 ὃλην
2768 1796 2847 1858 εἰς
2903 1796 3063 1863 μόνον
3121 1791 3449 1845 ἀποϐλέπειν
3480 1789 3572 1841 τὸν

298 1900 457 1953 νησις
487 1884 542 1937 δὲ
588 1888 681 1937 καὶ
728 1884 1044 1955 δικαιοσύνη
1081 1886 1178 1937 καὶ
1226 1882 1286 1949 ἐξ
1334 1885 1523 1951 αὐτῆς,
1557 1885 1632 1947 ὡς
1688 1885 1881 1951 εἰπεῖν,
1918 1868 1957 1921 Β
1990 1868 2183 1941 Δίωνα.
2228 1904 2247 1937 ι
2291 1887 2433 1953 Ἐγὼ
2464 1886 2521 1939 δὲ
2552 1884 2643 1937 τὸν
2668 1884 2841 1937 Δίωνα
2872 1884 2971 1955 μὲν
3000 1882 3265 1951 θαυμάζω
3295 1883 3407 1945 τοῖς
3432 1883 3573 1933 ἰατο-

294 1973 400 2041 τῆς
454 1975 721 2042 γενέσεως
778 1976 1307 2046 ἐγκατεσπὰρθησαν
1359 1978 1425 2045 τῇ
1478 1976 1668 2027 τούτου
1706 1976 1877 2046 ψυχῇ.

302 2064 539 2118 Ἔπειτα
572 2065 604 2135 ἡ
633 2064 949 2136 δικαιοσύνη
993 2067 1091 2136 μὲν
1120 2070 1185 2137 τῇ
1236 2068 1495 2136 μαθήσει,
1544 2068 1572 2136 ἡ
1619 2069 1880 2137 φρόνησις

292 2156 354 2210 δὲ
379 2160 448 2227 τῇ
478 2157 644 2230 πείρᾳ
671 2159 1183 2229 συνεπηυξήθησαν.
1211 2160 1532 2227 Φιλοσοφίας
1561 2160 1617 2213 δέ
1653 2176 1711 2212 σε
1741 2174 1876 2212 παν-

292 2248 533 2319 τοδαπῆς
570 2252 981 2321 κατακώχιμον,
1031 2252 1429 2321 ὀρφανοτρὸφε,
1473 2250 1729 2322 ἄντικρυς
1769 2249 1879 2302 δεί-

295 2358 456 2394 κνυσι
491 2344 550 2395 τὸ
582 2343 719 2412 πρὸς
751 2343 875 2397 νοῦν
902 2346 1286 2398 ἀποϐάπτοντα
1316 2347 1584 2415 πρότερον
1610 2344 1707 2415 τὴν
1730 2343 1878 2405 λέξιν

291 2431 440 2487 οὕτω
476 2434 887 2505 προφέρεσθαι·
923 2436 1057 2506 ὅπερ
1108 2439 1201 2488 καί
1234 2436 1421 2505 Ζήνων
1468 2436 1694 2503 ἐναργὲς
1726 2434 1877 2503 φιλο-

293 2526 488 2595 σοφίας
515 2529 817 2599 τεκμήριον
845 2528 1015 2582 ἔθετο.
1064 2528 1201 2581 Ἀλλ’
1230 2528 1371 2583 οὕτω
1404 2528 1503 2599 μέν
1532 2546 1588 2581 σε
1618 2528 1879 2599 Γραμμα-

290 2618 423 2687 τικὴ
440 2620 537 2673 καὶ
551 2617 842 2691 Ῥητορικὴ
861 2620 953 2673 καὶ
974 2617 1041 2673 αὖ
1060 2620 1426 2690 Νομοθετικὴ,
1450 2623 1543 2673 καὶ
1563 2620 1876 2689 Φιλοσοφία,

294 2714 607 2767 δικαιότατε
642 2716 1057 2786 πρωτεκδίκων,
1099 2715 1523 2787 ἑτιθηνήσαντο·
1563 2714 1709 2779 οὔτε,
1737 2714 1876 2769 κατά

294 2797 584 2871 τῶν’τινας
617 2807 855 2876 εὐφυῶν,
887 2807 1084 2879 ῥᾳδίως
1114 2826 1173 2861 τε
1232 2809 1578 2877 λαμϐάνοντα
1610 2809 1678 2862 τὰ
1722 2808 1875 2876 λεγόο

297 2917 458 2970 μενα,
503 2901 597 2954 καὶ
637 2901 968 2974 ρᾳδιώτερον
998 2901 1409 2956 ἀποϐάλλοντα*
1441 2900 1565 2953 οὔτε
1610 2901 1701 2965 αὖ,
1736 2903 1876 2955 κατά

291 2990 406 3046 τῶν
441 3009 594 3056 τινας
646 2992 855 3061 ἀφυῶν,
898 2993 1126 3064 χρονίως
1156 3011 1215 3047 τε
1262 2991 1606 3062 λαμϐάνοντα
1644 2993 1737 3046 καὶ
1769 3010 1875 3045 πα⁴

230 3128 235 3137 .
293 3083 674 3155 ρακατέχοντα
705 3087 1087 3156 χρονιωτέρως
1107 3102 1121 3117 ⁸
1149 3084 1264 3139 ἀλλ’
1289 3084 1525 3149 ὀξύτατα
1570 3086 1667 3158 μὲν
1698 3085 1791 3138 καὶ
1819 3085 1876 3138 ιν

289 3180 493 3250 ἀκαρεῖ
518 3181 615 3249 τὴν
662 3180 867 3249 γνῶσιν
911 3179 1221 3251 δεχόμενον,
1254 3178 1630 3232 ἀποϐάλλοντα
1677 3178 1734 3232 δὲ
1767 3179 1875 3232 οὐδ’

1992 1982 2167 2050 ρικοῖς
2202 1977 2429 2049 βιϐλίοις
2479 1978 2853 2049 ἐντυγχάνων
2887 1978 2949 2029 τὸ
2979 1975 3035 2028 δὲ
3083 1974 3235 2043 παρά
3258 1973 3359 2041 τῆς
3385 1974 3570 2024 οἰκου-

1995 2073 2163 2141 μένης
2190 2070 2595 2143 ἀποϐλέπεσθαι
2626 2074 2808 2140 πάσης
2830 2069 2909 2141 τῷ
2941 2069 3057 2140 ἐμῷ
3090 2066 3383 2136 ἀνατίθημι
3410 2082 3573 2135 νομο-

1988 2163 2212 2232 φύλακι.
2243 2162 2305 2214 Εἰ
2340 2164 2447 2232 γὰρ
2476 2164 2509 2233 ή
2542 2163 2643 2229 τῆς
2667 2162 2995 2231 οἰκουμένης
3030 2161 3279 2229 καρδίαή
3320 2156 3574 2229 βασιλεύ-

1988 2272 2122 2309 ουσα
2178 2255 2483 2325 καθέστηκε
2551 2256 2728 2321 πόλις,
2783 2254 2919 2321 αὕτη
2970 2254 3025 2307 δὲ
3071 2255 3167 2322 ὅλη
3224 2251 3362 2324 πρὸς
3406 2251 3571 2305 αὐτὸν

1988 2348 2187 2420 ἀφορᾷ,
2230 2346 2455 2419 εῠδηλον
2498 2347 2573 2411 ὡς
2612 2351 2679 2420 τῇ
2714 2349 2911 2419 καρδίᾳ
2953 2347 3048 2400 καὶ
3080 2346 3140 2397 τὸ
3190 2344 3376 2398 λοιπὸν
3425 2344 3570 2397 ἅπαν

1989 2438 2537 2509 συμπεριαχθήσεται
2586 2438 2767 2510 σῶμα.
2799 2439 2933 2507 Δίκη
2985 2438 3298 2489 συνίσταται
3345 2434 3474 2506 περί
3503 2437 3572 2489 τά

1988 2532 2256 2604 βασίλεια,
2294 2532 2389 2585 καὶ
2436 2531 2529 2585 τὸν
2574 2531 2929 2602 νομοφύλακα
2962 2534 2995 2601 ἠ
3047 2530 3351 2598 σύγκλητος
3403 2544 3567 2599 περι-

1986 2624 2310 2691 ϐλέπονται,
2358 2624 2516 2689 ἄλλος
2567 2625 2695 2679 ἄλλο
2727 2643 2782 2678 τι
2822 2628 2921 2696 τῆς
2955 2626 3164 2677 ἐκείνου
3214 2624 3393 2694 φωνῆς
3427 2640 3568 2694 προ-

1990 2719 2242 2788 αρπάσαι
2270 2717 2724 2787 φιλονεικοῦντες.
2759 2718 2953 2788 Ψῆφος
2993 2719 3121 2787 περὶ
3161 2718 3227 2769 τὰ
3283 2717 3401 2787 ἱερά
3437 2733 3572 2785 κροο

1984 2813 2158 2865 τείται
2195 2813 2494 2882 ἀνάκτορα,
2521 2811 2615 2866 καὶ
2644 2812 2819 2875 οὐδεὶς
2839 2811 2897 2875 ὃς
2926 2812 2989 2864 οὐ
3026 2812 3099 2881 τῷ
3126 2810 3479 2880 πρωτεκδίκῳ
3507 2810 3573 2862 τὰ

1989 2906 2234 2976 πρωτεῖα
2260 2904 2355 2957 τοῦ
2382 2904 2544 2971 λόγου
2575 2904 2814 2958 δίδωσιν.
2838 2898 2985 2975 τΑρα
3009 2904 3070 2956 ού
3102 2902 3234 2974 πρὸς
3263 2902 3357 2955 ἕνα
3385 2900 3572 2955 τοῦτον

1985 2996 2019 3063 ὴ
2054 2996 2316 3067 σύμπασα
2349 2996 2637 3060 Βυζαντὶς,
2676 2996 2875 3049 ταυτὸν
2894 2994 2940 3049 δ’
2975 2997 3173 3061 εἰπεῖν,
3203 2996 3235 3065 η
3279 2996 3571 3064 οἰκουμένη

1986 3089 2273 3159 σύμπασα,
2310 3089 2539 3158 βλέπει;
2570 3089 2633 3142 Ei
2663 3089 2720 3141 δὲ
2750 3090 2915 3160 μέρος
2959 3090 3059 3157 τῆς
3097 3089 3428 3157 οἰκουμένης
3466 3087 3574 3139 εἰσί

1986 3188 2080 3235 καὶ
2113 3184 2162 3235 οἰ
2201 3184 2452 3253 πένητες,
2486 3184 2535 3234 οἰ
2566 3182 2638 3235 τά
2674 3180 2906 3251 σώματα
2941 3180 3306 3252 βεϐλαμμένοι
3346 3180 3439 3233 διοιιί⁵
3475 3195 3572 3231 πε·

291 3400 437 3445 mate
473 3388 741 3461 expulsus,
783 3392 838 3444 in
869 3392 1075 3463 regiam
1121 3390 1303 3445 urbem
1338 3390 1587 3461 Byzantii
1608 3388 1864 3459 pervenit,
1892 3394 1940 3455 α
1973 3390 2279 3461 explanabit
2299 3364 2548 3460 peritiam
2568 3398 2715 3441 tuam
2737 3387 2879 3440 circa
2898 3402 2979 3439 res
3003 3385 3243 3454 politicas
3260 3402 3392 3464 quas
3412 3385 3571 3441 semel

292 3502 401 3541 non
442 3486 558 3540 sine
598 3485 809 3538 numine
825 3484 1021 3551 divino,
1042 3484 1215 3555 ibique
1233 3486 1394 3539 curiae
1428 3502 1491 3538 ac
1509 3480 1763 3536 tribunali
1792 3483 1886 3537 ad—

286 3580 509 3651 junctus
539 3589 613 3632 est
643 3588 698 3651 ut
728 3586 775 3632 et
813 3577 988 3647 legum
1037 3578 1290 3632 custodiae
1322 3588 1368 3631 et
1385 3578 1503 3648 juri
1522 3576 1737 3631 dicendo
1766 3591 1887 3637 ope-

294 3689 417 3727 ram
440 3674 613 3739 daret,
630 3661 807 3743 sicque
836 3672 1136 3742 reipublicae
1166 3684 1476 3727 ornamento
1497 3682 1649 3727 esset.
1667 3670 1804 3725 Nam
1837 3671 1884 3724 si

294 3764 518 3820 Platoni
546 3764 675 3834 ﬁdes
719 3764 983 3828 habenda,
1025 3772 1102 3818 est
1146 3773 1346 3832 autem,
1375 3765 1604 3827 dicenti,
1645 3764 1777 3818 vires
1823 3780 1885 3815 ac

296 3857 571 3926 fortunam
590 3858 798 3929 ingenio
828 3873 891 3911 ac
915 3858 1144 3927 justitiae
1167 3858 1504 3912 associandas
1532 3872 1661 3925 esse,
1688 3866 1742 3909 ut
1770 3872 1886 3925 qua:

295 3954 355 4007 in
384 3951 650 4022 republica
676 3951 812 4020 ﬁunt
836 3950 1240 4023 pulchritudinis
1264 3967 1327 4005 ac
1364 3950 1741 4020 magnitudinis
1768 3964 1881 4015 spe-

295 4045 429 4098 ciem
460 4060 569 4114 prce
592 4057 645 4099 se
687 4045 900 4113 ferant:
932 4045 1016 4099 cui
1043 4046 1151 4097 ha:c
1186 4044 1364 4097 omnia
1399 4042 1568 4113 magis
1599 4058 1759 4112 quam
1786 4042 1883 4095 tibi

295 4139 616 4194 inharentia
650 4138 1010 4209 reperiemus?
1044 4139 1260 4207 fortuna
1286 4138 1427 4189 enim
1454 4144 1503 4189 et
1562 4135 1817 4207 fortitudo
1851 4152 1883 4186 a

288 4220 591 4301 majoribus
611 4232 829 4287 tradita
844 4232 991 4302 regia
1012 4229 1371 4290 muniﬁcentia
1390 4237 1582 4294 aucta';
1599 4228 1882 4299 prudentia

297 4336 349 4380 et
370 4326 590 4396 justitia
613 4325 735 4380 inde
767 4343 800 4379 a
840 4326 1119 4379 nativitate
1161 4324 1338 4378 animo
1384 4323 1555 4376 insita:
1584 4329 1731 4375 sunt.
1768 4319 1882 4374 Huc

298 4420 502 4474 accedit
522 4418 663 4489 quod
678 4418 892 4490 justitia
920 4417 1174 4491 doctrina:
1195 4415 1495 4486 prwceptis,
1524 4414 1880 4483 intelligentia

297 4514 627 4585 experientia
656 4512 788 4567 duce
819 4514 1199 4567 incrementum
1227 4522 1499 4581 ceperunt.
1530 4506 1880 4576 Philosophia:

295 4608 525 4678 denique
553 4620 727 4669 amor,
786 4604 1042 4658 divinitus
1081 4604 1174 4657 tibi
1223 4604 1514 4672 inspiratus
1553 4599 1879 4672 pupillorum

299 4701 557 4765 nutritor,
591 4697 751 4753 verba
793 4696 1201 4766 cogitationibus
1245 4698 1405 4766 plane
1436 4694 1750 4765 respondere
1789 4693 1880 4746 de-

1989 3484 2311 3553 capessivisti
2328 3484 2354 3537 7
2375 3482 2437 3537 In
2465 3491 2513 3535 te
2543 3483 2679 3534 enim
2709 3479 2843 3533 illud
2864 3481 3059 3533 dictum
3083 3477 3378 3533 Archilochi
3397 3476 3566 3532 leviter

1988 3585 2193 3630 mutata
2219 3578 2392 3645 forma
2429 3575 2696 3645 quadrat;
2724 3590 2847 3625 nam
2870 3572 3159 3625 secundum
3206 3588 3325 3624 eum

1988 3668 2069 3725 Tu
2094 3670 2186 3725 Dei
2231 3667 2629 3739 omnipotentis
2658 3681 2853 3720 servus
2892 3682 2972 3727 es,
3008 3674 3061 3719 ct
3095 3664 3374 3719 Musarum
3418 3663 3574 3719 dulce

2557 3762 2760 3815 donum
2815 3744 3008 3814 calles.
3178 3748 3183 3751 ’

2057 3855 2273 3910 Athena:
2325 3861 2503 3907 autem
2554 3867 2616 3905 ac
2670 3849 2851 3905 Thebae
2890 3858 2939 3904 et
2968 3860 3171 3905 cwterre
3209 3847 3425 3903 Gracia:
3451 3862 3575 3917 pro-

1984 3949 2169 4002 vincia:
2208 3948 2288 4001 vel
2335 3947 2637 4017 longissime
2686 3948 2750 3999 ab
2792 3945 2969 4000 Attica
3019 3948 3272 3999 distantes
3313 3942 3450 3997 illud
3494 3954 3577 3996 at-

1986 4050 2285 4105 testantur,
2327 4056 2444 4112 qua:
2491 4040 2699 4112 quidem
2736 4049 2784 4093 te
2832 4040 3014 4093 ducem
3043 4040 3447 4110 magnanimum
3488 4052 3577 4091 ea:-

1986 4144 2147 4204 pertte
2169 4143 2313 4201 sunt,
2337 4143 2430 4189 aut
2460 4132 2794 4188 sermonibus
2827 4132 2972 4203 fama
2998 4134 3198 4204 sparsis
3236 4140 3574 4202 acceperunt.

1985 4228 2264 4281 Athena'us
2282 4228 2422 4282 enim
2444 4227 2497 4281 in
2520 4226 2742 4295 epistola
2768 4226 3035 4297 quondam
3058 4227 3193 4280 dixit
3213 4234 3377 4279 totum
3398 4224 3577 4279 orbem

1983 4319 2162 4374 oculos
2200 4320 2255 4373 in
2287 4319 2509 4373 Dionem
2552 4330 2874 4374 convertere.
2910 4318 3165 4389 Equidem
3217 4320 3434 4373 Dionem
3478 4320 3574 4371 ad-

1984 4413 2150 4466 miror
2194 4413 2562 4466 historicorum
2601 4428 2759 4483 apera
2795 4410 2992 4482 legens;
3030 4414 3167 4481 quod
3213 4422 3387 4465 autem
3435 4420 3572 4465 totus

1985 4506 2125 4559 orbis
2175 4504 2597 4559 admirabundus
2636 4505 2813 4558 oculos
2839 4506 2893 4557 in
2926 4504 3155 4575 aliquem
3188 4514 3477 4567 convertat,
3518 4506 3573 4559 id

1987 4596 2157 4667 legum
2190 4599 2393 4652 custodi
2418 4598 2587 4651 amico
2620 4614 2735 4652 meo
2772 4599 2998 4651 vindico.
3028 4595 3084 4652 Si
3110 4599 3248 4652 enim
3282 4599 3401 4651 urbs
3430 4599 3574 4668 regia

1985 4693 2220 4746 universi
2258 4692 2397 4745 orbis
2431 4707 2520 4744 cor
2560 4700 2657 4753 est,
2698 4699 2747 4744 et
2781 4692 2965 4745 eadem
2998 4694 3052 4744 in
3098 4695 3265 4757 ipsum
3323 4693 3575 4745 convertit

301 4803 604 4863 monstrat;
650 4790 787 4863 quod
833 4790 976 4845 Zeno
1022 4806 1227 4861 quoque
1280 4798 1481 4843 certum
1540 4787 1879 4855 philosophia:
1912 4781 1956 4808 υ
1984 4781 2180 4848 oculos,
2210 4786 2355 4837 cordi
2388 4784 2652 4853 reliquum
2686 4800 2876 4853 corpus
2927 4782 3411 4855 obtemperaturum
3467 4799 3573 4835 esse

300 4882 669 4953 testimonium.
688 4901 796 4940 esse
820 4885 1029 4939 asserit.
1055 4882 1141 4938 Sic
1165 4884 1330 4953 igitur
1356 4880 1659 4945 Rhetorica,
1687 4878 1879 4934 Grant-

1982 4878 2323 4946 manifestum
2368 4884 2465 4931 est.
2506 4874 2731 4930 Iustitia
2764 4875 2906 4928 circa
2947 4886 3066 4928 acta
3103 4876 3270 4945 regia,
3305 4885 3353 4929 et
3398 4875 3572 4945 legum

299 4980 522 5043 matica,
566 4977 739 5049 legum
773 4977 1164 5031 condendatum
1192 4976 1408 5030 scientia
1433 4974 1569 5029 lacte
1592 4973 1745 5044 quasi
1780 4986 1875 5024 suo
1975 4978 2148 5025 custos
2170 4986 2201 5023 a
2226 4976 2415 5021 senatu
2444 4972 2501 5021 in
2530 4969 2727 5021 honore
2754 4968 2977 5022 habetur
3008 4984 3233 5039 magna;
3268 4968 3460 5036 quippe
3482 4984 3570 5019 cu-

298 5086 351 5130 te
384 5074 706 5142 nutrierunt.
740 5068 891 5143 Apud
927 5079 976 5123 te
1016 5085 1152 5134 non,
1176 5069 1308 5123 sicut
1340 5068 1482 5137 apud
1522 5082 1626 5120 non
1654 5079 1868 5135 paucos,

294 5184 417 5237 qua:
448 5164 663 5221 auribus
699 5164 958 5226 hauseris,
1003 5160 1143 5216 brevi
1188 5162 1480 5223 intereunt;
1514 5176 1608 5213 nec
1633 5167 1687 5211 ut
1730 5157 1870 5227 apud

296 5261 437 5318 alios
455 5275 547 5332 per
578 5266 780 5328 tempus
797 5255 1065 5327 quoddam
1089 5254 1458 5324 comprehensa
1492 5252 1721 5307 breviori
1750 5261 1877 5303 tem,

296 5366 428 5424 pore
472 5349 787 5413 retinentur;
821 5348 925 5400 imo
962 5360 1079 5416 quae
1113 5345 1298 5398 mentis
1336 5341 1575 5395 acumine
1599 5338 1877 5410 collegisti,

301 5459 580 5514 nunquam
604 5458 631 5497 e
664 5442 917 5497 memoria
941 5438 1181 5493 decidere
1218 5437 1371 5492 sinis.
1410 5435 1538 5502 Quis
1565 5453 1722 5506 porro
1744 5438 1877 5490 satis

374 5664 666 5736 ({2)Conf.
698 5662 913 5722 Platon.
947 5664 1021 5719 De
1045 5661 1374 5736 republ._lip.
1404 5660 1493 5725 IV,
1544 5660 1872 5736 p._§27.A-E.

373 5730 677 5812 (13}_Cont‘.
708 5736 923 5793 Erasm.
961 5730 1135 5807 Adda.
1162 5734 1292 5793 ohil.
1316 5732 1357 5798 Ι,
1400 5730 1553 5789 cent.
1611 5732 1673 5798 ν,
1710 5732 1870 5801 adag.

303 5807 687 5955 δδξῖῗῦιόξῗιῗξ
726 5878 929 5938 Athen.
960 5877 1059 5937 lib.
1090 5875 1231 5947 xw,
1263 5892 1383 5951 pag.
1415 5871 1875 5930 627.0.P1mar-

1973 5064 2057 5131 ius
2074 5077 2247 5116 vocem
2281 5078 2343 5114 ac
2354 5060 2574 5115 verbain
2592 5078 2747 5114 suum
2777 5062 2999 5131 quisque
3024 5061 3352 5114 commodum
3370 5076 3575 5112 conver-

1986 5168 2092 5209 tere
2116 5160 2332 5226 satagit.
2358 5153 2640 5209 Sententice
2678 5156 2731 5208 in
2756 5153 2963 5222 templis
2989 5155 3096 5207 Deo
3116 5156 3279 5207 sacris
3315 5154 3571 5222 colligun-

1987 5261 2094 5314 tur,
2134 5256 2181 5302 et
2223 5263 2402 5302 omnes
2454 5247 2748 5317 protecdico
2797 5249 2999 5317 primas
3041 5246 3352 5313 eloquentia:
3393 5253 3573 5315 partes

1988 5343 2301 5397 attribuunt.
2328 5339 2512 5395 Nonne
2534 5339 2887 5410 igiturtotum
2916 5340 3251 5411 Byzantium,
3278 5348 3369 5391 aut
3398 5337 3571 5407 patius

1988 5445 2129 5491 totus
2165 5436 2302 5490 orbis
2342 5437 2477 5489 hunc
2510 5449 2673 5488 unum
2700 5434 2954 5504 respicit?
2986 5432 3043 5487 Si
3075 5441 3251 5487 autem
3276 5432 3415 5487 orbis
3444 5447 3569 5501 pars

1981 5657 2119 5712 chus
2144 5657 2199 5712 in
2226 5656 2391 5711 Phoc.
2430 5669 2552 5725 cap.
2587 5650 2698 5710 VII.
2729 5652 3152 5711 Themist.orat.
3179 5656 3241 5709 de
3297 5655 3429 5711 viri.
3449 5669 3559 5725 reg.

1983 5726 2103 5793 XV,
2129 5745 2231 5798 pag
2257 5728 2380 5793 185,
2407 5725 2468 5780 Β.
2519 5784 2527 5791 ,
2956 5783 2961 5788 .
3078 5746 3081 5747 ⁷

2057 5783 2170 5894 (is)
2201 5783 2345 5878 ἶηειι.
2369 5783 2463 5894 ἐρ.
2496 5784 2589 5887 ι’ν,
2618 5817 2871 5884 tom.lll,
2905 5783 3023 5890 psg.
3054 5815 3181 5881 520,
3213 5815 3257 5870 ι)
