4050 6296
312 427 444 494 1273

1492 426 1811 491 SCRIPTA
1845 429 2410 497 MISCELLANEA.

311 559 400 602 και
435 543 668 609 ὁπόσους
698 545 732 616 ἡ
761 542 1112 619 πρεσϐυτέρα
1148 541 1335 616 Ῥώμη
1387 544 1731 615 κατήνεγκε,
1756 545 1884 609 τοὺς
1917 561 1962 623 Α

3442 424 3462 485 ι
3473 424 3583 489 274

2075 546 2222 604 Ἀλλ’
2254 547 2318 604 ού
2373 545 2468 603 τοῦ
2515 548 2791 620 παρόντος
2848 545 3024 602 ταῦτα
3051 542 3216 616 λόγου
3259 541 3428 609 ἐστὶν,
3455 544 3581 597 ούδέ

311 641 397 695 δπὶ
426 640 536 704 τοῖς
575 639 818 704 Κάτωσι.
851 640 977 704 τοὺς
1003 639 1100 692 ἰπὶ
1139 639 1253 700 τοῖς
1289 637 1598 709 Καίσαρσι.
1630 638 1759 701 τοὺς
1792 638 1888 692 ἐπὶ
1992 639 2090 696 τοῦ
2121 639 2343 712 καιροῦ.
2379 641 2447 696 '0
2464 639 2519 694 δὲ
2545 640 2753 695 τούτων
2810 638 2913 712 μὲν
2939 637 3162 700 οὐθενὸς
3204 636 3450 699 ἔλαττον,
3474 635 3581 707 ἁρ-

309 736 417 800 τοῑς
450 732 730 805 Βρούτοις,
765 733 859 788 καὶ
881 732 1117 795 ὁπόσους
1157 731 1250 785 ἐπὶ
1297 730 1627 802 Τιμολέουσι
1670 730 1890 802 πεπόμ-

1998 731 2337 807 μοδιὼτατον
2357 733 2416 788 δέ
2450 734 2654 806 μᾶλλον
2686 735 2754 805 τῇ
2796 729 3138 802 πανηγύρει,
3178 729 3373 783 τούτου
3418 729 3582 800 μόνον

312 844 476 882 πευκε
527 826 809 898 Κόρινθος.
871 827 1022 880 Ἐκεῖ
1066 825 1166 897 μὲν
1226 825 1337 895 γὰρ
1387 824 1892 896 θεατρομαχοῦντες
1992 828 2462 899 ἐπιμνησόμενος,
2501 830 2567 882 ἐκ
2603 827 2712 881 τῶν
2746 826 2955 896 ὀνύχων
2981 827 3098 887 τοῖς
3127 826 3207 889 είς
3234 822 3360 878 νοῦν
3412 823 3583 877 είδόσι

317 921 510 991 μᾶλλον
549 920 841 991 συνέρρεον
885 921 934 973 οἱ
978 920 1302 990 συρρέοντες
1329 959 1345 987 ,
1391 917 1608 975 ἐνταῦθ’
1639 919 1747 974 ὑπὸ
1796 919 1892 975 τοῦ

1997 919 2229 992 βάπτειν
2263 918 2612 992 ἐνδειξαίμην
2643 920 2734 974 τὸν
2763 920 2977 974 λέοντα.
3003 919 3137 991 Διχῆ
3174 917 3285 988 γὰρ
3306 920 3405 989 τῆς
3456 914 3584 972 καθ’

315 1016 480 1072 κοιλοῦ
539 1017 600 1072 τδ
661 1015 887 1088 σύμπαν
939 1015 1244 1088 ἑλκόμενοι.
1301 1014 1394 1069 Διὸ
1440 1015 1533 1070 καὶ
1575 1016 1730 1077 κενός
1772 1016 1893 1088 (sic)
1994 1016 2143 1085 ἡμᾶς
2172 1015 2392 1086 ἁπάσης
2423 1015 2762 1088 διῃρημένης
2783 1016 2959 1086 ἀρχῆς
3006 1014 3145 1086 (50),
3181 1013 3278 1068 καὶ
3311 1013 3430 1068 δυσὶ
3459 1029 3587 1065 συν-

312 1129 393 1176 τις
419 1109 632 1180 ὑγιείας
657 1110 858 1181 τρόπος
881 1110 996 1172 τοῖς
1037 1109 1307 1178 κάμνουσι
1350 1106 1730 1178 σχεδιάζεταιο
1797 1107 1896 1162 καὶ
1995 1106 2471 1180 διανενεμημένης
2527 1110 2642 1171 τοῖς
2699 1106 2932 1180 βήμασι,
2962 1107 3039 1179 τῷ
3089 1105 3351 1179 ἱερατικῷ
3411 1105 3582 1175 φημὶ,

315 1201 588 1274 προθυμία
620 1202 850 1275 νεκροὺς
884 1199 1140 1271 ἀνίστησι
1175 1215 1191 1232 ·
1217 1199 1315 1254 καὶ
1356 1199 1605 1270 βιάζεται
1648 1199 1749 1264 τὰς
1806 1200 1896 1253 νόο

317 1313 440 1361 σους
468 1297 496 1350 6
525 1295 690 1359 πόθος
719 1310 733 1324 ·
765 1294 862 1347 καὶ
891 1294 1145 1362 Λυγγεὺς
1184 1291 1283 1362 μὲν
1330 1287 1454 1358 ὦδε,
1487 1293 1516 1345 ό
1547 1292 1837 1346 ἀδλετιιῶν
1876 1308 1894 1326 ο

314 1388 342 1440 ό
362 1387 418 1441 δὲ
448 1387 627 1459 ἄχειρ,
661 1387 967 1458 Βριάρεως-
991 1388 1018 1438 ό
1055 1386 1112 1440 δὲ
1153 1386 1855 1459 Ἥφαιστόπους,άρτίπους
1882 1399 1898 1415 '

313 1480 341 1532 ό
364 1481 412 1534 δὲ
439 1481 786 1550 ἀφωνότατος
813 1481 1101 1549 Στέντορος
1133 1480 1466 1550 φωνότατος.

385 1573 481 1637 Τίς
503 1570 597 1627 οὖν
629 1575 722 1629 ἐπὶ
756 1577 869 1638 τοῖς
904 1573 1179 1646 παροῦσιν
1199 1574 1300 1627 ούκ
1360 1573 1778 1644 άγαλλιάσεται,
1805 1573 1899 1628 καὶ

315 1664 404 1718 τὸν
426 1662 761 1734 τελετάρχην
788 1662 1025 1734 ὑμνήσει
1055 1663 1156 1733 τῆς
1187 1664 1591 1738 πανηγύρεως;
1665 1664 1754 1728 Ὠς
1791 1661 1902 1731 ἐγὼ

319 1754 504 1825 σφύζω
533 1756 632 1826 μὲν
658 1755 746 1809 διὰ
780 1757 974 1810 πασῶν
1005 1755 1335 1827 δραμεῖσθαι
1383 1756 1493 1811 τῶν
1526 1756 1740 1828 ἀρετῶν
1805 1753 1901 1808 τοῦ

315 1850 528 1921 ἀνδρὸς,
555 1851 652 1903 καὶ
693 1848 1037 1919 πανταχόθεν
1075 1847 1224 1918 αύτῷ
1246 1848 1337 1902 τὸν
1367 1848 1587 1903 ἔπαινον
1642 1847 1904 1917 ἐρανίσα-

1998 1199 2093 1256 καὶ
2129 1201 2415 1274 βασιλικῷ,
2447 1203 2511 1256 σὺ
2561 1203 2680 1267 τοῖς
2715 1201 3050 1273 ἀμφοτέροις
3092 1201 3253 1271 μόνος
3324 1199 3583 1254 ἁπάντων

2000 1295 2306 1366 ἐμπρέπειν
2335 1295 2545 1366 ἔλαχες.
2586 1296 2695 1349 Καὶ
2723 1295 2751 1348 ό
2789 1293 2889 1364 μέν
2913 1310 3001 1356 τις
3045 1293 3335 1362 περιπολεῖ
3353 1293 3424 1347 τὰ
3453 1291 3586 1346 ἀνά·

2001 1404 2196 1455 κτορα,
2223 1387 2320 1442 καὶ
2356 1386 2455 1451 τάς
2485 1386 2756 1458 δημοσίας
2796 1386 2872 1457 τῷ
2903 1385 3118 1456 βασιλεῖ
3137 1386 3425 1457 φροντίδας
3454 1401 3582 1438 συν-

2000 1478 2321 1545 διατίθεται,
2386 1477 2450 1532 τὸ
2505 1477 2548 1530 δ’
2585 1478 2728 1544 ἱερὸν
2762 1478 2871 1531 οὐδ’
2920 1478 3204 1546 ἐπέγνωκε
3244 1475 3428 1548 βῆμα·
3455 1477 3483 1527 ό
3532 1473 3582 1529 δ’

2003 1568 2224 1640 ίερᾶται
2256 1571 2378 1640 μὲν,
2406 1573 2475 1640 τῇ
2512 1569 2570 1624 δέ
2595 1571 2848 1641 πολιτείᾳ
2881 1569 3174 1640 ἠγνόηται.
3229 1569 3298 1622 Σὲ
3337 1567 3394 1622 δὲ
3422 1567 3585 1636 μόνον

2003 1662 2112 1715 τῶν
2143 1661 2375 1733 ἄλλωνή
2419 1661 2722 1732 σύγκλητός
2744 1678 2804 1716 τε
2844 1661 3029 1732 βουλὴ,
3052 1661 3147 1716 καὶ
3179 1661 3238 1715 τὸ
3265 1658 3410 1731 ίερδν
3427 1674 3588 1713 κατε-

2011 1756 2311 1828 μερίσαντο
2341 1756 2511 1828 βῆμα.
2553 1757 2718 1820 Ἴσως
2741 1755 2851 1828 γὰρ
2875 1757 2935 1811 ού
2960 1756 3134 1828 χωρεῖ
3165 1770 3225 1808 σε
3266 1752 3590 1825 τηλικοῦτον

2008 1848 2140 1904 δντα
2171 1848 2270 1921 μία
2298 1849 2398 1919 τῆς
2436 1849 2730 1919 Ῥωμαίων
2773 1847 3135 1924 ἐπικρατείας
3191 1849 3350 1918 μερίς
3378 1862 3396 1881 ο
3453 1845 3591 1901 ἀλλὰ

319 1943 466 2001 σθαι.
498 1943 629 1999 Δυσὶ
658 1943 717 1998 δέ
756 1943 905 2013 ὅμως
937 1943 1150 2007 τούτοις
1175 1943 1270 1997 τοῦ
1326 1945 1734 2016 ἐγχειρήματος
1771 1947 1906 1997 ἀνα·
1939 1935 1978 1991 Β
2003 1943 2084 1998 δεῖ
2112 1962 2172 1998 σε
2201 1946 2296 1999 καὶ
2330 1939 2532 2001 κανόνα
2561 1941 2703 2000 είναι
2748 1946 2817 2016 τῇ
2857 1943 3184 2014 Ἐκκλησία,
3209 1945 3305 1997 καὶ
3342 1942 3594 2014 στάθμην

320 2037 611 2108 στέλλομαι
650 2034 770 2108 ’τῷ
814 2053 872 2090 τε
907 2037 1016 2108 γὰρ
1072 2037 1296 2106 μεγέθει
1347 2037 1448 2108 τῆς
1500 2037 1693 2106 ἡδονῆς
1743 2036 1907 2105 ὑφαι-

323 2129 519 2203 ροῠμαι
586 2126 762 2200 λάθρα
807 2127 904 2183 τοῦ
954 2128 1116 2198 λόγου
1143 2128 1244 2198 τὴν
1292 2127 1551 2200 δύναμιν,
1588 2129 1684 2184 καὶ
1709 2127 1903 2199 ἕτερον

322 2220 623 2293 είσιτήριον
651 2217 768 2278 οἶδα
790 2220 884 2276 τὸν
912 2222 1270 2294 ὑμνητήριον.
1308 2221 1466 2274 Ἐστι
1495 2222 1631 2290 γὰρ,
1677 2221 1795 2276 ἐστι
1821 2236 1904 2275 σοι

325 2317 496 2373 πολλά
519 2313 658 2389 πρὸς
685 2316 1120 2390 μεγαληγορίαν,
1160 2316 1390 2388 μέγιστε
1421 2314 1760 2386 νομοφύλαξ,
1809 2316 1908 2368 καὶ

327 2409 660 2481 πρωτὲκδικε
679 2410 891 2466 δικαιότ
900 2425 1013 2477 ατε,
1029 2409 1126 2463 καλ⁸
1139 2408 1511 2481 όρφανυτρόφε
1528 2408 1818 2477 λαμπρότα
1831 2425 1908 2471 τε,

325 2506 389 2558 τὺ
413 2504 578 2574 φῦναι
596 2504 695 2578 μέν
717 2505 978 2573 εὐγενῶς,
1018 2503 1301 2576 τραφῆναι
1338 2502 1396 2557 δὲ
1419 2503 1532 2571 ,οὐκ
1555 2502 1790 2569 ἀναξίως
1814 2501 1909 2556 τοῦ

329 2596 518 2665 φῦναι,
573 2596 902 2667 τελεσθῆναι
940 2594 998 2649 δέ
1045 2596 1127 2659 είς
1174 2593 1399 2649 ἔπαινον
1460 2594 1554 2649 τοῦ
1606 2595 1906 2665 τραφῆναι.

325 2686 696 2757 Γραμματικὴ
728 2702 786 2740 σε
810 2686 921 2757 γὰρ
958 2683 1121 2747 εὐθὺς
1151 2688 1216 2740 ἐκ
1266 2685 1476 2738 παίδων
1511 2683 1913 2755 παραλαϐοῦσα.

326 2779 436 2834 τῶν
470 2778 674 2849 ἐαυτῆς
698 2779 939 2850 χαρίτων
972 2777 1264 2847 ἐνέπλησε,
1290 2779 1388 2833 καλ⁴
1439 2777 1744 2847 ποιήμασιν
1792 2779 1915 2830 ἐπι-

331 2871 548 2924 στατεῖν
622 2870 719 2924 καὶ
777 2868 1003 2943 μέτροις
1049 2866 1283 2936 ἐδίδαξε.
1315 2867 1618 2938 Ῥητορικὴ
1662 2867 1718 2920 δέ
1773 2867 1914 2939 μετὰ

328 2963 538 3031 ⁶ταύτην
565 2961 723 3025 ὅλους
760 2961 1040 3025 Ἀττικοὺς
1073 2964 1403 3032 πρηστῆρας
1433 2963 1499 3031 τῇ
1540 2959 1755 3031 γλώττῃ
1797 2958 1915 3013 ἐνέ-

329 3071 540 3109 καυσεν
558 3070 570 3082 ·
601 3053 676 3119 ὡς
700 3057 976 3127 μάρτυρες
1009 3055 1062 3108 οἵ
1085 3069 1144 3107 τε
1177 3056 1242 3124 τῇ
1273 3054 1561 3124 καταφορᾷ
1585 3051 1756 3121 αὐτῆς
1776 3069 1919 3122 πυρ-

329 3147 680 3216 πολούμενοι,
705 3149 799 3202 καὶ
821 3150 890 3220 τῇ
917 3147 1211 3220 ύπερφορᾷ
1243 3143 1628 3215 φωτιζόμενοι.
1676 3146 1782 3198 Καὶ
1809 3146 1919 3200 Νο-

337 3240 480 3314 μικὴ
513 3242 656 3315 μετὰ
682 3242 891 3314 ταύτην
930 3241 1213 3313 ἐστόμωσε
1241 3256 1255 3272 ·
1294 3238 1393 3294 καὶ
1423 3238 1718 3308 Φιλοσοφία
1753 3237 1913 3292 ἐθεαο

334 3334 621 3407 γὼγησεν.

336 3480 576 3536 labatur.
608 3476 869 3535 Prmeuti
897 3495 993 3551 ego
1025 3477 1294 3551 triumpho
1329 3478 1603 3549 antiquos.
1643 3477 1708 3531 de
1741 3476 1927 3549 quibus

335 3576 560 3631 historia
592 3575 911 3629 mentionem
937 3574 1094 3644 facit,
1122 3573 1297 3639 uinco,
1334 3582 1590 3646 quotquot
1618 3570 1930 3638 eloquentia:

339 3675 536 3733 mater,
569 3665 794 3729 Gracia,
821 3673 1076 3738 quotquot
1091 3667 1267 3736 prisca
1302 3663 1470 3720 Roma
1496 3662 1641 3729 tulit,
1673 3665 1931 3722 Catonem

340 3764 587 3832 inquam,
616 3759 908 3826 Casarem,
964 3758 1193 3813 Brutum
1252 3767 1301 3812 et
1347 3756 1708 3814 Timoleonem
1747 3757 1935 3814 Corin-

274 3925 276 3927 b
339 3856 531 3910 thium.
563 3851 646 3908 Ibi
673 3855 813 3909 enim
845 3853 938 3923 qui
970 3852 1025 3908 in
1055 3851 1252 3906 theatri
1273 3865 1487 3905 scenam
1522 3851 1804 3921 prodibant
1835 3867 1937 3924 pu-

337 3956 594 4022 gnatores
642 3947 1000 4019 conﬂuebant,
1052 3942 1321 4018 alligiente
1363 3958 1451 3999 eos
1494 3945 1572 3998 rei
1629 3954 1931 4001 venustate.

339 4021 551 4096 idcirco
599 4041 762 4094 etiam
798 4054 962 4092 novus
986 4021 1286 4106 sanationis
1312 4035 1499 4092 modus
1539 4039 1756 4108 egrotis
1783 4037 1938 4092 adhi-

342 4136 496 4190 betur
527 4135 735 4190 :virtus
763 4142 997 4188 mortuos
1029 4131 1348 4192 resuscitat;
1377 4128 1700 4184 desiderium
1728 4131 1936 4186 morbos

341 4233 400 4287 in
427 4230 700 4300 angustias
723 4229 889 4298 cogit;
923 4242 1087 4281 etenus
1107 4224 1170 4289 ﬁt
1198 4224 1451 4295 Lynceus,
1486 4225 1579 4294 qui
1607 4223 1721 4277 sine
1749 4239 1935 4291 manu,

348 4324 626 4390 Briareus,
658 4322 880 4376 claudus
904 4320 1076 4375 evadit
1105 4328 1312 4388 rectus;
1355 4326 1534 4373 mutus
1554 4319 1609 4371 in
1640 4314 1937 4374 Stentorem

341 4418 644 4474 clamosum
673 4423 939 4471 mutatur.

419 4509 548 4578 Quis
578 4511 744 4583 igitur
772 4508 837 4562 de
867 4509 945 4563 his
974 4509 1215 4562 omnibus
1256 4524 1363 4564 non
1401 4508 1654 4582 gaudebit
1689 4521 1739 4566 et
1776 4527 1943 4584 pane-

343 4604 553 4680 gyridis
598 4601 880 4675 praesidem
931 4603 1141 4672 hymnis
1193 4603 1527 4658 ceiebrabit.’
1579 4604 1692 4674 Ego
1732 4605 1942 4677 quidem

2009 2040 2080 2108 τῇ
2108 2036 2391 2106 πολιτείᾳ,
2429 2036 2528 2092 καὶ
2577 2034 2727 2092 λίθον
2758 2038 3163 2110 ἅκρογωνιαῖον
3193 2037 3263 2091 τὰ
3308 2037 3411 2108 τῆς
3457 2035 3598 2090 Ῥω-

2018 2131 2209 2203 μαῖδος
2241 2131 2584 2185 συνάπτοντα
2621 2129 2788 2204 μέρη,
2831 2131 2949 2198 καὶ,
2981 2131 3224 2195 συνόλως
3277 2129 3471 2200 φάναι,
3502 2130 3600 2199 βα-

2012 2224 2214 2278 σίλειον
2241 2223 2564 2295 ἱεράτευμα.

2087 2320 2187 2371 Διά
2215 2317 2379 2372 τοῦτό
2405 2333 2464 2372 οε
2495 2318 2592 2387 καὶ
2648 2316 2841 2379 Ἑλλὰς
2881 2317 2918 2388 ἠ
2968 2315 3406 2389 πολυθρύλλητος
3469 2314 3598 2386 ἔσχε

2020 2409 2280 2479 μέγιστον
2300 2410 2582 2482 ήγεμόνα”
2613 2408 2873 2465 κάκεῖθεν
2931 2409 3300 2466 ἐπανελθόντα
3329 2410 3363 2482 ἡ
3388 2405 3599 2473 Βύζανυ

2017 2519 2108 2568 τος
2131 2504 2427 2573 ἐμερίσατο
2456 2520 2473 2538 ο
2501 2504 2598 2559 καὶ
2634 2504 2696 2560 τὸ
2749 2504 2850 2574 μέν
2898 2518 2992 2558 σου
3025 2503 3105 2577 τῷ
3144 2502 3350 2576 βήματι
3376 2502 3600 2569 δέδωκε,

2018 2593 2082 2648 τὸ
2128 2594 2184 2648 δὲ
2231 2597 2298 2666 τῇ
2346 2594 2596 2668 πολιτείᾳ
2640 2597 2933 2668 νενέμηκε,
2969 2597 3065 2651 καὶ
3099 2597 3493 2660 ἀδιάσπαστον,
3525 2594 3604 2658 ὡς

2018 2687 2167 2739 εἴποι
2192 2703 2296 2750 τις,
2325 2685 2660 2743 διεσπάσατο
2687 2702 2706 2720 ⁶
2739 2688 2838 2744 καὶ
2883 2686 2968 2754 δὶς
3016 2690 3152 2760 ἡμῖν
3197 2687 3605 2760 ὀρφανοτρόφος

2016 2778 2286 2851 ἐκπέμπῃ
2314 2781 2469 2852 παρὰ
2501 2782 2596 2835 τοῦ
2630 2781 2900 2854 κραταιοῦ
2924 2781 3354 2852 αὐτοκράτορος.
3395 2780 3602 2851 Χαιρέα

2015 2887 2099 2926 τω
2123 2872 2220 2942 μὲν
2253 2871 2344 2928 οὖν
2379 2876 2408 2927 6
2432 2874 2819 2942 ἀπεσταλκὼς,
2859 2877 2957 2930 καὶ
2984 2877 3126 2930 κατὰ
3156 2876 3463 2949 Βαρϐάρων
3521 2874 3606 2928 ἐτι

2022 2965 2120 3020 καὶ
2179 2965 2262 3020 ἔτι
2319 2968 2775 3039 τροπαιουχείτω,
2830 2969 3141 3024 διακόπτων
3192 2971 3248 3023 ἐν
3297 2969 3607 3040 παρατάξει

2019 3059 2266 3127 κεφαλὰς
2292 3060 2592 3126 δυναστῶν,
2613 3064 2707 3117 καὶ
2735 3062 2827 3119 τὸν
2858 3063 2992 3117 πόδα
3038 3063 3258 3135 βάπτων
3285 3062 3608 3135 ἀλλοφύλων

2017 3149 2078 3203 ἐν
2107 3151 2330 3224 αἵματι.
2353 3148 2611 3226 ’Χαιρέτω
2641 3156 2698 3210 δέ
2719 3158 2747 3210 ό
2774 3158 3128 3224 ἀποσταλεὶς,
3164 3158 3282 3224 καὶ,
3337 3156 3479 3229 μετὰ
3509 3155 3607 3209 τοῦ

2021 3244 2153 3297 εὐάν
2186 3245 2282 3302 καὶ
2329 3247 2440 3312 ζῶν
2495 3251 2595 3304 καὶ
2638 3250 3020 3322 διατιθέμενος
3042 3250 3140 3325 τὴν
3171 3250 3372 3326 ἀρχὴν,
3423 3250 3615 3322 διατηο

2023 3337 2226 3407 ρείσθω
2253 3344 2389 3414 ἡμῖν
2415 3343 2793 3418 πολυχρόνιος.

2028 3473 2354 3553 philosOphia
2389 3494 2565 3541 autem
2599 3486 2706 3544 Deo
2734 3487 3197 3560 appropinquavit.

2103 3575 2208 3631 Sed
2237 3578 2300 3630 de
2321 3577 2403 3632 his
2442 3580 2650 3636 dicendi
2676 3596 2770 3635 nec
2801 3579 2943 3636 locus
2978 3595 3120 3635 nunc
3151 3594 3247 3634 nec
3272 3588 3473 3649 tempus
3514 3584 3614 3634 est.

2033 3668 2185 3736 Quod
2238 3679 2416 3726 autem
2455 3687 2560 3727 non
2608 3673 2784 3727 minus
2829 3672 2901 3729 ad
2954 3687 3086 3738 rem,
3145 3670 3250 3724 imo
3304 3666 3618 3740 panegyridi

2033 3766 2229 3833 optime
2246 3765 2504 3828 convenit,
2530 3765 2584 3818 id
2616 3765 2918 3820 memorabo
2944 3772 3002 3818 ut
3032 3765 3224 3819 harum
3254 3777 3433 3817 rerum
3462 3761 3621 3831 periti

2033 3872 2098 3912 ex-
2126 3873 2303 3930 nngne
2327 3857 2528 3915 leonem
2557 3866 2896 3928 cognoscant.
2937 3856 3069 3914 Cum
3101 3858 3247 3912 enim
3271 3871 3427 3910 omne
3454 3854 3620 3925 impe—

2037 3954 2176 4008 rium
2209 3950 2430 4022 duplex,
2458 3947 2870 4009 ecclesiasticum
2900 3958 2950 4006 et
2983 3950 3208 4022 regium,
3242 3957 3299 4004 tu
3325 3947 3470 4002 solus
3506 3962 3595 3999 am

2037 4045 2197 4101 bobus
2243 4046 2551 4117 satisfacere
2593 4047 2837 4101 inrentus
2882 4061 2956 4101 es.
2993 4044 3144 4099 Alius
3187 4043 3401 4114 quidem
3448 4039 3622 4110 regias

2038 4141 2224 4195 domus
2263 4140 2489 4196 custodit
2527 4148 2578 4195 et
2627 4140 2836 4212 publica
2880 4138 2992 4210 regi
3026 4137 3238 4208 negotia
3285 4145 3410 4189 ante
3443 4131 3624 4188 oculos

2039 4239 2221 4310 ponit;
2253 4234 2393 4292 alius
2419 4233 2659 4289 tribunal
2682 4233 3098 4288 ecclesiasticum
3126 4248 3191 4286 ne
3213 4231 3356 4286 novit
3379 4229 3624 4296 quidem;

2039 4337 2180 4392 alius
2209 4331 2422 4390 ordines
2466 4327 2673 4400 recipit,
2708 4346 2741 4383 a
2788 4326 3091 4398 reipublica
3123 4342 3244 4380 vero
3283 4324 3630 4378 administra-

2041 4433 2183 4488 tione
2225 4427 2433 4484 alienus
2480 4419 2580 4480 est.
2628 4423 2695 4479 Te
2741 4437 2808 4476 ea:
2853 4421 3094 4477 omnibus
3131 4436 3292 4474 unum
3342 4427 3639 4488 utrumque.

2042 4523 2280 4582 tribunal
2309 4522 2407 4578 sibi
2440 4519 2748 4578 vindicavit.
2784 4516 2855 4572 Te
2879 4517 3021 4572 enim
3053 4515 3123 4570 ad
3160 4530 3357 4586 magna
3397 4515 3632 4568 destina—

2047 4631 2160 4676 tum
2190 4627 2242 4672 et
2272 4631 2501 4672 canones
2531 4611 2782 4666 Ecclesia
2811 4617 2859 4664 et
2876 4609 3103 4664 codicem
3131 4606 3334 4661 ciuilem
3358 4606 3629 4675 cognitum

347 4714 532 4756 omnes
563 4696 666 4752 viri
691 4694 913 4750 virtutes
945 4711 1258 4765 percurrere
1281 4705 1331 4750 et
1365 4698 1601 4769 undique
1635 4697 1850 4753 laudern
1886 4703 1934 4756 ei
1966 4736 2012 4792 ὓ
2043 4719 2232 4781 ἔκθετα
2286 4711 2477 4766 decuit.
2539 4712 2606 4761 Te
2657 4704 2889 4774 lapidem
2937 4699 3276 4773 angularem,
3326 4707 3375 4754 te
3408 4712 3627 4768 regnum

346 4791 635 4849 corradere
662 4786 958 4858 plurimum
988 4787 1250 4843 desidero.
1287 4789 1391 4844 Sed
1415 4793 1623 4862 utrique
1653 4795 1936 4859 renuntio;

346 4902 465 4960 prie
493 4884 685 4956 gaudio
715 4883 856 4936 enim
887 4881 1043 4934 verba
1075 4897 1194 4936 mea
1225 4899 1330 4936 non
1360 4884 1492 4938 satis
1519 4884 1682 4954 fortia
1711 4898 1857 4950 sunt,
1888 4896 1941 4943 et

348 4985 669 5052 hymnomm
723 4978 1085 5031 canendarum
1135 4976 1232 5031 alii
1285 4993 1415 5031 cura
1465 4987 1563 5032 est.
1618 4979 1731 5035 Tibi
1776 4981 1940 5048 enim,

350 5076 589 5134 maxime
619 5071 1000 5144 nomophglax,
1033 5072 1298 5125 causidice
1337 5073 1649 5141 iustissime,
1681 5075 1948 5144 orphano-

354 5170 544 5240 trophe
596 5165 952 5228 celeberrime,
1001 5165 1237 5233 contigit.
1270 5167 1417 5220 nasci
1449 5165 1616 5220 nobili
1654 5163 1790 5233 loco,
1818 5167 1948 5221 edu-

354 5264 475 5320 cari
506 5263 655 5328 item,
685 5268 736 5314 et
771 5260 849 5316 sic
879 5261 1112 5328 undique
1157 5261 1315 5314 laude
1344 5259 1628 5314 cumulari.
1668 5259 1734 5315 Te
1768 5276 1948 5330 gram-

357 5358 560 5415 matica
614 5371 839 5427 puerum
905 5353 1177 5424 splendide
1234 5354 1487 5419 instituit,
1535 5356 1677 5425 poesi
1735 5355 1944 5418 imbuit,

357 5467 608 5508 numeros
657 5451 972 5521 rhythmicos
1027 5447 1254 5502 edocuit.
1291 5445 1569 5501 Rhetorica
1615 5456 1799 5517 postea
1850 5447 1952 5501 lin-

358 5562 529 5618 guam
569 5553 717 5600 tuam
762 5542 884 5613 igne
937 5541 1109 5596 Attico
1153 5539 1390 5593 accendit
1416 5547 1468 5592 et
1507 5538 1578 5594 ad
1603 5539 1948 5610 quodcunque

359 5640 570 5695 dicendi
609 5654 673 5693 ac
700 5637 825 5708 styli
859 5652 1022 5706 genus
1063 5635 1310 5689 idoneum
1341 5649 1404 5687 ac
1444 5643 1746 5704 promptum
1782 5633 1956 5685 reddi-

362 5737 464 5792 dit.
505 5731 670 5805 Leges
718 5730 907 5786 deinde
953 5728 1212 5785 condendi
1252 5727 1472 5783 scientia
1519 5726 1772 5780 disertum
1806 5725 1950 5794 fecit,

446 5851 493 5884 "
525 5848 547 5904 1
580 5847 731 5902 Petr.
755 5844 895 5910 ",6.

439 5969 556 6046 (50)
582 5961 745 6024 (Ioui.
772 5962 836 6023 Ι).
859 5962 1142 6029 Basiliam,
1174 5958 1243 6014 ad
1274 5954 1568 6016 Maximum
1596 5951 1784 6022 philos.

2041 4811 2207 4872 simul
2237 4826 2299 4865 ac
2331 4803 2684 4862 sacerdotium
2702 4797 2751 4831 ⁸⁸
2766 4807 2944 4852 tenere
2973 4797 3029 4850 in
3067 4795 3192 4866 fatis
3222 4793 3345 4864 fuit.

2113 4906 2267 4963 Hanc
2326 4899 2388 4955 ob
2443 4911 2665 4953 causam
2710 4892 2914 4950 Graecia
2963 4888 3189 4945 illustris
3234 4901 3284 4941 te
3336 4886 3630 4941 maximum

2039 5002 2226 5057 ducem
2249 4995 2452 5062 habuit,
2483 5000 2532 5048 et
2561 4988 2872 5061 Byzantium
2903 4993 3083 5056 postea
3110 4982 3338 5054 possedit
3360 4990 3406 5035 et
3439 4979 3616 5034 indivi-

2047 5095 2215 5150 duum
2245 5094 2384 5147 inter
2418 5085 2710 5141 Ecelesiam
2743 5092 2792 5137 et
2823 5078 3338 5135 administrationem
3371 5074 3630 5140 diuisit,“

2049 5188 2124 5244 bis
2147 5183 2631 5258 orphanotrophum
2655 5177 2885 5232 instituit
2907 5176 3198 5246 imperator
3215 5169 3629 5243 potentissimus.

2046 5281 2289 5338 Gaudeat
2316 5278 2478 5349 igitur
2513 5272 2604 5346 qui
2636 5278 2684 5325 te
2706 5270 2870 5332 misit,
2902 5275 2953 5322 et
2978 5266 3041 5320 de
3066 5263 3318 5319 Barbaris
3351 5262 3632 5332 triumphet

2048 5373 2259 5437 iterum,
2284 5368 2464 5441 capita
2485 5374 2863 5435 usurpatorum
2888 5359 3205 5415 obtruncant
3230 5365 3278 5409 et
3305 5354 3630 5426 alienigena-

2048 5483 2170 5522 rum
2196 5465 2350 5535 pedes
2396 5459 2656 5531 sanguine
2704 5455 3004 5526 baptizans.
3057 5448 3301 5505 Gaudeat
3333 5450 3499 5503 etiam
3540 5445 3633 5518 qui

2048 5562 2236 5615 missus
2257 5566 2333 5613 est
2349 5565 2398 5613 et
2420 5571 2538 5611 cum
2557 5550 2811 5627 felicitate
2835 5548 3006 5606 vivens
3024 5564 3087 5604 ac
3110 5561 3338 5618 regnans
3362 5542 3452 5599 diu
3484 5542 3636 5600 nobis

2045 5653 2276 5711 intersit.
