3966 6296
488 337 628 410 1295

1677 352 2076 414 THEODORI
2123 357 2524 420 i'RODROMI

3605 369 3717 438 1296

480 456 656 556 λείωνΔ
679 462 814 532 (12).
847 462 1033 556 Οὕτως
1062 464 1156 556 ούν
1198 463 1670 556 οὑ-δυσχεραίνειν
1715 467 1844 530 ἔδει,
1877 469 1979 522 κᾶν
2003 473 2069 541 τῇ
2101 481 2144 535 Α
2176 473 2420 543 θρωπον,
2482 478 2738 547 κρονικὸν
2773 477 2874 548 τὴν
2920 478 3159 549 ἠλικίαν,
3209 484 3394 554 ρικνδν
3426 484 3524 556 τὴν
3552 487 3720 543 ἀναὸο-

483 552 735 624 παρούσῃ
764 553 1236 623 συνετελευτῶμεν
1269 554 1406 624 ζωῇ.
1453 556 1608 608 Ἐπεὶ
1631 557 1688 609 δὲ
1710 556 1981 612 ἀθάνατόν
2002 578 2060 613 τι

482 644 676 717 χρῆμα
706 646 841 716 ἡμῖν
869 647 902 716 ἡ
931 647 1101 716 ψυχὴ,
1133 646 1227 700 καὶ
1256 646 1402 714 ζωῆς
1426 647 1618 720 ἑτέρας
1647 650 1985 713 κατάστασις
2008 654 2064 705 ἐν

480 735 668 789 ἐλπίσι
702 738 904 801 κεῖται,
941 737 1036 788 καὶ
1069 739 1252 791 ποιναὶ
1295 738 1519 804 κακίας,
1564 741 1658 792 καὶ
1687 743 1893 812 ἀρετῆς
1920 746 2062 796 ἀντι-

481 823 675 893 δόσεις,
707 829 857 900 πόσῳ
889 831 950 883 τὸ
981 831 1119 900 μετά
1151 833 1245 884 τοῦ
1271 832 1440 885 καλοῦ
1474 833 1733 888 πένεσθαι
1766 835 1860 888 τοῦ
1901 837 2065 889 πλου-

481 922 594 972 τεῖν
614 919 750 988 μετά
777 920 1108 989 φαυλότητος
1129 920 1354 975 ὀλϐιώτε
1363 941 1455 993 ρον
1481 942 1495 989 ;

554 1012 619 1065 Σὲ
647 1012 702 1065 δὲ
741 1012 878 1065 ἀλλά
918 1012 1025 1065 τῶν
1055 1015 1405 1084 πραγμάτων
1430 1017 1559 1079 ἴσως
1592 1017 1900 1089 ήάνισότης
1937 1021 2067 1090 ἀνή-

483 1106 680 1160 νασθαι
720 1107 820 1178 τὴν
866 1107 1134 1179 Πρόνοιαν
1181 1110 1405 1176 ἐπεισες
1464 1113 1575 1165 Καὶ
1621 1113 1727 1186 μὴν
1764 1115 1850 1168 διὰ
1901 1116 2066 1169 τοῦτο

486 1197 692 1268 μᾶλλον
725 1199 967 1267 εἰσάγειν
1021 1201 1191 1271 ἐχρῆν
1245 1203 1342 1273 τὴν
1382 1204 1667 1273 Πρόνοιαν.
1709 1206 1795 1269 Ὠς
1829 1208 1935 1277 γὰρ
1966 1210 2064 1260 οὐκ

487 1292 551 1344 ἄν
582 1307 712 1343 ποτε
767 1291 857 1344 ἐπὶ
912 1294 1182 1362 μουσικῆς
1219 1296 1424 1364 ῥυθμὸς
1472 1298 1702 1366 συσταίη
1753 1299 1846 1350 καὶ
1879 1299 2060 1366 μέλος,

486 1383 700 1454 βαρέων
729 1384 903 1455 μόνως
924 1385 1092 1438 ὄντων
1123 1387 1153 1458 ἢ
1184 1387 1351 1452 ὀξέων
1375 1389 1482 1441 τῶν
1506 1390 1761 1458 φθόγγων
1783 1392 2058 1452 ἁπάντων,

478 1476 621 1531 ἀλλά
640 1477 706 1548 τῇ
734 1477 1063 1548 παραπλοκῇ
1102 1479 1211 1532 τῶν
1251 1480 1580 1534 ἀνισοτόνων
1607 1484 1638 1550 ή
1679 1485 1912 1553 ἁρμονία
1941 1501 2065 1551 γεν-

483 1569 681 1623 νᾶσθαι
734 1569 961 1623 εἴωθεν·
1018 1570 1160 1623 οὓτω
1208 1574 1300 1624 καὶ
1353 1576 1377 1625 ὁ
1412 1572 1534 1625 καθ’
1565 1574 1715 1644 ἡμᾶς
1757 1574 1902 1633 ἀπας
1946 1573 2062 1643 βίω

483 1663 604 1727 ταῖς
633 1662 912 1732 ἀνισότησι
950 1661 1061 1716 τῶν
1117 1665 1465 1734 πραγμάτων
1501 1665 1605 1718 ὑπὸ
1661 1666 1761 1736 τῆς
1794 1666 2060 1734 Προνοίας

476 1753 764 1824 ,μουσικῶς
799 1753 1296 1826 κατερῥύθμισται.
1333 1755 1493 1809 Ἀλλά
1518 1757 1726 1810 τούτων
1752 1758 1880 1825 ύμῖν
1912 1758 2060 1810 αἰτία

2170 565 2269 635 λὴν
2300 567 2439 638 (15),
2465 568 2566 640 τὴν
2598 568 2968 640 Πυθαγόρειον
3001 571 3187 643 ὤχραν
3216 575 3275 627 ὲν
3303 578 3416 641 τοῖς
3442 582 3724 647 προσώποις

2171 659 2568 727 προφαίνοντα,
2604 662 2699 713 καὶ
2735 663 2970 734 νάρθηκι
3007 666 3279 737 καμπύλῳ
3335 669 3478 721 κατά
3508 671 3595 722 τὸν
3629 671 3727 724 Σειο

2172 749 2333 817 ληνὸν
2366 750 2752 819 ὲρειδόμενον;
2795 753 2860 804 Τί
2898 772 3028 807 ποτε
3065 752 3219 819 εἶπες
3267 757 3334 811 ἂν
3369 761 3496 828 περὶ
3517 761 3724 827 τούτον;

2172 842 2286 912 Οὐχ
2313 842 2386 906 ὡς
2417 843 2734 914 θεοπρεπὴς
2789 840 2947 907 οὗτος
2980 847 3122 916 ἁνήρ
3148 867 3162 914 ;
3213 849 3312 919 οὐχ
3336 848 3412 913 ὡς
3439 850 3611 922 ίερός;
3647 855 3728 923 οὐχ

2170 935 2245 998 ὡς
2270 937 2586 1006 ἀπρονόητα
2614 941 2811 1000 πάντα,
2850 940 2925 1010 μὴ
2955 940 3215 995 τοιούτων
3245 943 3646 1012 πλουτούντων;
3669 944 3728 1000 Εὖ

2171 1022 2264 1079 οἷδ’
2317 1027 2396 1078 ὅτι
2429 1026 2523 1078 καὶ
2577 1027 2767 1083 πλείω.
2810 1030 2954 1083 Ἀλλ’
2990 1030 3100 1099 ἐγὼ
3133 1033 3224 1086 τὸν
3259 1037 3732 1106 ἀναγεγραμμένον

2171 1118 2392 1189 ἑώρακα
2453 1119 2651 1173 πολλοῦ
2710 1122 2903 1176 δέοντα
2942 1126 3087 1195 ίερον
3143 1123 3308 1183 εἶναι.
3366 1130 3734 1201 Συλῶνταγάρ

2173 1214 2335 1266 αὑτὸν
2365 1216 2466 1277 τὰς
2509 1218 2884 1281 κατοικιδίους
2910 1219 3021 1271 τῶν
3047 1219 3280 1291 ὀρνίθων
3312 1224 3652 1293 αἰσθόμενος,
3675 1227 3734 1297 ἣν

2175 1305 2272 1372 μὲν
2306 1305 2402 1373 τῆς
2428 1308 2609 1376 χειρὸς
2640 1307 2974 1378 ἀφειλόμην,
3010 1311 3076 1380 ἣν
3109 1312 3162 1364 δὲ
3186 1313 3280 1366 τοῦ
3316 1315 3518 1367 κόλπου
3555 1316 3738 1385 ἐξήγα-

2170 1415 2284 1463 γον.
2317 1398 2480 1469 Ὀρᾷς
2503 1400 2577 1462 ὡς
2609 1401 2898 1470 ὑποκρίσει
2923 1402 3105 1472 ζῶμεν
3126 1405 3407 1472 ἅνθρωποι
3461 1408 3528 1460 τά
3562 1408 3736 1476 πολλάν

2173 1493 2265 1543 καὶ
2289 1491 2623 1562 πλανώμεθα
2652 1495 2783 1565 περὶ
2803 1499 2894 1548 τὸν
2918 1495 3038 1548 ὄνον
3068 1500 3130 1567 τῇ
3159 1498 3408 1570 ὶεοντικῇ
3435 1500 3546 1569 (16)
3567 1503 3653 1554 καὶ
3682 1506 3737 1572 τῇ

2168 1585 2414 1654 νυμφικῇ
2449 1585 2606 1655 στολῇ
2640 1587 2769 1656 περὶ
2796 1587 2895 1656 τὴν
2923 1588 3097 1656 γαλῆν
3125 1587 3260 1658 (1⁸7).
3293 1591 3560 1663 Καθάπερ
3587 1596 3684 1664 γὰρ
3712 1598 3739 1666 ἡ

2179 1674 2531 1746 Ἀχιλλειακὴ
2573 1678 2848 1730 πανοπλία
2886 1679 3239 1748 περιτεθεῖσα
3290 1683 3384 1734 τὸν
3413 1684 3738 1753 Πάτροκλον,

2178 1762 2432 1833 Ἀχιλλέα
2453 1766 2588 1827 τέως
2617 1771 2844 1837 παρεῖχε
2864 1766 2954 1821 τὸν
2972 1770 3262 1822 Μενοιτίου
3280 1771 3602 1836 δοξάζεσθαι
3619 1777 3737 1846 (13),

483 1846 753 1918 ήάγνοια,
787 1848 851 1917 ἢν
901 1846 1072 1899 δεινὸν
1120 1843 1280 1912 εἶναι,
1327 1848 1422 1902 καὶ
1451 1851 1478 1901 6
1525 1849 1694 1918 Σύρος
1719 1850 1830 1916 (15)
1879 1851 2066 1936 εἴρηκε
2099 1835 2145 1894 Β
2176 1859 2268 1909 καὶ
2305 1859 2592 1911 Λουκίλιον
2619 1835 2739 1912 ἀντὶ
2776 1835 3018 1930 Προύτου
3060 1863 3244 1917 λαϐὼν
3281 1868 3310 1918 6
3347 1867 3569 1936 Καίσαρ
3597 1835 3743 1920 κίτὲζ

475 1939 673 2008 ῥήτωρ
693 1937 826 2007 (14),
848 1937 1008 1990 τοῦτὸ
1036 1953 1097 2005 γε
1124 1939 1283 2007 μόνον
1306 1940 1424 2010 οὐχὶ
1447 1939 1810 2010 ψευσάμενος.
1840 1935 1934 2004 Οἷς
1963 1942 2069 2011 γὰρ

480 2029 585 2083 οὐκ
638 2029 943 2098 ἀναπτῆναι
999 2031 1136 2097 πρὸς
1193 2029 1389 2099 αἰθέρα
1453 2029 1756 2100 δυνάμεθα,
1817 2033 1912 2082 καὶ
1966 2033 2067 2094 τὰς

481 2120 664 2182 αίτίας
695 2122 1033 2190 αὑτοπτῆσαι
1065 2121 1349 2189 καθαρῶς,
1389 2123 1631 2184 καὶτοὺς
1673 2123 1862 2189 λῧγους
1893 2121 1960 2174 δι’
1993 2117 2067 2176 ὧν

485 2215 548 2266 τὸ
581 2213 743 2284 πᾶνὴ
777 2214 1008 2283 Πρόνοια
1037 2214 1221 2266 τάττοι
1256 2215 1434 2282 σοφῶς
1478 2218 1574 2267 καὶ
1598 2216 2064 2283 ἐπιστημονικῶς,

475 2309 693 2371 ⁷τούτοις
719 2307 943 2372 ἀταξίαν
964 2307 1057 2360 τοῦ
1090 2308 1292 2371 παντὸς
1318 2311 1838 2381 καταψηφιζόμεθα.
1872 2313 2062 2364 Καίτοι

484 2401 725 2456 συνιέναι
743 2399 931 2469 ἐχρῆν,
952 2399 1028 2459 ὡς
1048 2398 1175 2463 τοὺς
1204 2406 1600 2471 προνοητικοὺς
1632 2401 1826 2471 λόγους
1859 2403 2064 2469 γνῶναι

482 2495 771 2564 ἀμήχανον
819 2489 898 2561 τῷ
921 2490 1056 2561 μηδὲ
1087 2491 1436 2560 ἀνθρωπίνης
1461 2494 1774 2564 αἰσθομένω
1796 2495 1864 2548 τὰ
1893 2496 2064 2552 πολλὰ

475 2585 746 2650 διανοίας.
797 2582 1082 2655 Ἑώρακας
1140 2584 1270 2655 γὰρ,
1309 2586 1428 2639 είπέ
1473 2603 1584 2656 μοι,
1619 2587 1931 2660 πρεσϐύτην
1967 2588 2064 2642 ἄν·

484 2774 714 2840 videtur,
747 2786 806 2830 et
853 2775 1012 2832 Plato
1049 2793 1167 2831 cum
1207 2786 1522 2849 paupertate
1569 2795 1730 2850 quam
1777 2780 2065 2852 Dionysius

484 2883 604 2922 cum
651 2868 934 2939 tyrannide
969 2885 1078 2924 esse
1121 2869 1344 2936 malim,
1379 2873 1472 2939 qui
1522 2881 1755 2942 tempore
1805 2884 2068 2944 postremo

485 2962 726 3032 captivus
776 2959 1015 3016 Corinthi
1068 2962 1125 3015 in
1195 2959 1417 3015 taberna
1472 2962 1829 3028 unguentaria
1885 2967 2066 3018 vinum

486 3065 631 3122 aqua
677 3052 893 3106 mistum
931 3051 1100 3106 bibere
1132 3051 1270 3106 visus
1313 3060 1408 3106 est.
1443 3051 1616 3124 Igitur
1651 3071 1753 3108 non
1791 3071 1932 3126 (egro
1957 3071 2066 3111 esse

485 3144 665 3197 animo
687 3143 952 3224 debemus,
971 3144 1181 3198 etiamsi.
1205 3160 1329 3198 cum
1352 3146 1602 3215 prtesenti
1627 3148 1736 3201 vita
1754 3164 2062 3218 pereamus.

487 3233 625 3301 Quia
651 3246 828 3293 autem
859 3239 1043 3292 anima
1070 3246 1257 3293 nostra
1284 3241 1602 3295 immortalis
1632 3249 1730 3305 est,
1762 3253 1812 3296 et
1836 3243 2057 3300 alterius

479 3336 608 3391 vita:
635 3354 753 3407 spes
792 3337 962 3401 adest.
1005 3339 1144 3391 sicut
1176 3345 1227 3390 et
1253 3339 1442 3410 impios
1472 3355 1637 3408 paena
1668 3347 1716 3393 et
1753 3342 1864 3411 pios
1888 3357 2063 3396 remu-

483 3432 783 3486 nerationes
830 3439 1071 3494 manent,
1126 3440 1325 3500 quanto
1369 3431 1554 3486 melius
1592 3441 1669 3485 est
1709 3448 1830 3486 cum
1858 3435 2050 3488 virtute

483 3539 769 3596 pauperem
795 3541 904 3579 esse
940 3539 1099 3594 quam
1127 3540 1248 3578 cum
1284 3525 1548 3595 pravitate
1571 3525 1785 3579 divitem
1799 3527 1824 3579 .'

551 3699 655 3756 Sed
699 3701 927 3771 fortuna:
956 3712 1006 3757 et
1034 3703 1392 3758 conditionum
1434 3703 1828 3776 inaequalitates
1885 3706 2070 3759 Provi-

481 3795 717 3849 dentiam
750 3810 945 3865 negare
1008 3795 1143 3864 forte
1176 3797 1427 3851 suadent.
1464 3796 1530 3852 At
1565 3797 1620 3850 id
1648 3797 1826 3867 ipsum
1880 3796 2066 3850 Provi-

481 3887 716 3941 dentiam
739 3904 847 3942 esse
882 3905 965 3942 me
1014 3890 1224 3959 quidem
1256 3891 1467 3945 credere
1497 3891 1655 3960 cogit.
1688 3888 1759 3944 Ut
1795 3891 1933 3942 enim
1977 3906 2071 3943 nec

482 3979 540 4034 in
577 3982 775 4034 musica
823 3981 1096 4050 rhythmus
1144 3987 1302 4051 atque
1342 3982 1623 4036 harmonia
1650 3997 1759 4035 esse
1791 3987 1985 4051 posset,
2020 3981 2066 4034 si

482 4085 661 4125 omnes
700 4071 819 4125 soni
850 4087 1058 4143 graves,
1111 4080 1205 4126 aut
1248 4075 1294 4126 si
1342 4089 1533 4126 omnes
1579 4072 1721 4127 acuti
1753 4073 1946 4141 forent,
1975 4072 2068 4125 sed

484 4176 549 4216 ea:
586 4179 837 4216 sonorum
867 4163 1169 4217 diversitate
1209 4164 1420 4218 demum
1450 4166 1730 4218 harmonia
1765 4165 1963 4234 prodit,
1989 4166 2065 4218 sic

483 4263 534 4310 et
557 4263 702 4328 apud
731 4272 824 4311 nos
842 4258 957 4328 ipsa
981 4257 1345 4311 conditionum
1372 4257 1729 4309 humanarum
1759 4257 2064 4310 diversitate

482 4351 611 4406 ordo
655 4359 704 4402 et
759 4349 868 4418 ﬁxa
916 4349 1219 4405 constitutio
1260 4365 1294 4402 a
1351 4345 1699 4402 Providentia
1758 4349 2062 4403 introducta

484 4451 583 4498 est.
616 4439 793 4513 Hujus
823 4442 900 4495 rei
933 4442 987 4495 in
1016 4457 1177 4495 causa
1204 4449 1280 4494 est
1313 4438 1639 4510 ignorantia,
1665 4456 1824 4509 quam
1859 4438 2062 4493 malum

482 4550 592 4589 esse
645 4532 875 4588 asseruit
921 4533 1097 4586 rhetor
1135 4530 1304 4602 Syrus
1347 4529 1677 4600 (Lucianus),
1715 4533 1770 4583 in
1823 4547 1924 4600 quo
1957 4547 2062 4585 uno

485 4644 592 4682 non
637 4634 714 4681 est
771 4625 1036 4681 mentitus.
1088 4623 1225 4689 Quia
1283 4627 1421 4678 enim
1471 4640 1576 4677 non
1632 4624 1733 4678 alis
1787 4625 1841 4678 in
1886 4641 2063 4677 aerem

484 4721 767 4775 ascendere
817 4727 865 4771 et
915 4733 1069 4771 veras
1132 4731 1309 4769 rerum
1349 4731 1556 4777 causas,
1595 4714 1778 4783 quibus
1809 4716 2062 4784 perducta

487 4813 832 4872 Providentia
877 4813 1059 4866 omnia
1084 4812 1352 4879 sapienter
1392 4825 1454 4862 ac
1493 4810 1780 4878 prudenter
1809 4808 2060 4872 instituit,

484 4909 777 4978 perspicere
828 4904 1088 4967 valemus,
1153 4912 1406 4956 naturam
1455 4917 1537 4953 res
1591 4901 1732 4953 male
1784 4903 2061 4955 ordinasse

555 5088 688 5160 (12)“
707 5087 889 5160 Locus
908 5095 991 5143 est
1009 5101 1077 5160 eg;
1108 5083 1400 5160 Plutarcho
1429 5081 1877 5160 (in__Timoteonte,
1907 5082 2045 5160 ξιξ,

487 5152 620 5217 edit.
651 5152 846 5212 'Reisk.
873 5166 1004 5212 tam.
1035 5157 1102 5224 11,
1221 5155 1346 5222 194)
1379 5172 1392 5208 :
1422 5155 1593 5208 οὐδὲν
1644 5156 1769 5240 γὰρ.
1794 5152 2053 5235 obs-supu-

487 5249 624 5279 σεωε
662 5231 691 5279 ὁ
715 5229 835 5279 τότε
866 5228 1078 5279 rem.
1101 5246 1128 5279 ο
1168 5243 1224 5278 τε
1254 5226 1472 5279 τέννηε.
1502 5225 1623 5277 ὅσον
1654 5227 1859 5277 ὲκεινον
1878 5241 2050 5279 tunc

486 5249 624 5292 σεως
662 5231 691 5281 6
715 5229 835 5281 τότε
866 5228 1078 5295 καιρὸς,
1101 5225 1224 5280 οὔτε
1254 5226 1472 5294 τέχνης,
1502 5225 1623 5277 ὅσον
1654 5227 1859 5295 ἐκεῖνον
1878 5225 2050 5295 τύχης

486 5281 646 5372 ἑρξᾰν
688 5281 1471 5372 ἐπεδείξατοξίτὸνλΣικέῇίαξ
1507 5296 1688 5372 ὀλίγον
1742 5281 2057 5372 impasti»)

483 5363 745 5442 τύραννον
777 5371 835 5442 ἐν
888 5367 1135 5442 Κορίνθῳ
1171 5366 1509 5442 διατρίᾷοντα
1541 5366 1667 5442 περὶ
1719 5365 1816 5436 τὴν
1844 5363 2057 5442 ὀψόπω-

485 5436 590 5509 λιν,
628 5442 660 5513 ἢ
700 5440 1005 5513 καθήμενον
1036 5436 1484 5513 ενίμυροπωλίιρ,
1527 5436 2060 5505 πίνοντα-κεκραμέ-

485 5531 575 5567 νον
605 5509 714 5565 ἀπὸ
743 5509 851 5564 τῶν
886 5509 1220 5577 καπηλείων,
1264 5527 1316 5561 κ.
1349 5525 1399 5561 τ.
1449 5510 1498 5560 λ.

556 5583 670 5653 (15)
712 5581 851 5636 Nota
899 5575 1255 5650 marginalis:
1302 5577 1474 5648 Σύρον
1504 5578 1708 5648 ῥήτορα
1757 5576 1910 5645 λέγει
1968 5575 2062 5630 τὸν

484 5653 805 5710 Δονκιανόν.

556 5724 671 5795 (ll)
699 5723 994 5795 Respicere
1027 5722 1246 5795 videtur
1278 5719 1579 5795 adiuitium
1608 5717 1834 5795 Lucisui
1868 5723 2066 5795 tracta-

489 5789 600 5865 tus,
639 5789 1065 5864 Quod'dlfficile'
1123 5792 1405 5846 calumnite
1451 5792 1578 5845 lidcs
1627 5789 1923 5844 adhibenda
1967 5789 2037 5840 sit

2174 1951 2428 2017 σοφίζετο
2468 1951 2578 2020 (19)
2603 1967 2617 1982 ·
2653 1951 2794 2004 οὕτω
2829 1956 3004 2025 σκηνὴ
3059 1954 3252 2025 βαθεῖα
3296 1960 3426 2028 περὶ
3466 1961 3632 2030 ἡμᾶς,
3659 1964 3744 2012 καὶ

2173 2042 2442 2112 παίζομεν
2492 2045 2723 2109 ἑαυτοὺς
2776 2047 2870 2100 καὶ
2931 2048 3270 2118 παιζόμεθα.
3337 2049 3427 2114 Ὦς
3487 2054 3544 2104 εἴ
3591 2054 3740 2107 ποθεν

2171 2132 2338 2206 εἶχες,
2377 2131 2422 2191 ὦ
2483 2138 2594 2208 φίλ’
2625 2141 2838 2210 ἑταῖρε,
2877 2143 3262 2212 πτεροφυῆσαι
3301 2146 3396 2197 καὶ
3422 2145 3739 2216 ὑπερϐῆναι,

2173 2230 2314 2283 κατὰ
2361 2231 2486 2293 τοὺς
2528 2233 2799 2294 ἀετιδέας,
2850 2233 2941 2285 τὸν
2975 2233 3393 2304 ὲλλιμνάζοντα,
3427 2238 3549 2301 καὶ,
3607 2242 3745 2309 παρὰ

2169 2321 2260 2373 τὸν
2293 2321 2488 2392 αἰθέρα
2519 2323 2837 2390 γενόμενος,
2875 2325 3011 2392 πρὸς
3064 2327 3188 2389 τοὺς
3222 2328 3324 2397 τῆς
3372 2329 3641 2399 Προνοίας
3661 2331 3742 2382 λό-

2169 2427 2300 2480 γους
2332 2413 2784 2484 ἀντιὸλεπτῆσαι,
2817 2415 3142 2485 ἐθαύμασας
3192 2418 3260 2472 ἂν
3285 2419 3347 2472 τὸ
3396 2421 3608 2489 ταύτης
3638 2425 3747 2475 tnt-

2176 2505 2528 2574 στημονικόν.
2563 2506 2677 2560 Νῦν
2700 2508 2754 2560 δὲ
2777 2507 2936 2574 ἀλλά,
2971 2509 3193 2580 πτηνῶν
3217 2511 3328 2580 γὰρ
3355 2512 3451 2564 καὶ
3482 2513 3746 2582 χερσαίων

2174 2597 2331 2662 ζώων
2390 2599 2525 2655 πολὺ
2580 2600 2640 2654 τὸ
2672 2602 2958 2672 διάφορον,
3007 2603 3155 2657 καθὰ
3200 2606 3298 2658 καὶ
3332 2606 3500 2674 ὁρίων
3531 2607 3748 2678 Φρυγῶν

2167 2801 2496 2840 accusamus.
2525 2791 2592 2840 At
2636 2787 2691 2841 id
2721 2789 3163 2843 considerandum
3203 2798 3280 2843 est
3322 2791 3464 2860 quod
3495 2792 3615 2860 ﬁeri
3652 2806 3750 2847 non

2169 2886 2358 2948 potest,
2377 2889 2433 2932 ut
2461 2881 2692 2934 rationes
2719 2883 3069 2936 Providentiae
3101 2893 3518 2953 perscrutemur,
3550 2888 3642 2956 qui
3665 2902 3752 2939 sa-

2169 2971 2387 3040 pissime
2412 2987 2504 3023 nec
2525 2971 2798 3024 hominum
2827 2974 3063 3042 cogitata
3095 2990 3404 3043 pernoscere
3436 2991 3742 3045 possumus.

2179 3059 2366 3114 Vidisti
2402 3062 2573 3114 virum
2627 3072 2786 3114 aetate
2841 3071 3164 3132 provectum,
3223 3066 3470 3119 membris
3523 3070 3749 3138 (egrotis,

2171 3169 2291 3207 cum
2320 3152 2467 3207 vultu
2501 3153 2850 3223 Pythagoreo,
2883 3154 3119 3221 pallido;
3172 3156 3381 3222 baculo,
3413 3169 3475 3212 ut
3526 3159 3748 3225 Silenus,

2173 3247 2510 3300 innitentem.
2536 3247 2799 3310 Quianam
2827 3251 2889 3300 de
2917 3265 2976 3301 eo
3006 3250 3243 3304 dixeris?
3267 3250 3458 3305 Nonne
3481 3255 3578 3307 tibi
3600 3265 3748 3326 caput

2171 3349 2417 3392 sanctum
2464 3350 2510 3392 et
2557 3342 2708 3409 quasi
2751 3342 2990 3396 divinum
3021 3359 3130 3397 esse
3158 3345 3406 3399 videtur?
3458 3349 3652 3402 Nonne
3680 3350 3751 3402 dia

2171 3432 2307 3485 vitiis
2357 3431 2482 3485 talis
2531 3432 2721 3501 dignus
2771 3433 3028 3486 videtur?
3070 3433 3187 3488 Vidi
3218 3436 3358 3488 enim
3386 3437 3560 3491 alium
3593 3440 3645 3492 in
3681 3440 3751 3492 di-

2171 3525 2372 3591 gnitate
2406 3523 2770 3588 constitutum,
2807 3528 2896 3594 qui
2932 3544 2962 3578 a
3010 3528 3299 3580 sanctitate
3335 3527 3640 3595 plurimum
3669 3532 3750 3584 ab-

2171 3615 2438 3668 horrebat.
2483 3613 2616 3668 Cum
2645 3617 2782 3669 enim
2817 3627 3122 3671 mansuetas
3161 3635 3279 3671 eum
3315 3637 3434 3673 aves
3479 3632 3749 3676 venantem

2170 3708 2434 3773 vidissem,
2470 3724 2563 3775 ego
2596 3724 2622 3760 e
2665 3717 2853 3762 contra
2887 3709 3099 3778 plenam
3137 3713 3211 3763 eis
3264 3710 3572 3766 libertatem
3617 3713 3746 3768 dedi.

2173 3798 2354 3852 Viden'
2387 3801 2619 3853 homines
2676 3801 2965 3854 maximam
3020 3811 3228 3871 partem
3275 3803 3486 3859 dolosas
3522 3817 3571 3860 et
3603 3807 3750 3876 hypoo

2170 3890 2329 3943 critus
2389 3906 2520 3952 esse,
2568 3904 2619 3943 et
2674 3893 2962 3960 sagpissime
3025 3892 3261 3962 deceptos
3317 3895 3472 3949 modo
3502 3895 3569 3949 ab
3609 3897 3746 3950 asino

2168 3979 2300 4047 pelle
2323 3980 2535 4033 leonina
2565 3981 2770 4044 induto,
2801 3981 2954 4034 modo
2983 3999 3015 4034 a
3044 3981 3274 4036 mustela
3303 3993 3445 4037 veste
3473 3986 3745 4055 nymphica

2167 4072 2591 4125 circumamicta.
2633 4071 2780 4126 Sicut
2815 4074 2953 4126 enim
2977 4072 3196 4126 Achillis
3221 4084 3510 4127 armatura
3537 4075 3746 4128 indutus

2174 4164 2450 4219 Patroclus
2480 4164 2807 4230 Memmium,
2837 4173 2886 4218 et
2934 4163 3120 4221 Ca'sar
3149 4165 3416 4220 Lucilium
3449 4166 3611 4222 Bruti
3645 4166 3747 4221 loco

2166 4257 2424 4310 simulare
2450 4273 2512 4310 ac
2539 4257 2750 4310 mentiri
2777 4265 3004 4326 poterat,
3055 4257 3131 4311 sic
3162 4272 3256 4310 nos
3288 4257 3344 4310 in
3376 4273 3580 4327 magno
3606 4260 3744 4311 thea-

2166 4356 2247 4400 tro
2295 4349 2566 4401 constituti
2595 4363 2690 4418 pro
2747 4347 2974 4400 ludibrio
3007 4358 3056 4400 et
3087 4348 3222 4401 alios
3274 4348 3553 4411 habemus,
3599 4360 3647 4401 et
3686 4349 3741 4398 ab

2164 4440 2347 4494 iisdem
2370 4441 2660 4504 habemur;
2696 4441 2771 4493 ita
2806 4449 2883 4499 ut,
2913 4441 2959 4492 si
2984 4437 3200 4492 alarum
3231 4440 3455 4510 remigio
3491 4441 3549 4494 in
3582 4439 3741 4493 altum

2164 4547 2380 4602 surgere
2413 4547 2441 4583 e
2470 4538 2637 4592 terra,
2668 4540 2723 4582 ut
2758 4528 2964 4600 aquila,
3016 4541 3067 4584 et
3116 4531 3471 4587 Providentia:
3513 4532 3740 4586 rationes

2166 4624 2460 4692 perspicere
2484 4638 2681 4692 posses,
2703 4621 2857 4691 hujus
2871 4623 3187 4692 sapientiam
3212 4634 3353 4676 certo
3376 4623 3738 4678 admirareris.

2169 4712 2271 4767 Sed
2301 4714 2394 4767 hoc
2448 4712 2567 4780 ﬁeri
2601 4730 2708 4765 non
2735 4721 2938 4782 potest;
2973 4713 3265 4783 plurimum
3306 4715 3449 4766 enim
3503 4711 3739 4767 volatilia

2165 4808 2308 4860 inter
2356 4815 2406 4860 et
2457 4805 2715 4859 animalia
2744 4809 3014 4862 terrestria
3052 4809 3288 4873 interest,
3319 4817 3375 4860 ut
3400 4809 3546 4862 inter
3574 4809 3739 4878 Phry-

2167 4918 2261 4972 gas
2307 4909 2356 4955 et
2390 4899 2562 4971 Mysos
2591 4898 2880 4966 ﬁnitimos;
2933 4899 3292 4955 Providentia
3323 4909 3505 4954 autem
3535 4901 3737 4971 sapien-

2154 5085 2312 5152 (tom.
2350 5081 2438 5148 111,
2472 5099 2526 5153 p.
2560 5083 2719 5154 125):
2748 5084 3021 5154 Aswdvys
3069 5085 3101 5152 ή
3139 5083 3352 5154 ἄγνοια,
3399 5080 3500 5138 καὶ
3531 5082 3731 5154 πολλῶν

2157 5155 2345 5207 κακῶν
2372 5152 2686 5224 ἀνθρώποις
2718 5155 2890 5217 αἰτία,
2921 5152 3112 5225 ῶσπερ
3131 5153 3315 5225 ἀχλύν
3352 5169 3476 5225 τινα
3502 5153 3729 5225 καταχέ-

2156 5241 2296 5278 ουσα
2321 5225 2430 5278 τῶν
2464 5223 2829 5296 πραγμάτων,
2848 5225 2943 5277 καὶ⁵
2970 5223 3066 5296 τὴν
3086 5223 3352 5293 ἀλήθειαν
3381 5223 3721 5296 ἀμαυροῦσα,

2161 5297 2256 5349 καὶ
2290 5296 2390 5366 τὸν
2410 5297 2639 5366 ἑκάστου
2669 5295 2782 5366 βίον
2819 5295 3236 5359 ἐπισκιάζουσα.

2241 5365 2353 5435 (15)
2378 5365 2546 5436 Marg.
2579 5365 2934 5436 ἐσχισμένην.

2235 5433 2346 5506 (ιδ)
2369 5433 2560 5505 ΑἲδοῙ).
2590 5433 2730 5490 Fab.
2748 5433 2775 5489 1
2793 5433 2876 5490 15.

2239 5507 2350 5576 (ιτ)
2382 5506 2546 5560 Babr.
2575 5507 2706 5576 Fab.
2739 5507 2826 5560 te.

2233 5575 2346 5641 (l8)
2383 5577 2602 5632 Homer.
2636 5575 2806 5631 Iliad.
2835 5578 2874 5633 1.
2903 5594 2982 5640 x1,
3017 5593 3068 5631 v.
3109 5576 3236 5633 273.

2237 5648 2542 5720 (191Α1ἰμιοι-
2567 5648 2679 5720 Iugo
2699 5657 2885 5702 narrat
2909 5646 3248 5720 Plutarchus
3270 5646 3331 5720 in
3370 5646 3558 5717 Bruto,
3582 5645 3610 5720 ς
3634 5643 3712 5712 50,

2161 5720 2290 5775 edit.
2325 5717 2508 5774 Reisk.
2542 5729 2579 5774 t.
2617 5717 2677 5783 V,
2719 5733 2772 5788 p.
2825 5719 2951 5787 452,
2988 5732 3151 5792 quem
3196 5717 3343 5776 vide.
