4050 6296
650 298 787 367 1327
1846 300 1946 362 ΤΗ
1962 300 2241 363 EODORI

1846 300 1946 362 ΤΠ
1962 300 2241 363 EODORI
2281 290 2691 362 PRODROMI

720 421 819 483 Τίς
844 418 938 475 τοῦ
974 419 1192 493 σιδήρου
1230 420 1325 491 τὴν
1360 419 1580 474 ἆττασαν
1608 416 1800 471 ουσίαν

647 514 853 585 Δούλην
886 517 1123 587 καθιστᾷ
1153 516 1254 586 τῆς
1287 512 1623 586 μαγνήτιδος
1648 512 1837 578 λίθου;

642 609 817 663 ὀὐδέν
846 626 928 662 τοι
954 609 1171 672 πάντως
1205 607 1336 661 ἄλλο
1367 604 1552 670 Φιλίας
1591 605 1737 677 δίχα.

664 703 821 775 Ἐμοὶ
844 705 906 757 τὸ
928 705 1037 757 πᾶν
1072 702 1159 773 ζῇ,
1196 701 1289 756 καὶ
1320 704 1633 773 κρατεῖται,
1672 698 1765 753 καὶ
1807 699 1979 768 μένει.

723 800 880 853 Εἴπω
912 798 973 852 τὸ
1012 798 1222 868 μεῖζον,
1264 798 1359 852 καὶ
1391 796 1598 865 σιγάτω
1634 797 1738 860 πᾶς
1766 794 1946 862 λόγος.

660 892 809 961 Ἐγὼ
840 895 973 948 Θεὸν
1006 894 1098 946 τὸν
1124 893 1277 958 ὅντα,
1308 892 1402 945 τὸν
1437 888 1845 959 παντεργὰτην,

653 990 726 1044 Τὸ
750 988 963 1061 Πατρὺς
994 986 1405 1058 ἑκσφράγισμα,
1429 985 1521 1039 τὸν
1547 984 1723 1054 μέγαν
1754 982 1950 1050 Λόγον,

653 1087 727 1141 To
756 1084 1021 1156 παμφαὲς
1049 1083 1187 1153 φῶς,
1215 1082 1316 1151 τὴν
1351 1080 1621 1152 ὐπὲρθεον
1647 1077 1832 1149 φύσιν,

654 1179 761 1233 Τὸν
790 1178 1023 1249 ἄχρονον
1051 1174 1198 1241 νοῦν,
1234 1174 1333 1246 τὴν
1364 1171 1702 1244 χρονουργὺν
1727 1170 1943 1231 οὐσίαν,

667 1271 877 1327 Ἐλθεῖν
910 1270 1110 1323 ἔπεισα
1149 1268 1317 1338 μέχρι
1347 1268 1453 1336 γῆς
1481 1265 1581 1320 καὶ
1610 1264 1719 1317 τῶν
1750 1263 1919 1325 κάτω,

657 1370 768 1423 Kal
795 1367 897 1437 τὴν
926 1364 1182 1434 παθητὴν
1213 1358 1547 1432 προσλαϐεῖν
1582 1358 1713 1429 ὃλην
1748 1359 1935 1427 φύσιν,

658 1464 767 1520 Καὶ
799 1457 1120 1529 σωματικὴν
1154 1455 1445 1526 ὲνδυθῆναι
1486 1452 1803 1525 πορφύραν,

669 1558 766 1612 Ἐκ
798 1555 1153 1628 παρθενικῶν
1177 1554 1432 1624 αἱμάτων
1464 1550 1814 1620 ὑφασμένην,

660 1654 882 1718 Παθεῖν,
919 1654 1125 1716 θανεῖν,
1151 1649 1286 1720 φεῦῑ
1336 1649 1435 1719 τῆς
1466 1645 1739 1715 τοσαύτης
1777 1643 2025 1713 ἀγάπης,

658 1751 737 1806 Δι’
760 1746 829 1819 ἧς
856 1747 1114 1803 τοσοῦτον
1145 1746 1329 1815 ἔργον,
1368 1742 1414 1798 ὣ
1450 1743 1676 1815 φίλτρου
1714 1740 1903 1809 ξένουί

659 1846 736 1899 Δι’
764 1844 793 1898 ὃ
820 1842 1091 1915 χρονικῶς
1124 1840 1389 1913 μίγνυται
1422 1837 1500 1909 τῷ
1534 1834 1768 1907 σαρκίῳ,

670 1937 730 1991 Ὀ
764 1935 1038 2008 κυριεύων
1073 1932 1383 2003 καὶχρόνου
1417 1929 1510 1983 καὶ
1539 1926 1803 1999 σαρκίου·

661 2032 770 2086 Καὶ
797 2028 1094 2099 συνανιστᾷ
1124 2027 1224 2098 τὴν
1256 2023 1531 2080 πεσοῦσαν
1566 2020 1777 2085 εἰκόνα,

672 2124 762 2177 Ἐν
792 2123 872 2194 τῷ
902 2120 1027 2177 καθ’
1058 2119 1226 2175 αὐτὸν
1260 2113 1651 2188 ἀναχωνεύσας
1679 2113 1864 2167 πάθει.

731 2213 976 2271 Τοιαῦτα
1003 2212 1155 2284 τάμά
1196 2210 1334 2281 προς
1362 2207 1591 2280 βροτοὺς
1623 2206 1782 2277 ἔργα,
1817 2206 1959 2272 ξένε.

662 2309 910 2367 Τοιαῦτὰ
940 2324 1043 2380 μου
1071 2307 1142 2361 τὰ
1174 2305 1325 2375 δῶρα
1352 2302 1424 2356 τὰ
1453 2302 1589 2370 πρὸς
1625 2300 1719 2353 τὸν
1752 2299 1890 2371 βίον.

678 2404 820 2460 Ἀλλ’
848 2406 929 2466 είς
959 2400 1190 2473 νεκροὺς
1218 2398 1286 2453 τὰ
1318 2397 1469 2469 μῦρα
1506 2397 1608 2466 τῆς
1635 2394 1965 2466 παροιμίας,

676 2499 820 2555 Ἀλλ’
851 2500 933 2563 είς
959 2496 1118 2560 ὅνους
1148 2497 1183 2566 η
1217 2492 1359 2563 λύρα
1392 2493 1517 2555 τοὺς
1549 2488 1899 2559 κανθηλίους.

677 2593 1004 2649 Ἐλάνθανον
1028 2588 1138 2661 γὰρ
1166 2586 1451 2661 ἀχαρίστῳ
1476 2583 1761 2656 δραπέτην

668 2687 842 2759 Ὅλην
874 2682 1125 2756 ἐμαυτὴν
1159 2678 1447 2733 ἐκδιδοῦσα
1488 2677 1566 2746 τῷ
1602 2674 1725 2748 βίῳ,

676 2786 774 2846 Ὃς
807 2780 1075 2852 τὴννὲμὴν
1112 2778 1210 2846 μὲν
1241 2776 1427 2830 ἀθετεῖ
1470 2770 1762 2827 συνουσίαν

669 2877 914 2939 Δείλαιος
944 2872 1177 2943 ἀνδρῶν,
1215 2870 1291 2934 εἰς
1322 2867 1366 2921 δ’
1397 2867 1598 2936 ἀγεννῆ
1641 2863 1913 2936 μαχλὰδα,

673 2971 919 3043 Ἐχθραν
953 2964 1205 3031 καλοῦσι,
1235 2966 1334 3035 τὴν
1365 2960 1673 3016 ἀτάσθαλον
1698 2960 1880 3031 ῥέπει.

669 3203 801 3260 Cum
834 3200 899 3255 sit
940 3194 1167 3252 marinis
1198 3208 1406 3262 semper
1426 3186 1688 3244 innutrita
1720 3185 1911 3258 aquis?

670 3298 828 3352 lubet
871 3309 1046 3356 amor,
1078 3301 1232 3346 extra
1272 3286 1506 3345 Thetidis
1532 3294 1589 3340 ut
1617 3283 1750 3351 ﬁnes
1778 3292 1883 3347 eat,

673 3392 924 3462 Novoque
950 3388 1116 3442 discat
1152 3400 1211 3439 se
1249 3383 1472 3437 sinuare
1501 3379 1698 3435 littore.

748 3480 1014 3552 Magnetis
1050 3475 1120 3530 ad
1154 3482 1343 3529 nutum
1379 3470 1573 3543 lapidis
1610 3467 1977 3538 ﬁrmissimum

674 3575 804 3642 Qui:
832 3589 996 3627 causa
1036 3570 1237 3640 ferrum
1267 3580 1452 3636 cogere
1481 3569 1650 3634 potest
1678 3559 1926 3617 attrahi?

676 3668 795 3723 Non
826 3668 939 3722 alia
978 3680 1132 3728 sane,
1164 3677 1325 3735 quam
1368 3659 1538 3714 latens
1564 3658 1868 3713 concordia.

674 3759 814 3825 Quid
845 3756 1015 3813 multa
1043 3756 1067 3810 7
1096 3754 1296 3811 Rerum
1331 3750 1591 3824 quidquid
1617 3757 1692 3805 est
1719 3748 1899 3821 quovis
1929 3746 2041 3801 loco

677 3852 737 3908 Id
775 3852 901 3907 vivit
943 3852 998 3904 in
1033 3864 1137 3912 me,
1170 3846 1492 3908 continetur,
1526 3854 1574 3899 ct
1607 3852 1807 3900 manet.

749 3947 970 4017 Majora
1004 3947 1201 4006 dicam.
1234 3944 1375 3998 ratio
1407 3944 1618 4013 captiva
1656 3940 1834 3994 sileat.

679 4043 798 4108 Ipsa
831 4056 926 4109 ego
962 4038 1147 4097 Deum,
1178 4036 1269 4103 qui
1294 4044 1485 4088 cuncta
1511 4033 1769 4095 condidit,
1804 4031 1981 4086 Patris

679 4134 990 4204 Imaginem,
1026 4126 1349 4198 Verbumque
1384 4142 1487 4181 non
1508 4124 1733 4197 effabile,

681 4226 1033 4283 Purissimam
1060 4220 1249 4285 lucem,
1282 4236 1585 4290 supremam
1616 4220 1919 4279 essentiam,

680 4322 905 4379 Mentem
939 4321 1051 4375 sine
1070 4328 1325 4389 tempore,
1353 4316 1443 4370 sed
1473 4314 1712 4384 opiﬁcem
1744 4315 2020 4384 temporis,

680 4415 1005 4472 Descendere
1032 4428 1195 4469 causa
1227 4428 1309 4465 res
1337 4411 1407 4464 ad
1440 4412 1705 4465 humanas
1738 4409 1836 4476 fni,

684 4511 753 4566 Et
777 4506 1051 4580 possibilia
1078 4506 1310 4559 membra
1339 4502 1673 4557 circumdare
1698 4502 1819 4565 sibi,

683 4602 1060 4673 Fragilemque
1090 4599 1324 4665 corporis
1353 4596 1533 4650 subire
1564 4612 1884 4665 purpuram,

683 4692 812 4758 Qua:
837 4694 1005 4747 tincta
1040 4707 1171 4763 puro
1202 4688 1420 4759 virginis
1448 4695 1566 4741 erat
1593 4687 1874 4758 sanguine.

685 4786 923 4855 Denique
946 4785 1080 4848 pati,
1104 4780 1361 4853 morique.
1398 4778 1537 4834 Proh
1568 4788 1800 4851 quantus
1822 4780 1921 4850 fuit

685 4882 849 4934 Amor
882 4883 1002 4943 iste,
1034 4886 1294 4949 quantum
1330 4875 1563 4945 facinus,
1595 4882 1644 4929 et
1670 4873 1899 4941 dilectio,

690 4970 769 5026 Ob
800 4987 960 5040 quam
989 4976 1245 5042 gravatus
1280 4966 1418 5021 male
1449 4983 1552 5021 non
1574 4976 1648 5021 est
1683 4982 1876 5020 carnea

687 5063 911 5118 Indutus
945 5076 1103 5133 agere
1132 5070 1337 5128 tempus
1365 5058 1584 5129 aliquod
1615 5060 1669 5112 in
1699 5058 1836 5122 solo,

692 5155 798 5219 Qui
824 5153 999 5207 carnis
1025 5152 1202 5227 omnis
1228 5161 1301 5205 est
1335 5149 1592 5205 Dominus
1616 5162 1661 5204 et
1692 5152 1959 5221 temporis.

692 5244 799 5301 Sic.
828 5246 904 5300 sic
933 5242 1144 5314 reﬁcere
1178 5242 1340 5298 voluit
1374 5242 1632 5297 abolitam
1664 5242 1757 5296 Dei

698 5336 995 5410 Imaginem
1022 5340 1075 5391 in
1111 5340 1278 5403 nobis,
1311 5346 1603 5409 novamque
1630 5338 1694 5390 de
1720 5337 1923 5405 integro

693 5430 1009 5500 lmprintere
1036 5430 1218 5484 mortis
1248 5447 1340 5501 per
1370 5445 1480 5482 sua:
1513 5428 1867 5498 signaculum.

700 5522 830 5578 Πανί
860 5532 1011 5579 tanta
1046 5522 1241 5577 mundo
1276 5524 1463 5576 merita
1493 5532 1684 5576 cuncta
1714 5525 1937 5576 (tantuli.

702 5614 921 5681 Verum,
955 5617 1092 5687 quod
1120 5617 1293 5680 aiunt,
1328 5624 1562 5668 mortuos
1593 5616 1868 5686 inungere,

693 5709 1045 5781 Aecinereque
1071 5709 1236 5764 asinis
1264 5725 1381 5761 cum
1409 5707 1551 5778 lyra,
1587 5708 1736 5763 labor
1766 5711 1947 5763 irritus
1976 5729 1997 5766 :

692 5803 782 5859 Sic
810 5805 925 5874 ipsa
963 5820 1046 5857 me
1073 5820 1186 5859 meo
1214 5803 1408 5857 marito
1442 5803 1619 5858 nescia

2257 424 2299 475 Α
2332 415 2444 485 Τῆς
2478 416 2718 480 δουλίδος
2750 414 2859 484 γὰρ
2893 414 3107 486 μωρίας
3142 410 3405 486 ξυνεργία

2333 507 2515 580 Αὐτὴν
2547 511 2646 580 μὲν
2680 508 2831 574 ἐντὸς
2857 509 3069 578 εἰσάγει
3098 510 3199 581 τῆς
3230 508 3427 569 οἰκίας,

2345 602 2528 672 Ἥμᾶς
2548 600 2771 656 τύπτων
2795 601 3004 670 ἐξάγει.
3041 602 3106 654 '0
3145 602 3324 671 νόμοι,
3350 600 3539 670 νόμοιί

2339 697 2448 749 Καὶ
2477 697 2605 759 τοὺς
2636 694 2915 766 ἀθέσμους
2946 693 3067 749 οὐδὶ
3092 694 3196 749 κᾶν
3227 694 3438 766 κλέπτῃ
3464 694 3692 763 γάμους,

2353 789 2498 843 Ἀλλ’
2525 788 2836 858 ἀναφανδὸν
2869 787 3087 842 ἐκτελεῖ
3116 789 3215 859 τὴν
3250 786 3533 857 αἰσχύνην,

2342 882 2535 939 Καίτοι
2567 882 2677 956 πρὸ
2701 882 2918 937 πάντων
2943 881 3156 951 ἀγνοῶν
3192 883 3287 936 καὶ
3317 881 3417 953 τὴν
3458 881 3635 950 θέμιν.

2415 979 2481 1032 Τί
2513 978 2755 1051 φλαῦρον
2779 978 2932 1050 ἡμῖν,
2963 978 3106 1031 ὥστε
3137 977 3299 1032 λῦσαι
3324 979 3415 1033 τὸν
3440 979 3637 1048 γάμον,

2342 1075 2409 1128 Τί
2434 1073 2479 1127 δ’
2506 1072 2710 1141 ἀγαθὸν
2742 1073 3007 1143 πρόσεστι
3038 1074 3105 1143 τῇ
3144 1072 3441 1143 μοιχαλίδι,

2343 1167 2507 1220 Ὥστε
2536 1166 2672 1236 πρὸς
2699 1164 2871 1237 αὐτὴν
2900 1165 3227 1234 ἀντενέγκαι
3255 1167 3347 1221 τὸν
3386 1165 3549 1219 πόθον
3574 1181 3589 1231 ;

2344 1262 2408 1317 Εί
2431 1263 2539 1333 γάρ
2571 1279 2638 1333 με
2661 1262 2839 1334 ταύτῃ
2866 1263 3185 1333 συγκρίνειν
3220 1265 3463 1335 βούλοιτό
3493 1283 3601 1332 τις,

2356 1356 2534 1412 Ὀκνῶ
2557 1357 2623 1410 τὰ
2659 1355 2846 1427 κομψὰ
2880 1358 3092 1429 μέμψιν
3120 1359 3526 1430 εὐλαϐουμένη.

2414 1449 2561 1520 Ἐγὼ
2591 1452 2692 1521 μέν
2720 1451 2837 1521 είμι
2865 1450 3132 1523 χαροπὸς,
3160 1454 3372 1525 χρηστά
3398 1453 3601 1524 βλέπω,

2344 1545 2456 1599 Καὶ
2492 1543 2682 1610 μειὸιῶ
2701 1544 2771 1598 τὰ
2801 1543 3050 1611 πλεῖστα,
3086 1548 3181 1601 καὶ
3215 1548 3380 1618 χάριν
3417 1549 3586 1616 πνέω,

2347 1639 2471 1694 Κᾶν
2501 1638 2582 1692 δεῖ
2606 1638 2790 1692 λαλεῖν
2820 1638 3059 1693 ἐνταῦθα
3092 1640 3372 1713 γλυκύτης
3402 1645 3503 1712 ὅση
3528 1659 3546 1677 ο

2276 1758 2319 1815 Β
2348 1731 2469 1788 Κᾶν
2492 1732 2574 1784 δεῖ
2603 1728 2790 1804 γελᾷν,
2828 1732 3066 1787 ἐνταῦθα
3108 1734 3380 1804 σεμνότης
3410 1736 3533 1807 ὅση.

2362 1824 2451 1878 Ἐν
2486 1822 2831 1893 συμπλοκαῖς
2857 1824 2917 1876 οὺ
2950 1822 3242 1894 μανθάνεις
3272 1826 3401 1889 τοὺς
3432 1827 3746 1891 δακτύλους,

2362 1919 2454 1972 Ἑν
2484 1919 2598 1981 τοῖς
2630 1916 2919 1988 βαδισμοῖς
2956 1916 3083 1980 τοὺς
3119 1917 3283 1980 πόδας
3307 1918 3352 1971 δ’
3378 1919 3477 1972 οὐκ
3510 1920 3577 1974 ἂν
3608 1923 3810 1990 μάτῖοις.

2288 2048 2293 2053 -
2353 2008 2473 2063 Κάν
2501 2007 2597 2062 νῦν
2626 2008 2995 2073 πλακοῦντες,
3036 2007 3132 2062 νῦν
3164 2010 3208 2063 δ’
3242 2008 3371 2074 ἅλες
3400 2012 3646 2080 τρέφωσί
3678 2030 3762 2081 με,

2353 2104 2430 2158 Οὐ
2464 2104 2592 2167 τοὺς
2625 2100 2971 2167 πλακοῦντας
3005 2104 3292 2174 προκρίνω
3326 2104 3435 2157 τῶν
3469 2105 3703 2159 ἀλάτιιιν.

2365 2197 2457 2251 Ἐν
2485 2199 2599 2262 τοῖς
2630 2195 2861 2265 ἀγαθοῖς
2882 2196 2973 2249 τὸν
3004 2195 3178 2259 πέλας
3204 2196 3405 2266 γοργὸν
3438 2197 3647 2266 βλέπω,

2359 2292 2565 2364 Πάσχω
2592 2290 2649 2343 δὲ
2683 2291 2820 2361 προς
2856 2288 3063 2361 φαῦλόν
3099 2308 3159 2344 τε
3190 2291 3590 2360 ἀμϐλυωπίαν.

2374 2386 2665 2459 Ἐναρτίας
2695 2386 2949 2456 πέφευγα
2983 2387 3185 2450 κακίας
3211 2385 3328 2451 δύο,

2362 2477 2476 2549 Τὴν
2514 2477 2831 2549 ὑπόκρισιν,
2866 2479 2959 2532 τόν
2991 2495 3050 2532 τε
3089 2480 3373 2550 πέρπερον
3399 2478 3630 2548 τρόπον.

2447 2573 2612 2644 Ἐμοῦ
2639 2574 2738 2644 μὲν
2770 2568 2866 2627 οὖν
2891 2573 3153 2640 τοσαῦτα,
3193 2575 3295 2643 τῆς
3323 2573 3367 2627 δ’
3393 2572 3604 2645 ἔχθρας
3631 2571 3777 2639 τίνας
3800 2596 3804 2600 ι

2357 2669 2547 2723 Ψόνιον
2583 2662 2747 2739 αἷμα,
2778 2670 2961 2740 χεῖρες
2988 2667 3378 2739 ᾑματωμένω,

2360 2763 2658 2833 ’Ὑπωχρος
2690 2760 2835 2831 ὄψις,
2868 2762 3269 2833 ἐκτετηγμέναι
3301 2762 3524 2830 γνάθοι,

2361 2856 2522 2927 Φωνὴ
2546 2858 2799 2927 τραχεῖα,
2827 2855 3106 2926 βάρϐαρος
3131 2856 3189 2910 δὲ
3219 2856 3280 2910 τὸ
3320 2856 3514 2922 πλέον,

2362 2952 2638 3022 Ἀσεμνος
2672 2946 2853 3021 ὕϐρις,
2893 2947 3067 3019 ἅλμα,
3102 2951 3349 3020 κραυγὴ,
3382 2950 3553 3021 θροῦς
3580 2952 3724 3015 ὅσος.

2288 3178 2336 3249 c
2370 3201 2553 3257 Totam
2582 3200 2777 3263 dicavi.
2808 3208 2858 3256 ct
2883 3202 3086 3256 tradidi
3108 3200 3494 3273 ingratissimo,

2369 3293 2473 3359 Qui
2501 3293 2698 3348 stultus
2729 3303 2775 3348 et
2805 3294 2969 3348 miser
2997 3311 3169 3348 meum
3198 3299 3529 3364 contemptui

2370 3385 2689 3456 Conjagium
2720 3386 2896 3451 habet,
2930 3396 3268 3458 scortumque
3298 3388 3585 3451 pessimum
3618 3389 3713 3443 sibi

2371 3474 2539 3545 Cepit.
2578 3475 2869 3532 lnimicitia
2906 3481 3390 3535 vocatur-nomine.

2378 3568 2505 3623 lla'c
2536 3571 2787 3641 recipitur
2818 3588 2913 3641 ope
2949 3570 3295 3643 consiliisque
3322 3573 3572 3643 [ansulam

2371 3660 2469 3717 Cu’i
2500 3679 2686 3718 nomen
2715 3674 2790 3719 est
2817 3662 3082 3728 Stultitia,
3112 3682 3204 3719 nos
3229 3667 3576 3735 expellimur.

2375 3754 2511 3809 Proh
2532 3755 2751 3810 dedecus
2771 3757 2792 3811 .'
2822 3774 2851 3811 ο
2879 3757 3040 3827 leges,
3072 3758 3317 3813 scelestas
3347 3760 3560 3830 publice

2387 3849 2478 3903 i'ir
2507 3851 2741 3917 nuptias.
2784 3861 2878 3904 aut
2907 3851 3077 3905 verius
3109 3854 3255 3922 nefas
3286 3852 3460 3907 habet.

2376 3941 2533 3997 Nihil
2557 3954 2786 4008 veretur,
2817 3944 3097 4015 impudens
3136 3948 3339 4017 factum
3369 3962 3542 4017 neque

2375 4040 2546 4106 Celat,
2580 4057 2673 4095 nec
2704 4040 2816 4095 ulla
2846 4041 3003 4111 jura,
3036 4044 3120 4111 [as
3156 4043 3357 4096 nullum
3392 4053 3555 4097 tenet.

2453 4133 2604 4199 Quod
2632 4136 2833 4189 crimen
2863 4136 2918 4188 in
2947 4150 3026 4191 nte
3053 4144 3153 4198 est,
3183 4137 3323 4207 quod
3357 4136 3546 4206 repelli
3575 4133 3822 4191 debeam?

2376 4224 2581 4296 Ecquid
2603 4226 2753 4281 habet
2776 4227 2881 4279 ista
2912 4226 3055 4292 boni,
3084 4233 3225 4297 quod
3259 4228 3435 4281 amari
3469 4228 3656 4283 debeat
3684 4230 3708 4280 ?

2386 4318 2682 4391 Utramque
2709 4321 2911 4393 pariter
2944 4338 3257 4393 comparare
3281 4322 3326 4377 si
3348 4321 3527 4388 velim,

2379 4409 2555 4468 Metuo
2581 4429 2645 4465 ne
2674 4414 2855 4467 videar
2885 4413 3133 4467 laudibus
3156 4415 3323 4469 nimia
3352 4420 3497 4471 meis.

2456 4501 2550 4557 Est
2592 4503 2815 4557 blandus
2838 4513 2887 4557 et
2910 4505 3088 4559 suavis
3113 4518 3355 4575 aspectus
3390 4508 3543 4571 mihi,

2389 4595 2706 4668 Plerumque
2728 4598 2897 4662 rideo,
2933 4607 3043 4651 tota
3073 4602 3219 4669 spiro
3241 4602 3469 4671 gratias.

2378 4689 2436 4743 Si
2474 4689 2600 4759 quid
2630 4688 2970 4760 loquendum,
3008 4708 3168 4763 quam
3193 4693 3453 4762 leporibus
3483 4694 3639 4765 aﬁiuo
3664 4694 3688 4747 ?

2382 4781 2572 4836 Ridere
2598 4784 2642 4836 si
2674 4783 2809 4848 volo,
2842 4800 2943 4837 non
2976 4785 3090 4838 sine
3110 4789 3372 4856 gravitate.
3400 4786 3485 4855 ﬁt.

2384 4876 2558 4931 Custis
2596 4879 2806 4932 honeste
2838 4878 3079 4933 mortibus
3103 4882 3399 4949 amplector
3431 4883 3614 4936 bonos.

2383 4966 2581 5020 lneedo
2608 4984 2791 5037 gressu
2820 4971 3055 5040 graviter
3078 4985 3142 5023 ac
3175 4968 3459 5028 lenissime.

2385 5060 2453 5113 Et
2485 5078 2575 5115 seu
2611 5062 2880 5131 placenta,
2913 5079 3002 5116 seu
3039 5065 3185 5118 cibus
3216 5064 3301 5119 sal
3323 5067 3388 5119 sit
3412 5068 3560 5129 mihi,

2386 5153 2696 5224 Frugaliter
2725 5172 2848 5225 ago,
2877 5172 2971 5210 nec
2997 5156 3298 5226 placenlam
3326 5162 3573 5226 praefero.

2385 5246 2648 5301 Suavibus
2682 5249 2861 5303 ocellis
2892 5249 3092 5318 aspicio
3120 5248 3279 5304 bonos
3301 5252 3474 5315 uiros;

2386 5337 2530 5394 Inter
2557 5338 2726 5392 malos
2755 5357 2874 5394 vero
2903 5339 3077 5395 uolens
3108 5342 3344 5396 cwcutio.

2388 5430 2612 5501 Ittfensa
2640 5448 2799 5503 porro
2836 5435 3047 5505 gemina
3079 5444 3201 5489 sunt
3226 5438 3352 5491 mihi
3386 5437 3535 5504 vitia,

2386 5524 2796 5597 Hypocrisisque
2826 5537 2874 5580 et
2910 5530 3149 5595 pravitas
3181 5530 3236 5582 in
3266 5529 3513 5583 moribus.

2461 5620 2587 5675 llaec
2623 5621 2840 5691 propria
2861 5624 2987 5676 mihi
3020 5633 3185 5679 sunt:
3210 5624 3386 5693 pellici
3410 5633 3590 5679 contra
3623 5636 3740 5679 meat

2387 5714 2757 5785 Aduiterwque
2793 5713 3095 5771 lnimicitia:
3117 5728 3235 5772 sunt
3261 5718 3392 5773 talia
3417 5736 3439 5777 :

2390 5808 2571 5865 Gades
2596 5821 2836 5880 cruenta,
2867 5812 3125 5882 sanguine
3158 5812 3365 5884 infeette
3409 5829 3612 5875 manus,

3748 301 3859 367 1328
