4050 6296
544 392 683 458 1335
1732 404 2129 470 THEODORI
2170 407 2577 473 PRUDROMI

538 503 650 564 Kal
683 505 918 564 συνελὼν
951 510 1036 574 τίς
1064 512 1162 583 τὴν
1193 510 1317 567 καθ’
1351 514 1493 585 ἡμᾶς
1524 514 1714 569 οὐσίαν

533 600 724 665 Σοφῶς
748 600 991 674 κυϐερνᾷ
1019 602 1118 673 τὴν
1154 604 1689 677 πολυτροπωτάτηνς

534 696 655 750 Κᾶν
680 693 777 757 τὴν
807 694 1157 767 Ἐπικούριον
1184 698 1509 770 ἀδολεσχίαν

533 789 743 862 Λέληθε
764 790 958 853 ταῦτα.
996 790 1198 864 καίπερ
1221 793 1281 847 ού
1311 792 1497 848 λαθεῖν
1524 793 1667 849 δέον.

534 885 597 937 Ei
633 885 746 955 γάρ
777 884 903 955 μίαν
926 884 1091 947 ῐππος
1114 880 1197 949 εἷς
1225 885 1434 959 φθορὰν
1464 886 1630 942 πάθοι

536 974 722 1048 Χωρὶς
751 978 989 1047 χαλινῶν
1010 981 1101 1032 καὶ
1130 980 1465 1051 κυόερνήτου
1488 981 1630 1051 δίχα,

534 1071 643 1122 Καὶ
683 1072 780 1141 τὴν
807 1072 906 1142 μὲν
937 1072 1235 1138 είσδέξαιτο
1265 1074 1482 1135 πόντιος
1513 1073 1754 1145 δράκων,

534 1164 638 1217 Τὸν
670 1161 724 1219 δὲ
758 1163 1028 1234 σφαλέντα
1056 1165 1161 1237 θὴρ
1200 1164 1531 1237 χαραδραῖος
1568 1168 1758 1238 φάγον

534 1257 658 1321 Πῶς
690 1256 757 1311 ἂν
784 1257 1154 1330 ἀκυϐέρνητον
1182 1262 1327 1313 alno:
1352 1263 1429 1332 μὴ
1465 1261 1649 1330 μένειν

533 1348 606 1399 Τὸ
638 1350 901 1419 κοσμικὺν
933 1351 1209 1423 πλήρωμα
1236 1353 1334 1421 τὴν
1367 1354 1544 1407 πᾶσαν
1576 1351 1785 1417 κτίσιν;

530 1440 643 1495 Οὐκ
666 1442 844 1512 ἀγνοῶ
866 1440 981 1510 οὖν,
1013 1444 1087 1507 ὡς
1123 1444 1434 1515 προείρηκα
1464 1445 1695 1514 φθάσας,

542 1529 633 1594 Ὣς
658 1533 950 1604 χριμάτων
982 1534 1217 1595 ἄϐυσσος
1249 1540 1307 1589 ὲν
1338 1535 1445 1601 σοὶ,
1479 1535 1683 1603 Χριστέ
1714 1551 1818 1605 μου
1840 1550 1854 1565 ο

532 1622 778 1695 mmet;
805 1626 863 1679 τὸ
895 1626 1058 1698 βάθος
1084 1628 1142 1681 ού
1170 1628 1468 1699 δυνάμενος
1496 1628 1718 1700 βλέπειν

534 1719 641 1772 Καὶ
670 1721 793 1785 τοὺς
822 1722 1054 1777 ἑκάστου
1081 1725 1324 1779 συννοεῖν
1351 1724 1632 1793 κρυπτοὺς
1654 1723 1893 1795 τρόπους

531 1811 675 1884 Πρὸς
699 1815 824 1878 τοὺς
854 1816 1131 1881 κυλίνδους
1150 1818 1389 1889 ἄχθομαι
1417 1818 1523 1871 τῶν
1558 1818 1925 1889 πραγμάτων,

531 1908 639 1961 Καὶ
662 1907 999 1979 δυσχεραίνω
1027 1908 1125 1974 τὰς
1148 1911 1403 1980 νεμήσεις
1436 1908 1543 1963 τῶν
1576 1909 1728 1979 βίων.

533 1990 605 2052 Ἥ
639 1998 755 2065 πῶς
788 2002 815 2054 ό
844 2001 1068 2066 τέκτων,
1102 2003 1128 2053 ὁ
1150 2002 1410 2072 κναφεὺς,
1433 2004 1461 2054 ὁ
1490 2002 1744 2072 λατόμος,

544 2091 601 2146 Ὀ
624 2091 979 2165 βυρσοδέψης,
1007 2095 1033 2147 ὁ
1060 2093 1313 2160 σκυτεὺς,
1345 2095 1372 2147 ὁ
1394 2093 1657 2166 γηπόνος,

539 2182 603 2237 '0
621 2183 807 2247 λοιπὸς
827 2185 983 2257 ὄχλος
1000 2185 1102 2255 τῆς
1136 2184 1456 2258 βαναυσίδος
1488 2188 1657 2257 τύχης
1666 2227 1679 2249 ν

529 2274 718 2344 Σοᾳῶν
750 2273 853 2346 μὲν
878 2276 1111 2346 ἀνδρῶν,
1133 2276 1245 2329 τῶν
1270 2276 1444 2345 γενῶν
1474 2275 1530 2329 δὲ
1568 2275 1813 2345 κοδμίων

540 2366 629 2432 Ὠς
667 2366 932 2441 δεσπότης
963 2365 1179 2440 ἄρξειεν
1213 2367 1537 2435 οίκετιὸίων,

529 2460 642 2515 Καὶ
671 2459 763 2516 νῦν
789 2462 889 2532 μὲν
920 2461 1226 2534 ὲντρίψειεν
1244 2462 1432 2523 αὐτοῖς
1457 2460 1771 2524 κονδύλους,

526 2550 645 2605 Νῦν
670 2551 714 2607 δ’
740 2552 800 2617 ἐξ
827 2553 1041 2626 ἀμάξης
1072 2553 1274 2626 ὑϐριοί,
1308 2553 1370 2610 τὸ
1400 2553 1494 2607 τοῦ
1524 2552 1723 2622 λόγους

527 2646 641 2700 Καὶ
671 2643 754 2710 τίς
784 2647 882 2718 μὲν
902 2646 1175 2717 ὀψόπωλιν
1204 2647 1389 2719 αὐχῶν
1419 2646 1657 2719 μητέρα,

532 2734 601 2791 Ἣ
639 2737 768 2807 γοῦν
789 2739 1151 2810 όπωρόπωλιν
1182 2738 1213 2810 ἢ
1251 2737 1550 2810 καπηλίδα,

530 2832 641 2887 Καὶ
676 2834 881 2903 πατρὸς
910 2835 1025 2900 υίὸς
1057 2835 1345 2906 τυγχάνων
1367 2832 1654 2904 ἀνωνύμου

528 2929 571 2981 Τ
576 2928 703 3001 υχὺν
730 2928 901 2995 ξύλων
925 2929 1188 3004 ἄρχοντος
1214 2930 1248 3001 ἢ
1282 2928 1455 2996 ξύλων
1485 2929 1717 2999 πράτου,

528 3025 598 3079 Ἥ
624 3024 729 3078 τῶν
758 3024 860 3079 ὅσα
885 3025 1072 3095 πρίαιο
1093 3026 1187 3078 καὶ
1222 3024 1520 3095 τριωϐόλου

540 3116 825 3188 Ἀγροίκος
858 3116 996 3189 ἀνὴρ
1032 3120 1127 3173 καὶ
1157 3117 1433 3189 προσῆκον
1467 3114 1708 3185 βλαυτίῳ

529 3294 749 3350 Summa
769 3335 785 3359 ,
816 3297 933 3369 quis
972 3314 1177 3353 omnem
1206 3296 1389 3369 dirigit
1424 3295 1772 3351 substantiam

527 3389 779 3462 Propter,
819 3408 1007 3462 supra,
1036 3392 1181 3462 infra
1207 3408 1301 3446 nos
1332 3390 1599 3447 volantem
1622 3385 1939 3445 mirimode?

528 3479 792 3551 Epicurus
818 3484 929 3537 haec
958 3484 1004 3538 si
1033 3492 1365 3554 prtestupore
1391 3498 1494 3537 non
1524 3483 1686 3546 videt,
1863 3466 1867 3470 ’

527 3572 689 3628 Nobis
716 3575 944 3630 uidenda
974 3584 1096 3632 sunt
1132 3585 1309 3631 tamen
1333 3572 1649 3630 clarissime.

528 3664 727 3737 Nempe
764 3683 873 3722 una
905 3670 1075 3734 nauis,
1107 3684 1243 3723 unus
1275 3675 1330 3722 at
1363 3674 1541 3738 pereat
1569 3664 1710 3720 male

530 3766 735 3839 Equus,
754 3770 864 3824 haec
891 3771 1145 3841 magistro
1159 3768 1325 3836 nuda,
1357 3768 1518 3841 frenis
1549 3769 1850 3832 hiccarens,

528 3858 686 3913 Hanc
713 3858 900 3930 glutiet
938 3861 1175 3915 marinus
1201 3861 1257 3916 in
1280 3859 1591 3915 barathrum
1626 3859 1811 3923 draco,

535 3950 685 4005 Hunc
712 3961 870 4006 nacta
894 3950 1035 4007 siluis
1072 3951 1272 4008 lacerat
1310 3966 1552 4007 erronem
1580 3952 1718 4022 fera.

531 4042 768 4099 Rectoris
798 4059 981 4115 expers
1011 4044 1270 4116 quomodo
1293 4045 1474 4118 ingens
1510 4046 1756 4103 machina

530 4136 678 4194 Petis
704 4140 932 4195 universi
969 4147 1114 4195 stare
1141 4146 1349 4195 natura
1373 4138 1600 4194 ordine?

534 4229 659 4286 Non
679 4233 851 4287 nescio
877 4248 999 4304 ergo
1027 4242 1083 4287 ut
1113 4242 1237 4287 ante
1264 4232 1482 4295 dictum,
1510 4230 1715 4287 Christe
1742 4230 1836 4299 mi,

533 4327 687 4393 Quod
719 4345 867 4401 gazae
898 4329 1115 4399 abyssus
1148 4335 1197 4381 te
1219 4342 1373 4399 penes
1394 4330 1463 4382 sit
1491 4326 1679 4383 caeliae
1708 4342 1726 4393 ;

532 4428 693 4498 Atqui
723 4425 985 4496 profunda
1021 4432 1193 4479 mente
1229 4440 1348 4479 cum
1392 4439 1647 4495 nequeam
1683 4422 1829 4497 sequi

530 4518 972 4589 Absconditosque
996 4533 1145 4572 nosse
1169 4533 1345 4571 rerum
1383 4516 1645 4583 cardines,

533 4608 761 4666 Molesta
789 4627 869 4664 me
892 4610 1102 4665 divexat
1124 4609 1418 4681 indignatio

532 4703 713 4759 Divisa
746 4705 864 4758 vita
891 4710 1222 4755 contuentem
1252 4701 1455 4756 munia.

532 4795 672 4850 Nam
702 4810 804 4865 quo
838 4795 985 4863 faber
1015 4793 1265 4863 lapicida,
1296 4802 1444 4846 sutor
1476 4794 1694 4851 rusticus

538 4886 803 4958 Fulloque
837 4885 1093 4959 pellioque
1121 4885 1245 4955 faece
1268 4901 1383 4938 cum
1416 4884 1559 4956 papli

543 4981 611 5035 Et
639 4979 975 5037 sordidarum
1004 4980 1409 5051 disciplinarum
1442 4979 1662 5034 adseclis

546 5074 883 5146 Sapientibus
917 5073 1262 5129 dominantur
1293 5082 1450 5144 atque
1482 5067 1807 5139 illustribus,

550 5166 766 5231 Emptos
794 5175 849 5219 ut
874 5166 1010 5220 inter
1042 5163 1271 5233 imperat
1301 5182 1476 5219 servos
1506 5165 1661 5220 herus

542 5257 807 5332 lniurioso
836 5254 1145 5327 vapulantes
1175 5256 1395 5330 condon

547 5350 1044 5422 Plaustralibusque
1069 5351 1283 5422 impune
1315 5350 1465 5405 dictis
1496 5351 1767 5421 perditus?

550 5445 1042 5515 Circumforaneam
1066 5444 1150 5498 hic
1176 5446 1393 5514 adeptus
1424 5447 1699 5516 conjugem

545 5539 831 5610 Copanwe,
886 5540 1054 5608 patris
1090 5541 1199 5611 ipse
1223 5540 1389 5610 plebei
1410 5556 1592 5611 genus,

553 5632 647 5687 Vel
679 5632 933 5688 institoris
970 5635 1154 5688 mercis
1176 5634 1317 5687 haud
1354 5629 1564 5687 trioboli

547 5724 656 5779 Rus
687 5727 795 5795 ipse
823 5724 1075 5791 crudum,
1102 5724 1239 5794 lixa,
1272 5725 1564 5780 calcearius

548 5812 846 5872 Fadissimi
878 5819 1088 5888 fossoris
1120 5836 1177 5874 os
1203 5819 1595 5889 spurcissimam

549 5905 757 5983 Expers
792 5911 1017 5984 honesti,
1049 5912 1222 5969 laudis
1254 5914 1619 5986 ignarissith

2143 524 2185 575 Α
2220 520 2565 587 Σκαπανέωςι
2584 524 2878 594 πρόσωπον
2906 525 3189 595 αἴσχιστον
3218 526 3421 596 φέρων,

2213 615 2428 686 ’Δὶδρις
2466 617 2545 680 είς
2580 618 2686 672 πᾶν
2709 617 2818 671 τῶν
2856 617 3040 672 καλῶν
3068 620 3161 671 καὶ
3185 618 3410 686 τιμίων,

2214 710 2322 762 Kal
2349 709 2474 777 μηδ’
2500 711 2648 774 ὅπως
2678 711 2941 782 κνήσαιτο
2962 710 3258 780 γινώσκειν
3283 709 3449 781 ἔχων,

2212 802 2363 854 Πιεῖν
2395 800 2663 872 διδαχθεὶς
2686 802 2779 856 καὶ
2816 802 3154 873 μεθυσθῆναι
3193 802 3355 872 μόνον

2215 896 2283 949 Ἣ
2315 898 2405 950 καὶ
2431 897 2704 966 φαγέσθαι
2728 897 2839 951 τῶν
2870 897 3202 951 Σελευκίδων
3231 895 3413 959 πλέον,

2223 989 2312 1041 Ἐν
2341 990 2418 1060 τῷ
2443 989 2624 1043 λαλεῖν
2648 988 2705 1043 δὲ
2737 990 2928 1043 σιέλων
2967 990 3107 1060 χέων
3130 988 3345 1054 πίθους,

2225 1082 2466 1141 Ἐκεῖνος
2493 1078 2648 1145 οὗτος
2669 1081 2900 1153 εὐπορεῖ
2935 1081 3032 1153 μὲν
3066 1080 3339 1151 ἀργύρου,

2212 1175 2382 1235 Ὄλας
2409 1174 2467 1229 δὲ
2497 1175 2751 1241 πλίνθους
2777 1175 3055 1230 ὲνδέδυται
3080 1176 3328 1246 χρυσίου,

2209 1269 2400 1335 Κτίζει
2428 1269 2483 1324 δὲ
2508 1268 2770 1340 λαμπρὰς
2797 1268 2975 1333 οἰκίας
3007 1268 3431 1339 χρυσοστέγους,

2211 1362 2428 1417 Ἵππων
2452 1361 2508 1415 δὲ
2536 1362 2760 1433 γαυρῶν
2784 1361 2982 1431 ἀγέλας
3001 1362 3127 1423 ὅλας
3153 1359 3349 1432 τρέφει

2222 1456 2316 1508 Ἐκ
2340 1453 2611 1524 Θεπαλῆς
2631 1454 2739 1526 γῆς
2770 1457 2863 1509 καὶ
2891 1453 3070 1508 πέδων
3110 1452 3434 1525 ’Δρῤαδίας,

2196 1546 2439 1619 ’Χρυσοῖς
2466 1547 2521 1601 δὲ
2542 1546 2765 1609 τούτους
2796 1545 3097 1609 ἐνστολίζει
3130 1542 3421 1616 φαλάροις,

2208 1641 2544 1710 Προὲρχεται
2579 1641 2635 1694 δὲ
2660 1640 2762 1710 τῆς
2791 1638 3072 1711 λεωφόρου
3108 1638 3277 1707 μέσον

2217 1733 2356 1787 ’Υπδ
2386 1737 2739 1807 προπομποῖς
2776 1731 3019 1805 ἀρχικῶς
3050 1728 3410 1801 ἐσταλμένος,

2210 1827 2317 1882 Καὶ
2355 1829 2764 1896 προσκυνεῖται,
2793 1823 2889 1879 καὶ
2919 1820 3055 1878 Θεοῦ
3099 1822 3267 1894 τιμὴν
3300 1820 3434 1893 ἔχει.

2216 1918 2409 1980 Ἀλλος
2444 1919 2499 1973 δὲ
2535 1919 2757 1987 σεμνὸς,
2790 1916 3019 1988 εὐγενὴς
3052 1916 3160 1970 τῶν
3185 1915 3243 1982 ἐξ
3272 1914 3373 1979 ἕω,

2210 2009 2393 2074 Καλὸς
2423 2012 2521 2081 μὲν
2552 2006 2711 2074 εἶδος,
2738 2008 2976 2064 καλλίων
3009 2008 3066 2061 δὲ
3085 2007 3175 2061 τὸν
3212 2006 3349 2077 βίον,

2210 2106 2399 2173 Λόγων
2434 2102 2683 2176 μαθητὴς
2717 2105 2810 2159 καὶ
2841 2102 3163 2165 διδάσκαλος
3194 2100 3369 2169 λόγων

2210 2199 2562 2270 Πανημέριος
2583 2196 2926 2268 ἐνσχολάζων
2956 2198 3076 2259 ταῖς
3107 2194 3337 2266 βίϐλοις,

2212 2293 2499 2348 Παίδευσιν
2528 2291 2717 2346 ἀσκῶν
2739 2291 2833 2346 καὶ
2857 2288 3085 2360 τρυφῶν
3120 2288 3181 2343 τὸ
3219 2286 3549 2360 μανθάνειν,

2221 2386 2491 2449 Ἀνέστιος
2519 2383 3002 2455 πρόεισιν,ἄθλιος,
3032 2382 3225 2452 πένης,

2207 2477 2357 2549 Μηδὲ
2383 2479 2621 2549 τρύφους
2651 2476 2782 2546 γοῦν
2815 2474 3065 2547 εὐπορῶν
3091 2472 3342 2542 πιτυρίου
3360 2490 3376 2503 ·

2208 2572 2325 2642 Τῆς
2357 2570 2558 2642 ἀρετῆς
2593 2570 2651 2624 δὲ
2684 2568 2837 2640 φίλος
2859 2567 2934 2623 ὢν
2955 2568 3050 2621 καὶ
3070 2567 3183 2621 τῶν
3218 2564 3399 2635 λόγων

2209 2666 2346 2722 Οὐδὲ
2380 2663 2645 2738 βραχείας
2674 2664 2897 2734 εὐτυχεῖ
2920 2663 3091 2732 τιμῆς
3124 2662 3290 2730 μέρος
3311 2673 3328 2689 ⁶

2208 2760 2527 2825 Τωθάζεται
2557 2759 2613 2813 δὲ
2637 2760 2731 2812 καὶ
2759 2756 3018 2810 διώκεται
3043 2753 3228 2821 πλέον,

2208 2856 2274 2910 Τί
2303 2855 2378 2927 μὴ
2407 2854 2469 2908 τὸ
2505 2853 2727 2908 πάντων
2758 2847 3129 2919 δυσθεώτερον
3160 2845 3341 2915 λέγως

2209 2945 2284 3002 Οὐ
2324 2945 2435 3018 γὰρ
2466 2942 2728 3015 ἀποχρῶν
2758 2944 2870 3005 τοῖς
2892 2942 3090 3002 κοινοῖς
3113 2937 3366 2991 πλουτεῖν
3416 2930 3594 3006 μόνον

2220 3040 2311 3093 Ἐν
2343 3039 2511 3093 πᾶσιν
2534 3036 2715 3099 ἄλλοις
2735 3038 2849 3100 τοῖς
2877 3033 3095 3089 δοκοῦσι
3116 3030 3349 3099 τιμίοις,

2220 3131 2383 3187 una
2418 3125 2842 3202 προαρπάζουσι
2878 3123 3063 3180 καὶτὰ
3095 3119 3302 3194 βιϐλία,

2132 3242 2174 3302 C

2208 3315 2317 3372 Nec
2346 3314 2557 3369 scabere
2584 3312 2685 3367 rite
2708 3309 2927 3372 doctus;
2961 3306 3053 3361 hoc
3080 3300 3273 3365 solum,
3297 3309 3519 3370 gravem

2210 3404 2389 3461 Poclis
2420 3405 2669 3476 saginam
2699 3399 2951 3455 belluinis
2984 3394 3196 3450 tendere

2211 3502 2280 3557 Et
2310 3498 2540 3554 helluari
2564 3496 2685 3569 plus
2708 3492 3038 3550 Seleucidum
3072 3487 3221 3561 gula,

2220 3593 2400 3649 Verbis
2425 3591 2610 3646 saliva:
2636 3586 2777 3643 dolia
2798 3600 3007 3642 vomens
3035 3577 3281 3653 singulis,

2210 3686 2265 3741 Is
2305 3684 2398 3741 ille
2433 3683 2641 3739 abunde
2663 3688 2840 3735 servat
2879 3677 3088 3748 argenti
3113 3673 3291 3737 domo,

2211 3776 2280 3830 Et
2307 3792 2426 3849 sepe
2447 3775 2648 3829 cinctus
2679 3787 2812 3825 auro
2839 3767 3076 3824 ambulat
3106 3766 3234 3836 foris
3298 3796 3299 3799 η

2213 3870 2460 3939 Meroque
2489 3866 2550 3919 ab
2579 3880 2710 3919 auro
2727 3861 3035 3934 splendidas
3060 3857 3192 3913 aedes
3218 3849 3378 3921 colit;

2216 3960 2409 4031 Greges
2432 3974 2687 4031 equorum
2717 3956 2883 4028 pascit
2909 3956 2988 4010 hic
3010 3946 3274 4008 curulium

2212 4056 2318 4107 Aut
2349 4051 2525 4106 Arabe
2549 4065 2736 4119 campo
2754 4055 2850 4102 aut
2884 4044 3137 4101 Thessala
3165 4052 3307 4096 terra
3332 4050 3478 4096 satos
3496 4056 3521 4106 ς

2215 4146 2463 4203 Phaleris
2497 4144 2561 4200 ab
2586 4160 2717 4198 auro
2737 4143 2891 4197 comit
2924 4141 3016 4195 hos
3046 4138 3405 4210 fulgentibus;

2137 1870 2176 1924 Β

2218 4241 2340 4297 Alto
2365 4258 2458 4312 per
2493 4239 2676 4293 urbem
2703 4238 2905 4308 primus
2933 4232 3124 4288 incedit
3160 4232 3336 4301 gradu
3406 4302 3409 4304 ἓ

2217 4336 2460 4404 Stipatus
2484 4346 2616 4386 auro
2644 4339 2693 4383 et
2709 4324 3234 4382 anteambulonibus:

2215 4423 2406 4477 Divina
2429 4426 2625 4479 honore
2652 4421 2794 4495 plebs
2820 4417 3010 4472 adorat
3043 4416 3333 4487 turgidum.

2219 4516 2410 4571 Gravis
2435 4516 2525 4571 sed
2545 4515 2681 4570 alter
2706 4512 2814 4568 sole
2847 4511 2911 4568 ab
2941 4512 3142 4565 oriente
3177 4506 3430 4579 inclytus,

2144 4608 2189 4663 D
2222 4606 2526 4680 Formaque
2555 4607 2887 4675 moribusque
2915 4600 3363 4667 commendabilis,

2222 4705 2491 4761 Doctrina:
2519 4712 2731 4758 amator
2753 4702 2933 4754 doctor
2954 4699 3066 4770 ipse
3087 4696 3297 4762 nobilis,

2228 4798 2460 4851 Diurnus
2494 4802 2542 4849 et
2577 4803 2865 4849 nocturnus
2903 4790 3208 4845 incumbens
3233 4788 3404 4854 libris,

2227 4889 2327 4957 Qui
2349 4888 2748 4957 disciplinarum
2780 4885 3016 4941 omnium
3050 4892 3231 4937 nectar
3251 4882 3401 4947 bibit,

2234 4984 2444 5053 Pauper
2479 4983 2771 5048 miseroque
2797 4977 2988 5031 viduus
3016 4974 3206 5029 insedit
3238 4974 3376 5043 foco,

2223 5074 2331 5133 Nec
2356 5075 2554 5144 frustra
2581 5074 2738 5144 panis
2768 5068 2971 5125 abunde
3006 5070 3198 5123 habens
3227 5066 3453 5122 cibarii:

2232 5170 2443 5223 Virtutis
2473 5168 2562 5221 ille
2590 5168 2791 5222 amicus
2820 5174 2868 5219 et
2891 5162 3171 5234 sapientia:

2226 5263 2334 5319 Nec
2364 5262 2642 5317 minimam
2663 5260 2875 5313 honoris
2896 5256 3059 5310 debiti
3086 5262 3287 5326 partem
3323 5254 3519 5308 obtinet
3550 5272 3573 5310 :

2230 5356 2427 5411 Sannis
2461 5354 2653 5423 petitus
2688 5351 2917 5418 undique
2941 5348 3170 5418 exigitur
3200 5347 3367 5414 foras.
3414 5382 3421 5387 ε

2232 5448 2303 5502 Et
2333 5448 2460 5517 quid
2501 5446 2783 5498 tacebimus
2818 5442 3055 5496 omnium
3095 5438 3566 5508 indignissimum?

2230 5538 2357 5595 Rem
2395 5539 2593 5608 factam
2630 5536 2819 5590 habere
2850 5534 3056 5589 vanitas
3084 5548 3175 5586 nec
3206 5533 3280 5584 sic
3302 5540 3454 5602 putat

2232 5631 2555 5690 (Ilarissimis
2590 5630 2795 5684 abunde
2830 5628 3111 5681 honoribus
3137 5624 3266 5694 frui,

2236 5728 2416 5783 Libros
2448 5726 2546 5778 nisi
2573 5725 2711 5793 ipsos
2744 5724 2953 5791 auferat
2987 5727 3043 5774 ut
3074 5718 3309 5774 inutiles.

2233 5820 2277 5879 Ο
2304 5837 2510 5874 summa
2540 5819 2697 5889 pestis
2726 5817 2744 5871 !
2775 5816 2999 5870 vestibus
3025 5813 3346 5886 sapientiam

2237 5912 2499 5985 Spoliabit
2533 5911 2651 5965 auri
2676 5910 2853 5983 fulgor
2880 5908 3245 5978 impiissimus.

3655 412 3784 481 1836
