4050 6296
333 420 469 486 1887
1487 419 1812 487 SCRIPTA
1838 421 2408 493 MISCELLANEA.

336 542 428 607 Ὠς
457 539 649 614 κτῆσιν
679 541 877 615 ἀργὴν,
909 542 953 596 ὣ
994 541 1259 615 μεγίστης
1292 541 1499 615 ζημίας
1530 543 1544 599 ί

328 635 437 687 Καὶ
467 631 771 688 λωποδυτεῖ
800 635 929 698 τοὺς
950 633 1148 702 λόγους
1179 632 1241 689 τδ
1272 632 1521 707 χρυσίον.

332 725 534 797 Ὠμοιί
563 726 763 793 πόσους
795 725 1034 800 ἐρῤευσα
1068 727 1327 800 δακρύων
1356 727 1553 794 πίθους

348 816 495 872 Ἰδὼν
528 820 726 889 σοφοὺς
756 820 855 889 μὲν
882 821 939 873 ὲν
966 820 1119 893 μέσῳ
1148 820 1410 892 συνεδρίῳ

327 910 639 975 Λαλοῦντας
671 911 804 981 όρθὰ
841 912 934 965 καὶ
965 913 1527 985 περιφρονουμένονς,

329 1002 700 1073 Παράφρονας
730 1003 787 1059 δὲ
820 1004 1114 1070 πλουσίους
1151 1010 1517 1079 τιμωμένους.

325 1093 503 1165 Δηρεὶ
530 1096 784 1162 Μέλιτος,
820 1098 916 1152 καὶ
939 1097 1185 1153 διδάσκει
1219 1098 1551 1172 Σωκράτηςο

327 1191 437 1242 Καὶ
459 1189 524 1262 ζῇ
553 1191 810 1258 Μέλιτος,
840 1192 934 1247 καὶ
961 1193 1193 1267 τελευτᾷ
1221 1195 1543 1267 Σωκράτης.
1626 1234 1627 1237 η

340 1284 397 1339 '0
430 1286 779 1357 συκοφάντης
806 1285 1155 1359 ἐκδιδράσκει
1193 1288 1293 1353 τὰς
1319 1289 1479 1361 δίκαις
1500 1305 1515 1320 ’

325 1380 391 1434 Οἱ
418 1380 463 1434 δ’
491 1382 685 1436 ἕνδεκα
714 1382 961 1454 κρίνουσι
985 1383 1116 1447 τοὺς
1140 1382 1488 1455 ἐλευθέρους.

327 1472 438 1525 Καὶ
463 1471 711 1541 τρίϐεται
747 1473 845 1545 μὲν
881 1474 1181 1545 φάρμακον
1201 1473 1281 1544 τῷ
1310 1474 1547 1548 γεννάδα
1570 1491 1585 1506 ’

338 1561 399 1617 '0
428 1560 474 1617 δ’
503 1564 732 1626 Ἀνυτος
765 1562 1008 1634 πέφευγε
1042 1567 1142 1640 τὴν
1172 1566 1477 1637 τιμωρίαν.

327 1652 564 1724 Χριστὸν
594 1654 767 1724 πένης
790 1652 969 1722 ἔλεξες
999 1656 1277 1719 δυσσεΰῶς
1316 1658 1488 1726 λέγει.

328 1743 592 1808 Πλούσιος
643 1744 1014 1817 Ἀντίχριστον
1037 1790 1052 1814 ,
1090 1747 1330 1813 εὐσεϐῶς
1355 1749 1527 1817 λέγει.

340 1841 689 1913 Ἔπάγχομαι
720 1842 859 1912 πρὸς
892 1842 1100 1899 ταῦτα’
1132 1847 1309 1916 μισῶν
1347 1846 1441 1901 τὸν
1474 1848 1591 1918 βίον

328 1932 478 1986 Θέλω
506 1934 688 1989 θανεῖν
713 1952 729 1967 ·
756 1935 910 2005 ἣλιον
932 1937 993 1990 οὐ
1022 1936 1159 1991 Θέλω
1194 1938 1439 2009 βλέπειν.

340 2026 623 2082 Ἐντεῦθεν
644 2028 944 2100 εισήγαγεν
971 2031 1134 2094 ἄλλος
1164 2033 1263 2102 τὴν
1298 2033 1492 2105 τύχην,

328 2120 403 2174 Τὸ
432 2119 478 2174 δ’
502 2120 805 2193 αὐτόματον
839 2123 1021 2188 ἄλλος,
1070 2124 1347 2197 Ἐλλήνων
1374 2127 1495 2182 δόθ’

333 2215 536 2284 Ἄμφω
571 2215 630 2269 δὲ
661 2217 857 2280 κοινῶς
888 2219 989 2289 τὴν
1022 2220 1457 2291 ἀκυῦερνησίαν.

342 2307 624 2365 Ἐντεῦθεν
663 2309 939 2380 ἠγνόησαν
962 2311 1013 2363 οί
1038 2311 1159 2365 τότε
1186 2313 1365 2383 χρόνοι

329 2400 441 2454 Καὶ
471 2401 567 2471 τῆς
593 2402 859 2469 Προνοίας
898 2404 1083 2474 χρῆμα
1113 2402 1216 2473 τῆς
1249 2403 1587 2476 σοφωτάτης.

340 2494 625 2548 Ἐντεῦθεν
657 2495 689 2566 ἡ
718 2494 993 2565 ξύμφυλος
1021 2494 1205 2564 ἀνθρώ
1219 2494 1531 2564 πων’φύσις

332 2587 516 2655 Ἔγνω
539 2586 938 2642 διασπασθεῖσα
963 2586 1100 2657 πρὸς
1124 2587 1266 2659 μέρη
1294 2586 1409 2656 δύο,

328 2684 440 2737 Καὶ
468 2682 711 2752 κλήσεων
734 2682 920 2746 ἄδικος
954 2682 1172 2754 ἐγράφη
1205 2682 1372 2750 νόμος

326 2777 403 2833 Τὸ
430 2777 653 2847 πλάσμα
683 2777 902 2846 τέμνων
934 2778 1014 2839 είς
1044 2775 1219 2847 τομὰς
1248 2776 1603 2847 ἀσυμφύλους
1622 2792 1640 2808 ·

328 2878 439 2933 Καὶ
466 2878 557 2930 τὸν
588 2876 687 2947 μὲν
710 2875 965 2945 ὠνόμασε
998 2873 1181 2929 δοῦλον
1204 2876 1236 2945 ἡ
1265 2874 1428 2946 τύχη,

325 2970 431 3023 Τδν
456 2970 509 3023 δὲ
539 2985 699 3041 προσε
712 2966 963 3039 κλήρωσε
995 2968 1111 3027 τοῖς
1139 2964 1479 3037 ἐλευθέροις.

337 3064 505 3135 Ἀρχή
536 3081 599 3133 γε
636 3062 841 3126 κακῶν,
878 3062 1067 3133 χρυσὲ,
1098 3062 1201 3130 γῆς
1229 3060 1433 3130 τυφλὸν
1461 3060 1670 3129 τέκνον,

334 3154 424 3221 Ὠς
460 3155 679 3210 ἀπόλοιο
702 3152 799 3207 καὶ
831 3152 1128 3223 παρέλθοις
1163 3152 1227 3205 ὲκ
1262 3151 1430 3222 μέσου

326 3312 430 3368 Hei
455 3322 659 3386 quanta
699 3311 835 3383 ﬂuxi
870 3310 1235 3381 lacrymarum
1262 3312 1493 3383 ﬂumina

323 3408 484 3461 Catos
510 3405 689 3460 videns
715 3405 770 3458 in
799 3404 951 3467 curia
983 3402 1317 3473 penitissima

323 3498 470 3555 Bene
502 3496 833 3553 consulentes
857 3494 1095 3566 despici;
1127 3493 1491 3563 insipientium

327 3591 558 3647 Hectori
583 3594 780 3645 honore
806 3588 1030 3643 divitum
1058 3587 1275 3643 deliria.

326 3684 539 3743 Melitus
570 3683 779 3757 ineptit,
811 3680 1064 3737 Socrates
1091 3681 1337 3753 sophiam
1368 3678 1539 3747 docet,

325 3773 412 3836 Sic
442 3778 564 3834 vivit
579 3776 953 3845 ille,.moritur
984 3776 1101 3840 hic;
1126 3791 1336 3845 poenam
1360 3774 1491 3827 exiit

326 3871 468 3926 Trux
495 3869 842 3941 sycophanta,
874 3866 1096 3923 liberum
1116 3865 1487 3920 undecim—viri

331 3964 644 4029 Damnant;
682 3962 851 4014 cicuta
886 3966 1158 4014 strenuum
1181 3960 1423 4031 sequitur
1449 3960 1645 4026 virum,

323 4054 653 4127 Supplicium
674 4053 851 4108 inanis
882 4059 1086 4123 Anglus
1125 4051 1250 4106 boni
1271 4051 1431 4123 fugit.

325 4144 594 4204 Christum
626 4137 888 4199 invocabit
916 4144 1163 4214 pauper?
1196 4142 1368 4214 impie
1396 4142 1548 4213 facit.

325 4244 423 4299 Dis
446 4239 873 4298 Antichristum.’
902 4238 997 4293 Nil
1033 4246 1200 4309 potest
1229 4240 1403 4310 magis
1428 4242 1529 4309 pie.

323 4336 547 4392 Μαι-ονε
579 4336 745 4389 victus
766 4333 924 4388 vitam
949 4347 1042 4401 ego
1071 4330 1179 4395 odi,
1208 4331 1329 4384 nolo
1353 4332 1472 4401 jam

323 4427 503 4484 Solem
532 4426 759 4490 intueri;
804 4421 882 4477 nil
920 4422 1023 4476 nisi
1051 4434 1274 4476 mortem
1305 4422 1447 4476 volo.

323 4518 462 4575 Hinc
497 4518 657 4572 sortis
689 4515 830 4570 alius
865 4515 1016 4570 rebus
1049 4515 1259 4569 induxit
1290 4523 1487 4583 rotam,

325 4610 522 4665 Casum
553 4608 717 4674 alius,
738 4606 889 4661 ambo
919 4607 1136 4663 Grazcia:
1160 4604 1305 4661 terra
1327 4607 1454 4675 sati,

324 4702 488 4755 Ambo
510 4699 751 4753 docentes
782 4714 890 4752 esse
922 4700 1049 4779 sine
1064 4713 1181 4768 rege
1209 4699 1427 4766 omnia;

323 4792 398 4851 0b
434 4791 577 4845 istud
616 4791 711 4845 illa
744 4791 925 4844 nesciit
968 4768 1135 4843 Deum
1167 4791 1352 4843 levitas

323 4884 707 4955 Negotiumque
739 4882 1143 4953 providentiam,
1176 4898 1415 4936 sacrum.

324 4976 546 5031 Duabus
579 4976 701 5028 hinc
728 4982 924 5026 natura
962 4982 1117 5040 rupta
1150 4974 1391 5043 partibus

325 5068 564 5124 Hominis
587 5081 819 5119 amorem
849 5065 899 5118 in
925 5074 1163 5117 mutuum
1191 5065 1303 5118 nati
1332 5067 1553 5121 abstitit.

324 5161 537 5235 Injusta
563 5157 646 5211 lea:
668 5166 744 5212 est
770 5157 891 5211 inde
912 5162 1132 5225 prosata
1167 5155 1462 5210 nominum.

332 5254 620 5309 Divisiones
654 5267 737 5305 res
766 5251 820 5304 in
851 5250 1079 5304 hosticas
1106 5263 1314 5303 secans.

327 5348 465 5405 Fors
494 5358 634 5403 sorte
664 5354 823 5417 capta
844 5346 979 5400 dixit
1006 5347 1141 5399 hunc
1182 5360 1410 5409 servum,
1443 5344 1672 5401 alterum

332 5442 548 5498 Potiore
576 5441 687 5511 fato
707 5437 853 5513 scivit
880 5452 988 5492 esse
1029 5435 1272 5491 liberum.

326 5544 556 5609 Aurum,
586 5556 616 5594 o
646 5537 913 5594 malorum
951 5554 1090 5592 caeca
1125 5540 1285 5607 stirps
1313 5547 1468 5590 terra:
1506 5545 1690 5605 caput,

331 5634 547 5691 Utinam
575 5635 795 5703 perisses
822 5630 1077 5686 aboLtum
1109 5646 1136 5684 ε
1164 5631 1331 5684 medio
1366 5628 1420 5684 in
1448 5629 1582 5684 nihil

329 5727 517 5783 Mundi
545 5742 684 5781 σηοω
706 5740 894 5779 caussa
934 5738 1112 5777 rerum
1141 5722 1349 5777 diseidi.

338 5817 501 5893 Vanis
527 5817 617 5871 sed
648 5833 841 5871 aurum
874 5815 1113 5885 differam
1138 5814 1415 5867 conviciis:

322 5910 564 5966 Exscnsa
596 5924 785 5971 massa,
806 5908 932 5980 quid
969 5906 1097 5961 mali
1130 5904 1272 5961 nobis
1308 5904 1492 5961 dedit?

1936 548 1986 605 Δ
2013 546 2087 603 Τὸ
2116 548 2420 616 στασιῶδες
2458 550 2654 625 χρῆμα
2681 550 2775 608 καὶ
2810 549 3210 624 κοσμοφθόρον.

2027 641 2169 695 Ἀλλ’
2200 643 2258 695 ἐν
2279 644 2459 707 κενοῖς
2494 661 2588 715 μοι
2615 642 2792 698 ταῦτα
2829 643 2965 717 πρὸς
2990 643 3052 697 τὺ
3080 639 3305 714 χρυσίον
3328 655 3345 673 ο

2014 730 2083 786 Τί
2113 730 2223 804 γὰρ
2252 735 2655 805 πεπαρῴνηκεν
2680 733 2892 805 ἄψυχος
2926 731 3125 803 φύσιςς

2025 822 2115 887 Ὦς
2143 822 2365 877 ἀπόλοιο
2398 825 2510 878 τῶν
2542 824 2753 895 βροτῶν
2786 826 2818 894 ἡ
2846 824 3146 894 φαυλότης,

2012 912 2078 969 Οἳ
2099 915 2229 979 τοὺς
2260 916 2460 981 καλοὺς
2489 916 2768 989 κρίνουσιν
2798 914 2856 980 ἐξ
2882 914 3164 986 εὐτυχίας,

2012 1007 2125 1062 Καὶ
2157 1007 2284 1072 τοὺς
2309 1009 2516 1071 κακοὺς
2538 1005 2845 1078 τοῦμπαλιν
2874 1006 2934 1071 ἐξ
2965 1006 3215 1077 ἀτυχίας.

2016 1100 2080 1154 Ὦ
2111 1099 2341 1165 τάλανες
2363 1100 2614 1171 πένητες,
2647 1098 2832 1153 ἄθλιον
2858 1101 3037 1169 γένος.

2013 1193 2253 1248 Πλούτου
2284 1191 2401 1263 μετ’
2427 1191 2593 1248 αὐτοῦ
2621 1193 2717 1246 καὶ
2740 1194 2837 1247 σὺν
2872 1190 3017 1260 αὑτῷ
3034 1190 3256 1261 χρυσίῳ

2012 1285 2125 1355 Τῆς
2146 1285 2350 1356 ἀρετῆς
2379 1285 2478 1357 τὴν
2507 1283 2668 1351 δόξαν
2695 1282 3076 1356 ἀφῃρημέναι

2013 1376 2209 1449 Ὅμως
2238 1380 2268 1430 ὁ
2301 1378 2507 1448 κόσμος
2532 1375 2741 1445 ἀγαθὸν
2769 1376 2889 1438 πῶς
2921 1376 2987 1429 ἂν
3027 1375 3203 1447 δράσῃ

1988 1468 2101 1525 "Ev
2126 1470 2206 1541 τῷ
2245 1470 2471 1543 πονηρῷ
2498 1471 2782 1541 κείμενος;
2812 1469 2963 1538 λέγει
2994 1468 3187 1539 Λόγος.

2016 1563 2180 1634 Ὤμοι
2205 1561 2376 1617 πόσον
2399 1561 2635 1634 δάκρυον
2664 1560 2726 1627 ἐξ
2763 1560 3145 1628 Ἡρακλείτου,

2012 1653 2186 1719 Πόσος
2216 1654 2391 1724 γέλως
2412 1653 2469 1709 δὲ
2498 1655 2664 1709 πάλιν
2698 1656 2763 1708 ὲκ
2798 1652 3147 1723 Δημοκρίτου
3176 1652 3189 1707 ι

2013 1750 2085 1802 Τὸ
2113 1748 2212 1820 μὲν
2250 1748 2665 1805 κατοικτίσαιτο
2695 1749 2788 1803 τὸν
2821 1747 3008 1819 μωρὸν
3040 1748 3178 1817 βίον,

2012 1838 2182 1913 Οὗτος
2205 1843 2262 1897 δὲ
2292 1844 2617 1914 μωκήσαιτο
2647 1843 2776 1907 τοὺς
2807 1842 3168 1912 ἀϐελτέρους.

1935 1899 1985 1961 Β
2019 1899 2231 1989 Ὄντων
2268 1899 2377 2006 γὰρ
2402 1899 2611 1990 τούτων
2644 1934 2702 2000 ἐξ
2733 1899 3238 2006 ὲ-κατέρουΙτρόΠπου

2017 2030 2138 2101 Χρὴ
2170 2031 2310 2098 σφᾶς
2345 2029 2573 2094 ἑαυτοὺς
2605 2034 2701 2083 καὶ
2735 2030 2901 2101 γελᾷν
2924 2028 3023 2083 καὶ
3049 2026 3327 2097 δακρύειν.

2031 2124 2191 2196 Ἐμοὶ
2215 2124 2273 2178 δὲ
2310 2122 2395 2187 τίς
2434 2125 2663 2196 χρήσειε
2694 2123 2961 2189 σαλπίζον
2991 2124 3167 2194 στόμα
3192 2165 3208 2189 ,

2026 2218 2422 2290 Ἀγχίστροφον
2440 2220 2497 2273 δὲ
2530 2218 2784 2288 γλῶσσαν
2812 2218 2892 2282 εἰς
2915 2216 3077 2288 λόγου
3109 2217 3311 2280 πλάτος
3331 2255 3349 2283 ,

1920 2344 1923 2345 ν
2015 2313 2127 2367 Καὶ
2157 2313 2298 2385 πρὸς
2317 2310 2563 2383 κορυφὴν
2594 2311 2886 2385 Παρνασοῦ
2913 2312 3121 2381 στήσας
3148 2313 3333 2382 ἄκραν

2026 2409 2117 2472 Ὠς
2142 2408 2201 2477 ἑξ
2234 2408 2482 2462 ἀπόπτου
2515 2405 2614 2476 τὴν
2643 2406 2770 2477 βοὴν
2798 2405 3107 2477 διευρύνω;

2014 2500 2207 2553 Είπεῐν
2239 2499 2516 2570 παράσχοι
2539 2498 2714 2553 ταῦτα
2743 2497 2882 2569 πρὸς
2910 2498 3038 2562 τοὺς
3063 2496 3364 2559 πλουσίους
3391 2509 3409 2564 ;

2014 2591 2081 2648 Οί
2109 2593 2479 2665 χρυσολάτραι
2506 2595 2604 2647 ποτ
2629 2592 2909 2647 πλανᾶσθε
2940 2592 3220 2658 πλούσιοις

2016 2686 2151 2742 Οῐαν
2172 2688 2229 2741 δὲ
2257 2687 2352 2742 καὶ
2380 2686 2954 2755 στέλλεσθε,δείλαιοι,
2980 2686 3211 2757 τρί6ον;

2027 2781 2087 2835 '0
2122 2780 2352 2845 πλοῦτος
2380 2779 2483 2849 ῦλη
2509 2778 2617 2851 γῆς
2646 2779 2851 2850 ῥέουσα
2884 2778 3193 2849 συντόμως,

2012 2866 2123 2939 *Ης
2147 2874 2197 2927 οί
2223 2874 2386 2927 κακοὶ
2420 2873 2650 2945 φέρουσι
2684 2874 2906 2937 πάντως
2938 2872 2999 2928 τὸ
3024 2872 3209 2927 πλέον.

2013 2966 2081 3020 Τί
2112 2966 2340 3031 κακίους
2369 2966 2590 3038 γίνεσθε
2628 2965 2990 3032 πλουτοῦντες
3021 2966 3186 3021 πλέον
3208 2996 3233 3029 ι

2018 3056 2251 3129 Εὖρημα
2276 3056 2438 3122 κυνὸς
2458 3059 2492 3128 ὴ
2517 3058 2759 3129 σεϐαστὴ
2800 3060 3060 3131 πορφύρα
3079 3072 3096 3089 ο

2026 3150 2088 3203 '0
2126 3150 2413 3222 μάργαρος
2436 3150 2626 3222 κύημα
2661 3149 2865 3222 φαῦλον
2900 3149 3166 3222 ὀστρέου·
3280 3152 3281 3155 “

1941 3270 1984 3328 c
2022 3303 2236 3362 Utinam
2261 3305 2499 3373 periisset
2534 3306 2807 3361 hominum
2844 3305 2987 3362 iners
3018 3309 3292 3375 vecordia,

2015 3395 2185 3454 Solita
2209 3398 2478 3453 (estimare
2496 3407 2640 3453 sorte
2658 3399 2723 3454 de
2745 3399 2881 3454 bona
2905 3401 3066 3457 bonos

2016 3489 2294 3561 Melasque
2322 3499 2508 3544 contra
2533 3493 2596 3545 de
2620 3489 2763 3545 malo
2790 3491 3104 3561 infortunio.

2016 3584 2061 3640 Ο
2086 3584 2262 3639 miseri
2284 3593 2514 3655 egentes,
2549 3583 2777 3640 obsitum
2805 3587 3055 3639 mrumnis
3077 3603 3265 3657 genus,

2015 3673 2145 3731 Cum
2174 3690 2329 3728 censu
2356 3676 2553 3744 Optimo
2584 3689 2807 3745 cumque
2841 3677 2984 3730 tristi
3009 3694 3142 3730 auro
3171 3676 3335 3734 simul

2025 3764 2248 3821 Virtutis
2273 3767 2419 3821 omni
2447 3766 2633 3821 decore
2669 3767 2801 3821 nudi
2831 3776 2879 3822 et
2910 3769 3082 3838 gloria
3102 3768 3124 3822 .-'

2016 3858 2090 3915 Et
2118 3856 2254 3911 orbis
2285 3857 2381 3911 iste
2413 3872 2518 3926 quo
2565 3858 2760 3911 bonum
2789 3857 2955 3928 faciat
2987 3859 3141 3915 modo
3204 3880 3209 3883 ’

2019 3950 2170 4008 Malo
2191 3951 2300 4020 ipse
2330 3961 2470 4007 totus
2497 3952 2820 4021 subjacens?
2848 3952 3088 4009 Christus
3112 3954 3279 4010 canit.

2019 4045 2135 4099 Heu
2170 4054 2372 4113 quanta
2400 4045 2565 4115 ﬂendi
2592 4048 2667 4101 vis
2695 4045 2760 4100 ab
2790 4061 2881 4100 ore
2920 4046 3206 4110 Heracliti.

2019 4136 2103 4193 Ha
2131 4149 2333 4209 quanta
2361 4139 2500 4193 risus
2530 4154 2624 4194 ore
2661 4140 2726 4193 de
2755 4138 3043 4195 Democriti

2021 4228 2236 4301 Deﬂerit
2271 4229 2361 4286 ille
2380 4231 2547 4286 stulta
2580 4231 2763 4286 mundi
2784 4233 3031 4299 crimina,

2022 4320 2224 4378 Fatuos
2256 4323 2528 4379 cachinnis
2560 4326 2660 4380 iste
2698 4323 2858 4379 claris
2884 4327 3105 4396 ruperit.

2021 4414 2147 4469 Vere
2175 4416 2361 4469 horum
2396 4423 2618 4487 uterque
2648 4424 2867 4489 utroque
2893 4432 3012 4472 vere
3039 4417 3249 4473 nomine

2018 4507 2209 4563 Ridere
2232 4512 2359 4580 ﬂere
2378 4519 2581 4581 aportet
2613 4509 2733 4564 illos
2765 4521 3029 4567 mutuum.

1941 4620 1997 4681 υ
2023 4604 2091 4657 At
2113 4605 2239 4658 mihi
2264 4620 2519 4659 sonorum
2549 4619 2605 4659 os
2635 4606 2752 4673 quis
2782 4604 2927 4660 dabit
2955 4606 3090 4660 tuba'
3121 4608 3284 4661 vicem

2031 4690 2444 4766 Versatilemque
2473 4696 2713 4767 linguam
2732 4697 2789 4751 in
2818 4714 2999 4770 azquor
3023 4701 3298 4763 carminis,

2017 4788 2280 4845 Parnassi
2295 4793 2350 4845 in
2384 4790 2495 4865 alto
2515 4800 2663 4846 stans
2700 4792 2778 4846 uti
2809 4793 3107 4868 cacumine,

2016 4880 2287 4935 Grandem
2310 4882 2579 4937 irremisso
2602 4884 2859 4938 concitem
2882 4899 3057 4938 vocem
3078 4901 3208 4939 sono
3230 4928 3245 4951 ,

2014 4975 2138 5033 Haec
2167 4986 2411 5048 prompta
2442 4980 2582 5031 dictu
2608 4978 2798 5032 ditibus
2832 4979 2956 5032 viris
2982 4994 3181 5032 canens
3222 4992 3241 5032 :

2015 5070 2307 5139 Mancipia,
2335 5073 2487 5136 dites,
2527 5087 2629 5141 quo
2668 5070 2873 5124 metalli
2897 5070 3157 5125 tenditis?

2012 5164 2125 5232 Quo
2151 5163 2287 5219 calle
2312 5164 2491 5219 miseri
2518 5163 2747 5236 ﬂebilem
2778 5164 2988 5219 instatis
3017 5166 3155 5219 viam
3180 5164 3205 5219 ?

2012 5256 2226 5312 Caduca
2254 5255 2428 5326 proles
2455 5264 2578 5310 sunt
2605 5271 2725 5326 opes
2760 5265 2917 5311 terrae
2940 5258 3179 5327 hospitis,

2011 5347 2253 5413 Quarum
2274 5348 2528 5417 fruuntur
2550 5359 2704 5419 parte
2735 5349 2942 5419 majore
2966 5349 3243 5420 improbi;

2013 5440 2150 5507 Quid
2176 5443 2302 5497 vitia
2333 5456 2451 5494 cum
2483 5441 2663 5512 Opibus
2701 5456 2905 5509 semper
2930 5443 3131 5512 augetis
3164 5456 3297 5495 nova
3317 5440 3345 5496 7

2008 5538 2231 5610 Augusti
2259 5534 2471 5591 honoris
2500 5552 2739 5606 purpura
2766 5538 3037 5589 inventum
3062 5542 3136 5591 est
3172 5538 3339 5593 canis.

2014 5627 2217 5694 Libido,
2249 5631 2582 5699 margaritae,
2614 5628 2732 5682 vilis
2764 5630 2949 5683 ostrei.

2011 5720 2233 5777 Summa
2267 5731 2342 5796 est
2370 5720 2566 5793 lapillis
2588 5722 2728 5791 quod
2757 5719 2990 5792 glabella
3020 5739 3155 5778 saara
3181 5731 3304 5777 sunt

2010 5813 2096 5870 Ea;
2128 5815 2289 5877 calce,
2323 5813 2502 5885 lignis,
2533 5812 2814 5884 splendida
2844 5824 3059 5879 ornatu,
3095 5822 3300 5881 domus,

2009 5906 2267 5979 Caeloque
2297 5905 2463 5962 latere
2486 5905 2752 5980 fossilique
2789 5925 3051 5964 marmore
3081 5916 3156 5964 est

3448 427 3595 495 1338
