4050 6296
546 325 683 391 1387

537 442 652 496 Καὶ
683 441 863 495 πᾶσαν
897 440 1239 510 ὑποτάξασαν
1266 444 1322 500 ὲν
1347 443 1543 519 ἀκαρεῖ
1575 448 1833 519 Περσίδα,

556 532 893 588 Ἀνάπαυσαι
918 536 1053 608 πρὸς
1085 537 1283 609 μικρόν
1311 556 1364 594 τι
1414 540 1506 594 ἐπὶ
1535 541 1626 595 τοῦ
1664 541 1855 615 δίφρου
1886 543 2079 599 τούτου

528 624 649 681 Καὶ
678 627 960 696 προελθεῖν
988 630 1282 697 νικητιικῶς
1320 632 1400 696 είς
1428 632 1585 700 δόξαν
1608 634 1717 689 τῶν
1752 636 2069 706 Ῥωμαίων.

535 739 661 823 ΪΒᾏ
689 745 802 799 Τοῦ
851 744 1039 823 αὐτοῦ
1086 746 1277 823 ᾔρνος
1327 747 1409 823 τῷ
1445 751 1695 823 Bautis?
1742 753 1992 823 Ἰωάννῃ
2036 756 2117 823 τῷ

605 815 897 885 Κομνηνῷ
916 818 1015 872 ἐπὶ
1038 816 1110 887 τῇ
1126 815 1394 889 Χριστοῦ
1414 821 1721 892 γεννήσει,
1738 825 1860 893 τοῖς
1878 815 2112 897 Gai-tore.

542 930 715 987 Πάλιν
743 931 1014 1001 γενέθλιον
1042 933 1282 1006 Χριστοῦ
1310 936 1404 990 καὶ
1428 937 1549 1007 νίκη
1576 939 1863 1009 βασιλέως,

534 1025 821 1093 Φρικῶδες
849 1030 909 1080 τὸ
938 1028 1228 1095 γενέθλιον,
1264 1030 1624 1104 ἀπρόσμαχος
1656 1034 1688 1104 ἡ
1720 1034 1844 1104 νίκη
1866 1052 1880 1067 ο

535 1118 706 1171 Πάλιν
738 1118 869 1180 Θεὸς
898 1120 1006 1174 ἀπὸ
1033 1120 1247 1191 Θαιμὰν
1277 1123 1467 1195 ὼρὰθη
1505 1128 1864 1199 σαρκοφόρος.

534 1210 641 1263 Καὶ
674 1209 926 1277 βασιλεὺς
966 1211 1072 1264 ἀπὸ
1100 1212 1317 1282 Θαιμὰν
1344 1214 1562 1283 είσῆλθε
1597 1218 1894 1290 νικηφόρος
1916 1236 1932 1253 ο

544 1301 744 1372 Ἀστὴρ
765 1301 901 1355 Θεοῦ
928 1303 1022 1374 τὴν
1056 1302 1265 1357 ἔλευσιν
1289 1306 1401 1369 τοῖς
1427 1307 1641 1376 Μάγοις
1666 1312 2056 1380 καταγγέλλει,

532 1394 636 1447 Τὸν
667 1394 710 1446 δ’
732 1395 937 1449 ἄνακτα
966 1396 1261 1467 μηνύουσιν
1286 1397 1461 1467 ἄστρα
1495 1401 1664 1456 πολλὰ
1686 1404 1962 1473 τροπαίων
1988 1423 2003 1438 ·

529 1491 574 1542 Τ
577 1497 633 1543 ὸν
664 1490 766 1559 μὲν
790 1492 845 1544 ὲν
876 1492 1049 1563 φάτνῃ
1077 1491 1327 1561 κείμενον
1358 1494 1506 1564 τρεῖς
1552 1497 1923 1568 προσκυνοῦσι
1968 1496 2111 1569 Πέρ-

1896 1589 2036 1663 [σαι,

526 1676 633 1730 Τοῦ
660 1676 705 1730 δ’
733 1677 839 1732 ὑπὸ
865 1678 1029 1741 πόδας
1052 1678 1329 1733 κλίνουσιν
1359 1682 1509 1734 πᾶσα
1548 1682 1751 1753 Περσὶς
1790 1682 1997 1754 αὐχένα
2019 1700 2037 1718 ο

539 1771 598 1825 Ὀ
622 1770 722 1841 μὲν
756 1772 1013 1840 ἐκφεύγει
1046 1771 1319 1845 μάχαιραν
1353 1772 1742 1845 βρεφοκτόνον,

536 1866 597 1918 '0
621 1865 667 1918 δ’
689 1864 1034 1935 ςκδιδρόισκει
1066 1866 1125 1920 τὸ
1158 1868 1354 1937 πικρὸν
1377 1868 1469 1921 τοῦ
1496 1868 1736 1924 κλέπτου
1764 1870 1978 1943 Πέρσου
2010 1870 2100 1944 βέο

779 1965 785 1971 ’
1880 1965 2025 2032 [λος·

538 2049 861 2121 Ἀμφότεροι
893 2050 991 2122 τὴν
1023 2050 1239 2106 ἃπασαν
1266 2051 1607 2122 ἀναγεννῶσι
1647 2055 1849 2123 κτίσιν,

523 2141 617 2204 EE;
638 2141 769 2211 ὕψος
802 2144 1203 2209 ἀναϐαίνουσιν,
1234 2145 1362 2215 ἔθνη
1391 2146 1813 2218 κληρονομοῦσι,

524 2234 863 2304 Τροποῦνται
889 2236 999 2290 πᾶν
1026 2236 1087 2289 τὸ
1107 2236 1401 2308 βάρϐαρον,
1423 2238 1519 2292 καὶ
1539 2232 1719 2303 πόλεις
1749 2241 2095 2313 καθαιροῦσι,

523 2327 633 2379 Καὶ
686 2327 813 2391 τοὺς
862 2328 962 2400 τῆς
1021 2328 1241 2401 Ῥώμης
1279 2335 1627 2403 σχοινισμοὺς
1660 2331 1953 2399 αὐξάνουσι
1997 2338 2096 2409 τῆς

1849 2425 2023 2502 [νέας,

512 2511 633 2565 ’Καὶ
665 2514 902 2585 σωτηρία
937 2513 1176 2581 γίνονται
1199 2516 1277 2588 τῷ
1300 2516 1665 2590 χριστωνῦμῳ
1700 2521 1909 2592 κλήρῳ.

534 2605 697 2674 Ἀλλ’,
724 2601 769 2660 ὦ
792 2608 1036 2681 γενάρχα
1067 2609 1160 2663 τοῦ
1187 2612 1407 2678 παντὸς,
1453 2614 1752 2681 παντάναξ.
1784 2602 2093 2686 παντοκρά·

1860 2708 2019 2782 [τωρν

524 2798 593 2850 Ὃ
624 2795 754 2865 πρὶν
782 2794 1014 2869 ἀμήτωρ
1047 2795 1111 2849 ὲκ
1142 2795 1381 2868 πατρὸς,
1415 2796 1508 2852 νῦν
1537 2798 1581 2852 δ’
1612 2800 1677 2854 ὲκ
1721 2803 1927 2873 μητρὸς
1953 2802 2093 2857 ἁπά-

1864 2891 2023 2966 [τωρ.

1730 334 2124 397 THEO'DOBI
2163 322 2568 400 PRODROMI

3652 345 3764 415 1388

2144 452 2199 515 Α
2222 451 2297 506 Τὸ
2326 450 2439 506 τῶν
2467 452 2674 524 ἡλίκων
2708 454 2953 526 ἄγαλμα,
2989 455 3088 528 τὴν
3122 456 3448 534 θαυμαστὴν
3484 460 3689 533 τριάδα·

2228 543 2319 609 Ὦς
2345 544 2443 598 καὶ
2468 545 2654 619 πατὴρ
2687 549 2784 602 σὺν
2821 551 2934 614 τοῖς
2968 550 3156 604 παισὶν
3181 550 3487 623 ἅγάλληται
3514 569 3761 623 τοιουτιις,

2220 634 2331 690 Καὶ
2364 637 2554 701 παῖδες
2584 640 2912 711 ὲπιχαίρωσι
2942 641 3114 714 πατρὶ
3142 646 3549 717 τροπαιοφόρῳ.

2750 753 2846 809 II".
2874 757 2980 823 Είς
3004 756 3073 810 τὸ
3100 758 3271 814 αὐτό.

2217 843 2541 916 Εὐχαριστῶ
2567 863 2669 917 μου
2698 847 2777 919 τῷ
2806 847 2947 919 Θεῷ,
2973 851 3312 923 σκηπτοῦχε,
3334 854 3671 925 τροπαιοῦχε,

2228 935 2294 991 Ἦ
2324 937 2534 1004 τέξασά
2567 956 2628 993 σε
2675 939 2914 1012 Ῥωματς
2944 944 3038 996 καὶ
3067 945 3252 1017 μήτηρ
3289 963 3385 998 σου
3416 946 3512 999 καὶ
3535 947 3703 1016 δούλη,

2216 1028 2344 1084 Ὅτι
2369 1033 2471 1087 κᾶν
2492 1033 2586 1087 νῦν
2610 1033 2833 1105 ἑώρακα
2866 1035 2925 1089 τὸ
2948 1036 3151 1107 κράτος
3178 1055 3271 1092 σου
3305 1038 3366 1093 τὸ
3398 1039 3542 1094 θεῖον

2228 1123 2325 1179 Ἐκ
2355 1124 2462 1179 τῶν
2493 1125 2746 1193 πολέμων
2776 1129 2966 1183 ἁνεθὲν
2999 1130 3096 1184 καὶ
3123 1131 3233 1185 τῶν
3259 1133 3510 1202 ἀπείρων
3543 1134 3721 1191 πόνων.

2228 1215 2391 1271 Ἀλλὰ
2418 1218 2711 1289 φοϐοῦμαι,
2741 1220 2985 1289 βασιλεῦ,
3021 1222 3082 1276 τὸ
3103 1223 3462 1296 ταχυκίνητὸν
3493 1242 3607 1291 σου,

2216 1311 2328 1365 Καὶ⁵
2363 1310 2620 1375 δυσωπῶ,
2657 1312 3002 1385 περίμεινον,
3036 1315 3113 1386 μὴ
3161 1315 3327 1371 πάλιν
3360 1318 3764 1397 ἐκστρατεῦσῃς.

2215 1405 2551 1475 Κεκόρεσταί
2583 1423 2675 1459 σου
2697 1407 2795 1477 τῆς
2829 1410 3047 1478 μορφῆς
3093 1409 3349 1480 ’Λνατολὴ
3377 1414 3472 1465 καὶ
3496 1413 3672 1478 Δύσις,

2225 1496 2538 1568 ’Δπήλαυσὲ
2578 1514 2673 1551 σου
2708 1499 3023 1565 Δανούϐιος,
3055 1500 3222 1567 Ἅλυς
3243 1502 3455 1575 ἑώρακέ
3492 1521 3590 1559 σε’

2214 1584 2336 1642 Εἷδὲ
2361 1605 2419 1642 σε
2452 1590 2525 1660 γῆ
2556 1592 2930 1662 Κασταμονὶς,
2967 1593 3189 1667 Γάγγρα
3218 1598 3558 1669 προσέϐλεψε
3602 1617 3699 1654 σοι.

2225 1682 2365 1752 Ἐγὼ
2392 1683 2436 1737 δ’
2459 1687 2523 1737 ὲκ
2551 1687 2717 1755 μόνου
2746 1686 2906 1755 λόγου
2932 1705 2992 1742 σε
3019 1691 3117 1745 καὶ
3149 1691 3321 1762 μόνης
3354 1694 3545 1766 φήμης
3582 1694 3766 1764 βλιπω.

2209 1779 2406 1831 Δίκαια
2439 1777 2630 1846 ταῦτα,
2667 1779 2930 1849 pactis-3;
2974 1782 3041 1837 Τί
3072 1800 3175 1854 μου
3196 1784 3387 1851 λυπεῖς
3411 1786 3473 1839 τὸ
3502 1788 3705 1859 γῆρας;
3741 1796 3747 1802 ’

2207 1866 2376 1937 Στῆθι
2410 1870 2631 1940 μικρὸν,
2666 1873 2764 1925 καὶ
2798 1871 2982 1943 βλέψω
3011 1890 3107 1928 σου
3138 1875 3235 1945 τὴν
3262 1876 3596 1949 σελασφόρον
3621 1878 3766 1933 θέαν·

2205 1961 2521 2034 Κορέσομαί
2551 1981 2644 2019 σου
2677 1966 2775 2037 τῆς
2809 1968 3047 2039 μορφῆς,
3075 1968 3170 2023 τοῦ
3201 1969 3434 2035 κάλλους
3460 1970 3761 2026 ἀπολαύσωσ

2218 2057 2556 2128 ’Δ-αάμεινον,
2594 2061 2936 2132 περίμεινον,
2976 2062 3077 2117 οὐκ
3115 2062 3263 2134 ἔχεις
3298 2064 3633 2135 πολεμίους’

2204 2149 2287 2204 Τὰ
2315 2151 2423 2224 γὰρ
2455 2151 2590 2223 πρὸς
2608 2148 2724 2207 Ἕω
2760 2155 2851 2208 καὶ
2884 2153 3105 2226 Δυσμὰς
3122 2154 3249 2229 ἔθνη
3266 2154 3593 2212 ’δουλεύουσί
3625 2175 3725 2225 σοι,

2204 2244 2316 2299 Καὶ
2346 2245 2496 2298 πᾶσα
2522 2244 2794 2318 βάρϐαρος
2820 2247 2973 2317 ἰσχὺς
3006 2245 3489 2318 ὲξηνδραπόδισταί
3517 2267 3623 2306 σοι.

2204 2335 2374 2409 Στῆθι
2403 2338 2618 2409 μικρδν,
2660 2338 2755 2393 καὶ
2789 2337 2989 2393 πλύνου
3020 2356 3118 2393 σου
3151 2341 3284 2405 τοὺς
3309 2343 3663 2416 πανωραίους
3684 2344 3773 2398 πόα

3571 2438 3707 2514 [δας,

2204 2524 2371 2597 Σ.τῆοι
2402 2526 2619 2595 μικρὸν,
2653 2527 2743 2580 καὶ
2771 2526 2911 2596 νίψω
2928 2545 3024 2582 σου
3054 2530 3153 2594 τὰς
3182 2531 3551 2604 αίμσχθείσας
3568 2536 3774 2605 κείρας,

2202 2620 2312 2672 Καὶ
2333 2619 2511 2673 λούσω
2541 2618 2637 2689 τὴν
2664 2619 2732 2675 δι’
2762 2622 2864 2691 ὲμέ
2891 2638 2987 2675 σου
3017 2624 3453 2696 κακουχηθεῖσαν
3486 2627 3689 2701 σάρκα.

2200 2710 2293 2780 Μὴ
2315 2709 2477 2784 λίπῃς
2504 2727 2575 2781 με
2607 2710 2708 2783 τὴν
2752 2712 2909 2766 πόλιν
2943 2729 3037 2767 σου
3076 2714 3171 2769 καὶ
3201 2714 3398 2788 δούλην
3422 2720 3519 2771 καὶ
3549 2720 3776 2789 μητέρα·

2199 2804 2303 2857 Τὸν
2330 2803 2673 2877 βρεφουργοΰ
2682 2822 2844 2878 μενον
2869 2806 3103 2877 Χριστὸν
3123 2807 3368 2878 πρέσϐυν
3405 2810 3780 2883 προεαλλομαί

3450 2906 3464 2922 ,
3576 2901 3708 2977 [σοι.

508 2978 856 3053 Φρούρησον,
884 2981 1081 3048 σῶσον,
1133 2983 1408 3036 σκέπασον
1440 2985 1520 3049 είς
1551 2982 1832 3049 πλείστους
1862 2984 2093 3049 κύκλους
2196 2990 2278 3044 Δι’
2296 2983 2358 3046 οὗ
2388 2991 2484 3045 καὶ
2511 2990 2860 3062 πολυχρόνιος
2894 2993 3185 3065 Ῥωμαίων
3220 2993 3533 3065 βασιλεῦοις
3555 3010 3572 3027 ·

1814 3094 2023 3134 γρονων

515 3162 626 3222 Τὸν
654 3167 880 3237 νικητὴν
899 3167 990 3222 τδν
1015 3167 1298 3239 Κομνηνδν
1324 3169 1590 3241 δεσπότην
1637 3077 1911 3242 umeri/ﬁ

518 3262 631 3315 Καὶ
661 3261 754 3315 τὸν
782 3261 876 3315 τοῦ
901 3262 1130 3333 στέφους
1160 3264 1416 3318 κοινωνὸν
1445 3264 1681 3331 Ἀλέξων
1704 3266 1973 3339 δεσπότην
1991 3266 2093 3340 (i),

510 3354 629 3408 καὶ
646 3355 773 3418 τοὺς
802 3354 1303 3427 σεόαστοκράτορας
1337 3358 1433 3411 καὶ¹
1465 3359 2027 3429 πορφυρογεννήτους,

424 3480 429 3484 ’
513 3494 793 3565 Requiesce
810 3493 1030 3565 paulum
1054 3494 1107 3550 in
1135 3496 1227 3549 hoc
1253 3511 1434 3559 curru,
1460 3495 1623 3550 donec
1642 3496 1834 3563 denuo,
1862 3496 2095 3554 hostibus

511 3587 794 3657 superatis,
836 3586 891 3640 iu
918 3586 1172 3641 honorem
1196 3602 1243 3642 et
1274 3588 1501 3661 gloriam
1528 3588 1890 3644 Romanorum
1928 3591 2096 3645 victor

510 3696 568 3734 es
610 3679 899 3736 rediturus.

513 3791 634 3849 XII.
688 3793 942 3867 Ejusdgn
973 3793 1212 3867 hymnus
1270 3793 1324 3847 in
1380 3792 1585 3867 Christi
1634 3793 1905 3851 natalitiis
1955 3794 2093 3867 imp.

863 3864 1058 3921 Joanni
1096 3866 1376 3920 Comneno
1408 3865 1717 3922 dedicatus.

583 3955 851 4012 Natalitia
900 3955 1099 4012 Christi
1153 3964 1202 4011 et
1243 3973 1359 4011 cum
1406 3958 1468 4013 iis
1512 3958 1846 4026 imperatoris
1884 3957 2099 4013 victoria

514 4051 671 4105 redit.
714 4048 938 4105 Natalia
970 4048 1374 4119 tremefactum;
1414 4050 1629 4104 victoria
1671 4051 1807 4103 citra
1845 4057 2107 4105 contesla"

515 4144 736 4197 tionem.
771 4144 970 4198 Rursus
1001 4141 1145 4197 Deus
1189 4159 1405 4197 carnem
1439 4162 1469 4198 a
1508 4141 1745 4199 Themau
1774 4143 2010 4199 induisse
2057 4154 2105 4199 et

514 4236 661 4299 inde,
713 4245 874 4308 parta
916 4237 1156 4300 victoria,
1210 4252 1451 4292 reversus
1477 4254 1586 4291 esse
1632 4238 1771 4291 visus
1810 4249 1905 4292 est.
1947 4234 2105 4294 Sidus

513 4331 723 4384 caeleste
770 4331 1053 4383 adventum
1103 4330 1216 4401 ejus
1267 4329 1437 4401 Magis
1475 4332 1829 4395 annuntiavit,
1868 4332 2105 4402 impera-

514 4429 680 4475 torem
732 4430 905 4475 autem
958 4419 1129 4477 multa
1202 4422 1377 4476 sidera
1426 4424 1518 4475 sub
1570 4432 1888 4493 tropteorum
1925 4425 2093 4493 specie
2126 4427 2168 4482 D

513 4514 809 4570 declarant.
866 4514 1036 4569 Unum
1089 4515 1293 4587 quidem
1340 4518 1396 4569 in
1443 4516 1664 4585 prtesepi
1694 4516 1964 4586 jacentem
1991 4526 2097 4571 tres

514 4606 665 4679 Magi
708 4608 959 4671 adorant,
995 4609 1088 4663 sub
1142 4607 1356 4661 alterius
1390 4608 1518 4678 pede
1569 4614 1679 4661 tota
1721 4608 1900 4663 Persia
1933 4610 2097 4663 cervi-

516 4718 627 4755 cem
677 4703 856 4773 ﬂectit.
895 4700 1037 4755 Unus
1106 4700 1301 4769 ferrum
1352 4698 1721 4767 iufanticidum
1771 4699 1924 4771 fugit,
1959 4699 2098 4754 alter

514 4809 636 4847 acre
682 4790 845 4845 telum
897 4790 1073 4844 Persa:
1104 4790 1314 4859 rapacis
1359 4791 1567 4844 evitat:
1598 4788 1752 4843 ambo
1794 4792 2095 4845 universam

515 4895 767 4937 naturam
816 4881 1078 4949 reﬁciunt,
1140 4898 1351 4934 sursum
1406 4881 1716 4947 ascendunt,
1761 4890 1939 4953 gentes
1983 4899 2096 4936 sor-

514 4976 744 5038 tiuntur,
795 4975 929 5027 vires
994 4973 1295 5027 barbaricas
1342 4990 1521 5027 omnes
1559 4974 1756 5039 delent,
1796 4976 1944 5031 urbes
1984 4977 2094 5031 solo

514 5079 751 5139 mquant,
798 5075 845 5121 et
885 5067 1061 5121 Rarum
1098 5069 1405 5138 novw‘ﬁnes
1449 5076 1820 5138 augmentum,
1858 5076 1908 5151 et
1952 5072 2093 5123 clero

512 5165 813 5219 Christiano
842 5162 1069 5217 salutem
1104 5162 1349 5232 afferunt.
1385 5160 1512 5223 Sed,
1536 5177 1564 5216 ο
1589 5160 1810 5217 Creator
1836 5164 2091 5225 omnium.

510 5256 624 5310 Rea:
657 5273 857 5326 regum,
888 5255 1155 5327 quondam
1179 5255 1289 5309 sine
1315 5238 1485 5309 matre
1512 5270 1538 5307 e
1588 5262 1761 5324 patre,
1796 5272 1934 5311 nunc
1979 5257 2093 5311 sine

511 5360 663 5417 patre
722 5368 753 5402 a
787 5357 975 5413 matre,
1022 5347 1245 5413 custodi,
1296 5363 1446 5401 serva
1498 5348 1553 5399 in
1608 5346 1863 5417 plurimos
1921 5366 2089 5406 annos

510 5437 838 5493 (lomnenum
886 5438 1150 5493 Joannem
1206 5438 1476 5503 victorem,
1514 5448 1563 5491 et
1612 5438 1859 5493 Alexium
1912 5428 2093 5496 throni

510 5541 824 5598 consortem,
850 5548 1059 5603 unaque
1085 5540 1334 5603 augustos
1376 5529 1871 5601 Porphyrogenitos,
1897 5532 2089 5586 miram

510 5622 707 5677 triada.
761 5620 927 5676 Pater
971 5626 1135 5694 igitur
1191 5624 1255 5677 de
1300 5621 1497 5675 talibus
1546 5620 1672 5688 ﬁliis
1713 5621 1928 5692 jubilet,
1983 5624 2090 5695 ﬁlii

509 5724 687 5769 autem
714 5714 777 5771 de
805 5725 953 5787 patre
981 5717 1363 5787 triumphatore
1394 5712 1695 5769 exsultent!

2200 3083 2313 3137 Καὶ
2343 3082 2420 3154 τῷ
2448 3082 2600 3137 παιδὶ
2629 3084 2723 3137 καὶ
2756 3084 2966 3155 βασιλεῖ
2983 3088 3298 3160 συγχαίροις
3341 3088 3590 3163 Ἀλεξίῳ,

2121 3189 2164 3247 ο
2201 3173 2312 3227 Καὶ
2343 3176 2457 3239 τοῖς
2480 3171 2980 3247 σεδαστοκράτορσι
3007 3180 3106 3233 καὶ
3126 3182 3686 3253 πορφυρογεννήτοις.

2718 3267 2815 3323 1Δ’.
2853 3268 2961 3335 Εἰς
2985 3271 3054 3326 τὸ
3091 3276 3262 3330 αὐτό.

2212 3358 2332 3428 Ἀφ’
2354 3350 2415 3414 οὗ
2440 3359 2573 3425 Θεός
2605 3378 2709 3428 σοι,
2752 3361 2997 3433 βασιλεῦ,
3033 3366 3338 3439 ἐϐράϐευσε
3360 3368 3422 3425 τὸ
3445 3371 3677 3443 κράτος.

2662 3501 2806 3559 XIII.
2828 3501 2887 3559 In
2923 3506 3116 3563 eodem
3154 3507 3314 3566 festo.

2262 3631 2379 3687 “go
2428 3613 2668 3684 Romais,
2708 3628 2881 3675 mater
2899 3622 3084 3687 eadem
3127 3632 3178 3679 et
3217 3641 3368 3684 serva
3412 3635 3533 3697 tua,
3575 3631 3779 3703 gratias

2194 3724 2295 3778 ago
2330 3708 2436 3764 Deo
2474 3705 2619 3778 meo,
2656 3728 2687 3767 ο
2731 3711 2917 3769 Ca'sar
2958 3720 3267 3792 seeptriger,
3310 3725 3448 3792 quod
3489 3726 3777 3799 inpraesen-

2196 3801 2394 3854 tiarum
2442 3803 2671 3858 maxime
2716 3805 3050 3877 majestatem
3095 3819 3244 3865 tuam
3301 3814 3545 3872 divinam
3609 3819 3712 3875 ridi
3752 3835 3780 3875 ε

2195 3888 2345 3945 bellis
2375 3892 2768 3965 innumerisque
2785 3894 2907 3951 aliis
2932 3900 3081 3954 rebus
3108 3900 3580 3974 eﬂhlgentemﬁed
3603 3913 3777 3974 timeo,

2204 3980 2513 4053 imperator,
2563 3984 2891 4042 velocitatem
2938 3999 3105 4059 tuam,
3165 4009 3232 4049 ne
3279 3997 3451 4053 denuo
3494 4001 3554 4055 in
3604 4013 3779 4058 castra

2204 4075 2581 4148 proﬁciscaris.
2600 4079 2734 4149 ,Jam
2759 4079 2944 4138 Oriens
2969 4093 3126 4156 atque
3154 4078 3401 4148 Occidens
3422 4097 3557 4151 satis
3581 4099 3778 4153 vultum

2204 4171 2353 4221 tuum
2375 4169 2670 4226 admiratus
2711 4183 2826 4241 est;
2874 4173 3146 4235 Danubius
3191 4189 3240 4234 te
3287 4186 3479 4249 tenuit,
3518 4186 3685 4260 Halys
3733 4198 3782 4242 te

2200 4259 2349 4329 vidit,
2385 4261 2697 4333 Castamon,
2734 4262 2975 4338 Cangra,
3013 4283 3062 4325 et
3093 4288 3187 4343 ego
3216 4283 3266 4329 te
3299 4291 3403 4331 non
3435 4281 3539 4335 nisi
3565 4259 3781 4336 auribus

2200 4372 2264 4409 ac
2293 4355 2439 4425 fama
2478 4361 2754 4415 noverim?
2798 4362 3028 4418 lloccine
3063 4365 3309 4435 justum!
3332 4383 3427 4424 cur
3462 4386 3782 4430 senectutem

2200 4463 2370 4503 meam
2414 4449 2594 4505 dolore
2640 4453 2835 4522 officis?
2881 4452 2977 4510 Sta
3020 4456 3304 4525 paululum
3344 4470 3394 4515 et
3436 4463 3781 4535 splendidum

2200 4550 2346 4596 tuum
2393 4541 2596 4597 vultum
2653 4546 3015 4616 aspiciendum
3062 4550 3191 4604 mihi
3247 4553 3439 4622 praebe,
3494 4556 3667 4611 donec
3715 4560 3783 4612 ad

2192 4635 2495 4692 satietatem
2540 4639 2894 4709 perspexerim
2939 4639 3167 4709 formam
3212 4652 3380 4701 tuam.
3410 4644 3555 4704 Siste
3595 4650 3779 4722 igitur,

2198 4740 2292 4781 nec
2315 4727 2442 4783 time
2476 4728 2643 4783 hostes
2685 4730 2775 4800 qui
2819 4730 2912 4784 tibi
2952 4729 3086 4785 nulli
3120 4742 3264 4799 sunt,
3305 4738 3568 4807 siquidem
3601 4750 3781 4811 gentes

2196 4815 2460 4873 Orientem
2488 4829 2535 4873 et
2559 4819 2883 4875 Occidentem
2904 4822 3127 4878 colentes
3150 4824 3242 4882 tibi
3267 4832 3501 4882 serviunt
3522 4840 3575 4885 et
3598 4849 3778 4887 omnes

2199 4909 2547 4965 barbarorum
2583 4914 2745 4981 copia:
2792 4914 2888 4967 sub
2910 4914 3043 4985 jugo
3090 4925 3181 4981 tuo
3222 4930 3458 4990 gemunt.
3492 4921 3592 4977 Sta
3639 4940 3804 4993 pau-.

2198 5000 2359 5071 lisper
2378 5011 2425 5057 et
2459 5003 2612 5074 pedes
2644 5013 2759 5059 tuos
2784 5005 3029 5073 pulchros
3062 5006 3184 5063 lava
3225 5019 3281 5063 ut
3321 5020 3371 5064 et
3412 5029 3606 5068 manus
3650 5031 3774 5070 san-

2194 5098 2552 5168 guinolentus,
2585 5111 2633 5155 et
2663 5120 2755 5175 ego
2772 5122 2960 5173 corpus
2987 5117 3136 5163 tuum
3170 5109 3426 5182 languens
3455 5112 3672 5168 lavabo.
3698 5113 3773 5168 Ne

2195 5204 2276 5241 me
2298 5190 2507 5247 deseras
2530 5194 2791 5250 civitatem
2818 5206 2963 5253 tuam
2989 5216 3197 5256 servam
3219 5212 3267 5256 et
3306 5216 3562 5272 matrem;
3622 5204 3771 5260 Chri-

2194 5288 2333 5334 stum
2400 5283 2490 5337 tibi
2514 5285 2771 5353 infantem
2825 5290 3038 5360 deputo,
3096 5309 3188 5362 per
3231 5310 3384 5365 quem
3433 5311 3531 5367 per
3581 5296 3768 5351 multos

2194 5389 2361 5429 annos
2404 5374 2659 5433 Romanis
2712 5382 2921 5451 prtusis.
2968 5382 3149 5439 Gaude
3202 5388 3363 5458 igitur
3405 5404 3521 5443 cum
3572 5389 3686 5455 ﬁlio
3721 5396 3766 5440 ct

2192 5460 2380 5552 imper.
2426 5464 2632 5536 Alemio,
2674 5480 2722 5524 et
2756 5487 2869 5526 cum
2903 5480 3137 5545 augustis
3168 5476 3638 5552 Porphyrogenitis
3664 5476 3768 5534 col-

2193 5550 2398 5611 lectore.

2681 5654 2822 5714 XIV.
2865 5658 3007 5715 Idem
3046 5660 3267 5718 festum.

2259 5740 2345 5798 Ea:
2367 5760 2467 5815 quo
2494 5745 2585 5800 tibi
2612 5747 2747 5803 Deus
2771 5760 3087 5822 potestatem
3110 5757 3415 5826 impertivit,
3438 5756 3568 5812 solis
3594 5756 3758 5810 instar

581 5856 655 5929 (ι)
688 5854 804 5912 Non
838 5855 900 5912 de
932 5855 1262 5923 :u‘vAlcxio,
1299 5854 1392 5909 sed
1426 5853 1491 5909 dc
1515 5854 1616 5908 hoc
1648 5848 1879 5911 Joannis
1931 5855 2043 5912 lilio
2088 5858 2307 5927 Alexio,
2364 5862 2609 5933 loquitur
2654 5867 2816 5923 etiam
2847 5870 3082 5940 primum
3137 5854 3423 5931 Prodronti
3474 5886 3689 5931 noema.
