4050 6296
248 467 449 537 Κύκλῳ
488 463 709 530 κυκλοίς
738 464 812 529 ὡς
842 464 995 535 ἥλιος
1028 464 1127 535 τὴν
1151 464 1277 535 ὅλην
1302 460 1651 533 οἰκουμένην.

246 563 385 626 Τοὺς
416 560 551 633 πρὸς
575 559 676 632 τὴν
700 557 815 613 Ἕω
844 556 1137 629 πυρπολῶν
1163 558 1258 612 καὶ
1284 556 1420 628 πρὸς
1457 556 1667 626 δυσμὴν
1694 554 1823 626 βαρ-

1491 648 1745 721 [ϐάρους.

258 740 401 813 Ἐγὼ
420 742 467 796 δ’
488 742 520 813 ἡ
545 739 816 813 τεξαμένη
850 758 909 795 σε
935 742 1030 796 καὶ
1059 740 1377 813 θρεψαμένῃ
1413 739 1599 809 Ῥώμη

248 836 362 901 Τὰς
386 836 542 899 νίκας
578 834 678 905 μὲν
710 833 1033 906 κομίζομαι,
1067 836 1160 891 τὸν
1184 834 1413 906 νικητὴν
1441 835 1489 888 δ’
1511 837 1610 889 οὐκ
1644 833 1753 904 ἔχω
1778 849 1793 864 ·

249 931 360 986 Kal
385 931 455 983 τα
491 929 591 1000 μὲν
638 929 815 984 σκύλα
871 932 1124 1003 δέχομαι,
1190 930 1281 985 τὸν
1312 929 1614 1000 σκυλευτὴν
1670 930 1716 984 δ’
1763 928 1821 982 οὐ

1507 1022 1524 1097 [
1532 1022 1715 1095 βλέπω
1733 1041 1747 1055 °

251 1117 357 1169 Kal
385 1117 454 1170 τλ
486 1117 586 1188 μὲν
601 1120 839 1189 τρόπαια
857 1117 1087 1189 λαμπρὰ
1111 1116 1563 1189 κληροῦμαικαθ’
1585 1118 1690 1189 ήμέ
1702 1135 1819 1188 ραν,

252 1204 356 1261 Τὸν
385 1211 742 1282 τροπαιοῦχον
768 1212 815 1266 δ’
844 1214 942 1285 οὐχ
960 1212 1094 1283 ὁρῶ.
1130 1213 1239 1266 Καὶ
1269 1212 1353 1276 τίς
1384 1229 1476 1283 μοι
1497 1211 1699 1265 τούτων
1729 1213 1830 1282 χά-

664 1335 684 1343 -
1607 1301 1752 1374 [ριςς

248 1390 621 1465 Τρισευτυχὴς
656 1396 689 1466 ή
721 1395 1058 1467 Κατ-ταμὼν,
1089 1395 1447 1467 τρισευκλεὴς
1480 1397 1512 1467 ἡ
1538 1395 1785 1467 Γάγγρα,

252 1483 375 1538 Ὅτι
394 1485 506 1539 τῶν
537 1487 646 1541 σῶν
683 1488 1010 1558 ἀπήλαυσαν
1035 1488 1337 1559 βασιλικῶν
1361 1489 1623 1547 ἀκτίνων.

265 1576 427 1632 Ἀλλὰ
444 1579 547 1633 κᾶν
566 1580 662 1634 νῦν
686 1581 985 1654 ἠρέμηται,
1008 1582 1097 1646 δὶς
1130 1581 1315 1637 ἄνεσιν
1347 1584 1471 1647 ταῖς
1501 1583 1727 1655 μάχαις,

249 1670 419 1741 Στῆθι
450 1673 646 1745 μικρὸν
671 1674 765 1730 καὶ
800 1676 1064 1742 κόπασον,
1104 1676 1381 1748 ἀνάψυξον
1415 1676 1475 1731 τὸ
1502 1676 1687 1748 σῶμα,

250 1765 361 1821 Καὶ
385 1766 471 1832 δὸς
509 1770 931 1841 κατατρυφῆσαί
957 1788 1045 1841 μοι
1072 1769 1173 1841 τῆς
1206 1769 1406 1843 αἴγλης
1425 1787 1520 1825 σου
1539 1771 1638 1840 τῆς
1656 1771 1826 1835 θείας.

252 1860 410 1931 Καλὴ
442 1862 715 1933 τυγχάνω,
753 1862 999 1935 βασιλεῦ’
1038 1864 1219 1937 πάσης
1259 1866 1518 1937 κατάρχω
1548 1866 1755 1939 χώρας

254 1950 436 2016 Καλὸς
460 1954 779 2025 τυγχάνεις,
805 1956 901 2011 καὶ
918 1957 1119 2018 παντὸς
1146 1956 1548 2029 ὑπερεξάρχεις
1569 1960 1828 2027 κράτους

254 2044 460 2101 Λοιπὸν
487 2048 1000 2122 κατατρυφήσωμεν
1026 2054 1124 2123 τῆς
1150 2051 1420 2123 καλλονῆς
1457 2052 1726 2124 ἀλλήλων.

254 2140 370 2211 Οὐχ
392 2140 559 2214 εὕρῃς
585 2140 981 2214 λαμπροτέραν
1013 2162 1117 2217 μου
1145 2144 1303 2199 πόλιν
1337 2149 1417 2211 είς
1443 2145 1793 2217 οἰκουμένην,

253 2235 368 2306 Οὐχ
391 2233 538 2307 εὕρω
569 2252 662 2289 σου
686 2234 1071 2310 λαμπρότερον
1095 2240 1155 2293 ὲν
1180 2236 1280 2310 βίῳ
1314 2237 1566 2310 βασιλέα.

266 2328 540 2400 ’Δλλήλων
563 2329 986 2402 ἀπολαύσωμεν,
1022 2332 1272 2403 ἀλλήλων
1301 2332 1677 2405 κορεσθῶμεν.

266 2422 413 2478 Ἀλλ’
442 2427 470 2479 ό
498 2424 821 2495 τικτόμενος
844 2424 1080 2499 Χριστὸς
1115 2426 1218 2483 ύπδ
1247 2427 1469 2500 Μητρὸς
1493 2425 1798 2499 Παρθένου,

268 2515 558 2588 Ῥωμαίων
585 2516 705 2591 ἥλιε
736 2518 978 2591 λαμπρὲ,
1013 2520 1262 2574 Δέσποτα
1292 2518 1655 2593 τροπαιοῦχε,

254 2610 575 2684 Φρουρήσαι
602 2613 662 2667 σε
696 2613 905 2668 καὶτὸν
956 2614 1023 2670 ἐκ
1047 2612 1143 2669 σοῦ
1174 2613 1266 2679 τόν
1294 2613 1553 2669 κοινωνὸν
1573 2612 1665 2670 τοῦ
1696 2614 1853 2686 κράο,

1591 2707 1765 2781 haue,

250 2797 415 2853 ’Μετὰ
441 2798 549 2854 τῶν
587 2796 870 2873 παρηλίων
897 2817 990 2855 σου
1019 2800 1132 2854 τῶν
1158 2799 1696 2873 σεδαστοκρατὸρων,

261 2892 373 2947 Καὶ
404 2892 764 2966 πολυχρόνιον
792 2891 942 2967 ζωὴν
969 2892 1271 2966 βραϐεύσαι
1317 2913 1410 2950 σου
1442 2895 1520 2966 τῷ
1552 2895 1742 2966 κράτει

332 3007 681 3084 Ηὶοῄαάάενε
711 3012 855 3067 lubet
878 3052 894 3078 ,
921 3014 1223 3083 speciminis
1279 3030 1424 3083 ergo,
1471 3013 1724 3084 Byzantii
1751 3030 1842 3067 su-

260 3082 574 3151 prascriptis
603 3083 848 3140 laudibus
874 3082 1154 3152 pulchrum
1186 3082 1385 3139 heroici
1424 3082 1679 3141 carminis
1736 3088 1841 3140 ini-

265 3154 401 3229 tium
435 3152 720 3229 Prodromi
767 3158 939 3229 nostri
983 3156 1128 3229 (cod.
1230 3156 1356 3228 {28)
1382 3157 1561 3227 ,cujus
1606 3156 1795 3214 titulus
1821 3172 1840 3209 :

265 3222 662 3298 Συντακτήριοι
686 3222 1030 3292 Βυζαντίοις.

1026 3321 1102 3378 E'.

1026 3321 1102 3378 E'.
1793 3334 1796 3338 λ

264 3408 460 3482 Χαῖρε,
495 3411 652 3477 πόλις
698 3321 1047 3485 μεγᾶπυργέ,
1086 3415 1363 3486 νεηγενὲς,
1397 3416 1585 3472 εῠπολι
1637 3417 1848 3491 Ῥώμη,

268 3618 479 3660 omnem
506 3616 772 3661 terrarum
804 3609 979 3663 orbem
1006 3610 1270 3675 circumis,
1304 3610 1557 3666 barbaros
1583 3611 1852 3668 Orientem

271 3705 432 3768 atque
458 3697 783 3757 Occidentem
840 3719 1017 3759 versus
1073 3704 1372 3761 habitantes
1430 3708 1571 3780 ferro
1627 3716 1677 3763 et
1736 3709 1855 3779 igne

273 3792 569 3850 destruens.
595 3793 707 3867 Ego
736 3796 907 3853 Roma
930 3800 1115 3854 deinde
1136 3816 1253 3871 qua:
1277 3811 1447 3857 mater
1472 3813 1520 3857 et
1555 3797 1735 3858 nutrix
1761 3805 1854 3859 tibi

269 3900 409 3950 sunt,
436 3886 664 3941 uictoriis
687 3890 899 3959 quidem
925 3890 1097 3961 fruor.
1118 3894 1360 3947 victorem
1387 3910 1648 3965 nusquam
1672 3897 1854 3962 video;

270 3976 446 4047 spolia
476 3979 686 4049 quidem
714 3989 856 4035 sorte
900 3983 1029 4038 mihi
1062 3984 1377 4052 obveniant,
1416 3987 1500 4041 cui
1524 3988 1779 4043 debentur
1811 3991 1854 4044 is

271 4086 330 4125 se
352 4069 655 4139 abscondit;
686 4079 887 4144 tropaza
937 4075 1160 4146 singulis
1207 4077 1387 4132 diebus
1411 4078 1634 4150 fulgent,
1668 4082 1855 4137 trium-

275 4163 470 4235 phator
507 4180 613 4219 non
653 4169 851 4237 prodit.
890 4166 1031 4234 Quid
1077 4170 1198 4223 inde
1235 4170 1397 4224 boni?
1438 4170 1536 4226 Ter
1578 4172 1853 4242 fortunata

279 4259 403 4313 urbs
434 4258 743 4323 Castamon,
794 4261 1135 4319 celeberrima
1158 4262 1380 4336 Gangra
1417 4268 1500 4319 cui
1551 4270 1716 4323 radiis
1756 4272 1856 4325 tuis

280 4354 638 4423 imperatoriis
683 4355 887 4426 perfrui
931 4355 1099 4415 licuit.
1171 4357 1325 4415 Nunc
1370 4361 1554 4429 igitur,
1633 4361 1719 4417 ubi
1769 4378 1861 4432 per

280 4460 464 4515 pacem
504 4445 646 4512 licet,
694 4447 889 4520 preeliis
932 4448 1093 4518 finem
1142 4453 1391 4524 impone;
1438 4469 1623 4525 corpus
1656 4469 1860 4519 recrea,

284 4552 436 4608 teque
483 4539 610 4595 mihi
657 4540 1019 4612 aspiciendam
1066 4542 1257 4615 prcebe.
1310 4542 1544 4598 Pulchra
1598 4546 1861 4616 equidem,

281 4630 495 4697 Ccesar;
523 4640 690 4686 totam
718 4632 981 4703 regionem
1008 4634 1280 4703 dominor;
1308 4645 1363 4689 tu
1391 4652 1614 4708 quoque,
1646 4653 1862 4707 corpore
1893 4628 1941 4686 D

283 4725 553 4797 formosus
596 4725 886 4781 maximam
926 4736 1234 4798 potestatem
1281 4736 1458 4795 tenes;
1504 4730 1631 4800 quid
1670 4729 1871 4802 plura?

286 4830 473 4887 mutua
511 4818 904 4892 pulchritudine
952 4821 1217 4890 fruantur.
1255 4822 1341 4876 Me
1369 4822 1720 4894 pulchriorem
1765 4840 1870 4879 non

284 4920 518 4977 inuenies
566 4918 782 4983 urbem;
814 4926 863 4970 te
902 4915 1255 4986 pulchriorem
1281 4922 1654 4989 imperatorem
1691 4921 1869 4975 dubito

284 5027 370 5067 me
410 5011 749 5065 inventuram
777 5023 922 5075 esse;
960 5008 1206 5079 fruamur
1232 5011 1394 5081 igitur
1446 5012 1689 5066 invicem.
1718 5010 1867 5067 Chri-

282 5112 399 5159 stus
428 5113 609 5158 autem
644 5102 708 5156 de
733 5100 931 5177 uirgine
969 5110 1141 5156 matre
1161 5104 1389 5173 genitus,
1421 5121 1450 5158 o
1475 5102 1557 5158 sol
1600 5103 1871 5160 Romano-

287 5210 431 5259 rum,
473 5193 849 5263 triumphator,
888 5202 939 5248 te
982 5204 1033 5249 et
1076 5195 1228 5267 regni
1266 5206 1561 5252 consortem
1605 5199 1868 5254 custodiat

286 5306 409 5343 cum
447 5287 716 5361 Augustis,
762 5295 815 5341 et
856 5287 1102 5361 dignitati
1135 5298 1240 5343 tua:
1273 5287 1530 5362 plurimos
1567 5308 1731 5347 annos
1769 5294 1873 5348 im-

288 5386 486 5456 pertiat
502 5384 528 5452 ί,

1030 5546 1148 5605 ΧΥ.

375 5683 536 5741 Salve
563 5686 685 5741 urbs
712 5687 1002 5755 noua,altis
1020 5690 1228 5744 munita
1246 5689 1499 5757 turribus,
1528 5705 1645 5762 qua:
1672 5689 1876 5761 puellas

294 5790 346 5836 et
371 5782 509 5834 viros
549 5780 721 5849 forma
764 5782 992 5852 insignes
1023 5784 1226 5851 nutris;
1257 5785 1463 5857 magnis
1490 5783 1743 5840 moenibus
1770 5784 1879 5837 cir-

298 5878 572 5946 cumdata,
594 5875 721 5931 bene
741 5885 1051 5950 temperata,
1072 5880 1272 5953 plantis
1289 5890 1339 5939 et
1357 5881 1522 5939 hortis
1545 5890 1595 5937 et
1614 5877 1874 5937 columnis

1422 339 1589 403 SCR]
1604 339 1737 400 PTA
1781 334 2224 399 MISCELLAN
2232 334 2347 398 EA.

3368 328 3504 395 1390

1850 459 1903 516 Α
1932 451 2161 523 Εύκορε,
2194 451 2579 523 καλλιάνειρα,
2614 451 2917 523 περίδρομε
2958 450 3161 523 τείχεσι
3193 454 3448 521 μακροῖς,

1932 548 2231 621 Εὐκρατὲς,
2262 546 2596 618 εύολέτειρα,
2620 547 2951 620 φυτοτρόφε,
2983 545 3369 616 εύπαράδεισε,

1928 642 2161 707 Εύκίων,
2206 642 2538 714 εὖρύταφρε,
2574 640 2863 710 ἀλιστεφὲς
2900 640 3056 710 δμμα
3088 639 3326 711 πολήων,

1944 737 2229 807 Ἀμφιδίη,
2254 735 2450 806 χέρσος
2483 754 2567 797 τε.
2589 736 2683 790 καὶ
2715 734 2933 804 οἴδματι
2962 735 3208 807 κάῥρυτε
3244 734 3428 805 νῆσος,

1929 829 2153 901 Δυσμῆς
2181 830 2229 884 τ’
2261 828 2535 903 Ἂντολίης
2557 846 2614 882 τε
2635 825 2994 897 τελευτοσύνη
3028 844 3085 879 τε
3114 828 3207 880 καὶ
3233 827 3377 899 ἀρχή
3396 837 3505 883 etc.

1930 944 2071 1024 ις’..
2082 945 2192 999 Τοῦ
2219 944 2408 1024 abeat?
2442 941 2763 1024 ﬁﬂ’i‘0c-‘tq:
2774 942 3029 1024 ,ϐασςιλεῖ
3052 941 3215 1024 ίῳρῷ
3261 943 3510 1024 quidam};

1999 1016 2080 1081 τῷ
2122 1016 2412 1085 Κομνηνῷ
2459 1014 2557 1068 ἐπὶ
2594 1012 2665 1085 τῇ
2715 1014 3009 1080 ,βαπτίσει
3046 1013 3331 1082 Χριστοῦ,
3385 1012 3509 1080 toi;-

1999 1087 2236 1159 δήμοις.

1939 1197 2072 1252 Ἰδοὺ
2107 1195 2277 1267 διπλῆ
2304 1197 2635 1267 πανήγυρις,
2656 1197 2817 1265 διπλη
2852 1193 2997 1267 χαρᾶ
3032 1195 3354 1265 Ῥωμαίοις,

1930 1290 2147 1361 Λουτρὰ
2200 1288 2590 1361 Χριστοῦ,καὶ
2644 1287 2882 1361 τρόπαια
2940 1288 3168 1361 λαμπρὰ
3206 1288 3299 1345 τοῦ
3347 1288 3509 1361 βασι-

3244 1379 3407 1454 [λέως

1931 1474 2166 1548 Χριστὸς
2197 1475 2389 1547 ἐλούοη
2423 1474 2490 1529 δι’
2526 1475 2673 1546 ἡμᾶς
2699 1475 2910 1548 λουτρῷ
2939 1475 3019 1547 τῷ
3058 1475 3167 1530 τῶν
3190 1476 3417 1543 ὑδάτων,

1935 1568 2105 1636 Ἀναξ
2135 1568 2379 1638 ἐπλύνθη
2405 1568 2473 1623 δι’
2500 1568 2531 1627 ἠ
2542 1571 2651 1639 μᾶς
2682 1567 2894 1640 λουτρῷ
2922 1569 3001 1641 τῷ
3028 1569 3137 1624 τῶν
3166 1569 3407 1641 ἱδρώτων
3425 1587 3440 1603 ο

1946 1659 2003 1714 Ὀ
2029 1660 2126 1731 μὲν
2158 1660 2436 1731 συντρίϐει
2459 1660 2702 1732 κεφαλὰς
2729 1663 2788 1715 ὲν
2818 1658 2972 1716 ὕδατι
3007 1662 3345 1733 δρακόντων,

1934 1753 2002 1806 '0
2032 1753 2089 1807 δὲ
2121 1754 2399 1822 συγκλίνει
2431 1754 2676 1825 κεφαλὰς
2708 1752 2799 1808 ἐπὶ
2824 1755 2923 1826 τῆς
2955 1756 3056 1825 γῆς
3085 1755 3383 1827 βαρϐάρων
3406 1774 3421 1789 ·

1864 1830 1903 1886 Β
1943 1843 2004 1897 Ὀ
2046 1842 2145 1915 μὲν
2168 1843 2293 1909 τοὺς
2321 1845 2731 1916 ὲκφωλεύοντας
2760 1846 2916 1916 ὅφεις
2937 1847 3307 1913 ἀποκτιννύει,

1948 1933 2007 1987 '0
2046 1933 2099 1988 δὲ
2128 1934 2407 2005 συγκλείει
2440 1935 2670 2007 φωλεοῖς
2703 1938 2830 2002 τοὺς
2867 1941 2997 2011 πρὶν
3024 1940 3247 2003 invi-ten;
3266 1940 3478 2011 Πέρσα,
3500 1957 3515 1972 ο

1935 2027 2039 2082 Τὸν
2076 2028 2179 2098 μὲν
2216 2029 2277 2084 τὸ
2320 2028 2547 2101 Πνεῦμα
2598 2033 2873 2104 μαρτυρεῖ
2906 2035 3242 2107 περιστερᾶς
3275 2035 3333 2088 ἐν
3364 2036 3517 2100 εῖδει,

1935 2121 2042 2174 Τὸν
2072 2120 2117 2176 δ’
2146 2123 2178 2197 ἡ
2204 2122 2372 2195 λευκὴ
2397 2126 2698 2196 περιστερὰ
2729 2126 2836 2196 τῆς
2860 2126 3019 2196 νίκης
3048 2127 3415 2196 καταγγέλλει
3440 2145 3453 2160 ο

1936 2214 2043 2268 Τὸν
2076 2213 2174 2285 μὲν
2206 2213 2357 2284 φωνὴ
2389 2213 2542 2286 παρὰ
2570 2213 2783 2287 Πατρδς
2814 2214 2944 2269 Υἰδν
2978 2214 3371 2286 ἀνακηρύττει,

1938 2304 2041 2362 Τὸν
2065 2306 2122 2361 δὲ
2146 2307 2372 2378 Περσῶν
2396 2305 2725 2380 ὀλοθρευτὴν
2756 2306 2825 2362 τὰ
2849 2307 3150 2380 πράγματα
3182 2308 3371 2380 βοῶσι.

1937 2398 2091 2453 Δοκῶ
2118 2398 2301 2470 φωνῆς
2332 2399 2391 2464 ἐξ
2413 2399 2647 2471 ούρανοῦ
2687 2400 2949 2473 δευτέρας
2978 2402 3279 2457 ἐπακούειν

1939 2490 2164 2560 Βοώσης
2207 2489 2370 2544 πάλιν
2390 2493 2504 2555 τοῖς
2526 2489 2699 2554 λαοῖςα
2724 2484 2891 2556 Οὗτος
2914 2492 2941 2545 ό
2964 2491 3219 2564 βασιλεύς
3252 2512 3356 2565 μου
3387 2511 3402 2526 ο

1939 2575 2109 2644 Οὗτος
2144 2580 2225 2644 εἰς
2248 2578 2308 2635 ὃν
2337 2579 2627 2653 εὐδόκησα,
2645 2579 2819 2654 τούτῳ
2848 2582 2943 2637 καὶ⁵
2975 2583 3347 2659 πειθαρχεῖτε.

1953 2672 2284 2744 Ἀμφότεροι
2310 2672 2641 2745 καθαίρουσι
2661 2673 2762 2747 τὴν
2794 2673 3046 2747 βασιλίδα
3068 2677 3229 2733 πόλιν

1940 2761 2203 2832 Λουτροϊς
2232 2761 2650 2834 ἀναγεννήσεως
2675 2764 2769 2819 καὶ
2800 2765 3247 2837 παλιγγενεσίας,

1954 2850 2285 2925 ’Δμφότεροι
2313 2853 2411 2926 τὴν
2435 2854 2711 2927 κοσμικὴν
2743 2856 2927 2910 ἅλωνα
2949 2857 3193 2915 διιστῶσι
3214 2876 3231 2893 °

1950 2942 2063 2998 Καὶ
2093 2942 2202 3005 πᾶν
2229 2940 2329 3014 μὲν
2365 2941 2517 3009 ἔθνος
2549 2943 2779 2998 ἄπιστον
2809 2943 2886 3011 ὡς
2923 2947 3104 3020 ἄχυρα
3137 2950 3456 3023 πιμπρῶσι,

1943 3037 2251 3112 Φρουροῦσι
2280 3037 2339 3093 δὲ
2364 3038 2492 3103 τοὺς
2516 3038 2762 3105 εύσεσεῖς
2787 3040 2946 3113 δίκην
2973 3043 3277 3118 εύχρήστου
3303 3047 3472 3105 σίτου.

1959 3129 2106 3185 Ἀλλ’
2123 3123 2172 3187 ὦ
2199 3130 2291 3184 τὸν
2312 3128 2379 3202 ρύ
2390 3148 2488 3184 πον
2514 3130 2608 3186 τὸν
2626 3131 2759 3203 ὲμδν
2790 3137 2850 3186 ἐν
2891 3135 3135 3211 Ἰορδάνῃ
3158 3138 3376 3196 πλύνων

1953 3223 2188 3287 Σκέποις
2205 3224 2297 3277 τὸν
2329 3221 2507 3293 μέγαν
2534 3223 2759 3298 νικητὴν
2789 3226 3064 3299 δεσπότην
3103 3231 3380 3305 Ἰωάννην,

1952 3316 2060 3370 Σὺν
2085 3314 2163 3387 τῷ
2193 3313 2344 3369 παιδὶ
2366 3314 2444 3380 τῷ
2468 3316 2714 3389 κοινωνῷ
2739 3319 2835 3373 τοῦ
2858 3320 3088 3391 στέφους
3124 3325 3371 3397 Ἀλεξίῳ,

1957 3416 2067 3471 Καὶ
2094 3417 2206 3482 τοῖς
2248 3414 2747 3488 σεδαστοκράτορσι
2773 3418 2867 3471 καὶ⁵
2903 3424 3463 3497 πορφυρογεννήτοις.

1953 3607 2250 3681 magnificis
2297 3614 2529 3675 ornata;
2574 3625 2691 3673 quia
2742 3608 2865 3664 latis
2919 3618 3076 3667 temet
3130 3614 3286 3684 fossis
3338 3616 3537 3685 tueris;

1952 3700 2135 3755 oculus
2169 3700 2469 3755 maritimus
2502 3701 2734 3766 urbium,
2766 3704 3039 3759 continens
3066 3707 3231 3762 simul
3252 3718 3301 3763 et
3332 3712 3538 3779 insula,
3578 3720 3585 3727 '

1952 3776 2246 3849 Occidentis
2275 3801 2430 3864 atque
2460 3791 2687 3849 Orientis
2711 3795 3031 3869 principium
3061 3815 3125 3853 ac
3150 3799 3298 3869 finis,
3325 3816 3427 3859 czc.

1994 3970 2134 4029 XVI.
2158 3969 2415 4044 Ejusdem
2450 3970 2691 4044 hymnus
2734 3971 2960 4028 domino
2989 3974 3189 4033 Joanni
3219 3977 3504 4038 Comncno

2320 4042 2374 4096 in
2406 4042 2717 4112 baptismali
2752 4045 2891 4099 festo
2921 4044 3145 4104 Christi.

2028 4192 2110 4247 En
2130 4192 2387 4264 duplicem
2416 4195 2748 4266 panegyrim,
2774 4195 2967 4266 duplex
2989 4200 3245 4269 gaudiunt
3266 4200 3543 4261 Romanis:

1973 4285 2244 4340 lavacrum
2292 4284 2529 4351 Christi,
2588 4296 2787 4356 tropa’a
2836 4290 3115 4360 splendida
3169 4295 3545 4365 imperatoris:

1961 4376 2202 4431 Christus
2214 4388 2429 4448 propter
2444 4395 2538 4433 nos
2565 4396 2720 4451 aqua:
2735 4380 2947 4436 lavacro
2973 4392 3280 4455 purgatur;
3307 4387 3545 4456 impera-

1962 4478 2047 4524 tor
2063 4469 2271 4524 sudoris
2296 4468 2512 4525 lavacro
2540 4471 2875 4542 puriﬁcatur.
2916 4474 3058 4530 Unus
3085 4479 3296 4548 quidem
3317 4481 3373 4534 in
3401 4499 3547 4549 aqua

1964 4562 2211 4617 draconis
2232 4575 2390 4635 caput
2408 4568 2659 4632 conterit,
2679 4566 2815 4620 alter
2833 4577 2992 4636 caput
3010 4572 3065 4622 in
3076 4572 3423 4629 barbararum
3441 4588 3549 4630 ter-

1967 4673 2056 4711 ras
2074 4664 2251 4727 portat
2272 4675 2291 4723 ,'
2305 4674 2441 4712 unus
2453 4666 2715 4730 serpentes
2729 4662 2936 4727 occidit,
2954 4661 3090 4718 alter
3098 4663 3285 4721 Persas
3304 4671 3547 4725 membris

1974 4749 2257 4805 dissolutos
2277 4753 2330 4806 in
2348 4751 2608 4823 speluncis
2626 4752 2875 4809 recludit.
2901 4754 3073 4811 Unum
3097 4760 3305 4829 quidem
3322 4758 3546 4831 Spiritus

1966 4843 2059 4896 sub
2090 4842 2342 4898 columba:
2366 4846 2537 4915 specie
2571 4854 2818 4915 testatur,
2870 4847 3100 4904 alterum
3138 4851 3259 4907 alba
3318 4856 3549 4911 victm-ia.-

1968 4932 2209 4989 columba
2234 4936 2557 4998 annuntiat;
2595 4954 2761 4993 unum
2806 4938 3018 5007 quidem
3050 4957 3149 4996 vos:
3195 4951 3423 5010 paterna
3464 4944 3551 4999 Fi-

1972 5025 2105 5081 lium
2131 5028 2468 5101 proclamat,
2510 5029 2743 5086 alterum
2780 5047 2862 5088 res
2892 5032 3032 5088 bello
3056 5046 3217 5108 gesta:
3256 5035 3549 5094 Persarum

1972 5121 2351 5177 destructorem
2377 5122 2626 5194 probant.
2659 5123 2963 5183 Secundam
3009 5128 3138 5183 mihi
3160 5143 3188 5184 e
3216 5130 3344 5184 σοιίο
3377 5147 3553 5187 uocem

1972 5209 2159 5264 audire
2200 5211 2381 5265 uideor
2434 5213 2623 5267 iterum
2654 5214 2893 5284 gentibus
2939 5215 3299 5275 clamantem:
3332 5218 3430 5274 Hic
3477 5231 3554 5275 est

1973 5306 2263 5373 imperator
2296 5321 2468 5373 meus;
2507 5308 2590 5361 hic
2618 5316 2695 5362 est
2731 5309 2785 5362 in
2819 5325 2922 5380 quo
2979 5311 3107 5367 mihi
3156 5311 3283 5367 bene
3336 5313 3554 5383 placui;

1976 5397 2096 5451 huic
2118 5398 2318 5452 obcdite
2336 5400 2357 5453 .'
2385 5397 2611 5471 Uterque
2640 5401 2820 5455 urbem
2861 5403 3192 5470 imperialem
3234 5407 3447 5461 lavacro
3476 5427 3555 5463 re-

1977 5491 2333 5559 generationis
2366 5498 2614 5563 purgat;
2653 5503 2873 5563 uterque
2918 5496 3102 5549 mundi
3137 5513 3322 5551 aream
3371 5501 3558 5555 distino

1976 5579 2110 5649 guit,
2146 5596 2350 5635 omnem
2382 5581 2633 5654 populum
2658 5582 2991 5639 incredulum
3016 5601 3111 5641 ceu
3144 5587 3397 5659 stipulam
3419 5607 3559 5645 com-

1976 5673 2193 5737 burens,
2250 5676 2360 5746 pios
2405 5686 2585 5730 autem
2632 5686 2691 5729 ut
2730 5677 3053 5747 frumentum
3089 5678 3218 5734 utile
3255 5681 3553 5740 observant.

1981 5765 2087 5823 Sed
2110 5784 2144 5821 ο
2171 5770 2259 5840 qui
2288 5770 2468 5825 sordes
2516 5788 2661 5827 meas
2686 5773 2739 5827 in
2795 5772 3032 5829 Iordane
3085 5776 3254 5843 latas,
3298 5776 3559 5833 Jaannem

1983 5868 2245 5937 nostrum,
2272 5865 2517 5922 victorem
2572 5866 2836 5925 illustrem
2893 5886 3011 5925 cum
3060 5869 3174 5942 ﬁlio
3233 5871 3381 5940 regni
3436 5888 3562 5927 con-
