3966 6296
498 363 636 431 1403

1684 380 2086 446 THEODORI
2129 386 2534 455 I’RODROMI

3607 399 3715 461 ιιοι

494 491 530 558 ἡ
557 487 604 541 δ’
627 489 879 585 είιτεκνία
904 493 1038 564 ὁμοῦ
1062 496 1160 550 καὶ
1187 495 1517 552 πολυτεκνία
1547 500 1608 552 τὸ
1633 500 1824 575 ἕτερον
1845 519 1859 534 ’
1891 502 2073 559 λείπε-
2101 510 2146 567 Α
2175 509 2275 563 λιῶ
2310 511 2373 564 τὸ
2407 511 2632 582 σύμπαν
2667 511 2991 585 ὑπήκοον,ῆ
3027 510 3087 567 τδ
3115 512 3472 583 ἀληθέστερόν
3502 529 3558 580 γε
3577 513 3722 580 ἀγαλ-

494 599 586 635 ται
612 583 709 653 μὲν
739 584 842 652 ἔτι,
881 590 947 658 τῇ
974 587 1028 641 δὲ
1058 591 1220 660 μέχρι
1252 589 1345 644 νῦν
1373 592 1480 645 ἀπὸ
1503 592 1610 646 τῶν
1638 596 1918 663 προγόνων
1944 599 2075 651 ἀκο-

496 676 684 749 λουθίᾳ
726 677 904 742 καλῶς
940 679 1266 746 οἰωνίζεται.
1303 684 1371 738 τί
1403 687 1538 756 πρὸς
1571 687 1745 743 ταῦτα
1778 690 1958 756 λέγεις
1988 691 2078 746 ϐε·

497 767 697 820 σπεσία
739 767 885 839 ψυχὴ
937 774 1030 824 καὶ
1075 773 1414 840 γλῶσσατοῦ
1456 779 1769 849 Καίσαροςς
1820 778 1948 854 'Ap‘
1975 783 2077 838 οὐκ

496 858 822 928 εὐδαίμονας
850 878 942 914 σου
968 863 1171 929 παῖδας·
1191 864 1263 929 ὡς
1291 861 1402 919 οἶόν
1429 886 1489 921 τε
1529 866 1594 942 ἦν
1624 872 1652 922 ὁ
1678 871 1835 942 λόγος
1858 875 2078 930 ἀπέδει-

498 951 628 1017 ξενς
665 955 776 1021 ἐγὼ
809 956 907 1026 μὲν
943 953 1118 1028 οἶμαι,
1146 962 1237 1013 καὶ
1273 962 1334 1015 οὐ
1373 963 1560 1034 πόρρω
1614 967 1743 1032 ἴσως
1771 966 1922 1039 οἶμαι
1954 988 2077 1023 σκο-

497 1045 622 1100 ποῦ.
655 1047 721 1098 Τί
750 1047 841 1102 οὖν
866 1051 993 1105 ἄλλο
1015 1056 1189 1107 ποιεῖν
1217 1057 1307 1109 ἐπὶ
1335 1058 1569 1123 τούτοις,
1596 1060 1628 1132 ἢ
1659 1063 1874 1133 χαίρειν
1900 1066 2071 1131 είκὸς,

497 1139 593 1190 καὶ
624 1138 834 1203 πάντας
860 1141 958 1211 μὲν
994 1143 1210 1209 ἄλλους,
1265 1147 1501 1216 μάλιστα
1555 1149 1610 1202 δὲ
1658 1151 1783 1216 τοὺς
1808 1155 2078 1207 οἰκειοτά-

493 1247 657 1298 τουςς
690 1232 761 1285 Σύ
793 1251 880 1302 μοι
913 1240 1069 1307 χαῖρε
1100 1238 1286 1292 λοιπον
1319 1240 1423 1312 προ
1454 1242 1562 1297 τῶν
1587 1245 1784 1312 ἄλλων,
1827 1248 1947 1317 ἱερὰ
1981 1252 2074 1303 καὶ

508 1325 628 1377 θεία
669 1325 997 1396 βασίλισσα·
1055 1335 1154 1401 τὴν
1185 1337 1293 1402 γὰρ
1351 1336 1594 1405 ἀρχηγὸν
1643 1339 1734 1392 τοῦ
1764 1341 1949 1407 γένους
1979 1344 2073 1394 καὶ

496 1418 740 1488 ἀρχηγὸν
767 1414 907 1474 εἶναι
937 1423 1041 1494 χρὴ
1091 1429 1184 1496 τῆς
1218 1431 1416 1498 χαρᾶς⁸
1452 1433 1546 1484 καὶ
1573 1433 1635 1485 σὺ
1659 1433 1714 1486 δὲ
1750 1428 1813 1499 ὦ,
1853 1437 1944 1490 καὶ
1971 1437 2071 1490 οὐκ

497 1505 614 1564 οῖδα
643 1511 695 1564 τί
726 1513 844 1566 ποτ’
881 1515 944 1566 ἄν
986 1535 1044 1569 σε
1106 1522 1197 1572 καὶ
1227 1523 1538 1592 προσειπὼν
1565 1525 1731 1591 ἀξίως
1767 1530 2071 1598 προσείπω,

497 1601 753 1678 θειοτάτη
780 1612 1292 1681 πορφυρογέννητε,
1345 1621 1504 1688 χαῖρε
1554 1620 1646 1672 καὶ
1679 1619 1940 1692 σύγχαιρέ
1967 1639 2073 1692 μου

495 1696 575 1768 τῷ
599 1697 831 1772 δεσπότῃ
867 1702 944 1770 τῷ
987 1703 1134 1775 σοφῴ
1170 1706 1432 1779 Καίσαρι.

567 1788 637 1861 η’.
673 1793 1014 1866 Πεπέρανται
1051 1799 1177 1865 ὑμῖν
1203 1800 1310 1854 ἰδοὺ
1343 1805 1375 1872 ἡ
1403 1804 1564 1874 εὐχὴ,
1599 1806 1692 1857 καὶ
1722 1807 1751 1875 ἠ
1783 1805 1963 1874 ἔφεσις
1988 1826 2073 1861 τε-

2179 597 2464 668 λιώμεθα·
2518 600 2722 656 δούλων
2756 604 2867 673 γὰρ
2911 601 3244 672 ἀγνωμόνων
3297 602 3374 672 μὴ
3437 601 3721 673 συγχαίρειν

2178 686 2434 758 χαίρουσι
2463 691 2578 753 τοῖς
2613 691 3093 761 δεσπόταις,⁹μηδὲ
3118 691 3269 760 σφῶν
3289 691 3495 745 ἑαυτῶν
3523 691 3579 743 τὸ
3603 691 3724 743 ἐκεί-

2178 797 2284 834 νων
2318 779 2484 849 γῆθος
2539 785 2735 845 ποιεῖν,
2768 783 2959 856 ὥσπερ
2992 785 3056 856 δὴ
3088 786 3182 839 καὶ
3212 787 3272 840 τὺ
3307 787 3559 840 ἐναντίον.
3603 787 3720 840 Ἀλλ’

2176 873 2516 943 ἀποτρέποις
2555 875 2646 943 ἀφ’
2679 877 2837 947 ἡμῶν
2872 878 2939 931 τὰ
2989 879 3317 950 κακόφημα,
3356 879 3554 948 Χριστὲ
3588 879 3722 948 βασι.

2176 964 2290 1019 λεῢ.
2328 965 2395 1020 Εἴ
2445 985 2530 1029 τις
2586 969 2862 1039 αἴσθησις,
2906 971 2996 1026 καὶ
3029 973 3093 1024 σὺ
3145 973 3244 1042 τῆς
3277 975 3454 1043 χαρᾶς
3503 975 3724 1028 κοινώνει

2177 1053 2390 1126 θάλαμε
2444 1058 2535 1112 καὶ
2591 1061 2843 1123 παστάς³
2881 1063 3071 1132 μηδεὶς
3111 1063 3350 1119 ἐνταῦθα
3404 1065 3724 1134 σκυθρωπὸς,

2181 1148 2372 1218 μηδεὶς
2418 1153 2698 1223 κατηφὴς,
2753 1153 2930 1208 πάντα
2967 1157 3250 1225 μειοιὰτω,
3283 1157 3462 1211 πάντα
3493 1158 3726 1228 χαιρέτω,

2181 1245 2357 1295 πάντα
2382 1246 2875 1312 συνεπαγαλλέσθω
2903 1250 3018 1310 τοῖς
3045 1249 3414 1320 τελουμένοις.

2258 1338 2322 1391 0'.
2349 1338 2504 1391 Νικῶ
2528 1356 2643 1397 σου.
2677 1337 2834 1408 μῦθε,
2861 1340 2985 1403 τοὺς
3006 1340 3244 1412 γάμους,
3273 1342 3376 1396 κᾶν
3402 1343 3580 1414 δῶμεν
3613 1344 3733 1414 nn.

2176 1430 2353 1484 θεύειν
2385 1431 2452 1484 τὰ
2479 1432 2794 1502 μυθούμενα
2815 1447 2828 1463 ο
2885 1434 2948 1485 σὺ
2979 1435 3080 1503 μὲν
3108 1434 3219 1505 γὰρ
3264 1435 3433 1506 Πηλεῖ
3459 1439 3736 1502 συνάπτεις

2176 1525 2454 1595 Θυγατέρα
2505 1525 2664 1578 Θέτιν
2697 1527 2872 1580 ἁλίοιο
2917 1528 3198 1598 γέροντος,
3235 1528 3345 1597 ἐγὼ
3375 1530 3430 1583 δὲ
3470 1531 3620 1583 παισὶ
3652 1532 3734 1602 βα-

2178 1615 2373 1667 σιλέων
2412 1613 2808 1680 ἐπιδοξοτάτων
2842 1616 3100 1686 ἀρχηγῶν
3152 1617 3460 1688 Θυγατὲρας
3485 1635 3500 1649 ο
3563 1621 3653 1673 καὶ
3682 1623 3734 1674 σὺ

2179 1708 2279 1778 μὲν
2311 1711 2367 1760 ὲν
2399 1708 2581 1779 ἄντρῳ
2618 1708 2935 1779 πετρήεντι,
2994 1707 3105 1778 ἐγὼ
3138 1708 3184 1762 δ’
3213 1712 3274 1765 ιν
3305 1711 3495 1776 αὐτοῖς
3523 1713 3736 1766 ἀνακτό-

2178 1819 2289 1875 ροις
2311 1801 2670 1871 νυμφοστολῶ
2699 1818 2712 1834 ·
2740 1804 2832 1856 καὶ
2857 1804 2920 1858 σὺ
2957 1804 3054 1874 μὲν
3085 1804 3408 1877 Ἀφροδίτην
3444 1823 3508 1859 συ
3521 1807 3736 1876 umis-

498 1884 846 1954 τελεύτηται.
865 1889 1049 1943 Είδετε
1069 1898 1898 1970 νυμφαγωγουμένουςεὺτυχώς
1920 1902 2073 1973 ὑμῶν
2105 1869 2145 1924 8
2175 1895 2288 1958 ξεις
2317 1895 2410 1948 καὶ
2433 1893 2615 1964 Ἥραν
2644 1897 2739 1948 καὶ
2784 1896 3042 1966 Ἀθηνᾶν,
3065 1895 3177 1964 ἐγὼ
3206 1895 3265 1949 δὶ
3294 1897 3423 1960 ὅλας
3445 1897 3737 1961 δεσποίνας,

497 1981 621 2041 τοὺς
651 1981 823 2043 υἱέας,
860 1987 1350 2055 στεφανουμένους,
1375 1991 1813 2061 κηρυττομένους
1835 1996 1899 2062 τῇ
1939 2009 2070 2062 συγ-

499 2071 682 2143 κλήτῳ
710 2073 897 2145 βουλῇ,
936 2077 1012 2147 τῷ
1045 2078 1221 2149 δήμῳ,
1280 2079 1356 2149 τῷ
1395 2080 1625 2151 βήματι,
1671 2089 2072 2155 προπεμπομέ-

498 2183 623 2228 νους
656 2165 726 2220 τὰ
756 2170 1133 2239 νυμφευτήρια
1171 2170 1249 2239 τῷ
1276 2173 1403 2241 χθὲς
1428 2173 1496 2225 τὰ
1536 2175 1781 2227 ἐπινίκια
1816 2193 2071 2248 προπεμ-

500 2258 686 2327 φθέντι
717 2259 846 2330 Θείῳ
879 2261 970 2314 καὶ
1028 2260 1261 2330 βασιλεῖ.
1342 2265 1568 2334 Σύμπας
1606 2266 1827 2319 ἀπέστω
1857 2267 2070 2336 φθόνος,

499 2351 698 2416 καλοὺς
728 2354 920 2418 καλαῖς
955 2356 1356 2426 ὲνυμφεύσατε,
1385 2358 1536 2422 ἄξιον
1591 2355 1746 2412 εἶπεν
1775 2358 1840 2412 ἄν
1870 2377 1949 2424 τ.ς
1977 2361 2070 2413 τοῦ

499 2446 700 2501 Πυθίου
753 2451 812 2501 τὸ
855 2449 1043 2518 χρῆμα
1065 2467 1078 2481 ο
1132 2452 1224 2504 καὶ
1260 2453 1418 2520 ὑμεῖς
1467 2451 1524 2505 δὲ
1556 2450 1691 2505 θεῖοι
1721 2452 1831 2506 τῶν
1864 2453 2072 2508 παίδων

497 2539 720 2608 χαίρετε
779 2540 1036 2610 βασιλεῖς,
1090 2543 1187 2596 καὶ
1239 2542 1378 2596 θεῖαι
1419 2543 1754 2615 βασίλισσαι,
1811 2545 1906 2597 ἐπὶ
1935 2547 2071 2599 πᾶσι

499 2634 595 2684 καὶ
628 2632 734 2703 πρὸ
786 2634 1002 2689 πάντων
1058 2635 1217 2705 ὑμεῖς
1265 2636 1312 2688 oi
1347 2636 1606 2705 νυμφίοιο
1642 2637 1692 2690 οί
1741 2639 1846 2706 γὰρ
1892 2636 2074 2700 ἄλλοις

497 2725 839 2797 εὐφροσύνης
888 2729 1177 2795 γεγονότες
1239 2728 1494 2792 ὑπόθεσις
1543 2729 1727 2799 πολλῷ
1760 2729 1924 2783 πλέον
1981 2729 2074 2798 γέ-

499 2818 665 2869 νοισθ’
697 2819 761 2870 ἂν
805 2820 1017 2882 ἑαυτοῖς
1039 2835 1053 2850 ·
1085 2821 1230 2890 ὑμᾶς
1264 2837 1323 2872 τε
1362 2820 1472 2890 γὰρ
1509 2821 1566 2872 αί
1608 2821 1946 2890 συζυγεῖσαι,
1974 2821 2074 2874 καὶ

499 2912 658 2980 ὑμεῖς
689 2912 785 2974 τὰς
809 2913 1134 2980 συζυγείσας
1162 2915 1624 2984 ὰντευτυχήκατε,
1646 2916 1701 2967 αί
1726 2915 1783 2979 ἐξ
1812 2915 2072 2984 ἀρχηγῶν

495 3005 624 3067 τοὺς
661 3008 723 3058 ὲκ
763 3005 1047 3076 βασιλέων,
1077 3008 1175 3071 τὰς
1214 3008 1269 3075 ἐξ
1302 3007 1566 3079 ἀρχηγῶν
1605 3011 1652 3061 οἱ
1677 3009 1740 3061 ὲκ
1774 3007 2067 3078 βασιλέων,

497 3101 553 3152 αἱ
578 3097 816 3162 νεάνιδες
842 3100 970 3161 τοὺς
994 3099 1167 3163 νέους,
1204 3100 1298 3155 καὶ
1328 3103 1378 3153 oi
1420 3101 1528 3153 νέοι
1563 3102 1797 3170 ἔμπαλιν
1823 3102 1920 3163 τὰς
1942 3101 2070 3152 νεά-

495 3194 662 3257 νιδας.
702 3195 809 3248 Καὶ
835 3194 990 3265 ὑμεῖς
1015 3195 1074 3248 δὲ
1110 3198 1489 3266 τρισευτυχεῖς
1511 3195 1781 3266 γεγήθατε
1832 3193 2067 3266 νύμφαι,
2096 3229 2140 3289 c

495 3290 594 3339 καὶ
630 3281 696 3360 τῇ
755 3285 1046 3354 σεμνότητι
1097 3288 1366 3359 Δουκαίνῃ
1413 3287 1508 3340 καὶ
1561 3287 1698 3358 καλῇ
1749 3285 1859 3341 τῶν
1886 3287 2068 3341 καλῶν

497 3376 743 3447 νυμφίων
785 3379 991 3448 ἀδελφῇ
1036 3379 1442 3448 συγγεγήθατε,
1481 3375 1546 3451 ἧς
1570 3380 1664 3432 καὶ
1691 3379 1864 3434 τᾶλλα
1892 3379 2070 3433 πάντα

499 3466 724 3537 ζηλοῦτε
757 3470 852 3538 τῇς
875 3468 1053 3541 ἀώρου
1088 3470 1212 3541 δίχα
1240 3469 1467 3542 χηρείας
1487 3487 1503 3502 °
1539 3471 1632 3523 ἐπὶ
1661 3471 1872 3533 τούτοις
1903 3470 2070 3539 ἀγαλ-

497 3632 657 3686 mur?
687 3630 872 3687 Nonne
896 3633 995 3703 ﬁlii
1022 3634 1098 3686 tui
1128 3634 1304 3703 felices
1331 3646 1504 3699 erunt,
1534 3644 1584 3688 et
1612 3651 1772 3701 supra
1802 3649 1960 3703 quam
1990 3631 2073 3698 fas

499 3735 576 3781 est
615 3729 869 3797 sperare?
908 3726 1020 3798 Ego
1057 3729 1263 3798 quidem
1307 3731 1492 3784 bonam
1533 3748 1671 3798 spem
1715 3731 1980 3794 concipio,
2024 3738 2071 3781 et

499 3829 634 3875 recte
661 3820 893 3890 quidem,
923 3823 976 3875 ni
1005 3821 1184 3890 fallor.
1217 3822 1357 3887 Quid
1386 3823 1546 3894 igitur
1569 3831 1731 3877 restat
1764 3824 1865 3876 nisi
1894 3833 1949 3876 ut
1977 3838 2071 3875 nos

500 3920 554 3965 et
588 3911 712 3979 alii,
747 3922 792 3966 et
826 3915 1121 3981 praesertim
1154 3914 1444 3981 familiares
1477 3916 1834 3983 gaudeamus?
1869 3914 1945 3967 Tu
1979 3931 2076 3967 au-

501 4016 630 4073 tem,
670 4007 1006 4075 imperatrix,
1044 4009 1216 4075 prima
1254 4012 1485 4063 omnium
1525 4008 1730 4062 lietare.
1769 4009 1899 4073 Quae
1936 4010 2073 4062 enim

503 4100 724 4168 [anxi/ia:
751 4111 908 4166 caput
937 4111 1031 4164 est,
1058 4102 1394 4168 gaudentium
1421 4116 1625 4170 quoque
1651 4103 1866 4154 chorum
1895 4103 2072 4154 ducat.

505 4193 585 4248 Tu
615 4210 736 4264 ergo
769 4198 890 4264 (quo
926 4211 1042 4248 vero
1078 4203 1125 4247 te
1159 4195 1365 4247 nomine
1400 4193 1716 4263 appellem?)
1747 4194 1936 4246 iterum
1967 4192 2081 4245 col-

504 4285 687 4343 la’tare
723 4304 840 4342 cum
875 4286 1089 4342 domino
1121 4295 1299 4341 nostra
1334 4298 1488 4358 alque
1521 4288 1833 4357 imperatore
1869 4287 2080 4356 sapien-

507 4379 730 4454 tissimg.

573 4472 628 4525 8.
672 4471 811 4526 Ecce
851 4487 1028 4541 preces
1073 4472 1228 4525 dicta!
1273 4479 1426 4537 sunt;
1467 4483 1638 4524 votum
1680 4471 1940 4542 expletum
1981 4482 2081 4527 est.

2173 1989 2356 2056 Ἥρας
2390 1989 2489 2059 μὲν
2523 1988 2981 2061 βασιλικωτέρας,
3006 1990 3462 2061 σωφρονεστέρας
3494 1993 3550 2046 δὲ
3593 1993 3739 2062 Ἀθη-

2171 2087 2289 2150 νᾶς,
2329 2088 2425 2141 καὶ
2491 2087 2815 2158 Ἀφροδίτης
2873 2087 3250 2161 ὡραιοτέραςο
3277 2088 3397 2154 ,καὶ
3430 2089 3497 2142 σὺ
3534 2089 3630 2159 μὲν
3655 2089 3740 2156 τὴν

2176 2174 2334 2246 Ἔριν
2364 2176 2607 2246 είσάγεις
2641 2177 2806 2246 δῆθεν
2855 2178 3212 2248 αὐτόκλητον,
3253 2178 3350 2232 καὶ
3390 2178 3457 2232 τὸ
3501 2180 3662 2250 μῆλον
3691 2179 3740 2231 ὲν

2174 2269 2327 2340 μέσῳ
2355 2270 2597 2342 ῥίπτεις,
2627 2271 2798 2342 μῆλον
2825 2274 2999 2326 έκεῖνο
3019 2273 3119 2343 τῆς
3150 2274 3279 2339 ὅλης
3323 2272 3552 2334 Ἰλιάδος
3585 2275 3742 2343 ἀφορ-

2174 2361 2304 2432 μὴν,
2345 2363 2440 2414 καὶ
2473 2363 2763 2435 ταράττεις
2785 2363 2877 2416 τὸν
2913 2364 3097 2429 πότον,
3130 2365 3223 2418 καὶ
3250 2363 3744 2434 ἀνακυμϐαλιάζεις

2169 2453 2296 2517 τοὺς
2321 2453 2569 2524 δίφρους,
2608 2453 2768 2508 τοῦτο
2797 2455 2861 2528 δὴ
2887 2456 2948 2510 τδ
2976 2457 3295 2525 λεγόμενον,
3327 2459 3422 2512 καὶ
3452 2458 3574 2512 κατ’
3597 2457 3744 2526 ἀλλή-

2171 2541 2281 2596 λων
2308 2545 2553 2610 ὁπλίζεις
2582 2547 2712 2611 τοὺς
2735 2547 3089 2620 δαιτυμόνας,
3123 2549 3236 2617 ἐγὼ
3268 2550 3325 2604 δὲ
3357 2550 3453 2603 καὶ
3476 2549 3577 2622 τὴν
3604 2549 3746 2619 Ἔριν

2172 2639 2254 2702 είς
2293 2636 2357 2691 τὸ
2411 2637 2630 2692 δεῖπνον
2677 2640 3112 2710 παραλαμϐάνω,
3175 2641 3269 2695 καὶ
3317 2640 3420 2712 τῆς
3472 2643 3665 2712 ἑορτῆς
3689 2641 3741 2693 οὒ

2172 2730 2491 2804 καθυϐρίζω
2515 2732 2574 2785 τὸ
2603 2731 2896 2805 πρόσωπον
2921 2749 2939 2766 '
2989 2735 3151 2806 Ἔριν
3178 2735 3386 2805 ταύτην
3418 2736 3480 2789 οὑ
3513 2738 3615 2804 τὴν
3643 2751 3744 2805 μω-

2175 2822 2375 2892 μητὴν,
2405 2821 2525 2874 οὐδὲ
2551 2822 2652 2894 τὴν
2676 2822 3043 2894 κακόχαρτον,
3077 2825 3194 2878 ἀλλ’
3216 2825 3283 2896 ἦν
3308 2843 3403 2879 κεν
3437 2826 3744 2879 ἐπαινέσειε

2171 2914 2373 2984 νοήσας
2401 2929 2418 2945 ⁸
2451 2913 2594 2969 οὕτω
2627 2916 2932 2988 σεμνότερα
2966 2918 3146 2988 πολλῷ
3170 2920 3276 2972 τῶν
3302 2918 3495 2989 μύθων
3531 2921 3599 2973 τὰ
3629 2917 3742 2971 καθ’

2172 3007 2342 3079 ἡμᾶς,
2374 3008 2482 3063 κᾶν
2525 3007 2602 3080 μὴ
2649 3009 2818 3080 μῦθος
2848 3005 2939 3080 ἦν,
2973 3011 3066 3065 καὶ
3086 3011 3465 3079 ἐπιδοξότερα.

2257 3107 2312 3156 ι’.
2341 3102 2437 3166 Τίς
2463 3102 2557 3156 οὖν
2586 3104 2849 3175 φθονερὸς
2873 3104 3035 3171 οὕτω,
3075 3106 3169 3157 καὶ
3199 3105 3502 3174 ἀνέραστος
3526 3103 3623 3158 τοῦ
3651 3121 3743 3158 κα-

2171 3193 2290 3261 λοῦ,
2318 3192 2393 3258 ὡς
2426 3195 2500 3266 μὴ
2524 3196 2744 3268 χαίρειν
2795 3197 2898 3266 μὲν
2928 3197 3022 3250 ἐπὶ
3056 3199 3164 3262 τοῖς
3206 3196 3501 3269 παροῦσιν,
3536 3197 3752 3265 ἐπεύχε-

2176 3286 2298 3340 σθαι
2325 3286 2382 3340 δὲ
2421 3291 2535 3350 τοῖς
2588 3290 2944 3359 τελετάρχαις
2975 3290 3043 3342 τὰ
3076 3290 3243 3359 λώῖας
3295 3290 3378 3352 ὠς
3433 3289 3618 3359 ἔγωγε
3663 3287 3747 3340 καὶ

2177 3378 2417 3449 ἅλλομαι
2445 3381 2642 3452 μικροῦ
2665 3381 2760 3434 ἐπὶ
2792 3381 2872 3452 τῷ
2903 3383 3228 3453 πράγματι,
3263 3385 3357 3438 καὶ
3395 3382 3627 3455 σκιρτῶ,
3663 3379 3749 3434 καὶ

2176 3472 2269 3525 τὸν
2300 3473 2393 3527 τοῦ
2441 3475 2643 3529 Ἰεσσαὶ
2670 3479 2960 3548 προφήτην
2979 3477 3139 3531 τοῦτο
3161 3479 3220 3532 τὸ
3252 3481 3422 3550 μέρος
3449 3471 3749 3548 ἀπομιμοῖν

2182 3633 2285 3684 tari
2314 3641 2361 3686 et
2389 3631 2685 3688 dolentibus
2714 3651 2818 3690 non
2848 3637 3146 3692 condolere.
3179 3636 3258 3691 Tu
3287 3646 3462 3691 autem
3481 3679 3495 3702 ,
3531 3636 3749 3692 Christe.

2182 3726 2321 3778 mala
2361 3728 2539 3782 omnia
2577 3746 2608 3780 a
2645 3729 2793 3783 nobis
2831 3739 3022 3784 averte.
3060 3729 3165 3785 Sed
3198 3740 3257 3782 tu
3292 3725 3519 3799 quoque,
3553 3729 3598 3782 si
3633 3725 3744 3793 quid

2179 3822 2360 3883 sentis,
2394 3830 2544 3874 torus
2575 3822 2823 3890 genialis,
2860 3824 3052 3892 gaudia
3089 3813 3361 3878 nobiscum
3385 3823 3565 3875 misce.
3593 3817 3746 3872 Nemo

2181 3911 2277 3964 hoc
2328 3912 2380 3964 in
2412 3912 2526 3967 loco
2554 3925 2764 3968 maestus
2796 3915 3021 3968 tristisve
3049 3915 3149 3981 sit;
3177 3917 3386 3970 rideant
3417 3913 3622 3979 omnia,
3650 3927 3748 3964 om-

2183 4008 2271 4058 nia
2304 4007 2597 4073 gaudeant,
2630 4007 2889 4061 exsultent
2920 4007 2983 4060 de
3013 4007 3163 4062 rebus
3193 4007 3441 4078 peractis.

2253 4095 2306 4150 9.
2325 4095 2546 4166 Supero.
2567 4098 2906 4168 mythologia,
2925 4115 3054 4166 quas
3078 4107 3133 4151 tu
3147 4114 3337 4152 narras
3360 4099 3596 4167 nuptias,
3610 4096 3751 4150 dun:-

2182 4192 2338 4244 modo
2359 4190 2558 4260 fabulis
2581 4192 2738 4258 ﬁdem
2759 4194 2972 4246 damus.
2996 4190 3075 4245 Tu
3095 4191 3306 4262 quidem
3334 4191 3483 4245 Pelei
3505 4191 3744 4245 connubio

2185 4281 2371 4337 Thetin
2394 4282 2531 4338 senis
2558 4283 2815 4337 maritimi
2836 4282 3002 4350 ﬁliam
3017 4283 3224 4352 jungis,
3250 4299 3341 4354 ego
3366 4299 3484 4336 cum
3508 4284 3634 4350 ﬁliis
3672 4297 3747 4335 re-

2181 4377 2281 4447 giis
2323 4376 2619 4431 illustrium
2651 4377 2846 4430 ducum
2890 4377 3031 4446 ﬁlias
3055 4378 3200 4442 unio,
3248 4387 3297 4431 et
3337 4376 3384 4430 si
3430 4385 3487 4430 tu
3531 4377 3583 4430 in
3609 4387 3746 4428 antro

2182 4483 2393 4531 saxoso,
2432 4484 2525 4538 ego
2565 4469 2620 4521 in
2661 4467 2821 4522 cubili
2857 4466 3023 4536 regali
3064 4468 3276 4537 nuptias
3313 4467 3572 4521 celebrari
3609 4482 3740 4520 cura.

501 4564 623 4620 Jam
666 4565 766 4633 ﬁlii
806 4566 963 4619 vestri
1001 4565 1239 4618 coronati
1275 4580 1465 4633 pompa
1505 4563 1732 4633 nuptiali
1771 4566 2078 4635 procedunt,
2113 4569 2158 4626 D
2187 4559 2265 4615 Tu
2299 4559 2506 4629 quidem
2538 4556 2808 4622 Venerem,
2838 4557 3100 4612 Iunonem
3133 4569 3181 4613 et
3217 4557 3508 4613 Minervam
3542 4561 3608 4611 ad
3640 4574 3750 4626 epu-

498 4658 728 4721 senatui,
757 4657 1239 4727 populo,tribunali
1265 4657 1698 4710 commendantur
1719 4667 1765 4711 et
1792 4659 2084 4726 imperato-

497 4753 572 4804 ris
599 4751 811 4820 vestigia
834 4751 1072 4803 hesterno
1097 4748 1184 4802 die
1213 4747 1390 4802 relicta
1418 4757 1724 4816 sequuntur.
1750 4750 1898 4803 Absit
1925 4751 2078 4821 longe

501 4842 670 4895 omnis
695 4842 917 4905 invidia,
942 4840 1080 4908 ﬁlios
1103 4838 1348 4904 pulchros
1369 4838 1601 4907 pulchris
1622 4839 1834 4906 ﬁliabus
1861 4841 2085 4909 despon-

502 4935 683 4998 sastis,
725 4944 864 4987 recte
909 4933 1182 4986 oraculum
1231 4929 1508 5002 Pythicum
1555 4933 1768 4986 dixerit.
1812 4934 2078 5002 Agedum,

501 5029 726 5096 gaudete
756 5026 1101 5095 imperatores
1134 5034 1286 5094 atque
1321 5024 1676 5090 imperatrices
1715 5024 1966 5079 divinitus
2003 5027 2085 5080 in-

501 5121 717 5176 stitutir.
748 5125 798 5172 et
826 5127 947 5171 ante
973 5131 1170 5180 omnes,
1200 5131 1284 5168 vos
1316 5115 1512 5183 sponsi.
1540 5113 1601 5168 Si
1627 5115 1760 5168 enim
1792 5117 1913 5170 aliis
1941 5117 2082 5172 hila-

505 5211 682 5264 ritatis
712 5226 877 5263 causa
903 5210 1046 5271 estis,
1076 5220 1269 5278 quanto
1298 5209 1463 5278 magis
1494 5208 1743 5261 vobismet
1772 5209 1918 5262 eritis
1947 5208 2078 5276 ipsi!

523 5303 675 5359 Vobis
709 5305 847 5357 enim
881 5317 1092 5366 uxores,
1126 5311 1176 5354 et
1211 5317 1296 5355 vos
1333 5302 1582 5354 uxoribus
1615 5300 1885 5369 felicitatis
1919 5310 2084 5354 mate-

516 5399 652 5451 riain
685 5395 946 5463 prabetis,
980 5404 1039 5447 ut
1073 5395 1233 5447 moris
1267 5407 1341 5446 est
1376 5393 1517 5446 inter
1543 5395 1892 5446 adolescentes
1930 5404 2086 5462 atque

505 5490 730 5559 puellas.
771 5485 874 5541 Vos
908 5503 1111 5558 sponsa:
1146 5497 1223 5540 ter
1259 5485 1440 5553 felices
1474 5485 1711 5554 gaudetis
1747 5486 1810 5539 de
1845 5485 2091 5540 Ducena!

507 5583 731 5653 familia:
763 5580 1037 5634 nobilitate
1068 5588 1118 5634 et
1150 5582 1215 5634 de
1251 5580 1447 5634 sororis
1481 5578 1698 5646 fortuna
1723 5618 1738 5643 ,
1771 5581 1856 5631 cui
1891 5590 2085 5645 preter

505 5686 883 5746 pramaturam
927 5675 1230 5729 viduitatem
1273 5674 1450 5737 omnia
1491 5672 1755 5726 invidetis.
1794 5672 1965 5739 Super
1999 5672 2079 5724 his

510 5783 635 5839 ergo
666 5783 842 5824 omnes
875 5769 928 5822 in
961 5767 1210 5839 gaudium
1241 5765 1594 5834 effundantur.
1627 5762 1908 5819 Servorum
1941 5766 2080 5817 enim

515 5860 672 5931 plane
701 5857 1040 5916 illiberalium
1069 5868 1144 5916 est
1179 5859 1405 5914 dominis
1436 5858 1735 5913 lwtantibus
1770 5873 1872 5910 non
1901 5857 2079 5911 talltu-

2186 4649 2267 4706 las
2294 4651 2509 4715 invitas,
2536 4667 2630 4722 ego
2659 4667 2777 4706 vero
2803 4651 3048 4704 dominas
3073 4667 3193 4719 qua:
3220 4648 3480 4704 lunonem
3515 4650 3654 4719 regia
3679 4650 3749 4708 iti-

2189 4746 2407 4818 gnitate,
2452 4745 2745 4800 Minervam
2794 4746 3055 4814 sapientia
3098 4754 3147 4797 et
3203 4743 3446 4799 Venerem
3500 4754 3746 4798 venustate

2186 4845 2456 4907 superant.
2485 4835 2542 4892 Si
2572 4846 2627 4890 tu
2659 4835 2792 4890 Erin
2816 4852 3019 4905 semper
3044 4844 3342 4905 promptam
3375 4834 3680 4890 introduris.
3703 4839 3744 4882 et

2186 4949 2398 4998 pomum
2431 4932 2482 4986 in
2514 4931 2740 4985 medium
2772 4931 2990 4999 proficis
3010 4969 3024 4994 ,
3058 4929 3195 5000 quod
3229 4938 3303 4982 tot
3333 4927 3594 4982 malorum
3625 4927 3741 4981 Ilia-

2186 5025 2303 5078 dem
2355 5025 2545 5079 creavit
2598 5035 2646 5078 et
2695 5024 3033 5079 convivarum
3083 5033 3271 5076 caelum
3319 5021 3664 5081 disturbavit;
3703 5018 3742 5069 si

2185 5118 2383 5173 mensis
2424 5117 2614 5171 eversis
2668 5118 3026 5171 eonvivatores
3092 5126 3276 5169 contra
3320 5134 3373 5172 se
3415 5117 3630 5170 invicem
3669 5128 3740 5163 ar-

2186 5226 2336 5276 mas;
2365 5227 2458 5281 ego
2487 5225 2690 5282 quoque
2720 5209 2855 5263 Erin
2885 5209 2954 5263 ad
2982 5209 3272 5262 convivium
3300 5209 3527 5278 appello.
3555 5209 3638 5260 sed
3662 5206 3738 5256 lio-

2192 5303 2391 5355 minum
2423 5314 2608 5355 ctetum
2637 5302 2848 5355 minime
2876 5301 3158 5372 confundo.
3188 5298 3313 5354 Eris
3342 5301 3477 5355 enim
3512 5316 3621 5353 mea
3647 5314 3735 5352 non

2196 5393 2480 5456 malevola,
2520 5409 2622 5447 non
2667 5394 3014 5462 objurgatriz,
3054 5393 3145 5448 sed
3183 5410 3299 5464 quia
3342 5410 3458 5447 cum
3499 5411 3625 5446 sana
3663 5406 3736 5441 ra-

2201 5489 2338 5542 tione
2373 5489 2605 5557 procedit
2638 5498 2688 5540 et
2725 5489 2856 5542 Erin
2889 5489 3036 5542 illam
3071 5488 3368 5558 fabulosam
3406 5488 3552 5556 longe
3584 5485 3734 5538 vincit.

2270 5579 2355 5634 10.
2401 5580 2530 5644 Quis
2560 5580 2723 5648 igitur
2749 5583 2879 5634 adeo
2910 5581 3226 5646 invidiosus,
3257 5582 3376 5650 quis
3405 5591 3508 5633 tam
3542 5576 3670 5630 rudis
3694 5585 3733 5626 et

2191 5670 2612 5739 pulchritudinis
2642 5686 2813 5724 rerum
2843 5670 3089 5724 inimicus
3117 5681 3172 5723 ut
3198 5670 3263 5725 de
3287 5671 3366 5723 his
3396 5686 3508 5740 (μίαν
3531 5667 3730 5722 videmus

2189 5780 2291 5818 non
2320 5763 2567 5835 gaudeat,
2596 5771 2648 5816 ut
2677 5763 3043 5833 mysteriorum
3069 5763 3406 5818 curatoribus
3433 5779 3534 5815 non
3562 5760 3727 5822 optima

2189 5872 2402 5915 auu'aue
2428 5858 2605 5916 optet?
2629 5854 2762 5912 Ecce
2785 5873 2877 5921 eqo
2907 5872 3013 5923 prce
3041 5857 3235 5927 gaudio
3263 5857 3464 5912 cxsulto
3486 5869 3528 5912 et
3558 5852 3722 5909 leniam
