3966 6296
196 505 310 560 ουκ
337 505 399 559 ἑκ
426 506 593 580 μόνης
620 507 875 582 γλώσσης
896 509 1004 582 γὰρ
1037 509 1070 581 ἡ
1104 509 1454 581 βλασφημία,

209 602 301 656 Ἐκ
325 605 420 673 τῆς
457 608 778 675 περισσείας
814 607 871 662 δὲ
898 608 996 679 τῆς
1025 607 1128 676 σῆς
1153 607 1408 680 καρδίας.

194 698 266 752 Σὺ
304 699 548 767 κλήσεως
575 699 749 767 ἄξιος,
782 695 848 772 ἧς
895 700 995 771 ἐμὲ
1025 700 1257 770 κρίνεις,

194 790 611 863 Εἱδωλολατρῶν
648 795 716 847 ὲκ
750 793 1093 866 φιλαργύρου
1128 793 1354 865 τρόπου.

197 885 355 937 Ποῖον
389 885 560 952 ξένον,
597 888 819 955 μάταιε,
856 885 1095 951 πίστεως
1125 889 1377 959 κρίνεις;

194 977 298 1029 Τὸν
320 978 409 1030 τὸν
431 978 562 1033 Θεὸν
585 982 817 1033 πνέοντα
855 981 952 1033 καὶ
995 972 1064 1035 τὰ
1091 979 1310 1051 βιῦλίας

195 1072 304 1123 Καὶ
338 1073 403 1142 τῇ
439 1071 637 1143 θελητῇ
669 1071 972 1146 σύντροφον
1003 1075 1314 1146 κακουχίᾳ;

193 1164 262 1216 Ἢ
299 1163 391 1216 τὸν
422 1163 644 1233 βιοῦντα
675 1166 969 1237 πτωχικῶν
1007 1165 1069 1231 ἐξ
1098 1167 1384 1236 αἱμάτων;

191 1258 300 1310 Καὶ
324 1273 398 1308 πα
407 1257 839 1328 ρακερδαίνοντα
861 1258 971 1312 τῶν
1006 1258 1379 1329 ήλκωμένων;

262 1351 502 1405 Ἔπειτα
538 1351 631 1404 καὶ
659 1351 774 1415 πῶς
799 1349 895 1404 καὶ
920 1351 1067 1414 τίνος
1097 1349 1293 1422 τέχνης
1313 1351 1492 1421 λόγοις

187 1439 294 1493 Τῖιν
325 1441 528 1512 εὐσεϐῆ
557 1443 620 1496 σὺ
653 1445 746 1496 καὶ
782 1443 873 1497 τὸν
900 1443 960 1496 οὐ
994 1442 1155 1497 τοῦτο
1192 1442 1430 1516 κρίνεις,

189 1532 407 1605 ’Δῖδρις
428 1533 505 1588 ὢν
537 1534 778 1601 ἆπαντος
805 1537 997 1601 ἀπλῶς
1023 1535 1232 1606 βιϐλίου
1269 1555 1284 1605 ;

185 1627 346 1691 ﬂcio;
368 1629 534 1697 σοφὸς
551 1630 806 1701 Μάξιμος
837 1629 1124 1701 ὲστόμωσὲ
1171 1647 1230 1684 σε
1252 1648 1268 1700 ;

184 1721 348 1784 Ποῖος
381 1720 558 1792 μέγας
599 1722 869 1795 Κύριλλος
895 1725 1130 1797 ὴκόνησέ
1162 1741 1264 1793 σε;

186 1813 284 1876 '0;
310 1817 376 1869 τὸ
413 1815 574 1872 πλέον
604 1818 703 1887 μὲν
728 1818 824 1872 τοῦ
865 1818 983 1888 βίου
1018 1819 1189 1888 σιγῶν
1232 1820 1442 1889 μένεις,

181 1907 253 1963 Εἴ
282 1927 388 1963 που
418 1910 475 1964 δὲ
500 1914 662 1984 τυχὸν
688 1914 787 1968 καὶ
817 1914 1037 1982 διοίξεις
1071 1917 1131 1970 τὸ
1170 1917 1371 1989 στόμα,

180 2004 366 2068 Εὐθὺς
387 2006 459 2060 τὰ
485 2007 762 2078 πανάρεια
795 2008 1081 2064 συλλαϐὼν
1122 2009 1330 2080 λέγεις.

181 2098 390 2164 Καθὼς
422 2104 794 2175 παριστόρητο
817 2103 895 2174 τῷ
928 2103 1235 2176 Λουκιλλίῳ

188 2191 252 2246 '0
284 2195 685 2266 γραμματικὸς
719 2195 988 2263 Φλάκκος,
1014 2196 1073 2261 ὃς
1101 2199 1314 2269 μέλλων
1348 2196 1551 2269 λέγειν,

193 2286 608 2359 Ἐὄαρόάρισεν
635 2289 802 2354 εὐθὺς
834 2290 908 2355 ὡς
939 2291 1004 2345 ἐκ
1028 2291 1307 2362 βαλσίδος.

181 2381 402 2447 Ὄντως
441 2382 612 2455 βαρὺς
646 2383 732 2450 σὺ,
762 2385 859 2438 καὶ
888 2384 1068 2458 γεηρὰ
1092 2385 1313 2457 καρδία,

181 2478 283 2541 ὐς
315 2477 414 2532 καὶ
451 2479 679 2532 σεαυτὸν
719 2479 934 2547 ἀγνοεῖς
966 2480 1058 2533 καὶ
1094 2480 1186 2532 τὸν
1219 2479 1389 2539 πέλας

188 2573 277 2629 Ἐν
302 2573 568 2627 ἐκστάσει
591 2573 649 2628 δὲ
683 2575 791 2629 τῶν
820 2572 1059 2646 φρενῶν,
1096 2576 1197 2630 οὐκ
1219 2576 1483 2630 ἐκστάσει

173 2668 312 2723 οἵαν
331 2665 507 2722 Δαυῒδ
529 2667 787 2724 ἔκστασιν
809 2669 1000 2738 ἐξέστη
1019 2670 1210 2734 πάλαι,

171 2763 288 2828 Πᾶς
317 2761 602 2833 δυσ-σεΰὴς
622 2762 938 2834 ἄνθρωπος,
967 2765 1219 2836 ἀφρόνως
1241 2762 1449 2830 λέγεις.

167 2854 328 2926 Πλὴν
359 2852 473 2909 κᾶν
504 2855 570 2908 σὺ
601 2855 797 2910 σαυτὸν
825 2858 1049 2929 ἀγνοῇς,
1072 2856 1189 2912 ἀλλ’
1211 2857 1439 2912 αὐτόθεν

183 2949 253 3004 Ἡ
282 2948 489 3018 κλῆσις
511 2949 652 3014 αὑτὴ
687 2953 959 3022 μαρτυρεί
983 2968 1079 3004 σου
1105 2952 1209 3020 τὴν
1236 2951 1417 3019 φύσιν.

178 3041 253 3098 Τὸ
287 3045 408 3114 Βᾶρ
433 3043 546 3114 γὰρ
576 3044 691 3108 υἱός
724 3045 872 3098 ἐστιν
921 3044 1130 3099 Ἐλλάδι
1158 3047 1382 3117 φράσει,

177 3137 251 3190 Τὸ
277 3137 395 3208 Bap
441 3135 622 3202 Ἴωνα,
654 3136 866 3208 μάρτυς
894 3134 946 3192 εἷ
980 3154 1087 3209 μου
1115 3137 1192 3211 τῷ
1217 3140 1385 3210 λόγῳ.

174 3229 287 3285 Τοῦ
314 3229 362 3283 δ’
391 3222 460 3293 ὗς
491 3229 761 3300 πρόδηλός
799 3231 1008 3302 ἔστινὴ
1045 3233 1296 3303 σημασία
1323 3249 1338 3266 ·

171 3325 378 3394 Χοῖρον
404 3320 520 3392 γὰρ
545 3320 768 3392 ᾐνίξατο
793 3324 910 3382 τοῖς
943 3323 1320 3395 παλαιτέροις.

170 3418 249 3472 Τὸ
285 3417 481 3488 μίγμα
511 3413 554 3467 δ’
580 3416 788 3485 άμφοῖν
811 3416 933 3470 ταῖν
949 3415 1094 3470 δυεῖν
1120 3418 1452 3488 σημασίαιν.

170 3509 376 3571 Ὅστις
412 3505 542 3576 ποτ’
570 3500 664 3561 οὖν
695 3505 958 3578 βούλοιτο,
990 3509 1438 3580 συμπεραινέτω.

167 3601 438 3668 Τοιοῦτος
470 3597 549 3654 ὢν
575 3599 778 3671 γράφει
807 3618 876 3672 με
899 3604 1287 3670 κακοπιστίας,

163 3767 362 3824 merito
403 3765 466 3822 id
502 3763 715 3818 crimini
757 3765 940 3822 datur.
997 3762 1122 3821 Non
1175 3767 1316 3822 enim
1359 3785 1386 3822 e
1431 3767 1611 3840 lingua
1655 3770 1774 3826 sola

161 3859 483 3924 calumnia,
527 3855 618 3910 sed
672 3871 701 3911 e
753 3858 908 3911 carde
957 3859 1417 3928 superabundauti
1445 3861 1647 3928 prodit.
1691 3863 1770 3918 Tu

158 3971 296 4010 sane
323 3951 535 4023 dignus
568 3965 624 4004 es
657 3951 870 4004 nomine
918 3951 1058 4019 quod
1088 3953 1219 4006 mihi
1257 3953 1368 4022 ipse
1397 3953 1563 4019 indis,
1599 3963 1652 4008 tu
1679 3956 1768 4026 qui

163 4048 340 4114 turpis
371 4043 522 4100 lucri
545 4058 708 4097 causa
735 4044 902 4098 Deum
931 4042 1148 4098 adoras.
1177 4043 1340 4110 Quem
1371 4045 1476 4115 ﬁde
1506 4049 1772 4116 privatum

165 4141 307 4197 dicis
324 4141 350 4195 2
375 4135 577 4193 Nonne
600 4151 716 4191 eum
739 4137 828 4208 qui
847 4136 1013 4191 Deum
1039 4146 1088 4190 et
1115 4135 1422 4208 Scripturas
1462 4140 1648 4208 spirat,
1682 4147 1776 4193 aut

165 4236 262 4308 qui
303 4242 498 4303 sponte
537 4229 742 4298 peccati
776 4244 898 4283 reus
943 4227 1192 4292 exsistit,
1245 4240 1338 4284 aut
1373 4247 1492 4285 eum
1531 4233 1619 4302 qui
1653 4247 1779 4285 san-

163 4330 389 4403 guinem
423 4339 718 4398 pauperum
753 4323 904 4392 bibit,
943 4330 995 4379 et
1039 4340 1101 4378 ex
1133 4324 1356 4394 leprosis
1397 4328 1525 4396 ipsis
1561 4327 1769 4381 lucrum

205 4425 369 4479 ua'rit
392 4421 422 4476 1

205 4444 369 4479 κων-ιι
392 4444 418 4476 Ι

162 4444 198 4500 q
242 4520 370 4586 Quo
419 4513 545 4567 dein
585 4509 843 4565 sermonis
876 4511 1110 4579 artiﬁcio
1150 4509 1298 4581 pium
1335 4528 1397 4565 ac
1431 4512 1648 4581 impium
1673 4512 1772 4580 juo

1376 395 1700 457 SCRIPTA
1758 395 2314 461 MISCELIANEA.

3320 390 3458 464 14M

1797 519 1844 576 Α
1874 511 1942 565 ’Ὠ
1971 513 2095 575 νοῦς
2127 512 2388 584 ἐλαφρὸς,
2424 511 2528 567 κᾶν
2549 513 2719 586 βαρῦς
2752 513 2929 586 μάτην
2953 513 3110 587 λέγῃ.

1874 606 1984 659 Καὶ
2016 608 2220 670 παντὸς
2252 606 2574 676 εὐρίπιστος
2603 610 2812 678 ἀνέμου
2846 607 2972 678 ﬂia!

1872 699 1937 754 Τί
1966 701 2009 753 δ’
2039 701 2104 756 άν
2131 719 2264 754 ποτε
2300 701 2412 773 γνῷ
2445 703 2804 772 δογματίζειν
2831 704 2926 756 καὶ
2959 702 3106 772 μέγα

1872 797 2094 850 Τοιοῦτο
2117 800 2324 866 γυμνξν
2357 799 2452 850 καὶ
2480 797 2860 851 κακόπλαστον
2886 795 3028 866 κάρα
3051 811 3068 861 ;

1883 889 1973 954 Ἐξ
1993 880 2053 943 οὗ
2091 890 2334 958 πέφευγε
2361 891 2454 942 καὶ
2485 892 2545 942 τὸ
2575 890 2682 941 τῶν
2716 887 2918 959 τριχῶν
2948 888 3104 955 γένος

1870 985 2048 1055 Μωρᾷ
2072 985 2282 1054 κεφαλῇ
2323 983 2397 1054 μὴ
2428 984 2670 1052 θελῆσαν
2701 984 2987 1053 ἐμμένειν.

1871 1082 2001 1144 Ναὶ,
2033 1084 2217 1152 φησιν,
2246 1080 2362 1134 ἁλλ’
2403 1078 2657 1146 ἔπαιζον,
2701 1080 2800 1132 οὐκ
2843 1078 3174 1147 ἐλοιδόρουν,

1874 1176 2062 1241 Παίζει
2089 1176 2144 1228 δὲ
2173 1175 2264 1227 καὶ
2294 1174 2476 1244 γέρων
2496 1190 2581 1235 τις
2604 1188 2616 1202 ⁸
2645 1171 2824 1233 οὐδείς
2859 1188 2942 1234 τις
2977 1170 3200 1238 φθόνος.

1869 1270 2050 1337 Μόγις
2078 1268 2202 1339 μὲν,
2225 1262 2270 1321 ὧ
2296 1267 2566 1338 βέλτιστε,
2600 1265 2693 1318 καὶ
2722 1264 2920 1335 μακρῷ
2952 1263 3152 1334 χρόνῳ.

1871 1365 2019 1433 Πλὴν
2039 1362 2153 1418 ἀλλ’
2183 1363 2422 1433 ἀρίστως
2454 1361 2548 1412 καλ.
2580 1358 2763 1422 καλῶς
2789 1357 3098 1428 ἀπεκρίνω,

1869 1460 1982 1513 Καὶ
2014 1460 2097 1522 τίς
2127 1458 2390 1528 σοφιστὴς
2425 1453 2896 1526 ἀνταποκρίναιτό
2925 1471 3008 1507 σοι
3034 1472 3047 1520 ;

1871 1553 1982 1605 Καὶ
2012 1551 2270 1620 παττάλῳ
2300 1549 2579 1604 πάτταλον
2608 1545 2900 1618 ὲκκροὺσοι
2927 1545 3089 1615 λόγου
3115 1561 3132 1611 ς

1870 1646 2019 1716 Πλὴν
2046 1645 2162 1698 ἀλλ’
2189 1643 2296 1698 ἔδει
2323 1644 2382 1697 σὲ
2413 1643 2510 1712 τὴν
2539 1645 2670 1711 ὅλην
2702 1640 3012 1710 παροιμίαν

1881 1738 1970 1791 Ἐν
2007 1737 2085 1809 νῷ
2116 1736 2402 1808 βαλέσθαι,
2436 1735 2571 1806 μηδὲ
2602 1734 2831 1803 θάτερον
2874 1732 3060 1805 μέρος.

1942 1833 2206 1895 Παίζουσι
2240 1830 2341 1902 γὰρ
2366 1829 2644 1900 γέροντες,
2677 1826 2815 1881 ἀλλά
2846 1825 3142 1895 σωφρόνως
3166 1839 3184 1859 ο

1876 1925 1947 1978 Σὺ
1973 1923 2020 1977 δ’
2047 1926 2104 1979 ὲν
2130 1922 2273 1993 Θεῷ,
2301 1921 2527 1985 δείλαιε,
2555 1920 2767 1985 παίζων
2802 1919 2862 1972 οὐ
2885 1919 3135 1990 τρέμεις.

1875 2018 2113 2072 Παικτδν
2140 2016 2201 2070 τὸ
2237 2015 2404 2082 θεῖον,
2434 2013 2530 2069 καὶ
2559 2013 2643 2077 τίς
2673 2012 2734 2066 οὐ
2766 2011 2988 2083 φρίσσει
3017 2011 3239 2077 κλύωνς

1875 2111 2120 2175 Παίζεις,
2151 2107 2360 2179 στερῶν
2392 2123 2457 2178 με
2487 2107 2598 2160 τῶν
2621 2106 2837 2161 ἐκεῖθεν
2873 2105 3132 2170 ἐλπίδων,

1873 2204 2122 2270 Παίζεις,
2152 2201 2320 2268 ξενῶν
2352 2219 2421 2271 με
2452 2200 2555 2273 τῆς
2584 2201 2825 2272 ἀνάρχου
2854 2199 3121 2271 Τριάδοςο

1876 2298 2120 2363 Παίζεις,
2158 2296 2467 2352 ἀποκλείων
2493 2313 2561 2365 με
2597 2295 2694 2365 τῆς
2730 2294 3028 2365 σωτηρίας.

1876 2395 1948 2448 Σὺ
1978 2397 2072 2447 καὶ
2095 2375 2515 2463 κατάγχωνζκαὶ
2538 2391 2781 2462 μαχαίρᾳ
2804 2388 3069 2442 κτιννύων

1874 2490 2124 2554 Παίζεις,
2165 2488 2350 2557 λέγοις
2383 2485 2470 2542 ἄν.
2503 2483 2566 2538 El
2594 2484 2652 2537 δὲ
2684 2483 2860 2537 ταῦτα
2892 2482 3152 2545 παικτέα,

1884 2582 1976 2636 Ἐν
2005 2583 2090 2636 σοί
2117 2599 2180 2652 γε
2207 2584 2592 2657 παιχθείησαν,
2634 2585 2709 2649 ὡς
2736 2585 2921 2656 ἔργοις
2953 2585 3154 2658 μάθῃς.

1873 2671 2001 2730 Οίον
2035 2675 2095 2729 τὸ
2125 2677 2348 2745 παίζειν
2379 2679 2472 2732 καλ⁵
2505 2678 2566 2732 τὺ
2599 2678 2945 2750 βλασφήμως
2971 2676 3179 2746 λέγειν.

1873 2770 2004 2835 Ναὶ,
2036 2772 2234 2841 φησὶν,
2267 2770 2388 2826 ἀλλ’
2417 2774 2444 2826 ό
2470 2773 2602 2836 Χῖος
2627 2769 2887 2842 ἐξύϐρικέ
2923 2788 3006 2836 σε,

1880 2866 1976 2928 Ὃς
2001 2864 2064 2917 οὐ
2097 2863 2277 2929 τεθείς
2307 2881 2398 2937 μοι
2423 2865 2522 2936 τῆς
2548 2866 2843 2940 συνηθείας
2866 2864 3051 2932 πλέον,

1873 2957 2225 3028 Κατηγορεῖν
2245 2973 2338 3010 σου
2369 2957 2667 3029 φληνάφως
2694 2959 2928 3013 πέπεικε
2953 2975 3047 3030 με.

1873 3051 2060 3120 Νόμον
2089 3050 2145 3105 δὲ
2171 3049 2362 3105 τοῦτον
2391 3045 2553 3107 οἷσθα
2584 3054 2929 3126 φιλοτησίας,

1875 3144 2116 3211 Μείζους
2147 3143 2347 3214 φιάλας
2379 3145 2716 3218 ἐγχωρεύειν
2744 3149 2860 3211 τοῖς
2897 3147 3100 3216 φίλοις.

1798 3223 1847 3290 C
1875 3239 1982 3294 Ναὶ
2013 3239 2205 3292 τοῦτον
2232 3235 2350 3292 οἴδα
2379 3240 2699 3311 φιλοτησίας
2724 3241 2915 3310 νόμον,

1881 3332 2025 3389 Ἀλλ’
2050 3332 2158 3386 ἐνθ’
2198 3333 2264 3386 ἂν
2294 3331 2455 3396 αὐτὸς
2485 3334 2567 3398 είς
2596 3334 2656 3388 τὸ
2679 3335 2896 3388 δεῖπνον
2920 3334 3131 3408 ίζάνῃς·

1883 3429 1974 3482 Ἐν
2004 3428 2115 3497 γὰρ
2135 3426 2375 3495 λογικῶν
2401 3428 2698 3498 συμποτῶν
2731 3428 2997 3501 συνεδρίῳ

1871 3519 2022 3591 Νικᾷ
2050 3518 2212 3588 λόγου
2254 3519 2513 3589 κέρασμα
2548 3518 2648 3591 τὴν
2681 3521 2828 3574 οῐνου
2867 3522 3054 3576 πόσιν.

1875 3611 1996 3666 Κᾶν
2035 3611 2199 3666 τοῦτο
2227 3611 2272 3666 δ’
2301 3613 2367 3667 ἂν
2393 3611 2641 3685 δοίημεν,
2683 3614 2794 3668 οὐδ’
2833 3615 2977 3670 οὕτω
3005 3616 3173 3670 πάλιν

1879 3773 2040 3838 uolet.
2078 3772 2154 3828 Tu
2182 3774 2367 3846 igitur,
2398 3774 2490 3846 qui
2522 3773 2647 3829 talis
2670 3791 2746 3840 es,
2777 3775 2938 3845 ﬁdem
2968 3795 3140 3833 meatu
3163 3791 3460 3847 suspectam

1879 3867 2080 3922 reddis.
2111 3865 2154 3922 Ο
2180 3883 2320 3922 meus
2351 3867 2553 3939 futilis,
2583 3867 2700 3922 licet
2731 3885 2825 3937 pro
2857 3870 3066 3925 homine
3089 3874 3239 3941 gravi
3267 3872 3463 3927 habea-

1877 3961 1952 4014 ris
1979 4001 1994 4024 ,
2052 3975 2083 4013 ο
2129 3957 2288 4028 ﬁdem
2334 3968 2485 4012 tuam
2531 3960 2843 4014 ventosam!
2889 3960 3031 4028 Quid
3069 3963 3233 4033 igitur
3281 3966 3464 4035 magni

1875 4049 2142 4118 ingenium
2182 4048 2312 4101 adeo
2354 4062 2573 4117 pravum
2616 4057 2665 4101 et
2715 4049 2854 4103 male
2893 4051 3183 4122 formatum
3226 4069 3460 4124 unquam

1877 4139 2062 4193 docere
2117 4141 2330 4208 poterit,
2381 4141 2466 4191 cui
2511 4140 2682 4194 crines
2732 4141 2836 4210 ipsi
2881 4142 3266 4205 ualcdixeruut.
3295 4149 3462 4200 stulto

1880 4234 2046 4302 capiti
2087 4233 2269 4287 nolens
2317 4232 2544 4302 amplius
2601 4233 2790 4290 inesse.
2840 4233 2928 4289 Ita
2975 4245 3073 4302 est,
3123 4237 3333 4306 inquit;
3365 4240 3458 4293 sed

1875 4329 2142 4390 ludebam,
2182 4344 2287 4381 non
2316 4326 2710 4382 calumniabar.
2746 4327 2910 4382 Ludit
2945 4345 3063 4384 vero
3099 4333 3266 4385 etiam
3297 4350 3460 4390 senes

1871 4421 2113 4490 quidam,
2157 4421 2269 4474 sine
2310 4420 2528 4484 invidia,
2577 4435 2607 4473 ο
2634 4418 2786 4484 bone,
2818 4429 2868 4475 et
2912 4423 3121 4488 paucis.
3171 4420 3247 4477 Tu
3277 4435 3457 4480 autem

1874 4517 2003 4569 scite
2051 4524 2099 4567 et
2141 4514 2432 4583 prudenter
2482 4514 2828 4582 respondisti.
2888 4512 3024 4580 Quis
3071 4525 3245 4569 autem
3275 4519 3455 4584 philo-

158 4614 348 4677 dicas,
403 4617 464 4660 tu
503 4605 592 4674 qui
635 4605 767 4658 nihil
796 4619 1014 4671 prorsus
1056 4604 1339 4659 didicisti?
1371 4604 1469 4659 Ubi
1504 4605 1772 4661 Maximus
1806 4619 1849 4674 ι)
1878 4605 2074 4676 sophus
2119 4607 2210 4658 tibi
2251 4614 2459 4673 reponet
2485 4605 2534 4672 γε
2557 4612 2650 4657 aut
2713 4606 2831 4675 quis
2888 4605 3191 4661 disserendo
3247 4609 3458 4664 clavum

161 4703 524 4761 doctissimus
549 4706 595 4750 te
613 4697 837 4752 erudivit
855 4699 882 4754 2
905 4697 998 4752 ubi
1022 4713 1244 4769 magnus
1265 4697 1497 4770 Cyrillus
1523 4701 1771 4754 doctrina

163 4810 216 4855 te
243 4792 494 4853 imbuit?
532 4790 602 4842 Tu
634 4790 774 4844 enim
808 4793 1099 4844 maximam
1151 4794 1273 4846 vita:
1305 4804 1511 4860 partem
1557 4794 1770 4849 silentio

163 4888 463 4959 transigis,
501 4896 548 4938 et
574 4883 621 4938 si
655 4882 868 4955 quando
897 4902 954 4939 os
980 4885 1180 4953 aperis,
1201 4886 1567 4954 jactabundus
1595 4887 1771 4959 loque-

160 4991 267 5053 τῖε,
314 4991 376 5036 ιιι
434 4973 676 5031 Lucilius
718 4976 881 5044 fecit;
922 4991 980 5030 ut
1020 4975 1250 5032 Flaccus
1298 4982 1675 5048 grammaticus
1718 4982 1772 5034 in

164 5077 444 5149 loquendo
487 5086 652 5124 rauco
682 5081 891 5141 gutture
918 5071 1072 5125 verba
1103 5070 1426 5140 proferebat.
1471 5071 1548 5127 Tu
1593 5085 1770 5128 autent

164 5187 362 5231 revera
439 5163 604 5220 labiis
660 5173 845 5234 captus
901 5170 1057 5219 corde
1125 5182 1178 5218 es
1228 5167 1480 5235 pinguis;
1528 5179 1576 5220 te
1631 5170 1770 5221 enim

159 5274 347 5341 ipsum
393 5271 508 5316 non
551 5258 712 5326 nosti,
752 5266 803 5312 et
830 5259 1130 5327 proximum
1164 5259 1402 5327 ignoras.
1462 5258 1530 5315 In
1570 5259 1769 5314 exstasi

161 5365 392 5438 quidem
426 5371 488 5414 es
546 5365 624 5418 tu.
663 5371 766 5409 non
805 5369 925 5408 vero
958 5368 1022 5409 ea
1059 5369 1216 5424 quam
1258 5353 1484 5409 Dauides
1517 5356 1642 5409 olim
1676 5369 1771 5407 ea:-

160 5467 356 5531 pertus
385 5457 495 5506 est.
528 5446 711 5504 Omnis
741 5447 897 5501 homo
927 5446 1138 5516 impius,
1188 5455 1246 5500 tu
1277 5447 1430 5512 dicis,
1466 5458 1512 5501 et
1545 5450 1768 5516 teipsum

161 5549 320 5609 haud
349 5541 633 5615 cognitum
660 5543 843 5597 habes.
872 5541 979 5598 Sed
1012 5540 1374 5594 denominatio
1395 5541 1508 5606 ipsa
1537 5537 1770 5593 indolem

163 5661 326 5705 tuam
373 5644 631 5694 testatur.
674 5633 785 5690 Bar
816 5636 956 5690 enim
989 5650 1161 5704 grteco
1196 5649 1438 5688 sermone
1483 5632 1630 5704 ﬁlius
1667 5644 1768 5699 est,

161 5753 222 5799 αι
270 5735 392 5792 Βαι·
428 5725 598 5783 Iona.
638 5725 705 5780 Et
734 5728 846 5780 suis
879 5725 1088 5797 quidem
1121 5725 1443 5796 signiﬁcatio
1485 5724 1770 5793 manifesta

162 5843 281 5897 est;
309 5824 514 5899 porcus
549 5821 684 5874 enim
712 5820 851 5888 apud
877 5821 1122 5889 antiquos
1152 5820 1255 5873 isto
1283 5817 1532 5873 vocabulo
1563 5819 1770 5874 iudica-

167 5929 355 5983 batur.
400 5910 620 5970 Ilarum
673 5911 898 5966 duarum
931 5928 1110 5967 uocum
1151 5914 1438 5968 mixturam
1481 5911 1646 5980 faciat
1680 5915 1769 5975 qui

1874 4699 2021 4753 clauo
2054 4697 2355 4768 pepulerit.’
2391 4695 2494 4751 Sed
2531 4707 2579 4750 te
2620 4708 2786 4752 totam
2821 4698 3157 4766 parsemiam,
3194 4717 3298 4754 non
3330 4717 3456 4767 par—

1874 4802 1995 4859 tem,
2024 4793 2078 4846 in
2106 4801 2276 4845 mente
2307 4807 2500 4860 ponere
2535 4792 2772 4848 decebat.

1947 4884 2108 4940 Senes
2147 4882 2356 4954 quidem
2392 4883 2604 4948 ludunt,
2642 4885 2732 4939 sed
2776 4899 2894 4937 cum
2938 4885 3246 4953 prudentia.
3280 4887 3381 4954 Tu,
3427 4907 3457 4945 e

1875 4990 2081 5042 eontra,
2125 4994 2205 5032 res
2240 4979 2448 5030 divinas
2484 4991 2580 5045 pro
2623 4975 2856 5029 ludibrio
2892 4977 3083 5030 habere
3132 4995 3234 5031 non
3273 4979 3456 5033 horre-

1872 5074 2000 5134 scis.
2023 5072 2160 5141 quod
2189 5073 2264 5126 rel
2291 5072 2519 5142 referens
2542 5087 2635 5142 ego
2658 5071 2942 5128 horresco?
2962 5071 3035 5126 Tu
3059 5073 3224 5136 ludis,
3255 5076 3453 5129 ccelesti

1872 5183 1964 5235 spe
2004 5165 2266 5220 Trinitate
2314 5181 2430 5236 quae
2472 5167 2586 5218 sine
2634 5166 2892 5234 principio
2925 5174 3024 5230 est,
3077 5183 3158 5221 me
3206 5169 3448 5235 priuans,

1873 5259 2102 5314 salutem
2137 5257 2263 5312 mihi
2295 5256 2542 5327 eripiens.
2578 5253 2656 5309 Tu
2688 5256 2874 5310 ludum
2903 5259 3144 5328 appellas
3195 5272 3451 5330 strangu-

1875 5351 1980 5404 lari
2012 5363 2059 5405 et
2107 5352 2246 5420 ferro
2294 5353 2556 5415 occidere;
2587 5351 2777 5420 quodsi
2817 5351 2914 5404 hoc
2945 5350 3126 5406 ludere
3167 5362 3267 5420 est,
3303 5355 3359 5408 in
3401 5363 3451 5409 te

1873 5445 1974 5498 iste
2026 5445 2184 5497 ludus
2236 5443 2417 5507 cadat,
2470 5452 2527 5496 ut
2552 5444 2728 5497 discas
2762 5458 2815 5496 re
2854 5445 2994 5512 ipsa,
3024 5445 3150 5512 quid
3179 5447 3280 5500 sibi
3326 5447 3447 5502 velit

1874 5535 2055 5590 ludere
2088 5548 2136 5588 et
2174 5534 2522 5589 calumniari.
2575 5535 2666 5599 At,
2723 5535 2916 5602 inquit,
2949 5535 3141 5591 Chium
3188 5539 3362 5595 vinum
3393 5551 3445 5598 te

1873 5629 2184 5683 insolentem
2243 5625 2388 5695 fecit,
2438 5623 2580 5695 quod
2631 5625 2838 5688 copiose
2893 5636 3163 5695 sumptum
3230 5630 3298 5683 ad
3352 5632 3449 5685 tibi

1872 5723 2206 5777 irridendum
2242 5733 2321 5772 me
2369 5716 2564 5789 adegit.
2601 5714 2787 5789 Legem
2845 5721 2986 5774 nosti
3027 5723 3448 5791 propinatorum,

1873 5830 1988 5885 qua:
2017 5810 2368 5880 capacissima
2417 5810 2605 5863 amicis
2652 5810 2846 5879 pocula
2892 5813 3090 5880 oﬂ'ert.’
3134 5813 3278 5870 Novi
3325 5831 3452 5869 sane

1873 5908 2006 5960 hanc
2039 5908 2224 5974 legem.
2268 5902 2370 5961 Sed
2415 5913 2467 5957 tu
2498 5903 2672 5971 potius
2719 5902 2785 5957 ad
2817 5905 3109 5960 convivium
3136 5907 3358 5970 accede;
3397 5905 3453 5958 in
