4010 6336
185 356 245 415 '43
1417 367 1750 430 EPITOME
1787 371 2183 433 CANONUM.
3350 368 3418 434 14
3498 388 3515 395 '

1785 481 1837 541 Α
1934 479 2137 550 Synodi
2162 478 2590 551 Carthaginians.
2619 494 2789 536 canon
2822 481 2908 536 41.

251 467 484 521 Συνόδου
518 470 874 543 Καρθεγένης
904 475 1084 527 κανὼν
1111 472 1220 544 μα’.

249 558 488 611 Συνόδου
539 559 594 625 ς’
636 563 816 615 κανὼν
852 565 956 630 κθ’,
1004 566 1229 619 καὶτοῦ
1279 568 1434 635 ἁγίου
1489 569 1758 639 Τιμοθέου

184 644 364 699 κανὼν
396 645 488 708 ιζ’.

255 737 371 789 Καὶ
412 740 642 807 νομικὸν
669 745 965 812 κεφάλαιον
993 745 1057 800 θ’.

248 823 323 895 η’.
354 826 482 880 ὐτι
514 830 595 882 δεῖ
620 834 678 884 ἐν
702 837 820 897 ταῖς
843 838 1127 901 συνάξεσιν
1160 840 1468 907 Εὑαγγέλια
1494 844 1632 917 μετᾲ
1669 846 1762 897 καὶ

186 917 396 987 ἐτέρων
439 922 675 992 Γραιρῶν
723 928 1225 996 ἀναγινώσκεσθαι,
1279 936 1376 991 καὶ
1421 936 1670 1007 ψαλμοὺς
1706 938 1790 990 es.

184 1009 351 1078 ᾄδειν,
388 1015 483 1066 καὶ
517 1015 605 1068 διὰ
634 1018 806 1085 μέσου
834 1019 1083 1087 γίνεσθαι
1119 1012 1496 1089 ἀναῆνώσειῳ
1532 1026 1628 1080 καὶ
1666 1028 1764 1101 τὴν

184 1100 355 1171 αὐτὴν
391 1104 449 1155 δὲ
475 1103 825 1177 λειτουργίαν
852 1112 1087 1165 πάντοτε
1120 1117 1317 1167 ποιεῖν.

250 1191 486 1248 Συνὸδου
519 1198 847 1265 Λαοδικείας
878 1202 1059 1257 κανὼν
1084 1203 1284 1270 ς’,ιιξ’,
1319 1206 1410 1278 ιη’,
1447 1210 1536 1263 ιθ’.

261 1288 505 1343 Συνόδου
543 1292 911 1363 Καρθαγένης
930 1294 1111 1348 κανὼν
1148 1295 1253 1367 ργ’.

255 1381 539 1434 θ¹.”οτιού
562 1382 644 1434 δεῖ
672 1383 730 1437 ἐν
758 1383 1183 1459 Τεσσαρακοστῇ
1216 1388 1382 1458 ἄρτον
1409 1395 1764 1465 προσφέρειν,

183 1474 303 1525 οὔτε
328 1472 387 1524 δὲ
415 1474 717 1544 μαρτύρων
754 1476 977 1545 μνήμας
1015 1480 1311 1549 ἐπιτελεῖν,
1346 1483 1397 1535 εί
1435 1483 1512 1554 μὴ
1542 1486 1601 1537 ἐν
1625 1485 1766 1540 Σαδ-

182 1568 331 1637 ϐάτῳ
380 1568 479 1619 καὶ
532 1568 786 1638 Κυριακῇ
840 1569 1041 1637 μόνον·
1104 1572 1199 1625 καὶ
1253 1574 1355 1643 τὴν
1412 1576 1612 1647 ἑορτὴν
1670 1577 1765 1631 τοῦ

182 1658 624 1727 Εὑαγγελισμοῦ.
668 1658 798 1721 ΪΕπὶ
844 1659 902 1712 δὲ
940 1660 1066 1722 ταῖς
1107 1659 1328 1728 λοιπαῖς
1371 1666 1613 1737 ἡμέραις
1665 1670 1765 1740 τῆς

148 1750 343 1829 ,ἁγίας
373 1751 859 1821 Τεσσαρακοστῆς,
906 1753 1140 1821 γινέσθω
1178 1757 1213 1825 ἡ
1262 1755 1382 1811 θεία
1436 1757 1546 1811 τῶν
1591 1774 1764 1833 προη-

181 1836 508 1905 γιασμένων
540 1837 790 1911 λειτουργ
805 1842 880 1896 ία.

248 1926 482 1980 Συνόδου
516 1929 837 1995 Λαοδικείας
879 1932 1063 1989 κανὼν
1094 1943 1186 2004 μα’
1212 1939 1311 1992 καὶ
1341 1946 1443 2008 ναν,
1474 1942 1569 1996 καὶ
1605 1942 1761 1997 συνό-

183 2016 273 2069 δου
303 2014 359 2081 ς’
391 2020 573 2072 κανὼν
608 2019 675 2089 β’.

256 2106 310 2159 ι’.
340 2107 470 2161 Ὅτι
503 2110 564 2161 οὐ
594 2110 676 2164 δεῖ
720 2128 843 2167 τινα
872 2115 982 2168 τῶν
1023 2117 1233 2173 πιστῶν
1281 2120 1761 2194 ἀπολιμπάνεσθαι

186 2199 293 2248 τῶν
318 2196 483 2254 θείων
505 2203 779 2268 συνάξεων
805 2223 817 2237 ·
851 2210 899 2259 εἰ
932 2208 1042 2279 γὰρ
1080 2210 1385 2285 ἀπολειφθῇ
1417 2218 1474 2267 ἐν
1500 2218 1761 2288 ἑϐδομάσι

188 2294 386 2359 τρισὶν,
443 2296 493 2346 εἰ
524 2297 624 2364 μὲν
669 2298 966 2368 ίερωμένος
992 2303 1133 2368 ἐστὶ,
1169 2304 1545 2378 καθαιρείσθω
1569 2327 1583 2341 ⁸
1626 2313 1762 2366 εἰδὲ

186 2382 399 2449 mer
428 2387 795 2457 ἁφοριζέσθω.

256 2477 482 2531 Συνόόου
516 2479 567 2543 ς’
598 2483 776 2536 κανὼν
815 2482 890 2540 π’.

260 2568 354 2625 ια’.
398 2572 524 2624 Ὀτι
553 2575 613 2626 οὐ
639 2574 723 2627 δεῖ
752 2576 1015 2647 κληρικδν
1037 2581 1103 2649 ἐν,
1124 2581 1221 2635 δύο
1247 2583 1455 2638 πόλεων
1487 2591 1758 2642 κατατάτ-

186 2662 377 2713 τεσθαι
431 2664 768 2734 ἐκκλησίαις,
804 2668 944 2723 ἀλλὰ
987 2671 1279 2741 ἀρκεῖσθαι
1319 2676 1460 2728 κατὰ
1503 2678 1596 2729 τὸν
1653 2680 1762 2731 τῶν

188 2754 431 2808 κανόνων
476 2758 603 2826 ὅρον
645 2762 712 2828 τῇ
768 2762 868 2831 μιᾷ
893 2777 909 2792 ο
964 2763 1063 2828 τῆς
1115 2763 1173 2816 δὲ
1201 2765 1396 2834 ἐτέρας
1428 2767 1763 2835 ἀφίστασθαι

190 2840 433 2909 πάντως,
478 2849 601 2900 ἐπεὶ
635 2851 1112 2921 καθαιρεῖται·.ἐν
1145 2854 1202 2907 δὲ
1240 2857 1353 2917 τοῖς
1409 2856 1515 2920 ἔξω
1555 2858 1762 2923 πόλεως

188 2933 433 3001 χωρίοις,
473 2934 561 2987 διὰ
601 2935 698 3007 τὴν
738 2938 979 3008 ἔλλειψιν
1013 2940 1122 2993 τῶν
1155 2941 1459 3011 ἀνθρώπων
1494 2961 1759 3017 παραχω-

187 3025 354 3091 ρείῖω
386 3025 496 3096 [τον.
532 3029 998 3103 παραχωρείσθω]
1023 3031 1202 3087 τοῦτο.
1681 3074 1687 3081 -

261 3120 494 3172 Συνόδου
545 3122 884 3193 Καλχηδόνος
920 3124 1103 3179 κανὼν
1138 3123 1170 3178 ι’
1194 3128 1285 3180 καὶ
1315 3127 1385 3193 κ’,
1412 3133 1507 3182 καὶ
1536 3132 1755 3187 συνόδου

188 3210 233 3271 ζ’
268 3210 454 3263 κανὼν
497 3218 575 3266 ιε’.
1584 3283 1602 3299 Ι

258 3300 351 3370 ιβ’.
386 3304 595 3358 Ὄτιοὺ
638 3305 720 3359 δεῖ
749 3308 805 3362 ἐν
840 3308 920 3377 τῷ
961 3310 1241 3383 Τρισαγίῳ
1280 3314 1434 3384 ὕμνῳ
1466 3318 1760 3386 προστιθέ-

185 3408 276 3445 vat.
318 3393 400 3458 τὸ,
439 3391 501 3447 '0
544 3400 906 3465 σταυρωθεὶς
951 3399 1027 3455 δι’
1077 3401 1262 3471 ἡμᾶς·
1317 3406 1611 3475 αίρετικῶν
1651 3410 1760 3479 γάρ

186 3486 338 3537 ἐστιν
388 3488 424 3556 ἡ
484 3487 709 3560 τοιαύτη
766 3492 944 3563 φωνή.
980 3491 1138 3546 Ἐπεὶ
1202 3494 1250 3545 εἰ
1304 3495 1402 3565 μὲν
1466 3498 1761 3568 ίερωμένος

184 3574 336 3629 ἔστὶν
387 3581 416 3633 ὁ
451 3578 614 3633 τοῦτο
654 3581 853 3649 λέγων,
906 3581 1317 3655 καθαιρείσθωο
1353 3588 1401 3641 εί
1433 3587 1491 3641 δὲ
1547 3589 1755 3659 λαῖκδς,

182 3669 561 3738 αφριζέσθω.
591 3669 596 3677 ’
661 3676 665 3681 ’

252 3767 483 3820 Συνόδου
510 3766 567 3830 ς’
593 3768 774 3823 κανὼν
798 3776 911 3827 παέ.

253 3853 347 3924 ιγ’.
382 3858 509 3910 Ὀτι
562 3860 643 3912 δεῖ
687 3861 885 3928 μόνους
921 3864 1049 3926 τοὺς
1102 3862 1266 3933 ἱερεῖς
1315 3864 1548 3919 εἰσιέναι
1581 3867 1660 3929 είς
1690 3868 1753 3920 τὸ

180 3947 343 4015 ἄτιον
390 3949 802 4023 θυσιαστήριον,
843 3955 936 4006 καὶ
989 3953 1470 4024 μεταλαμϐάνειν·
1521 3956 1617 4009 καὶ
1669 3957 1751 4009 δτι

176 4044 293 4102 τοῖς
329 4041 545 4111 σώμασι
600 4046 710 4097 τῶν
752 4045 1195 4116 τελευτησάντων
1237 4047 1491 4101 κοινωνία
1521 4048 1582 4101 οὐ
1615 4048 1751 4103 δίδο-

176 4148 291 4185 ται.
820 4150 822 4152 ⁷

252 4226 484 4279 Συνόδου
509 4227 831 4292 Λαοδικείας
856 4227 1037 4282 κανὼν
1067 4229 1152 4284 ιθ’.
1192 4274 1195 4275 ν

248 4318 622 4389 Καρθαγένης
653 4317 745 4389 ιη’,
788 4322 883 4373 καὶ
918 4321 1136 4374 συνόδου
1172 4319 1226 4385 ς’
1261 4320 1441 4374 κανὼν
1473 4328 1586 4389 πγ¹.

1935 573 2133 644 Synodi
2173 574 2235 627 Vl
2277 590 2449 628 canon
2480 574 2569 641 39,
2594 582 2647 665 et
2691 578 2862 631 sancti
2915 575 3187 633 Timethci
3247 558 3421 633 canon

1868 666 1952 719 l7.
3253 672 3256 674 ’

1938 758 2004 812 Ει
2031 758 2160 828 legis
2187 771 2346 829 caput
2379 760 2431 816 9.

1937 854 1989 905 8.
2015 852 2072 907 lu
2097 857 2385 925 synaxibus
2411 872 2533 908 cum
2573 856 2693 911 aliis
2721 854 3015 924 Scripturis
3049 854 3269 925 legenda
3304 866 3422 927 esse

1864 941 2174 1012 Evangelia,
2207 956 2262 999 et
2300 946 2537 1016 psalmos
2581 948 2875 1013 canendus,
2932 945 3421 1028 lectionesqu'ejn-

1866 1033 2232 1104 terjiciendas,
2258 1046 2418 1106 atque
2450 1037 2587 1093 idem
2617 1038 2850 1093 otiiciutn
2886 1052 3101 1107 semper
3138 1036 3424 1093 celebrau-

1864 1123 2013 1178 dutn.
2156 1112 2165 1121 ’
2318 1158 2321 1163 ι

1938 1213 2139 1285 Synodi
2181 1218 2500 1275 Laodicena:
2527 1235 2700 1275 canon
2731 1220 2784 1285 6,
2810 1222 2894 1286 17,
2924 1220 3013 1289 18,
3041 1221 3128 1277 19.

1939 1307 2143 1379 Synodi
2174 1298 2640 1381 Carthaginiensis
2664 1328 2784 1367 can.
2814 1312 2935 1367 105.

1936 1402 1990 1456 9.
2023 1400 2137 1457 Non
2163 1411 2414 1471 oportere
2441 1403 2494 1457 in
2525 1402 2944 1474 Quadragesima
2988 1417 3181 1469 panem
3202 1401 3421 1468 oll'erre,

1869 1509 2042 1563 neque
2069 1503 2366 1565 martyrum
2400 1489 2944 1551 commemorationes
2993 1509 3271 1567 peragere,
3324 1495 3426 1551 nisi

1872 1586 1926 1639 in
1962 1586 2202 1642 Sabbato
2232 1597 2285 1641 et
2324 1587 2597 1644 ltoutinica
2630 1598 2837 1643 tantum
2881 1605 2896 1643 :
2966 1605 3030 1643 ac
3078 1589 3271 1645 festum
3316 1590 3427 1643 Atto

1869 1678 2241 1732 nuntiationis.
2273 1676 2329 1732 lu
2364 1679 2571 1734 ceteris
2606 1695 2737 1736 vero
2778 1681 2967 1737 diebus
3020 1690 3222 1737 sancta:
3285 1678 3429 1747 Qua-

1868 1769 2205 1837 dtagesimaa,
2234 1772 2472 1826 divinum
2516 1774 2719 1844 pridem
2773 1774 3233 1831 sanetilicatorum
3291 1775 3429 1831 cele-

1792 1830 1837 1911 β
1869 1830 2055 1912 bratur
2085 1830 2340 1914 cilicium.

1934 1946 2133 2019 Synodi
2165 1949 2485 2008 Laodiceam
2517 1967 2690 2009 canon
2721 1954 2782 2010 41
2816 1964 2871 2009 et
2904 1954 2995 2020 51,
3034 1964 3088 2012 et
3110 1954 3300 2027 synodi
3355 1956 3426 2012 Vl

1863 2052 2039 2093 canon
2071 2040 2126 2096 2.
2767 2075 2770 2078 ~

1941 2130 2028 2187 10.
2070 2132 2187 2207 Non
2220 2144 2470 2202 oportere
2494 2150 2815 2206 quemquam
2856 2136 3091 2192 ﬁdelium
3138 2153 3168 2192 a
3228 2136 3424 2192 divinis

1818 2288 1822 2297 ν
1861 2225 2158 2294 synaxibus
2195 2229 2384 2281 abesse
2424 2243 2438 2279 :
2471 2228 2515 2280 si
2557 2227 2700 2281 enim
2751 2242 2845 2296 per
2897 2238 3005 2282 tres
3060 2227 3425 2283 hebdomadas

1862 2331 1969 2369 non
2002 2315 2237 2383 intersit,
2259 2318 2520 2385 siquidem
2546 2318 2717 2380 sacris
2736 2320 2948 2376 deditus
2969 2320 3059 2386 sit,
3086 2321 3373 2389 deponatur
3406 2336 3421 2386 ;

1864 2407 2217 2470 laicus-vero.
2251 2411 2774 2469 excommunicetnr.

1935 2501 2133 2571 Synodi
2167 2500 2226 2553 Vl
2257 2517 2431 2557 canon
2452 2502 2542 2559 80.

1934 2593 2020 2647 11.
2082 2592 2195 2647 Νοη
2232 2606 2481 2662 oportere
2519 2594 2777 2650 clericum
2826 2596 2877 2648 in
2928 2595 3154 2650 duarum
3208 2595 3421 2651 urbium

1861 2680 2102 2736 ecclesiis
2136 2684 2394 2747 ordinari,
2425 2684 2518 2738 sed
2570 2699 2673 2738 una
2735 2692 3047 2739 contentum
3108 2699 3227 2740 esse
3262 2684 3422 2755 juxta

1861 2788 2124 2828 canonum
2158 2776 2543 2841 deﬁnitionem,
2570 2777 2638 2831 ab
2669 2776 2835 2831 altera
2892 2792 3017 2832 vero
3067 2778 3282 2846 penitus
3337 2791 3422 2832 re-

1859 2864 2088 2920 cedere:
2116 2866 2196 2918 sin
2226 2880 2373 2928 vero,
2402 2865 2711 2935 deponitur.
2733 2866 2792 2921 In
2820 2867 2953 2922 vicis
2982 2881 3108 2922 vero
3146 2869 3238 2938 qui
3295 2878 3422 2925 sunt

1860 2968 2010 3015 extra
2043 2962 2252 3026 urbem,
2276 2969 2493 3031 propter
2519 2965 2794 3019 hominum
2832 2964 3123 3035 delectum,
3152 2968 3253 3023 hoc
3285 2982 3420 3023 con-

1860 3053 2107 3107 cedatur.

1784 3171 1828 3229 c
1933 3138 2133 3211 Synodi
2156 3143 2613 3202 Calchedonensis
2643 3160 2813 3201 canon
2856 3147 2922 3204 10
2951 3114 3133 3217 etab,
3168 3158 3222 3207 et
3251 3166 3421 3239 syno-

1862 3233 1914 3287 di
1947 3232 2034 3288 Vll
2068 3250 2238 3289 canon
2264 3235 2354 3290 15.

1932 3323 2022 3379 12.
2059 3323 2305 3397 Trisagio
2322 3326 2526 3397 hymno
2550 3340 2654 3382 non
2687 3342 2807 3383 esse
2840 3330 3199 3401 adjiciendum
3235 3352 3249 3390 :
3280 3326 3419 3390 Cu-

1860 3413 2051 3481 ciﬁxus
2073 3425 2286 3484 propter
2314 3432 2410 3469 nos
2427 3433 2447 3482 ;
2465 3415 2842 3474 haereticorum
2870 3424 3013 3477 enim
3044 3433 3128 3479 est
3150 3424 3417 3495 ejusmodi

1860 3520 1986 3560 vox.
2015 3505 2290 3574 Siquidem
2318 3506 2461 3561 enim
2490 3508 2663 3583 sacris
2693 3511 2937 3567 addictus
2961 3512 3031 3567 sit
3053 3514 3144 3582 qui
3176 3515 3278 3571 hoc
3331 3516 3416 3572 dl-

1862 3598 1954 3663 cit,
1981 3599 2311 3667 deponatur;
2332 3597 2513 3656 laicus
2550 3615 2701 3666 vero,
2724 3602 3242 3659 excommunicetur.

1926 3785 2127 3856 Synodi
2157 3786 2225 3842 Vl
2253 3804 2425 3845 canon
2451 3791 2540 3846 81.

1926 3875 2017 3931 15.
2050 3876 2313 3946 Oportere
2342 3880 2486 3935 solos
2516 3881 2829 3937 sacerdotes
2857 3887 2921 3939 ad
2945 3896 3188 3943 sanctum
3238 3890 3408 3949 altare

1853 3967 2109 4033 accedere
2136 3976 2191 4021 et
2216 3971 2618 4024 communicare
2649 3987 2664 4025 :
2694 3987 2758 4026 ac
2786 3971 3160 4033 defunctorum
3221 3995 3409 4053 corpo-

1853 4055 2002 4111 ribus
2042 4072 2146 4111 non
2169 4072 2289 4113 esse
2309 4059 2536 4115 dandam
2567 4065 3024 4123 communionem.
3398 4064 3399 4067 “

1921 4228 2118 4300 Synodi
2157 4230 2470 4287 Laodicena:
2493 4249 2662 4290 canon
2692 4237 2777 4292 l9.

1924 4322 2126 4392 Synodi
2162 4322 2626 4394 Carthaginiensis
2655 4330 2741 4397 18,
2776 4341 2830 4385 et
2871 4337 3059 4413 synodi
3108 4337 3174 4393 VI
3230 4357 3401 4400 canon

1849 4411 1935 4466 85.

254 4498 345 4551 ιδ’.
370 4496 491 4549 Ὅτι
515 4496 578 4549 οὐ
608 4497 688 4552 δεῖ
714 4514 836 4551 τινα
857 4497 968 4551 τῶν
1005 4497 1210 4552 λαῖκῶν
1241 4500 1419 4569 ἑαυτῷ
1452 4499 1561 4551 τῶν
1589 4499 1749 4553 θείων

1925 4504 2011 4557 14.
2043 4502 2159 4560 Non
2188 4519 2442 4573 oportere
2465 4523 2793 4582 quemquam
2818 4513 3074 4572 laicorum
3099 4520 3197 4575 sibi
3222 4524 3399 4581 divina

186 4590 504 4659 μυστηρίων
574 4590 920 4660 μεταδιδόναι
981 4592 1251 4661 παρόντος
1323 4592 1647 4656 ἐπισκόπου,
1710 4591 1743 4661 ἢ

186 4683 579 4752 πρεσϐυτέρου,
622 4683 658 4751 ἢ
684 4683 972 4736 διακόνουο
1003 4684 1099 4737 καὶ
1137 4685 1219 4737 ὅτι
1259 4685 1310 4735 οἱ
1346 4684 1744 4753 μεταλαδόντες

182 4776 488 4845 ὀφείλουσιν
536 4777 615 4837 είς
656 4760 892 4846 σταυροῦ
945 4774 1114 4828 τύπον
1153 4775 1587 4846 σχηματίζεσθαι
1646 4775 1745 4837 τὰς

184 4868 404 4921 ἐαυτῶν.
426 4871 633 4940 χεῖρας,
668 4871 761 4922 καὶ
800 4867 944 4923 οὕτω
978 4868 1382 4940 προσέρχεσθαι
1413 4856 1525 4932 τοῖς
1581 4867 1744 4931 θείοις

187 4962 528 5033 μυστηρίοις.
889 4966 896 4975 “

249 5052 475 5106 Συνόδου
496 5052 550 5117 ς’
578 5052 758 5107 κανὼν
782 5059 862 5123 νηΙ
888 5051 986 5106 καὶ
1014 5050 1120 5123 ρα’.

253 5146 341 5200 ιε’.
366 5146 503 5199 Ὅτι·
526 5147 588 5198 οὐ
636 5145 719 5199 δεῖ
750 5145 1163 5214 διαπέμπεσθαι
1195 5145 1262 5197 τὰ
1292 5145 1423 5213 ἆγια
1462 5146 1547 5208 είς
1584 5144 1743 5212 λόγον

178 5238 438 5308 εὐλογιιῖιν
466 5240 579 5293 ἀπὸ
608 5237 894 5310 παροίκων
933 5238 1015 5300 είς
1061 5239 1360 5309 παροίκους
1381 5253 1396 5269 ο
1431 5237 1557 5290 οὔτε
1592 5237 1649 5289 δὲ
1682 5238 1742 5289 ἐν

177 5328 350 5390 οἴκοις
396 5328 644 5396 γίνεσθαι
688 5328 1010 5399 προσφορὰν
1053 5327 1220 5397 χωρὶς
1253 5326 1554 5395 ἐκκλησίας
1591 5324 1743 5396 παρὰ

177 5420 482 5475 ἐπισκόπου
506 5420 541 5492 ἢ
569 5419 965 5494 πρεσϐυτέρου.

246 5514 484 5566 Συνόδου
512 5512 835 5574 Λαοδικείας
865 5510 1047 5565 κανὼν
1073 5510 1133 5562 ιδ’
1166 5510 1261 5563 καὶ
1287 5509 1389 5579 νη’.

243 5609 349 5671 ις’.
377 5605 499 5657 Ὅτι
525 5603 597 5669 οὐκ
614 5602 696 5654 δεῖ
720 5603 976 5655 ἀπαιτεῖν
1001 5600 1062 5653 τὸ
1091 5598 1300 5652 οίονοῡν
1321 5596 1460 5661 εἶδος
1495 5598 1602 5651 ἀπὸ
1631 5597 1741 5651 τῶν

172 5695 715 5765 μεταλαμῦανόντων
746 5692 841 5747 τοῦ
881 5692 1133 5762 σώματος
1168 5690 1262 5745 τοῦ
1308 5690 1576 5761 Χριστοῦ’
1620 5689 1743 5743 ἐπεὶ¹

168 5791 271 5844 x10
282 5789 586 5860 xtpofwtat.

1852 4606 2186 4649 sacramenta
2248 4596 2545 4667 impertire,
2618 4613 2885 4670 praesente
2960 4608 3227 4680 episcopo,
3308 4628 3401 4673 aut

1850 4683 2185 4751 presbytero,
2210 4696 2303 4739 aut
2330 4686 2578 4745 diacono.
2602 4689 2734 4744 Item
2788 4698 3251 4757 communicantes
3303 4705 3398 4760 de-

1848 4771 1979 4827 bere
2031 4774 2085 4827 in
2143 4775 2321 4829 crucis
2360 4776 2581 4846 ﬁgurant
2638 4795 2828 4836 manus
2872 4799 3001 4839 suas
3048 4803 3397 4862 componere,

1849 4863 2034 4934 sicque
2056 4865 2120 4918 ad
2145 4865 2323 4920 divina
2354 4877 2689 4923 sacramenta
2715 4872 2995 4932 accedere.

1919 5041 2126 5113 Synodi
2157 5040 2228 5097 Vl
2261 5058 2433 5099 canon
2460 5044 2529 5099 58
2560 5054 2612 5102 et
2641 5047 2763 5103 101.

1921 5136 2013 5190 15.
2039 5135 2153 5191 Non
2186 5148 2435 5205 oportere
2470 5150 2657 5194 sancta
2704 5139 3036 5211 eulogiarum
3104 5152 3317 5207 nomine
3363 5172 3389 5207 a

1845 5229 2079 5298 parmcis
2107 5230 2173 5285 ad
2197 5243 2443 5297 parmcos
2476 5233 2786 5299 transmitti,
2848 5250 3023 5306 neque
3074 5239 3127 5292 in
3168 5244 3391 5311 privatis

1845 5320 2051 5373 aedibus
2088 5318 2203 5373 ﬁeri
2248 5318 2544 5375 oblationes
2591 5321 2794 5392 absque
2844 5324 3095 5383 Ecclesia:
3142 5333 3395 5401 episcOpo

1844 5420 1938 5464 aut
1965 5409 2298 5479 presbytero.

1915 5502 2116 5571 Synodi
2149 5498 2466 5555 Laodiccnre
2491 5515 2662 5557 canon
2685 5503 2750 5557 M
2773 5515 2825 5559 et
2847 5506 2935 5561 58.

1916 5591 2000 5644 16.
2036 5591 2150 5645 Non
2175 5600 2422 5661 oportere
2450 5594 2893 5665 qualemcumque
2919 5600 3150 5669 speciem
3184 5607 3389 5658 nummi

1844 5686 2057 5754 exigere
2080 5684 2148 5736 ab
2180 5685 2260 5735 his
2295 5685 2387 5751 qui
2428 5700 2627 5754 corpus
2674 5686 2871 5744 Christi
2927 5702 3147 5747 sumunt
3187 5712 3201 5750 ι
3260 5696 3395 5751 alio-

1843 5779 1970 5849 quin
1994 5778 2351 5846 deponuntur.
