4010 6336
225 289 282 350 17
1462 287 1796 346 ΕΡΙΤΟᾸῘΕ

1904 285 2226 347 NONUM.
3393 289 3454 351 18

217 412 386 447 τυπον
429 394 834 465 διαϐαινούσης.
870 396 933 448 Εἰ
972 394 1027 448 δὲ
1053 412 1138 456 τις
1169 392 1403 462 κρύπτει
1445 393 1578 463 παρ’
1608 395 1790 464 ἐαυτῷ

1904 403 2078 449 autem
2105 393 2245 463 apud
2286 409 2344 448 se
2373 395 2641 449 οοιιιιιυιιι
2679 395 2838 448 habet
2872 396 3062 450 librum
3125 410 3310 452 mirum
3365 400 3459 466 qui

221 488 424 557 βιϐλίον
448 488 557 540 τῶν
584 488 978 557 είκονομάχων,
1009 487 1057 538 εί
1079 486 1178 555 μὲν
1206 484 1503 555 ἱερωμένος
1531 485 1669 550 ἐστὶ,
1689 503 1785 537 κα.

221 579 520 650 θαιρείσθω
538 595 552 610 ⁸
589 582 638 632 εί
659 581 717 632 δὲ
743 579 953 644 λαῖκδς,
982 577 1348 649 ἀφοριζέσθω.

284 671 518 723 Συνόδου
547 678 601 736 ς’
637 669 816 724 κανὼν
841 670 956 740 φιβ’.

283 761 519 815 Συνόδου
550 759 591 826 ξ’
626 759 810 815 κανὼν
844 759 910 826 ζ’,
937 761 1004 815 θ’.

286 859 394 911 κε’.
425 854 548 907 Ὀτι
578 854 641 907 οὐ
670 854 753 907 δεῖ
787 853 882 905 ἐπὶ
914 850 1008 905 τοῦ
1057 851 1290 920 ὲδάφους
1325 850 1566 924 σταυροῦ
1615 851 1788 905 τύπον

221 943 684 1008 κατασκευάζειν⁹
726 944 840 998 ἀλλ’
878 945 928 997 εί
953 945 1047 997 καὶ
1086 942 1364 1015 εὑρεθείη,
1405 944 1567 997 παντὶ
1603 944 1789 1014 τρόπῳ

218 1033 576 1101 ἀφανίζεσθαι
599 1033 795 1088 τοῦτον
814 1075 829 1102 ,
860 1033 1216 1105 ἀφορίζονται
1245 1034 1355 1105 γὰρ
1401 1036 1449 1087 oi
1488 1032 1647 1088 τοῦτο
1684 1049 1787 1087 κα-

219 1123 410 1192 ταδεχό
417 1140 586 1193 μενοι.
1355 1145 1358 1148 ’

289 1213 488 1268 Κανῶν
517 1223 596 1284 ογ¹
619 1215 836 1270 συνόδου
868 1215 942 1281 ς’.

285 1303 406 1368 καῖ’.
435 1305 560 1358 Ὀτι
603 1306 666 1358 οὐ
696 1305 779 1358 δεῖ
822 1307 951 1369 τοὺς
1001 1305 1230 1370 πιστοὺς
1275 1306 1382 1376 πρὸ
1415 1309 1517 1377 τῆς
1566 1306 1791 1378 ἐαρινῆς

223 1398 520 1469 ἰσημερίας
543 1399 605 1451 τὸ
631 1399 820 1468 Πάσχα
853 1400 1140 1453 ἐπιτελεῖν.
1161 1400 1223 1452 Οἱ
1243 1399 1351 1469 γὰρ
1381 1397 1540 1452 τοῦτο
1568 1397 1791 1454 ποιοῦν-

217 1479 327 1553 τες,
377 1491 432 1543 εί
466 1490 565 1560 μὲν
596 1491 886 1562 ίερωμένοι
923 1493 1050 1559 εἰσὶ,
1110 1490 1524 1562 καθαιροῦνται,
1553 1489 1648 1544 καὶ
1675 1490 1791 1542 ἀτι-

221 1580 526 1650 μάζονταιο
560 1584 607 1634 εί
632 1584 690 1636 δὲ
738 1583 917 1637 λαῖκοὶ
949 1582 1331 1654 ἀφορίζονται,
1377 1582 1472 1636 καὶ
1520 1581 1623 1653 τῆς
1661 1581 1790 1635 Ἐκ·-

219 1674 452 1741 κλησίας
485 1674 864 1730 ὲκδὰλλονται.

286 1764 414 1818 Τῶν
441 1765 616 1830 ἁγίων
641 1767 955 1820 ἀποστόλων
986 1765 1167 1819 κανὼν
1201 1765 1265 1829 ζ’.

288 1856 521 1908 Συνὸδου
569 1857 907 1926 Ἀντιοχείας
932 1856 1117 1911 κανὼν
1150 1856 1222 1911 α’.

291 1946 523 1999 Συνόδου
563 1947 927 2017 Καρθαγένης
953 1946 1136 2002 κανὼν
1163 1945 1260 2014 λδ’,
1301 1945 1382 2001 να⁹
1405 1945 1503 2000 καὶ
1524 1951 1624 2015 ογ’.

288 2034 394 2100 κζ’.
431 2039 549 2090 ’Ὁτι
577 2039 638 2091 οὐ
669 2040 752 2092 δεῖ
772 2057 891 2093 τινα
915 2039 1024 2093 τῶν
1060 2039 1268 2094 πιστῶν
1294 2043 1360 2111 τῇ
1393 2039 1657 2109 ἐπαύριον
1696 2037 1796 2108 τῆς

224 2128 460 2200 Χριστοῦ
491 2131 805 2202 Γεννήσεως
845 2132 1128 2203 Ἐπιλόχια
1155 2135 1222 2203 τῇ
1263 2131 1504 2203 παναγίᾳ
1550 2129 1798 2200 Θεοτόκῳ

222 2223 496 2276 ἐπιτελεῖν
515 2237 533 2254 ο
555 2223 847 2292 ἀλόχευτον
877 2221 986 2294 γὰρ
1003 2223 1096 2277 τδν
1120 2225 1184 2277 ἐκ
1213 2225 1313 2294 τῆς
1343 2221 1624 2292 Παρθένου
1652 2221 1798 2275 θεῖον

223 2313 384 2366 τόκον
402 2311 795 2384 ὁμολογοῦμεν.
825 2311 886 2367 '0
911 2313 969 2368 δὲ
996 2313 1155 2367 τοῦτο
1181 2313 1374 2379 ποιῶν,
1407 2314 1456 2366 εί
1497 2311 1598 2383 μιν
1634 2313 1797 2382 ἱερω-

229 2403 395 2472 μένος
443 2403 558 2457 ἐστὶ
586 2445 602 2471 ,
657 2403 1040 2477 καθαιρεῖταιο
1093 2405 1140 2457 εί
1191 2404 1250 2458 δὲ
1300 2403 1486 2467 λαῖκδς
1543 2402 1800 2473 ἀφορίζε-

223 2511 337 2550 ται.

298 2585 527 2639 Συνὸδου
560 2593 615 2651 ς’
645 2586 826 2642 κανὼν
851 2587 950 2642 οϐ’.

297 2685 410 2750 κη’.
445 2679 569 2732 Ὀτι
629 2679 712 2733 δεῖ
767 2678 1211 2750 ὲγκρατεύεσθαι
1252 2678 1648 2751 πρεσϐύτερον,
1698 2677 1797 2731 καὶ

224 2770 499 2834 διάκονον,
525 2773 622 2824 καὶ
654 2772 1013 2827 ύποδιάκονον
1041 2772 1152 2826 ἀπὸ
1181 2771 1292 2826 τῶν
1331 2769 1482 2826 ίδίων
1520 2769 1797 2839 γυναικῶν

225 2862 290 2914 ὲν
316 2865 440 2924 ταῖς
461 2862 704 2932 ἡμέραις
725 2863 834 2916 τῶν
867 2862 1227 2933 λειτουργιῶν
1259 2861 1439 2916 αὐτῶν
1458 2878 1472 2892 ·
1505 2863 1555 2915 oi
1586 2860 1694 2935 γὰρ
1722 2861 1796 2935 μὴ

222 2952 372 3006 οῦτω
421 2955 730 3022 ποιοῦντες,
784 2954 1199 3027 καθαιροῦνται.
1285 2955 1429 3017 Τοὺς
1477 2953 1536 3009 δὲ
1571 2953 1798 3018 λοιποὺς

223 3045 530 3116 κληρικοὺς
563 3048 626 3101 οὗ
662 3049 770 3119 χρὴ
799 3047 1212 3116 ἀναγκάζεσθαι
1232 3047 1319 3111 είς
1343 3047 1530 3102 τοῦτο.

296 3144 529 3197 Συνόδου
560 3145 924 3214 Καρθαγένης
950 3143 1131 3199 κανὼν
1157 3143 1233 3214 γ’,
1256 3145 1320 3212 δ’,
1354 3148 1434 3197 κε’
1462 3142 1558 3197 καὶ
1586 3141 1651 3210 ε’.

302 3235 535 3288 Συνόδου
562 3243 619 3300 ς’
647 3237 828 3290 κανὼν
862 3234 950 3305 ιγ’.

303 3325 408 3380 κθ’.
449 3326 571 3378 Ὀτι
600 3329 662 3379 οὐ
699 3327 782 3380 δεῖ
824 3328 884 3379 ὲν
929 3325 1181 3398 κυριακῷ
1228 3326 1440 3391 πόλεως
1467 3325 1798 3397 ἐπιχωρίους

223 3416 505 3487 πρεσϐυτὲ
515 3434 644 3488 ρους
670 3418 1027 3486 προσφέρειν.

300 3508 533 3561 Συνόδου
560 3508 997 3580 Νεοκαισαρείας
1030 3511 1216 3563 κανὼν
1249 3508 1340 3578 ιγ’.

207 3627 224 3642 -
300 3599 365 3652 λ’.
401 3599 527 3653 Ὀτι
551 3600 611 3652 οὐ
646 3601 728 3653 δεῖ
760 3602 1125 3670 καταφρονεῖν
1153 3600 1263 3654 τῶν
1305 3602 1368 3654 ὲκ
1398 3600 1636 3664 πίστεως
1659 3600 1797 3669 ἀγά-

221 3707 338 3754 πας
366 3692 691 3756 ποιούντων,
733 3693 828 3745 καὶ
879 3690 1301 3760 συγκαλούντων
1330 3692 1457 3755 τοὺς
1489 3692 1756 3761 ἀδελφούς
1783 3709 1797 3723 ·

228 3785 314 3854 μὴ
347 3787 531 3838 ποιεῖν
559 3786 615 3839 δὲ
637 3785 843 3849 ταύτας
874 3787 933 3838 ὲν
960 3785 1245 3855 ἐκκλησία,
1277 3786 1399 3838 ἐπεὶ
1422 3785 1798 3854 ἀφορίζονται’

227 3877 375 3946 μήτε
409 3877 467 3929 δὲ
503 3877 682 3945 αῐρειν
720 3877 862 3946 μέρη
894 3879 954 3930 ὲν
981 3878 1174 3939 αὑταῖς
1202 3892 1218 3906 ·
1245 3875 1341 3928 καὶ
1370 3878 1453 3928 ὅτι
1492 3877 1542 3928 oi
1583 3877 1802 3943 ἐξευτε-

221 3967 475 4032 λίζοντες
505 3968 732 4032 ταύτας,
756 3968 849 4020 καὶ
877 3968 951 4038 μὴ
983 3966 1366 4031 κοινωνοῦντες
1393 3969 1512 4032 ταῖς
1547 3968 1804 4039 κλήσεσιν

224 4059 566 4132 [adﬁxam],
601 4059 1116 4130 ἁναθεματίζονται.

306 4235 539 4288 Συνόδου
572 4236 844 4306 Γαγγρῶν
873 4234 1056 4289 κανὼν
1077 4234 1168 4291 ια’.

304 4327 529 4380 Συνόδου
558 4327 882 4387 Λαοδικείας
915 4323 1097 4377 κανὼν
1126 4322 1232 4391 κζ’,
1260 4321 1302 4378 ν’
1330 4327 1421 4378 καὶ
1448 4326 1556 4382 κη’.

314 4421 544 4474 Συνόδου
577 4419 946 4489 Καρθαγένης
982 4411 1096 4488 μ6’.

301 4512 531 4564 Συνόδου
566 4518 619 4574 ς’
650 4510 833 4563 κανὼν
859 4507 954 4564 οδ’.

301 4602 407 4656 λα’.
448 4603 569 4655 Ὀτι
623 4601 704 4653 δεῖ
746 4601 875 4663 τοὺς
927 4602 994 4671 τῇ
1039 4600 1310 4672 ἐκκλησίᾳ
1352 4599 1805 4672 προσφεύγοντας

224 4698 557 4767 ἐλευθέρους
576 4697 871 4766 τυγχάνειν
898 4711 914 4725 ⁸
939 4695 1277 4765 αἰτουμένων
1301 4696 1428 4765 περὶ
1460 4694 1671 4749 τούτων
1696 4695 1805 4748 τῶν

225 4792 332 4858 τῆς
360 4789 660 4858 ἐκκλησίας
685 4786 1022 4857 προσφύγων
1052 4787 1144 4840 καί
1166 4787 1519 4859 προεστῶτας
1543 4788 1804 4858 Χριστιαο

225 4879 566 4942 νικωτάτους
598 4879 859 4948 βασιλεῖς.

309 4969 533 5021 Συνόδου
570 4970 938 5040 Καρθαγένης
965 4971 1147 5025 κανὼν
1176 4970 1268 5036 ξδ’,
1308 4972 1411 5025 πδ’.

305 5060 408 5114 λε’.
445 5061 568 5114 ὀτι
596 5062 658 5115 οὐ
692 5063 774 5115 δεῖ
817 5062 1092 5131 διδάσκειν
1130 5063 1320 5116 hibe
1354 5063 1596 5134 δημοσία
1617 5105 1631 5131 ,
1680 5064 1804 5118 ἐπεὶ

228 5151 561 5222 ἀφορίζεται
611 5153 830 5224 ἡμέρας
872 5153 1243 5223 τεσαράκοντα
1285 5170 1299 5184 ·
1336 5154 1460 5207 οῦτε
1514 5155 1572 5207 δὲ
1625 5155 1806 5211 λαλεῖν

227 5247 472 5311 γυναῖκα
506 5247 565 5297 ὲν
597 5245 867 5316 ἐκκλησίᾳ
899 5261 913 5275 ο
941 5246 1062 5298 οὐδὲ
1099 5247 1525 5317 προσκαθῆσθαι
1556 5249 1614 5301 ὲν
1641 5249 1802 5320 αὐτῇ·

226 5333 370 5388 οὔτε
416 5337 494 5399 είς
546 5338 703 5405 ἆγιον
756 5338 1148 5410 θυσιαστήριον
1183 5339 1471 5404 εἰσελθεῖν,
1522 5340 1677 5404 ἐκτὸς
1710 5341 1802 5396 τεῦ

229 5424 506 5492 βασιλέως
553 5424 842 5494 μέλλοντος
890 5425 1161 5494 προσάξαι
1207 5425 1354 5497 δῶρα
1394 5424 1551 5498 Θεῷ·
1580 5427 1702 5483 οὔτε
1746 5431 1804 5485 δὲ
1854 5451 1860 5458 ’

223 5519 384 5580 λιτὰς
417 5519 604 5584 ἔξεστι
639 5521 816 5571 ποιεῖν
847 5517 1078 5584 λαῖκοῖς.

304 5608 534 5661 Συνόδου
567 5609 893 5672 Λαοδικείας
931 5609 1115 5663 κανὼν
1150 5610 1241 5676 ια’,
1275 5611 1375 5681 μδ’.

307 5699 540 5752 Συνόδου
575 5707 628 5764 ς’
667 5698 851 5757 κανὼν
880 5699 972 5769 ξδ’,
1011 5699 1084 5766 ξθ’
1114 5709 1206 5756 καὶ
1231 5701 1294 5758 0'.

1898 489 2164 557 imagines
2209 496 2536 556 oppugnant,
2588 488 2633 543 si
2687 489 2900 557 quidem
2959 489 3130 544 sacris
3186 499 3459 559 operetur,

1897 580 2199 648 deponatur
2230 598 2243 634 :
2279 580 2324 635 si
2353 595 2480 636 vero
2509 580 2674 634 laims
2701 584 2790 647 sil,
2823 592 3157 652 segregelur.

1970 670 2173 741 Synodl
2198 669 2265 725 Vi
2296 687 2466 726 canon
2496 671 2584 725 83.

1968 765 2169 834 Synodi
2195 763 2287 817 Vll
2313 779 2482 818 canon
2518 766 2572 829 7,
2603 764 2654 819 9.

1963 857 2054 911 25.
2088 858 2277 911 Crucis
2307 857 2528 926 figuram
2571 872 2732 926 super
2771 856 2943 910 solum
2999 869 3101 908 non
3151 868 3272 909 esse
3311 853 3462 910 efﬁn-

1897 949 2147 1020 gendam,
2185 966 2369 1004 verum
2405 959 2459 1005 et
2503 951 2548 1005 si
2589 949 2906 1017 reperiatur.
2933 948 3077 1006 omni
3103 948 3261 1004 modo
3292 948 3460 1017 ipsam

1896 1050 2016 1091 esse
2046 1037 2368 1092 abolendam
2405 1055 2421 1093 :
2455 1039 2547 1108 qui
2577 1039 2719 1094 enim
2743 1038 2848 1092 hoc
2903 1037 3191 1108 recipiunt,
3247 1051 3463 1092 excomo

1901 1129 2260 1184 municantur.

1970 1220 2171 1292 Synodi
2199 1221 2265 1277 Vl
2298 1238 2470 1278 canon
2495 1226 2586 1278 75.
2694 1221 2696 1224 ’

1971 1312 2062 1368 26.
2095 1313 2210 1368 Non
2240 1326 2494 1382 oportere
2551 1315 2734 1371 ﬁdeles
2773 1325 2896 1370 ante
2941 1330 3166 1372 vernum
3221 1314 3463 1386 aequino-

1898 1405 2063 1460 ctium
2093 1406 2298 1462 Pascha
2329 1407 2605 1464 celebrare
2657 1423 2671 1460 :
2706 1409 2796 1478 qui
2828 1409 2969 1464 enim
3015 1410 3116 1464 hoc
3146 1409 3368 1471 faciunt,
3417 1408 3464 1462 si

1899 1498 2112 1564 quidem
2145 1499 2318 1556 sacris
2337 1500 2536 1555 addicti
2566 1501 2693 1565 sint,
2728 1501 3091 1570 deponuntur,
3158 1514 3222 1555 ac
3281 1498 3464 1570 digni-

1902 1597 2012 1644 tate
2040 1590 2366 1658 privantur:
2401 1591 2447 1646 si
2492 1605 2624 1647 vero
2671 1591 2811 1656 laici,
2876 1599 3248 1662 segregantur,
3303 1598 3465 1659 atque

1899 1677 2128 1732 ecclesia
2149 1678 2460 1748 ejiciuntur.

1826 1755 1871 1810 Β
1971 1765 2293 1823 Sanctorum
2325 1770 2693 1840 apostolorum
2720 1783 2894 1824 canon
2935 1771 2991 1825 7.

1968 1857 2170 1929 Synodi
2199 1861 2546 1916 Antiocheam
2581 1876 2755 1918 canon
2784 1863 2836 1917 l.

1966 1949 2170 2021 Synodi
2200 1949 2664 2021 Carthaginiensis
2691 1967 2863 2007 canon
2897 1951 2990 2015 54.
3019 1951 3082 2006 51
3118 1959 3172 2006 et
3204 1952 3293 2007 ³15.

1963 2038 2055 2095 ‘27.
2080 2038 2193 2094 Non
2226 2047 2476 2109 oportere
2529 2055 2859 2110 quemquam
2923 2040 3156 2096 fidelium
3207 2042 3464 2110 postridie

1894 2131 2105 2188 ChriSti
2140 2129 2450 2188 Nativitatis
2473 2130 2909 2187 Purificationem
2946 2134 3310 2188 sanctissimae
3341 2134 3465 2189 Dei-

1895 2237 2039 2293 para:
2093 2223 2391 2280 celebrare.
2456 2223 2701 2279 Divinum
2757 2225 2902 2278 enim
2958 2223 3199 2295 Virginis
3252 2235 3464 2295 partum

1898 2323 2376 2383 purgamentorum
2409 2322 2686 2383 expertem
2735 2312 3075 2367 conﬁtemur.
3138 2313 3236 2381 Qui
3287 2324 3463 2368 autem

1895 2403 1998 2457 hoc
2026 2402 2176 2465 facit.
2201 2402 2466 2473 siquidem
2495 2417 2652 2458 sacro
2689 2417 2914 2458 munere
2955 2402 3235 2475 fungatur.
3296 2406 3467 2474 depo-

1897 2493 2082 2560 nitur;
2120 2493 2290 2549 laicus
2319 2508 2449 2550 vero
2478 2505 2817 2565 segregatur.

1979 2581 2183 2652 Synodi
2210 2581 2280 2636 Vl
2305 2595 2478 2636 canon
2510 2581 2599 2636 79.

1966 2665 2352 2744 28.090rtere
2406 2675 2798 2746 presbyterum,
2881 2675 3166 2731 diaconum
3226 2684 3281 2731 et
3338 2675 3464 2732 sub-

1899 2766 2187 2822 diaconum
2217 2766 2282 2821 iis
2315 2765 2507 2822 diebus
2532 2767 2728 2837 quibus
2769 2765 2960 2822 ciliciis
2995 2767 3108 2823 suis
3146 2766 3486 2837 funguntur,-

1897 2858 1967 2913 ab
1997 2857 2257 2915 uxoribus
2305 2859 2419 2914 suis
2464 2873 2524 2914 se
2554 2859 2836 2914 continere
2869 2875 2881 2912 :
2916 2859 3008 2929 qui
3041 2857 3184 2914 enim
3236 2874 3342 2914 non
3389 2859 3463 2914 ita

1901 2947 2128 3015 faciunt,
2165 2948 2515 3020 dejiciuntur.
2562 2949 2757 3005 Caeteri
2787 2963 2918 3005 vero
2963 2949 3147 3005 clerici
3193 2963 3301 3004 non
3341 2955 3468 3004 sunt

1822 3062 1867 3124 ο
1903 3040 1970 3096 ad
1995 3041 2098 3096 hoc
2126 3040 2371 3110 cogendi.
3139 3092 3142 3095 _

1974 3131 2178 3205 Synodi
2217 3133 2682 3205 Carthaginiensis
2713 3148 2884 3189 canon
2905 3134 2958 3200 5,
2991 3134 3045 3200 4,
3073 3133 3142 3189 23
3171 3140 3223 3190 et
3252 3133 3340 3189 60.

1971 3225 2175 3297 Synodi
2210 3226 2278 3280 Vl
2311 3242 2482 3282 canon
2505 3227 2592 3282 f3.
2795 3294 2810 3314 ι

1969 3319 2060 3374 29.
2091 3319 2207 3376 Non
2250 3329 2503 3389 oportere
2559 3318 2698 3373 ruris
2747 3319 3091 3389 presbyteros
3137 3321 3190 3375 in
3234 3321 3466 3378 ecclesia

1903 3411 2138 3466 civitatis
2165 3411 2380 3465 offerre.

1977 3501 2176 3572 Synodi
2209 3500 2660 3557 Neocaesariensis
2681 3515 2852 3555 canon
2880 3501 2970 3555 l3.

1971 3591 2063 3646 50.
2096 3593 2214 3647 Non
2243 3607 2363 3647 esse
2401 3594 2830 3649 contemnendos
2857 3605 2950 3647 eos
2981 3594 3071 3662 qui
3102 3608 3166 3647 ex
3201 3593 3302 3648 nde
3346 3608 3470 3662 aga-
3534 3592 3537 3595 ’

1903 3698 2000 3753 pas
2061 3683 2268 3738 faciunt
2326 3691 2383 3738 et
2443 3682 2638 3739 fratres
2698 3693 3016 3745 convocant,
3077 3698 3169 3737 eas
3223 3698 3353 3738 vero
3415 3685 3470 3738 in

1903 3774 2129 3828 ecclesia
2163 3789 2268 3829 non
2328 3788 2450 3829 csse
2497 3772 2804 3839 faciendas;
2857 3786 2978 3826 nam
3025 3772 3114 3841 qui
3171 3787 3326 3827 secus
3393 3771 3474 3824 fav

1904 3865 2075 3929 ciunt,
2096 3859 2637 3920 exco’mmunicantur
2658 3883 2671 3932 ;
2693 3879 2864 3934 neque
2886 3879 3016 3918 vero
3037 3872 3218 3931 partes
3254 3865 3307 3917 in
3340 3864 3472 3934 ipsis

1903 3971 2022 4013 esse
2045 3957 2329 4012 tollendas.
2359 3956 2462 4024 Qui
2497 3967 2677 4012 autem
2720 3959 2862 4027 ipsas
2888 3955 3267 4027 parvifaciunt,
3303 3973 3473 4027 neque

1905 4047 2278 4101 vocationibus
2334 4048 2416 4118 (F.
2448 4048 2830 4118 -fracti0nibus)
2871 4052 3292 4112 communicant,
3345 4065 3476 4101 ara-

1909 4139 2144 4192 lhr-mate
2175 4141 2571 4206 percutiuntur.

1980 4228 2182 4299 Synodi
2206 4230 2539 4300 Gangrensis
2563 4246 2732 4286 canon
2765 4231 2850 4286 Η.

1979 4323 2180 4392 Synodi
2212 4323 2533 4378 Laodicenze
2564 4339 2736 4378 canon
2773 4325 2864 4389 ‘27,
2902 4324 2968 4378 50
2995 4334 3047 4378 et
3074 4325 3165 4380 28.

1979 4409 2179 4481 Synodi
2209 4411 2618 4482 Carthaginens.
2666 4415 2837 4469 canon
2883 4413 2971 4467 42.

1982 4493 2191 4574 Synodi‘
2217 4503 2279 4557 Vl
2303 4520 2472 4559 canon
2500 4505 2588 4559 74.

1981 4609 2070 4662 51.
2104 4609 2369 4677 Oporlcre
2428 4625 2519 4663 eus
2573 4611 2661 4677 qui
2698 4611 2761 4662 ad
2817 4611 3104 4664 ecclesiam
3159 4613 3473 4681 confugiunt

1907 4699 2108 4753 liberos
2162 4716 2281 4753 esse
2327 4716 2493 4754 :cum
2542 4702 2776 4768 ipsorum
2837 4705 3078 4758 ecclesi:e
3127 4705 3470 4775 perfugarum

1908 4790 2009 4859 ipsi
2039 4791 2199 4844 etiam
2237 4790 2682 4846 Christianissimi
2740 4793 3095 4861 imperatores
3155 4795 3264 4849 sint
3293 4805 3472 4865 prote-

1909 4891 2108 4936 ctores.

1975 4970 2171 5041 Synodi
2201 4971 2553 5042 Carthagenze
2585 4988 2756 5026 canon
2788 4973 2855 5026 64
2876 4983 2928 5029 et
2961 4974 3050 5028 8i.

1982 5061 2068 5115 52.
2109 5060 2225 5116 Non
2257 5075 2510 5133 Oportere
2555 5065 2746 5118 laicum
2821 5067 3028 5133 publice
3077 5068 3292 5130 docere,
3337 5065 3474 5120 alio-

1909 5151 1999 5220 qui
2053 5153 2553 5207 excommunicatur
2598 5155 2787 5208 diebus
2848 5156 3242 5224 quadraginta;
3298 5171 3473 5224 neque

1909 5257 2040 5298 vero
2071 5243 2351 5297 mulierem
2392 5244 2443 5297 in
2478 5244 2705 5299 ecclesia
2751 5245 2918 5313 loqui,
2973 5261 3147 5315 neque
3182 5246 3472 5316 praesidere

1910 5333 1963 5388 in
1996 5347 2096 5398 ea;
2133 5351 2310 5404 neque
2345 5338 2411 5388 ad
2452 5345 2697 5389 sanctum
2751 5338 2921 5391 altare
2960 5339 3240 5404 accedere,
3281 5349 3473 5409 praeter

1910 5425 2296 5494 imperatorem
2334 5443 2556 5482 munera
2595 5428 2702 5482 Deo
2723 5432 3056 5487 oblaturum.
3091 5432 3274 5502 Neque
3303 5434 3468 5487 etiam

1907 5517 2063 5572 lalcis
2086 5517 2210 5573 licet
2240 5533 2426 5587 preces
2454 5519 2653 5572 facere.

1981 5608 2182 5681 Synodi
2215 5610 2531 5666 Laodiceam
2560 5628 2732 5667 canon
2771 5615 2854 5678 ll,
2888 5617 2977 5670 lii.

1981 5702 2184 5773 Synodi
2209 5701 2277 5758 Vl
2306 5719 2476 5761 canon
2510 5704 2599 5773 65,
2625 5705 2692 5760 69
2723 5715 2775 5760 et
2802 5707 2892 5760 70.
