4010 6336
625 297 698 361 εἰ
948 358 955 364 .
1134 299 1138 303 ·
1907 315 2610 381 ARSENIIMONACIII
2740 313 2814 389 _'
2992 308 3051 323 ”
3424 314 3433 321 '
3800 338 3878 400 ει

625 426 729 465 non
790 423 1052 479 meeplos,
1119 415 1254 469 citra
1313 429 1464 469 suam
1524 417 1764 489 culpam,
1799 420 2064 490 dignitate
2097 440 2192 477 sua

2300 428 2392 519 καὶ
2423 427 2499 498 μή
2528 429 2819 499 δεχθέντας
2849 433 2954 487 ύπδ
2981 435 3080 507 τῆς
3117 437 3255 503 ἰδίας
3292 445 3607 515 ¹τταροικῖας,
3626 447 3688 498 οὗ
3715 450 3875 519 παρᾶ

624 505 875 566 protero,
933 520 997 559 ac
1048 518 1245 561 munus
1296 522 1448 563 suum
1489 511 1679 577 obire,
1733 512 1905 568 donee
1954 514 2195 583 perfecta

626 595 865 663 synodus
897 598 961 648 de
993 597 1124 663 ipsis
1158 597 1404 677 statuerit
1432 616 1446 663 ;
1482 600 1687 655 clerum
1712 594 1717 599 ’
1741 616 1873 656 vero
1913 601 2031 673 ejus
2075 619 2197 674 qua:

626 700 731 738 non
760 688 1020 755 recc-perit
1051 690 1298 755 parmcire
1334 692 1824 747 escummunicari.

698 865 1018 920 Sunt-torum
1057 869 1422 933 apostolorum
1455 884 1629 925 canon
1661 871 1748 926 56.

697 958 896 1027 Synodi
930 960 1281 1015 Amici-home
1308 978 1482 1017 canon
1514 962 1601 1019 18.

697 1049 785 1103 44.
820 1048 1081 1118 Oportere
1128 1052 1290 1105 etiam
1341 1066 1405 1105 ex
1442 1054 1725 1109 'eunuchis
1761 1056 1815 1108 in
1857 1056 2003 1112 omni
2043 1069 2197 1111 sacro

626 1145 795 1214 gradu
849 1145 1122 1209 ordinari,
1173 1147 1216 1201 si
1286 1147 1482 1217 alioqui
1526 1148 1687 1218 ‘digni
1759 1152 1908 1213 sint,
1981 1161 2074 1205 aut
2129 1167 2198 1205 ex

631 1239 906 1291 hominum
934 1238 1129 1307 injuria
1163 1240 1241 1293 vel
1282 1241 1473 1295 morbo
1527 1242 1706 1297 virilia
1755 1242 2058 1307 amiserint,
2110 1241 2195 1297 vel

629 1333 673 1385 si
713 1331 853 1384 forte
891 1334 966 1385 sic
998 1331 1105 1384 nati
1138 1332 1262 1389 sint.
1294 1329 1495 1402 Si’quis
1542 1341 1721 1387 autem
1753 1334 1984 1407 prepria
2006 1327 2224 1389 volnn-'

630 1432 741 1478 tate
789 1434 1037 1477 exsertus
1063 1423 1243 1488 fuerit,
1279 1425 1329 1477 in
1366 1427 1568 1479 clerum
1614 1440 1839 1494 prorsus
1871 1440 1975 1480 non
2013 1427 2200 1481 admit-

630 1515 783 1577 titur,
845 1525 903 1569 ttt
947 1516 1036 1581 qui
1092 1515 1200 1570 sibi
1235 1517 1350 1583 ipse
1391 1531 1583 1571 manus
1620 1518 1886 1573 violentas
1930 1518 2193 1573 attulerit.

520 1624 529 1634 ’
629 1607 767 1674 Qum
802 1609 967 1661 etiam
1002 1609 1090 1678 qui
1144 1622 1309 1663 sanos
1359 1620 1625 1675 castraut,
1694 1610 1977 1663 homicida!
2028 1617 2191 1663 sunt:

630 1706 791 1763 atque
820 1697 1039 1760 idcirco,
1087 1697 1131 1750 si
1172 1698 1388 1767 quidem
1416 1699 1587 1752 sacris
1623 1697 1816 1752 initiati
1850 1699 1978 1765 sint,
2031 1698 2196 1769 depo-

630 1800 863 1855 nuntur;
892 1790 933 1843 si
971 1804 1099 1845 vero
1121 1789 1266 1855 laici,
1297 1798 1647 1860 segregantur
1667 1803 1761 1859 per
1793 1801 1903 1853 tres
1930 1805 2122 1849 annos.

701 1966 1021 2022 Sanctorum
1049 1968 1413 2036 apostolorum
1439 1983 1613 2022 canon
1638 1968 1730 2033 21,
1754 1968 1827 2021 22
1851 1977 1905 2025 et
1929 1968 2035 2030 25..

700 2056 903 2128 Synodi
945 2056 1173 2113 Nicaeum
1204 2075 1376 2113 canon
1404 2059 1453 2113 l.

702 2149 906 2227 Syttodi
938 2154 990 2208 in
1022 2152 1221 2221 templo
1264 2153 1591 2206 Sanctorum
1623 2152 2005 2221 Apostolorum
2057 2171 2199 2212 ce.e-

629 2244 799 2299 breue
830 2245 887 2298 8.

701 2334 790 2391 45.
821 2334 960 2390 Eum
1010 2337 1101 2407 qui
1156 2339 1350 2407 dignus
1413 2340 1486 2396 sil.
1536 2340 1602 2393 ad
1659 2339 2024 2406 episcopatum
2076 2351 2199 2392 esse

636 2428 1081 2493 promerendum,
1120 2427 1243 2484 licet
1275 2430 1447 2485 altero
1487 2431 1646 2490 oculo
1679 2429 1749 2484 sit
1806 2430 2070 2498 privatus,
2111 2429 2196 2483 vel

631 2531 794 2573 crure
813 2519 1039 2587 debilis;
1072 2523 1116 2576 si
1144 2536 1271 2577 vero
1307 2523 1503 2579 surdus
1528 2522 1600 2579 sit
1629 2533 1722 2577 aut
1745 2537 1921 2578 ctecus
1944 2523 2190 2589 omnino,

635 2623 740 2664 non
764 2619 847 2665 est
876 2614 1296 2680 promovendos.

704 2702 1026 2759 Sanctorum
1055 2708 1415 2776 apostolorum
1444 2722 1616 2763 canon
1639 2708 1707 2763 27
1739 2716 1794 2764 et
1816 2708 1906 2764 78.

663 2789 794 2845 ~46.
826 2791 943 2848 Non
987 2804 1236 2862 oportere
1269 2808 1455 2851 servos
1504 2797 1571 2851 ad
1613 2796 1813 2851 clerum
1862 2797 2193 2865 promoveri,

636 2892 731 2940 aut
782 2886 1079 2958 monachos
1113 2887 1252 2953 ﬂeri,
1309 2888 1415 2943 nisi
1474 2887 1722 2943 libertate
1772 2885 1957 2941 donati
2008 2885 2118 2939 sint
2165 2899 2196 2937 a

634 2975 868 3035 dominis
887 2979 1008 3033 suis
1038 2993 1217 3034 coram
1250 2979 1423 3035 tribus
1476 2977 1724 3045 testibus,
1780 2984 1873 3032 aut
1902 2975 2194 3031 triennium

2299 518 2402 586 τὴν
2450 520 2662 574 ἑαυτῶν
2714 522 3233 598 αίτίαν,λμετέχειν
3260 532 3361 603 τῆς
3397 534 3584 604 τιμῆς,
3637 538 3732 590 καὶ
3769 518 3877 607 τῆς

2288 609 2666 681 λειτουργίας,
2719 613 2828 678 ἕως
2877 616 2944 669 ἂν
2990 619 3024 688 ὴ
3065 622 3249 675 τελεία
3291 622 3509 688 σύνοδος
3540 626 3699 698 ὁρίσῃ
3735 631 3873 700 περὶ

2301 703 2501 757 αὐτῶν·
2534 704 2627 759 τὸν
2658 706 2716 761 δὲ
2748 706 2947 782 κλῆρον
2982 713 3083 783 τῆς
3114 714 3190 785 μὴ
3222 714 3524 793 δεξαμένης
3565 722 3870 790 παροικίας

2299 796 2683 868 ἀφορισθῆναι.

2371 890 2492 942 Τῶν
2519 891 2694 957 ἁγίων
2722 893 3049 950 ἀποστόλων
3073 895 3255 951 κανὼν
3296 896 3407 964 λς’.

2368 980 2602 1035 Συνόδου
2646 984 2981 1055 Ἀντιοχείας
3008 987 3193 1042 κανὼν
3225 995 3319 1061 ιη’.

2373 1072 2479 1141 μδ’.
2520 1073 2644 1127 Ὅτι
2690 1075 2772 1130 δεῖ
2811 1077 2906 1130 καὶ
2947 1077 3009 1143 ἐξ
3051 1081 3323 1151 εὐνούχων
3352 1084 3774 1157 χειροτονεισοαι
3809 1085 3865 1137 ὲν

2301 1164 2468 1218 παντὶ
2494 1164 2755 1237 ἱερατικῷ
2784 1167 2995 1240 βαθμῷ,
3020 1170 3117 1226 ἐὰν
3146 1172 3321 1236 ἄλλως
3354 1172 3494 1239 ἄξιοί
3520 1176 3694 1239 εἰσιν,
3715 1176 3749 1246 ἢ
3773 1174 3865 1228 καὶ

2298 1254 2361 1320 ἐξ
2394 1255 2663 1327 ἐπηρείας
2692 1259 3019 1330 ἀνθρώπιον,
3049 1262 3083 1333 ἢ
3117 1264 3525 1335 προσπεσόντος
3557 1269 3863 1337 νοσήματος

2302 1347 2657 1430 ἀφῃρέθησαν
2683 1352 2749 1404 τὰ
2787 1352 2999 1423 ἀνδρῶν
3022 1371 3037 1385 ·
3064 1354 3096 1425 ἢ
3145 1356 3243 1408 ἐὰν
3282 1354 3455 1421 οὕτως
3486 1359 3617 1423 ἴσως
3650 1359 3865 1429 ἐγεννή-

2265 1440 2497 1510 ’θησαν.
2573 1440 2637 1494 Ei
2692 1442 2751 1496 δὲ
2789 1445 2963 1513 οἰκείᾳ
3010 1445 3207 1517 γνώμῃ
3257 1448 3583 1520 εὐνουχισθῇ
3643 1467 3746 1515 τις,
3782 1450 3866 1509 είς

2301 1530 2504 1601 κλῆρον
2534 1530 2671 1599 ὅλως
2709 1533 2810 1585 οὐκ
2845 1532 3089 1605 ἔρχεται,
3140 1536 3217 1598 ὦς
3263 1530 3661 1609 αὐτοφονευτης
3711 1552 3869 1608 γεγοο

2299 1620 2431 1684 νὼς.
2466 1620 2631 1677 Ἀλλὰ
2684 1624 2780 1677 καὶ
2824 1625 2873 1676 οῖ
2913 1624 3322 1696 εὐνουχίζοντες
3383 1628 3731 1695 ὑγιαίνοντας
3769 1644 3869 1696 φο·-

2303 1716 2490 1768 νευταί
2520 1716 2629 1768 είσι
2660 1731 2672 1744 ·
2704 1717 2798 1771 καὶ
2826 1715 2913 1771 διὰ
2940 1716 3123 1782 τοῦτο,
3155 1719 3204 1770 εί
3250 1717 3352 1787 μὲν
3409 1719 3695 1786 ίερωμένοι
3730 1717 3862 1779 eiet,

2306 1806 2701 1877 καθαιροῦνται
2736 1823 2750 1837 ο
2793 1808 2842 1861 εί
2890 1808 2947 1861 δὲ
3002 1808 3216 1876 λαῖκοὶ,
3269 1810 3622 1882 ἀφορίζονται
3676 1809 3759 1863 ἐπὶ
3811 1815 3869 1879 γ’

2302 1896 2421 1968 ἔτη.

2376 1989 2498 2042 Τῶν
2529 1990 2702 2057 ἁγίων
2728 1989 3048 2063 ἀποστόλων
3079 1990 3263 2046 κανὼν
3291 1994 3396 2059 κα’,
3424 1992 3516 2065 κβ⁹
3542 1997 3636 2050 καὶ
3666 1999 3766 2064 κγ’.

2375 2080 2606 2134 Συνόδου
2640 2081 2879 2143 Νικαίας
2910 2081 3093 2137 κανὼν
3125 2090 3195 2137 α’.

2376 2158 2601 2227 Συνόδου
2636 2175 2693 2227 ὲν
2719 2171 2798 2243 τῷ
2824 2171 2936 2245 ναῷ
2961 2173 3069 2228 τῶν
3107 2175 3307 2245 Ἀγίων
3348 2176 3689 2233 Ἀποστόλων
3718 2182 3787 2247 η’.

2380 2359 2482 2423 με’.
2518 2352 2645 2408 Ὅτι
2672 2354 2752 2408 δεῖ
2770 2352 2860 2406 τὸν
2889 2353 3037 2420 ἄξιον
3066 2354 3405 2423 προάγεσθαι
3430 2357 3509 2420 είς
3534 2355 3860 2418 ἐπίσκοπον,

2306 2445 2408 2499 κᾶν
2436 2445 2719 2515 ἀνάπηρος
2807 2445 2898 2497 τὸν
2932 2444 3237 2515 ὀφθαλμὸν,
3271 2446 3303 2515 ἢ
3334 2444 3395 2498 τὸ
3430 2446 3619 2510 σκέλος
3657 2443 3867 2513 πεπλη-

2303 2537 2505 2607 γμένος
2525 2552 2541 2568 ο
2573 2536 2619 2588 εί
2648 2536 2705 2588 δὲ
2729 2536 2912 2604 κωφὸς
2972 2538 3058 2608 είη
3089 2536 3123 2609 ἢ
3182 2534 3381 2605 τυφλὸς
3421 2536 3622 2608 πάντη,
3673 2536 3749 2608 μὴ
3775 2533 3866 2605 γί-

2304 2628 2510 2683 νεσθαι.
2784 2659 2795 2668 -

2378 2720 2500 2773 Τῶν
2531 2718 2702 2785 ἁγίων
2730 2717 3044 2772 ἀποστόλων
3077 2716 3258 2777 κανὼν
3282 2718 3350 2783 κζ
3365 2715 3380 2739 ’
3409 2719 3502 2771 καὶ
3531 2715 3633 2787 οη’.

2380 2811 2497 2883 pq’.
2532 2811 2659 2864 Ὅτι
2692 2810 2749 2863 ού
2775 2809 2858 2862 δεῖ
2882 2809 3103 2873 οἰκέτας
3131 2810 3214 2872 είς
3256 2808 3457 2879 κλῆρον
3506 2791 3867 2878 προάγεσθαι,

2303 2903 2337 2975 ἢ
2375 2903 2645 2973 μοναχοὺς
2679 2902 2945 2969 γίνεσθαι,
2982 2904 3031 2954 εί
3099 2892 3173 2972 μὴ
3254 2900 3659 2971 ὲλευθερωθῶσι
3713 2897 3869 2969 παρὰ

2305 2994 2412 3048 τῶν
2447 2994 2596 3048 ἰδίων
2634 2993 2913 3047 δεσποτῶν
2943 2994 3038 3046 ἐπὶ
3066 2993 3216 3064 τρισὶ
3249 2993 3519 3063 μάρτυσιν
3542 3005 3558 3021 ⁶
3631 2991 3664 3062 ἢ
3728 2987 3869 3057 πλη-

633 3068 989 3139 expleverint,
1028 3071 1099 3125 ita
1128 3071 1410 3127 utnullus
1441 3071 1610 3143 possit
1648 3084 1742 3125 eos
1777 3070 1832 3122 in
1877 3069 2193 3122 servitutem

2307 3086 2545 3157 ρὼσουσι
2574 3073 2815 3156 τριετίαν
2855 3084 3082 3155 μηδενὸς
3111 3085 3335 3147 τούτους
3362 3082 3516 3155 “ora.
3540 3078 3864 3152 δυναμένου]

634 3162 969 3235 pertrahere.
1004 3162 1103 3233 Qui
1144 3171 1339 3222 aufe‘tn
1367 3175 1555 3223 contra
1612 3164 1726 3221 hare
1774 3163 1919 3227 facit,
1981 3176 2200 3217 excom-

636 3256 991 3315 municationi
1026 3245 1330 3329 subjicitur.
1360 3260 1461 3327 Qui
1492 3274 1619 3327 vero
1652 3259 1843 3313 docent
1890 3271 1983 3312 eos
2022 3254 2201 3309 domi-

634 3365 733 3405 nos
774 3365 902 3408 suos
959 3363 1328 3417 contemnere,
1378 3364 1542 3423 atque
1597 3353 1664 3409 ab
1711 3336 2202 3407 corum‘scrvitute

633 3442 917 3523 recedere.
953 3444 1293 3501 anathemate
1324 3446 1610 3501 feriuntur.

705 3534 1025 3591 Sanctorum
1053 3538 1419 3606 apostolorum
1463 3551 1635 3591 canon
1666 3536 1755 3589 82.

707 3626 909 3701 Synodi
938 3628 1270 3698 Gangrcnsis
1301 3645 1471 3685 canon
1504 3629 1559 3683 5.
1729 3693 1733 3695 λ

706 3719 907 3790 Synodi
946 3720 1401 3777 Calchedonensis
1430 3735 1605 3775 canon
1640 3721 1692 3778 4.

706 3812 906 3884 Synodi
948 3812 1017 3866 v1
1046 3828 1216 3866 canon
1248 3796 1362 3867 ss.’

702 3904 770 3960 Et
795 3904 925 3975 legis
958 3914 1117 3973 caput
1144 3903 1197 3969 8,
1221 3903 1290 3959 50
1312 3914 1362 3958 et
1393 3904 1482 3960 5|.

700 3997 791 4054 47.
824 3996 940 4052 Non
989 4006 1239 4066 oportere
1289 3997 1598 4064 episcOpnm
1635 3992 1763 4046 nulli
1809 3990 2065 4046 Ecclesiae
2099 3989 2195 4044 ad-

632 4091 858 4156 dictum,
886 4098 1165 4145 vacantem
1216 4087 1517 4143 Ecclesium
1565 4086 1839 4145 invadere,
1900 4083 2035 4137 citra
2068 4095 2194 4135 con-

630 4197 845 4239 sensum
871 4181 1163 4253 provinciae
1186 4178 1576 4247 metropolitani
1602 4186 1761 4245 atque
1782 4175 2155 4244 episcoporum
2178 4187 2193 4225 :

597 4276 715 4338 ..εἰη
744 4290 891 4337 vero,
935 4275 999 4329 ab
1024 4273 1258 4329 Ectlesia
1285 4272 1520 4343 eiicitur.

704 4365 905 4435 Synodi
946 4364 1292 4419 Antiochense
1318 4376 1487 4415 canon
1519 4359 1606 4413 16.

2305 3180 2383 3244 εἰς
2409 3176 2652 3233 δουλείαν
2711 3176 2987 3232 ἕλκεσθαι.
3026 3177 3085 3231 ‘0
3139 3175 3195 3230 δὲ
3241 3174 3388 3247 παρὰ
3436 3174 3609 3230 ταῦτα
3670 3172 3864 3240 ποιῶν,

2303 3274 2674 3345 ἁκοινωνησίᾳ
2700 3271 3199 3326 καθυποὸἁλλεται.
3230 3272 3340 3334 Καὶ
3373 3271 3423 3323 ol
3448 3266 3866 3329 διδάσκοντεςνᾶ

2299 3363 2527 3426 τούτους
2580 3362 2691 3416 τῶν
2718 3362 2867 3415 ἰδίων
2899 3360 3103 3432 κυρίων
3151 3362 3539 3432 καταφρονεῖν,
3584 3359 3677 3413 καὶ
3734 3356 3864 3427 ἀφί-

2160 3470 2163 3475 ’
2218 3528 2221 3529 ν
2302 3456 2533 3508 στασθαι
2564 3454 2666 3523 τῆς
2693 3454 2937 3515 δουλείας
2964 3451 3166 3515 αὐτῶν,
3200 3448 3703 3520 ἀναθεματίξονται.

2371 3548 2495 3601 Τῶν
2521 3547 2694 3616 ἁγίων
2723 3545 3039 3600 ἀποστόλων
3072 3543 3253 3598 κανὼν
3284 3544 3393 3614 πβ’.

2373 3640 2603 3695 Συνόδου
2639 3638 2908 3707 Γαγγρῶν
2960 3636 3141 3690 κανὼν
3167 3642 3235 3703 γ’.

2378 3732 2611 3786 Συνόδου
2643 3731 2988 3802 Καλχηδόνος
3020 3729 3202 3783 κανὼν
3231 3728 3294 3782 δ’.

2371 3826 2597 3880 Συνόδου
2628 3824 2684 3891 ς’
2714 3822 2891 3879 κανὼν
2916 3821 3022 3877 πε’.

2370 3916 2482 3970 Καὶ
2511 3917 2735 3983 νομικὸν
2763 3915 3053 3982 κεφάλαιον
3087 3911 3157 3980 η’,
3212 3909 3254 3966 ν’
3288 3914 3382 3968 καὶ
3408 3918 3508 3980 νακ
3608 3909 3613 3913 ’

2300 4040 2303 4043 -
2376 4010 2486 4079 μζ’.
2521 4009 2646 4065 Ὀτι
2676 4010 2736 4062 οὐ
2765 4008 2848 4061 δεῖ
2882 4007 3212 4076 σχολάζοντα
3240 4006 3538 4059 ἑπίσκοπον
3564 4001 3863 4075 σχολάζου-

2304 4120 2405 4155 σαν
2447 4099 2788 4167 ,Ἐκκλησίαν
2812 4098 3083 4168 ἁρπάζειν
3104 4096 3231 4166 δίχα
3274 4094 3505 4164 γνώμης
3559 4080 3651 4148 τού
3714 4094 3863 4146 κατὰ
3912 4148 3921 4157 ,

2300 4192 2488 4263 χώραν
2518 4191 2945 4262 μητροπολίτου,
2975 4190 3070 4244 καὶ
3109 4189 3219 4242 τῶν
3275 4186 3591 4241 ἐπισκόπων
3618 4203 3631 4216 ο
3689 4187 3740 4239 εί
3803 4185 3865 4238 δὲ

2207 4281 2211 4284 ’
2302 4284 2403 4352 μὴ,
2439 4281 2749 4351 ἀπόϐλητος
2778 4281 2989 4349 γίνεται
3019 4280 3118 4350 τῆς
3156 4277 3508 4349 Ἐκκλησίας.

2380 4372 2607 4427 Συνόδου
2643 4373 2971 4442 Ἀντιοχείας
2991 4370 3171 4426 κανὼν
3205 4370 3299 4436 ις’.

703 4456 946 4512 48.Νο11
1027 4464 1282 4525 oportere
1357 4451 1709 4506 saecularium
1781 4449 2191 4519 magistratuum

2380 4465 2493 4538 μη’.
2536 4467 2740 4520 Ὀτιοὺ
2773 4467 2853 4519 δεῖ
2880 4466 2968 4518 διὰ
3026 4464 3369 4535 προστασίας
3430 4459 3712 4532 κοσμικῶν
3762 4458 3863 4529 ἀρ-

630 4548 958 4603 auetoritate
1006 4560 1352 4616 quemquam.
1388 4546 1453 4597 ad
1493 4540 1853 4599 sacerdotium
1891 4539 2195 4610 pervenire,

632 4650 727 4696 aut
762 4638 1016 4694 Ecclesiae
1047 4637 1286 4708 regimen
1326 4636 1621 4705 suscipere.
1654 4633 2020 4689 Deturbantur
2051 4630 2196 4686 enim

635 4748 699 4787 ac
730 4738 1081 4802 segregantur
1112 4712 1211 4799 ipsi
1264 4713 1367 4783 una
1405 4743 1525 4783 cum
1572 4728 1641 4782 iis
1666 4725 1916 4783 erunibus
1945 4724 2038 4795 qui
2076 4736 2196 4778 eum

632 4825 765 4894 ipsis
796 4824 1214 4878 communicant.

706 4932 1034 4988 Sanctorum
1083 4931 1441 4997 apostolorum
1474 4944 1644 4985 canon
1675 4927 1764 4982 50.

704 5019 905 5091 Synodi
931 5018 1387 5074 Calchedonensis
1414 5034 1585 5074 canon
1630 5017 1716 5071 12.

701 5112 901 5182 Synodi
931 5108 1020 5165 νιι
1052 5126 1221 5166 canon
1255 5112 1307 5166 '5.
1380 5112 1385 5119 ’

699 5204 788 5260 49.
829 5203 941 5259 Non
1000 5215 1249 5275 oportere
1315 5202 1541 5273 pecunia
1613 5201 1928 5271 dignitatem
1985 5198 2195 5267 episco-

631 5293 805 5362 palem
874 5288 965 5348 aut
1045 5292 1429 5348 sacerdotalem
1499 5290 1756 5358 consequi
1808 5304 1823 5339 :
1880 5289 1995 5357 ipse
2047 5286 2194 5341 enim

632 5384 913 5439 ordinatus
943 5394 997 5438 et
1032 5383 1122 5453 qui
1158 5383 1426 5437 ordinavit
1459 5398 1579 5436 eum
1627 5381 1794 5450 gradu
1846 5380 2192 5450 dejiciuntur,

630 5484 795 5544 atque
840 5474 1076 5530 Ecclesia
1114 5474 1528 5538 exet-induntur,
1563 5473 1705 5526 Velut
1734 5472 1919 5531 Simon
1986 5470 2191 5541 Magos.

632 5565 751 5622 Non
780 5567 949 5621 solum
992 5577 1166 5621 autem
1200 5565 1277 5632 hi,
1312 5566 1403 5620 sed
1444 5575 1497 5618 et
1538 5565 1581 5618 si
1612 5564 1705 5633 qui
1738 5563 2001 5633 ejusmodi
2033 5563 2194 5618 rebus

630 5658 989 5715 intervenisse
1029 5658 1225 5726 reperti
1256 5656 1478 5711 fuerint.

707 5751 1031 5807 Sanctorum
1070 5749 1434 5823 apostolorum
1464 5763 1637 5804 canon
1665 5747 1756 5805 29.

2301 4557 2504 4630 χόντων
2532 4557 2653 4611 τινὰ
2684 4560 2764 4618 είς
2794 4556 3095 4627 ἱερωσύνην
3126 4554 3323 4619 ἐλθεῖν,
3350 4553 3383 4625 ἢ
3439 4553 3681 4623 ἐγκρατῆ
3738 4550 3858 4603 Ἐκ-

2301 4648 2535 4720 κλησίας
2557 4647 2813 4715 γενέσθαι
2833 4663 2847 4678 ·
2894 4645 3288 4715 καθαιροῦνται
3311 4644 3420 4715 γὰρ
3451 4645 3543 4698 καὶ
3574 4640 3859 4712 ἀφορίζον-

2299 4757 2391 4795 ται
2422 4740 2516 4793 καὶ
2549 4739 2601 4790 oi
2630 4736 3015 4800 κοινωνοῦντες
3044 4737 3226 4799 αὐτοῖς
3255 4736 3477 4798 πάντες.

2371 4919 2491 4973 Τῶν
2523 4919 2694 4986 ἁγίων
2717 4916 3029 4971 ἀποστόλων
3062 4913 3241 4969 κανὼν
3272 4913 3339 4969 λ’.
3425 4906 3428 4911 ’

2369 5010 2595 5062 Συνόδου
2632 5008 2973 5077 Καλχηδόνος
3002 5004 3181 5059 κανὼν
3211 5002 3297 5074 ιβ’.

2370 5103 2595 5155 Συνόδου
2624 5102 2668 5165 ζ’
2703 5098 2884 5154 κανὼν
2916 5105 2981 5167 γ’.
3210 5086 3213 5089 ’

2372 5194 2480 5263 μίΥ.
2502 5197 2625 5247 Ὅτι
2652 5194 2713 5247 οὐ
2738 5193 2819 5245 δεῖ
2846 5193 2932 5245 διὰ
2956 5192 3255 5263 χρηὲιάτων
3281 5188 3439 5255 ἀξίας
3486 5178 3799 5256 ἐπισκοπῆς
3824 5185 3859 5257 ἢ

2303 5286 2589 5357 ἱερατικῆς
2630 5284 2964 5355 μετασχεῖν·
2998 5282 3349 5350 καθαιρεῖται
3393 5278 3626 5348 γὰρκαὶ
3671 5277 3863 5342 αὐτὸς,

2299 5380 2395 5433 καὶ
2418 5381 2445 5431 ό
2468 5378 2853 5449 χειροτονήσας
2883 5374 3075 5427 αὐτόν·
3111 5374 3204 5426 καὶ
3230 5373 3339 5440 τῆς
3377 5369 3709 5440 Ἐκκλησίας
3764 5369 3862 5423 ἐκ·

2298 5472 2616 5533 κόπτονται,
2658 5469 2731 5531 ὠς
2767 5467 2948 5537 Σίμων
2978 5469 3005 5521 ὁ
3034 5465 3240 5531 Μάγος.
3273 5463 3348 5516 Ού
3404 5463 3563 5532 μόνον
3593 5461 3649 5514 δὲ
3689 5454 3861 5524 οὗτοι,

2297 5559 2432 5613 ἀλλὰ
2519 5560 2613 5611 καὶ
2678 5560 2730 5613 εί
2753 5576 2898 5621 τινες
2977 5555 3249 5627 εὑρεθῶσι
3305 5552 3683 5624 μεσιτεύοντες
3746 5553 3864 5616 τοῖς

2294 5653 2575 5712 τοιούτοις.

2374 5742 2493 5801 Τῶν
2518 5744 2685 5812 ἁγίων
2720 5744 3036 5798 ἀποστόλων
3062 5738 3242 5795 κανὼν
3274 5738 3379 5794 κο’.
