4010 6336
94 3386 475 3495 ““\

566 199 634 258 97

1844 198 2152 261 ARSENH
2198 194 2542 258 MONACHI

3745 187 3829 251 28
3874 220 3883 227 .

570 323 698 375 Item
760 334 864 372 non
926 328 1181 387 Oportere
1232 318 1591 373 lmuerantem
1658 316 1946 385 agricnize,
2004 316 2147 371 illius

2274 315 2506 368 ιὰκιυσιν
2534 332 2545 343 °
2574 316 2666 391 καὶ
2689 316 2769 369 ὃτι
2810 319 2885 386 μὴ
2931 318 3012 369 Et?
3078 318 3165 369 τκν
3213 315 3526 377 δανείζοντα
3597 310 3832 379 γεωργῷ

574 427 762 481 agrum
805 411 1069 465 detinere.

642 499 844 569 Synodi
875 501 1345 570 Carthaginiensis
1373 513 1546 555 canon
1583 499 1653 554 75
1695 509 1747 553 ct
1771 499 1859 554 97.

640 589 704 642 Et
739 590 872 659 legis
920 599 1081 658 caput
1110 590 1201 642 ‘21.

644 680 733 735 58.
779 681 894 733 Non
930 671 1183 749 oportere
1213 679 1386 733 sacris
1412 676 1659 730 addictos
1683 674 1875 730 sericis
1905 672 2147 727 vcsdbns

482 766 487 785 λ
572 775 745 835 indui,
788 782 882 827 aut
933 780 1213 843 unguento
1250 770 1410 839 ungi;
1459 780 1818 839 segregantur
1869 769 2014 822 enim
2054 766 2145 836 qui

480 3494 523 3510 “\—

577 865 679 918 ltoc
709 864 938 918 faciunt.

645 953 852 1023 Synodi
893 950 959 1007 Vl
993 966 1163 1006 canon
1198 951 1295 1006 27.

646 1044 847 1114 Synodi
887 1028 969 1097 VII
1004 1057 1181 1098 canon
1227 1042 1315 1097 16.

638 1136 731 1192 69.
758 1138 1024 1205 Oportere
1052 1137 1336 1206 episcopos
1372 1144 1427 1190 et
1455 1135 1802 1206 presbyteros
1836 1149 1938 1190 non
1985 1132 2147 1201 tegli-

577 1219 706 1299 gere
744 1230 998 1299 populum
1049 1230 1151 1284 sibi
1187 1229 1488 1294 subditum,
1525 1243 1590 1283 ac
1626 1229 1765 1283 ultra
1796 1244 1896 1283 sex
1920 1227 2149 1294 :menses

578 1337 609 1377 a
641 1336 737 1376 sua
773 1321 1021 1378 Ecclesia
1063 1322 1275 1377 abesse.
1309 1318 1415 1387 Qui
1462 1320 1607 1375 enim
1654 1321 1733 1375 sic
1770 1319 1977 1375 faciunt
2009 1316 2147 1385 deji-

572 1411 819 1467 ciuntur.
1015 1404 1026 1421 ‘
1508 1477 1518 1487 .

643 1502 968 1559 Sanctorum
1003 1503 1382 1579 Apostolorum
1420 1517 1594 1556 canon
1634 1501 1723 1558 58.

643 1593 849 1664 Synodi
875 1594 1337 1665 Carthaginiensis
1370 1608 1546 1654 canon
1593 1594 1680 1659 71,
1716 1591 1809 1647 ﬁl
1849 1601 1903 1647 et
1937 1591 2059 1648 125.

2255 410 2480 474 κρατ;ῖν
2510 408 2607 477 τὴν
2638 409 2850 460 ἐκείνου
2887 408 3011 475 γῆν.

2324 498 2553 549 Eun-680:;
2574 498 2934 567 KupOuys’vn'
2965 498 3144 551 κανὼν
3175 496 3245 550 σε’
3272 499 3367 550 καὶ
3397 497 3503 562 ιζ’.
3548 490 3553 495 ’

2321 587 2431 639 Καὶ
2454 588 2676 656 νομικὸν
2710 588 3005 655 κεφάλαιον
3040 595 3145 641 καί.

2320 676 2420 745 νη’.
2453 677 2579 729 ’Ότι
2620 679 2680 730 οὐ
2708 678 2790 731 δεῖ
2811 679 3015 747 ἐσθῆτα
3054 681 3117 730 ἐκ
3190 677 3435 747 σηρικῶν
3485 674 3841 743 ὑφασμάτων

2249 768 2584 836 ἰερωμένους
2613 769 3040 838 ἀμφιέννυσθαι,
3077 770 3109 839 ἢ
3149 768 3306 839 μύρῳ
3360 767 3611 838 χρίεσθαι
3641 783 3655 796 ο
3684 768 3830 833 ἀφο-

2253 858 2501 933 ρίζονται
2530 861 2641 930 γὰρ
2665 863 2714 914 οἱ
2740 861 2903 915 τοῦτο
2940 862 3242 935 ποιοῦντες.

2319 951 2553 1004 Συνόδου
2592 959 2645 1016 ς’
2673 953 2852 1005 κανὼν
2889 955 2994 1018 κζ’.
3066 1014 3069 1019 η

2325 1042 2557 1094 Συνόδου
2589 1042 2632 1105 ζ’
2664 1042 2848 1096 κανὼν
2883 1042 2981 1108 ις’.

2320 1134 2420 1189 νθ’.
2452 1134 2577 1189 Ὀτι
2611 1135 2691 1188 δεῖ
2719 1134 2844 1197 τοὺς
2899 1134 3235 1198 ἐπισκόπους
3288 1133 3380 1186 καὶ
3414 1131 3829 1203 πρεσϐυτέρους

2255 1226 2331 1294 μὴ
2363 1224 2588 1295 ἀμελεῖν
2614 1223 2713 1277 τοῦ
2742 1224 3104 1294 ὑποκειμένου
3134 1225 3318 1286 αὐτοῖς
3356 1224 3509 1283 λαοῦ,
3537 1223 3629 1272 καὶ
3678 1221 3828 1288 inc)?

2248 1316 2313 1371 τδ
2331 1316 2602 1387 ἑξάμηνον
2645 1317 2742 1386 τῆς
2771 1316 2979 1378 οἰκείας
3010 1313 3338 1383 ἀφίστασθαι
3378 1313 3697 1384 Ἐκκλησίας
3725 1327 3741 1342 ⁸
3775 1316 3826 1365 οἱ

2249 1406 2358 1480 γὰρ
2396 1406 2539 1461 οὕτω
2571 1407 2853 1471 ποιοῦντες
2884 1405 3297 1479 καθαιροῦνται.

2324 1500 2449 1554 Τῶν
2479 1501 2652 1569 ἁγίων
2680 1499 2998 1554 ἀποστόλων
3023 1497 3209 1553 κανὼν
3230 1495 3332 1566 νη’.

2322 1592 2551 1647 Συνόδου
2579 1593 2945 1663 Καρθαγένης
2983 1590 3167 1645 κανὼν
3193 1596 3295 1656 οα’,
3334 1596 3503 1662 ρκα⁹·,
3538 1590 3680 1661 ρκγ⁹.

652 1662 859 1756 Synodi
894 1686 949 1741 in
984 1662 1184 1757 templo
1215 1686 1543 1742 Sanctorum
1589 1683 1971 1756 Apostolorum
2004 1683 2148 1739 cele-

2322 1682 2552 1736 Συνόδου
2576 1682 2634 1734 ἐν
2657 1681 2736 1751 τῷ
2762 1681 2877 1753 ναῷ
2897 1662 3007 1735 τῶν
3084 1679 3297 1750 Ἀγίωνκ
3343 1681 3682 1735 Ἀποστόλων
3731 1698 3834 1734 κα-

576 1778 745 1833 brata:
775 1793 901 1833 can.
933 1778 1023 1833 16.

644 1870 740 1926 60:
776 1870 1043 1940 Oportere
1081 1870 1372 1939 episcopos
1404 1877 1459 1923 et
1489 1870 1836 1940 presbyteros
1864 1866 2151 1938 egentibus

2251 1772 2360 1827 νὼν
2397 1780 2496 1829 ις’.

2325 1791 2412 1826 μνι
2482 1813 2496 1829 .

2325 1867 2387 1933 ξ’.
2420 1780 2545 1924 ῖθτι
2572 1869 2652 1922 δεῖ
2679 1870 2809 1932 τοὺς
2867 1869 3229 1937 ἐπισκόπους,
3275 1870 3371 1925 καὶ
3420 1870 3834 1941 πρεσϐυτέρους

579 1962 683 2020 sibi
714 1962 952 2031 subditis
988 1962 1301 2018 necessaria
1335 1962 1402 2016 ad
1431 1962 1595 2017 vitam
1631 1959 1978 2031 suppeditare
2006 1977 2018 2015 :
2052 1960 2151 2029 qui

2274 1963 2612 2033 ;πιχορηγεῖν
2635 1963 2748 2026 τοῖς
2781 1963 2987 2016 ἐνδεέσι
3057 1962 3167 2017 τῶν
3207 1948 3589 2033 ὑποκειμένων
3644 1964 3836 2025 αὐτοῖς

576 2056 725 2112 enim
764 2070 872 2113 non
922 2056 998 2110 ita
1028 2055 1237 2111 faciunt
1276 2054 1646 2125 deponuntur.

650 2232 977 2290 Sanctorum
1000 2235 1367 2306 apostolorum
1400 2250 1573 2292 canon
1601 2236 1689 2293 59.

650 2323 742 2379 61.
781 2322 1180 2405 Non’oportere
1204 2328 1622 2399 cborepiscopos
1645 2331 1901 2385 ordinare
1925 2328 2149 2400 presby-

580 2424 759 2471 terum
791 2426 846 2472 et
876 2418 1193 2487 diaconum,
1242 2420 1337 2475 sed
1375 2429 1584 2475 tantum
1630 2421 2014 2485 subdiaconos,
2071 2422 2152 2473 lc-

2253 2054 2324 2110 τὰ
2356 2054 2551 2108 δέοντα
2582 2054 2693 2108 τῶν
2726 2056 3006 2125 χρειωδῶν
3027 2073 3042 2088 ο
3074 2057 3127 2109 οἰ
3155 2054 3264 2126 γὰρ
3296 2057 3372 2126 μὴ
3413 2056 3558 2109 οὕτω
3584 2051 3841 2110 ’ποιοῦν-

2251 2160 2343 2207 τες
2366 2142 2780 2215 καθαιροῦνται.

2324 2233 2447 2288 Τῶν
2475 2234 2647 2301 ἁγίων
2674 2235 2993 2291 ἀποστόλων
3020 2237 3203 2292 κανὼν
3232 2237 3333 2293 νθ’.

2325 2323 2428 2391 Eu’.
2473 2325 2596 2384 Ὀτι
2622 2327 2684 2380 οὐ
2716 2327 2798 2381 δεῖ
2824 2332 3284 2400 χωρεπισκόπους
3313 2333 3641 2403 χειροτονεῖν
3664 2349 3840 2403 πρεσ-

2261 2413 2492 2487 ϐύτερον
2544 2416 2645 2471 xu‘t
2689 2417 2964 2488 διάκονον,
2998 2420 3114 2475 ἀλλ’
3146 2422 3178 2492 ἢ
3212 2425 3374 2492 μόνον
3421 2423 3834 2487 ὑποδιακόνους,

577 2516 761 2563 ctores
793 2518 848 2563 et
874 2509 1193 2585 exorcistas
1222 2528 1237 2564 :
1271 2511 1399 2565 item
1429 2510 1753 2568 circuitores
1784 2512 1961 2582 potius
1986 2525 2150 2582 quam

2274 2507 2633 2574 ἰνὲιγνώστας,
2676 2511 2774 2562 καὶ
2812 2510 3163 2580 ἐξορκιστάςο
3199 2513 3297 2567 καὶ
3344 2514 3426 2566 ὅτι
3484 2511 3838 2582 περιοδευτάς

580 2599 1007 2672 cborepiscopos
1036 2616 1157 2658 esse
1192 2602 1625 2659 constituendos.

648 2690 854 2762 Synodi
882 2684 1190 2763 A'ucyranae
1225 2710 1398 2749 canon
1428 2695 1515 2749 1-3.

649 2782 857 2855 Synodi
892 2783 1353 2843 Neocaesariensis
1394 2802 1566 2843 canon
1604 2790 1690 2845 l3.

651 2873 853 2945 Synodi
887 2875 1244 2934 Antiocheam
1277 2894 1454 2934 canon
1496 2879 1587 2937 10.

651 2967 856 3039 Synodi
889 2968 1212 3027 Laodicenaa
1251 2986 1430 3028 canon
1463 2972 1557 3029 57.

654 3059 843 3117 Sancti
872 3061 1057 3118 Basilii
1102 3078 1277 3120 canon
1315 3064 1407 3121 82.

656 3153 748 3208 62.
791 3153 1061 3225 Oportere
1086 3171 1179 3213 eos
1199 3158 1291 3227 qui
1323 3166 1546 3229 propter
1577 3157 1933 3213 Barbarorum
1963 3156 2152 3211 incur-

580 3245 815 3312 sionem,
842 3254 938 3303 aut
968 3248 1128 3302 aliam
1158 3252 1539 3307 necessitatem
1566 3258 1623 3305 et
1649 3249 1756 3303 vim
1792 3264 1898 3303 non
1931 3260 2158 3319 possunt

577 3338 750 3404 abire,
768 3348 863 3394 aut
876 3354 995 3395 esse
1012 3340 1063 3395 in
1078 3341 1191 3398 suis
1204 3342 1476 3406 Ecclesiis,
1498 3347 1616 3400 sine
1632 3343 1939 3415 praeiudicio
1955 3341 2155 3396 versari

581 3439 748 3500 atque
776 3434 986 3504 operari
1018 3434 1074 3488 in
1109 3434 1229 3489 aliis
1261 3434 1607 3501 dioecesibus,
1640 3437 1810 3493 donec
1839 3450 1970 3505 pace
2008 3434 2159 3488 frua-

564 3526 672 3579 tur
721 3538 911 3579 eorum
970 3525 1237 3593 Ecclesia,
1289 3526 1355 3581 ad
1414 3543 1579 3597 quam
1635 3539 1764 3583 tunc
1824 3527 1945 3581 licet
2004 3524 2158 3580 inviti

584 3624 951 3670 revertentur.
987 3615 1099 3670 Nisi
1135 3617 1285 3671 enim
1332 3617 1711 3682 discesserint,
1763 3626 2155 3687 segregantur;

582 3707 835 3762 similiter
866 3709 1033 3763 etiam
1060 3708 1299 3778 episcopi
1341 3711 1432 3777 qui
1470 3710 1615 3779 ipsos
1649 3708 1914 3764 detinent.

656 3888 858 3959 Synodi
890 3888 1350 3946 Calchedoneusis
1384 3854 1558 3944 canon
1591 3890 1685 3947 20.

660 3979 863 4051 Synodi
896 3979 961 4034 Vl
994 3997 1171 4037 canon
1204 3982 1272 4037 18
1312 3994 1367 4037 et
1401 3983 1489 4037 37.

664 4071 755 4126 63.
795 4071 1062 4140 Oportere
1092 4087 1186 4127 eos
1214 4072 1308 4142 qui
1336 4071 1402 4127 ad
1434 4083 1662 4127 mortem
1685 4079 1969 4143 aegrotant,
1995 4081 2162 4140 atque

2177 2982 2226 3061 'c

2258 2596 2460 2666 μᾶλλον
2500 2600 2535 2669 ἢ
2565 2602 3025 2670 χωρεπισκόπους
3065 2605 3146 2658 δεῖ
3175 2608 3372 2661 ποιεῖν.

2255 2675 2260 2685 ’
2325 2690 2556 2745 Συνόδου
2583 2690 2879 2762 ’Ἃγκύρας
2911 2693 3094 2747 κανὼν
3128 2692 3222 2763 ιγ’.

2326 2783 2561 2838 Συνόδου
2586 2785 2865 2839 Νεοκαισα
2875 2786 3028 2855 ρείας
3048 2785 3230 2841 κανὼν
3248 2785 3338 2858 ιγ’.

2326 2872 2556 2926 Συνόδου
2597 2874 2930 2945 Ἀντιοχείας
2962 2876 3143 2930 κανὼν
3176 2876 3228 2933 ι’.

2329 2963 2557 3019 Συνόδου
2594 2965 2924 3031 Λαοδικείας
2953 2968 3134 3025 κανὼν
3162 2968 3261 3034 νζ’.

2327 3057 2443 3111 Καὶ
2469 3056 2566 3110 τοῦ
2600 3058 2761 3125 ἁγίου
2793 3058 3079 3114 Βασιλείου
3102 3062 3283 3118 κανὼν
3316 3063 3427 3137 πβ’.

2328 3153 2426 3226 ξβ’.
2464 3155 2588 3209 Ὀτι
2618 3157 2679 3209 οὐ
2708 3155 2792 3211 δεῖ
2814 3158 2944 3221 τοὺς
2968 3157 3038 3211 δι’
3077 3157 3265 3227 ἔφοδον
3297 3159 3657 3233 βαρϐαρικὴν,
3703 3162 3737 3233 ἢ
3767 3162 3839 3217 δι.

2258 3250 2452 3320 ἑτέραν
2473 3250 2723 3320 ἀνάγκην
2750 3251 2845 3304 καὶ
2893 3251 3015 3322 βίαν
3054 3252 3128 3323 μὴ
3168 3252 3497 3323 δυναμένους
3547 3255 3832 3319 ἀπελθεῖν,

2258 3338 2454 3413 ῆεῐναι
2474 3344 2531 3396 ἐν
2561 3344 2684 3407 ταῖς
2712 3343 2947 3407 οἰκείαις
3013 3344 3390 3415 Ἐκκλησίαις,
3454 3347 3841 3417 ἀποκριματί-

2261 3449 2403 3496 στως
2425 3429 2564 3487 εἰναί
2596 3451 2658 3488 τε
2697 3434 2793 3488 καὶ¹
2845 3436 3089 3506 ἐνεργεῖν
3160 3438 3219 3489 ἐν
3306 3436 3522 3508 ἑτέραις
3574 3439 3833 3508 ἐνορίαις,

2258 3520 2419 3591 ἄχρις
2444 3523 2511 3577 ἂν
2536 3524 2594 3578 ἐν
2623 3524 2823 3595 εἰρήνῃ
2861 3513 3093 3595 γέντῖται
3125 3528 3156 3596 ἡ
3194 3527 3374 3580 αὐτῶν
3421 3527 3742 3598 Ἐκκλησία,
3776 3531 3840 3583 ἐν

2262 3604 2297 3684 ᾗ
2322 3612 2859 3685 παλινδρομήσουσιν
2876 3617 2925 3669 οἱ
2944 3617 3183 3671 τοιοῦτοι
3204 3620 3323 3670 τότε
3346 3618 3447 3671 κᾶν
3482 3619 3559 3687 μὴ
3580 3620 3834 3672 θέλωσιν

2259 3703 2310 3755 εἰ
2339 3703 2447 3775 γὰρ
2478 3706 2556 3777 μὴ
2578 3706 2913 3783 ἀπέλθωσιν,
2949 3708 3300 3779 ἀφορίζονται
3323 3722 3339 3737 ·
3398 3707 3599 3778 ὁμοίως
3643 3709 3740 3762 καὶ
3785 3711 3839 3761 οἰ

2262 3795 2590 3866 κατέχοντες
2619 3799 2821 3863 αὐτοὺς
2850 3800 3163 3855 ἐπίσκοποι.

2331 3886 2560 3942 Συνόδου
2592 3891 2939 3961 Καλχηδόνος
2970 3891 3149 3946 κανὼν
3180 3898 3248 3947 κ’.

2332 3984 2561 4039 Συνόδου
2593 3961 2845 4049 ς”κανὼν
2889 3990 2960 4053 ιη’
2984 3986 3074 4038 καὶ
3105 3983 3201 4049 λζ’.

2334 4072 2434 4145 ξγ¹.
2473 4075 2597 4129 Ὀτι
2638 4074 2719 4127 δεῖ
2744 4076 2872 4137 τοὺς
2889 4075 3028 4143 πρὸς
3055 4076 3284 4130 θάνατον
3312 4078 3619 4143 νοσοῦντας,
3660 4081 3753 4132 καὶ
3770 4082 3833 4134 ἐν

3722 3878 3751 3909 ι)

488 4220 493 4225 ,
587 4161 1139 4217 excommunicationi
1171 4163 1476 4232 subiacent,
1499 4164 1791 4232 protestari
1823 4178 1881 4218 se
1914 4163 2155 4232 corporis

2274 4165 2558 4237 ἁφορισμῷ
2591 4165 2779 4233 ὄντας,
2831 4166 3305 4238 διαμαρτύρασθαι
3362 4171 3689 4240 μεταλαϐεῖν
3720 4166 3835 4246 ’τοῦ

590 4250 803 4306 Domini
850 4254 1147 4322 participes
1183 4255 1300 4309 ﬁeri
1340 4268 1541 4322 cupere
1573 4270 1589 4308 :
1621 4255 1665 4309 si
1699 4268 1827 4308 vero
1876 4255 1977 4309 hoc
2019 4254 2155 4307 facto

2274 4256 2517 4327 σώματος
2552 4258 2647 4311 τοῦ
2683 4260 2889 4328 Κυρίου
2917 4275 2930 4289 ’
2953 4262 3003 4311 εἰ
3037 4261 3093 4313 δὲ
3150 4260 3343 4315 τούτου
3412 4265 3704 4334 γενομένου
3738 4269 3835 4320 τοῦ

589 4357 619 4395 a
652 4352 827 4395 morte
848 4345 1093 4411 revocati
1120 4341 1346 4408 fuerint,
1373 4358 1566 4397 rursus
1596 4342 2155 4398 cxcommunicantur.

2274 4347 2497 4401 θανάτου
2532 4348 2912 4416 ἁνακληθῶσιν
2932 4390 2946 4413 ,
2984 4346 3140 4413 αὖθις
3167 4353 3536 4423 ἀφορίζονται.

659 4430 879 4505 Synodi
901 4436 1136 4491 Nicamte
1170 4452 1344 4491 canon
1380 4436 1466 4491 l3.

658 4526 846 4582 Sancti
884 4526 1135 4596 Gregorii
1168 4527 1395 4597 Nysseni
1428 4544 1603 4584 canon
1636 4528 1694 4584 5.

660 4620 751 4674 61.
796 4624 1060 4689 Oportere
1082 4621 1386 4688 pubertatis
1416 4629 1656 4690 tempore
1690 4622 1918 4679 lectores
1945 4638 2159 4694 rogare,

590 4711 831 4765 velintne
894 4704 1152 4781 coniuges
1191 4713 1426 4776 ducere,
1462 4727 1529 4766 an
1561 4715 1957 4770 continentiam
1994 4716 2161 4784 proﬁ-

594 4803 718 4855 teri.
760 4801 892 4856 Nam
946 4812 1066 4870 post
1094 4803 1306 4856 diaconi
1341 4803 1738 4858 ordinationem
1772 4806 1991 4875 nuptias
2026 4806 2165 4863 inire

592 4907 701 4947 non
734 4892 877 4948 licet.
908 4892 963 4948 Si
997 4909 1126 4949 vero
1160 4894 1265 4949 hoc
1292 4895 1601 4962 permiserit
1648 4896 1959 4966 episcopus,
1992 4899 2164 4971 bic\et

596 4984 686 5039 ille
722 4988 1095 5054 deponuntur;
1132 4986 1385 5042 similiter
1433 4988 1596 5042 etiam
1649 4989 1913 5047 diaconus
1958 5000 2012 5046 et
2043 5006 2166 5060 pre-

594 5080 800 5147 sbytcr.

668 5169 869 5239 Synodi
901 5170 1375 5239 Carthaginiensis
1399 5188 1572 5228 canon
1616 5172 1703 5229 16.

666 5261 869 5333 Synodi
906 5262 973 5317 Vl
1025 5258 1197 5317 canOn
1235 5264 1289 5317 6.
1414 5264 1417 5267 “

666 5355 826 5426 Legis
853 5366 1018 5426 caput
1044 5346 1189 5412 ιὸίει
1221 5358 1308 5413 46.

666 5449 757 5504 65.
800 5448 1062 5519 Oportcre
1088 5451 1260 5505 sacris
1291 5450 1562 5519 initiatos,
1593 5454 1915 5508 conﬁtcntes
1945 5468 2005 5509 se
2038 5466 2164 5508 ante

597 5540 1000 5593 ordinationem
1031 5556 1311 5609 peccasse,
1335 5544 1401 5595 ab
1430 5542 1606 5597 oﬂicio
1639 5545 1821 5613 dejici,
1856 5546 1911 5597 in
1946 5545 2165 5613 reliquis

602 5643 968 5699 rcmanentcs,
1004 5636 1268 5705 siquidem
1303 5636 1453 5704 probi
1486 5638 1589 5692 sint
1627 5639 1738 5693 :ita
1773 5648 1828 5691 ut
1865 5639 1928 5693 iis
1952 5640 2040 5705 qui
2074 5653 2163 5692 eos

2336 4436 2565 4489 Συνόδου
2597 4435 2830 4499 Νικαίας
2865 4435 3043 4491 κανὼν
3074 4437 3161 4505 ιγ’.

2337 4529 2450 4581 Καὶ
2476 4529 2571 4581 τοῦ
2604 4529 2762 4595 ἁγίου
2798 4530 3107 4600 Γρηγορίου
3139 4530 3358 4599 Nucem;
3389 4533 3571 4587 κανὼν
3602 4534 3663 4590 ε’.

2337 4619 2430 4688 ξδ’.
2466 4620 2589 4676 ’Ότι
2617 4622 2698 4674 δεῖ
2721 4622 2778 4672 ἐν
2803 4621 2882 4689 τῷ
2899 4622 3079 4692 καιρῷ
3103 4623 3201 4691 τῆς
3240 4622 3379 4692 ἥϐης
3416 4626 3668 4679 ἀπαιτεῖν
3701 4628 3837 4681 ἀνα-

2266 4712 2515 4781 γνώστας
2565 4713 2834 4782 συμόίους
2886 4712 3197 4783 ἄγεσθαι,ῆ
3259 4714 3585 4782 ἐγκράτειαν
3644 4718 3843 4786 ὁμολο-

2234 4808 2409 4888 Ῑγείν.
2448 4804 2605 4857 Μετὰ
2623 4804 2730 4873 γὰρ
2764 4805 2861 4874 τὴν
2888 4803 2982 4856 τοῦ
3037 4803 3288 4858 διακόνου
3357 4807 3692 4874 χειροτονίαν
3733 4808 3836 4861 οὐκ

2267 4893 2478 4959 ἔξεστιν
2502 4894 2583 4958 εἰς
2608 4893 2793 4962 γάμον
2822 4892 3018 4945 ἐλθεῖν.
3074 4892 3135 4945 Εἰ
3168 4892 3225 4944 δέ
3258 4892 3558 4962 προτρέψει
3616 4893 3774 4946 τοῦτο
3805 4897 3836 4946 ὁ

2266 4988 2590 5051 ἐπίσκοπος,
2625 4985 2974 5054 καθαιρεῖται
2992 4985 3087 5038 καί
3105 4976 3259 5047 οὗτος
3278 4985 3534 5047 κάκεῖνος
3557 5000 3573 5016 ο
3629 4985 3835 5055 ὁμοίως

2267 5078 2325 5132 δέ
2353 5077 2449 5132 καὶ
2469 5076 2744 5139 διάκονος,
2774 5077 2873 5129 καὶ
2901 5076 3297 5149 πρεσϐύτερος.

2339 5170 2566 5223 Συνόδου
2608 5170 2977 5241 Καρθαγένης
3000 5169 3179 5224 κανὼν
3218 5176 3316 5232 ις’.

2340 5262 2567 5315 Συνὸδου
2594 5267 2648 5325 ς⁴
2674 5260 2856 5314 κανὼν
2884 5259 2959 5326 ς’.

2341 5359 2454 5412 Καὶ
2474 5361 2698 5428 νομικὸν
2736 5361 3029 5427 κεφάλαιον
3062 5364 3146 5428 με’
3175 5359 3265 5411 καί
3294 5358 3413 5427 μς’.

2344 5450 2434 5515 Ea’.
2474 5451 2600 5504 ’Ὀτι
2632 5453 2715 5504 δεῖ
2757 5454 2885 5514 τοὺς
2930 5451 3326 5519 ὁμολογοῦντας
3378 5451 3488 5504 τῶν
3521 5450 3837 5517 ἱερωμένων

2272 5542 2378 5612 πρὸ
2421 5544 2521 5612 τῆς
2564 5545 2900 5614 χειροτονίας
2981 5545 3384 5613 ἡμαρτηκέναι,
3451 5539 3835 5610 καθαιρεῖσθαι

2286 5638 2382 5700 τῆς
2409 5637 2777 5706 λειτουργίας,
2821 5640 2875 5688 ὲν
2943 5639 3052 5690 τοῖς
3104 5637 3311 5699 λοιποῖς
3367 5634 3652 5705 μένοντας,
3682 5634 3732 5686 εἴ
3768 5648 3831 5700 γε
