4010 6336
152 283 202 344 ες
1329 275 1447 334 1m
1465 275 1666 335 TOME

1778 275 2090 337 iNONUM.
3265 272 3333 332 30

153 391 378 446 σπουδαῖοι
396 388 729 457 τυγχάνουσι
756 403 770 418 ο
802 383 972 457 μηδὲν
1015 386 1126 439 τῶν
1173 387 1672 458 χειροτονησάντων

1779 390 2106 444 ordinarunt
2181 388 2384 444 nullum
2451 389 2815 459 pt‘a‘judicium
2887 385 3179 454 adiuratur,
3228 386 3334 441 nisi

154 478 784 553 προκριματιζομένων,εί
841 477 917 548 μὴ
964 476 1371 546 συνεγνώκασι.

201 663 396 716 Συνόδου
431 658 673 723 Νικαίας
704 659 886 712 κανὼν
917 656 960 710 θ’
999 660 1094 711 καὶ
1124 655 1175 712 ι’.

201 753 428 820 Θεοφίλου
465 748 876 820 ’Δλεξανδρείας
908 749 1088 803 κανὼν
1106 748 1182 819 γ’,
1213 747 1278 802 ε’.

203 841 288 906 ξς’.
311 843 424 894 Ὀτι
442 841 524 892 δεῖ
582 840 1042 910 συναφορίζεσθαι
1083 841 1208 902 τοὺς
1265 838 1670 906 συνεγνωκότας

1772 483 1975 536 conscii
2025 482 2242 536 fuerim.

1844 664 2044 734 Synodi
2096 663 2309 717 Nicena:
2341 680 2512 718 canon
2543 663 2577 716 9
2608 673 2661 716 ct
2694 661 2770 715 I0.

1761 775 1765 781 ί
1843 755 2123 823 Theophili
2173 755 2526 809 Alexandrini
2563 771 2734 807 canon
2768 755 2820 817 5,

1845 843 1935 899 66.
1979 844 2242 914 Oportcre
2278 847 2525 900 conscios
2568 861 2670 898 una
2697 862 2822 898 cum
2857 861 2920 900 eo
2951 846 3038 912 qui
3091 844 3335 911 deliquil.
3373 899 3375 901 ,

151 936 205 1003 τῷ
227 931 730 1003 ἁμαρτήσαντι,’καὶ
767 932 844 1000 μὴ
907 931 1390 1000 ὁμολογήσαντας·
1445 929 1538 982 καὶ
1589 928 1671 981 ὅτι

1778 935 1898 989 licet
1933 951 2038 989 non
2070 939 2416 1000 conﬁtentes,
2450 935 2932 990 exeommnnicari.
2969 935 3099 987 ltetn
3147 933 3339 1002 praefe-

153 1028 188 1078 oi
221 1024 533 1094 προεστῶτες
591 1020 1039 1092 ὲφησυχάζοντες
1098 1024 1211 1083 τοῖς
1251 1019 1539 1082 τοιούτοίςν
1591 1017 1671 1087 τῷ

153 1115 268 1184 σὺτῷ
288 1114 514 1184 κρίματι
545 1114 892 1166 ὑπόκεινται.

201 1208 398 1260 Συνόδου
437 1205 716 1276 Ἀγκύρας
732 1206 911 1258 κανὼν
947 1204 1047 1259 κε’.

200 1304 292 1355 Καὶ
330 1302 420 1355 τοῦ
456 1300 612 1370 ἁγίου
646 1299 953 1372 Γρηγορίου
979 1296 1073 1352 τοῦ
1111 1293 1546 1367 Θιυματουργοῢ
1574 1311 1672 1346 κα-

151 1392 230 1445 νὼν
258 1391 315 1461 β’.
1503 1420 1507 1426 ι

200 1485 291 1536 Καὶ
312 1482 399 1536 τοῦ
429 1483 590 1550 ἁγίου
625 1481 910 1535 Βασιλείου
933 1480 1114 1535 κανὼν
1139 1479 1239 1534 οα’.
1535 1549 1537 1552 ρ

192 1576 270 1641 ξφ.
303 1575 420 1628 Ὀτι
451 1574 512 1627 οὐ
537 1575 621 1628 δεῖ
659 1591 781 1628 τινα
810 1573 921 1626 τῶν
953 1573 1270 1643 ἱερωμένων
1301 1571 1334 1642 ἢ
1391 1568 1668 1640 μοναχῶν,

148 1654 373 1736 κοσμικάς
394 1665 572 1734 ἀρχὰς
621 1665 655 1735 ἢ
686 1664 1062 1734 φροντίδας,ῆ
1123 1660 1414 1731 στρατείας
1482 1657 1670 1710 ἀναδέ-

147 1757 322 1827 χεσθαιο
361 1757 551 1826 ἐπειδὴ
580 1756 918 1827 καθαιρεῖται
959 1755 1051 1809 καὶ
1081 1751 1559 1823 ἀναθεματίζεται.

191 1936 290 1989 Τῶν
314 1936 482 2005 ἁγίων
507 1935 821 1990 ἀποστόλων
845 1934 1024 1990 κανὼν
1056 1940 1130 1998 ς’,
1155 1931 1248 1986 πα⁹
1279 1931 1375 1986 καὶ
1396 1935 1510 1998 πγ¹.

196 2026 391 2079 Συνόδου
422 2026 764 2096 Καλχηδόνος
795 2024 972 2079 κανὼν
999 2023 1077 2092 γ’,
1109 2023 1162 2078 δ’
1186 2023 1279 2076 καὶ
1309 2019 1380 2086 ξ’·

195 2116 390 2169 Συνόδου
419 2116 779 2186 Καρθαγένης
812 2115 990 2169 κανὼν
1019 2121 1125 2178 ις’.

194 2208 391 2260 Συνόδου
423 2207 469 2271 ζ’
493 2208 676 2261 κανὼν
708 2215 769 2263 ι’.

193 2296 390 2351 Συνόδου
441 2298 499 2349 ἐν
548 2297 626 2368 τῷ
654 2297 765 2367 ναῷ
810 2295 920 2352 τῶν
972 2297 1167 2365 Ἀγίων
1205 2293 1543 2348 Ἀποστόλων
1573 2309 1672 2344 κα-

143 2388 222 2439 νὼν
251 2395 330 2442 ια’.

193 2480 285 2532 Καὶ
312 2481 532 2549 νομικὸν
559 2481 851 2549 κεφάλαιον
879 2481 998 2548 λγ·,
1026 2480 1145 2544 λό’,
1174 2480 1284 2533 λε’.

192 2569 292 2638 Eq'.
313 2571 431 2624 Ὀτι
459 2569 518 2623 οὑ
542 2570 625 2624 δεῖ
651 2570 1022 2640 πρεσϐύτερον
1045 2571 1124 2633 είς
1149 2571 1358 2638 γάμους
1383 2566 1671 2637 διγαμούν-

141 2660 274 2729 τωνῆ
304 2662 764 2732 παρανομούντων
794 2662 1099 2715 ἑστιᾶσθαι.

193 2839 396 2893 Συνόδου
425 2840 861 2910 Νεοκαισαρείας
890 2839 1068 2894 κανὼν
1097 2837 1166 2902 ζ’.

193 2932 286 2984 Καὶ
307 2933 412 2985 τῶν
439 2932 613 2999 ἁγίων
639 2931 950 2985 ἀποστόλων
976 2931 1158 2984 κανὼν
1187 2937 1292 2984 ια’.

1775 1036 1894 1082 elos
1925 1026 2127 1096 talibus
2156 1029 2572 1097 acquiescentes
2593 1028 2765 1080 eidem
2791 1026 2998 1094 judicio
3033 1024 3336 1093 suitjneerr.

1847 1208 2049 1280 Synodi
2088 1208 2386 1280 Ancyranae
2416 1221 2587 1261 canon
2632 1205 2702 1258 25

1846 1303 2030 1356 Sancti
2062 1299 2308 1372 Gregorii
2340 1297 2731 1366 Thaumaturgi
2771 1311 2942 1350 canon
2975 1296 3028 1348 2.

1845 1491 2025 1547 Sancti
2055 1490 2238 1546 Basilii
2268 1505 2443 1544 canon
2472 1489 2562 1541 7i.

1843 1584 1932 1637 67.
1975 1580 2090 1635 Non
2128 1591 2377 1650 oportere
2415 1593 2740 1649 quemquam
2786 1577 3041 1630 clericmn
3078 1581 3168 1627 aut
3224 1585 3335 1625 tuo-

1774 1677 2005 1728 nachnm
2049 1673 2336 1728 smculares
2370 1671 2739 1739 magistratus,
2775 1676 2866 1720 aut
2903 1682 3064 1720 curas
3094 1675 3184 1718 aut
3230 1665 3335 1716 mi-

1779 1767 1952 1820 litaria
1982 1764 2152 1821 ofﬁcia
2182 1766 2460 1832 suscipere
2513 1780 2524 1816 :
2578 1760 2841 1828 alioquin,
2874 1759 3040 1828 gradu
3095 1766 3338 1817 movetur

1777 1868 1936 1926 atque
1975 1858 2319 1911 anathemate
2361 1853 2693 1922 percellitur.

1848 1946 2175 2000 Sanctorum
2208 1945 2575 2011 apostolorum
2606 1958 2777 1997 canon
2811 1942 2863 2006 6,
2891 1940 2951 1993 8|
2985 1950 3036 1991 et
3067 1939 3156 1992 85.

1848 2036 2047 2108 Synodi
2081 2035 2544 2090 Calchedonensis
2567 2049 2740 2087 canon
2775 2034 2829 2095 3,
2861 2031 2893 2084 4
2921 2041 2972 2083 ct
3004 2031 3052 2084 7.

1847 2129 2048 2198 Synodi
2079 2126 2536 2195 Carthaginiensis
2563 2140 2734 2179 canon
2768 2123 2852 2177 16.

1850 2219 2058 2291 Synodi
2094 2219 2182 2274 γη
2220 2233 2392 2273 canon
2434 2218 2518 2291 ib.

1848 2287 2049 2382 Svnodi
2087 2312 2140 2364 in
2169 2311 2367 2380 templo
2390 2287 2704 2365 sanctorum
2740 2307 3104 2376 apostolorum
3141 2305 3336 2359 habita:

1778 2420 1952 2461 canon
1988 2405 2076 2458 ll.

1847 2497 2006 2567 Legis
2029 2511 2150 2567 cap.
2181 2496 2272 2562 3‘5,
2305 2495 2374 2550 δι
2398 2501 2454 2552 et
2485 2494 2573 2549 55.

1849 2590 1937 2645 68.
1972 2590 2086 2643 Non
2123 2598 2374 2659 oportere
2401 2590 2800 2658 presbyterum.
2822 2600 3005 2639 eorum
3032 2581 3120 2651 qui
3149 2595 3342 2634 secun-

1779 2683 1904 2735 dum
1961 2681 2366 2734 matrimonium
2423 2678 2754 2733 contrahunt
2810 2686 2865 2730 et
2918 2674 3062 2743 leges
3117 2671 3338 2734 violant,

1781 2772 2111 2840 nuptialibus
2144 2770 2408 2825 conviviis
2437 2770 2724 2823 interesse.
3190 2768 3192 2772 ’

1851 2862 2048 2932 Synodi
2085 2861 2543 2916 Neocazsariensis
2578 2875 2751 2913 canon
2786 2860 2839 2912 7.

1853 2955 2179 3010 Sanctorum
2212 2955 2582 3024 aposwlorum
2611 2968 2782 3007 canon
2818 2951 2904 3006 il.

192 3021 274 3086 50’.
315 3025 436 3102 Ὀτι
468 3024 552 3077 δεῖ
582 3023 792 3092 φανερά
828 3018 967 3077 εἷναι
999 3023 1067 3076 τὰ
1098 3024 1193 3076 τοῦ
1231 3023 1530 3076 ἐπισκόπου
1566 3020 1672 3074 ίδια

192 3117 401 3137 μή--
463 3115 513 3137 ,ν
637 3117 725 3137 ___.
761 3115 867 3137 ι---
893 3132 906 3137 _
940 3114 970 3137 ι.
1005 3116 1089 3137 μη.
1125 3115 1391 3137 ,,ς-,,,.-,,,
1422 3112 1646 3137 Mn.-.

1847 3047 1936 3103 69.
1974 3047 2081 3101 Res
2107 3018 2346 3116 episcopi
2377 3047 2644 3116 proprias,
2681 3044 2945 3114 siquidem
2980 3042 3193 3104 habeat,
3222 3052 3338 3090 ma-
3367 3089 3369 3092 .

140 3117 425 3185 πράγματα,
457 3115 513 3168 εῐ
539 3131 603 3183 γε
636 3117 731 3168 καὶ
759 3115 871 3185 ἔχει
893 3132 906 3145 ·
938 3114 974 3169 ἀ
1004 3116 1092 3168 καὶ
1121 3115 1392 3168 τελευτῶν
1421 3112 1674 3168 καταλεία

138 3206 208 3260 det
232 3203 304 3270 οἷς
329 3208 392 3262 ἂν
415 3208 593 3261 ἐθέλοι
615 3223 628 3236 ·
658 3208 718 3260 οὐ
746 3207 854 3276 γάρ
881 3206 1056 3272 ἔξεστι
1081 3210 1192 3270 τοῖς
1218 3207 1498 3278 κληρικοῖς
1524 3207 1672 3277 διαρ-

137 3304 297 3365 πάζειν
323 3304 464 3357 αύτὰ
483 3320 497 3333 ·
527 3303 649 3356 ἐπεὶ
681 3303 1011 3356 ἐκπίπτουσι
1039 3302 1144 3355 τῶν
1174 3300 1391 3354 οἰκείων
1421 3299 1668 3369 βαθμῶν.

135 3392 312 3469 Φανεερ
344 3394 400 3447 δὲ
436 3393 742 3461 ὀφείλουσιν
774 3387 914 3445 εἶναι
951 3392 1047 3444 καὶ
1073 3391 1142 3443 τά
1172 3391 1271 3459 τῆς
1307 3389 1668 3458 Ἐκκλησίας,

135 3485 161 3537 ἃ
185 3486 265 3539 καὶ
289 3487 535 3555 ἀμείωτα
565 3487 632 3556 τῇ
667 3483 963 3553 Ἐκκλησία
989 3481 1068 3535 δεῖ
1100 3478 1482 3551 συντηρεῖσθαι
1501 3518 1515 3543 ,
1550 3480 1671 3530 ἐπι-

137 3579 483 3650 γινωσκόμενα
518 3580 672 3648 παρὰ
700 3577 810 3642 τῶν
840 3577 1224 3648 πρεσϐυτέρων
1255 3574 1349 3626 καὶ
1383 3573 1667 3625 διακόνων.

136 3671 221 3722 Καὶ
248 3671 303 3723 οὐ
337 3673 418 3725 δεῖ
453 3669 803 3727 ἀπαιτεῖσθαι
851 3669 960 3723 ἀπὸ
994 3666 1101 3720 τῶν
1155 3664 1488 3735 Ἐκκλησιῶν
1524 3664 1666 3731 πρά-

135 3779 289 3831 γματα
326 3765 474 3833 ἀπερ
495 3764 590 3817 καὶ
610 3764 717 3817 ἀπὸ
744 3763 852 3817 τῶν
880 3761 1080 3814 λοιπῶν
1111 3758 1415 3828 ἀνθρώπων
1441 3755 1548 3807 τῶν
1576 3753 1670 3806 τοῦ

134 3851 309 3908 κοινοῦ·
337 3857 370 3928 ἢ
405 3855 584 3926 μόνων
611 3854 867 3924 γεφυρῶν
892 3852 1192 3920 οίκοδομαὶ,
1222 3850 1313 3902 καὶ
1342 3845 1672 3908 ἀνανεώσεις

134 3942 183 3993 ἐκ
209 3943 399 3998 τούτων
434 3946 775 4013 γενήσονται.
815 3945 924 3997 Καὶ
965 3939 1389 4013 μηδὲδύνασθαι
1422 3938 1515 3990 τὸν
1549 3935 1670 3988 ἐπί-

134 4046 300 4086 σκοπον
323 4034 666 4102 ἀπεμπολείν
692 4051 746 4086 τι
770 4034 877 4087 τῶν
903 4034 998 4103 τῆς
1029 4031 1358 4099 Ἑκκλησίας
1385 4029 1552 4099 χωρὶς
1582 4043 1674 4096 με·-

132 4120 273 4190 τᾶλης
294 4124 577 4193 ἀνάγκης·
604 4125 699 4176 καὶ
725 4125 849 4175 τότε
883 4123 930 4174 εί
957 4124 1136 4191 δεήσει
1167 4119 1282 4192 [ῑσ.
1313 4117 1548 4188 εἰδήσει]
1579 4115 1670 4168 τοῦ

132 4213 472 4280 πρωτεύοντος
494 4215 594 4283 τῆς
619 4214 910 4283 ἐπαρχίας,
935 4213 1052 4283 ἦτοι
1079 4214 1321 4281 μείζονος
1345 4210 1670 4280 ἀρχιερέως.

139 4303 337 4368 Ὁμοίως
383 4307 481 4358 καὶ
520 4306 618 4365 τὰς
664 4305 1025 4375 ὲμφυτεύσεις
1069 4306 1270 4375 είδήσει
1313 4301 1477 4356 αὑτοῦ
1523 4301 1673 4368 γίνεο

1779 3138 2004 3192 nifestas
2037 3151 2157 3192 esse
2192 3148 2467 3205 oportere,
2506 3150 2640 3204 quas
2686 3135 2924 3189 moriens
2972 3133 3165 3200 quibus
3212 3129 3342 3182 veiit

1777 3229 2085 3296 relinquat;
2125 3226 2472 3296 nequeenim
2502 3226 2627 3280 licet
2654 3225 2868 3280 clericis
2910 3225 3055 3292 ipsas
3080 3222 3338 3288 diripere,

1773 3321 2014 3386 alioquin
2048 3319 2306 3388 gradibus
2349 3316 2462 3375 suis
2495 3319 2772 3373 excidunt.
2814 3315 2921 3370 Res
2953 3315 3116 3369 etiam
3151 3312 3339 3366 Eccle-

1773 3413 1866 3466 siae
1899 3413 2073 3481 palam
2105 3426 2225 3466 esse
2275 3412 2494 3474 debent,
2543 3427 2662 3480 qua:
2695 3410 2913 3478 quidem
2944 3404 3168 3474 int'egraa
3206 3417 3339 3456 con-

1774 3504 2055 3558 servandae
2102 3510 2228 3556 sunt
2279 3502 2560 3564 Ecclesiae,
2615 3499 2946 3570 presbyteris
2995 3507 3049 3551 et
3100 3496 3342 3549 diaconis

1774 3604 1936 3650 notae.
1970 3593 2154 3661 Neque
2196 3608 2324 3648 vero
2381 3608 2441 3648 ea
2499 3601 2624 3648 sunt
2679 3591 2746 3646 ab
2781 3589 3018 3644 Ecclesia
3053 3587 3336 3657 exigenda,

1774 3702 1891 3756 qua:
1943 3703 1972 3740 a
2008 3685 2236 3755 reliquis
2287 3685 2668 3741 communibus
2719 3681 3074 3738 hominibus:
3111 3688 3337 3748 prmter-

1774 3796 1938 3851 quam
1975 3779 2118 3847 quod
2169 3784 2382 3833 tantum
2420 3777 2666 3847 pontium
2726 3773 3127 3830 exstruetiones
3181 3781 3341 3839 atque

1774 3870 2199 3927 instaurationes
2232 3869 2302 3923 ab
2337 3870 2404 3923 iis
2434 3867 2583 3922 (ient.
2613 3868 2691 3921 Ae
2735 3879 2908 3935 neque
2938 3879 3097 3933 posse
3125 3861 3339 3931 episco-

1775 3980 1898 4034 pum
1929 3964 2226 4034 quidquam
2260 3961 2552 4016 divendere
2578 3974 2765 4014 eorum
2792 3973 2910 4028 qua:
2936 3959 3000 4010 ad
3039 3954 3335 4010 Ecclesiam

1776 4055 2051 4124 pertinent
2101 4055 2239 4108 citra
2299 4067 2547 4121 magnam
2601 4051 2996 4113 necessitatem,
3052 4049 3210 4113 idque
3261 4060 3327 4098 ex

1776 4146 2000 4202 scientia
2053 4145 2344 4213 provincia:
2391 4142 2657 4211 primatis,
2695 4156 2788 4194 seu
2838 4138 3057 4205 majoris
3091 4135 3335 4205 praelati:

1775 4237 2026 4290 similiter
2051 4237 2214 4290 etiam
2245 4237 2629 4304 emphyteuses
2663 4235 2778 4302 ipso
2813 4233 3014 4286 sciente
3044 4230 3177 4282 lieri.
3208 4229 3337 4280 item

1774 4344 1895 4384 eum
1931 4329 2024 4396 qui
2074 4343 2178 4381 non
2228 4327 2389 4380 solvit
2421 4339 2680 4379 canonem
2730 4320 3186 4391 emphyteuticum
3220 4328 3338 4388 post

133 4393 260 4448 aﬁat'
299 4399 392 4449 καὶ
435 4397 520 4450 ὅτι
561 4397 591 4448 ὁ
637 4397 713 4467 μὴ
755 4396 1108 4450 καταϐάλλων
1143 4396 1234 4448 τὸν
1275 4391 1672 4463 ὲμφυτευτικὺν

1779 4420 2081 4484 biennium,
2113 4420 2331 4487 penitus
2370 4418 2623 4474 excidere
2646 4418 3105 4484 emphyteutnate.

131 4487 293 4540 κανόνα
331 4488 425 4540 ἐπὶ
462 4487 639 4558 διετίᾳ
677 4487 930 4541 ἐκπίπτει
966 4487 1232 4550 παντοίως
1266 4485 1358 4539 τοῦ
1393 4483 1667 4553 ἐμφυτεύ-

131 4595 284 4644 ματος.

179 4667 285 4718 Τῶν
312 4670 488 4737 ἁγίων
515 4669 828 4723 ἀποστόλων
855 4667 1036 4722 κανὼν
1070 4667 1153 4737 μ’.

183 4757 390 4811 Συνόδου
422 4761 752 4830 Ἀντιοχείας
783 4760 964 4813 κανὼν
990 4761 1106 4817 κδ’.

179 4850 388 4904 Συνόδου
423 4852 767 4921 Καλχηδόνος
800 4852 981 4906 κανὼν
1010 4853 1124 4923 κβ’.

179 4939 388 4995 Συνόδου
418 4940 787 5011 Καρθαγένης
817 4941 997 4997 κανὼν
1019 4931 1056 4995 ’κ
1069 4941 1117 4994 ε’
1145 4943 1238 4995 καὶ
1267 4943 1386 5009 λγ’.

180 5031 389 5087 Συνόδου
417 5033 465 5099 ζ’
488 5032 667 5087 κανὼν
695 5033 799 5088 ιϐ’.

180 5121 269 5174 Τοῦ
297 5124 458 5192 ἀγίου
492 5124 766 5193 Κυρίλλου
797 5124 976 5180 κανὼν
1006 5126 1084 5196 β’.

177 5214 274 5268 Καὶ
303 5216 531 5286 νομικὸν
563 5216 855 5284 κεφάλαιον
887 5225 996 5285 ιγ’,
1029 5219 1126 5285 ιδ’,
1194 5227 1261 5282 ε’,
1300 5226 1401 5288 κγ’
1428 5222 1522 5274 καὶ
1551 5222 1659 5278 λε’.

177 5302 226 5358 0'.
247 5307 368 5359 Ὀτι
394 5308 480 5360 δεῖ
513 5306 679 5376 μηδὲν
704 5308 964 5378 πράττειν
986 5310 1110 5372 τοὺς
1133 5310 1538 5382 πρεσῦυτέρους
1566 5318 1660 5368 καὶ
1724 5351 1730 5356 -

122 5393 363 5462 διακόνους
393 5400 570 5468 χωρὶς
597 5397 823 5471 γνώμης
846 5400 939 5452 τοῦ
969 5401 1294 5455 ἐπισκόπου.

172 5486 279 5540 Τῶν
302 5492 476 5559 ἁγίων
503 5491 817 5544 ἀποστόλων
846 5492 1165 5547 κανὼν’λθ’.

175 5579 386 5635 Συνόδου
420 5583 697 5652 ’Δγκύρας
737 5583 914 5637 κανὼν
949 5591 1035 5638 ιε’.

194 5674 292 5729 Καὶ
321 5677 541 5730 συνόδου
572 5678 928 5749 Καρθαγένης
961 5681 1136 5736 κανὼν
1167 5683 1192 5733 λ
1212 5683 1287 5749 γ’.

1850 4681 2170 4735 Sanctorum
2196 4681 2561 4750 apostolorum
2607 4695 2777 4736 canon
2815 4679 2880 4731 40

1847 4771 2049 4843 Synodi
2080 4773 2429 4828 Antiochenre
2461 4787 2635 4827 canon
2681 4771 2770 4823 ‘24.

1845 4858 2043 4928 Synodi
2076 4860 2528 4914 Calchedonensis
2559 4875 2728 4915 canon
2770 4859 2862 4912 9.9..

1846 4949 2044 5020 Synodi
2085 4951 2543 5020 Carthaginiensis
2575 4967 2747 5004 canon
2776 4951 2847 5004 25
2877 4960 2930 5005 et
2956 4949 3044 5002 53.

1845 5038 2050 5108 Synodi
2077 5037 2166 5091 VII
2198 5054 2372 5093 canon
2413 5039 2500 5094 19.

1843 5129 2025 5184 Sancti
2059 5129 2244 5199 Cyriili
2276 5145 2449 5183 canon
2481 5131 2536 5182 9..

1842 5219 1999 5286 Legis
2034 5231 2190 5288 caput
2228 5222 2316 5285 l5,
2351 5221 2439 5286 Μ,
2480 5221 2567 5284 l5,
2598 5221 2668 5275 '23
2700 5228 2751 5275 et
2779 5219 2872 5274 35.

1843 5323 1934 5375 70.
1977 5322 2092 5375 Non
2122 5337 2373 5392 oportere
2411 5326 2757 5393 presbyteros
2801 5333 2853 5377 et
2889 5323 3145 5377 diaconos
3174 5320 3333 5388 quili-

1776 5427 1934 5481 quam
1977 5411 2160 5469 facere
2191 5417 2397 5482 absque
2437 5416 2671 5483 epise0pi
2715 5429 3004 5468 consensu.

1843 5489 2166 5558 Sanctorum
2197 5506 2562 5573 apostolorum
2592 5521 2762 5559 canon
2798 5506 2888 5559 59.

1847 5594 2045 5664 Synodi
2083 5597 2390 5664 Ancyranze
2423 5611 2596 5651 canon
2645 5598 2731 5650 l5.

1849 5686 2047 5754 Synodi
2106 5687 2564 5755 Carthaginiensis
2614 5699 2780 5741 canon
2814 5687 2902 5739 55.
