  <div class='ocr_page' id='page_1' title='image "/cluster/home/n/w/nwhite01/storage/ocr_20150623/133/pst.000005714490/025.png"; bbox 0 0 4010 6336; ppageno 0'>
   <div class='ocr_carea' id='block_1_1' title="bbox 646 300 2229 369">
    <p class='ocr_par' dir='ltr' id='par_1_1' title="bbox 646 300 2228 369">
     <span class='ocr_line' id='line_1_1' title="bbox 646 300 2228 369; baseline -0.001 0"><span class='ocrx_word' id='word_1_1' title='bbox 646 300 712 369; x_wconf 78' lang='grc'>31</span> <span class='ocrx_word' id='word_1_2' title='bbox 1492 328 1509 338; x_wconf 81' lang='grc'><strong>·</strong></span> <span class='ocrx_word' id='word_1_3' title='bbox 1912 306 2228 369; x_wconf 78' lang='lat' dir='ltr'><strong>ARSENII</strong></span> 
     </span>
    </p>
   </div>
   <div class='ocr_carea' id='block_1_2' title="bbox 2300 300 3883 369">
    <p class='ocr_par' dir='ltr' id='par_1_2' title="bbox 2300 305 3883 369">
     <span class='ocr_line' id='line_1_2' title="bbox 2300 305 3883 369; baseline 0.001 -4"><span class='ocrx_word' id='word_1_4' title='bbox 2300 306 2613 369; x_wconf 73' lang='lat' dir='ltr'><strong>IONACIII</strong></span> <span class='ocrx_word' id='word_1_5' title='bbox 3808 305 3883 368; x_wconf 77' lang='lat'>32</span> 
     </span>
    </p>
   </div>
   <div class='ocr_carea' id='block_1_3' title="bbox 705 422 2288 498">
    <p class='ocr_par' dir='ltr' id='par_1_3' title="bbox 705 423 2278 498">
     <span class='ocr_line' id='line_1_3' title="bbox 705 423 2278 498; baseline -0.003 -16"><span class='ocrx_word' id='word_1_6' title='bbox 705 423 807 490; x_wconf 71' lang='grc' dir='ltr'>Ἥ.</span> <span class='ocrx_word' id='word_1_7' title='bbox 847 425 1112 495; x_wconf 90' lang='lat' dir='ltr'><strong>Oportcre</strong></span> <span class='ocrx_word' id='word_1_8' title='bbox 1139 429 1451 498; x_wconf 82' lang='lat' dir='ltr'><strong>episcopum</strong></span> <span class='ocrx_word' id='word_1_9' title='bbox 1481 425 1534 482; x_wconf 91' lang='lat' dir='ltr'><strong>iu</strong></span> <span class='ocrx_word' id='word_1_10' title='bbox 1578 425 1824 482; x_wconf 85' lang='lat' dir='ltr'><strong>subditas</strong></span> <span class='ocrx_word' id='word_1_11' title='bbox 1863 424 1966 479; x_wconf 84' lang='lat' dir='ltr'><strong>sibi</strong></span> <span class='ocrx_word' id='word_1_12' title='bbox 1993 423 2205 479; x_wconf 87' lang='lat' dir='ltr'><strong>animas</strong></span> <span class='ocrx_word' id='word_1_13' title='bbox 2231 427 2278 485; x_wconf 77' lang='grc' dir='ltr'><strong>Δ</strong></span> 
     </span>
    </p>
   </div>
   <div class='ocr_carea' id='block_1_4' title="bbox 2299 422 3882 498">
    <p class='ocr_par' dir='ltr' id='par_1_4' title="bbox 2374 422 3882 494">
     <span class='ocr_line' id='line_1_4' title="bbox 2374 422 3882 494; baseline -0.001 -17"><span class='ocrx_word' id='word_1_14' title='bbox 2374 430 2474 480; x_wconf 87' lang='grc' dir='ltr'>οα’.</span> <span class='ocrx_word' id='word_1_15' title='bbox 2512 426 2635 479; x_wconf 86' lang='grc' dir='ltr'>Ὅτι</span> <span class='ocrx_word' id='word_1_16' title='bbox 2688 424 2771 478; x_wconf 86' lang='grc' dir='ltr'><strong>δεῖ</strong></span> <span class='ocrx_word' id='word_1_17' title='bbox 2812 424 2902 479; x_wconf 75' lang='grc' dir='ltr'>τὸν</span> <span class='ocrx_word' id='word_1_18' title='bbox 2944 423 3240 479; x_wconf 80' lang='grc' dir='ltr'>ἐπίσκοπον</span> <span class='ocrx_word' id='word_1_19' title='bbox 3287 422 3532 491; x_wconf 74' lang='grc' dir='ltr'><strong>ἐξουσίαν</strong></span> <span class='ocrx_word' id='word_1_20' title='bbox 3579 422 3720 494; x_wconf 76' lang='grc' dir='ltr'>ἔχειν</span> <span class='ocrx_word' id='word_1_21' title='bbox 3764 423 3882 476; x_wconf 79' lang='grc' dir='ltr'><strong>τῶν</strong></span> 
     </span>
    </p>
   </div>
   <div class='ocr_carea' id='block_1_5' title="bbox 645 513 2228 593">
    <p class='ocr_par' dir='ltr' id='par_1_5' title="bbox 645 517 2205 589">
     <span class='ocr_line' id='line_1_5' title="bbox 645 517 2205 589; baseline 0.003 -21"><span class='ocrx_word' id='word_1_22' title='bbox 645 525 964 584; x_wconf 82' lang='lat' dir='ltr'><strong>potestatem</strong></span> <span class='ocrx_word' id='word_1_23' title='bbox 1019 519 1246 585; x_wconf 89' lang='lat' dir='ltr'><strong>habere,</strong></span> <span class='ocrx_word' id='word_1_24' title='bbox 1279 533 1565 589; x_wconf 82' lang='lat' dir='ltr'><strong>rerumque</strong></span> <span class='ocrx_word' id='word_1_25' title='bbox 1596 517 1849 573; x_wconf 79' lang='lat' dir='ltr'><strong>Ecclesia:</strong></span> <span class='ocrx_word' id='word_1_26' title='bbox 1896 533 2084 572; x_wconf 85' lang='lat' dir='ltr'><strong>curam</strong></span> <span class='ocrx_word' id='word_1_27' title='bbox 2112 532 2205 587; x_wconf 81' lang='lat' dir='ltr'><strong>ge-</strong></span> 
     </span>
    </p>
   </div>
   <div class='ocr_carea' id='block_1_6' title="bbox 2298 513 3881 593">
    <p class='ocr_par' dir='ltr' id='par_1_6' title="bbox 2309 513 3881 593">
     <span class='ocr_line' id='line_1_6' title="bbox 2309 513 3881 593; baseline -0.004 -20"><span class='ocrx_word' id='word_1_28' title='bbox 2309 517 2681 586; x_wconf 77' lang='grc' dir='ltr'>ὗποκειμὲνων</span> <span class='ocrx_word' id='word_1_29' title='bbox 2716 517 2864 587; x_wconf 82' lang='grc' dir='ltr'>αὐτῷ</span> <span class='ocrx_word' id='word_1_30' title='bbox 2900 516 3106 593; x_wconf 75' lang='grc' dir='ltr'>ψυχῶν,</span> <span class='ocrx_word' id='word_1_31' title='bbox 3147 518 3243 570; x_wconf 72' lang='grc' dir='ltr'>καὶ</span> <span class='ocrx_word' id='word_1_32' title='bbox 3279 517 3588 587; x_wconf 70' lang='grc' dir='ltr'><strong>φροντίζειν</strong></span> <span class='ocrx_word' id='word_1_33' title='bbox 3626 513 3734 567; x_wconf 78' lang='grc' dir='ltr'><strong>τῶν</strong></span> <span class='ocrx_word' id='word_1_34' title='bbox 3770 513 3881 582; x_wconf 77' lang='grc' dir='ltr'>τῆς</span> 
     </span>
    </p>
   </div>
   <div class='ocr_carea' id='block_1_7' title="bbox 646 605 2229 682">
    <p class='ocr_par' dir='ltr' id='par_1_7' title="bbox 646 605 2203 673">
     <span class='ocr_line' id='line_1_7' title="bbox 646 605 2203 673; baseline 0.003 -16"><span class='ocrx_word' id='word_1_35' title='bbox 646 618 768 660; x_wconf 86' lang='lat' dir='ltr'><strong>rere</strong></span> <span class='ocrx_word' id='word_1_36' title='bbox 795 621 916 660; x_wconf 86' lang='lat' dir='ltr'><strong>cum</strong></span> <span class='ocrx_word' id='word_1_37' title='bbox 951 605 1043 660; x_wconf 87' lang='lat' dir='ltr'><strong>Dei</strong></span> <span class='ocrx_word' id='word_1_38' title='bbox 1085 608 1304 673; x_wconf 85' lang='lat' dir='ltr'><strong>timore,</strong></span> <span class='ocrx_word' id='word_1_39' title='bbox 1350 623 1414 664; x_wconf 87' lang='lat' dir='ltr'><strong>ac</strong></span> <span class='ocrx_word' id='word_1_40' title='bbox 1459 624 1565 663; x_wconf 87' lang='lat' dir='ltr'><strong>non</strong></span> <span class='ocrx_word' id='word_1_41' title='bbox 1616 624 1708 663; x_wconf 86' lang='lat' dir='ltr'><strong>eas</strong></span> <span class='ocrx_word' id='word_1_42' title='bbox 1742 608 1843 663; x_wconf 92' lang='lat' dir='ltr'><strong>sibi</strong></span> <span class='ocrx_word' id='word_1_43' title='bbox 1879 609 2166 663; x_wconf 80' lang='lat' dir='ltr'><strong>vendicare</strong></span> <span class='ocrx_word' id='word_1_44' title='bbox 2188 649 2203 671; x_wconf 87' lang='lat'><strong>,</strong></span> 
     </span>
    </p>
   </div>
   <div class='ocr_carea' id='block_1_8' title="bbox 2296 605 3879 682">
    <p class='ocr_par' dir='ltr' id='par_1_8' title="bbox 2320 606 3879 682">
     <span class='ocr_line' id='line_1_8' title="bbox 2320 606 3879 682; baseline -0.004 -18"><span class='ocrx_word' id='word_1_45' title='bbox 2320 611 2642 680; x_wconf 83' lang='grc' dir='ltr'>Ἐκκλησίας</span> <span class='ocrx_word' id='word_1_46' title='bbox 2676 611 3019 682; x_wconf 83' lang='grc' dir='ltr'><strong>πραγμάτων</strong></span> <span class='ocrx_word' id='word_1_47' title='bbox 3060 610 3200 681; x_wconf 84' lang='grc' dir='ltr'><strong>μετά</strong></span> <span class='ocrx_word' id='word_1_48' title='bbox 3244 611 3407 678; x_wconf 80' lang='grc' dir='ltr'>φόόου</span> <span class='ocrx_word' id='word_1_49' title='bbox 3447 607 3617 671; x_wconf 82' lang='grc' dir='ltr'>Θεοῦ,</span> <span class='ocrx_word' id='word_1_50' title='bbox 3664 607 3755 659; x_wconf 74' lang='grc' dir='ltr'>καὶ</span> <span class='ocrx_word' id='word_1_51' title='bbox 3796 606 3879 676; x_wconf 81' lang='grc' dir='ltr'>μὴ</span> 
     </span>
    </p>
   </div>
   <div class='ocr_carea' id='block_1_9' title="bbox 646 695 2229 773">
    <p class='ocr_par' dir='ltr' id='par_1_9' title="bbox 646 698 2207 771">
     <span class='ocr_line' id='line_1_9' title="bbox 646 698 2207 771; baseline 0.004 -23"><span class='ocrx_word' id='word_1_52' title='bbox 646 704 741 749; x_wconf 81' lang='lat' dir='ltr'><strong>aut</strong></span> <span class='ocrx_word' id='word_1_53' title='bbox 768 698 1029 763; x_wconf 70' lang='lat' dir='ltr'><strong>sanguine</strong></span> <span class='ocrx_word' id='word_1_54' title='bbox 1058 699 1161 752; x_wconf 91' lang='lat' dir='ltr'><strong>sibi</strong></span> <span class='ocrx_word' id='word_1_55' title='bbox 1191 701 1494 769; x_wconf 89' lang='lat' dir='ltr'><strong>conjunctis</strong></span> <span class='ocrx_word' id='word_1_56' title='bbox 1522 701 1730 771; x_wconf 79' lang='lat' dir='ltr'><strong>largiri,</strong></span> <span class='ocrx_word' id='word_1_57' title='bbox 1756 701 1850 755; x_wconf 88' lang='lat' dir='ltr'><strong>sed</strong></span> <span class='ocrx_word' id='word_1_58' title='bbox 1878 699 2207 770; x_wconf 83' lang='lat' dir='ltr'><strong>pauperibus</strong></span> 
     </span>
    </p>
   </div>
   <div class='ocr_carea' id='block_1_10' title="bbox 2297 695 3880 773">
    <p class='ocr_par' dir='ltr' id='par_1_10' title="bbox 2310 695 3880 773">
     <span class='ocr_line' id='line_1_10' title="bbox 2310 695 3880 773; baseline -0.003 -19"><span class='ocrx_word' id='word_1_59' title='bbox 2310 701 2717 771; x_wconf 78' lang='grc' dir='ltr'><strong>σφετερίζεσθαι</strong></span> <span class='ocrx_word' id='word_1_60' title='bbox 2743 702 2913 758; x_wconf 78' lang='grc' dir='ltr'>ταῦτα</span> <span class='ocrx_word' id='word_1_61' title='bbox 2931 743 2949 773; x_wconf 18' lang='grc' dir='ltr'><strong>,η</strong></span> <span class='ocrx_word' id='word_1_62' title='bbox 2977 701 3329 772; x_wconf 79' lang='grc' dir='ltr'>ἢ.συγγενέσι</span> <span class='ocrx_word' id='word_1_63' title='bbox 3360 697 3706 771; x_wconf 76' lang='grc' dir='ltr'>χαρίζεσθαι,</span> <span class='ocrx_word' id='word_1_64' title='bbox 3736 695 3880 751; x_wconf 84' lang='grc' dir='ltr'>ἀλλὰ</span> 
     </span>
    </p>
   </div>
   <div class='ocr_carea' id='block_1_11' title="bbox 646 786 2229 862">
    <p class='ocr_par' dir='ltr' id='par_1_11' title="bbox 646 786 2206 859">
     <span class='ocr_line' id='line_1_11' title="bbox 646 786 2206 859; baseline 0.006 -22"><span class='ocrx_word' id='word_1_65' title='bbox 646 786 1099 854; x_wconf 76' lang='lat' dir='ltr'><strong>subministrare,</strong></span> <span class='ocrx_word' id='word_1_66' title='bbox 1152 800 1407 859; x_wconf 84' lang='lat' dir='ltr'><strong>tauquam</strong></span> <span class='ocrx_word' id='word_1_67' title='bbox 1488 792 1676 845; x_wconf 82' lang='lat' dir='ltr'><strong>harum</strong></span> <span class='ocrx_word' id='word_1_68' title='bbox 1755 791 2019 846; x_wconf 85' lang='lat' dir='ltr'><strong>rationem</strong></span> <span class='ocrx_word' id='word_1_69' title='bbox 2094 787 2206 846; x_wconf 88' lang='lat' dir='ltr'><strong>Deo</strong></span> 
     </span>
    </p>
   </div>
   <div class='ocr_carea' id='block_1_12' title="bbox 2297 786 3880 862">
    <p class='ocr_par' dir='ltr' id='par_1_12' title="bbox 2309 787 3880 862">
     <span class='ocr_line' id='line_1_12' title="bbox 2309 787 3880 862; baseline -0.003 -18"><span class='ocrx_word' id='word_1_70' title='bbox 2309 791 2536 854; x_wconf 78' lang='grc' dir='ltr'>πένησιν</span> <span class='ocrx_word' id='word_1_71' title='bbox 2562 791 3029 862; x_wconf 78' lang='grc' dir='ltr'>ἑπιχορηγεῖσθαι,</span> <span class='ocrx_word' id='word_1_72' title='bbox 3058 792 3132 854; x_wconf 83' lang='grc' dir='ltr'><strong>ὡς</strong></span> <span class='ocrx_word' id='word_1_73' title='bbox 3162 791 3369 860; x_wconf 76' lang='grc' dir='ltr'>μέλλων</span> <span class='ocrx_word' id='word_1_74' title='bbox 3397 790 3555 857; x_wconf 81' lang='grc' dir='ltr'>λόγον</span> <span class='ocrx_word' id='word_1_75' title='bbox 3580 787 3880 841; x_wconf 80' lang='grc' dir='ltr'>ἀποδοῦναι</span> 
     </span>
    </p>
   </div>
   <div class='ocr_carea' id='block_1_13' title="bbox 645 872 2228 955">
    <p class='ocr_par' dir='ltr' id='par_1_13' title="bbox 645 872 2207 952">
     <span class='ocr_line' id='line_1_13' title="bbox 645 872 2207 952; baseline 0.006 -27"><span class='ocrx_word' id='word_1_76' title='bbox 645 872 979 930; x_wconf 82' lang='lat' dir='ltr'><strong>redditurus.</strong></span> <span class='ocrx_word' id='word_1_77' title='bbox 1028 877 1408 933; x_wconf 73' lang='lat' dir='ltr'><strong>Verumtamen</strong></span> <span class='ocrx_word' id='word_1_78' title='bbox 1459 894 1555 949; x_wconf 85' lang='lat' dir='ltr'><strong>per</strong></span> <span class='ocrx_word' id='word_1_79' title='bbox 1601 880 1945 952; x_wconf 70' lang='lat' dir='ltr'><strong>presbyteros</strong></span> <span class='ocrx_word' id='word_1_80' title='bbox 1989 890 2044 935; x_wconf 89' lang='lat' dir='ltr'><strong>et</strong></span> <span class='ocrx_word' id='word_1_81' title='bbox 2088 881 2207 937; x_wconf 87' lang='lat' dir='ltr'><strong>dia-</strong></span> 
     </span>
    </p>
   </div>
   <div class='ocr_carea' id='block_1_14' title="bbox 2301 872 3884 955">
    <p class='ocr_par' dir='ltr' id='par_1_14' title="bbox 2309 877 3884 955">
     <span class='ocr_line' id='line_1_14' title="bbox 2309 877 3884 955; baseline -0.008 -12"><span class='ocrx_word' id='word_1_82' title='bbox 2309 883 2440 954; x_wconf 74' lang='grc' dir='ltr'>περὶ</span> <span class='ocrx_word' id='word_1_83' title='bbox 2476 885 2654 938; x_wconf 82' lang='grc' dir='ltr'>αὐτῶν</span> <span class='ocrx_word' id='word_1_84' title='bbox 2681 884 2757 954; x_wconf 81' lang='grc' dir='ltr'><strong>τῷ</strong></span> <span class='ocrx_word' id='word_1_85' title='bbox 2786 884 2913 955; x_wconf 76' lang='grc' dir='ltr'>θεῷ</span> <span class='ocrx_word' id='word_1_86' title='bbox 2934 900 2950 915; x_wconf 71' lang='grc' dir='ltr'>ο</span> <span class='ocrx_word' id='word_1_87' title='bbox 2984 884 3123 955; x_wconf 80' lang='grc' dir='ltr'>πλὴν</span> <span class='ocrx_word' id='word_1_88' title='bbox 3151 883 3287 938; x_wconf 85' lang='grc' dir='ltr'>ἀλλὰ</span> <span class='ocrx_word' id='word_1_89' title='bbox 3323 881 3414 936; x_wconf 79' lang='grc' dir='ltr'><strong>διά</strong></span> <span class='ocrx_word' id='word_1_90' title='bbox 3440 881 3546 934; x_wconf 87' lang='grc' dir='ltr'><strong>τῶν</strong></span> <span class='ocrx_word' id='word_1_91' title='bbox 3577 877 3884 951; x_wconf 74' lang='grc' dir='ltr'>πρεσϐυτέ-</span> 
     </span>
    </p>
   </div>
   <div class='ocr_carea' id='block_1_15' title="bbox 648 964 2231 1044">
    <p class='ocr_par' dir='ltr' id='par_1_15' title="bbox 648 968 2204 1041">
     <span class='ocr_line' id='line_1_15' title="bbox 648 968 2204 1041; baseline 0.002 -23"><span class='ocrx_word' id='word_1_92' title='bbox 648 968 815 1021; x_wconf 74' lang='grc' dir='ltr'>οοιιοε</span> <span class='ocrx_word' id='word_1_93' title='bbox 875 969 1017 1036; x_wconf 77' lang='lat' dir='ltr'><strong>ipsas</strong></span> <span class='ocrx_word' id='word_1_94' title='bbox 1050 969 1380 1025; x_wconf 73' lang='lat' dir='ltr'><strong>distribuere</strong></span> <span class='ocrx_word' id='word_1_95' title='bbox 1430 972 1588 1026; x_wconf 79' lang='lat' dir='ltr'><strong>debet</strong></span> <span class='ocrx_word' id='word_1_96' title='bbox 1626 986 1725 1041; x_wconf 83' lang='lat' dir='ltr'><strong>pro</strong></span> <span class='ocrx_word' id='word_1_97' title='bbox 1778 986 1876 1026; x_wconf 84' lang='lat' dir='ltr'><strong>sua</strong></span> <span class='ocrx_word' id='word_1_98' title='bbox 1919 979 2204 1039; x_wconf 67' lang='lat' dir='ltr'><strong>potestate,</strong></span> 
     </span>
    </p>
   </div>
   <div class='ocr_carea' id='block_1_16' title="bbox 2299 964 3882 1044">
    <p class='ocr_par' dir='ltr' id='par_1_16' title="bbox 2314 964 3882 1044">
     <span class='ocr_line' id='line_1_16' title="bbox 2314 964 3882 1044; baseline -0.006 -17"><span class='ocrx_word' id='word_1_99' title='bbox 2314 992 2422 1044; x_wconf 90' lang='grc' dir='ltr'><strong>ρων</strong></span> <span class='ocrx_word' id='word_1_100' title='bbox 2458 975 2552 1027; x_wconf 73' lang='grc' dir='ltr'><strong>καλ⁸</strong></span> <span class='ocrx_word' id='word_1_101' title='bbox 2590 972 2851 1027; x_wconf 85' lang='grc' dir='ltr'>διακόνων</span> <span class='ocrx_word' id='word_1_102' title='bbox 2883 972 3054 1027; x_wconf 79' lang='grc' dir='ltr'>ταῦτα</span> <span class='ocrx_word' id='word_1_103' title='bbox 3088 970 3365 1041; x_wconf 81' lang='grc' dir='ltr'>διανέμειν</span> <span class='ocrx_word' id='word_1_104' title='bbox 3400 968 3543 1023; x_wconf 85' lang='grc' dir='ltr'><strong>κατά</strong></span> <span class='ocrx_word' id='word_1_105' title='bbox 3576 968 3673 1039; x_wconf 79' lang='grc' dir='ltr'>τὴν</span> <span class='ocrx_word' id='word_1_106' title='bbox 3710 964 3882 1020; x_wconf 73' lang='grc' dir='ltr'>αὑτοῦ</span> 
     </span>
    </p>
   </div>
   <div class='ocr_carea' id='block_1_17' title="bbox 645 1057 2228 1131">
    <p class='ocr_par' dir='ltr' id='par_1_17' title="bbox 645 1058 2210 1131">
     <span class='ocr_line' id='line_1_17' title="bbox 645 1058 2210 1131; baseline 0.004 -22"><span class='ocrx_word' id='word_1_107' title='bbox 645 1070 757 1111; x_wconf 86' lang='lat' dir='ltr'><strong>uno</strong></span> <span class='ocrx_word' id='word_1_108' title='bbox 800 1074 864 1112; x_wconf 80' lang='lat' dir='ltr'><strong>cx</strong></span> <span class='ocrx_word' id='word_1_109' title='bbox 901 1058 1035 1127; x_wconf 86' lang='lat' dir='ltr'><strong>ipsis</strong></span> <span class='ocrx_word' id='word_1_110' title='bbox 1072 1062 1447 1131; x_wconf 77' lang='lat' dir='ltr'><strong>dispensatore</strong></span> <span class='ocrx_word' id='word_1_111' title='bbox 1491 1064 1812 1131; x_wconf 68' lang='lat' dir='ltr'><strong>constituto,</strong></span> <span class='ocrx_word' id='word_1_112' title='bbox 1858 1077 1923 1116; x_wconf 83' lang='lat' dir='ltr'><strong>ac</strong></span> <span class='ocrx_word' id='word_1_113' title='bbox 1962 1078 2068 1117; x_wconf 90' lang='lat' dir='ltr'><strong>non</strong></span> <span class='ocrx_word' id='word_1_114' title='bbox 2114 1077 2210 1131; x_wconf 88' lang='lat' dir='ltr'><strong>per</strong></span> 
     </span>
    </p>
   </div>
   <div class='ocr_carea' id='block_1_18' title="bbox 2301 1057 3884 1131">
    <p class='ocr_par' dir='ltr' id='par_1_18' title="bbox 2310 1057 3884 1131">
     <span class='ocr_line' id='line_1_18' title="bbox 2310 1057 3884 1131; baseline -0.006 -14"><span class='ocrx_word' id='word_1_115' title='bbox 2310 1064 2582 1130; x_wconf 73' lang='grc' dir='ltr'>ἐξουσίαν,</span> <span class='ocrx_word' id='word_1_116' title='bbox 2614 1064 2710 1117; x_wconf 69' lang='grc' dir='ltr'>ἕνα</span> <span class='ocrx_word' id='word_1_117' title='bbox 2743 1063 2804 1129; x_wconf 70' lang='grc' dir='ltr'><strong>ἐξ</strong></span> <span class='ocrx_word' id='word_1_118' title='bbox 2835 1062 3015 1116; x_wconf 79' lang='grc' dir='ltr'>αὐτῶν</span> <span class='ocrx_word' id='word_1_119' title='bbox 3047 1061 3262 1131; x_wconf 81' lang='grc' dir='ltr'>ἔχοντος</span> <span class='ocrx_word' id='word_1_120' title='bbox 3292 1061 3595 1128; x_wconf 72' lang='grc' dir='ltr'><strong>οἰκονόμον,</strong></span> <span class='ocrx_word' id='word_1_121' title='bbox 3628 1058 3729 1115; x_wconf 70' lang='grc' dir='ltr'>καὶ</span> <span class='ocrx_word' id='word_1_122' title='bbox 3754 1057 3884 1127; x_wconf 74' lang='grc' dir='ltr'><strong>οὐχὶ</strong></span> 
     </span>
    </p>
   </div>
   <div class='ocr_carea' id='block_1_19' title="bbox 646 1148 2229 1224">
    <p class='ocr_par' dir='ltr' id='par_1_19' title="bbox 646 1151 2210 1223">
     <span class='ocr_line' id='line_1_19' title="bbox 646 1151 2210 1223; baseline 0.003 -22"><span class='ocrx_word' id='word_1_123' title='bbox 646 1162 907 1216; x_wconf 83' lang='lat' dir='ltr'><strong>personas</strong></span> <span class='ocrx_word' id='word_1_124' title='bbox 933 1151 1035 1206; x_wconf 90' lang='lat' dir='ltr'><strong>sibi</strong></span> <span class='ocrx_word' id='word_1_125' title='bbox 1066 1154 1330 1223; x_wconf 79' lang='lat' dir='ltr'><strong>sanguine</strong></span> <span class='ocrx_word' id='word_1_126' title='bbox 1356 1153 1690 1223; x_wconf 87' lang='lat' dir='ltr'><strong>conjunctas.</strong></span> <span class='ocrx_word' id='word_1_127' title='bbox 1716 1151 1771 1207; x_wconf 92' lang='lat' dir='ltr'><strong>Si</strong></span> <span class='ocrx_word' id='word_1_128' title='bbox 1797 1167 1925 1207; x_wconf 81' lang='lat' dir='ltr'><strong>vero</strong></span> <span class='ocrx_word' id='word_1_129' title='bbox 1958 1153 2069 1221; x_wconf 88' lang='lat' dir='ltr'><strong>ipse</strong></span> <span class='ocrx_word' id='word_1_130' title='bbox 2098 1151 2210 1206; x_wconf 79' lang='lat' dir='ltr'><strong>for-</strong></span> 
     </span>
    </p>
   </div>
   <div class='ocr_carea' id='block_1_20' title="bbox 2300 1148 3883 1224">
    <p class='ocr_par' dir='ltr' id='par_1_20' title="bbox 2310 1148 3883 1224">
     <span class='ocr_line' id='line_1_20' title="bbox 2310 1148 3883 1224; baseline -0.006 -13"><span class='ocrx_word' id='word_1_131' title='bbox 2310 1157 2398 1211; x_wconf 85' lang='grc' dir='ltr'><strong>διὰ</strong></span> <span class='ocrx_word' id='word_1_132' title='bbox 2427 1156 2703 1223; x_wconf 84' lang='grc' dir='ltr'><strong>συγγενῶν</strong></span> <span class='ocrx_word' id='word_1_133' title='bbox 2730 1153 2894 1209; x_wconf 82' lang='grc' dir='ltr'>αὐτοῦ</span> <span class='ocrx_word' id='word_1_134' title='bbox 2926 1152 3258 1224; x_wconf 84' lang='grc' dir='ltr'><strong>προσώπων.</strong></span> <span class='ocrx_word' id='word_1_135' title='bbox 3292 1151 3353 1203; x_wconf 84' lang='lat' dir='ltr'><strong>Ei</strong></span> <span class='ocrx_word' id='word_1_136' title='bbox 3380 1150 3427 1203; x_wconf 82' lang='grc' dir='ltr'>δ’</span> <span class='ocrx_word' id='word_1_137' title='bbox 3450 1149 3609 1212; x_wconf 75' lang='grc' dir='ltr'>αὐτὸς</span> <span class='ocrx_word' id='word_1_138' title='bbox 3638 1149 3769 1213; x_wconf 81' lang='grc' dir='ltr'>ίσως</span> <span class='ocrx_word' id='word_1_139' title='bbox 3800 1148 3883 1220; x_wconf 75' lang='grc' dir='ltr'>μὴ</span> 
     </span>
    </p>
   </div>
   <div class='ocr_carea' id='block_1_21' title="bbox 650 1238 2233 1321">
    <p class='ocr_par' dir='ltr' id='par_1_21' title="bbox 650 1242 2211 1317">
     <span class='ocr_line' id='line_1_21' title="bbox 650 1242 2211 1317; baseline 0.004 -25"><span class='ocrx_word' id='word_1_140' title='bbox 650 1242 976 1317; x_wconf 84' lang='lat' dir='ltr'><strong>tasse-nolit</strong></span> <span class='ocrx_word' id='word_1_141' title='bbox 1030 1243 1230 1298; x_wconf 84' lang='lat' dir='ltr'><strong>habere</strong></span> <span class='ocrx_word' id='word_1_142' title='bbox 1278 1245 1728 1313; x_wconf 81' lang='lat' dir='ltr'><strong>dispensatorem,</strong></span> <span class='ocrx_word' id='word_1_143' title='bbox 1765 1245 1893 1298; x_wconf 87' lang='lat' dir='ltr'><strong>licet</strong></span> <span class='ocrx_word' id='word_1_144' title='bbox 1925 1244 2211 1312; x_wconf 78' lang='lat' dir='ltr'><strong>provincia:</strong></span> 
     </span>
    </p>
   </div>
   <div class='ocr_carea' id='block_1_22' title="bbox 2297 1238 3880 1321">
    <p class='ocr_par' dir='ltr' id='par_1_22' title="bbox 2312 1238 3880 1321">
     <span class='ocr_line' id='line_1_22' title="bbox 2312 1238 3880 1321; baseline -0.006 -21"><span class='ocrx_word' id='word_1_145' title='bbox 2312 1246 2456 1301; x_wconf 75' lang='grc' dir='ltr'>θέλοι</span> <span class='ocrx_word' id='word_1_146' title='bbox 2487 1246 2634 1317; x_wconf 77' lang='grc' dir='ltr'>ἔχειν</span> <span class='ocrx_word' id='word_1_147' title='bbox 2662 1246 2966 1321; x_wconf 71' lang='grc' dir='ltr'>οἰκονόμον,</span> <span class='ocrx_word' id='word_1_148' title='bbox 2994 1243 3168 1308; x_wconf 68' lang='grc' dir='ltr'>ἔξεστι</span> <span class='ocrx_word' id='word_1_149' title='bbox 3194 1241 3273 1311; x_wconf 84' lang='grc' dir='ltr'>τῷ</span> <span class='ocrx_word' id='word_1_150' title='bbox 3298 1242 3395 1311; x_wconf 83' lang='grc' dir='ltr'>τῆς</span> <span class='ocrx_word' id='word_1_151' title='bbox 3426 1238 3695 1311; x_wconf 72' lang='grc' dir='ltr'><strong>ἐπαρχίας</strong></span> <span class='ocrx_word' id='word_1_152' title='bbox 3722 1257 3880 1310; x_wconf 80' lang='grc' dir='ltr'>πρω-</span> 
     </span>
    </p>
   </div>
   <div class='ocr_carea' id='block_1_23' title="bbox 616 1322 2199 1407">
    <p class='ocr_par' dir='ltr' id='par_1_23' title="bbox 616 1329 2199 1404">
     <span class='ocr_line' id='line_1_23' title="bbox 616 1329 2199 1404; baseline 0.004 -24"><span class='ocrx_word' id='word_1_153' title='bbox 616 1329 863 1397; x_wconf 53' lang='grc' dir='ltr'>νρτίηιδιί</span> <span class='ocrx_word' id='word_1_154' title='bbox 909 1346 1254 1389; x_wconf 69' lang='grc' dir='ltr'>ωοοηοιιιιιιη</span> <span class='ocrx_word' id='word_1_155' title='bbox 1301 1334 1602 1404; x_wconf 77' lang='lat' dir='ltr'><strong>designare.</strong></span> <span class='ocrx_word' id='word_1_156' title='bbox 1661 1334 1842 1404; x_wconf 91' lang='lat' dir='ltr'><strong>Ipsum</strong></span> <span class='ocrx_word' id='word_1_157' title='bbox 1872 1345 2051 1391; x_wconf 86' lang='lat' dir='ltr'><strong>autem</strong></span> <span class='ocrx_word' id='word_1_158' title='bbox 2092 1336 2199 1404; x_wconf 89' lang='lat' dir='ltr'><strong>epi-</strong></span> 
     </span>
    </p>
   </div>
   <div class='ocr_carea' id='block_1_24' title="bbox 2302 1322 3885 1407">
    <p class='ocr_par' dir='ltr' id='par_1_24' title="bbox 2309 1322 3885 1407">
     <span class='ocr_line' id='line_1_24' title="bbox 2309 1322 3885 1407; baseline -0.004 -16"><span class='ocrx_word' id='word_1_159' title='bbox 2309 1338 2525 1392; x_wconf 76' lang='grc' dir='ltr'>τεΰοντι</span> <span class='ocrx_word' id='word_1_160' title='bbox 2562 1322 2959 1407; x_wconf 76' lang='grc' dir='ltr'>προϐάλλεσθαι</span> <span class='ocrx_word' id='word_1_161' title='bbox 2995 1335 3055 1399; x_wconf 68' lang='grc' dir='ltr'><strong>ἐξ</strong></span> <span class='ocrx_word' id='word_1_162' title='bbox 3090 1334 3330 1399; x_wconf 73' lang='grc' dir='ltr'>ἅπαντος</span> <span class='ocrx_word' id='word_1_163' title='bbox 3361 1332 3664 1402; x_wconf 71' lang='grc' dir='ltr'>οἰκονόμον.</span> <span class='ocrx_word' id='word_1_164' title='bbox 3704 1330 3885 1386; x_wconf 77' lang='grc' dir='ltr'>Αὐτὸν</span> 
     </span>
    </p>
   </div>
   <div class='ocr_carea' id='block_1_25' title="bbox 647 1423 2230 1501">
    <p class='ocr_par' dir='ltr' id='par_1_25' title="bbox 647 1424 2210 1501">
     <span class='ocr_line' id='line_1_25' title="bbox 647 1424 2210 1501; baseline 0.006 -29"><span class='ocrx_word' id='word_1_165' title='bbox 647 1432 963 1501; x_wconf 81' lang='lat' dir='ltr'><strong>scopumex</strong></span> <span class='ocrx_word' id='word_1_166' title='bbox 999 1424 1086 1479; x_wconf 85' lang='lat' dir='ltr'><strong>his</strong></span> <span class='ocrx_word' id='word_1_167' title='bbox 1124 1426 1287 1480; x_wconf 86' lang='lat' dir='ltr'><strong>rebus</strong></span> <span class='ocrx_word' id='word_1_168' title='bbox 1311 1440 1375 1481; x_wconf 89' lang='lat' dir='ltr'><strong>ea</strong></span> <span class='ocrx_word' id='word_1_169' title='bbox 1401 1441 1521 1496; x_wconf 76' lang='lat' dir='ltr'><strong>qua:</strong></span> <span class='ocrx_word' id='word_1_170' title='bbox 1545 1426 1649 1481; x_wconf 84' lang='lat' dir='ltr'><strong>sibi</strong></span> <span class='ocrx_word' id='word_1_171' title='bbox 1681 1436 1736 1482; x_wconf 89' lang='lat' dir='ltr'><strong>et</strong></span> <span class='ocrx_word' id='word_1_172' title='bbox 1762 1427 2025 1481; x_wconf 76' lang='lat' dir='ltr'><strong>fratribus</strong></span> <span class='ocrx_word' id='word_1_173' title='bbox 2070 1428 2210 1496; x_wconf 88' lang='lat' dir='ltr'><strong>apud</strong></span> 
     </span>
    </p>
   </div>
   <div class='ocr_carea' id='block_1_26' title="bbox 2294 1423 3877 1501">
    <p class='ocr_par' dir='ltr' id='par_1_26' title="bbox 2310 1423 3877 1493">
     <span class='ocr_line' id='line_1_26' title="bbox 2310 1423 3877 1493; baseline -0.005 -9"><span class='ocrx_word' id='word_1_174' title='bbox 2310 1430 2369 1484; x_wconf 64' lang='grc' dir='ltr'>δὲ</span> <span class='ocrx_word' id='word_1_175' title='bbox 2396 1431 2487 1485; x_wconf 80' lang='grc' dir='ltr'>τὸν</span> <span class='ocrx_word' id='word_1_176' title='bbox 2512 1429 2810 1483; x_wconf 60' lang='grc' dir='ltr'>ἐπίσκοπον</span> <span class='ocrx_word' id='word_1_177' title='bbox 2837 1425 3156 1482; x_wconf 85' lang='grc' dir='ltr'>διοικεῖσθαι</span> <span class='ocrx_word' id='word_1_178' title='bbox 3182 1425 3241 1493; x_wconf 67' lang='grc' dir='ltr'><strong>ἐξ</strong></span> <span class='ocrx_word' id='word_1_179' title='bbox 3269 1426 3444 1479; x_wconf 81' lang='grc' dir='ltr'>αὐτῶν</span> <span class='ocrx_word' id='word_1_180' title='bbox 3471 1425 3552 1487; x_wconf 83' lang='grc' dir='ltr'><strong>είς</strong></span> <span class='ocrx_word' id='word_1_181' title='bbox 3577 1423 3676 1484; x_wconf 71' lang='grc' dir='ltr'><strong>τὰς</strong></span> <span class='ocrx_word' id='word_1_182' title='bbox 3703 1424 3877 1493; x_wconf 82' lang='grc' dir='ltr'>ἀναγ-</span> 
     </span>
    </p>
   </div>
   <div class='ocr_carea' id='block_1_27' title="bbox 644 1508 2227 1593">
    <p class='ocr_par' dir='ltr' id='par_1_27' title="bbox 644 1508 2211 1582">
     <span class='ocr_line' id='line_1_27' title="bbox 644 1508 2211 1582; baseline 0.004 -18"><span class='ocrx_word' id='word_1_183' title='bbox 644 1508 826 1578; x_wconf 84' lang='lat' dir='ltr'><strong>ipsutn</strong></span> <span class='ocrx_word' id='word_1_184' title='bbox 860 1512 1079 1582; x_wconf 90' lang='lat' dir='ltr'><strong>hospitii</strong></span> <span class='ocrx_word' id='word_1_185' title='bbox 1111 1516 1333 1572; x_wconf 87' lang='lat' dir='ltr'><strong>nomine</strong></span> <span class='ocrx_word' id='word_1_186' title='bbox 1366 1516 1833 1572; x_wconf 86' lang='lat' dir='ltr'><strong>commorantibus</strong></span> <span class='ocrx_word' id='word_1_187' title='bbox 1863 1526 1988 1572; x_wconf 86' lang='lat' dir='ltr'><strong>sunt</strong></span> <span class='ocrx_word' id='word_1_188' title='bbox 2021 1530 2211 1571; x_wconf 84' lang='lat' dir='ltr'><strong>neces-</strong></span> 
     </span>
    </p>
   </div>
   <div class='ocr_carea' id='block_1_28' title="bbox 2303 1508 3886 1593">
    <p class='ocr_par' dir='ltr' id='par_1_28' title="bbox 2310 1515 3886 1593">
     <span class='ocr_line' id='line_1_28' title="bbox 2310 1515 3886 1593; baseline -0.005 -16"><span class='ocrx_word' id='word_1_189' title='bbox 2310 1523 2475 1585; x_wconf 84' lang='grc' dir='ltr'>καίας</span> <span class='ocrx_word' id='word_1_190' title='bbox 2507 1522 2695 1593; x_wconf 82' lang='grc' dir='ltr'>χρείας</span> <span class='ocrx_word' id='word_1_191' title='bbox 2734 1519 2827 1573; x_wconf 74' lang='grc' dir='ltr'>καὶ</span> <span class='ocrx_word' id='word_1_192' title='bbox 2869 1520 3028 1589; x_wconf 87' lang='grc' dir='ltr'>μόνον</span> <span class='ocrx_word' id='word_1_193' title='bbox 3048 1560 3063 1585; x_wconf 91' lang='grc'><strong>,</strong></span> <span class='ocrx_word' id='word_1_194' title='bbox 3097 1518 3192 1572; x_wconf 81' lang='grc' dir='ltr'>καὶ</span> <span class='ocrx_word' id='word_1_195' title='bbox 3218 1519 3328 1573; x_wconf 90' lang='grc' dir='ltr'><strong>τῶν</strong></span> <span class='ocrx_word' id='word_1_196' title='bbox 3357 1519 3487 1589; x_wconf 79' lang='grc' dir='ltr'>παρ’</span> <span class='ocrx_word' id='word_1_197' title='bbox 3511 1515 3660 1587; x_wconf 80' lang='grc' dir='ltr'>αὐτῷ</span> <span class='ocrx_word' id='word_1_198' title='bbox 3697 1516 3886 1584; x_wconf 74' lang='grc' dir='ltr'>ἐπιξε-</span> 
     </span>
    </p>
   </div>
   <div class='ocr_carea' id='block_1_29' title="bbox 643 1605 2226 1684">
    <p class='ocr_par' dir='ltr' id='par_1_29' title="bbox 643 1605 2208 1678">
     <span class='ocr_line' id='line_1_29' title="bbox 643 1605 2208 1678; baseline 0.001 -20"><span class='ocrx_word' id='word_1_199' title='bbox 643 1605 789 1658; x_wconf 83' lang='lat' dir='ltr'><strong>saria</strong></span> <span class='ocrx_word' id='word_1_200' title='bbox 831 1620 1049 1663; x_wconf 86' lang='lat' dir='ltr'><strong>sumere</strong></span> <span class='ocrx_word' id='word_1_201' title='bbox 1093 1617 1327 1678; x_wconf 88' lang='lat' dir='ltr'><strong>oportet.</strong></span> <span class='ocrx_word' id='word_1_202' title='bbox 1366 1609 1464 1675; x_wconf 85' lang='lat' dir='ltr'><strong>Qui</strong></span> <span class='ocrx_word' id='word_1_203' title='bbox 1510 1624 1639 1664; x_wconf 79' lang='lat' dir='ltr'><strong>vero</strong></span> <span class='ocrx_word' id='word_1_204' title='bbox 1687 1610 1800 1663; x_wconf 77' lang='lat' dir='ltr'><strong>Inec</strong></span> <span class='ocrx_word' id='word_1_205' title='bbox 1855 1621 1960 1662; x_wconf 93' lang='lat' dir='ltr'><strong>non</strong></span> <span class='ocrx_word' id='word_1_206' title='bbox 2009 1617 2208 1671; x_wconf 80' lang='lat' dir='ltr'><strong>servat,</strong></span> 
     </span>
    </p>
   </div>
   <div class='ocr_carea' id='block_1_30' title="bbox 2302 1605 3885 1684">
    <p class='ocr_par' dir='ltr' id='par_1_30' title="bbox 2311 1607 3885 1684">
     <span class='ocr_line' id='line_1_30' title="bbox 2311 1607 3885 1684; baseline -0.004 -16"><span class='ocrx_word' id='word_1_207' title='bbox 2311 1612 2584 1684; x_wconf 72' lang='grc' dir='ltr'>νουμινων</span> <span class='ocrx_word' id='word_1_208' title='bbox 2629 1610 2897 1681; x_wconf 81' lang='grc' dir='ltr'>ἀδελφῶν.</span> <span class='ocrx_word' id='word_1_209' title='bbox 2932 1609 2992 1664; x_wconf 85' lang='lat'><strong>&#39;0</strong></span> <span class='ocrx_word' id='word_1_210' title='bbox 3035 1611 3091 1664; x_wconf 78' lang='grc' dir='ltr'>δὲ</span> <span class='ocrx_word' id='word_1_211' title='bbox 3140 1609 3216 1681; x_wconf 82' lang='grc' dir='ltr'>μὴ</span> <span class='ocrx_word' id='word_1_212' title='bbox 3257 1609 3431 1665; x_wconf 83' lang='grc' dir='ltr'>ταῦτα</span> <span class='ocrx_word' id='word_1_213' title='bbox 3477 1607 3661 1678; x_wconf 83' lang='grc' dir='ltr'>τηρῶν</span> <span class='ocrx_word' id='word_1_214' title='bbox 3698 1608 3885 1678; x_wconf 75' lang='grc' dir='ltr'>ἔνοχος</span> 
     </span>
    </p>
   </div>
   <div class='ocr_carea' id='block_1_31' title="bbox 644 1693 2227 1806">
    <p class='ocr_par' dir='ltr' id='par_1_31' title="bbox 644 1693 2207 1770">
     <span class='ocr_line' id='line_1_31' title="bbox 644 1693 2207 1770; baseline 0.003 -23"><span class='ocrx_word' id='word_1_215' title='bbox 644 1693 913 1751; x_wconf 77' lang='lat' dir='ltr'><strong>obnoxius</strong></span> <span class='ocrx_word' id='word_1_216' title='bbox 955 1700 1059 1753; x_wconf 90' lang='lat' dir='ltr'><strong>erit</strong></span> <span class='ocrx_word' id='word_1_217' title='bbox 1106 1701 1349 1770; x_wconf 78' lang='lat' dir='ltr'><strong>synodo,</strong></span> <span class='ocrx_word' id='word_1_218' title='bbox 1402 1715 1575 1769; x_wconf 63' lang='lat' dir='ltr'><strong>preme</strong></span> <span class='ocrx_word' id='word_1_219' title='bbox 1627 1698 1946 1769; x_wconf 83' lang='lat' dir='ltr'><strong>subjectus:</strong></span> <span class='ocrx_word' id='word_1_220' title='bbox 1993 1698 2207 1753; x_wconf 86' lang='lat' dir='ltr'><strong>licentia</strong></span> 
     </span>
    </p>
   </div>
   <div class='ocr_carea' id='block_1_32' title="bbox 2297 1693 3880 1806">
    <p class='ocr_par' dir='ltr' id='par_1_32' title="bbox 2312 1696 3880 1774">
     <span class='ocr_line' id='line_1_32' title="bbox 2312 1696 3880 1774; baseline -0.005 -15"><span class='ocrx_word' id='word_1_221' title='bbox 2312 1705 2462 1759; x_wconf 73' lang='grc' dir='ltr'>ἔσται</span> <span class='ocrx_word' id='word_1_222' title='bbox 2490 1706 2557 1774; x_wconf 77' lang='grc' dir='ltr'>τῇ</span> <span class='ocrx_word' id='word_1_223' title='bbox 2590 1702 2820 1770; x_wconf 83' lang='grc' dir='ltr'>συνόδῳ,</span> <span class='ocrx_word' id='word_1_224' title='bbox 2854 1702 3211 1772; x_wconf 77' lang='grc' dir='ltr'><strong>ὑποκείμενος</strong></span> <span class='ocrx_word' id='word_1_225' title='bbox 3239 1699 3500 1770; x_wconf 74' lang='grc' dir='ltr'><strong>ἐπιτιμίῳ</strong></span> <span class='ocrx_word' id='word_1_226' title='bbox 3520 1715 3534 1729; x_wconf 93' lang='grc'><strong>·</strong></span> <span class='ocrx_word' id='word_1_227' title='bbox 3566 1696 3880 1763; x_wconf 76' lang='grc' dir='ltr'>ἀδείαςοῦο</span> 
     </span>
    </p>
   </div>
   <div class='ocr_carea' id='block_1_33' title="bbox 646 1785 2229 1868">
    <p class='ocr_par' dir='ltr' id='par_1_33' title="bbox 646 1785 2206 1860">
     <span class='ocr_line' id='line_1_33' title="bbox 646 1785 2206 1860; baseline 0.003 -23"><span class='ocrx_word' id='word_1_228' title='bbox 646 1785 871 1841; x_wconf 79' lang='lat' dir='ltr'><strong>cuilibet</strong></span> <span class='ocrx_word' id='word_1_229' title='bbox 905 1789 1104 1844; x_wconf 79' lang='lat' dir='ltr'><strong>tmleuti</strong></span> <span class='ocrx_word' id='word_1_230' title='bbox 1136 1791 1283 1855; x_wconf 87' lang='lat' dir='ltr'><strong>data,</strong></span> <span class='ocrx_word' id='word_1_231' title='bbox 1319 1792 1361 1845; x_wconf 88' lang='lat' dir='ltr'><strong>si</strong></span> <span class='ocrx_word' id='word_1_232' title='bbox 1395 1791 1523 1860; x_wconf 88' lang='lat' dir='ltr'><strong>qttid</strong></span> <span class='ocrx_word' id='word_1_233' title='bbox 1550 1793 1741 1843; x_wconf 88' lang='lat' dir='ltr'><strong>ltorum</strong></span> <span class='ocrx_word' id='word_1_234' title='bbox 1770 1788 1964 1843; x_wconf 83' lang='lat' dir='ltr'><strong>violari</strong></span> <span class='ocrx_word' id='word_1_235' title='bbox 1988 1790 2206 1852; x_wconf 80' lang='lat' dir='ltr'><strong>viderit,</strong></span> 
     </span>
    </p>
   </div>
   <div class='ocr_carea' id='block_1_34' title="bbox 2304 1785 3887 1868">
    <p class='ocr_par' dir='ltr' id='par_1_34' title="bbox 2314 1789 3887 1868">
     <span class='ocr_line' id='line_1_34' title="bbox 2314 1789 3887 1868; baseline -0.006 -18"><span class='ocrx_word' id='word_1_236' title='bbox 2314 1815 2412 1868; x_wconf 91' lang='grc' dir='ltr'><strong>σης</strong></span> <span class='ocrx_word' id='word_1_237' title='bbox 2439 1796 2602 1849; x_wconf 76' lang='grc' dir='ltr'>παντὶ</span> <span class='ocrx_word' id='word_1_238' title='bbox 2626 1793 2702 1865; x_wconf 84' lang='grc' dir='ltr'>τῷ</span> <span class='ocrx_word' id='word_1_239' title='bbox 2733 1793 3066 1864; x_wconf 79' lang='grc' dir='ltr'><strong>βουλομένῳ,</strong></span> <span class='ocrx_word' id='word_1_240' title='bbox 3091 1792 3145 1845; x_wconf 80' lang='grc' dir='ltr'><strong>εί</strong></span> <span class='ocrx_word' id='word_1_241' title='bbox 3167 1810 3222 1845; x_wconf 89' lang='grc' dir='ltr'><strong>τι</strong></span> <span class='ocrx_word' id='word_1_242' title='bbox 3249 1791 3451 1845; x_wconf 86' lang='grc' dir='ltr'>τούτων</span> <span class='ocrx_word' id='word_1_243' title='bbox 3479 1789 3887 1863; x_wconf 74' lang='grc' dir='ltr'>παραϐαινόμε-</span> 
     </span>
    </p>
   </div>
   <div class='ocr_carea' id='block_1_35' title="bbox 647 1874 2230 1958">
    <p class='ocr_par' dir='ltr' id='par_1_35' title="bbox 647 1874 1384 1945">
     <span class='ocr_line' id='line_1_35' title="bbox 647 1874 1384 1945; baseline 0.012 -18"><span class='ocrx_word' id='word_1_244' title='bbox 647 1874 701 1928; x_wconf 91' lang='lat' dir='ltr'><strong>id</strong></span> <span class='ocrx_word' id='word_1_245' title='bbox 738 1876 1047 1945; x_wconf 82' lang='lat' dir='ltr'><strong>imperatori</strong></span> <span class='ocrx_word' id='word_1_246' title='bbox 1084 1880 1384 1936; x_wconf 85' lang='lat' dir='ltr'><strong>indicandi.</strong></span> 
     </span>
    </p>
   </div>
   <div class='ocr_carea' id='block_1_36' title="bbox 1600 1874 3183 1958">
    <p class='ocr_par' dir='ltr' id='par_1_36' title="bbox 2310 1884 3183 1958">
     <span class='ocr_line' id='line_1_36' title="bbox 2310 1884 3183 1958; baseline -0.005 -16"><span class='ocrx_word' id='word_1_247' title='bbox 2310 1906 2400 1943; x_wconf 93' lang='grc' dir='ltr'><strong>νον</strong></span> <span class='ocrx_word' id='word_1_248' title='bbox 2429 1889 2551 1949; x_wconf 83' lang='grc' dir='ltr'>ῖδοι.</span> <span class='ocrx_word' id='word_1_249' title='bbox 2586 1886 2815 1958; x_wconf 85' lang='grc' dir='ltr'><strong>μηνύειν</strong></span> <span class='ocrx_word' id='word_1_250' title='bbox 2843 1885 2922 1955; x_wconf 89' lang='grc' dir='ltr'>τῷ</span> <span class='ocrx_word' id='word_1_251' title='bbox 2955 1884 3183 1955; x_wconf 87' lang='grc' dir='ltr'>βασιλεῖ.</span> 
     </span>
    </p>
   </div>
   <div class='ocr_carea' id='block_1_37' title="bbox 716 1965 2299 2047">
    <p class='ocr_par' dir='ltr' id='par_1_37' title="bbox 716 1965 1996 2045">
     <span class='ocr_line' id='line_1_37' title="bbox 716 1965 1996 2045; baseline 0.005 -26"><span class='ocrx_word' id='word_1_252' title='bbox 716 1965 1039 2022; x_wconf 87' lang='lat' dir='ltr'><strong>Sanctorum</strong></span> <span class='ocrx_word' id='word_1_253' title='bbox 1080 1971 1448 2039; x_wconf 80' lang='lat' dir='ltr'><strong>apostolorum</strong></span> <span class='ocrx_word' id='word_1_254' title='bbox 1485 1984 1658 2045; x_wconf 82' lang='lat' dir='ltr'><strong>canon</strong></span> <span class='ocrx_word' id='word_1_255' title='bbox 1706 1967 1775 2023; x_wconf 89' lang='grc'><strong>58</strong></span> <span class='ocrx_word' id='word_1_256' title='bbox 1807 1979 1864 2024; x_wconf 86' lang='lat' dir='ltr'><strong>et</strong></span> <span class='ocrx_word' id='word_1_257' title='bbox 1902 1969 1996 2026; x_wconf 70' lang='grc'>41.</span> 
     </span>
    </p>
   </div>
   <div class='ocr_carea' id='block_1_38' title="bbox 2029 1965 3612 2047">
    <p class='ocr_par' dir='ltr' id='par_1_38' title="bbox 2379 1972 3612 2047">
     <span class='ocr_line' id='line_1_38' title="bbox 2379 1972 3612 2047; baseline -0.004 -12"><span class='ocrx_word' id='word_1_258' title='bbox 2379 1981 2502 2035; x_wconf 86' lang='grc' dir='ltr'><strong>Τῶν</strong></span> <span class='ocrx_word' id='word_1_259' title='bbox 2531 1979 2699 2047; x_wconf 78' lang='grc' dir='ltr'>ἁγίων</span> <span class='ocrx_word' id='word_1_260' title='bbox 2724 1977 3037 2038; x_wconf 74' lang='grc' dir='ltr'><strong>ἀποστόλων</strong></span> <span class='ocrx_word' id='word_1_261' title='bbox 3063 1975 3242 2033; x_wconf 81' lang='grc' dir='ltr'>κανὼν</span> <span class='ocrx_word' id='word_1_262' title='bbox 3270 1974 3350 2047; x_wconf 88' lang='grc' dir='ltr'><strong>λη’</strong></span> <span class='ocrx_word' id='word_1_263' title='bbox 3376 1976 3470 2031; x_wconf 77' lang='grc' dir='ltr'>καὶ</span> <span class='ocrx_word' id='word_1_264' title='bbox 3502 1972 3612 2046; x_wconf 82' lang='grc' dir='ltr'>μα’.</span> 
     </span>
    </p>
   </div>
   <div class='ocr_carea' id='block_1_39' title="bbox 716 2056 2299 2138">
    <p class='ocr_par' dir='ltr' id='par_1_39' title="bbox 716 2056 1641 2128">
     <span class='ocr_line' id='line_1_39' title="bbox 716 2056 1641 2128; baseline 0.005 -17"><span class='ocrx_word' id='word_1_265' title='bbox 716 2056 919 2128; x_wconf 86' lang='lat' dir='ltr'><strong>Synodi</strong></span> <span class='ocrx_word' id='word_1_266' title='bbox 954 2060 1303 2117; x_wconf 63' lang='lat' dir='ltr'><strong>Antiochenaa</strong></span> <span class='ocrx_word' id='word_1_267' title='bbox 1345 2077 1515 2116; x_wconf 85' lang='lat' dir='ltr'><strong>canon</strong></span> <span class='ocrx_word' id='word_1_268' title='bbox 1546 2062 1641 2116; x_wconf 75' lang='lat'><strong>25.</strong></span> 
     </span>
    </p>
   </div>
   <div class='ocr_carea' id='block_1_40' title="bbox 1849 2056 3432 2138">
    <p class='ocr_par' dir='ltr' id='par_1_40' title="bbox 2379 2066 3432 2138">
     <span class='ocr_line' id='line_1_40' title="bbox 2379 2066 3432 2138; baseline -0.001 -14"><span class='ocrx_word' id='word_1_269' title='bbox 2379 2072 2491 2125; x_wconf 73' lang='grc' dir='ltr'>Καὶ</span> <span class='ocrx_word' id='word_1_270' title='bbox 2519 2070 2736 2123; x_wconf 86' lang='grc' dir='ltr'>συνόδου</span> <span class='ocrx_word' id='word_1_271' title='bbox 2770 2067 3096 2138; x_wconf 74' lang='grc' dir='ltr'>Ἀντιοχείας</span> <span class='ocrx_word' id='word_1_272' title='bbox 3126 2066 3306 2122; x_wconf 85' lang='grc' dir='ltr'>κανὼν</span> <span class='ocrx_word' id='word_1_273' title='bbox 3335 2067 3432 2123; x_wconf 89' lang='grc' dir='ltr'>κε’.</span> 
     </span>
    </p>
   </div>
   <div class='ocr_carea' id='block_1_41' title="bbox 715 2142 2298 2232">
    <p class='ocr_par' dir='ltr' id='par_1_41' title="bbox 715 2142 2027 2218">
     <span class='ocr_line' id='line_1_41' title="bbox 715 2142 2027 2218; baseline 0.006 -15"><span class='ocrx_word' id='word_1_274' title='bbox 715 2149 918 2218; x_wconf 79' lang='lat' dir='ltr'><strong>Synodi</strong></span> <span class='ocrx_word' id='word_1_275' title='bbox 947 2150 1409 2208; x_wconf 86' lang='lat' dir='ltr'><strong>Calchedonensis</strong></span> <span class='ocrx_word' id='word_1_276' title='bbox 1457 2168 1629 2209; x_wconf 84' lang='lat' dir='ltr'><strong>canon</strong></span> <span class='ocrx_word' id='word_1_277' title='bbox 1656 2153 1746 2210; x_wconf 75' lang='lat'><strong>26.</strong></span> <span class='ocrx_word' id='word_1_278' title='bbox 2024 2142 2027 2147; x_wconf 53' lang='grc'><strong>’</strong></span> 
     </span>
    </p>
   </div>
   <div class='ocr_carea' id='block_1_42' title="bbox 1738 2142 3321 2232">
    <p class='ocr_par' dir='ltr' id='par_1_42' title="bbox 1738 2142 3321 2232">
     <span class='ocr_line' id='line_1_42' title="bbox 1738 2142 3321 2232; baseline -0.001 -15"><span class='ocrx_word' id='word_1_279' title='bbox 1738 2194 1746 2209; x_wconf 77' lang='grc' dir='ltr'><strong>ι</strong></span> <span class='ocrx_word' id='word_1_280' title='bbox 2024 2142 2027 2147; x_wconf 34' lang='grc'><strong>’</strong></span> <span class='ocrx_word' id='word_1_281' title='bbox 2378 2164 2601 2217; x_wconf 89' lang='grc' dir='ltr'>Συνόδου</span> <span class='ocrx_word' id='word_1_282' title='bbox 2633 2161 2971 2232; x_wconf 76' lang='grc' dir='ltr'>Καλχηδόνος</span> <span class='ocrx_word' id='word_1_283' title='bbox 2999 2160 3180 2215; x_wconf 83' lang='grc' dir='ltr'>κανὼν</span> <span class='ocrx_word' id='word_1_284' title='bbox 3210 2159 3321 2227; x_wconf 84' lang='grc' dir='ltr'>κς’.</span> 
     </span>
    </p>
   </div>
   <div class='ocr_carea' id='block_1_43' title="bbox 718 2240 2301 2321">
    <p class='ocr_par' dir='ltr' id='par_1_43' title="bbox 718 2240 1397 2312">
     <span class='ocr_line' id='line_1_43' title="bbox 718 2240 1397 2312; baseline 0.007 -18"><span class='ocrx_word' id='word_1_285' title='bbox 718 2240 924 2312; x_wconf 77' lang='lat' dir='ltr'><strong>Synodi</strong></span> <span class='ocrx_word' id='word_1_286' title='bbox 960 2242 1051 2297; x_wconf 74' lang='grc' dir='ltr'><strong>νη</strong></span> <span class='ocrx_word' id='word_1_287' title='bbox 1091 2259 1266 2299; x_wconf 89' lang='lat' dir='ltr'><strong>canon</strong></span> <span class='ocrx_word' id='word_1_288' title='bbox 1308 2244 1397 2299; x_wconf 85' lang='grc'><strong>11.</strong></span> 
     </span>
    </p>
   </div>
   <div class='ocr_carea' id='block_1_44' title="bbox 1429 2240 3012 2321">
    <p class='ocr_par' dir='ltr' id='par_1_44' title="bbox 2380 2251 3012 2321">
     <span class='ocr_line' id='line_1_44' title="bbox 2380 2251 3012 2321; baseline 0 -12"><span class='ocrx_word' id='word_1_289' title='bbox 2380 2256 2607 2309; x_wconf 86' lang='grc' dir='ltr'>Συνόδου</span> <span class='ocrx_word' id='word_1_290' title='bbox 2638 2256 2683 2319; x_wconf 80' lang='grc' dir='ltr'><strong>ζ’</strong></span> <span class='ocrx_word' id='word_1_291' title='bbox 2710 2252 2891 2321; x_wconf 82' lang='grc' dir='ltr'>κανὼν</span> <span class='ocrx_word' id='word_1_292' title='bbox 2922 2251 3012 2309; x_wconf 89' lang='grc' dir='ltr'>ια’.</span> 
     </span>
    </p>
   </div>
   <div class='ocr_carea' id='block_1_45' title="bbox 714 2322 2297 2414">
    <p class='ocr_par' dir='ltr' id='par_1_45' title="bbox 714 2322 1884 2405">
     <span class='ocr_line' id='line_1_45' title="bbox 714 2322 1884 2405; baseline 0.004 -19"><span class='ocrx_word' id='word_1_293' title='bbox 714 2331 1000 2405; x_wconf 82' lang='lat' dir='ltr'><strong>Theophili</strong></span> <span class='ocrx_word' id='word_1_294' title='bbox 1030 2322 1385 2393; x_wconf 78' lang='lat' dir='ltr'><strong>Alexandrini</strong></span> <span class='ocrx_word' id='word_1_295' title='bbox 1410 2351 1582 2392; x_wconf 85' lang='lat' dir='ltr'><strong>canon</strong></span> <span class='ocrx_word' id='word_1_296' title='bbox 1615 2337 1682 2394; x_wconf 87' lang='grc'>10</span> <span class='ocrx_word' id='word_1_297' title='bbox 1717 2346 1771 2392; x_wconf 89' lang='lat' dir='ltr'><strong>et</strong></span> <span class='ocrx_word' id='word_1_298' title='bbox 1798 2338 1884 2392; x_wconf 87' lang='grc'><strong>11.</strong></span> 
     </span>
    </p>
   </div>
   <div class='ocr_carea' id='block_1_46' title="bbox 2006 2322 3589 2414">
    <p class='ocr_par' dir='ltr' id='par_1_46' title="bbox 2379 2340 3589 2414">
     <span class='ocr_line' id='line_1_46' title="bbox 2379 2340 3589 2414; baseline -0.002 -16"><span class='ocrx_word' id='word_1_299' title='bbox 2379 2344 2637 2414; x_wconf 79' lang='grc' dir='ltr'>Θεοφίλου</span> <span class='ocrx_word' id='word_1_300' title='bbox 2667 2342 3073 2414; x_wconf 69' lang='grc' dir='ltr'>Ἀλεξανδρείας</span> <span class='ocrx_word' id='word_1_301' title='bbox 3101 2340 3281 2398; x_wconf 84' lang='grc' dir='ltr'>κανὼν</span> <span class='ocrx_word' id='word_1_302' title='bbox 3314 2347 3346 2395; x_wconf 85' lang='grc' dir='ltr'>ι’</span> <span class='ocrx_word' id='word_1_303' title='bbox 3370 2341 3465 2395; x_wconf 78' lang='grc' dir='ltr'>καὶ</span> <span class='ocrx_word' id='word_1_304' title='bbox 3502 2346 3589 2395; x_wconf 87' lang='grc' dir='ltr'>ια’.</span> 
     </span>
    </p>
   </div>
   <div class='ocr_carea' id='block_1_47' title="bbox 721 2422 2304 2503">
    <p class='ocr_par' dir='ltr' id='par_1_47' title="bbox 721 2422 1407 2497">
     <span class='ocr_line' id='line_1_47' title="bbox 721 2422 1407 2497; baseline 0.004 -18"><span class='ocrx_word' id='word_1_305' title='bbox 721 2422 905 2479; x_wconf 81' lang='lat' dir='ltr'><strong>Sancti</strong></span> <span class='ocrx_word' id='word_1_306' title='bbox 932 2425 1119 2497; x_wconf 83' lang='lat' dir='ltr'><strong>Cyrilli</strong></span> <span class='ocrx_word' id='word_1_307' title='bbox 1152 2441 1324 2481; x_wconf 91' lang='lat' dir='ltr'><strong>canon</strong></span> <span class='ocrx_word' id='word_1_308' title='bbox 1352 2428 1407 2482; x_wconf 76' lang='lat'><strong>2.</strong></span> 
     </span>
    </p>
   </div>
   <div class='ocr_carea' id='block_1_48' title="bbox 1711 2422 3294 2503">
    <p class='ocr_par' dir='ltr' id='par_1_48' title="bbox 2382 2431 3294 2503">
     <span class='ocr_line' id='line_1_48' title="bbox 2382 2431 3294 2503; baseline 0 -16"><span class='ocrx_word' id='word_1_309' title='bbox 2382 2434 2489 2488; x_wconf 79' lang='grc' dir='ltr'><strong>Τοῦ</strong></span> <span class='ocrx_word' id='word_1_310' title='bbox 2521 2434 2677 2503; x_wconf 81' lang='grc' dir='ltr'>ἁγίου</span> <span class='ocrx_word' id='word_1_311' title='bbox 2706 2434 2977 2503; x_wconf 84' lang='grc' dir='ltr'>Κυρίλλου</span> <span class='ocrx_word' id='word_1_312' title='bbox 3005 2432 3189 2487; x_wconf 85' lang='grc' dir='ltr'>κανὼν</span> <span class='ocrx_word' id='word_1_313' title='bbox 3218 2431 3294 2503; x_wconf 77' lang='grc' dir='ltr'><strong>β’.</strong></span> 
     </span>
    </p>
   </div>
   <div class='ocr_carea' id='block_1_49' title="bbox 644 2508 2227 2597">
    <p class='ocr_par' dir='ltr' id='par_1_49' title="bbox 644 2512 1741 2587">
     <span class='ocr_line' id='line_1_49' title="bbox 644 2512 1741 2587; baseline 0.011 -21"><span class='ocrx_word' id='word_1_314' title='bbox 644 2516 649 2521; x_wconf 78' lang='grc'><strong><em>“</em></strong></span> <span class='ocrx_word' id='word_1_315' title='bbox 714 2512 873 2585; x_wconf 74' lang='lat' dir='ltr'><strong>Legis</strong></span> <span class='ocrx_word' id='word_1_316' title='bbox 907 2527 1068 2587; x_wconf 87' lang='lat' dir='ltr'><strong>caput</strong></span> <span class='ocrx_word' id='word_1_317' title='bbox 1097 2517 1190 2582; x_wconf 74' lang='lat'><strong>‘20,</strong></span> <span class='ocrx_word' id='word_1_318' title='bbox 1220 2516 1289 2573; x_wconf 88' lang='lat'><strong>60</strong></span> <span class='ocrx_word' id='word_1_319' title='bbox 1314 2528 1370 2574; x_wconf 86' lang='lat' dir='ltr'><strong>et</strong></span> <span class='ocrx_word' id='word_1_320' title='bbox 1399 2517 1489 2575; x_wconf 90' lang='lat'><strong>6|.</strong></span> <span class='ocrx_word' id='word_1_321' title='bbox 1734 2526 1741 2532; x_wconf 79' lang='grc'>’</span> 
     </span>
    </p>
   </div>
   <div class='ocr_carea' id='block_1_50' title="bbox 1777 2508 3360 2597">
    <p class='ocr_par' dir='ltr' id='par_1_50' title="bbox 2332 2508 3360 2597">
     <span class='ocr_line' id='line_1_50' title="bbox 2332 2508 3360 2597; baseline 0.001 -16"><span class='ocrx_word' id='word_1_322' title='bbox 2332 2508 2341 2511; x_wconf 21' lang='grc' dir='ltr'><strong>Ἴ</strong></span> <span class='ocrx_word' id='word_1_323' title='bbox 2381 2526 2625 2597; x_wconf 84' lang='grc' dir='ltr'>Νομικδν</span> <span class='ocrx_word' id='word_1_324' title='bbox 2650 2526 2945 2594; x_wconf 82' lang='grc' dir='ltr'>κεφάλαιον</span> <span class='ocrx_word' id='word_1_325' title='bbox 2971 2525 3039 2590; x_wconf 86' lang='grc' dir='ltr'><strong>κ’,</strong></span> <span class='ocrx_word' id='word_1_326' title='bbox 3070 2524 3110 2591; x_wconf 84' lang='grc' dir='ltr'>ξ’</span> <span class='ocrx_word' id='word_1_327' title='bbox 3134 2527 3229 2581; x_wconf 78' lang='grc' dir='ltr'>καὶ</span> <span class='ocrx_word' id='word_1_328' title='bbox 3261 2526 3360 2590; x_wconf 61' lang='lat' dir='ltr'><strong>Ea}.</strong></span> 
     </span>
    </p>
   </div>
   <div class='ocr_carea' id='block_1_51' title="bbox 715 2604 2298 2690">
    <p class='ocr_par' dir='ltr' id='par_1_51' title="bbox 715 2604 2211 2680">
     <span class='ocr_line' id='line_1_51' title="bbox 715 2604 2211 2680; baseline 0.005 -22"><span class='ocrx_word' id='word_1_329' title='bbox 715 2604 809 2659; x_wconf 72' lang='lat'><strong>79.</strong></span> <span class='ocrx_word' id='word_1_330' title='bbox 867 2605 1132 2674; x_wconf 85' lang='lat' dir='ltr'><strong>Oportere</strong></span> <span class='ocrx_word' id='word_1_331' title='bbox 1189 2609 1441 2665; x_wconf 78' lang='lat' dir='ltr'><strong>civitates</strong></span> <span class='ocrx_word' id='word_1_332' title='bbox 1494 2623 1589 2680; x_wconf 88' lang='lat' dir='ltr'><strong>per</strong></span> <span class='ocrx_word' id='word_1_333' title='bbox 1638 2610 1852 2665; x_wconf 90' lang='lat' dir='ltr'><strong>litteras</strong></span> <span class='ocrx_word' id='word_1_334' title='bbox 1903 2609 2211 2679; x_wconf 77' lang='lat' dir='ltr'><strong>imperiales</strong></span> 
     </span>
    </p>
   </div>
   <div class='ocr_carea' id='block_1_52' title="bbox 2315 2604 3898 2690">
    <p class='ocr_par' dir='ltr' id='par_1_52' title="bbox 2384 2616 3898 2690">
     <span class='ocr_line' id='line_1_52' title="bbox 2384 2616 3898 2690; baseline -0.001 -18"><span class='ocrx_word' id='word_1_335' title='bbox 2384 2617 2487 2690; x_wconf 83' lang='grc' dir='ltr'>οβ’.</span> <span class='ocrx_word' id='word_1_336' title='bbox 2511 2618 2633 2673; x_wconf 88' lang='grc' dir='ltr'>Ὅτι</span> <span class='ocrx_word' id='word_1_337' title='bbox 2662 2620 2743 2672; x_wconf 86' lang='grc' dir='ltr'><strong>δεῖ</strong></span> <span class='ocrx_word' id='word_1_338' title='bbox 2768 2619 2864 2681; x_wconf 83' lang='grc' dir='ltr'><strong>τὰς</strong></span> <span class='ocrx_word' id='word_1_339' title='bbox 2893 2618 2979 2671; x_wconf 63' lang='grc' dir='ltr'>διὰ</span> <span class='ocrx_word' id='word_1_340' title='bbox 3010 2619 3354 2688; x_wconf 81' lang='grc' dir='ltr'><strong>γραμμάτων</strong></span> <span class='ocrx_word' id='word_1_341' title='bbox 3406 2616 3699 2687; x_wconf 81' lang='grc' dir='ltr'>βασιλικῶν</span> <span class='ocrx_word' id='word_1_342' title='bbox 3722 2633 3898 2690; x_wconf 85' lang='grc' dir='ltr'>τιμη-</span> 
     </span>
    </p>
   </div>
   <div class='ocr_carea' id='block_1_53' title="bbox 648 2698 2231 2778">
    <p class='ocr_par' dir='ltr' id='par_1_53' title="bbox 648 2698 2213 2770">
     <span class='ocr_line' id='line_1_53' title="bbox 648 2698 2213 2770; baseline 0.003 -19"><span class='ocrx_word' id='word_1_343' title='bbox 648 2698 966 2766; x_wconf 85' lang='lat' dir='ltr'><strong>metropolis</strong></span> <span class='ocrx_word' id='word_1_344' title='bbox 1000 2700 1219 2754; x_wconf 85' lang='lat' dir='ltr'><strong>nomine</strong></span> <span class='ocrx_word' id='word_1_345' title='bbox 1248 2711 1477 2756; x_wconf 78' lang='lat' dir='ltr'><strong>ornatas</strong></span> <span class='ocrx_word' id='word_1_346' title='bbox 1510 2702 1629 2770; x_wconf 89' lang='lat' dir='ltr'><strong>ipso</strong></span> <span class='ocrx_word' id='word_1_347' title='bbox 1664 2702 1871 2756; x_wconf 87' lang='lat' dir='ltr'><strong>honore</strong></span> <span class='ocrx_word' id='word_1_348' title='bbox 1902 2700 2006 2756; x_wconf 82' lang='lat' dir='ltr'><strong>frui</strong></span> <span class='ocrx_word' id='word_1_349' title='bbox 2032 2718 2048 2757; x_wconf 91' lang='lat'><strong>:</strong></span> <span class='ocrx_word' id='word_1_350' title='bbox 2072 2701 2213 2755; x_wconf 84' lang='lat' dir='ltr'><strong>anti-</strong></span> 
     </span>
    </p>
   </div>
   <div class='ocr_carea' id='block_1_54' title="bbox 2312 2698 3895 2778">
    <p class='ocr_par' dir='ltr' id='par_1_54' title="bbox 2314 2706 3895 2778">
     <span class='ocr_line' id='line_1_54' title="bbox 2314 2706 3895 2778; baseline -0.001 -16"><span class='ocrx_word' id='word_1_351' title='bbox 2314 2708 2502 2773; x_wconf 82' lang='grc' dir='ltr'>θείσας</span> <span class='ocrx_word' id='word_1_352' title='bbox 2530 2708 2710 2772; x_wconf 76' lang='grc' dir='ltr'>πόλεις</span> <span class='ocrx_word' id='word_1_353' title='bbox 2738 2710 2825 2762; x_wconf 74' lang='grc' dir='ltr'><strong>ἐπ’</strong></span> <span class='ocrx_word' id='word_1_354' title='bbox 2847 2708 3071 2777; x_wconf 83' lang='grc' dir='ltr'>ὀνόματι</span> <span class='ocrx_word' id='word_1_355' title='bbox 3100 2708 3484 2778; x_wconf 82' lang='grc' dir='ltr'>μητροπόλεως</span> <span class='ocrx_word' id='word_1_356' title='bbox 3512 2706 3657 2776; x_wconf 78' lang='grc' dir='ltr'>ἔχειν</span> <span class='ocrx_word' id='word_1_357' title='bbox 3681 2708 3781 2777; x_wconf 76' lang='grc' dir='ltr'>τὴν</span> <span class='ocrx_word' id='word_1_358' title='bbox 3808 2725 3895 2761; x_wconf 74' lang='grc' dir='ltr'>τι-</span> 
     </span>
    </p>
   </div>
   <div class='ocr_carea' id='block_1_55' title="bbox 647 2793 2230 2872">
    <p class='ocr_par' dir='ltr' id='par_1_55' title="bbox 647 2793 2213 2862">
     <span class='ocr_line' id='line_1_55' title="bbox 647 2793 2213 2862; baseline 0.003 -21"><span class='ocrx_word' id='word_1_359' title='bbox 647 2801 786 2856; x_wconf 84' lang='lat' dir='ltr'><strong>quas</strong></span> <span class='ocrx_word' id='word_1_360' title='bbox 812 2803 942 2844; x_wconf 82' lang='lat' dir='ltr'><strong>vero</strong></span> <span class='ocrx_word' id='word_1_361' title='bbox 973 2793 1297 2862; x_wconf 84' lang='lat' dir='ltr'><strong>metropoles</strong></span> <span class='ocrx_word' id='word_1_362' title='bbox 1329 2794 1381 2848; x_wconf 89' lang='lat' dir='ltr'><strong>iu</strong></span> <span class='ocrx_word' id='word_1_363' title='bbox 1448 2794 1636 2849; x_wconf 88' lang='lat' dir='ltr'><strong>iisdem</strong></span> <span class='ocrx_word' id='word_1_364' title='bbox 1696 2794 1834 2849; x_wconf 89' lang='lat' dir='ltr'><strong>locis</strong></span> <span class='ocrx_word' id='word_1_365' title='bbox 1884 2794 2213 2848; x_wconf 76' lang='lat' dir='ltr'><strong>exsistentes</strong></span> 
     </span>
    </p>
   </div>
   <div class='ocr_carea' id='block_1_56' title="bbox 2314 2793 3897 2872">
    <p class='ocr_par' dir='ltr' id='par_1_56' title="bbox 2318 2798 3897 2872">
     <span class='ocr_line' id='line_1_56' title="bbox 2318 2798 3897 2872; baseline -0.002 -19"><span class='ocrx_word' id='word_1_366' title='bbox 2318 2801 2426 2872; x_wconf 84' lang='grc' dir='ltr'>μήν</span> <span class='ocrx_word' id='word_1_367' title='bbox 2444 2815 2459 2830; x_wconf 76' lang='grc' dir='ltr'>ο</span> <span class='ocrx_word' id='word_1_368' title='bbox 2484 2800 2581 2863; x_wconf 76' lang='grc' dir='ltr'>τὰς</span> <span class='ocrx_word' id='word_1_369' title='bbox 2610 2799 2667 2853; x_wconf 74' lang='grc' dir='ltr'>δὲ</span> <span class='ocrx_word' id='word_1_370' title='bbox 2695 2799 2925 2871; x_wconf 85' lang='grc' dir='ltr'>ἀρχαίας</span> <span class='ocrx_word' id='word_1_371' title='bbox 2957 2799 3321 2869; x_wconf 82' lang='grc' dir='ltr'>μητροπόλεις</span> <span class='ocrx_word' id='word_1_372' title='bbox 3340 2800 3444 2862; x_wconf 77' lang='grc' dir='ltr'><strong>τὰς</strong></span> <span class='ocrx_word' id='word_1_373' title='bbox 3470 2799 3527 2851; x_wconf 79' lang='grc' dir='ltr'>ὲν</span> <span class='ocrx_word' id='word_1_374' title='bbox 3553 2800 3671 2862; x_wconf 89' lang='grc' dir='ltr'>ταῖς</span> <span class='ocrx_word' id='word_1_375' title='bbox 3698 2798 3897 2863; x_wconf 81' lang='grc' dir='ltr'>αὐταῖς</span> 
     </span>
    </p>
   </div>
   <div class='ocr_carea' id='block_1_57' title="bbox 647 2879 2230 2961">
    <p class='ocr_par' dir='ltr' id='par_1_57' title="bbox 647 2879 2212 2957">
     <span class='ocr_line' id='line_1_57' title="bbox 647 2879 2212 2957; baseline 0.008 -26"><span class='ocrx_word' id='word_1_376' title='bbox 647 2879 856 2934; x_wconf 88' lang='lat' dir='ltr'><strong>nullum</strong></span> <span class='ocrx_word' id='word_1_377' title='bbox 880 2885 1225 2952; x_wconf 88' lang='lat' dir='ltr'><strong>propriorum</strong></span> <span class='ocrx_word' id='word_1_378' title='bbox 1254 2884 1458 2954; x_wconf 86' lang='lat' dir='ltr'><strong>juriutn</strong></span> <span class='ocrx_word' id='word_1_379' title='bbox 1488 2885 1614 2941; x_wconf 83' lang='lat' dir='ltr'><strong>inde</strong></span> <span class='ocrx_word' id='word_1_380' title='bbox 1650 2885 2037 2941; x_wconf 83' lang='lat' dir='ltr'><strong>detrimentum</strong></span> <span class='ocrx_word' id='word_1_381' title='bbox 2081 2886 2212 2957; x_wconf 83' lang='lat' dir='ltr'><strong>pati.</strong></span> 
     </span>
    </p>
   </div>
   <div class='ocr_carea' id='block_1_58' title="bbox 2317 2879 3900 2961">
    <p class='ocr_par' dir='ltr' id='par_1_58' title="bbox 2317 2890 3900 2961">
     <span class='ocr_line' id='line_1_58' title="bbox 2317 2890 3900 2961; baseline 0 -14"><span class='ocrx_word' id='word_1_382' title='bbox 2317 2892 2659 2953; x_wconf 84' lang='grc' dir='ltr'>τοποθεσίαις</span> <span class='ocrx_word' id='word_1_383' title='bbox 2684 2891 2870 2955; x_wconf 75' lang='grc' dir='ltr'>οὔσας,</span> <span class='ocrx_word' id='word_1_384' title='bbox 2900 2892 2977 2961; x_wconf 79' lang='grc' dir='ltr'>μὴ</span> <span class='ocrx_word' id='word_1_385' title='bbox 3005 2890 3478 2947; x_wconf 77' lang='grc' dir='ltr'>καταϐλάπτεσθαι</span> <span class='ocrx_word' id='word_1_386' title='bbox 3509 2891 3601 2945; x_wconf 81' lang='grc' dir='ltr'>ὐπ’</span> <span class='ocrx_word' id='word_1_387' title='bbox 3626 2891 3806 2945; x_wconf 79' lang='grc' dir='ltr'>αὐτῶν</span> <span class='ocrx_word' id='word_1_388' title='bbox 3832 2893 3900 2947; x_wconf 74' lang='grc' dir='ltr'>ἐν</span> 
     </span>
    </p>
   </div>
   <div class='ocr_carea' id='block_1_59' title="bbox 2315 2980 2890 3046">
    <p class='ocr_par' dir='ltr' id='par_1_59' title="bbox 2315 2980 2890 3046">
     <span class='ocr_line' id='line_1_59' title="bbox 2315 2980 2890 3046; baseline 0 -11"><span class='ocrx_word' id='word_1_389' title='bbox 2315 2984 2427 3046; x_wconf 80' lang='grc' dir='ltr'>τοῖς</span> <span class='ocrx_word' id='word_1_390' title='bbox 2460 2982 2612 3045; x_wconf 82' lang='grc' dir='ltr'>ἰδίοις</span> <span class='ocrx_word' id='word_1_391' title='bbox 2638 2980 2890 3044; x_wconf 85' lang='grc' dir='ltr'>δικαίοις.</span> 
     </span>
    </p>
   </div>
   <div class='ocr_carea' id='block_1_60' title="bbox 656 3052 2239 3147">
    <p class='ocr_par' dir='ltr' id='par_1_60' title="bbox 656 3052 1930 3147">
     <span class='ocr_line' id='line_1_60' title="bbox 656 3052 1930 3147; baseline 0.01 -42"><span class='ocrx_word' id='word_1_392' title='bbox 656 3086 659 3087; x_wconf 51' lang='grc' dir='ltr'><em>ν</em></span> <span class='ocrx_word' id='word_1_393' title='bbox 718 3052 921 3147; x_wconf 63' lang='lat' dir='ltr'><strong>§yuodi</strong></span> <span class='ocrx_word' id='word_1_394' title='bbox 953 3055 1410 3114; x_wconf 87' lang='lat' dir='ltr'><strong>Calchedouensis</strong></span> <span class='ocrx_word' id='word_1_395' title='bbox 1439 3075 1617 3116; x_wconf 85' lang='lat' dir='ltr'><strong>canon</strong></span> <span class='ocrx_word' id='word_1_396' title='bbox 1650 3062 1719 3116; x_wconf 75' lang='lat'><strong>12</strong></span> <span class='ocrx_word' id='word_1_397' title='bbox 1745 3071 1800 3118; x_wconf 89' lang='lat' dir='ltr'><strong>et</strong></span> <span class='ocrx_word' id='word_1_398' title='bbox 1840 3063 1930 3119; x_wconf 89' lang='grc'>17.</span> 
     </span>
    </p>
   </div>
   <div class='ocr_carea' id='block_1_61' title="bbox 1949 3052 3532 3147">
    <p class='ocr_par' dir='ltr' id='par_1_61' title="bbox 2242 3058 3532 3147">
     <span class='ocr_line' id='line_1_61' title="bbox 2242 3058 3532 3147; baseline 0.001 -21"><span class='ocrx_word' id='word_1_399' title='bbox 2242 3087 2286 3147; x_wconf 76' lang='lat' dir='ltr'>c</span> <span class='ocrx_word' id='word_1_400' title='bbox 2311 3058 2313 3060; x_wconf 36' lang='grc'><strong>’</strong></span> <span class='ocrx_word' id='word_1_401' title='bbox 2388 3073 2613 3128; x_wconf 84' lang='grc' dir='ltr'>Συνόδου</span> <span class='ocrx_word' id='word_1_402' title='bbox 2643 3071 2983 3142; x_wconf 82' lang='grc' dir='ltr'>Καλχηδόνος</span> <span class='ocrx_word' id='word_1_403' title='bbox 3012 3069 3194 3125; x_wconf 86' lang='grc' dir='ltr'>κανὼν</span> <span class='ocrx_word' id='word_1_404' title='bbox 3228 3068 3294 3142; x_wconf 87' lang='grc' dir='ltr'><strong>ιβ’</strong></span> <span class='ocrx_word' id='word_1_405' title='bbox 3320 3071 3414 3124; x_wconf 78' lang='grc' dir='ltr'>καὶ</span> <span class='ocrx_word' id='word_1_406' title='bbox 3449 3070 3532 3135; x_wconf 76' lang='grc' dir='ltr'>ιζ’.</span> 
     </span>
    </p>
   </div>
   <div class='ocr_carea' id='block_1_62' title="bbox 721 3141 2304 3225">
    <p class='ocr_par' dir='ltr' id='par_1_62' title="bbox 721 3141 2286 3215">
     <span class='ocr_line' id='line_1_62' title="bbox 721 3141 2286 3215; baseline 0.013 -18"><span class='ocrx_word' id='word_1_407' title='bbox 721 3141 921 3215; x_wconf 77' lang='lat' dir='ltr'><strong>Synodi</strong></span> <span class='ocrx_word' id='word_1_408' title='bbox 962 3145 1027 3199; x_wconf 80' lang='lat' dir='ltr'><strong>Vl</strong></span> <span class='ocrx_word' id='word_1_409' title='bbox 1068 3161 1241 3204; x_wconf 85' lang='lat' dir='ltr'><strong>canon</strong></span> <span class='ocrx_word' id='word_1_410' title='bbox 1278 3150 1366 3205; x_wconf 85' lang='grc'><strong>55.</strong></span> <span class='ocrx_word' id='word_1_411' title='bbox 2250 3141 2286 3147; x_wconf 30' lang='lat' dir='ltr'>ﬁ</span> 
     </span>
    </p>
   </div>
   <div class='ocr_carea' id='block_1_63' title="bbox 1573 3141 3156 3225">
    <p class='ocr_par' dir='ltr' id='par_1_63' title="bbox 2250 3141 3156 3225">
     <span class='ocr_line' id='line_1_63' title="bbox 2250 3141 3156 3225; baseline -0.001 -10"><span class='ocrx_word' id='word_1_412' title='bbox 2250 3141 2286 3147; x_wconf 38' lang='lat' dir='ltr'><strong>w</strong></span> <span class='ocrx_word' id='word_1_413' title='bbox 2386 3163 2497 3215; x_wconf 78' lang='lat' dir='ltr'><strong>Kal.</strong></span> <span class='ocrx_word' id='word_1_414' title='bbox 2526 3161 2747 3215; x_wconf 85' lang='grc' dir='ltr'>συνόδου</span> <span class='ocrx_word' id='word_1_415' title='bbox 2780 3141 2833 3225; x_wconf 79' lang='grc' dir='ltr'><strong>ς’</strong></span> <span class='ocrx_word' id='word_1_416' title='bbox 2858 3158 3035 3213; x_wconf 85' lang='grc' dir='ltr'>κανὼν</span> <span class='ocrx_word' id='word_1_417' title='bbox 3061 3157 3156 3214; x_wconf 85' lang='grc' dir='ltr'>λε’.</span> 
     </span>
    </p>
   </div>
   <div class='ocr_carea' id='block_1_64' title="bbox 720 3236 2303 3320">
    <p class='ocr_par' dir='ltr' id='par_1_64' title="bbox 720 3236 2217 3319">
     <span class='ocr_line' id='line_1_64' title="bbox 720 3236 2217 3319; baseline 0.011 -29"><span class='ocrx_word' id='word_1_418' title='bbox 720 3236 810 3292; x_wconf 77' lang='grc'><strong>73.</strong></span> <span class='ocrx_word' id='word_1_419' title='bbox 850 3238 1115 3310; x_wconf 86' lang='lat' dir='ltr'><strong>Oportere</strong></span> <span class='ocrx_word' id='word_1_420' title='bbox 1144 3244 1428 3315; x_wconf 87' lang='lat' dir='ltr'><strong>episc0pos</strong></span> <span class='ocrx_word' id='word_1_421' title='bbox 1459 3245 1659 3316; x_wconf 82' lang='lat' dir='ltr'><strong>injuste</strong></span> <span class='ocrx_word' id='word_1_422' title='bbox 1685 3249 1962 3319; x_wconf 79' lang='lat' dir='ltr'><strong>expulsos,</strong></span> <span class='ocrx_word' id='word_1_423' title='bbox 1998 3250 2053 3306; x_wconf 86' lang='lat' dir='ltr'><strong>in</strong></span> <span class='ocrx_word' id='word_1_424' title='bbox 2082 3251 2217 3308; x_wconf 87' lang='lat' dir='ltr'><strong>alias</strong></span> 
     </span>
    </p>
   </div>
   <div class='ocr_carea' id='block_1_65' title="bbox 2321 3236 3904 3320">
    <p class='ocr_par' dir='ltr' id='par_1_65' title="bbox 2383 3240 3904 3320">
     <span class='ocr_line' id='line_1_65' title="bbox 2383 3240 3904 3320; baseline -0.001 -15"><span class='ocrx_word' id='word_1_425' title='bbox 2383 3249 2481 3318; x_wconf 90' lang='grc' dir='ltr'>ογ’.</span> <span class='ocrx_word' id='word_1_426' title='bbox 2540 3250 2663 3304; x_wconf 85' lang='grc' dir='ltr'>Ὅτι</span> <span class='ocrx_word' id='word_1_427' title='bbox 2703 3250 2789 3305; x_wconf 78' lang='grc' dir='ltr'><strong>δεῖ</strong></span> <span class='ocrx_word' id='word_1_428' title='bbox 2828 3250 2951 3311; x_wconf 75' lang='grc' dir='ltr'>τοὺς</span> <span class='ocrx_word' id='word_1_429' title='bbox 2996 3248 3194 3313; x_wconf 81' lang='grc' dir='ltr'>ἀδίκως</span> <span class='ocrx_word' id='word_1_430' title='bbox 3236 3240 3644 3320; x_wconf 75' lang='grc' dir='ltr'>ὲλαυνομένουξ</span> <span class='ocrx_word' id='word_1_431' title='bbox 3670 3248 3904 3303; x_wconf 68' lang='grc' dir='ltr'>ἐπισκό-</span> 
     </span>
    </p>
   </div>
   <div class='ocr_carea' id='block_1_66' title="bbox 654 3331 2237 3409">
    <p class='ocr_par' dir='ltr' id='par_1_66' title="bbox 654 3331 2214 3408">
     <span class='ocr_line' id='line_1_66' title="bbox 654 3331 2214 3408; baseline 0.01 -24"><span class='ocrx_word' id='word_1_432' title='bbox 654 3331 968 3400; x_wconf 82' lang='lat' dir='ltr'><strong>provincias</strong></span> <span class='ocrx_word' id='word_1_433' title='bbox 994 3337 1222 3405; x_wconf 90' lang='lat' dir='ltr'><strong>suscipi,</strong></span> <span class='ocrx_word' id='word_1_434' title='bbox 1252 3346 1414 3406; x_wconf 89' lang='lat' dir='ltr'><strong>atque</strong></span> <span class='ocrx_word' id='word_1_435' title='bbox 1449 3340 1579 3408; x_wconf 84' lang='lat' dir='ltr'><strong>ipsis</strong></span> <span class='ocrx_word' id='word_1_436' title='bbox 1612 3342 1923 3397; x_wconf 88' lang='lat' dir='ltr'><strong>omnimode</strong></span> <span class='ocrx_word' id='word_1_437' title='bbox 1965 3347 2214 3400; x_wconf 89' lang='lat' dir='ltr'><strong>succurri</strong></span> 
     </span>
    </p>
   </div>
   <div class='ocr_carea' id='block_1_67' title="bbox 2321 3331 3904 3409">
    <p class='ocr_par' dir='ltr' id='par_1_67' title="bbox 2321 3337 3904 3409">
     <span class='ocr_line' id='line_1_67' title="bbox 2321 3337 3904 3409; baseline 0.002 -18"><span class='ocrx_word' id='word_1_438' title='bbox 2321 3354 2451 3401; x_wconf 88' lang='grc' dir='ltr'>πους</span> <span class='ocrx_word' id='word_1_439' title='bbox 2479 3337 2729 3409; x_wconf 81' lang='grc' dir='ltr'>δέχεσθαι</span> <span class='ocrx_word' id='word_1_440' title='bbox 2760 3339 2820 3390; x_wconf 75' lang='grc' dir='ltr'>ἒν</span> <span class='ocrx_word' id='word_1_441' title='bbox 2851 3338 3062 3409; x_wconf 79' lang='grc' dir='ltr'>ἑτέραις</span> <span class='ocrx_word' id='word_1_442' title='bbox 3092 3338 3345 3409; x_wconf 82' lang='grc' dir='ltr'>ὲνορίαις,</span> <span class='ocrx_word' id='word_1_443' title='bbox 3376 3340 3473 3393; x_wconf 75' lang='grc' dir='ltr'>καὶ</span> <span class='ocrx_word' id='word_1_444' title='bbox 3496 3337 3904 3409; x_wconf 74' lang='grc' dir='ltr'>ἀντιλαμϐάνε-</span> 
     </span>
    </p>
   </div>
   <div class='ocr_carea' id='block_1_68' title="bbox 650 3429 2233 3505">
    <p class='ocr_par' dir='ltr' id='par_1_68' title="bbox 650 3429 2217 3497">
     <span class='ocr_line' id='line_1_68' title="bbox 650 3429 2217 3497; baseline 0.01 -23"><span class='ocrx_word' id='word_1_445' title='bbox 650 3437 976 3494; x_wconf 86' lang='lat' dir='ltr'><strong>manumque</strong></span> <span class='ocrx_word' id='word_1_446' title='bbox 1005 3429 1207 3497; x_wconf 81' lang='lat' dir='ltr'><strong>porrigi</strong></span> <span class='ocrx_word' id='word_1_447' title='bbox 1242 3444 1257 3484; x_wconf 88' lang='lat'><strong>:</strong></span> <span class='ocrx_word' id='word_1_448' title='bbox 1292 3429 1466 3486; x_wconf 86' lang='lat' dir='ltr'><strong>donec</strong></span> <span class='ocrx_word' id='word_1_449' title='bbox 1501 3430 1701 3495; x_wconf 81' lang='lat' dir='ltr'><strong>iniuria</strong></span> <span class='ocrx_word' id='word_1_450' title='bbox 1738 3431 1873 3489; x_wconf 83' lang='lat' dir='ltr'><strong>ipsis</strong></span> <span class='ocrx_word' id='word_1_451' title='bbox 1910 3432 2060 3488; x_wconf 88' lang='lat' dir='ltr'><strong>illata</strong></span> <span class='ocrx_word' id='word_1_452' title='bbox 2097 3435 2217 3490; x_wconf 80' lang='lat' dir='ltr'><strong>viu-</strong></span> 
     </span>
    </p>
   </div>
   <div class='ocr_carea' id='block_1_69' title="bbox 2319 3429 3902 3505">
    <p class='ocr_par' dir='ltr' id='par_1_69' title="bbox 2319 3431 3902 3505">
     <span class='ocr_line' id='line_1_69' title="bbox 2319 3431 3902 3505; baseline 0.003 -21"><span class='ocrx_word' id='word_1_453' title='bbox 2319 3431 2441 3486; x_wconf 86' lang='grc' dir='ltr'>σθαι</span> <span class='ocrx_word' id='word_1_454' title='bbox 2478 3431 2749 3495; x_wconf 82' lang='grc' dir='ltr'>παντοίως</span> <span class='ocrx_word' id='word_1_455' title='bbox 2781 3433 2876 3485; x_wconf 72' lang='grc' dir='ltr'>καὶ</span> <span class='ocrx_word' id='word_1_456' title='bbox 2910 3433 3398 3501; x_wconf 77' lang='grc' dir='ltr'>χειραγωγεῖσθαι,</span> <span class='ocrx_word' id='word_1_457' title='bbox 3437 3432 3597 3502; x_wconf 77' lang='grc' dir='ltr'>ἄχρις</span> <span class='ocrx_word' id='word_1_458' title='bbox 3631 3433 3697 3487; x_wconf 84' lang='grc' dir='ltr'><strong>ἀν</strong></span> <span class='ocrx_word' id='word_1_459' title='bbox 3729 3435 3763 3505; x_wconf 76' lang='grc' dir='ltr'><strong>ἠ</strong></span> <span class='ocrx_word' id='word_1_460' title='bbox 3800 3437 3902 3488; x_wconf 71' lang='grc' dir='ltr'><strong>ἐπὶ</strong></span> 
     </span>
    </p>
   </div>
   <div class='ocr_carea' id='block_1_70' title="bbox 650 3513 2233 3595">
    <p class='ocr_par' dir='ltr' id='par_1_70' title="bbox 650 3513 1273 3574">
     <span class='ocr_line' id='line_1_70' title="bbox 650 3513 1273 3574; baseline 0.016 -6"><span class='ocrx_word' id='word_1_461' title='bbox 650 3513 826 3570; x_wconf 86' lang='lat' dir='ltr'><strong>dicata</strong></span> <span class='ocrx_word' id='word_1_462' title='bbox 852 3515 1037 3574; x_wconf 80' lang='lat' dir='ltr'><strong>fuerit.</strong></span> <span class='ocrx_word' id='word_1_463' title='bbox 1254 3536 1273 3550; x_wconf 62' lang='grc' dir='ltr'><strong>ί</strong></span> 
     </span>
    </p>
   </div>
   <div class='ocr_carea' id='block_1_71' title="bbox 1500 3513 3083 3595">
    <p class='ocr_par' dir='ltr' id='par_1_71' title="bbox 2315 3523 3083 3595">
     <span class='ocr_line' id='line_1_71' title="bbox 2315 3523 3083 3595; baseline 0.001 -19"><span class='ocrx_word' id='word_1_464' title='bbox 2315 3523 2500 3588; x_wconf 84' lang='grc' dir='ltr'>αὐτοῖς</span> <span class='ocrx_word' id='word_1_465' title='bbox 2530 3526 2756 3593; x_wconf 79' lang='grc' dir='ltr'>γένηται</span> <span class='ocrx_word' id='word_1_466' title='bbox 2787 3523 3083 3595; x_wconf 79' lang='grc' dir='ltr'>ἐκδίκησις.</span> 
     </span>
    </p>
   </div>
   <div class='ocr_carea' id='block_1_72' title="bbox 724 3597 2307 3686">
    <p class='ocr_par' dir='ltr' id='par_1_72' title="bbox 724 3597 1620 3678">
     <span class='ocr_line' id='line_1_72' title="bbox 724 3597 1620 3678; baseline 0.009 -16"><span class='ocrx_word' id='word_1_467' title='bbox 724 3597 925 3678; x_wconf 76' lang='lat' dir='ltr'><strong>Synodi</strong></span> <span class='ocrx_word' id='word_1_468' title='bbox 956 3608 1296 3668; x_wconf 87' lang='lat' dir='ltr'><strong>Sardicensis</strong></span> <span class='ocrx_word' id='word_1_469' title='bbox 1324 3629 1496 3669; x_wconf 85' lang='lat' dir='ltr'><strong>canon</strong></span> <span class='ocrx_word' id='word_1_470' title='bbox 1529 3615 1620 3670; x_wconf 87' lang='grc'>17.</span> 
     </span>
    </p>
   </div>
   <div class='ocr_carea' id='block_1_73' title="bbox 1655 3597 3238 3686">
    <p class='ocr_par' dir='ltr' id='par_1_73' title="bbox 2384 3615 3238 3686">
     <span class='ocr_line' id='line_1_73' title="bbox 2384 3615 3238 3686; baseline 0.001 -18"><span class='ocrx_word' id='word_1_471' title='bbox 2384 3616 2609 3668; x_wconf 81' lang='grc' dir='ltr'>Συνόδου</span> <span class='ocrx_word' id='word_1_472' title='bbox 2641 3615 2911 3686; x_wconf 79' lang='grc' dir='ltr'>Σαρδικῆς</span> <span class='ocrx_word' id='word_1_473' title='bbox 2942 3615 3120 3668; x_wconf 87' lang='grc' dir='ltr'>κανὼν</span> <span class='ocrx_word' id='word_1_474' title='bbox 3151 3616 3238 3680; x_wconf 76' lang='grc' dir='ltr'>ιζ’.</span> 
     </span>
    </p>
   </div>
   <div class='ocr_carea' id='block_1_74' title="bbox 723 3696 2306 3783">
    <p class='ocr_par' dir='ltr' id='par_1_74' title="bbox 723 3696 2219 3783">
     <span class='ocr_line' id='line_1_74' title="bbox 723 3696 2219 3783; baseline 0.012 -32"><span class='ocrx_word' id='word_1_475' title='bbox 723 3697 811 3753; x_wconf 69' lang='grc'><strong>74.</strong></span> <span class='ocrx_word' id='word_1_476' title='bbox 853 3696 1114 3768; x_wconf 88' lang='lat' dir='ltr'><strong>Oportere</strong></span> <span class='ocrx_word' id='word_1_477' title='bbox 1159 3706 1496 3771; x_wconf 83' lang='lat' dir='ltr'><strong>patriarchas</strong></span> <span class='ocrx_word' id='word_1_478' title='bbox 1530 3706 1755 3776; x_wconf 83' lang='lat' dir='ltr'><strong>pacilioe</strong></span> <span class='ocrx_word' id='word_1_479' title='bbox 1790 3709 1933 3766; x_wconf 91' lang='lat' dir='ltr'><strong>inter</strong></span> <span class='ocrx_word' id='word_1_480' title='bbox 1967 3725 2026 3767; x_wconf 88' lang='lat' dir='ltr'><strong>se</strong></span> <span class='ocrx_word' id='word_1_481' title='bbox 2057 3727 2219 3783; x_wconf 81' lang='lat' dir='ltr'><strong>agere</strong></span> 
     </span>
    </p>
   </div>
   <div class='ocr_carea' id='block_1_75' title="bbox 2317 3696 3900 3783">
    <p class='ocr_par' dir='ltr' id='par_1_75' title="bbox 2384 3706 3900 3778">
     <span class='ocr_line' id='line_1_75' title="bbox 2384 3706 3900 3778; baseline 0.001 -17"><span class='ocrx_word' id='word_1_482' title='bbox 2384 3706 2476 3763; x_wconf 92' lang='grc' dir='ltr'>οδ’.</span> <span class='ocrx_word' id='word_1_483' title='bbox 2507 3708 2628 3760; x_wconf 76' lang='grc' dir='ltr'><strong>Ὀτι</strong></span> <span class='ocrx_word' id='word_1_484' title='bbox 2675 3707 2756 3760; x_wconf 88' lang='grc' dir='ltr'>δεῖ</span> <span class='ocrx_word' id='word_1_485' title='bbox 2799 3706 3099 3778; x_wconf 78' lang='grc' dir='ltr'>εἰρηνεύειν</span> <span class='ocrx_word' id='word_1_486' title='bbox 3150 3710 3269 3777; x_wconf 83' lang='grc' dir='ltr'>μετ’</span> <span class='ocrx_word' id='word_1_487' title='bbox 3317 3707 3561 3778; x_wconf 85' lang='grc' dir='ltr'>ἀλλήλων</span> <span class='ocrx_word' id='word_1_488' title='bbox 3608 3708 3737 3773; x_wconf 77' lang='grc' dir='ltr'>τοὺς</span> <span class='ocrx_word' id='word_1_489' title='bbox 3784 3728 3900 3763; x_wconf 67' lang='grc' dir='ltr'>παν</span> 
     </span>
    </p>
   </div>
   <div class='ocr_carea' id='block_1_76' title="bbox 570 3792 2153 3871">
    <p class='ocr_par' dir='ltr' id='par_1_76' title="bbox 570 3792 2148 3871">
     <span class='ocr_line' id='line_1_76' title="bbox 570 3792 2148 3871; baseline 0.011 -29"><span class='ocrx_word' id='word_1_490' title='bbox 570 3792 572 3795; x_wconf 80' lang='grc'><strong>’</strong></span> <span class='ocrx_word' id='word_1_491' title='bbox 650 3799 815 3861; x_wconf 79' lang='lat' dir='ltr'><strong>atque</strong></span> <span class='ocrx_word' id='word_1_492' title='bbox 845 3793 1101 3850; x_wconf 86' lang='lat' dir='ltr'><strong>honorari</strong></span> <span class='ocrx_word' id='word_1_493' title='bbox 1154 3812 1250 3864; x_wconf 81' lang='lat' dir='ltr'><strong>pro</strong></span> <span class='ocrx_word' id='word_1_494' title='bbox 1280 3813 1344 3852; x_wconf 83' lang='lat' dir='ltr'><strong>eo</strong></span> <span class='ocrx_word' id='word_1_495' title='bbox 1392 3814 1549 3867; x_wconf 83' lang='lat' dir='ltr'><strong>quem</strong></span> <span class='ocrx_word' id='word_1_496' title='bbox 1600 3801 1846 3855; x_wconf 82' lang='lat' dir='ltr'><strong>obtinent</strong></span> <span class='ocrx_word' id='word_1_497' title='bbox 1878 3805 2067 3871; x_wconf 83' lang='lat' dir='ltr'><strong>gradu,</strong></span> <span class='ocrx_word' id='word_1_498' title='bbox 2117 3822 2148 3859; x_wconf 92' lang='lat' dir='ltr'><strong>n</strong></span> 
     </span>
    </p>
   </div>
   <div class='ocr_carea' id='block_1_77' title="bbox 2325 3792 3908 3871">
    <p class='ocr_par' dir='ltr' id='par_1_77' title="bbox 2325 3796 3908 3871">
     <span class='ocr_line' id='line_1_77' title="bbox 2325 3796 3908 3871; baseline 0.002 -21"><span class='ocrx_word' id='word_1_499' title='bbox 2325 3797 2606 3869; x_wconf 80' lang='grc' dir='ltr'>τριάρχας,</span> <span class='ocrx_word' id='word_1_500' title='bbox 2643 3796 2736 3850; x_wconf 74' lang='grc' dir='ltr'>καὶ</span> <span class='ocrx_word' id='word_1_501' title='bbox 2770 3797 3034 3866; x_wconf 85' lang='grc' dir='ltr'>τιμᾶσθαι</span> <span class='ocrx_word' id='word_1_502' title='bbox 3075 3798 3272 3862; x_wconf 82' lang='grc' dir='ltr'>αὐτοὺς</span> <span class='ocrx_word' id='word_1_503' title='bbox 3313 3798 3452 3853; x_wconf 87' lang='grc' dir='ltr'><strong>κατά</strong></span> <span class='ocrx_word' id='word_1_504' title='bbox 3481 3798 3581 3870; x_wconf 82' lang='grc' dir='ltr'>τὴν</span> <span class='ocrx_word' id='word_1_505' title='bbox 3613 3800 3908 3871; x_wconf 79' lang='grc' dir='ltr'>ἀπονεμη-</span> 
     </span>
    </p>
   </div>
   <div class='ocr_carea' id='block_1_78' title="bbox 650 3889 2233 3969">
    <p class='ocr_par' dir='ltr' id='par_1_78' title="bbox 650 3889 2218 3969">
     <span class='ocr_line' id='line_1_78' title="bbox 650 3889 2218 3969; baseline 0.01 -34"><span class='ocrx_word' id='word_1_506' title='bbox 650 3898 757 3937; x_wconf 91' lang='lat' dir='ltr'><strong>nou</strong></span> <span class='ocrx_word' id='word_1_507' title='bbox 811 3893 866 3939; x_wconf 88' lang='lat' dir='ltr'><strong>et</strong></span> <span class='ocrx_word' id='word_1_508' title='bbox 916 3889 1370 3956; x_wconf 88' lang='lat' dir='ltr'><strong>metropolitanos</strong></span> <span class='ocrx_word' id='word_1_509' title='bbox 1436 3901 1599 3961; x_wconf 88' lang='lat' dir='ltr'><strong>atque</strong></span> <span class='ocrx_word' id='word_1_510' title='bbox 1667 3895 1984 3964; x_wconf 82' lang='lat' dir='ltr'><strong>episcopos;</strong></span> <span class='ocrx_word' id='word_1_511' title='bbox 2041 3913 2218 3969; x_wconf 84' lang='lat' dir='ltr'><strong>neque</strong></span> 
     </span>
    </p>
   </div>
   <div class='ocr_carea' id='block_1_79' title="bbox 2325 3889 3908 3969">
    <p class='ocr_par' dir='ltr' id='par_1_79' title="bbox 2325 3890 3908 3961">
     <span class='ocr_line' id='line_1_79' title="bbox 2325 3890 3908 3961; baseline 0.003 -18"><span class='ocrx_word' id='word_1_512' title='bbox 2325 3892 2504 3944; x_wconf 84' lang='grc' dir='ltr'>θεῖσαν</span> <span class='ocrx_word' id='word_1_513' title='bbox 2539 3890 2711 3955; x_wconf 76' lang='grc' dir='ltr'>τάξιν.</span> <span class='ocrx_word' id='word_1_514' title='bbox 2754 3890 2864 3945; x_wconf 76' lang='grc' dir='ltr'>Καὶ</span> <span class='ocrx_word' id='word_1_515' title='bbox 2908 3890 3015 3961; x_wconf 76' lang='grc' dir='ltr'>μὴν</span> <span class='ocrx_word' id='word_1_516' title='bbox 3051 3891 3145 3945; x_wconf 73' lang='grc' dir='ltr'>καὶ</span> <span class='ocrx_word' id='word_1_517' title='bbox 3186 3892 3310 3955; x_wconf 82' lang='grc' dir='ltr'>τοὺς</span> <span class='ocrx_word' id='word_1_518' title='bbox 3356 3890 3759 3961; x_wconf 82' lang='grc' dir='ltr'>μητροπολίτας</span> <span class='ocrx_word' id='word_1_519' title='bbox 3805 3895 3908 3947; x_wconf 80' lang='grc' dir='ltr'>καὶ</span> 
     </span>
    </p>
   </div>
   <div class='ocr_carea' id='block_1_80' title="bbox 650 3978 2233 4054">
    <p class='ocr_par' dir='ltr' id='par_1_80' title="bbox 650 3978 2215 4053">
     <span class='ocr_line' id='line_1_80' title="bbox 650 3978 2215 4053; baseline 0.012 -24"><span class='ocrx_word' id='word_1_520' title='bbox 650 3978 947 4045; x_wconf 78' lang='lat' dir='ltr'><strong>quidquam</strong></span> <span class='ocrx_word' id='word_1_521' title='bbox 978 3980 1157 4035; x_wconf 78' lang='lat' dir='ltr'><strong>facere</strong></span> <span class='ocrx_word' id='word_1_522' title='bbox 1184 3996 1280 4038; x_wconf 89' lang='lat' dir='ltr'><strong>eos</strong></span> <span class='ocrx_word' id='word_1_523' title='bbox 1310 3984 1402 4053; x_wconf 86' lang='lat' dir='ltr'><strong>qui</strong></span> <span class='ocrx_word' id='word_1_524' title='bbox 1441 3984 1681 4052; x_wconf 87' lang='lat' dir='ltr'><strong>ipsorum</strong></span> <span class='ocrx_word' id='word_1_525' title='bbox 1716 3986 2049 4045; x_wconf 74' lang='lat' dir='ltr'><strong>dimcesibus</strong></span> <span class='ocrx_word' id='word_1_526' title='bbox 2090 3992 2215 4046; x_wconf 87' lang='lat' dir='ltr'><strong>sub-</strong></span> 
     </span>
    </p>
   </div>
   <div class='ocr_carea' id='block_1_81' title="bbox 2327 3978 3910 4054">
    <p class='ocr_par' dir='ltr' id='par_1_81' title="bbox 2327 3982 3910 4054">
     <span class='ocr_line' id='line_1_81' title="bbox 2327 3982 3910 4054; baseline 0 -19"><span class='ocrx_word' id='word_1_527' title='bbox 2327 3982 2651 4046; x_wconf 72' lang='grc' dir='ltr'>ὲπισκόπους</span> <span class='ocrx_word' id='word_1_528' title='bbox 2680 3982 2844 4053; x_wconf 80' lang='grc' dir='ltr'>μηδέν</span> <span class='ocrx_word' id='word_1_529' title='bbox 2869 4001 2921 4036; x_wconf 89' lang='grc' dir='ltr'><strong>τι</strong></span> <span class='ocrx_word' id='word_1_530' title='bbox 2954 3985 3123 4036; x_wconf 81' lang='grc' dir='ltr'>ποιεῖν</span> <span class='ocrx_word' id='word_1_531' title='bbox 3148 3982 3274 4046; x_wconf 72' lang='grc' dir='ltr'>τοὺς</span> <span class='ocrx_word' id='word_1_532' title='bbox 3304 3982 3408 4035; x_wconf 82' lang='grc' dir='ltr'><strong>ὑπὸ</strong></span> <span class='ocrx_word' id='word_1_533' title='bbox 3434 3984 3532 4046; x_wconf 77' lang='grc' dir='ltr'><strong>τὰς</strong></span> <span class='ocrx_word' id='word_1_534' title='bbox 3558 3983 3774 4054; x_wconf 80' lang='grc' dir='ltr'>ὲνορίας</span> <span class='ocrx_word' id='word_1_535' title='bbox 3800 3985 3910 4038; x_wconf 79' lang='grc' dir='ltr'><strong>αὑ-</strong></span> 
     </span>
    </p>
   </div>
   <div class='ocr_carea' id='block_1_82' title="bbox 650 4070 2233 4152">
    <p class='ocr_par' dir='ltr' id='par_1_82' title="bbox 650 4070 2220 4152">
     <span class='ocr_line' id='line_1_82' title="bbox 650 4070 2220 4152; baseline 0.01 -30"><span class='ocrx_word' id='word_1_536' title='bbox 650 4070 752 4125; x_wconf 91' lang='lat' dir='ltr'><strong>diti</strong></span> <span class='ocrx_word' id='word_1_537' title='bbox 782 4080 928 4135; x_wconf 87' lang='lat' dir='ltr'><strong>sunt,</strong></span> <span class='ocrx_word' id='word_1_538' title='bbox 979 4073 1179 4142; x_wconf 85' lang='lat' dir='ltr'><strong>absque</strong></span> <span class='ocrx_word' id='word_1_539' title='bbox 1230 4075 1471 4143; x_wconf 86' lang='lat' dir='ltr'><strong>ipsorum</strong></span> <span class='ocrx_word' id='word_1_540' title='bbox 1503 4090 1773 4133; x_wconf 90' lang='lat' dir='ltr'><strong>consensu</strong></span> <span class='ocrx_word' id='word_1_541' title='bbox 1804 4096 1819 4132; x_wconf 90' lang='lat'><strong>:</strong></span> <span class='ocrx_word' id='word_1_542' title='bbox 1868 4094 2041 4150; x_wconf 88' lang='lat' dir='ltr'><strong>neque</strong></span> <span class='ocrx_word' id='word_1_543' title='bbox 2075 4080 2220 4152; x_wconf 85' lang='lat' dir='ltr'><strong>ipsos</strong></span> 
     </span>
    </p>
   </div>
   <div class='ocr_carea' id='block_1_83' title="bbox 2326 4070 3909 4152">
    <p class='ocr_par' dir='ltr' id='par_1_83' title="bbox 2326 4073 3909 4146">
     <span class='ocr_line' id='line_1_83' title="bbox 2326 4073 3909 4146; baseline 0.001 -18"><span class='ocrx_word' id='word_1_544' title='bbox 2326 4075 2446 4141; x_wconf 85' lang='grc' dir='ltr'>τῶν,</span> <span class='ocrx_word' id='word_1_545' title='bbox 2474 4075 2641 4146; x_wconf 82' lang='grc' dir='ltr'>χωρὶς</span> <span class='ocrx_word' id='word_1_546' title='bbox 2666 4074 2890 4145; x_wconf 80' lang='grc' dir='ltr'>γνώμης</span> <span class='ocrx_word' id='word_1_547' title='bbox 2907 4074 3013 4129; x_wconf 86' lang='grc' dir='ltr'><strong>τῶν</strong></span> <span class='ocrx_word' id='word_1_548' title='bbox 3034 4073 3212 4129; x_wconf 82' lang='grc' dir='ltr'>αὐτῶν</span> <span class='ocrx_word' id='word_1_549' title='bbox 3237 4091 3249 4103; x_wconf 90' lang='grc'>·</span> <span class='ocrx_word' id='word_1_550' title='bbox 3280 4074 3400 4144; x_wconf 75' lang='grc' dir='ltr'>μήτ’</span> <span class='ocrx_word' id='word_1_551' title='bbox 3423 4073 3618 4138; x_wconf 79' lang='grc' dir='ltr'>αὐτούς</span> <span class='ocrx_word' id='word_1_552' title='bbox 3641 4092 3696 4128; x_wconf 89' lang='grc' dir='ltr'><strong>τι</strong></span> <span class='ocrx_word' id='word_1_553' title='bbox 3723 4077 3909 4129; x_wconf 81' lang='grc' dir='ltr'>ποιεῖν</span> 
     </span>
    </p>
   </div>
   <div class='ocr_carea' id='block_1_84' title="bbox 562 4162 2145 4242">
    <p class='ocr_par' dir='ltr' id='par_1_84' title="bbox 562 4162 2145 4235">
     <span class='ocr_line' id='line_1_84' title="bbox 562 4162 2145 4235; baseline 0.009 -22"><span class='ocrx_word' id='word_1_554' title='bbox 562 4207 567 4212; x_wconf 83' lang='lat'><strong>.</strong></span> <span class='ocrx_word' id='word_1_555' title='bbox 652 4162 817 4216; x_wconf 89' lang='lat' dir='ltr'><strong>etiam</strong></span> <span class='ocrx_word' id='word_1_556' title='bbox 858 4164 1151 4233; x_wconf 85' lang='lat' dir='ltr'><strong>quidquam</strong></span> <span class='ocrx_word' id='word_1_557' title='bbox 1208 4183 1368 4234; x_wconf 74' lang='lat' dir='ltr'><strong>agere</strong></span> <span class='ocrx_word' id='word_1_558' title='bbox 1417 4170 1831 4235; x_wconf 12' lang='lat' dir='ltr'><strong>citra’oumium</strong></span> <span class='ocrx_word' id='word_1_559' title='bbox 1866 4175 2145 4230; x_wconf 83' lang='lat' dir='ltr'><strong>sententia:</strong></span> 
     </span>
    </p>
   </div>
   <div class='ocr_carea' id='block_1_85' title="bbox 1554 4162 3137 4242">
    <p class='ocr_par' dir='ltr' id='par_1_85' title="bbox 1566 4169 3137 4242">
     <span class='ocr_line' id='line_1_85' title="bbox 1566 4169 3137 4242; baseline 0.009 -20"><span class='ocrx_word' id='word_1_560' title='bbox 1566 4172 1831 4235; x_wconf 86' lang='lat' dir='ltr'><strong>omnium</strong></span> <span class='ocrx_word' id='word_1_561' title='bbox 1866 4175 2217 4231; x_wconf 83' lang='lat' dir='ltr'><strong>sententiam.</strong></span> <span class='ocrx_word' id='word_1_562' title='bbox 2321 4170 2490 4242; x_wconf 77' lang='grc' dir='ltr'>χωρὶς</span> <span class='ocrx_word' id='word_1_563' title='bbox 2518 4171 2617 4239; x_wconf 72' lang='grc' dir='ltr'><strong>τῆς</strong></span> <span class='ocrx_word' id='word_1_564' title='bbox 2648 4170 2865 4224; x_wconf 80' lang='grc' dir='ltr'>πάντων</span> <span class='ocrx_word' id='word_1_565' title='bbox 2894 4169 3137 4242; x_wconf 76' lang='grc' dir='ltr'>γνώμης·</span> 
     </span>
    </p>
   </div>
   <div class='ocr_carea' id='block_1_86' title="bbox 727 4256 2310 4330">
    <p class='ocr_par' dir='ltr' id='par_1_86' title="bbox 727 4256 1951 4330">
     <span class='ocr_line' id='line_1_86' title="bbox 727 4256 1951 4330; baseline 0.008 -16"><span class='ocrx_word' id='word_1_566' title='bbox 727 4256 1048 4314; x_wconf 90' lang='lat' dir='ltr'><strong>Sanctorum</strong></span> <span class='ocrx_word' id='word_1_567' title='bbox 1083 4263 1450 4330; x_wconf 87' lang='lat' dir='ltr'><strong>apostolorum</strong></span> <span class='ocrx_word' id='word_1_568' title='bbox 1492 4280 1663 4321; x_wconf 85' lang='lat' dir='ltr'><strong>canon</strong></span> <span class='ocrx_word' id='word_1_569' title='bbox 1700 4268 1791 4323; x_wconf 71' lang='grc'>54.</span> <span class='ocrx_word' id='word_1_570' title='bbox 1950 4288 1951 4291; x_wconf 43' lang='grc' dir='ltr'><strong>η</strong></span> 
     </span>
    </p>
   </div>
   <div class='ocr_carea' id='block_1_87' title="bbox 1804 4256 3387 4330">
    <p class='ocr_par' dir='ltr' id='par_1_87' title="bbox 1950 4261 3387 4329">
     <span class='ocr_line' id='line_1_87' title="bbox 1950 4261 3387 4329; baseline 0.001 -16"><span class='ocrx_word' id='word_1_571' title='bbox 1950 4288 1951 4291; x_wconf 58' lang='grc' dir='ltr'><strong>η</strong></span> <span class='ocrx_word' id='word_1_572' title='bbox 2391 4261 2514 4314; x_wconf 87' lang='grc' dir='ltr'>Τῶν</span> <span class='ocrx_word' id='word_1_573' title='bbox 2542 4261 2713 4329; x_wconf 80' lang='grc' dir='ltr'>ἁγίων</span> <span class='ocrx_word' id='word_1_574' title='bbox 2743 4261 3056 4315; x_wconf 76' lang='grc' dir='ltr'>ἀποστόλων</span> <span class='ocrx_word' id='word_1_575' title='bbox 3088 4261 3265 4316; x_wconf 80' lang='grc' dir='ltr'>κανών</span> <span class='ocrx_word' id='word_1_576' title='bbox 3292 4262 3387 4315; x_wconf 89' lang='grc' dir='ltr'>λδ’.</span> 
     </span>
    </p>
   </div>
   <div class='ocr_carea' id='block_1_88' title="bbox 724 4350 2307 4423">
    <p class='ocr_par' dir='ltr' id='par_1_88' title="bbox 724 4350 1623 4423">
     <span class='ocr_line' id='line_1_88' title="bbox 724 4350 1623 4423; baseline 0.01 -20"><span class='ocrx_word' id='word_1_577' title='bbox 724 4350 953 4406; x_wconf 72' lang='lat' dir='ltr'><strong>Niczenze</strong></span> <span class='ocrx_word' id='word_1_578' title='bbox 984 4354 1175 4423; x_wconf 86' lang='lat' dir='ltr'><strong>synodi</strong></span> <span class='ocrx_word' id='word_1_579' title='bbox 1208 4370 1382 4409; x_wconf 86' lang='lat' dir='ltr'><strong>canon</strong></span> <span class='ocrx_word' id='word_1_580' title='bbox 1421 4354 1453 4408; x_wconf 85' lang='lat'><strong><em>6</em></strong></span> <span class='ocrx_word' id='word_1_581' title='bbox 1486 4366 1541 4411; x_wconf 91' lang='lat' dir='ltr'><strong>et</strong></span> <span class='ocrx_word' id='word_1_582' title='bbox 1571 4357 1623 4412; x_wconf 87' lang='lat'><strong>7.</strong></span> 
     </span>
    </p>
   </div>
   <div class='ocr_carea' id='block_1_89' title="bbox 1804 4350 3387 4423">
    <p class='ocr_par' dir='ltr' id='par_1_89' title="bbox 2392 4351 3387 4417">
     <span class='ocr_line' id='line_1_89' title="bbox 2392 4351 3387 4417; baseline 0 -13"><span class='ocrx_word' id='word_1_583' title='bbox 2392 4351 2618 4406; x_wconf 87' lang='grc' dir='ltr'>Συνόδου</span> <span class='ocrx_word' id='word_1_584' title='bbox 2647 4352 2878 4414; x_wconf 86' lang='grc' dir='ltr'>Νικαίας</span> <span class='ocrx_word' id='word_1_585' title='bbox 2909 4351 3089 4407; x_wconf 57' lang='grc' dir='ltr'>κανὼν</span> <span class='ocrx_word' id='word_1_586' title='bbox 3117 4351 3172 4417; x_wconf 83' lang='grc' dir='ltr'><strong>ς’</strong></span> <span class='ocrx_word' id='word_1_587' title='bbox 3198 4354 3292 4407; x_wconf 81' lang='grc' dir='ltr'>καὶ</span> <span class='ocrx_word' id='word_1_588' title='bbox 3322 4351 3387 4417; x_wconf 80' lang='grc' dir='ltr'><strong>ζ’.</strong></span> 
     </span>
    </p>
   </div>
   <div class='ocr_carea' id='block_1_90' title="bbox 655 4432 2238 4515">
    <p class='ocr_par' dir='ltr' id='par_1_90' title="bbox 655 4441 1607 4515">
     <span class='ocr_line' id='line_1_90' title="bbox 655 4441 1607 4515; baseline 0.008 -18"><span class='ocrx_word' id='word_1_589' title='bbox 655 4441 661 4445; x_wconf 80' lang='grc'><strong>’</strong></span> <span class='ocrx_word' id='word_1_590' title='bbox 723 4443 926 4515; x_wconf 85' lang='lat' dir='ltr'><strong>Synodi</strong></span> <span class='ocrx_word' id='word_1_591' title='bbox 958 4446 1312 4501; x_wconf 74' lang='lat' dir='ltr'><strong>Antiocltenm</strong></span> <span class='ocrx_word' id='word_1_592' title='bbox 1342 4462 1519 4502; x_wconf 88' lang='lat' dir='ltr'><strong>canon</strong></span> <span class='ocrx_word' id='word_1_593' title='bbox 1551 4450 1607 4505; x_wconf 86' lang='lat'><strong>9.</strong></span> 
     </span>
    </p>
   </div>
   <div class='ocr_carea' id='block_1_91' title="bbox 1719 4432 3302 4515">
    <p class='ocr_par' dir='ltr' id='par_1_91' title="bbox 2247 4432 3302 4513">
     <span class='ocr_line' id='line_1_91' title="bbox 2247 4432 3302 4513; baseline 0.002 -17"><span class='ocrx_word' id='word_1_594' title='bbox 2247 4432 2292 4489; x_wconf 73' lang='grc' dir='ltr'><strong>Β</strong></span> <span class='ocrx_word' id='word_1_595' title='bbox 2393 4443 2624 4498; x_wconf 84' lang='grc' dir='ltr'>Συνόδου</span> <span class='ocrx_word' id='word_1_596' title='bbox 2655 4443 2983 4513; x_wconf 81' lang='grc' dir='ltr'>Ἀντιοχείας</span> <span class='ocrx_word' id='word_1_597' title='bbox 3013 4442 3195 4497; x_wconf 85' lang='grc' dir='ltr'>κανὼν</span> <span class='ocrx_word' id='word_1_598' title='bbox 3228 4444 3302 4498; x_wconf 82' lang='grc' dir='ltr'>θ’.</span> 
     </span>
    </p>
   </div>
   <div class='ocr_carea' id='block_1_92' title="bbox 723 4524 2306 4611">
    <p class='ocr_par' dir='ltr' id='par_1_92' title="bbox 723 4524 2002 4611">
     <span class='ocr_line' id='line_1_92' title="bbox 723 4524 2002 4611; baseline 0.005 -20"><span class='ocrx_word' id='word_1_599' title='bbox 723 4524 925 4607; x_wconf 82' lang='lat' dir='ltr'><strong>Synodi</strong></span> <span class='ocrx_word' id='word_1_600' title='bbox 953 4538 1574 4611; x_wconf 75' lang='lat' dir='ltr'><strong>Cunstantiuopolitana:</strong></span> <span class='ocrx_word' id='word_1_601' title='bbox 1605 4556 1779 4596; x_wconf 81' lang='lat' dir='ltr'><strong>canon</strong></span> <span class='ocrx_word' id='word_1_602' title='bbox 1809 4541 1845 4595; x_wconf 73' lang='grc' dir='ltr'>Ξ</span> <span class='ocrx_word' id='word_1_603' title='bbox 1868 4550 1923 4597; x_wconf 85' lang='lat' dir='ltr'><strong>et</strong></span> <span class='ocrx_word' id='word_1_604' title='bbox 1946 4542 2002 4597; x_wconf 82' lang='lat'><strong>&#39;5.</strong></span> 
     </span>
    </p>
   </div>
   <div class='ocr_carea' id='block_1_93' title="bbox 2215 4524 3798 4611">
    <p class='ocr_par' dir='ltr' id='par_1_93' title="bbox 2394 4533 3798 4607">
     <span class='ocr_line' id='line_1_93' title="bbox 2394 4533 3798 4607; baseline 0.004 -19"><span class='ocrx_word' id='word_1_605' title='bbox 2394 4536 2623 4590; x_wconf 81' lang='grc' dir='ltr'>Συνόδου</span> <span class='ocrx_word' id='word_1_606' title='bbox 2655 4535 3277 4599; x_wconf 84' lang='grc' dir='ltr'>Κωνσταντινουπόλεως</span> <span class='ocrx_word' id='word_1_607' title='bbox 3309 4535 3488 4590; x_wconf 85' lang='grc' dir='ltr'>κανὼν</span> <span class='ocrx_word' id='word_1_608' title='bbox 3514 4535 3564 4607; x_wconf 83' lang='grc' dir='ltr'>β’</span> <span class='ocrx_word' id='word_1_609' title='bbox 3592 4535 3687 4591; x_wconf 73' lang='grc' dir='ltr'>καὶ</span> <span class='ocrx_word' id='word_1_610' title='bbox 3714 4533 3798 4607; x_wconf 88' lang='grc' dir='ltr'><strong>γ’.</strong></span> 
     </span>
    </p>
   </div>
   <div class='ocr_carea' id='block_1_94' title="bbox 723 4624 2306 4698">
    <p class='ocr_par' dir='ltr' id='par_1_94' title="bbox 723 4626 1583 4698">
     <span class='ocr_line' id='line_1_94' title="bbox 723 4626 1583 4698; baseline 0.007 -18"><span class='ocrx_word' id='word_1_611' title='bbox 723 4626 927 4698; x_wconf 89' lang='lat' dir='ltr'><strong>Synodi</strong></span> <span class='ocrx_word' id='word_1_612' title='bbox 964 4628 1248 4696; x_wconf 69' lang='lat' dir='ltr'><strong>Ephesius:</strong></span> <span class='ocrx_word' id='word_1_613' title='bbox 1282 4645 1457 4685; x_wconf 83' lang='lat' dir='ltr'><strong>canon</strong></span> <span class='ocrx_word' id='word_1_614' title='bbox 1501 4630 1583 4686; x_wconf 84' lang='grc'>10.</span> 
     </span>
    </p>
   </div>
   <div class='ocr_carea' id='block_1_95' title="bbox 1603 4624 3186 4698">
    <p class='ocr_par' dir='ltr' id='par_1_95' title="bbox 2395 4624 3186 4692">
     <span class='ocr_line' id='line_1_95' title="bbox 2395 4624 3186 4692; baseline 0.001 -13"><span class='ocrx_word' id='word_1_615' title='bbox 2395 4627 2620 4681; x_wconf 84' lang='grc' dir='ltr'>Συνόδου</span> <span class='ocrx_word' id='word_1_616' title='bbox 2663 4625 2890 4692; x_wconf 82' lang='grc' dir='ltr'>Ἐφέσου</span> <span class='ocrx_word' id='word_1_617' title='bbox 2926 4624 3104 4679; x_wconf 85' lang='grc' dir='ltr'>κανὼν</span> <span class='ocrx_word' id='word_1_618' title='bbox 3135 4631 3186 4681; x_wconf 84' lang='grc' dir='ltr'>ι’.</span> 
     </span>
    </p>
   </div>
   <div class='ocr_carea' id='block_1_96' title="bbox 722 4716 2305 4791">
    <p class='ocr_par' dir='ltr' id='par_1_96' title="bbox 722 4718 1891 4789">
     <span class='ocr_line' id='line_1_96' title="bbox 722 4718 1891 4789; baseline 0.003 -16"><span class='ocrx_word' id='word_1_619' title='bbox 722 4718 925 4789; x_wconf 86' lang='lat' dir='ltr'><strong>Synodi</strong></span> <span class='ocrx_word' id='word_1_620' title='bbox 952 4720 1414 4778; x_wconf 80' lang='lat' dir='ltr'><strong>Calchedonensis</strong></span> <span class='ocrx_word' id='word_1_621' title='bbox 1446 4736 1619 4776; x_wconf 79' lang='lat' dir='ltr'><strong>canon</strong></span> <span class='ocrx_word' id='word_1_622' title='bbox 1652 4722 1685 4778; x_wconf 91' lang='lat'><strong>8</strong></span> <span class='ocrx_word' id='word_1_623' title='bbox 1712 4733 1766 4777; x_wconf 88' lang='lat' dir='ltr'><strong>et</strong></span> <span class='ocrx_word' id='word_1_624' title='bbox 1798 4724 1891 4778; x_wconf 76' lang='lat'><strong>28.</strong></span> 
     </span>
    </p>
   </div>
   <div class='ocr_carea' id='block_1_97' title="bbox 1962 4716 3545 4791">
    <p class='ocr_par' dir='ltr' id='par_1_97' title="bbox 2397 4716 3545 4791">
     <span class='ocr_line' id='line_1_97' title="bbox 2397 4716 3545 4791; baseline 0.004 -22"><span class='ocrx_word' id='word_1_625' title='bbox 2397 4716 2628 4771; x_wconf 83' lang='grc' dir='ltr'>Συνόδου</span> <span class='ocrx_word' id='word_1_626' title='bbox 2655 4718 2999 4787; x_wconf 79' lang='grc' dir='ltr'>Καλχηδόνος</span> <span class='ocrx_word' id='word_1_627' title='bbox 3028 4717 3205 4772; x_wconf 87' lang='grc' dir='ltr'>κανὼν</span> <span class='ocrx_word' id='word_1_628' title='bbox 3239 4726 3288 4790; x_wconf 86' lang='grc' dir='ltr'>η’</span> <span class='ocrx_word' id='word_1_629' title='bbox 3315 4719 3408 4773; x_wconf 75' lang='grc' dir='ltr'>καὶ</span> <span class='ocrx_word' id='word_1_630' title='bbox 3437 4720 3545 4791; x_wconf 81' lang='grc' dir='ltr'>κη’.</span> 
     </span>
    </p>
   </div>
   <div class='ocr_carea' id='block_1_98' title="bbox 726 4794 2309 4881">
    <p class='ocr_par' dir='ltr' id='par_1_98' title="bbox 726 4807 2221 4880">
     <span class='ocr_line' id='line_1_98' title="bbox 726 4807 2221 4880; baseline 0.003 -18"><span class='ocrx_word' id='word_1_631' title='bbox 726 4807 1425 4880; x_wconf 79' lang='lat' dir='ltr'><strong>SynodiCarthagiuiensis</strong></span> <span class='ocrx_word' id='word_1_632' title='bbox 1454 4824 1629 4866; x_wconf 86' lang='lat' dir='ltr'><strong>canon</strong></span> <span class='ocrx_word' id='word_1_633' title='bbox 1666 4810 1753 4875; x_wconf 84' lang='lat' dir='ltr'><strong>l7,</strong></span> <span class='ocrx_word' id='word_1_634' title='bbox 1798 4810 1889 4877; x_wconf 85' lang='grc'><strong>59,</strong></span> <span class='ocrx_word' id='word_1_635' title='bbox 1925 4811 2031 4879; x_wconf 82' lang='lat'><strong>55,</strong></span> <span class='ocrx_word' id='word_1_636' title='bbox 2067 4811 2136 4867; x_wconf 88' lang='lat'><strong>86</strong></span> <span class='ocrx_word' id='word_1_637' title='bbox 2165 4821 2221 4868; x_wconf 87' lang='lat' dir='ltr'><strong>et</strong></span> 
     </span>
    </p>
   </div>
   <div class='ocr_carea' id='block_1_99' title="bbox 2335 4794 3918 4881">
    <p class='ocr_par' dir='ltr' id='par_1_99' title="bbox 2398 4794 3918 4881">
     <span class='ocr_line' id='line_1_99' title="bbox 2398 4794 3918 4881; baseline 0.006 -19"><span class='ocrx_word' id='word_1_638' title='bbox 2398 4809 2626 4863; x_wconf 87' lang='grc' dir='ltr'>Συνόδου</span> <span class='ocrx_word' id='word_1_639' title='bbox 2665 4809 3025 4881; x_wconf 80' lang='grc' dir='ltr'>Καρθαγὲνης</span> <span class='ocrx_word' id='word_1_640' title='bbox 3062 4809 3243 4865; x_wconf 86' lang='grc' dir='ltr'>κανὼν</span> <span class='ocrx_word' id='word_1_641' title='bbox 3279 4811 3367 4878; x_wconf 80' lang='grc' dir='ltr'>ιζ’,</span> <span class='ocrx_word' id='word_1_642' title='bbox 3407 4809 3506 4881; x_wconf 90' lang='grc' dir='ltr'>λθ’,</span> <span class='ocrx_word' id='word_1_643' title='bbox 3540 4794 3637 4879; x_wconf 69' lang='grc' dir='ltr'>νέ,</span> <span class='ocrx_word' id='word_1_644' title='bbox 3673 4810 3774 4880; x_wconf 69' lang='grc' dir='ltr'>ποῖ’</span> <span class='ocrx_word' id='word_1_645' title='bbox 3803 4815 3918 4873; x_wconf 71' lang='grc' dir='ltr'>καὶ</span> 
     </span>
    </p>
   </div>
   <div class='ocr_carea' id='block_1_100' title="bbox 657 4900 2437 4973">
    <p class='ocr_par' dir='ltr' id='par_1_100' title="bbox 657 4900 2437 4973">
     <span class='ocr_line' id='line_1_100' title="bbox 657 4900 2437 4973; baseline 0.002 -19"><span class='ocrx_word' id='word_1_646' title='bbox 657 4900 783 4955; x_wconf 87' lang='grc'>101.</span> <span class='ocrx_word' id='word_1_647' title='bbox 1155 4918 1169 4929; x_wconf 90' lang='grc'><strong>·</strong></span> <span class='ocrx_word' id='word_1_648' title='bbox 2334 4909 2437 4973; x_wconf 70' lang='grc' dir='ltr'>ραθ.</span> 
     </span>
    </p>
   </div>
   <div class='ocr_carea' id='block_1_101' title="bbox 728 4991 2311 5062">
    <p class='ocr_par' dir='ltr' id='par_1_101' title="bbox 728 4991 1555 5062">
     <span class='ocr_line' id='line_1_101' title="bbox 728 4991 1555 5062; baseline 0.004 -15"><span class='ocrx_word' id='word_1_649' title='bbox 728 4991 930 5062; x_wconf 87' lang='lat' dir='ltr'><strong>Synodi</strong></span> <span class='ocrx_word' id='word_1_650' title='bbox 963 4991 1028 5048; x_wconf 83' lang='lat' dir='ltr'><strong>Vl</strong></span> <span class='ocrx_word' id='word_1_651' title='bbox 1062 5008 1235 5048; x_wconf 88' lang='lat' dir='ltr'><strong>canon</strong></span> <span class='ocrx_word' id='word_1_652' title='bbox 1271 4993 1339 5049; x_wconf 88' lang='grc'>56</span> <span class='ocrx_word' id='word_1_653' title='bbox 1374 5002 1427 5048; x_wconf 90' lang='lat' dir='ltr'><strong>et</strong></span> <span class='ocrx_word' id='word_1_654' title='bbox 1464 4993 1555 5050; x_wconf 85' lang='grc'>59.</span> 
     </span>
    </p>
   </div>
   <div class='ocr_carea' id='block_1_102' title="bbox 1719 4991 3302 5062">
    <p class='ocr_par' dir='ltr' id='par_1_102' title="bbox 2405 4993 3302 5061">
     <span class='ocr_line' id='line_1_102' title="bbox 2405 4993 3302 5061; baseline 0.001 -12"><span class='ocrx_word' id='word_1_655' title='bbox 2405 4996 2631 5051; x_wconf 87' lang='grc' dir='ltr'>Συνόδου</span> <span class='ocrx_word' id='word_1_656' title='bbox 2665 5004 2719 5061; x_wconf 83' lang='grc' dir='ltr'>ς’</span> <span class='ocrx_word' id='word_1_657' title='bbox 2745 4998 2925 5050; x_wconf 87' lang='grc' dir='ltr'>κανὼν</span> <span class='ocrx_word' id='word_1_658' title='bbox 2957 4998 3045 5060; x_wconf 82' lang='grc' dir='ltr'>λς’</span> <span class='ocrx_word' id='word_1_659' title='bbox 3083 4996 3177 5048; x_wconf 65' lang='grc' dir='ltr'>καὶ</span> <span class='ocrx_word' id='word_1_660' title='bbox 3203 4993 3302 5051; x_wconf 87' lang='grc' dir='ltr'>λθ⁹.</span> 
     </span>
    </p>
   </div>
   <div class='ocr_carea' id='block_1_103' title="bbox 730 5083 2313 5158">
    <p class='ocr_par' dir='ltr' id='par_1_103' title="bbox 730 5084 2224 5156">
     <span class='ocr_line' id='line_1_103' title="bbox 730 5084 2224 5156; baseline 0.001 -18"><span class='ocrx_word' id='word_1_661' title='bbox 730 5084 935 5155; x_wconf 85' lang='lat' dir='ltr'><strong>Synodi</strong></span> <span class='ocrx_word' id='word_1_662' title='bbox 966 5084 1018 5139; x_wconf 93' lang='lat' dir='ltr'><strong>in</strong></span> <span class='ocrx_word' id='word_1_663' title='bbox 1053 5087 1250 5156; x_wconf 90' lang='lat' dir='ltr'><strong>templo</strong></span> <span class='ocrx_word' id='word_1_664' title='bbox 1288 5084 1501 5140; x_wconf 68' lang='lat' dir='ltr'><strong>Sanctae</strong></span> <span class='ocrx_word' id='word_1_665' title='bbox 1552 5084 1768 5155; x_wconf 77' lang='lat' dir='ltr'><strong>Sophia:</strong></span> <span class='ocrx_word' id='word_1_666' title='bbox 1803 5084 2087 5143; x_wconf 70' lang='lat' dir='ltr'><strong>celebrata:</strong></span> <span class='ocrx_word' id='word_1_667' title='bbox 2114 5099 2224 5141; x_wconf 83' lang='lat' dir='ltr'><strong>ca-</strong></span> 
     </span>
    </p>
   </div>
   <div class='ocr_carea' id='block_1_104' title="bbox 2259 5083 3842 5158">
    <p class='ocr_par' dir='ltr' id='par_1_104' title="bbox 2404 5083 3842 5158">
     <span class='ocr_line' id='line_1_104' title="bbox 2404 5083 3842 5158; baseline 0.001 -17"><span class='ocrx_word' id='word_1_668' title='bbox 2404 5089 2630 5143; x_wconf 87' lang='grc' dir='ltr'>Συνόδου</span> <span class='ocrx_word' id='word_1_669' title='bbox 2660 5088 2718 5143; x_wconf 81' lang='grc' dir='ltr'>ὲν</span> <span class='ocrx_word' id='word_1_670' title='bbox 2746 5087 2823 5158; x_wconf 82' lang='grc' dir='ltr'>τῷ</span> <span class='ocrx_word' id='word_1_671' title='bbox 2848 5086 2961 5158; x_wconf 85' lang='grc' dir='ltr'><strong>ναῷ</strong></span> <span class='ocrx_word' id='word_1_672' title='bbox 2984 5086 3084 5157; x_wconf 77' lang='grc' dir='ltr'>τῆς</span> <span class='ocrx_word' id='word_1_673' title='bbox 3124 5086 3309 5154; x_wconf 83' lang='grc' dir='ltr'>Ἀγίας</span> <span class='ocrx_word' id='word_1_674' title='bbox 3342 5083 3540 5153; x_wconf 79' lang='grc' dir='ltr'>Σοφίας</span> <span class='ocrx_word' id='word_1_675' title='bbox 3567 5086 3746 5142; x_wconf 87' lang='grc' dir='ltr'>κανὼν</span> <span class='ocrx_word' id='word_1_676' title='bbox 3770 5088 3842 5143; x_wconf 86' lang='grc' dir='ltr'><strong>α’.</strong></span> 
     </span>
    </p>
   </div>
   <div class='ocr_carea' id='block_1_105' title="bbox 657 5178 1503 5236">
    <p class='ocr_par' dir='ltr' id='par_1_105' title="bbox 657 5178 1503 5236">
     <span class='ocr_line' id='line_1_105' title="bbox 657 5178 1503 5236; baseline -0.006 -3"><span class='ocrx_word' id='word_1_677' title='bbox 657 5191 766 5236; x_wconf 87' lang='lat' dir='ltr'><strong>non</strong></span> <span class='ocrx_word' id='word_1_678' title='bbox 802 5178 852 5231; x_wconf 87' lang='lat' dir='ltr'><strong>l.</strong></span> <span class='ocrx_word' id='word_1_679' title='bbox 1499 5224 1503 5228; x_wconf 75' lang='lat'><strong>.</strong></span> 
     </span>
    </p>
   </div>
   <div class='ocr_carea' id='block_1_106' title="bbox 731 5260 2314 5341">
    <p class='ocr_par' dir='ltr' id='par_1_106' title="bbox 731 5268 1226 5341">
     <span class='ocr_line' id='line_1_106' title="bbox 731 5268 1226 5341; baseline 0.006 -19"><span class='ocrx_word' id='word_1_680' title='bbox 731 5268 893 5338; x_wconf 81' lang='lat' dir='ltr'><strong>Legis</strong></span> <span class='ocrx_word' id='word_1_681' title='bbox 923 5271 1086 5341; x_wconf 76' lang='lat' dir='ltr'><strong>caput</strong></span> <span class='ocrx_word' id='word_1_682' title='bbox 1114 5271 1226 5325; x_wconf 54' lang='grc' dir='ltr'><strong>Ὧν</strong></span> 
     </span>
    </p>
   </div>
   <div class='ocr_carea' id='block_1_107' title="bbox 1610 5260 3193 5341">
    <p class='ocr_par' dir='ltr' id='par_1_107' title="bbox 2406 5260 3193 5341">
     <span class='ocr_line' id='line_1_107' title="bbox 2406 5260 3193 5341; baseline -0.003 -13"><span class='ocrx_word' id='word_1_683' title='bbox 2406 5273 2518 5328; x_wconf 81' lang='grc' dir='ltr'>Καὶ</span> <span class='ocrx_word' id='word_1_684' title='bbox 2537 5272 2757 5341; x_wconf 78' lang='grc' dir='ltr'>νομικὸν</span> <span class='ocrx_word' id='word_1_685' title='bbox 2783 5260 3072 5341; x_wconf 75' lang='grc' dir='ltr'>κεφάλαιον</span> <span class='ocrx_word' id='word_1_686' title='bbox 3090 5267 3193 5341; x_wconf 84' lang='grc' dir='ltr'>κβ’.</span> 
     </span>
    </p>
   </div>
   <div class='ocr_carea' id='block_1_108' title="bbox 733 5355 2316 5437">
    <p class='ocr_par' dir='ltr' id='par_1_108' title="bbox 733 5362 2230 5432">
     <span class='ocr_line' id='line_1_108' title="bbox 733 5362 2230 5432; baseline -0.002 -15"><span class='ocrx_word' id='word_1_687' title='bbox 733 5363 826 5419; x_wconf 82' lang='grc'><strong>75.</strong></span> <span class='ocrx_word' id='word_1_688' title='bbox 859 5363 1123 5419; x_wconf 87' lang='lat' dir='ltr'><strong>Clericum</strong></span> <span class='ocrx_word' id='word_1_689' title='bbox 1155 5365 1209 5419; x_wconf 90' lang='lat' dir='ltr'><strong>in</strong></span> <span class='ocrx_word' id='word_1_690' title='bbox 1244 5364 1479 5419; x_wconf 88' lang='lat' dir='ltr'><strong>alienam</strong></span> <span class='ocrx_word' id='word_1_691' title='bbox 1505 5362 1796 5432; x_wconf 86' lang='lat' dir='ltr'><strong>paroeclam</strong></span> <span class='ocrx_word' id='word_1_692' title='bbox 1820 5364 1938 5417; x_wconf 88' lang='lat' dir='ltr'><strong>sine</strong></span> <span class='ocrx_word' id='word_1_693' title='bbox 1962 5374 2230 5417; x_wconf 83' lang='lat' dir='ltr'><strong>consensu</strong></span> 
     </span>
    </p>
   </div>
   <div class='ocr_carea' id='block_1_109' title="bbox 2333 5355 3916 5437">
    <p class='ocr_par' dir='ltr' id='par_1_109' title="bbox 2408 5355 3916 5437">
     <span class='ocr_line' id='line_1_109' title="bbox 2408 5355 3916 5437; baseline -0.005 -19"><span class='ocrx_word' id='word_1_694' title='bbox 2408 5364 2500 5419; x_wconf 83' lang='grc' dir='ltr'>σε’.</span> <span class='ocrx_word' id='word_1_695' title='bbox 2538 5364 2660 5417; x_wconf 84' lang='grc' dir='ltr'><strong>Ὀτι</strong></span> <span class='ocrx_word' id='word_1_696' title='bbox 2682 5363 2746 5417; x_wconf 80' lang='grc' dir='ltr'>οὐ</span> <span class='ocrx_word' id='word_1_697' title='bbox 2776 5362 2857 5415; x_wconf 87' lang='grc' dir='ltr'><strong>δεῖ</strong></span> <span class='ocrx_word' id='word_1_698' title='bbox 2884 5362 3012 5416; x_wconf 82' lang='grc' dir='ltr'>ἀνευ</span> <span class='ocrx_word' id='word_1_699' title='bbox 3035 5362 3259 5429; x_wconf 84' lang='grc' dir='ltr'>γνώμης</span> <span class='ocrx_word' id='word_1_700' title='bbox 3282 5358 3373 5412; x_wconf 86' lang='grc' dir='ltr'>τοῦ</span> <span class='ocrx_word' id='word_1_701' title='bbox 3410 5356 3710 5437; x_wconf 54' lang='grc' dir='ltr'>ἐπισκόπου</span> <span class='ocrx_word' id='word_1_702' title='bbox 3734 5355 3916 5410; x_wconf 77' lang='grc' dir='ltr'>αὐτοῦ</span> 
     </span>
    </p>
   </div>
   <div class='ocr_carea' id='block_1_110' title="bbox 664 5444 2247 5528">
    <p class='ocr_par' dir='ltr' id='par_1_110' title="bbox 664 5452 2230 5528">
     <span class='ocr_line' id='line_1_110' title="bbox 664 5452 2230 5528; baseline -0.004 -16"><span class='ocrx_word' id='word_1_703' title='bbox 664 5459 841 5528; x_wconf 89' lang='lat' dir='ltr'><strong>ipsius</strong></span> <span class='ocrx_word' id='word_1_704' title='bbox 892 5456 1132 5527; x_wconf 81' lang='lat' dir='ltr'><strong>episcopi</strong></span> <span class='ocrx_word' id='word_1_705' title='bbox 1188 5471 1293 5511; x_wconf 92' lang='lat' dir='ltr'><strong>non</strong></span> <span class='ocrx_word' id='word_1_706' title='bbox 1326 5472 1447 5512; x_wconf 91' lang='lat' dir='ltr'><strong>esse</strong></span> <span class='ocrx_word' id='word_1_707' title='bbox 1502 5455 1869 5525; x_wconf 84' lang='lat' dir='ltr'><strong>recipiendum</strong></span> <span class='ocrx_word' id='word_1_708' title='bbox 1926 5472 1941 5510; x_wconf 85' lang='lat'><strong>:</strong></span> <span class='ocrx_word' id='word_1_709' title='bbox 1994 5452 2230 5522; x_wconf 85' lang='lat' dir='ltr'><strong>alioquin</strong></span> 
     </span>
    </p>
   </div>
   <div class='ocr_carea' id='block_1_111' title="bbox 2336 5444 3919 5528">
    <p class='ocr_par' dir='ltr' id='par_1_111' title="bbox 2338 5444 3919 5524">
     <span class='ocr_line' id='line_1_111' title="bbox 2338 5444 3919 5524; baseline -0.008 -15"><span class='ocrx_word' id='word_1_710' title='bbox 2338 5454 2591 5524; x_wconf 83' lang='grc' dir='ltr'>δεχθῆναι</span> <span class='ocrx_word' id='word_1_711' title='bbox 2627 5451 2886 5523; x_wconf 72' lang='grc' dir='ltr'>κληρικδν</span> <span class='ocrx_word' id='word_1_712' title='bbox 2919 5452 2976 5503; x_wconf 78' lang='grc' dir='ltr'>ὲν</span> <span class='ocrx_word' id='word_1_713' title='bbox 3009 5451 3172 5521; x_wconf 64' lang='grc' dir='ltr'>ἑτέρᾳ</span> <span class='ocrx_word' id='word_1_714' title='bbox 3214 5448 3476 5517; x_wconf 69' lang='grc' dir='ltr'>παροικίᾳ</span> <span class='ocrx_word' id='word_1_715' title='bbox 3498 5462 3512 5478; x_wconf 78' lang='grc' dir='ltr'><strong>ο</strong></span> <span class='ocrx_word' id='word_1_716' title='bbox 3544 5444 3667 5497; x_wconf 63' lang='grc' dir='ltr'>ἐπεὶ</span> <span class='ocrx_word' id='word_1_717' title='bbox 3703 5445 3919 5515; x_wconf 72' lang='grc' dir='ltr'>ἀφορί-</span> 
     </span>
    </p>
   </div>
   <div class='ocr_carea' id='block_1_112' title="bbox 669 5533 2252 5619">
    <p class='ocr_par' dir='ltr' id='par_1_112' title="bbox 669 5533 2234 5619">
     <span class='ocr_line' id='line_1_112' title="bbox 669 5533 2234 5619; baseline -0.004 -15"><span class='ocrx_word' id='word_1_718' title='bbox 669 5533 1172 5604; x_wconf 80' lang='lat' dir='ltr'><strong>cxcommunicatnr</strong></span> <span class='ocrx_word' id='word_1_719' title='bbox 1216 5561 1325 5604; x_wconf 89' lang='lat' dir='ltr'><strong>tum</strong></span> <span class='ocrx_word' id='word_1_720' title='bbox 1358 5551 1447 5619; x_wconf 88' lang='lat' dir='ltr'><strong>qni</strong></span> <span class='ocrx_word' id='word_1_721' title='bbox 1483 5548 1680 5617; x_wconf 81' lang='lat' dir='ltr'><strong>recipit</strong></span> <span class='ocrx_word' id='word_1_722' title='bbox 1717 5558 1828 5602; x_wconf 87' lang='lat' dir='ltr'><strong>tum</strong></span> <span class='ocrx_word' id='word_1_723' title='bbox 1861 5549 1951 5618; x_wconf 88' lang='lat' dir='ltr'><strong>qui</strong></span> <span class='ocrx_word' id='word_1_724' title='bbox 1986 5556 2234 5616; x_wconf 84' lang='lat' dir='ltr'><strong>receptus</strong></span> 
     </span>
    </p>
   </div>
   <div class='ocr_carea' id='block_1_113' title="bbox 2336 5533 3919 5619">
    <p class='ocr_par' dir='ltr' id='par_1_113' title="bbox 2341 5535 3919 5613">
     <span class='ocr_line' id='line_1_113' title="bbox 2341 5535 3919 5613; baseline -0.007 -14"><span class='ocrx_word' id='word_1_725' title='bbox 2341 5548 2495 5609; x_wconf 82' lang='grc' dir='ltr'>ζεται</span> <span class='ocrx_word' id='word_1_726' title='bbox 2526 5546 2620 5598; x_wconf 77' lang='grc' dir='ltr'>καὶ</span> <span class='ocrx_word' id='word_1_727' title='bbox 2646 5546 2674 5597; x_wconf 88' lang='grc' dir='ltr'>ὁ</span> <span class='ocrx_word' id='word_1_728' title='bbox 2700 5543 3009 5613; x_wconf 72' lang='grc' dir='ltr'>δεξάμενος,</span> <span class='ocrx_word' id='word_1_729' title='bbox 3042 5544 3134 5595; x_wconf 75' lang='grc' dir='ltr'>καὶ</span> <span class='ocrx_word' id='word_1_730' title='bbox 3162 5544 3189 5594; x_wconf 85' lang='grc' dir='ltr'><strong>ό</strong></span> <span class='ocrx_word' id='word_1_731' title='bbox 3216 5542 3443 5611; x_wconf 82' lang='grc' dir='ltr'>δεχθείς.</span> <span class='ocrx_word' id='word_1_732' title='bbox 3474 5539 3536 5592; x_wconf 81' lang='grc' dir='ltr'><strong>ΕΞ</strong></span> <span class='ocrx_word' id='word_1_733' title='bbox 3569 5539 3625 5591; x_wconf 80' lang='grc' dir='ltr'>δὲ</span> <span class='ocrx_word' id='word_1_734' title='bbox 3652 5535 3919 5605; x_wconf 70' lang='grc' dir='ltr'>ἐπιμένοι</span> 
     </span>
    </p>
   </div>
   <div class='ocr_carea' id='block_1_114' title="bbox 671 5626 2254 5713">
    <p class='ocr_par' dir='ltr' id='par_1_114' title="bbox 671 5642 2235 5713">
     <span class='ocr_line' id='line_1_114' title="bbox 671 5642 2235 5713; baseline -0.003 -18"><span class='ocrx_word' id='word_1_735' title='bbox 671 5651 777 5697; x_wconf 86' lang='lat' dir='ltr'><strong>est.</strong></span> <span class='ocrx_word' id='word_1_736' title='bbox 803 5642 861 5695; x_wconf 88' lang='lat' dir='ltr'><strong>Si</strong></span> <span class='ocrx_word' id='word_1_737' title='bbox 888 5654 1067 5697; x_wconf 84' lang='lat' dir='ltr'><strong>autem</strong></span> <span class='ocrx_word' id='word_1_738' title='bbox 1102 5653 1413 5713; x_wconf 72' lang='lat' dir='ltr'><strong>perseveret</strong></span> <span class='ocrx_word' id='word_1_739' title='bbox 1446 5645 1620 5711; x_wconf 88' lang='lat' dir='ltr'><strong>ipsum</strong></span> <span class='ocrx_word' id='word_1_740' title='bbox 1659 5644 1920 5704; x_wconf 74' lang='lat' dir='ltr'><strong>dctincrc,</strong></span> <span class='ocrx_word' id='word_1_741' title='bbox 1963 5642 2077 5709; x_wconf 85' lang='lat' dir='ltr'><strong>ipse</strong></span> <span class='ocrx_word' id='word_1_742' title='bbox 2107 5653 2235 5709; x_wconf 79' lang='lat' dir='ltr'><strong>gra-</strong></span> 
     </span>
    </p>
   </div>
   <div class='ocr_carea' id='block_1_115' title="bbox 2337 5626 3920 5713">
    <p class='ocr_par' dir='ltr' id='par_1_115' title="bbox 2344 5626 3920 5705">
     <span class='ocr_line' id='line_1_115' title="bbox 2344 5626 3920 5705; baseline -0.006 -14"><span class='ocrx_word' id='word_1_743' title='bbox 2344 5637 2591 5705; x_wconf 79' lang='grc' dir='ltr'>κατέχων</span> <span class='ocrx_word' id='word_1_744' title='bbox 2641 5636 2833 5700; x_wconf 80' lang='grc' dir='ltr'>αὑτὸν,</span> <span class='ocrx_word' id='word_1_745' title='bbox 2890 5632 3257 5703; x_wconf 82' lang='grc' dir='ltr'>καθαιρείσθω</span> <span class='ocrx_word' id='word_1_746' title='bbox 3300 5631 3396 5685; x_wconf 75' lang='grc' dir='ltr'>καὶ</span> <span class='ocrx_word' id='word_1_747' title='bbox 3440 5629 3603 5689; x_wconf 67' lang='grc' dir='ltr'>αὐτός</span> <span class='ocrx_word' id='word_1_748' title='bbox 3638 5645 3653 5660; x_wconf 77' lang='grc' dir='ltr'><strong><em>ο</em></strong></span> <span class='ocrx_word' id='word_1_749' title='bbox 3694 5626 3818 5680; x_wconf 80' lang='grc' dir='ltr'>οὕτε</span> <span class='ocrx_word' id='word_1_750' title='bbox 3851 5627 3920 5681; x_wconf 70' lang='grc' dir='ltr'>δὲ</span> 
     </span>
    </p>
   </div>
   <div class='ocr_carea' id='block_1_116' title="bbox 673 5719 2256 5807">
    <p class='ocr_par' dir='ltr' id='par_1_116' title="bbox 673 5733 2234 5807">
     <span class='ocr_line' id='line_1_116' title="bbox 673 5733 2234 5807; baseline -0.003 -17"><span class='ocrx_word' id='word_1_751' title='bbox 673 5735 743 5790; x_wconf 91' lang='lat' dir='ltr'><strong>du</strong></span> <span class='ocrx_word' id='word_1_752' title='bbox 776 5734 1060 5806; x_wconf 87' lang='lat' dir='ltr'><strong>dcjiciatur</strong></span> <span class='ocrx_word' id='word_1_753' title='bbox 1093 5754 1105 5787; x_wconf 89' lang='lat'>:</span> <span class='ocrx_word' id='word_1_754' title='bbox 1138 5751 1311 5807; x_wconf 86' lang='lat' dir='ltr'><strong>neque</strong></span> <span class='ocrx_word' id='word_1_755' title='bbox 1364 5751 1487 5792; x_wconf 80' lang='lat' dir='ltr'><strong>vero</strong></span> <span class='ocrx_word' id='word_1_756' title='bbox 1534 5735 1582 5791; x_wconf 86' lang='lat' dir='ltr'><strong>ci</strong></span> <span class='ocrx_word' id='word_1_757' title='bbox 1616 5734 1705 5804; x_wconf 86' lang='lat' dir='ltr'><strong>qui</strong></span> <span class='ocrx_word' id='word_1_758' title='bbox 1758 5734 1824 5791; x_wconf 86' lang='lat' dir='ltr'><strong>ab</strong></span> <span class='ocrx_word' id='word_1_759' title='bbox 1873 5733 1978 5788; x_wconf 88' lang='lat' dir='ltr'><strong>alio</strong></span> <span class='ocrx_word' id='word_1_760' title='bbox 2012 5748 2234 5788; x_wconf 72' lang='grc' dir='ltr'>οςεοιιιυ·</span> 
     </span>
    </p>
   </div>
   <div class='ocr_carea' id='block_1_117' title="bbox 2337 5719 3920 5807">
    <p class='ocr_par' dir='ltr' id='par_1_117' title="bbox 2349 5719 3920 5801">
     <span class='ocr_line' id='line_1_117' title="bbox 2349 5719 3920 5801; baseline -0.008 -18"><span class='ocrx_word' id='word_1_761' title='bbox 2349 5729 2694 5801; x_wconf 74' lang='grc' dir='ltr'>συγχωρήσει</span> <span class='ocrx_word' id='word_1_762' title='bbox 2732 5726 2921 5797; x_wconf 67' lang='grc' dir='ltr'>ἕτερος</span> <span class='ocrx_word' id='word_1_763' title='bbox 2962 5726 3039 5795; x_wconf 77' lang='grc' dir='ltr'>τῷ</span> <span class='ocrx_word' id='word_1_764' title='bbox 3090 5724 3177 5793; x_wconf 64' lang='grc' dir='ltr'>ὑφ’</span> <span class='ocrx_word' id='word_1_765' title='bbox 3213 5724 3401 5795; x_wconf 78' lang='grc' dir='ltr'>ἑτέρου</span> <span class='ocrx_word' id='word_1_766' title='bbox 3442 5719 3817 5792; x_wconf 71' lang='grc' dir='ltr'>ἀφορισθέντι,</span> <span class='ocrx_word' id='word_1_767' title='bbox 3860 5721 3920 5771; x_wconf 78' lang='grc' dir='ltr'>ει</span> 
     </span>
    </p>
   </div>
  </div>
