4010 6336
164 327 216 392 37
1364 313 1698 374 El’lTOME
1736 310 2119 372 CANONUM.
3288 292 3355 354 38

166 439 243 506 {ip
265 434 394 488 οὕτω
417 432 605 498 ποιῶν,
634 432 1000 502 καθαιρείται,
1035 431 1127 483 καὶ
1152 427 1519 496 ἁκοινωνηςίᾳ
1551 423 1681 478 καθ-

1806 423 1874 476 sic
1909 421 2071 484 facit,
2127 421 2378 490 ilejicitnr
2417 429 2578 486 atque
2609 405 3154 468 excommunicationi
3183 404 3360 471 suhji-

164 500 517 582 ιπδδάλλεται·
572 525 664 578 καὶ
709 500 818 577 ὅτι-
857 522 1305 593 πρεπωδέστερον
1361 518 1562 588 μᾶλλον
1598 515 1689 568 διὰ

1806 512 1968 575 :itur;
2005 510 2176 579 magis
2229 509 2370 563 cnim
2424 511 2573 561 decet
2623 519 2717 572 per
2762 500 2986 556 clericos
3021 510 3151 552 suos
3180 500 3362 564 potius

163 623 241 671 τῶν
279 619 468 671 ἑαυτοῦ
512 616 790 686 κληρικῶν
833 614 932 676 τὰς
972 613 1190 682 δεήσεις
1223 613 1314 664 καὶ
1354 609 1688 677 ὑπομνήσεις

161 707 416 759 τικεῖσθαι.

212 798 415 850 Συνόδου
453 796 782 866 Ἀντιοχείας
806 791 989 847 κανὼν
1017 790 1084 844 ια’
1113 793 1205 845 καὶ
1237 790 1323 859 ιβ’.

211 885 1065 948 ΣυνόδουΚωνσταντινουπό).εως
1090 883 1271 938 κανὼν
1303 890 1378 946 ς’.

211 983 414 1036 Συνόδου
445 981 714 1049 Σαρδικῆς
738 979 920 1033 κανὼν
945 978 1014 1042 ζ’,
1047 975 1120 1046 η’,
1161 975 1228 1042 θ’,
1263 975 1370 1029 κα’.

213 1074 418 1125 Συνθίδου
447 1072 812 1141 Καρθαγὲνης
835 1069 1015 1123 κανὼν
1052 1073 1162 1137 pq’.

211 1166 302 1216 Καὶ
326 1166 548 1230 νομικὸν
575 1163 876 1232 κεφάλαιον
906 1166 977 1227 γ’.

211 1256 310 1320 ag’.
343 1259 471 1309 Ὀτι
497 1258 576 1308 δεῖ
604 1259 662 1308 ἐν
683 1255 858 1324 καιρῷ
875 1254 951 1323 τῷ
973 1254 1304 1324 προσήκοντι
1323 1249 1560 1314 δέεσθαι,
1598 1248 1692 1300 καὶ¹

157 1349 546 1418 προσκαλεῖσθαι
578 1347 858 1418 ἀρχόντων
882 1344 1130 1410 ἐξουσίαν
1153 1345 1233 1406 είς
1260 1339 1581 1408 ἐπικουρίαν
1599 1337 1691 1391 καὶ

156 1442 276 1492 παιδί
286 1441 384 1492 ίαν.

208 1532 412 1584 Συνόδου
453 1529 778 1598 Ἀντιοχείας
801 1527 981 1580 κανὼν
1016 1527 1078 1580 ε’.

207 1625 411 1676 Συνόδου
444 1622 808 1690 Καρθαγένης
837 1619 1018 1673 κανὼν
1050 1625 1138 1688 μη⁹
1172 1618 1265 1669 καὶ
1290 1614 1394 1682 νγ’.

207 1715 413 1766 Συνόδου
456 1717 512 1766 ἐν
561 1713 638 1782 τῷ
679 1711 795 1783 ναῷ
823 1711 930 1764 τῶν
971 1709 1163 1778 Ἁγίων
1217 1706 1557 1761 Ἀποστόλων
1595 1721 1696 1758 κα·-

153 1806 238 1859 νὼν
262 1807 320 1859 θ’.

209 1895 303 1958 πῖ.
333 1896 457 1950 Ὅτι
484 1895 544 1948 οὐ
575 1896 658 1947 δεῖ
682 1897 952 1964 προφάσει
986 1893 1272 1960 ἀσκήσεως
1297 1887 1684 1957 νενοθευμένης

151 1986 356 2054 δηλονότι
394 1985 836 2054 καταλιμπάνειν
873 1985 996 2038 τινὰ
1029 1983 1098 2037 τὰ
1138 1981 1335 2036 ἐαυτοῦ
1363 1997 1378 2012 ⁸
1407 1981 1524 2034 ἀλλ’
1565 1978 1688 2031 οὐδὲ

153 2079 288 2130 τέκνα
327 2079 453 2140 τοὺς
491 2079 700 2130 ἐθαυτῶν
743 2079 920 2151 γονεῖς
952 2075 1224 2136 θεοσεϐεῖς
1266 2073 1426 2135 ὄντας
1449 2087 1466 2102 ο
1500 2070 1688 2138 ἐπειδὴ

152 2173 190 2219 οἱ
213 2171 353 2223 τοῦτο
378 2171 661 2234 ποιοῦντες
694 2172 856 2224 ἀναθε
867 2170 1204 2240 ματίζονται.

209 2260 419 2313 Συνόδου
450 2262 488 2312 Γ
492 2261 716 2330 αγγρῶν
738 2239 919 2314 κανιὶῖν
949 2267 1031 2324 ιε’,
1058 2259 1168 2328 ις’,
1210 2258 1316 2313 κα’.
1409 2301 1412 2306 .

209 2351 304 2402 Καὶ
332 2351 554 2403 συνόδου
580 2351 943 2421 Καρθαγένης
974 2351 1153 2403 κανὼν
1175 2349 1278 2402 λα’.

207 2438 305 2508 πη’.
347 2441 475 2492 "Ott
501 2441 583 2492 δεῖ
614 2443 740 2503 τοὺς
778 2441 871 2511 βίᾳ
905 2441 1056 2511 παρὰ
1095 2441 1204 2494 τῶν
1237 2440 1449 2494 ἀσεϐῶν
1495 2438 1692 2509 βρῶμα

155 2532 503 2600 μεμιασμένον
535 2531 864 2601 δεξαμένους
898 2533 956 2584 ἐν
987 2533 1068 2601 τῷ
1109 2533 1358 2599 στόματι,
1405 2531 1499 2584 καὶ
1532 2530 1692 2598 βασά-

153 2635 251 2678 νους
281 2619 708 2687 ὑπομείναντας,
740 2618 814 2682 ὡς
841 2619 1006 2688 μηδὲν
1033 2619 1424 2689 ἡμαρτηκότας
1444 2615 1694 2688 δέχεσθαι

153 2713 214 2769 εἰς
247 2711 535 2763 κοινωνίαν
582 2713 680 2764 καὶ
703 2714 784 2774 είς
817 2710 1139 2781 ἱερωσύνην,
1173 2710 1333 2780 εἴπερ
1358 2708 1533 2772 άλλως
1555 2707 1696 2773 ἄξιοί

155 2799 283 2856 εἰσιν,
312 2799 386 2860 ὡς
419 2797 757 2866 ὁμολογηταὶ
788 2797 1095 2868 γενόμενοι.

208 2888 421 2940 Συνὸδου
453 2889 741 2958 Ἃγκύρας
774 2888 955 2942 κανὼν
979 2888 1028 2957 γ’
1034 2929 1049 2943 .

211 2978 307 3030 Τοῦ
341 2980 503 3046 ἁγίου
530 2980 738 3046 Πέτρου
781 2979 1190 3052 ’Δλεξανδρείας
1220 2981 1404 3036 κανὼν
1438 2982 1520 3036 ιδ’.

211 3070 307 3121 Καὶ
343 3069 439 3122 τοῦ
465 3070 620 3138 ἁγίου
658 3071 962 3140 Γρηγορίου
1003 3071 1096 3125 τοῦ
1137 3071 1572 3142 Θαυματουργοῦ
1598 3091 1698 3130 κα-
1725 3105 1771 3164 c

155 3167 242 3212 νων
269 3167 336 3215 α’.

213 3250 311 3303 πθν.
357 3253 484 3306 Ὀτι
539 3255 601 3305 οὺ
636 3253 718 3308 δεῖ
761 3251 1136 3322 συνεύχεσθαι,
1188 3254 1551 3324 ἢικοινωνεϊν
1591 3258 1704 3319 τοῖς

154 3343 522 3414 ἀκοινωνὴτοις
545 3343 620 3406 ὡς
658 3345 998 3406 κοινωνικοῖς
1028 3359 1042 3372 ·
1068 3345 1258 3414 ἐπειδὴ
1280 3346 1309 3398 ὁ
1340 3345 1431 3398 τὸν
1460 3345 1704 3417 καθῃρη-

157 3431 296 3494 μένον
321 3433 353 3503 ἢ
384 3434 774 3504 ἀφωρισμένον
803 3434 878 3498 ὡς
909 3435 1271 3504 ἀκαθαίρετον
1316 3436 1414 3490 καὶ
1453 3435 1704 3490 ἀνεπιτί-

158 3538 306 3588 μητον
333 3525 647 3593 δεχόμενος,
672 3525 768 3577 καὶ
797 3525 961 3589 αὐτὸς
995 3526 1199 3594 ὁμοίως
1236 3526 1413 3596 τούτῳ
1453 3525 1560 3580 ὑπὸ
1607 3524 1704 3580 τοῦ

155 3615 353 3677 κανόνος
383 3615 694 3679 κολάζεται.
725 3615 799 3668 Τὸ
821 3615 878 3668 δὲ
908 3616 1095 3680 ἁπλῶς
1119 3616 1374 3687 δέχεσθαι
1397 3617 1489 3672 τὸν
1527 3617 1705 3672 τοιοῦ-

159 3721 253 3768 τον,
309 3709 403 3761 καὶ
461 3707 847 3777 καθῃρημένον
903 3707 1073 3778 ἔχειν,
1129 3708 1468 3779 ἀνέγκλητόν
1509 3710 1700 3763 ἐστιν’

157 3794 323 3866 ὡσπερ
357 3797 456 3849 καὶ
479 3800 507 3850 ὁ
534 3797 627 3850 τὸν
654 3800 712 3851 ἐν
755 3796 1065 3868 ἐγκλήματι
1104 3798 1257 3866 ὄντα,
1282 3799 1379 3852 καὶ
1413 3798 1490 3870 μὴ
1516 3800 1707 3867 ὁμολο-

157 3887 350 3953 γοῦντα,
382 3891 525 3960 μήτε
557 3889 854 3958 δυνάμενον
907 3888 1158 3958 φανερῶς
1187 3889 1529 3962 ἐλεγχθῆναι,
1559 3890 1707 3962 ἔχειν

159 3980 222 4040 εἰς
252 3982 555 4046 κοινωνίαν,
585 3981 917 4050 ἀνέγκλητόν
938 3981 1109 4036 ἐστιν.
1155 4047 1163 4056 ⁹

216 4158 328 4211 Τῶν
360 4158 538 4226 ἁγίων
586 4157 901 4212 ἀποστόλων
938 4157 1119 4212 κανὼν
1151 4155 1204 4224 ι’,
1241 4153 1329 4225 ια’,
1369 4155 1457 4228 ιβ’,
1492 4154 1584 4226 ιγ’,
1622 4154 1708 4228 ιε’,

162 4255 243 4313 ις’,
273 4257 380 4318 κη’,
408 4250 479 4313 λ’,
504 4246 608 4302 λα’.

216 4341 435 4394 Συνόδου
465 4340 704 4404 Νικαίας
733 4339 914 4395 κανὼν
946 4340 1216 4411 πέμπτος.

216 4434 440 4487 Συνὸδου
483 4432 916 4502 Νεοκαισαρείας
945 4433 1126 4486 κανὼν
1161 4432 1226 4486 θ’.

217 4526 441 4579 Συνόδου
493 4524 828 4594 Ἀντιοχείας
859 4522 1044 4578 κανὼν
1075 4523 1143 4592 β’,
1172 4522 1247 4592 γ’,
1280 4525 1344 4589 δ’,
1375 4522 1450 4592 ς’.

215 4617 436 4670 Σννόδου
470 4617 738 4686 Σαρδικῖκ
766 4614 947 4668 κανῶν
987 4623 1075 4684 ιγ’,
1122 4616 1206 4670 ιθ’.
1572 4670 1574 4672 τ

219 4709 444 4762 sum
475 4707 840 4780 Καρθαγένης
863 4706 1045 4760 κανὼν
1069 4707 1140 4772 θ’,
1172 4705 1260 4770 ια’.
1296 4708 1409 4778 ρλβ’
1439 4711 1534 4763 καὶ
1568 4711 1706 4781 ρλγ’.

216 4801 479 4870 θεοφίλου
521 4799 935 4871 Ἀλεξανδρείας
971 4799 1152 4854 κανὼν
1184 4798 1258 4865 ς’.

216 4895 322 4947 Καὶ
343 4893 576 4962 νομικὸν
606 4892 902 4960 κεφάλαιον
942 4890 1043 4948 λθ’.

217 4982 282 5050 ιζ’
315 4986 442 5038 ’Ὁτι
469 4984 551 5036 δεῖ
583 4983 834 5051 γίνεσθαι
867 4983 1124 5045 συνόδους
1148 4995 1290 5035 κατα
1316 4987 1441 5047 τοὺς
1471 4985 1710 5056 ὡρισμέ-

161 5093 265 5138 νους
294 5078 549 5145 καιροὺς,
576 5075 658 5136 δὶς
689 5075 783 5127 τοῦ
818 5074 998 5140 ἔτους,
1031 5074 1064 5144 ἢ
1097 5074 1204 5127 κᾶν
1239 5062 1426 5139 ἅπαξ,
1446 5078 1538 5128 ἐπὶ
1567 5078 1710 5148 διορ-

160 5166 304 5220 θώσει
353 5167 467 5220 τῶν
517 5166 907 5234 σφαλλομένων
934 5182 947 5196 ’
974 5167 1068 5218 καὶ
1114 5167 1196 5217 ὃτι
1247 5167 1375 5219 ἄνευ
1420 5167 1527 5219 τῶν
1570 5170 1710 5222 κατὰ

161 5258 325 5328 χώραν
395 5255 812 5327 μητροπολιτῶν
862 5255 924 5307 οὗ
985 5255 1269 5321 γίνονται·
1321 5257 1416 5308 καὶ
1473 5258 1554 5308 ὅτι
1612 5258 1710 5320 τὰς

166 5350 422 5418 ἐπαρχίας
475 5345 905 5400 ἐπισκέπτεσθαι
957 5346 1036 5396 δεῖ
1092 5345 1149 5398 ἐν
1190 5348 1300 5407 τοῖς
1352 5349 1560 5416 καιροῖς
1606 5347 1711 5399 τῶν

167 5443 384 5494 συνόδων
417 5457 434 5471 ·
471 5441 522 5491 εί
546 5439 603 5491 δὲ
633 5437 921 5491 κωλυθῶσι
949 5437 1102 5506 παρὰ
1129 5435 1415 5505 ἄρχοντος,
1451 5438 1709 5506 ἀφοριζέ-

165 5531 260 5583 σθω
308 5534 337 5584 ὁ
397 5533 624 5600 ἄρχων·
660 5530 709 5580 εἰ
753 5529 810 5581 δὲ
866 5527 1096 5596 ἀμελείᾳ
1147 5526 1242 5578 τοῦ
1310 5528 1709 5598 μητροπολίτου

166 5623 495 5687 κωλυθῶσιν,
531 5621 685 5674 ἔσται
726 5619 886 5681 αὐτὸς
917 5621 1020 5671 ὑπὸ
1053 5619 1331 5688 ἐπιτιμίῳ.

223 5714 336 5771 Τῶν
360 5714 532 5782 ἁγίων
558 5712 870 5768 ἀποστόλων
905 5710 1081 5764 κανὼν
1114 5709 1207 5772 λς’.

1792 601 2082 670 petitiones
2115 616 2178 654 ac
2212 598 2535 654 monitiones
2563 595 2760 649 facere.

1864 784 2066 856 Synodi
2102 782 2453 836 Antiocheam
2482 793 2652 833 canon
2693 777 2748 830 ll
2797 785 2850 828 ct
2887 775 2975 826 19..

1865 877 2067 947 Synodi
2102 872 2716 940 Constantinopolitanm
2743 884 2918 921 canon
2947 866 3007 920 ὕ.

1865 967 2070 1036 Synodi
2113 965 2450 1020 Sardicensis
2482 976 2653 1016 canon
2684 961 2738 1024 7,
2771 959 2822 1024 8,
2859 959 2890 1013 9
2927 969 2980 1012 et
3013 959 3104 1010 2|.

1865 1054 2071 1125 Synodi
2104 1053 2571 1123 Carthaginiensis
2601 1065 2772 1104 canon
2800 1040 2926 1102 106.

1865 1144 1929 1198 Et
1964 1144 2095 1215 legis
2131 1155 2289 1213 caput
2323 1146 2376 1198 3.

1866 1237 1956 1290 86.
1994 1235 2260 1306 Oportcre
2310 1235 2648 1290 convenienti
2693 1245 2930 1300 tempore
2981 1245 3170 1298 rogare
3205 1238 3363 1296 atque

1795 1329 2081 1398 implorare
2111 1326 2522 1397 magistratuum
2564 1327 2856 1394 potentiam
2909 1325 2973 1374 ad
3007 1321 3260 1374 auxilium
3309 1330 3364 1372 et

1795 1422 2234 1491 castigationem.

1868 1513 2072 1583 Synodi
2110 1512 2466 1566 Antiocltenae
2498 1525 2670 1565 canon
2703 1510 2756 1563 5.

1869 1603 2071 1674 Synodi
2110 1603 2575 1672 Carthaginiensis
2607 1617 2780 1657 canon
2810 1601 2878 1654 48
2911 1611 2964 1655 et
2993 1600 3080 1654 55.

1868 1697 2069 1766 Synodi
2117 1698 2168 1749 in
2206 1696 2404 1764 templo
2437 1695 2764 1750 Sanctorum
2797 1696 3178 1764 Apostolorum
3224 1695 3369 1749 cclc-

1800 1790 1966 1842 bratze
1994 1803 2169 1843 canon
2209 1788 2264 1843 9.

1870 1882 1960 1938 87.
1997 1881 2114 1935 Non
2145 1891 2401 1951 oportere
2436 1881 2844 1936 exercitationis
2873 1879 3186 1934 adulterinae
3217 1879 3367 1932 vidc-

1800 1973 1926 2028 licet
1977 1983 2242 2042 praetextu
2295 1988 2394 2028 sua
2451 1973 2591 2028 bona
2653 1973 2992 2040 relinquere,
3054 1972 3146 2025 sed
3200 1985 3372 2038 neque

1799 2064 2002 2118 liberos
2051 2078 2179 2118 suos
2233 2071 2485 2132 parentes
2534 2063 2653 2132 pios
2679 2063 3034 2137 .exsistentcs
3068 2079 3083 2114 :
3116 2061 3368 2128 quoniam

1801 2156 1891 2226 qui
1921 2155 2024 2210 hoc
2058 2154 2285 2221 faciunt,
2322 2156 2666 2209 anathemate
2700 2145 2991 2208 feriuntur.

1873 2243 2073 2313 Synodi
2105 2243 2436 2313 Gangrcnsis
2467 2257 2636 2298 canon
2679 2243 2764 2305 l5,
2796 2239 2862 2293 16
2892 2249 2945 2294 et
2970 2239 3058 2292 2|.

1876 2337 2076 2408 Synodi
2112 2335 2574 2403 Carthaginiensis
2607 2349 2778 2387 canon
2812 2334 2901 2386 3i.
3008 2317 3010 2319 ί

1873 2430 1963 2484 88.
1999 2427 2106 2483 Eos
2140 2427 2230 2496 qui
2281 2428 2331 2480 vi
2382 2429 2449 2481 ab
2495 2427 2675 2494 impiis
2722 2428 2899 2481 cibum
2935 2427 3192 2494 pollutum
3227 2429 3280 2479 in
3309 2441 3371 2480 os

1803 2529 2133 2590 acceperunt
2162 2529 2219 2574 et
2247 2527 2516 2574 tormenta
2551 2518 2695 2588 passi
2753 2527 2914 2582 sunt,
2964 2519 3116 2586 quasi
3167 2517 3369 2569 nullum

1803 2624 2083 2684 peccatum
2128 2611 2477 2676 admiserint,
2513 2610 2852 2678 recipiendos
2882 2624 3001 2664 esse
3029 2610 3094 2662 ad
3127 2622 3372 2662 commu-

1806 2703 2020 2760 nionem
2052 2709 2107 2755 et
2141 2704 2207 2756 ad
2246 2701 2636 2766 sacerdotium,
2673 2701 2717 2757 si
2749 2701 2948 2770 alioqui
2976 2698 3124 2769 digiti
3155 2699 3282 2764 sint,
3314 2706 3373 2752 ut

1805 2795 1897 2864 qui
1930 2793 2270 2849 confessores
2300 2791 2523 2846 fuerint.

1881 2885 2080 2955 Synodi
2114 2885 2412 2953 Ancyram:
2440 2898 2612 2937 canon
2629 2884 2694 2951 ,3.

1878 2978 2064 3033 Sancti
2094 2976 2240 3032 Petri
2276 2973 2630 3031 Alexandrini
2663 2990 2837 3029 canon
2875 2977 2957 3031 14.
3022 2960 3024 2962 ’

1888 3065 2072 3124 διιηέιί
2103 3066 2346 3136 Gregorii
2379 3063 2766 3135 Thanmaturgi
2799 3082 2969 3120 canon
3001 3068 3052 3121 1.

1875 3261 1964 3317 89.
2001 3259 2116 3313 Non
2147 3271 2268 3313 esse
2297 3257 2563 3312 orandum
2594 3267 2688 3312 aut
2723 3259 3224 3313 communicandum
3248 3274 3370 3314 cum

1804 3349 2290 3408 excommunicatis
2357 3357 2611 3418 tanquam
2675 3365 2780 3404 non
2843 3349 3370 3406 excommunicatis:

1805 3443 2072 3513 siquidem
2101 3441 2192 3510 qui
2229 3440 2397 3510 gradu
2437 3441 2704 3508 deiectum
2734 3451 2826 3494 aut
2877 3453 3216 3512 segregatum
3251 3451 3373 3497 tan-

1805 3548 1967 3604 quam
1997 3546 2108 3586 nou
2139 3531 2405 3599 deiectum
2436 3539 2492 3585 et
2519 3532 2954 3598 irreprehensum
2983 3534 3228 3603 suscipit,
3258 3534 3373 3602 ipse

1804 3624 1968 3678 etiam
2004 3618 2258 3676 similiter
2289 3627 2452 3688 atque
2496 3619 2588 3673 bic
2632 3634 2662 3672 a
2714 3635 2922 3674 canone
2961 3622 3198 3689 punitur.
3233 3621 3376 3676 Sim-

1806 3712 2022 3782 pliciter
2051 3720 2233 3766 autem
2265 3709 2426 3765 talem
2462 3711 2705 3780 recipere
2751 3727 2812 3766 ac
2843 3713 3106 3782 dejectum
3152 3715 3373 3780 habere,

1807 3800 2038 3858 crimine
2070 3806 2230 3854 vacat
2257 3816 2272 3854 :
2303 3800 2757 3868 quemadmodum
2793 3803 2954 3855 etiam
2998 3819 3120 3856 eum
3149 3806 3239 3873 qui
3268 3807 3377 3858 cri-

1805 3893 1957 3948 mine
1988 3899 2201 3947 tenetur
2227 3902 2281 3944 et
2308 3905 2412 3946 non
2444 3891 2754 3956 conﬁtetur,
2780 3909 2952 3961 neque
2981 3905 3155 3964 potest
3183 3898 3373 3952 mani-

1808 3983 1944 4039 feste
1971 3983 2239 4047 convinci,
2268 3982 2350 4065 ad
2393 3984 2832 4060 communionem
2879 3988 3137 4056 recipere,
3187 4004 3375 4056 repre-
3440 3986 3458 4022 ’-

1806 4075 2066 4132 bensione
2098 4084 2266 4131 caret.

1875 4168 2199 4224 Sanctorum
2226 4168 2590 4236 apostolorum
2618 4184 2788 4225 canon
2819 4172 2902 4237 10,
2937 4173 3024 4236 ll,
3049 4145 3136 4240 ιέ,
3169 4173 3254 4240 15,
3284 4176 3372 4245 15,

1811 4259 1901 4326 16,
1928 4259 2021 4324 28,
2058 4257 2128 4312 50
2159 4268 2214 4313 et
2244 4259 2335 4312 51.

1884 4351 2083 4421 Synodi
2114 4349 2346 4405 Nicaeum
2375 4365 2546 4405 canon
2578 4351 2634 4409 5.

1735 4443 1783 4500 1)
1884 4440 2566 4512 SynodiNeoczesariensis
2591 4458 2762 4499 canon
2795 4446 2851 4500 9.
2913 4470 2918 4478 -

1879 4529 2081 4601 Synodi
2110 4531 2462 4587 Antiochense
2487 4547 2663 4588 canon
2692 4535 2746 4600 2,
2777 4537 2830 4600 '5,
2870 4537 2923 4603 4,
2956 4536 3009 4591 6.

1882 4621 2084 4691 Synodi
2113 4620 2457 4676 Sardieensis
2488 4639 2658 4678 canon
2697 4625 2785 4692 13,
2824 4628 2926 4682 19..

1881 4714 2084 4783 Synodi
2113 4712 2576 4782 Carthaginiensis
2610 4731 2784 4771 canon
2826 4720 2878 4784 9,
2911 4719 2998 4785 il,
3033 4720 3136 4774 152
3162 4733 3215 4777 et
3251 4727 3372 4780 l55.

1885 4803 2167 4872 Tchphili
2206 4804 2559 4860 Alexandrini
2592 4820 2764 4862 canon
2795 4810 2848 4864 6.

1883 4894 2039 4969 Cegis
2062 4908 2220 4963 caput
2248 4895 2336 4950 59.

1881 4991 1970 5045 90.
2023 4991 2269 5060 Synodos
2323 4991 2480 5046 statis
2528 4995 2862 5063 temporibus
2914 4997 2999 5052 bis
3049 5009 3141 5054 aut
3185 5002 3375 5057 saltem

1812 5081 1976 5137 semel
2034 5083 2084 5134 in
2141 5096 2284 5136 anno
2335 5085 2401 5136 ad
2457 5095 2762 5140 erratorum
2818 5090 3208 5147 correctionem
3259 5111 3376 5149 esse

1813 5175 2187 5238 celebrandas,
2227 5173 2386 5247 idque
2445 5190 2550 5228 non
2603 5177 2723 5232 sine
2776 5181 3014 5250 regionis
3063 5188 3377 5254 metropoli-

1818 5275 1962 5318 tano.
2001 5262 2128 5317 Item
2162 5265 2470 5332 provincias
2500 5267 2831 5337 synodorum
2883 5274 3211 5339 temporibus
3257 5292 3377 5331 esse

1814 5357 2112 5410 visitandas
2145 5373 2158 5408 :
2190 5356 2452 5424 siquidem
2510 5373 2539 5412 a
2589 5362 2816 5428 pr:eside
2847 5364 3098 5429 prohibiti
3137 5366 3371 5434 fuerint,

1813 5450 2313 5506 excommunieetur
2345 5465 2543 5515 praises
2575 5471 2588 5505 :
2622 5452 2667 5507 si
2717 5469 2842 5508 vero
2891 5470 2921 5510 a
2962 5461 3375 5531 metropolitano

1814 5538 2219 5608 prohibeantur,
2254 5538 2368 5605 ipse
2392 5555 2564 5608 paenae
2595 5543 2915 5611 suhjacebit.

1887 5708 2208 5769 Sanctorum
2252 5723 2612 5784 apostolorum
2646 5736 2815 5778 canon
2844 5725 2929 5778 57.
