4010 6336
603 243 668 308 39
1078 188 1081 189 ν
1867 238 2115 298 ARSEN
2129 239 2186 297 ll
2225 236 2572 300 MONACHI
3635 290 3646 303 .
3764 241 3842 304 40

671 351 873 422 Synodi
911 349 1142 405 Nicaeam
1174 366 1346 404 canon
1374 349 1428 404 5.

669 443 872 512 Synodi
907 443 1257 497 Antiochena:
1285 456 1458 497 canon
1492 440 1584 495 20.

667 532 870 604 Synodi
904 531 1220 587 Laodicenaa
1245 546 1420 586 canon
1457 531 1548 588 10.

671 623 876 696 Synodi
909 623 1368 681 Calehedonensis
1399 639 1575 680 canon
1611 624 1699 681 19.

671 718 872 787 Synodi
903 716 1358 787 Carthaginiensis
1387 731 1559 774 canon
1588 718 1676 782 18,
1708 714 1802 784 52,
1830 715 1919 782 75,
1945 717 2038 786 76,
2074 717 2166 784 Τί,

603 808 670 865 94
711 818 767 864 et
802 808 892 862 95.

671 899 872 969 Synodi
905 898 967 953 Vl
999 913 1174 955 canon
1213 899 1268 955 8.

671 987 876 1060 Synodi
913 988 1008 1045 VII
1037 1005 1211 1045 canon
1242 988 1298 1043 6.

672 1083 761 1138 91.
795 1082 1200 1136 Catechumeno
1247 1081 1397 1150 lapso
1427 1089 1536 1136 tres
1572 1095 1744 1135 annos
1788 1095 2000 1148 pmnam
2048 1094 2171 1134 esse

599 1172 958 1234 subeundam,
992 1172 1184 1225 deinde
1212 1185 1401 1224 rursus
1432 1172 1609 1238 ipsum
1639 1183 1760 1223 esse
1794 1169 2169 1236 instruendum

2196 355 2243 410 Α
2342 347 2569 402 Συνὸδου
2597 345 2828 412 Νικαίας
2865 346 3048 402 κανὼν
3072 347 3138 415 ε’,

2344 439 2573 494 Συνόδου
2620 441 2953 512 ’Δντιοχείας
2988 441 3168 497 κανὼν
3207 449 3278 497 κ’.

2341 531 2569 585 Συνόδου
2594 531 2920 596 Λαοδικείας
2944 533 3125 590 κανὼν
3169 534 3241 606 μ’.

2346 623 2576 676 Συνόδου
2609 623 2952 694 Καλχηδόνος
2987 627 3165 680 κανὼν
3194 628 3279 684 ιϐ’.

2344 712 2572 766 Συνόδου
2605 714 2972 786 Καρθαγὲνης
3001 716 3182 772 κανὼν
3209 725 3298 789 ιη’,
3333 718 3431 789 νβ’,
3462 717 3560 788 ογ⁹.
3593 718 3701 786 θεῖ’,
3735 719 3839 784 0ξό

2272 803 2352 871 ιβ
2381 802 2476 856 και
2509 806 2610 869 ιιεο-

2342 897 2573 951 Συνόδου
2602 904 2654 951 ς’
2678 896 2861 952 κανὼν
2896 897 2967 968 η’.

2343 984 2572 1037 Συνόδου
2615 986 2659 1050 ζ’
2695 985 2880 1040 κανὼν
2918 986 3097 1050 ἕκτος.

2345 1081 2453 1144 l‘a'.
2495 1077 2621 1131 Ὅτι
2651 1078 2732 1131 δεῖ
2763 1078 2858 1130 τὸν
2887 1077 3295 1149 κατηχούμενον
3326 1079 3419 1133 καὶ
3451 1079 3841 1148 παραπεσόντα

2272 1168 2632 1239 ἐπιτιμᾶσθαι
2671 1172 2728 1222 ἐν
2770 1170 2952 1238 τρισὶν
2986 1169 3161 1222 ἐτεσιν
3187 1209 3202 1234 ,
3245 1165 3346 1222 εἴτ’
3375 1169 3526 1233 αὖθις
3575 1173 3836 1238 κατηχεῖ-

601 1272 655 1318 et
680 1261 1084 1331 baptizandum.
1114 1259 1171 1316 Si
1199 1275 1328 1314 vero
1363 1260 1644 1328 contingat
1693 1260 1867 1329 ipsum
1909 1269 2171 1330 aagrotare

2275 1260 2424 1326 σθαι,
2451 1261 2546 1314 καὶ
2581 1259 2970 1330 βαπτίζεσθαι.
3000 1261 3064 1314 El
3096 1260 3153 1315 δὲ
3190 1261 3373 1332 συμϐῇ
3405 1261 3568 1315 αὐτὸν
3607 1259 3842 1328 ἀσθειῆν

600 1356 670 1410 ad
705 1365 957 1420 mortem,
1011 1354 1317 1408 instruatur
1357 1360 1412 1406 et
1463 1351 1769 1422 baptizetur
1810 1351 1975 1405 etiam
2028 1351 2172 1404 intra

600 1439 916 1494 triennium.
950 1438 1086 1495 Item
1119 1455 1346 1509 puerum
1377 1440 1466 1509 qui
1503 1439 1794 1494 instruitur
1834 1454 1955 1495 esse
1999 1439 2172 1510 bapti-

607 1535 863 1593 zandum,
893 1529 939 1584 si
971 1529 1228 1598 ignorans
1257 1530 1564 1599 participet.

673 1617 872 1690 Synodi
904 1618 1132 1675 Nicaeum
1159 1633 1331 1675 canon
1361 1617 1448 1674 M.
1511 1678 1515 1684 ,
1618 1615 1626 1620 ’

673 1707 876 1776 Synodi
904 1705 1361 1763 Neoczesariensis
1389 1723 1561 1764 canon
1595 1707 1649 1763 5.

674 1794 863 1854 Sancti
891 1797 1160 1854 Timothei
1196 1814 1366 1853 canon
1396 1801 1449 1854 1.

671 1888 857 1947 Sancti
893 1891 1078 1962 Cyrilli
1116 1905 1289 1946 canon
1323 1891 1375 1945 7.

669 1979 763 2040 92.
796 1982 1141 2038 Phblicarum
1176 1996 1357 2038 rerum
1392 1992 1485 2037 aut
1527 1980 1856 2052 iudiciorum
1905 1983 2172 2054 cognitio-

600 2089 727 2131 nem
759 2075 828 2129 ab
858 2076 1190 2145 imperatore
1212 2090 1319 2130 non
1351 2090 1472 2131 esse
1499 2075 1806 2145 petendam,
1836 2077 1929 2129 sed
1961 2074 2175 2144 episco-

598 2179 790 2236 porum
815 2165 1018 2236 judicia
1052 2165 1119 2218 ab
1155 2165 1240 2219 his
1288 2165 1380 2233 qui
1429 2166 1600 2219 sacris
1638 2165 1837 2218 addicti
1883 2175 2008 2218 sunt
2053 2158 2175 2223 e'sse

599 2257 952 2329 requirenda.
985 2255 1100 2311 Nisi
1129 2256 1272 2312 enim
1304 2258 1376 2311 ita
1407 2254 1633 2324 faciant,
1663 2257 1831 2327 gradu
1868 2267 2172 2312 moventur.

670 2347 873 2419 Synodi
913 2348 1382 2420 Carthaginiensis
1422 2362 1595 2402 canon
1625 2347 1728 2403 104
1755 2357 1809 2402 et
1834 2348 1959 2403 120.

671 2439 764 2497 95.
805 2438 920 2495 Non
954 2448 1209 2510 oportere
1239 2453 1570 2510 quemquam
1609 2439 1793 2496 dicere
1826 2426 2113 2496 mortalem
2141 2455 2172 2496 a

600 2529 715 2588 Deo
742 2529 944 2588 factum
971 2545 1094 2588 esse
1120 2530 1384 2587 Adamum
1413 2546 1429 2586 :
1458 2529 1550 2601 qui
1576 2531 1720 2586 enim
1752 2534 1826 2586 ita
1857 2531 2008 2596 dicit,
2038 2545 2171 2585 ana-

601 2624 833 2681 themati
866 2624 1179 2695 subjicitur.
1575 2673 1580 2678 .

676 2717 879 2789 Synodi
903 2718 1371 2789 Carthaginiensis
1400 2731 1574 2772 canon
1609 2716 1729 2772 109.
1795 2705 1804 2712 ’

673 2807 764 2864 94.
793 2807 909 2864 Non
934 2817 1187 2878 oportere
1209 2806 1400 2863 eodem
1425 2805 1591 2862 simul
1623 2816 1868 2877 tempore
1901 2807 2173 2875 deponere

603 2913 766 2972 atque
809 2902 1286 2958 excommunicare
1313 2917 1436 2957 eum
1466 2903 1558 2973 qui
1591 2903 1765 2958 sacris
1798 2901 2044 2958 addictus
2075 2902 2168 2966 sit,

2279 1369 2370 1406 σαι
2399 1351 2536 1424 πρὸς
2560 1351 2811 1416 θάνατον,
2843 1337 3208 1422 κατηχείσθω,
3239 1354 3333 1406 καὶ
3357 1351 3843 1422 βαπιζέσθω,καὶ

2226 1446 2229 1449 ’
2272 1446 2402 1498 είσω
2431 1446 2528 1514 τῆς
2558 1444 2818 1512 τριετίας.
2864 1444 2972 1498 Καὶ
2999 1447 3082 1498 ὅτι
3100 1445 3181 1498 δεῖ
3207 1444 3646 1515 βαπτίζεσθαι-τὸ
3665 1458 3840 1512 κατη-

2286 1531 2555 1604 χούμενον
2583 1532 2819 1597 παιδίον,
2851 1533 2902 1585 εί
2931 1533 3160 1600 ἀγνοοῦν
3181 1532 3496 1602 μεταλάϐοι.
3561 1595 3570 1602 _

2343 1624 2575 1678 Συνόδου
2605 1625 2842 1688 Νικαίας
2868 1623 3049 1678 κανὼν
3095 1624 3176 1678 ιδ’.

2199 1682 2247 1741 Β
2345 1714 2573 1768 Συνόδου
2605 1682 3040 1784 Νεοκαισαρείας
3071 1712 3250 1766 κανὼν
3284 1711 3345 1766 ε’.

2344 1806 2452 1859 Τοῦ
2481 1807 2637 1874 ἁγίου
2665 1805 2935 1876 Τιμοθέου
2965 1805 3143 1860 κανὼν
3168 1807 3237 1860 α’.
3337 1872 3343 1876 ν

2343 1899 2456 1952 Καὶ
2486 1897 2582 1951 τοῦ
2615 1896 2772 1966 ἁγίου
2798 1897 3069 1969 Κυρίλλου
3096 1897 3272 1952 κανὼν
3299 1897 3364 1962 ζ’.

2345 1989 2450 2060 νβ’.
2492 1990 2615 2044 Ὀτι
2647 1990 2709 2043 οὺ
2741 1989 2820 2043 δεῖ
2847 1993 3018 2043 αἰτεῖν
3054 1992 3162 2044 ἀπὸ
3189 1991 3282 2043 τοῦ
3319 1988 3581 2060 βασιλέως
3606 1987 3842 2055 διάγνω-

2277 2097 2362 2134 σιν
2415 2080 2689 2151 δημοσίων
2748 2080 3090 2151 πραγμάτων
3137 2081 3171 2151 ἢ
3228 2080 3596 2151 δικαστηρίων
3629 2094 3642 2108 ’
3701 2077 3843 2131 ἀλλὰ

2273 2173 2456 2244 κρίσει
2501 2171 2612 2244 [Ion
2648 2171 2881 2246 κρίσεις]
2921 2174 3233 2227 ἐπισκόπων
3280 2174 3453 2225 αίτεῖν
3495 2170 3621 2233 τοὺς
3675 2170 3839 2239 ίερω-

2277 2263 2494 2333 μένους.
2516 2263 2579 2314 Εί
2615 2263 2690 2333 μὴ
2721 2263 2830 2334 γὰρ
2851 2263 2997 2317 οὕτω
3018 2263 3253 2327 ποιοῦσι,
3285 2259 3691 2332 καθαιροῦνται.
3796 2294 3807 2306 ε

2342 2354 2570 2407 Συνόδου
2603 2353 2968 2426 Καρθαγινης
2998 2354 3180 2408 κανὼν
3208 2352 3283 2425 pb"
3325 2355 3419 2406 καὶ
3453 2351 3555 2424 ρκ’.
3620 2341 3627 2348 ’

2343 2445 2453 2515 ια’.
2493 2445 2617 2499 Ὀτι
2671 2445 2735 2498 ού
2779 2445 2863 2498 δεί
2905 2463 3031 2500 τινα
3085 2447 3278 2516 θνητὸν
3333 2446 3515 2515 λέγειν
3548 2445 3656 2498 ἀπὸ
3699 2443 3838 2498 Θεοῦ

2274 2535 2583 2606 πλασθῆναι
2615 2536 2708 2592 τὸν
2749 2537 2923 2609 ’Δδὰμ
2953 2554 2968 2569 ⁶
3007 2541 3035 2592 ὁ
3062 2538 3170 2608 γὰρ
3209 2537 3355 2593 οὕτω
3395 2537 3605 2608 λέγων,
3640 2537 3840 2593 ἀναθε-

2276 2631 2585 2701 ματίζεται.
3207 2680 3214 2687 .

2291 2764 2306 2779 .
2345 2722 2575 2776 Συνόδου
2601 2722 2965 2794 Καρθαγένης
2996 2723 3177 2777 κανὼν
3212 2723 3312 2795 ρθ’.

2348 2813 2584 2881 ι,δ’.“οτι
2604 2815 2779 2870 015⁸δεῖ
2801 2820 2864 2870 ὲν
2896 2817 3082 2889 ταύτῷ
3109 2817 3424 2890 καθαιρεῖν,
3439 2821 3534 2875 καὶ
3555 2822 3840 2893 ἀφορίζειν

2277 2907 2573 2976 ἱερωμένον
2611 2908 3015 2979 ἁμαρτήσαντα
3037 2925 3054 2940 ·
3097 2909 3232 2964 ἀλλὰ
3272 2912 3558 2984 ἀρκεῖσθαι
3593 2917 3728 2989 μόνῃ
3763 2920 3833 2988 τῇ

601 2999 672 3050 ob
711 2995 1006 3050 admissum
1043 2995 1329 3061 delictum,
1375 2993 1472 3050 sed
1509 2986 1834 3050 contentum
1889 3001 2011 3050 esse
2052 2993 2169 3049 sola

2271 2997 2513 3068 διηνεκεῖ
2532 2997 2882 3071 καθαιρέσει.

603 3097 859 3156 perpetua
893 3086 1251 3156 depositione.

678 3176 1002 3232 Sanctorum
1041 3177 1412 3246 apostolorum
1447 3188 1622 3232 canon
1651 3174 1742 3231 25.

675 3269 876 3342 Synodi
903 3267 1374 3338 Carthaginiensis
1404 3282 1578 3323 canon
1605 3269 1695 3324 27.

675 3359 860 3416 Sancti
891 3359 1074 3415 Basilii
1100 3364 1284 3414 'canon
1313 3359 1370 3426 ὅ,
1395 3359 1469 3414 32
1503 3367 1561 3414 et
1590 3358 1681 3414 5t.

683 3451 773 3505 95.
811 3449 1195 3520 Presbyterum
1231 3449 1300 3504 ob
1334 3449 1563 3505 crimina
1596 3448 1766 3520 gradu
1809 3450 2073 3521 deiectum
2118 3449 2172 3505 in

605 3543 794 3600 clerici
825 3543 1074 3598 ordinem
1101 3557 1224 3600 esse
1253 3543 1690 3612 deprimendum,
1726 3558 1824 3599 nec
1853 3558 2175 3614 promoven-

605 3638 732 3691 dum
767 3634 1022 3700 ulterius,
1043 3635 1089 3690 si
1119 3636 1374 3689 nimirum
1402 3649 1429 3688 a
1466 3633 1606 3688 malo
1633 3635 1859 3690 desistat
1885 3652 1899 3689 :
1928 3633 2176 3690 similiter

603 3737 658 3779 et
684 3726 964 3792 lectorem,
1013 3725 1060 3781 si
1119 3734 1244 3781 ante
1298 3725 1514 3795 nuptias
1545 3741 1666 3781 cum
1697 3741 1794 3781 sua
1831 3741 2028 3796 sponsa
2057 3739 2172 3781 rem

606 3817 861 3872 habuerit
893 3834 907 3870 :
943 3816 987 3870 si
1018 3829 1147 3870 vero
1174 3818 1338 3871 etiam
1390 3825 1516 3871 ante
1543 3818 2047 3886 desponsationem,
2079 3829 2175 3885 pe-

606 3908 750 3962 nitus
780 3908 1118 3963 deturbatur.

678 3997 879 4068 Synodi
911 3995 1365 4054 Neocaesariensis
1395 4011 1566 4052 canon
1593 3995 1626 4051 9
1650 4004 1711 4066 et,
1734 3995 1823 4051 10.

678 4090 877 4160 Synodi
920 4088 985 4144 Vl
1021 4104 1195 4144 canon
1227 4087 1318 4143 2i.

681 4183 867 4236 Sancti
907 4180 1088 4234 Basilii
1125 4196 1298 4236 canon
1334 4180 1422 4236 69.

678 4271 766 4328 96.
810 4272 1076 4343 Oportere
1111 4273 1427 4343 episcOpum
1478 4279 1788 4327 accusatum
1841 4282 1897 4326 et
1941 4273 2165 4327 citatum

606 4364 798 4417 adesse
828 4365 970 4417 intra
988 4364 1123 4419 duos
1149 4375 1399 4417 menses:
1425 4361 1527 4416 nisi
1549 4361 1693 4416 enim
1715 4362 1876 4427 adsit,
1904 4363 2170 4418 sententia

604 4447 1183 4510 excommunicationi:
1215 4455 1271 4507 in
1303 4467 1425 4508 eum
1469 4453 1658 4508 fertur.
1694 4454 1993 4508 Hmreticus
2043 4467 2170 4508 vero

607 4562 711 4601 non
746 4548 1008 4616 recipitur
1034 4548 1102 4601 ad
1133 4545 1508 4601 accusandum
1535 4586 1550 4613 ,
1591 4558 1767 4615 neque
1800 4544 1975 4600 ﬁdelis
2010 4559 2168 4609 unus,

606 4639 710 4692 nisi
762 4637 900 4693 forte
946 4638 1222 4708 propriam
1271 4637 1509 4706 aliquam
1570 4636 1890 4706 negotialem
1950 4650 2170 4690 causam

606 4731 821 4786 haheat.
868 4729 1054 4799 Neque
1088 4743 1214 4784 vero
1262 4730 1762 4784 excommunicatus
1796 4729 1860 4782 ad
1905 4742 2170 4782 accusan-

607 4823 735 4877 dum
787 4823 1130 4893 recipiendus
1185 4832 1309 4887 est,
1367 4836 1544 4890 neque
1591 4821 1924 4881 infamatus,
2002 4834 2175 4888 neque

606 4929 818 4977 servus,
851 4928 1022 4983 neque
1056 4914 1307 4984 proprius
1341 4913 1590 4978 libertus,
1631 4927 1802 4981 neque
1831 4911 1899 4966 ab
1936 4911 2173 4965 Ecclesia

609 5006 904 5070 abscissus,
959 5020 1130 5074 neque
1181 5006 1225 5059 is
1263 5004 1354 5074 qui
1402 5014 1556 5058 antea
1606 5004 1658 5056 in
1695 5003 1798 5056 alia
1834 5001 2176 5057 accusatione

611 5101 866 5153 nicntitus
903 5097 1086 5160 fuerit,
1122 5111 1294 5166 neque
1327 5098 1465 5150 intra
1508 5105 1758 5164 quartum
1801 5103 1854 5147 et
1901 5093 2169 5147 decimum

607 5194 780 5248 artatis
809 5206 1030 5246 annum.
1065 5189 1246 5260 Neque
1278 5190 1424 5258 prius
1463 5187 1864 5242 accusationem
1903 5184 2169 5255 recipien-

609 5288 728 5342 dam
752 5300 870 5341 esse
901 5300 1057 5354 quam
1087 5287 1292 5353 scripto
1323 5281 1555 5337 confessi
1587 5280 1807 5343 fuerint,
1836 5294 1893 5333 se
1920 5265 2166 5334 eumdem

608 5393 796 5434 casum
825 5377 1077 5430 subiisse.
1115 5373 1243 5430 Item
1275 5375 1555 5442 episcopos
1592 5388 1618 5424 a
1651 5372 1882 5439 pr0priis
1905 5370 2172 5438 episcopis

604 5469 835 5540 judicari
884 5485 896 5521 :
947 5483 1010 5520 ac
1054 5467 1314 5531 siquidem
1371 5479 1559 5518 omnes
1605 5464 1889 5532 provinciae
1937 5462 2170 5530 episc0pi

610 5562 985 5619 consenserint
1023 5561 1072 5613 in
1109 5559 1323 5614 ferenda
1363 5561 1656 5621 sententia,
1705 5558 1770 5609 ab
1802 5557 1864 5608 iis
1901 5570 2004 5608 non
2041 5568 2170 5621 pro-

613 5664 880 5710 vocatur:
918 5655 964 5709 si
1014 5666 1141 5708 vero
1197 5650 1478 5719 contigerit
1519 5651 1667 5718 ipsos
1699 5649 2005 5710 dissentire.
2046 5647 2172 5699 licet

2310 3209 2312 3211 ›
2345 3176 2469 3231 Τῶν
2494 3176 2672 3245 ἁγίων
2687 3177 3005 3234 ἀποστόλων
3033 3179 3212 3234 κανὼν
3247 3179 3346 3235 κε’.

2336 3260 2579 3326 Συνόδου
2611 3269 2981 3341 Καρθαγένης
3003 3270 3188 3326 κανὼν
3219 3269 3326 3337 κζ’.

2345 3360 2461 3416 Καὶ
2485 3359 2578 3414 τοῦ
2620 3360 2780 3429 ἁγίου
2811 3360 3094 3417 Βασιλείου
3131 3357 3309 3419 κανὼν
3339 3362 3410 3433 γ’,
3438 3363 3518 3435 λβ¹
3540 3364 3636 3418 καὶ
3661 3371 3762 3417 να’.

2345 3456 2450 3520 κε’.
2492 3453 2619 3506 Ὀτι
2671 3452 2754 3507 δεῖ
2823 3454 2916 3508 τὸν
2962 3456 3022 3510 ὲν
3078 3455 3391 3528 ἐγκλήμασι
3452 3457 3838 3529 καθῃρημένον

2274 3544 2668 3616 πρεσϐύτερον,
2694 3545 2775 3608 είς
2801 3546 2892 3600 τὸν
2921 3546 3016 3600 τοῦ
3035 3547 3302 3620 κληρικοῦ
3326 3549 3532 3618 βαθμὸν
3553 3554 3833 3617 κατάγειν,

2276 3636 2370 3690 καὶ
2401 3635 2718 3706 ἁπρόκοπον
2758 3637 2973 3706 μένειν,
3030 3639 3190 3708 εῐπερ
3237 3640 3480 3708 δηλονότι
3526 3640 3620 3694 τοῦ
3663 3640 3837 3694 κακοῦ

2222 3801 2229 3805 _
2275 3727 2581 3782 παύσεται·
2616 3730 2820 3798 ὁμοίως
2871 3733 2968 3785 καὶ
3018 3732 3389 3805 ἀναγνώστην,
3443 3736 3492 3787 εί
3528 3737 3592 3804 τῇ
3633 3734 3832 3786 ἑαυτοῦ

2279 3821 2491 3890 μνηστῇ
2532 3819 2639 3891 πρὸ
2678 3821 2858 3892 γάμου
2893 3823 3198 3895 συναφθείη
3230 3842 3245 3857 ·
3275 3826 3323 3878 εί
3367 3825 3424 3878 δὲ
3460 3826 3553 3879 καὶ
3587 3825 3692 3896 πρὸ
3735 3825 3838 3895 τῆς

2278 3910 2596 3980 μνηστείας,
2636 3911 2982 3982 καθαιρεῖται
3014 3914 3255 3978 πάντως.

2276 4064 2280 4068 _
2344 4001 2572 4055 Συνόδου
2603 4003 3040 4074 Νεοκαισαρείας
3067 4005 3248 4059 κανὼν
3278 4004 3321 4059 θ’
3345 4007 3440 4060 καὶ
3464 4005 3517 4063 ι’.

2345 4093 2581 4147 Συνόδου-
2598 4093 2653 4157 ς’
2681 4093 2861 4147 κανὼν
2881 4094 2996 4167 1κα’.

2344 4182 2454 4235 Kal.
2487 4181 2582 4235 τοῦ
2609 4183 2766 4251 ἁγίου
2792 4183 3075 4239 Βασιλείου
3106 4185 3286 4240 κανὼν
3317 4186 3414 4252 ξθ’.

2347 4276 2462 4339 ιιςι.
2494 4273 2618 4324 Ὅτι
2641 4272 2722 4325 δεί
2744 4273 2837 4326 τὸν
2863 4276 3338 4346 κατηγορούμενον
3375 4276 3694 4343 ἐπίσκοπον,
3730 4282 3831 4352 καὶ

2283 4364 2644 4434 καλούμενον,
2678 4364 2927 4436 ἁπαντᾷν
2972 4367 3105 4420 εἵσω
3144 4370 3329 4438 μηνῶν
3360 4369 3453 4424 δύο
3487 4388 3500 4403 ·
3533 4373 3581 4424 εί
3618 4373 3726 4442 γὰρ
3757 4375 3836 4444 μὴ

2263 4455 2606 4524 ἀπαντήσει,
2642 4453 2915 4524 ἀπόφασις
2943 4456 3153 4525 γίνεται
3191 4459 3311 4512 κατ’
3343 4461 3507 4514 αὐτοῦ
3537 4462 3825 4534 ἀκοινωνη-

2278 4549 2421 4610 σίας.
2453 4546 2734 4617 Λίρετικοὶ
2769 4547 2828 4600 δὲ
2857 4549 2916 4600 οὐ
2940 4550 3330 4621 προσδέχονται
3366 4555 3444 4617 είς
3475 4555 3835 4625 κατηγορίαν,

2272 4638 2389 4692 ἀλλ’
2414 4638 2535 4693 οὐδὲ
2560 4639 2747 4702 πιστὸς
2783 4634 2862 4703 εἷς
2883 4655 2896 4669 ο
2943 4641 2991 4693 εί
3039 4630 3166 4713 μήτι
3205 4644 3270 4697 ἂν
3297 4645 3506 4698 οίκείαν
3537 4648 3661 4699 τινὰ
3689 4664 3834 4717 πρα-

2273 4729 2556 4800 γματικῶς
2585 4730 2681 4801 ἔχῃ
2705 4730 2883 4801 δίκην.
2913 4730 3048 4785 Οὔτε
3069 4733 3124 4785 δὲ
3157 4735 3516 4805 ἀκοινώνητος
3547 4739 3628 4800 είς
3660 4755 3833 4798 κατη-

2275 4822 2467 4891 γορίαν
2502 4821 2714 4886 δεκτὸς,
2773 4822 2896 4876 οὔτε
2951 4824 3394 4897 διαϐεϐλημένος,
3447 4828 3573 4882 οὔτε
3622 4830 3830 4897 δοῦλος,

2276 4910 2398 4963 οὔτε
2426 4911 2552 4974 ἴδιος
2585 4913 2972 4982 ἀπελεύθερος,
3025 4914 3146 4968 οὗτε
3196 4919 3534 4989 ἀποσχιστής
3571 4935 3584 4950 ο
3611 4921 3732 4974 οὔτε
3773 4922 3832 4987 ἐς

2277 5000 2655 5072 προεψεύσατο
2679 5003 2736 5054 ὲν
2766 5004 2928 5073 ἑτέρᾳ
2956 5008 3289 5077 κατηγορίην
3317 5006 3440 5062 οὔτε
3470 5011 3615 5072 ἐντὸς
3641 5013 3834 5081 κεῖραν

2275 5090 2539 5162 [ἡλικίας]
2596 5092 2738 5146 ὲτὼν
2800 5093 3260 5166 δεκατεσσάρων’
3293 5100 3386 5151 καὶ
3439 5101 3514 5170 μὴ
3569 5102 3834 5173 πρότερον

2272 5182 2469 5252 ὃεχθῆν
2481 5202 2530 5236 1'.
2549 5185 2908 5254 κατηγορίαν,
2928 5187 3056 5253 πρὶν
3073 5187 3136 5240 ἆν
3151 5189 3439 5259 ἐγγράφως
3456 5193 3830 5262 ὁμολογήσωσι

2273 5275 2678 5329 ταυτοπάθειαν
2710 5277 3037 5345 ὑποστῆναι.
3071 5279 3180 5332 Καὶ
3205 5282 3285 5332 ὅτι
3313 5285 3360 5334 οι
3403 5283 3688 5337 ἐπίσκοποι
3727 5284 3833 5337 ὑπὸ

2273 5367 2380 5418 τῶν
2414 5368 2556 5421 ίδίων
2603 5369 2924 5425 ἐπισκόπων
2960 5374 3233 5443 κρίνονται
3267 5390 3278 5400 ·
3317 5375 3411 5427 καὶ
3436 5378 3496 5442 ⁸εί
3545 5377 3642 5444 μὲν
3697 5393 3832 5446 συμ-

2275 5460 2546 5525 φωνοῦσιν
2581 5462 2626 5512 οἱ
2654 5463 2802 5525 ἐντὸς
2836 5466 3101 5535 ἐπαρχίας
3152 5467 3350 5528 πάντες
3400 5468 3686 5520 ἐπίσκοποι
3716 5467 3833 5520 ’ἐπὶ

2272 5555 2337 5620 τῇ
2367 5551 2531 5620 ψήφῳ
2558 5553 2654 5621 τῆς
2681 5555 2854 5624 δίκης,
2883 5558 2981 5608 οὐκ
3012 5557 3364 5624 ἐγκαλοῦνται
3392 5576 3404 5588 '
3438 5559 3560 5611 εἰδὲ
3591 5557 3830 5627 συμϐαίη

2274 5645 2560 5711 διαφωνεῖν
2592 5647 2808 5710 αὑιοὺς,
2849 5644 3024 5712 ἔξεστι
3056 5650 3133 5718 τῷ
3164 5652 3300 5701 κατὰ
3339 5650 3519 5718 χώραν
3553 5659 3829 5719 μητροπηο
