4010 6336
202 226 246 289 li
275 235 282 241 '
1373 228 1704 290 EPITOME

1808 225 2133 293 iNONUMa
3298 225 3371 292 42

197 343 290 412 λίς-ι
333 341 748 414 προσκαλεῖσθαι
787 343 886 414 ἀφ’
909 343 1103 416 ἑτέρας
1133 341 1406 413 ἐπαρχίας
1433 343 1562 406 τοὺς
1586 342 1704 395 ἔπι-

1811 339 2050 412 regionis
2084 337 2501 408 metropolitano
2541 354 2605 394 cx
2637 337 2739 394 alia
2781 340 3057 411 provincia
3102 342 3371 397 advocare

198 433 447 505 κρίναντας
470 435 588 504 ἅμα
616 439 731 498 τοῖς
761 437 1033 501 ἐντοπίοις
1072 451 1087 466 ⁸
1119 435 1153 506 ἢ
1191 436 1283 489 ἐπὶ
1316 433 1540 504 μείζονα
1585 433 1710 487 σύν-

197 525 286 576 οδον
304 525 606 593 τρέπεσθαι.
631 528 742 582 Καὶ
764 527 846 582 ὃτι
873 528 902 580 ὁ
919 528 998 591 είς
1028 526 1276 598 ἔγκλημα
1308 526 1709 596 κατηγορηθεὶς

196 611 432 683 χληρικδς,
454 617 543 667 καὶ
563 615 928 686 ἀκοινώνητος
943 615 1255 685 γενόμενος,
1272 615 1372 683 οὐχ
1392 613 1504 678 ἔξει
1525 613 1708 668 ἄδειαν

196 704 302 772 μετά
325 704 608 774 περαίωσιν
640 707 760 772 ἑνὸς
805 707 1056 762 ἐνιαυτοῦ
1087 706 1390 777 ἐκκαθῆραι
1425 705 1589 758 αὑτὸν
1611 703 1707 757 τοῦ

195 793 538 864 ἐγκλήματος·
584 798 684 852 καὶ
719 800 802 853 ὅτι
848 802 948 862 τὰς
990 798 1385 870 πραγματικὰς
1412 796 1634 865 ἀγωγὰς
1672 796 1708 866 ἠ

189 889 563 958 τριακονταετία
593 889 844 960 κλείει,ἢ
879 892 912 959 ἠ
950 888 1502 960 τεσσαρακονταετία.

246 1067 350 1120 Τῶν
384 1069 550 1135 ἁγίων
575 1069 896 1122 ἀποστόλων
931 1067 1112 1124 κανὼν
1139 1065 1209 1120 οδ¹
1235 1066 1330 1119 καὶ
1358 1072 1452 1120 σε’.

241 1157 444 1211 Συνόδου
483 1160 812 1228 ’Δντιοχείας
838 1158 1020 1212 κανὼν
1053 1156 1140 1229 ιβ’,
1176 1157 1238 1211 ιδ’
1264 1157 1358 1212 καὶ
1387 1163 1470 1209 ιε’.

241 1249 446 1302 Συνόδου
479 1250 1107 1313 Κωνσταντινουπόλεως
1143 1248 1323 1304 κανὼν
1349 1246 1424 1313 ς’.

239 1338 441 1393 Συνόδου
468 1341 809 1409 Καλχηδόνος
833 1340 1011 1394 κανὼν
1042 1341 1109 1405 θ’,
1142 1338 1210 1403 ιζ’
1244 1339 1337 1394 καὶ
1368 1348 1470 1393 κα’.

239 1429 442 1482 Συνόδου
476 1432 747 1504 Σαρδικῆς
775 1433 956 1487 κανὼν
982 1439 1053 1500 γ’,
1087 1429 1129 1484 δ’
1163 1431 1258 1486 καὶ
1287 1438 1349 1486 ε’.

237 1519 439 1574 Συνάδου
469 1523 832 1593 Καρθαγένης
861 1521 1043 1577 κανὼν
1076 1521 1146 1592 η’,
1175 1519 1265 1592 ιβ’,
1297 1520 1377 1588 ιδ’,
1409 1519 1488 1586 ιε’,
1519 1519 1604 1586 ιϐ’,
1635 1538 1667 1573 κ
1688 1560 1704 1585 ,

185 1608 271 1679 ιη’,
295 1610 386 1677 κθ⁹,
423 1609 489 1676 λ’,
522 1610 620 1676 νθ’,
657 1611 757 1678 ξδ’,
791 1613 884 1679 ξεν,
923 1612 1020 1678 οζν,
1052 1613 1149 1678 σθ’,
1187 1611 1294 1677 πῖ.
1321 1610 1434 1682 πη’.
1477 1610 1594 1679 ίιςό
1637 1612 1700 1679 ρ’.

1811 433 1902 500 qui
1954 425 2060 484 una
2106 443 2229 484 cum
2268 428 2511 485 locorum
2550 431 2824 501 episcopis
2875 445 2989 486 rem
3037 431 3370 500 diiudicent,

1813 527 1909 574 aut
1937 519 2004 573 ad
2033 517 2292 587 majorem
2320 521 2584 590 synodum
2626 536 2684 575 se
2716 531 3052 577 convertere.
3098 519 3228 576 item
3263 525 3375 580 cle-

1813 611 1988 665 ricum
2018 610 2263 665 criminis
2292 622 2604 666 accusatum
2636 622 2798 681 atque
2823 613 3374 684 excommunicatum,

1813 717 1917 756 non
1955 701 2264 755 habiturum
2313 701 2586 757 licentiam
2625 716 2745 772 post
2776 715 3026 758 exactum
3066 722 3227 759 unum
3272 722 3376 762 an-

1813 809 1938 846 num
1971 793 2212 862 seipsum
2247 809 2275 848 a
2303 795 2534 848 crimine
2566 796 2823 865 purgandi
2851 813 2866 860 ;
2906 795 3033 849 item
3082 797 3377 876 negotiales

1811 883 2054 938 actiones
2115 884 2452 941 tricesimum
2507 893 2602 939 aut
2648 886 3118 956 quadragesimum
3174 901 3400 947 annum»

1812 977 2123 1031 terminare.
2339 1021 2344 1027 .
2832 1001 2835 1006 -
3291 994 3295 996 ·

1883 1064 2205 1121 Sanctorum
2234 1065 2598 1136 apostolorum
2625 1081 2799 1122 canon
2824 1067 2896 1122 74
2921 1077 2976 1123 et
3005 1069 3094 1124 75.

1881 1155 2082 1226 Synodi
2115 1155 2468 1212 Antiochense
2499 1171 2670 1212 canon
2701 1158 2789 1223 12,
2818 1158 2884 1212 I4
2914 1169 2968 1214 ct
2998 1160 3084 1216 15.

1879 1244 2078 1314 Synodi
2110 1245 2577 1315 Constantinopol.
2608 1249 2780 1302 canon
2814 1249 2869 1302 6.

1879 1337 2079 1408 Synodi
2103 1338 2568 1394 Chalcedonensis
2601 1354 2773 1394 canon
2807 1340 2860 1404 9,
2896 1342 2964 1394 I7
2989 1351 3041 1397 et
3074 1342 3165 1396 2i.

1877 1427 2079 1499 Synodi
2109 1429 2448 1484 Sardicensis
2479 1446 2650 1485 canon
2683 1431 2738 1495 '5,
2776 1430 2810 1484 4
2853 1441 2906 1486 et
2936 1433 2990 1486 5.

1880 1518 2082 1590 Synodi
2118 1518 2581 1590 Carthaginiensis
2609 1536 2781 1576 canon
2822 1521 2876 1585 8,
2909 1521 2992 1586 12,
3026 1522 3253 1592 -14,’15,
3285 1525 3373 1590 19.

1807 1608 1897 1671 9.0,
1935 1609 2025 1674 28,
2058 1609 2149 1673 29,
2196 1608 2286 1672 30,
2337 1608 2426 1674 59,
2461 1609 2562 1676 62,
2609 1611 2713 1676 65,
2748 1613 2836 1671 77.
2875 1614 2962 1674 79.
3017 1614 3105 1676 87,
3147 1614 3237 1680 88,
3272 1615 3373 1680 96,

185 1703 264 1772 ρξ’.
309 1709 441 1772 μα’,
477 1705 617 1774 916',
663 1703 801 1776 pxs',
857 1705 996 1776 pxC',
1031 1703 1178 1777 ρκη’,
1238 1703 1377 1774 ρκθ’,
1420 1702 1517 1775 ρλ¹,
1565 1703 1700 1774 ρλα’,

1808 1699 1930 1762 too,
1969 1701 2091 1764 m7,
2127 1699 2249 1762 121.
2285 1701 2408 1767 122,
2441 1702 2562 1763 :25,
2598 1684 2718 1767 12'7,
2760 1703 2880 1769 12s,
2921 1704 3042 1769 429,
3087 1704 3209 1782 139.
3252 1707 3371 1774 tsi,

181 1794 291 1865 ρὶδν,
319 1792 444 1866 ρλη’.

242 1885 556 1958 Ύπόμνημα
603 1885 848 1956 πραχθὲν
871 1887 930 1940 ἐν
961 1886 1530 1941 Κωνσταντινουπόλει
1572 1886 1701 1952 περὶ

177 1975 386 2044 parat...
417 1975 512 2029 καὶ
548 1977 792 2047 ἀγάπης.

231 2067 440 2122 Συνόδου
463 2067 519 2132 ς’
551 2068 734 2122 κανὼν
761 2075 861 2125 κε’.

229 2157 469 2227 Θεοφίλου
500 2157 682 2212 κανὼν
706 2158 769 2225 δ’,
806 2167 884 2225 ς’,
933 2161 978 2224 ζ’
1009 2161 1104 2215 καὶ
1126 2161 1192 2214 θ’.

229 2246 325 2300 τοῦ
351 2249 502 2316 ἁγίου
541 2249 813 2320 Κυρίλλου
848 2251 1030 2306 κανὼν
1058 2258 1127 2307 α’.

229 2337 328 2389 Καὶ
359 2337 579 2408 νομικὸν
624 2338 921 2406 κεφάλαιον
951 2341 1040 2412 ιβ’,
1068 2348 1158 2410 ιη’,
1186 2343 1284 2408 κδ’,
1317 2342 1421 2408 λα’,
1464 2344 1567 2413 μδ’,
1602 2343 1701 2412 νβ’,

171 2432 256 2493 vr.
301 2425 388 2491 νϐ’.
418 2428 514 2492 νικ
559 2428 622 2496 ε’.
668 2428 766 2500 ιβ’.
810 2430 912 2499 ET’.
953 2432 1044 2498 ξδ’.
1095 2430 1188 2496 εί.
1228 2432 1327 2497 ξς.
1365 2432 1466 2503 En’.
1498 2434 1596 2500 ἔθ’.
1630 2442 1695 2498 θ’.

171 2514 234 2585 οβ’
261 2519 346 2570 καὶ
366 2523 463 2588 οη¹.

227 2607 322 2672 ιις.
356 2608 476 2663 Ὀτι
500 2611 560 2664 οὐ
585 2611 664 2664 δσί
693 2611 1084 2666 ἀναϐάλλεσθαι
1119 2617 1267 2684 παρὰ
1295 2617 1401 2667 τῶν
1429 2633 1704 2687 μητροπο-

1805 1791 1928 1855 I34,
1966 1791 2088 1845 158.

1879 1884 2074 1937 Actum
2103 1883 2568 1956 Constantinopoli
2603 1873 2804 1939 factum
2850 1891 3032 1942 ἄεν...
3071 1900 3126 1944 et
3152 1893 3217 1946 de
3241 1892 3374 1946 cha-

1804 1974 1978 2026 ritate.

1871 2063 2071 2134 Synodi
2108 2063 2174 2118 VI
2205 2081 2376 2120 canon
2407 2067 2498 2122 25.

1878 2155 2161 2224 Theophili
2196 2171 2368 2212 canon
2401 2159 2456 2224 4,
2486 2161 2542 2224 6,
2579 2160 2610 2213 7
2636 2171 2689 2216 et
2718 2163 2771 2216 9.

1877 2247 2059 2302 Sancti
2085 2248 2273 2320 Cyrilli
2301 2265 2474 2306 canon
2509 2253 2560 2306 1.

1875 2338 2033 2406 chis
2067 2353 2232 2408 caput
2267 2340 2354 2404 ιε,
2387 2341 2474 2406 is.
2510 2341 2602 2406 24,
2637 2344 2727 2408 δι,
2761 2345 2864 2408 i4,
2895 2346 2992 2408 52,
3027 2347 3114 2408 55.
3150 2348 3237 2414 ss,
3280 2352 3370 2415 55.

1793 2427 1896 2492 ΒΟ,
1930 2427 2021 2494 62,
2055 2426 2145 2494 6'5,
2175 2428 2265 2494 64,
2298 2431 2387 2494 65,
2421 2433 2510 2496 67,
2554 2433 2643 2498 68,
2685 2434 2772 2500 69,
2807 2437 2894 2498 70,
2929 2437 2997 2490 72
3019 2448 3072 2492 et
3103 2437 3188 2492 78.

1879 2622 1970 2676 97.
2014 2621 2421 2680 Ordinationem
2450 2629 2685 2700 episcopi
2718 2646 2747 2684 a
2781 2632 3211 2703 n‘ietropolitanis
3232 2641 3366 2693 citra

170 2697 312 2751 λιτῶν
334 2702 500 2773 χωρὶς
527 2703 772 2774 μεγάλης
800 2705 1047 2774 ἀνάγκης
1066 2705 1137 2758 δι’
1168 2707 1429 2776 ἀμέλειαν
1474 2710 1702 2763 ἐπισκό-

1808 2727 2055 2780 magnam
2102 2716 2484 2772 necessitatem
2536 2735 2643 2774 non
2691 2737 2814 2776 esse
2856 2739 2952 2793 per
2987 2728 3367 2802 negligentiam

170 2807 257 2842 που
284 2795 616 2864 χειροτονίαν
640 2811 656 2826 ο
685 2795 822 2849 ἀλλά
866 2795 962 2849 καί
989 2796 1060 2850 τὰ
1099 2798 1419 2868 πράγματα,
1474 2802 1568 2854 καὶ
1605 2799 1704 2871 τὴν

1806 2801 2154 2859 differendam
2185 2823 2199 2860 :
2231 2820 2436 2862 necnon
2466 2810 2632 2866 etiam
2653 2827 2742 2869 res
2765 2829 2828 2869 ac
2856 2816 3128 2872 viduatam
3155 2801 3371 2889 pastore

168 2882 486 2951 χηρεύουσαν
511 2886 831 2956 ἑκκλησίαν,
883 2887 977 2941 καὶ
1017 2890 1117 2958 τὴν
1145 2889 1403 2959 πρόσοδον
1436 2891 1512 2962 μὴ
1536 2893 1701 2962 ἀφαι-

1808 2893 2114 2959 ecclesiam,
2171 2907 2228 2952 ct
2275 2899 2480 2955 reditus
2524 2905 2996 2975 metropolitanum
3037 2927 3142 2966 non
3175 2913 3371 2970 debere

169 2973 360 3041 ρείσθαι
403 2977 434 3046 ἢ
481 2977 897 3049 σφετερίζεσθαι
941 2982 1037 3033 τδν
1085 2981 1490 3052 μητροπολίτην
1520 3000 1535 3015 ·
1567 2982 1701 3039 ἀλλὰ

167 3068 298 3136 παρὰ
321 3065 401 3138 Δτῷ
429 3071 697 3140 οίκονόμῳ
739 3071 842 3142 τῆς
872 3071 1044 3143 αὐτῆς
1084 3073 1378 3144 ἐκκλησίας
1438 3073 1701 3144 φυλάττει

169 3155 273 3209 σθαι
305 3160 477 3212 πάντα
509 3161 647 3216 σῶα.

223 3247 444 3301 Συνόδου
469 3251 816 3321 Χαλκηδόνος
842 3251 1022 3306 κανὼν
1049 3249 1146 3305 κε’.

224 3339 440 3393 Συνόδου
469 3344 828 3414 Καρθαγένης
849 3345 1028 3398 κανὼν
1053 3347 1123 3399 οδ⁹
1158 3347 1250 3400 καὶ
1278 3349 1382 3418 οη⁹.

220 3429 438 3484 Συνόδου
469 3431 522 3495 ς’
551 3433 733 3487 κανὼν
763 3431 856 3489 λε’.

222 3521 322 3592 κη’.
363 3525 484 3577 Ὀτι
515 3525 576 3578 οὗ
605 3526 686 3578 δεῖ
711 3529 1055 3597 συνωμοσίας
1078 3529 1350 3596 γίνεσθαι,
1371 3530 1612 3601 ταραχάς
1640 3549 1700 3584 τε

1807 2983 2020 3040 auferre
2060 2994 2155 3040 aut
2203 2987 2308 3043 sibi
2342 2990 2647 3056 vindicare,
2677 3009 2860 3050 verum
2906 3001 3044 3068 apud
3090 3001 3372 3072 dispensa-

1805 3083 1973 3128 torem
2034 3077 2199 3145 ipsius
2263 3080 2506 3136 ccclesiaa
2566 3086 2746 3140 omnia
2790 3087 2937 3142 salva
2996 3104 3118 3146 esse
3182 3105 3368 3150 custoo
3421 3089 3424 3092 ’

1803 3163 2021 3221 dienda.
3376 3187 3380 3192 ‘

1873 3254 2074 3326 Synodi
2102 3260 2553 3319 Chalcedonensis
2579 3281 2748 3323 canon
2780 3269 2868 3325 25.

1868 3346 2071 3419 Synodi
2096 3350 2562 3423 Carthaginiensis
2589 3373 2757 3415 canon
2792 3363 2860 3418 74
2890 3374 2944 3418 et
2973 3365 3062 3420 78.

1875 3439 2074 3509 Synodi
2109 3439 2174 3497 VI
2203 3458 2374 3499 canon
2411 3447 2501 3501 55.

1871 3529 1963 3584 98.
1986 3528 2102 3583 Non
2133 3541 2388 3600 oportere
2415 3536 2844 3606 conjurationes,
2878 3545 3084 3613 turbas,
3112 3552 3370 3610 tumultus

163 3615 244 3665 καὶ
270 3613 550 3686 θορύεους,
595 3618 690 3670 καὶ
733 3619 1168 3686 ἀκαταστασίας,
1221 3621 1373 3691 παρά
1422 3621 1702 3698 κληρικῶν

1808 3633 1864 3673 ac
1905 3619 2201 3676 seditiones
2260 3638 2288 3675 a
2343 3624 2556 3681 clericis
2619 3637 2710 3683 aut
2775 3636 3056 3692 monachis
3097 3643 3365 3700 excitari:

162 3704 189 3772 ἢ
240 3708 482 3777 μοναχῶν
529 3724 545 3739 ·
594 3710 718 3762 ἐπεὶ
772 3711 1096 3764 ἐκπίπτουσι
1153 3712 1329 3782 πάντη
1375 3713 1470 3767 τοῦ
1502 3714 1701 3766 οἰκείου

1808 3708 2004 3778 alioqui
2035 3713 2203 3779 gradu
2236 3729 2333 3769 suo
2367 3731 2590 3784 prorsus
2621 3722 2900 3791 excidunt,
2949 3735 3110 3800 atque
3152 3747 3371 3792 excomo

163 3799 381 3868 βαθμοῦ,
418 3803 510 3856 καὶ
547 3800 919 3872 ἀφορίζονται.

219 3893 438 3946 Συνόδου
485 3894 811 3963 Ἀντιοχείας
841 3895 1020 3949 κανὼν
1047 3902 1108 3950 ε’.

221 3983 440 4037 Συνόδου
472 3985 890 4039 Κωνσταντίνου
923 3985 1132 4049 πόλεως
1154 3986 1336 4041 κανὼν
1361 3985 1426 4042 δ’.

219 4073 436 4127 Συνόδου
465 4075 810 4146 Καλχηδόνος
834 4077 1009 4130 κανὼν
1045 4077 1106 4130 δ’.

221 4165 441 4219 Συνόδου
473 4167 837 4238 Καρθαγένης
869 4168 1055 4243 κανὼν¹
1087 4175 1188 4238 νγ’.

219 4255 443 4309 Συνόδου
471 4263 524 4323 ς’
558 4258 740 4310 κανὼν
765 4256 859 4313 λό’.

1804 3800 2164 3854 municantur.

1877 3892 2075 3961 Synodi
2107 3893 2458 3951 Antiochense
2491 3914 2663 3953 canon
2695 3903 2749 3957 5.

1873 3979 2072 4048 Synodi
2107 3981 2713 4056 Constantinopolitanae
2740 4006 2912 4050 canon
2945 3999 2999 4052 4.

1873 4068 2072 4139 Synodi
2108 4071 2562 4133 Chalcedonensis
2597 4095 2770 4137 canon
2801 4085 2857 4139 4.

1878 4158 2080 4230 Synodi
2109 4163 2578 4233 Carthaginiensis
2617 4185 2792 4226 canon
2825 4174 2914 4230 55.

1877 4248 2078 4318 Synodi
2105 4251 2168 4304 Vl
2202 4267 2374 4308 canon
2410 4255 2498 4310 54.

219 4346 445 4400 Συνόδου
482 4350 542 4403 ὲν
569 4348 648 4418 τῷ
683 4347 797 4419 ναῷ
840 4333 950 4403 τῶν
985 4350 1185 4418 Ἀγίων
1228 4351 1561 4406 ’Δποστόλων
1602 4371 1702 4407 κα-

1871 4335 2080 4409 Synodi
2116 4340 2170 4394 in
2212 4344 2410 4412 templo
2450 4346 2774 4405 Sanctorum
2809 4353 3189 4438 Apostolorum
3229 4361 3374 4421 cole.

157 4432 253 4488 νὼν
279 4435 346 4490 θ’.

215 4523 318 4589 ἥθ’.
345 4525 470 4578 Ὀτι
505 4525 567 4578 οὗ
598 4525 679 4578 δεῖ
708 4523 839 4578 ἄνευ
870 4526 1172 4579 κανονικῶν
1207 4529 1525 4593 ἐπιστολῶν,
1566 4529 1598 4599 ἢ
1629 4531 1705 4582 εί-

160 4611 404 4680 ρηνικῶν,
433 4611 467 4678 ἢ
515 4611 854 4672 συστατικῶν
885 4611 1089 4664 ὁδεύειν
1136 4612 1260 4665 τινα
1305 4614 1414 4666 τῶν
1473 4616 1705 4684 ἱερωμέ-

156 4716 248 4752 νων
270 4717 287 4730 ο
320 4702 418 4753 καὶ
455 4701 536 4753 ὅτι
566 4701 947 4770 ἀνακρίνονται
973 4701 1022 4754 oi
1058 4699 1258 4761 ταύτας
1297 4704 1701 4773 ἐπιφερόμενοι.

155 4792 207 4843 Οἱ
233 4790 343 4858 γὰρ
374 4791 545 4855 ἄλλως
587 4793 868 4862 δεχόμενοι
897 4794 1138 4857 τούτους,
1173 4792 1579 4865 καθαιροῦνται,
1613 4797 1706 4850 καὶ

155 4879 516 4949 ἀφορίζονται.

214 4973 334 5023 Τῶν
375 4973 544 5039 ἁγίων
574 4971 886 5024 ἀποστόλων
913 4972 1095 5024 κανὼν
1126 4972 1192 5042 ιβ’
1218 4975 1311 5025 καὶ
1338 4975 1439 5042 λγ’.

216 5061 446 5114 Συνόδου
489 5061 818 5133 Ἀντιοχείας
848 5061 1030 5114 κανὼν
1062 5060 1106 5125 ζ’
1147 5064 1238 5114 καὶ
1265 5070 1335 5131 η’.

213 5148 443 5201 Συνόδου
478 5148 792 5210 Λαοδικείας
822 5147 1004 5201 κανὼν
1039 5155 1127 5217 μα’
1152 5151 1245 5200 καὶ
1281 5149 1390 5218 μβ’.

215 5239 441 5292 Συνόδου
468 5239 811 5308 Καλχηδόνος
846 5238 1024 5292 κανὼν
1055 5237 1124 5291 ια’
1164 5243 1252 5293 καὶ
1284 5248 1372 5308 ιγ’.

213 5331 442 5386 Συνόδου
465 5331 737 5400 Σαρδικῑκ
765 5329 943 5384 κανὼν
974 5329 1040 5385 θ’.

216 5422 445 5476 Συνόδου
470 5421 828 5490 Καρθαγένης
850 5421 1036 5475 ’κανὼν
1059 5429 1162 5490 κγ’,
1197 5432 1300 5490 πε’,
1336 5427 1442 5494 πο’,
1473 5429 1564 5482 καὶ
1594 5429 1704 5500 ρς’.

215 5514 442 5570 Συνόδου
479 5513 533 5576 ς’
565 5512 743 5566 κανὼν
775 5512 860 5576 ιζ’.
919 5540 922 5543 ι

217 5605 465 5677 Noui.be
491 5605 790 5680 κεφάλαιον
817 5612 883 5674 γ’.

471 5696 741 5756 Parnm.
771 5700 886 5757 Gn.
928 5700 1251 5766 CXXXIII.

1807 4427 1974 4482 brata:
2003 4443 2178 4484 canon
2215 4431 2267 4486 9.

1877 4518 1968 4572 99.
1999 4515 2123 4573 Non
2172 4533 2424 4590 oportere
2470 4527 2599 4582 sine
2655 4533 2930 4588 canonicis
3001 4537 3245 4606 epistolis
3279 4553 3367 4598 aut

1807 4608 2044 4676 paciﬁcis
2075 4621 2166 4665 aut
2197 4617 2650 4674 commendatitiis
2690 4636 3013 4693 quemquam
3059 4643 3244 4683 eorum
3279 4632 3370 4700 qui

1807 4702 1975 4754 sacris
1995 4713 2121 4756 sunt
2150 4705 2350 4761 initiati
2394 4709 2497 4763 iter
2528 4711 2724 4776 facere,
2761 4729 2963 4784 eosque
2988 4721 3074 4786 qui
3117 4719 3215 4774 has
3241 4721 3373 4776 aiTe-

1807 4799 1934 4843 runt
1961 4794 2256 4850 examinari
2288 4813 2302 4850 :
2334 4799 2423 4866 qui
2459 4801 2600 4855 enim
2637 4803 2797 4859 aliter
2826 4807 2922 4863 hos
2953 4811 3244 4878 rccipiunt,
3279 4815 3368 4868 de-

1807 4893 2076 4948 ponuntur
2103 4900 2163 4940 ac
2211 4900 2581 4958 segregantur.

1880 4974 2200 5030 Sanctorum
2240 4982 2603 5049 apostolorum
2636 5001 2810 5043 canon
2856 4990 2923 5043 12
2954 5003 3008 5046 et
3037 4992 3125 5047 55.

1879 5064 2078 5134 Synodi
2113 5070 2466 5127 Antiochense
2495 5089 2666 5130 canon
2703 5079 2732 5129 7
2767 5087 2821 5131 et
2855 5079 2907 5133 8.

1881 5156 2081 5225 Synodi
2113 5159 2430 5218 Laodicenze
2463 5181 2634 5220 canon
2669 5169 2727 5221 4-1
2768 5181 2820 5224 et
2854 5172 2944 5225 49..

1884 5245 2085 5317 Synodi
2119 5250 2574 5311 Chalcedonensis
2610 5274 2781 5314 canon
2816 5264 2874 5314 11
2909 5273 2959 5316 et
3003 5261 3090 5319 15.

1879 5338 2077 5408 Synodi
2113 5341 2451 5403 Sardicensis
2483 5365 2659 5405 canon
2689 5351 2742 5406 9.

1880 5432 2084 5500 Synodi
2121 5435 2586 5506 Carthaginiensis
2618 5445 2906 5518 Canon‘ﬂl’),
2940 5447 3031 5514 85,
3061 5449 3127 5505 89
3159 5461 3212 5506 et
3247 5450 3374 5511 106.

1883 5524 2084 5593 Synudi
2116 5525 2176 5579 V'I
2213 5542 2385 5585 canon
2423 5533 2506 5587 17.

1885 5615 2040 5684 Legis
2073 5626 2233 5684 caput
2266 5619 2320 5673 3.

3003 5720 3048 5779 2
3090 5807 3096 5816 .
