4010 6336
578 289 648 356 43
1424 322 1426 325 -
1857 280 2173 341 ARSENII
2210 238 2559 341 montem
3765 276 3838 339 tt

662 411 783 464 ιοο.
823 409 932 461 Non
967 411 1219 475 oportere
1251 415 1361 472 pra:
1407 397 1855 469 pusiilanimitatc
1901 408 1991 451 aut
2024 413 2155 452 con-
2184 405 2231 465 Α

575 505 822 560 tentione
863 499 1176 569 episcopum
1221 509 1546 565 queinquam
1600 490 1765 562 gradu
1801 489 2036 557 dejicere
2063 505 2077 542 :
2109 489 2155 544 si

582 611 712 652 vero
745 596 847 649 hoc
883 592 1086 647 factum
1119 588 1300 649 fuerit,
1334 588 1461 642 licet
1499 587 1650 639 adire
1683 584 2154 654 mctrOpolitanum

583 686 901 755 vicinosque
919 685 1202 753 episcopos
1225 680 1486 734 adversus
1518 677 1694 748 ipsum
1718 695 1731 729 :
1754 691 1816 730 ac
1838 676 1881 753 si
1910 683 2158 743 repertus

580 779 743 834 fuerit
767 779 974 848 injuste
993 777 1168 846 ipsum
1201 785 1536 844 scgregassc,
1573 767 1942 832 removebitur
1961 775 2020 837 et
2043 765 2157 836 ipse

580 872 673 939 qui
708 867 1033 939 segregavit.
1099 867 1167 920 Et
1221 865 1361 933 quod
1403 864 1530 919 licet
1579 876 1676 930 per
1727 859 1979 928 injuriam
2033 857 2158 927 quis

581 961 1084 1018 exeomnnmicatus
1117 958 1298 1019 fuerit,
1336 966 1461 1010 ante
1493 955 1568 1008 rei
1605 952 1997 1008 discussionem
2047 964 2155 1004 non

581 1053 739 1107 debet
771 1049 1204 1106 communionem
1241 1046 1344 1101 sibi
1383 1043 1697 1100 vendicare.

650 1143 854 1215 Synodi
879 1142 1111 1197 Nicscua:
1143 1132 1315 1193 canon
1354 1136 1407 1191 5.

651 1237 853 1311 Synodi
878 1236 1230 1290 Antiochense
1255 1248 1428 1287 canon
1465 1230 1518 1284 ϐ.

649 1328 852 1401 Synodi
886 1323 1235 1382 Sardicensis
1270 1338 1447 1378 canon
1478 1322 1565 1375 14.

648 1419 852 1490 Synodi
887 1415 1357 1485 Carthaginiensis
1395 1427 1570 1468 canon
1604 1410 1729 1466 154.

654 1512 812 1582 Legis
847 1517 1008 1579 caput
1036 1507 1126 1562 59.

657 1605 781 1660 101.
815 1602 1209 1672 Episcoporum
1240 1596 1626 1651 excusationes
1657 1592 1826 1648 libere
1864 1605 1927 1646 ac
1965 1595 2157 1659 sponte

580 1699 779 1762 factas,
816 1708 940 1749 esse
987 1689 1350 1762 recipiendas,
1408 1686 1653 1755 aliosque
1685 1685 1740 1738 in
1784 1696 1976 1738 eorum
2033 1680 2156 1733 loco

2333 404 2422 468 ρι’.
2460 397 2582 448 Ὀτι
2633 396 2694 449 οὐ
2750 395 2832 449 δεῖ
2882 396 2946 447 ἐκ
3004 376 3373 465 μικροψυχίας
3419 394 3451 464 ἦ
3498 393 3837 461 φιλονεικίας

2259 490 2556 542 ἐπίσκοπον
2591 487 2877 557 καθαιρεῖν
2914 503 3054 540 τινα.
3092 487 3152 538 Εἰ
3179 487 3236 539 δὲ
3266 487 3358 539 καὶ
3387 487 3631 553 γένηται,
3658 484 3839 548 ἔξεστι

2258 580 2578 650 προσελθεῖν
2605 580 2679 648 τῷ
2720 578 3119 650 μητροπολίτῃ,
3155 580 3250 630 καὶ
3279 580 3393 640 τοῖς
3417 576 3679 645 ὁμοροῦσι
3710 579 3836 630 κατ’

2262 672 2428 724 αὑτοῦ
2465 671 2815 734 ἐπισκόποις·
2848 672 2942 724 καὶ
2987 671 3033 722 εἰ
3079 671 3276 739 εὑρεθῇ
3320 669 3522 730 ἀδίκως
3567 668 3842 738 ἀφορίσας

2258 761 2442 826 αὑτὸν,
2492 762 2924 832 ἀφορισθήσεται
2971 761 3000 812 ὁ
3051 761 3320 830 ἀφορίσας
3361 759 3544 813 αὐτόν.
3595 758 3708 811 Καὶ
3752 760 3840 812 ὅτι

2258 851 2362 902 κᾶν
2389 851 2590 914 ἀδίκως
2620 851 2891 922 ἀφορισθῇ
2917 869 3025 917 τις,
3061 851 3166 920 πρὸ
3189 850 3489 916 ἐξετάσεως
3543 851 3644 902 οὐκ
3680 847 3842 919 ὀφείο

2257 941 2339 994 λει
2372 941 2612 996 ἐκδικεῖν
2639 944 2741 1013 τὴν
2779 943 3067 996 κοινωνίαν
3099 940 3305 1011 ἐαυτῷ.

2328 1123 2556 1177 Συνόὸου
2597 1120 2834 1184 Νικαίας
2860 1120 3044 1174 κανὼν
3065 1108 3127 1174 ε’.

2332 1217 2564 1270 Συνὸδου
2607 1214 2939 1285 Ἀντιοχείας
2974 1214 3154 1268 κανὼν
3189 1211 3266 1278 ς’.

2327 1307 2554 1361 Συνόδου
2586 1307 2858 1376 Σαρδικῆς
2887 1306 3070 1359 κανὼν
3098 1305 3180 1359 ιδ’.

2327 1399 2553 1453 Συνόδου
2588 1398 2952 1469 Καρθαγένης
2983 1397 3160 1450 κανὼν
3193 1395 3326 1467 ρλδ’.

2326 1492 2574 1562 Νομικδν
2609 1491 2904 1560 κεφάλαιον
2932 1489 3030 1545 λίπ’.

2329 1589 2433 1655 ρα’.
2462 1584 2584 1636 Ὀτι
2626 1582 2709 1635 δεῖ
2748 1582 3001 1652 δέχεσθαι
3041 1580 3139 1644 τὰς
3179 1577 3684 1658 παραιτήσειςτῶν
3719 1578 3840 1630 ἑπι-

2273 1677 2518 1742 σκόπων,
2559 1677 2654 1730 καὶ
2690 1675 2806 1728 ἀντ’
2855 1673 3034 1728 αὐτῶν
3083 1673 3301 1742 ἐτέρους
3351 1673 3702 1744 χειροτονεῖν,
3739 1670 3844 1724 αὺ-

580 1771 934 1851 ordinandos,
975 1785 1121 1854 ipsos
1147 1795 1279 1836 vero
1325 1777 1520 1834 summi
1551 1775 1841 1832 sacerdotii
1890 1774 2151 1827 honorem

2271 1765 2368 1818 τῶν
2409 1765 2752 1830 οἰκειοθε).ῶς
2803 1765 3262 1835 παραιτουμένων
3289 1781 3302 1793 ·
3356 1762 3581 1826 τούτους
3637 1762 3694 1815 δὲ
3735 1761 3839 1829 τὴν

584 1898 650 1938 ac
672 1895 869 1936 munus
898 1878 1139 1933 habere:
1165 1875 1210 1929 si
1239 1881 1418 1927 autem
1443 1886 1549 1926 non
1579 1869 1710 1923 [iant
1739 1867 1954 1938 proprio
1979 1874 2153 1927 motu,

581 1950 772 2032 rerum
805 1987 869 2027 ex
904 1986 1032 2027 casu
1065 1969 1248 2037 aliquo
1280 1975 1336 2020 et
1371 1973 1545 2028 metu,
1587 1964 1733 2032 ipsas
1774 1974 1881 2014 non
1927 1971 2050 2012 esse
2075 1969 2159 2009 re-

579 2065 896 2136 cipiendas;
927 2067 1171 2116 amotum
1207 2072 1338 2114 vero
1381 2056 1694 2126 episcopum
1741 2050 1809 2106 ad
1848 2046 2157 2136 presbyteri

582 2160 806 2230 gradum
839 2171 942 2210 non
978 2166 1098 2209 esse
1130 2148 1502 2221 redigendum.
1871 2133 1876 2136 ’

652 2338 857 2412 Synodi
895 2333 1183 2404 Ephesium
1218 2343 1391 2384 canon
1420 2327 1509 2380 ll.

644 2428 851 2502 διποᾶί
879 2421 1341 2482 Chalcedonensis
1371 2432 1548 2474 canon
1569 2415 1662 2471 29.
1892 2461 1894 2463 ,

653 2520 859 2594 Synodi
884 2519 938 2573 in
964 2516 1166 2585 templo
1189 2513 1518 2567 Sanctorum
1549 2505 1931 2576 Apostolorum
1961 2502 2156 2557 habitae

576 2627 751 2671 canon
785 2609 874 2666 16.
1461 2683 1465 2687 1

655 2703 846 2761 Sancti
875 2698 1067 2772 Cyrilli
1103 2710 1274 2752 canon
1307 2695 1362 2750 5.

651 2794 775 2850 102.
811 2789 930 2846 Non
978 2795 1232 2856 oportere
1283 2782 1615 2854 quemquam
1668 2776 1841 2834 sacris
1880 2775 2153 2831 addictum

575 2890 1041 2949 subintroductam
1073 2883 1277 2939 habere
1309 2859 1590 2936 mulierem
1615 2916 1632 2943 ,
1683 2876 1778 2932 sed
1808 2890 1987 2945 neque
2031 2880 2156 2942 post

2271 2890 2416 2926 ικτον
2465 2874 2702 2940 γυναῖκα
2743 2885 2759 2901 ο

2257 1857 2358 1925 τῆς
2388 1855 2801 1928 ἀρχιερωσύνης
2824 1857 2989 1927 τιμὴν
3041 1858 3135 1908 καὶ
3169 1856 3268 1926 τὴν
3289 1855 3633 1924 λειτουργίαν
3658 1855 3838 1924 ἔχειν·

2262 1940 2338 2019 μὴ
2363 1947 2709 2011 οἱκειοθελῶς
2742 1949 2798 2001 δὲ
2831 1947 3145 2018 γίνομένας,
3195 1947 3313 2004 ἀλλ’
3351 1949 3415 2000 ἐκ
3460 1948 3841 2017 περιστάσεως

2258 2041 2354 2095 καὶ
2384 2041 2574 2110 φόϐου,
2601 2040 2661 2092 οὐ
2683 2040 2765 2092 δεῖ
2794 2040 2999 2101 ταύτας
3025 2037 3279 2108 δέχεσθαι
3305 2054 3315 2066 ·
3350 2036 3750 2106 ἀποκινηθέντα
3778 2035 3839 2090 δὲ

2258 2133 2561 2186 ἐπίσκοπον
2599 2131 2678 2193 είς
2718 2129 2811 2184 τὸν
2860 2129 2954 2184 τοῦ
3000 2128 3376 2200 πρεσϐυτέρου
3430 2127 3640 2197 βαθμὸν
3665 2127 3725 2179 οὐ
3754 2126 3841 2179 δεῖ

2259 2221 2618 2288 κατάγεσθαι.
3405 2204 3414 2207 Α

2275 2350 2286 2356 -
2327 2313 2559 2366 Συνόδου
2607 2311 2838 2380 Ἐφέσου
2872 2311 3054 2367 κανὼν
3086 2319 3178 2365 ια’.

2329 2405 2553 2459 Συνόδου
2582 2403 2917 2474 Καλχηδόνος
2949 2404 3129 2458 κανὼν
3160 2405 3265 2459 κθ’.

2323 2498 2552 2551 Συνόδου
2585 2496 2645 2548 ὲν
2679 2495 2759 2566 τῷ
2804 2496 2912 2565 ναῷ
2949 2496 3059 2550 τῶν
3109 2496 3306 2565 Ἀγίων
3347 2494 3688 2550 Ἀποστόλων
3733 2511 3839 2547 κα-

2181 2618 2184 2619 ν
2257 2592 2366 2645 νὼν
2399 2589 2495 2655 ις’.

2330 2681 2438 2733 Τοῦ
2473 2680 2631 2748 ἁγίου
2666 2679 2932 2749 Κορίλλου
2963 2678 3146 2734 κανὼν
3177 2685 3249 2748 γ’.

2331 2780 2442 2851 ρβ’.’
2464 2767 2592 2832 Ὅτι
2617 2778 2678 2832 οὐ
2705 2778 2784 2830 δεῖ
2808 2771 2931 2830 τινα
2955 2777 3065 2829 τῶν
3100 2775 3416 2851 ἱερωμένων
3438 2772 3584 2843 ἔχειν
3617 2772 3837 2825 συνεῖσι

2815 2870 2930 2923 ἀλλ’
2984 2868 3110 2922 οὐδὲ
3171 2868 3310 2937 μετὰ
3360 2869 3457 2936 τὴν
3502 2866 3840 2935 χειροτονίαν

576 2982 978 3043 ordinationem
1026 2977 1157 3032 licet
1219 2973 1478 3043 episcopo
1526 2984 1650 3025 cum
1698 2966 1920 3039 propria
1983 2979 2154 3020 uxore

2271 2967 2464 3035 ἔξεστιν
2488 2965 2773 3035 ἐπισκόπῳ
2805 2966 3071 3017 συνοικεῖν
3094 2965 3159 3032 τῇ
3186 2962 3292 3032 ἰδίᾳ
3317 2961 3558 3028 γυναικὶ,
3583 2960 3616 3030 ἦ
3646 2957 3842 3020 ἁπλῶς

567 3077 849 3150 habitare,
887 3078 983 3124 aut
1012 3068 1234 3123 omnino
1265 3064 1550 3119 mulierem
1594 3062 1646 3116 in
1672 3059 1965 3129 episcopali
1991 3059 2154 3113 domo

2271 3061 2491 3129 Γυναῖκα
2526 3052 2665 3111 εἶναι
2695 3059 2754 3110 ὲν
2790 3055 2867 3126 τῷ
2893 3055 3257 3122 ὲπισκοπείῳ,
3302 3051 3424 3105 ἐπεὶ
3453 3051 3834 3118 καθαιρεῖται·

575 3167 829 3233 versari;
880 3161 1080 3232 alioqui
1149 3160 1319 3230 gradu
1372 3156 1626 3225 dejicitur
1671 3172 1687 3209 :

1735 3167 1924 3215 verum
1963 3160 2154 3222 neque
2179 3141 2222 3156 ν
2254 3152 2368 3207 ἀλλ’
2413 3150 2535 3204 οὐδὲ
2584 3148 2842 3218 εὐνοῦχον
2879 3146 3030 3217 ἔχειν
3061 3145 3435 3208 συνείσακτον,
3482 3141 3603 3194 ἐπεὶ
3639 3141 3838 3208 ἀφορί-

576 3232 884 3319 emmchum
927 3255 1130 3311 habere
1158 3247 1629 3305 subintroductum
1652 3287 1667 3312 ,
1705 3243 1942 3314 alioquin
1971 3257 2155 3314 segre-

2271 3248 2427 3310 ξεται,
2465 3242 2625 3312 εῖπερ
2656 3241 2776 3295 ἐστὶ
2803 3239 2991 3302 λαῖκός
3014 3254 3029 3269 °
3064 3239 3113 3299 εί
3152 3237 3208 3289 δὲ
3255 3235 3573 3306 ἱερωμένος,
3609 3233 3705 3286 καὶ
3733 3232 3838 3285 αύ-

576 3362 757 3426 gatur,
805 3349 852 3404 si
896 3346 1067 3401 laicus
1107 3345 1178 3397 sit
1215 3359 1230 3396 :
1266 3341 1312 3394 si
1350 3351 1478 3392 vero
1527 3337 1700 3392 sacris
1735 3335 2006 3400 addictus,
2040 3335 2155 3404 ipse

2271 3338 2344 3401 πὸς
2369 3337 2744 3409 καθαιρεῖται.

575 3447 740 3502 etiam
770 3439 1081 3511 deponitur.

647 3535 848 3606 Synodi
880 3532 1112 3586 Nicena:
1137 3540 1310 3583 canon
1347 3526 1402 3580 3.

652 3623 857 3696 Synodi
892 3623 1196 3689 Ancyranae
1225 3628 1400 3671 canon
1434 3612 1521 3667 19.

648 3715 852 3789 Syttodi
888 3712 955 3769 Vl
987 3725 1160 3766 canon
1192 3710 1258 3764 19
1293 3719 1350 3761 et
1382 3705 1470 3759 48.

649 3805 848 3879 Synodi
887 3803 974 3857 Vll
1009 3814 1184 3856 canon
1219 3799 1307 3854 18.

649 3900 832 3956 Sancti
865 3894 1049 3948 Basilii
1081 3908 1254 3945 canon
1310 3890 1402 3943 87.

649 3991 806 4059 Legis
829 3997 1012 4058 caput,
1050 3984 1102 4044 5.
1132 3984 1223 4048 7|,
1262 3981 1352 4036 72.

609 4118 612 4125 υ
653 4097 773 4150 103.
816 4089 1224 4153 .‘llouasterium,
1257 4097 1346 4140 aut
1377 4086 1538 4139 aliam
1567 4083 1876 4154 religiosam
1912 4082 2148 4145 domum,

579 4198 674 4246 aut
705 4184 1077 4242 nosocomium
1113 4195 1218 4234 non
1254 4192 1376 4232 esse
1421 4176 1793 4230 aediﬁcandum
1832 4174 1950 4228 sine
1981 4173 2160 4249 regio-_

580 4282 669 4335 nis
713 4275 951 4346 episcopi
993 4269 1350 4341 permissione
1383 4267 1637 4335 illiusque
1665 4265 1892 4319 consilio
1938 4274 1994 4318 et
2019 4278 2152 4317 con-

579 4384 765 4432 sensu,
803 4366 921 4419 licet
983 4377 1049 4417 ex
1094 4368 1420 4414 testamento
1471 4353 2013 4424 aliquidlmjusmodi
2054 4367 2154 4422 pm

2329 3527 2558 3582 Συνόδου
2588 3526 2826 3589 Νικαίας
2863 3524 3045 3578 κανὼν
3074 3523 3145 3592 γ’.

2330 3618 2562 3671 Συνόδου
2606 3616 2885 3687 Ἀγκύρας
2911 3615 3091 3668 κανὼν
3124 3614 3212 3668 ιθ⁸.

2330 3709 2553 3762 Συνόδου
2584 3706 2634 3772 ς’
2657 3705 2838 3762 κανὼν
2865 3703 2931 3760 ιθ¹
2959 3706 3055 3760 καὶ
3086 3705 3199 3777 μη’.

2323 3799 2551 3853 Συνόδου
2589 3799 2634 3864 ξ’
2665 3797 2846 3851 κανὼν
2895 3805 2991 3867 ιη’.

2323 3893 2434 3947 Τοῦ
2464 3893 2620 3962 ἁγίου
2651 3891 2933 3946 Βασιλείου
2962 3891 3144 3945 κανὼν
3174 3890 3284 3955 πζν.

2329 3986 2440 4038 Καὶ
2461 3985 2684 4054 νομικὸν
2708 3984 3007 4053 κεφάλαιον
3040 3988 3102 4047 ε’,
3134 3983 3237 4046 οα’,
3270 3983 3371 4053 οβ’.

2333 4075 2434 4146 ργῖ
2464 4076 2590 4128 Ὀτι
2651 4076 2712 4128 οὖ
2767 4075 2849 4128 δεῖ
2899 4077 3264 4146 μοναστήριον
3319 4073 3739 4144 οἰκοδομεῖσθαι,
3801 4074 3840 4144 ἢ

2256 4170 2446 4244 ἕτερον
2474 4167 2648 4236 εὐαγῆ
2675 4163 2850 4230 οἷκον,
2882 4168 2914 4233 ἢ
2963 4168 3340 4237 νοσοκομεῖον,
3371 4167 3542 4236 χωρὶς
3594 4183 3838 4237 προτρο-

2261 4261 2369 4330 πῆς
2395 4260 2490 4312 τοῦ
2523 4259 2667 4311 κατά
2701 4259 2885 4328 χώραν
2924 4256 3254 4327 ἀρχιερέως,
3303 4257 3400 4310 καὶ
3473 4257 3574 4325 τῆς
3642 4257 3841 4310 τούτου

2262 4352 2460 4421 βουλῆς
2495 4367 2554 4402 τε
2591 4351 2685 4403 καὶ
2743 4350 3104 4410 συναινέσεως
3129 4365 3145 4382 ο
3196 4349 3302 4401 κᾶν
3338 4336 3403 4401 ἐκ
3458 4349 3725 4419 διαθήκης
3782 4367 3837 4402 τι

582 4460 762 4515 anima
791 4455 908 4509 ﬁeri
938 4451 1273 4520 supplicetur
1299 4465 1312 4501 :
1352 4448 1646 4501 monachos
1678 4460 1804 4499 vero
1834 4446 1936 4497 sub
1982 4443 2152 4512 ipsius

2271 4444 2498 4498 ιοιοῦτον
2523 4445 2867 4511 προτραπείη
2891 4442 3143 4509 γενέσθαι
3170 4443 3311 4514 ὑπὲρ
3339 4442 3519 4511 ψυχῆς
3540 4456 3553 4471 ’
3589 4443 3685 4494 καὶ
3710 4443 3839 4504 τοὺς

581 4549 802 4607 dimcesi
838 4548 1091 4613 degentes
1123 4543 1170 4596 ei
1203 4540 1423 4594 obedire
1472 4547 1750 4606 oportere,
1797 4536 2049 4590 nimirum
2100 4536 2153 4588 in

581 4639 976 4712 spiritualibus.
1033 4634 1287 4688 Actiones
1326 4630 1673 4700 pecuniarias
1730 4628 2007 4684 tricesimo
2064 4637 2157 4680 aut

571 4711 998 4802 quadragesimo
1048 4739 1191 4778 anno
1243 4722 1543 4775 terminari.
1604 4719 1929 4774 Monasteria
1991 4717 2156 4772 semel

581 4832 894 4879 consecrata
929 4833 1033 4870 non
1069 4829 1225 4880 posse
1257 4813 1372 4868 lieri
1405 4811 1684 4866 saecularia
1739 4809 2061 4871 diversoria,
2095 4822 2158 4859 ac

581 4912 890 4982 pratfectum
921 4907 1115 4959 debere
1148 4904 1200 4957 in
1235 4901 1566 4956 monasterio
1599 4915 1698 4954 suo
1722 4898 2153 4967 dispensatorem

581 5004 944 5067 constituere;
981 5000 1124 5067 quod
1166 4998 1211 5050 si
1249 4998 1349 5050 hoc
1385 5003 1621 5058 recuset,
1657 4993 1940 5062 episcopus
1977 4990 2156 5043 faciat-

582 5097 764 5164 Neque
805 5106 986 5146 veroa
1017 5103 1289 5158 quoquam
1342 5086 1563 5139 omnino
1620 5082 1975 5138 saecularibus
2026 5081 2156 5135 viris

581 5185 964 5240 monasterium
993 5179 1192 5235 elocari
1218 5196 1235 5244 ;
1266 5179 1357 5247 Qui
1383 5179 1526 5232 enim
1564 5179 1663 5229 hoc
1696 5174 1844 5239 facit,
1875 5173 2157 5227 canonicis

578 5279 752 5349 pmnis
801 5277 1102 5342 subjicitur.
1146 5274 1279 5328 Item
1346 5287 1448 5325 non
1501 5279 1754 5338 Oportere
1804 5267 1916 5320 ﬁeri
1959 5265 2154 5330 duplex

580 5369 966 5423 monasterium
992 5368 1229 5420 virorum
1259 5374 1312 5418 et
1342 5362 1627 5415 mulierum
1655 5377 1670 5425 ;
1695 5372 1867 5428 neque
1905 5357 2157 5412 mulieres

580 5463 634 5516 in
668 5463 908 5515 virorum
938 5457 1270 5513 monasterio
1306 5456 1522 5523 degere.
1557 5452 1669 5506 Non
1704 5459 1958 5520 oportere
1995 5449 2157 5519 quid-

580 5567 742 5618 quam
787 5552 852 5603 ad
899 5547 1284 5603 mooasterium
1337 5545 1616 5613 pertinens
1677 5542 1924 5608 alienari,
1987 5553 2159 5608 neque

581 5644 708 5694 dare
738 5641 1169 5693 renuntiationcs
1203 5645 1293 5688 aut
1329 5634 1615 5701 accipere;
1649 5633 1906 5700 quoniam
1933 5630 2026 5696 qui
2058 5631 2159 5682 hoc

581 5731 732 5794 tncit,
761 5730 875 5783 sive
899 5730 1204 5797 parret-tus,
1243 5726 1358 5781 sire
1401 5725 1706 5796 episcopus,
1741 5730 1834 5776 aut
1865 5720 1985 5790 quis
2015 5721 2157 5774 sacri

2259 4537 2365 4590 ὑπὸ
2392 4535 2490 4605 τὴν
2513 4533 2727 4604 ἐνορίαν
2749 4533 2804 4585 δὲ
2829 4532 2996 4586 αὐτοῦ
3035 4535 3301 4603 μοναχοὺς
3331 4533 3483 4602 αὺτῴ
3538 4533 3619 4585 δεῖ
3681 4533 3838 4584 ὑπεί-

2259 4648 2396 4695 κειν,
2427 4633 2484 4681 ἐν
2533 4629 2644 4690 τοῖς
2703 4630 3092 4694 πνευματικοῖς
3157 4626 3428 4694 δηλονότι.
3491 4626 3602 4679 Καὶ
3651 4628 3736 4681 ὅτι
3805 4629 3841 4695 ἡ

2259 4718 2706 4791 τριακονταετια,
2743 4717 2778 4787 ἢ
2809 4719 2844 4790 ἡ
2892 4718 3430 4788 τεσσαρακονταετία
3499 4718 3672 4770 κλείει
3736 4720 3839 4780 τὰς

2260 4810 2610 4884 χρηματικὰς
2649 4811 2892 4876 ἀγωγάς.
2957 4810 3066 4862 Καὶ
3113 4809 3193 4860 ὅτι
3238 4809 3307 4862 τὰ
3361 4808 3510 4872 ἅπαξ
3564 4807 3840 4878 καθιερω·

2261 4906 2420 4958 θέντα
2451 4901 2799 4969 μοναστήρια
2853 4900 2915 4952 οὐ
2980 4899 3237 4953 δύνανται
3286 4901 3540 4964 γενέσθαι
3592 4899 3840 4968 κοσμικά

2260 4993 2581 5061 καταγώγια
2609 5007 2620 5018 ·
2658 4995 2755 5044 καὶ
2784 4992 2866 5045 ὅτι
2900 4986 3184 5057 οἰκονόμον
3206 4991 3234 5041 ὁ
3262 4988 3570 5060 ἡγούμενος
3626 4990 3837 5058 ὀφείλει

2259 5085 2437 5137 ποιεῖν
2459 5083 2518 5134 ὲν
2544 5080 2624 5151 τῷ
2651 5081 3002 5150 μοναστηρίῳ
3035 5080 3236 5132 αὑτοῦ·
3275 5081 3324 5132 εί
3362 5081 3420 5133 δὲ
3473 5082 3573 5150 μὴ,
3623 5080 3652 5133 ὁ
3714 5074 3839 5132 trif-

2263 5190 2491 5237 σκοπος,
2511 5172 2737 5225 ποιείτω
2765 5170 3120 5235 ἀπειθοῦντος
3141 5170 3508 5242 αὑτοῦ.Μήτε
3537 5171 3727 5225 sum
3755 5189 3838 5226 τι-

2259 5281 2348 5326 νος
2368 5262 2475 5316 τῶν
2525 5262 2784 5315 ἁπάντων
2843 5264 3134 5326 κοσμικοῖς
3189 5262 3414 5332 ἀνδράσι
3473 5263 3838 5333 μοναστήριον

2259 5356 2544 5424 ἐκδοθῆναι
2574 5371 2589 5384 ’
2613 5354 2642 5404 ό
2679 5353 2786 5423 γὰρ
2815 5352 2958 5406 οὕτω
2992 5354 3183 5416 ποιῶν,
3202 5354 3498 5422 ἐπιτιμίοις
3519 5357 3836 5422 κανοιθικοῖς

2262 5445 2653 5498 ὑποϐάλλεται.
2698 5443 2808 5495 Καὶ
2838 5445 3002 5496 ὅτιού
3047 5445 3131 5497 δεῖ
3178 5445 3421 5512 γίνεσθαι
3463 5444 3687 5498 διπλοῦν
3733 5463 3833 5514 μοι

2259 5536 2552 5606 νασῖήριον
2582 5535 2791 5603 ἀνδρῶν
2856 5537 2950 5588 καὶ
2995 5537 3272 5603 γυναικῶν
3300 5554 3314 5567 ο
3363 5537 3458 5590 καὶ
3512 5536 3594 5588 ὅτι
3645 5536 3706 5588 οὐ
3752 5535 3836 5588 δεῖ

2260 5627 2626 5680 ἐνδιαιτᾶσθαι
2657 5629 2926 5693 γυναῖκας
2955 5629 3012 5680 ὲν
3039 5629 3389 5698 μοναστηρῖῳ
3436 5627 3683 5697 ἀνδρῴῳ.
3719 5626 3836 5678 Καὶ

2263 5722 2341 5772 ὅτι
2382 5721 2440 5772 οὐ
2498 5719 2579 5770 δεῖ
2628 5719 2966 5774 ἐκποιεῖσοαί
3017 5737 3068 5772 τι
3115 5721 3226 5774 τῶν
3290 5721 3384 5774 τοῦ
3425 5719 3831 5790 μοναστῃρίου·
