  <div class='ocr_page' id='page_1' title='image "/cluster/home/n/w/nwhite01/storage/ocr_20150623/133/pst.000005714490/033.png"; bbox 0 0 4010 6336; ppageno 0'>
   <div class='ocr_carea' id='block_1_1' title="bbox 597 347 3836 414">
    <p class='ocr_par' dir='ltr' id='par_1_1' title="bbox 597 347 3836 414">
     <span class='ocr_line' id='line_1_1' title="bbox 597 347 3836 414; baseline -0.002 -6"><span class='ocrx_word' id='word_1_1' title='bbox 597 347 665 408; x_wconf 74' lang='grc'><strong>47</strong></span> <span class='ocrx_word' id='word_1_2' title='bbox 1754 394 1758 398; x_wconf 93' lang='grc'><strong>.</strong></span> <span class='ocrx_word' id='word_1_3' title='bbox 1867 347 2183 406; x_wconf 71' lang='lat' dir='ltr'><strong>ARSENH</strong></span> <span class='ocrx_word' id='word_1_4' title='bbox 2225 347 2569 407; x_wconf 72' lang='lat' dir='ltr'><strong>MONACIII</strong></span> <span class='ocrx_word' id='word_1_5' title='bbox 3757 350 3836 414; x_wconf 57' lang='lat'><strong>58</strong></span> 
     </span>
    </p>
   </div>
   <div class='ocr_carea' id='block_1_2' title="bbox 598 459 2176 534">
    <p class='ocr_par' dir='ltr' id='par_1_2' title="bbox 598 459 2164 528">
     <span class='ocr_line' id='line_1_2' title="bbox 598 459 2164 528; baseline -0.002 -12"><span class='ocrx_word' id='word_1_6' title='bbox 598 461 905 516; x_wconf 79' lang='lat' dir='ltr'><strong>testimoiiio</strong></span> <span class='ocrx_word' id='word_1_7' title='bbox 936 459 1314 528; x_wconf 72' lang='lat' dir='ltr'><strong>comprobatus</strong></span> <span class='ocrx_word' id='word_1_8' title='bbox 1345 477 1356 512; x_wconf 90' lang='lat'>:</span> <span class='ocrx_word' id='word_1_9' title='bbox 1390 459 1473 514; x_wconf 85' lang='lat' dir='ltr'><strong>his</strong></span> <span class='ocrx_word' id='word_1_10' title='bbox 1508 461 1649 514; x_wconf 89' lang='lat' dir='ltr'><strong>enim</strong></span> <span class='ocrx_word' id='word_1_11' title='bbox 1685 461 1848 514; x_wconf 88' lang='lat' dir='ltr'><strong>etiam</strong></span> <span class='ocrx_word' id='word_1_12' title='bbox 1902 472 2164 516; x_wconf 79' lang='lat' dir='ltr'><strong>semestre</strong></span> 
     </span>
    </p>
   </div>
   <div class='ocr_carea' id='block_1_3' title="bbox 2289 459 3842 534">
    <p class='ocr_par' dir='ltr' id='par_1_3' title="bbox 2289 461 3842 534">
     <span class='ocr_line' id='line_1_3' title="bbox 2289 461 3842 534; baseline 0.003 -22"><span class='ocrx_word' id='word_1_13' title='bbox 2289 461 2479 533; x_wconf 83' lang='grc' dir='ltr'>ιότητα</span> <span class='ocrx_word' id='word_1_14' title='bbox 2508 478 2521 491; x_wconf 90' lang='grc'><strong>·</strong></span> <span class='ocrx_word' id='word_1_15' title='bbox 2569 461 2743 530; x_wconf 79' lang='grc' dir='ltr'>τούτῳ</span> <span class='ocrx_word' id='word_1_16' title='bbox 2775 461 2882 532; x_wconf 74' lang='grc' dir='ltr'><strong>γὰρ</strong></span> <span class='ocrx_word' id='word_1_17' title='bbox 2906 464 3000 516; x_wconf 70' lang='grc' dir='ltr'>καὶ</span> <span class='ocrx_word' id='word_1_18' title='bbox 3022 463 3050 516; x_wconf 82' lang='grc' dir='ltr'><em>ὁ</em></span> <span class='ocrx_word' id='word_1_19' title='bbox 3072 462 3428 534; x_wconf 78' lang='grc' dir='ltr'>ἑξαμηνιαῖος</span> <span class='ocrx_word' id='word_1_20' title='bbox 3450 462 3638 533; x_wconf 83' lang='grc' dir='ltr'>χρόνος</span> <span class='ocrx_word' id='word_1_21' title='bbox 3670 463 3842 532; x_wconf 72' lang='grc' dir='ltr'>ἀρκεῖ</span> 
     </span>
    </p>
   </div>
   <div class='ocr_carea' id='block_1_4' title="bbox 600 551 2160 621">
    <p class='ocr_par' dir='ltr' id='par_1_4' title="bbox 600 551 2160 621">
     <span class='ocr_line' id='line_1_4' title="bbox 600 551 2160 621; baseline -0.001 -16"><span class='ocrx_word' id='word_1_22' title='bbox 600 564 807 621; x_wconf 86' lang='lat' dir='ltr'><strong>tempus</strong></span> <span class='ocrx_word' id='word_1_23' title='bbox 833 551 898 605; x_wconf 82' lang='lat' dir='ltr'><strong>ad</strong></span> <span class='ocrx_word' id='word_1_24' title='bbox 933 564 1211 605; x_wconf 79' lang='lat' dir='ltr'><strong>tonsuram</strong></span> <span class='ocrx_word' id='word_1_25' title='bbox 1244 551 1458 605; x_wconf 73' lang='lat' dir='ltr'><strong>suﬂicit.</strong></span> <span class='ocrx_word' id='word_1_26' title='bbox 1490 551 1784 606; x_wconf 69' lang='lat' dir='ltr'><strong>Prmfectns</strong></span> <span class='ocrx_word' id='word_1_27' title='bbox 1814 560 1993 606; x_wconf 88' lang='lat' dir='ltr'><strong>autem</strong></span> <span class='ocrx_word' id='word_1_28' title='bbox 2031 565 2160 606; x_wconf 89' lang='lat' dir='ltr'><strong>con-</strong></span> 
     </span>
    </p>
   </div>
   <div class='ocr_carea' id='block_1_5' title="bbox 600 644 1699 714">
    <p class='ocr_par' dir='ltr' id='par_1_5' title="bbox 600 644 1699 714">
     <span class='ocr_line' id='line_1_5' title="bbox 600 644 1699 714; baseline -0.002 -15"><span class='ocrx_word' id='word_1_29' title='bbox 600 658 676 699; x_wconf 90' lang='lat' dir='ltr'><strong>tra</strong></span> <span class='ocrx_word' id='word_1_30' title='bbox 705 648 817 699; x_wconf 63' lang='lat' dir='ltr'><strong>haec</strong></span> <span class='ocrx_word' id='word_1_31' title='bbox 848 644 1082 708; x_wconf 79' lang='lat' dir='ltr'><strong>faciens,</strong></span> <span class='ocrx_word' id='word_1_32' title='bbox 1115 645 1435 712; x_wconf 62' lang='lat' dir='ltr'><strong>prtefcctura</strong></span> <span class='ocrx_word' id='word_1_33' title='bbox 1466 645 1699 714; x_wconf 76' lang='lat' dir='ltr'><strong>eiicitur.</strong></span> 
     </span>
    </p>
   </div>
   <div class='ocr_carea' id='block_1_6' title="bbox 669 733 2158 811">
    <p class='ocr_par' dir='ltr' id='par_1_6' title="bbox 669 733 2158 811">
     <span class='ocr_line' id='line_1_6' title="bbox 669 733 2158 811; baseline -0.005 -17"><span class='ocrx_word' id='word_1_34' title='bbox 669 740 870 811; x_wconf 80' lang='lat' dir='ltr'><strong>Synodi</strong></span> <span class='ocrx_word' id='word_1_35' title='bbox 906 739 956 792; x_wconf 93' lang='lat' dir='ltr'><strong>in</strong></span> <span class='ocrx_word' id='word_1_36' title='bbox 989 738 1190 806; x_wconf 72' lang='lat' dir='ltr'><strong>templo</strong></span> <span class='ocrx_word' id='word_1_37' title='bbox 1228 738 1550 792; x_wconf 83' lang='lat' dir='ltr'><strong>Sanctorum</strong></span> <span class='ocrx_word' id='word_1_38' title='bbox 1595 735 1972 805; x_wconf 75' lang='lat' dir='ltr'><strong>Apostolorum</strong></span> <span class='ocrx_word' id='word_1_39' title='bbox 2014 733 2158 789; x_wconf 87' lang='lat' dir='ltr'><strong>cele-</strong></span> 
     </span>
    </p>
   </div>
   <div class='ocr_carea' id='block_1_7' title="bbox 602 830 1185 887">
    <p class='ocr_par' dir='ltr' id='par_1_7' title="bbox 602 830 1185 887">
     <span class='ocr_line' id='line_1_7' title="bbox 602 830 1185 887; baseline -0.007 -1"><span class='ocrx_word' id='word_1_40' title='bbox 602 836 765 887; x_wconf 74' lang='lat' dir='ltr'><strong>brata:</strong></span> <span class='ocrx_word' id='word_1_41' title='bbox 794 847 962 886; x_wconf 81' lang='lat' dir='ltr'><strong>canon</strong></span> <span class='ocrx_word' id='word_1_42' title='bbox 989 831 1022 884; x_wconf 76' lang='lat'><strong>2</strong></span> <span class='ocrx_word' id='word_1_43' title='bbox 1055 839 1109 883; x_wconf 88' lang='lat' dir='ltr'><strong>et</strong></span> <span class='ocrx_word' id='word_1_44' title='bbox 1135 830 1185 884; x_wconf 88' lang='grc'><strong>5.</strong></span> 
     </span>
    </p>
   </div>
   <div class='ocr_carea' id='block_1_8' title="bbox 668 916 1283 988">
    <p class='ocr_par' dir='ltr' id='par_1_8' title="bbox 668 916 1283 988">
     <span class='ocr_line' id='line_1_8' title="bbox 668 916 1283 988; baseline -0.013 -14"><span class='ocrx_word' id='word_1_45' title='bbox 668 919 826 988; x_wconf 82' lang='lat' dir='ltr'><strong>chis</strong></span> <span class='ocrx_word' id='word_1_46' title='bbox 854 929 1015 988; x_wconf 89' lang='lat' dir='ltr'><strong>caput</strong></span> <span class='ocrx_word' id='word_1_47' title='bbox 1051 917 1080 968; x_wconf 88' lang='grc'>7</span> <span class='ocrx_word' id='word_1_48' title='bbox 1107 928 1161 971; x_wconf 86' lang='lat' dir='ltr'><strong>et</strong></span> <span class='ocrx_word' id='word_1_49' title='bbox 1193 916 1283 969; x_wconf 84' lang='lat'><strong>77.</strong></span> 
     </span>
    </p>
   </div>
   <div class='ocr_carea' id='block_1_9' title="bbox 676 1003 2162 1079">
    <p class='ocr_par' dir='ltr' id='par_1_9' title="bbox 676 1003 2162 1079">
     <span class='ocr_line' id='line_1_9' title="bbox 676 1003 2162 1079; baseline -0.003 -17"><span class='ocrx_word' id='word_1_50' title='bbox 676 1012 795 1062; x_wconf 75' lang='grc'><strong>107.</strong></span> <span class='ocrx_word' id='word_1_51' title='bbox 851 1007 1116 1079; x_wconf 87' lang='lat' dir='ltr'><strong>Oportere</strong></span> <span class='ocrx_word' id='word_1_52' title='bbox 1179 1021 1274 1061; x_wconf 91' lang='lat' dir='ltr'><strong>cos</strong></span> <span class='ocrx_word' id='word_1_53' title='bbox 1321 1007 1410 1075; x_wconf 87' lang='lat' dir='ltr'><strong>qui</strong></span> <span class='ocrx_word' id='word_1_54' title='bbox 1469 1005 1521 1059; x_wconf 91' lang='lat' dir='ltr'><strong>in</strong></span> <span class='ocrx_word' id='word_1_55' title='bbox 1572 1007 1809 1060; x_wconf 89' lang='lat' dir='ltr'><strong>claustra</strong></span> <span class='ocrx_word' id='word_1_56' title='bbox 1866 1003 2162 1074; x_wconf 87' lang='lat' dir='ltr'><strong>ingressuri</strong></span> 
     </span>
    </p>
   </div>
   <div class='ocr_carea' id='block_1_10' title="bbox 604 1094 2163 1168">
    <p class='ocr_par' dir='ltr' id='par_1_10' title="bbox 604 1094 2163 1168">
     <span class='ocr_line' id='line_1_10' title="bbox 604 1094 2163 1168; baseline -0.004 -14"><span class='ocrx_word' id='word_1_57' title='bbox 604 1110 747 1166; x_wconf 88' lang='lat' dir='ltr'><strong>sunt,</strong></span> <span class='ocrx_word' id='word_1_58' title='bbox 782 1101 931 1168; x_wconf 84' lang='lat' dir='ltr'><strong>prius</strong></span> <span class='ocrx_word' id='word_1_59' title='bbox 985 1102 1036 1152; x_wconf 91' lang='lat' dir='ltr'><strong>in</strong></span> <span class='ocrx_word' id='word_1_60' title='bbox 1089 1098 1418 1152; x_wconf 81' lang='lat' dir='ltr'><strong>monaSIerio</strong></span> <span class='ocrx_word' id='word_1_61' title='bbox 1464 1106 1518 1151; x_wconf 92' lang='lat' dir='ltr'><strong>et</strong></span> <span class='ocrx_word' id='word_1_62' title='bbox 1567 1095 1807 1165; x_wconf 78' lang='lat' dir='ltr'><strong>perfecta</strong></span> <span class='ocrx_word' id='word_1_63' title='bbox 1857 1094 2163 1150; x_wconf 89' lang='lat' dir='ltr'><strong>obcdientia</strong></span> 
     </span>
    </p>
   </div>
   <div class='ocr_carea' id='block_1_11' title="bbox 606 1187 2165 1257">
    <p class='ocr_par' dir='ltr' id='par_1_11' title="bbox 606 1187 2165 1257">
     <span class='ocr_line' id='line_1_11' title="bbox 606 1187 2165 1257; baseline -0.004 -11"><span class='ocrx_word' id='word_1_64' title='bbox 606 1206 714 1248; x_wconf 85' lang='lat' dir='ltr'><strong>tres</strong></span> <span class='ocrx_word' id='word_1_65' title='bbox 739 1208 908 1248; x_wconf 81' lang='lat' dir='ltr'><strong>annos</strong></span> <span class='ocrx_word' id='word_1_66' title='bbox 934 1190 1160 1254; x_wconf 87' lang='lat' dir='ltr'><strong>versari,</strong></span> <span class='ocrx_word' id='word_1_67' title='bbox 1189 1189 1386 1243; x_wconf 91' lang='lat' dir='ltr'><strong>deinde</strong></span> <span class='ocrx_word' id='word_1_68' title='bbox 1411 1203 1437 1239; x_wconf 88' lang='lat' dir='ltr'><strong>a</strong></span> <span class='ocrx_word' id='word_1_69' title='bbox 1466 1187 1700 1257; x_wconf 77' lang='lat' dir='ltr'><strong>regionis</strong></span> <span class='ocrx_word' id='word_1_70' title='bbox 1724 1187 1976 1257; x_wconf 86' lang='lat' dir='ltr'><strong>episcopo</strong></span> <span class='ocrx_word' id='word_1_71' title='bbox 2003 1187 2165 1240; x_wconf 85' lang='lat' dir='ltr'><strong>alium</strong></span> 
     </span>
    </p>
   </div>
   <div class='ocr_carea' id='block_1_12' title="bbox 606 1277 2168 1352">
    <p class='ocr_par' dir='ltr' id='par_1_12' title="bbox 606 1277 2168 1352">
     <span class='ocr_line' id='line_1_12' title="bbox 606 1277 2168 1352; baseline -0.004 -17"><span class='ocrx_word' id='word_1_72' title='bbox 606 1300 808 1340; x_wconf 67' lang='grc' dir='ltr'>ιιιιιιιιηι</span> <span class='ocrx_word' id='word_1_73' title='bbox 841 1282 1085 1352; x_wconf 84' lang='lat' dir='ltr'><strong>probari,</strong></span> <span class='ocrx_word' id='word_1_74' title='bbox 1113 1288 1166 1335; x_wconf 93' lang='lat' dir='ltr'><strong>et</strong></span> <span class='ocrx_word' id='word_1_75' title='bbox 1192 1279 1455 1349; x_wconf 84' lang='lat' dir='ltr'><strong>siquidem</strong></span> <span class='ocrx_word' id='word_1_76' title='bbox 1477 1279 1538 1349; x_wconf 45' lang='lat' dir='ltr'><strong>.in</strong></span> <span class='ocrx_word' id='word_1_77' title='bbox 1568 1279 1709 1332; x_wconf 91' lang='lat' dir='ltr'><strong>bono</strong></span> <span class='ocrx_word' id='word_1_78' title='bbox 1737 1277 2016 1348; x_wconf 88' lang='lat' dir='ltr'><strong>proposito</strong></span> <span class='ocrx_word' id='word_1_79' title='bbox 2044 1291 2168 1346; x_wconf 88' lang='lat' dir='ltr'><strong>per-</strong></span> 
     </span>
    </p>
   </div>
   <div class='ocr_carea' id='block_1_13' title="bbox 610 1367 2169 1439">
    <p class='ocr_par' dir='ltr' id='par_1_13' title="bbox 610 1367 2169 1439">
     <span class='ocr_line' id='line_1_13' title="bbox 610 1367 2169 1439; baseline -0.004 -13"><span class='ocrx_word' id='word_1_80' title='bbox 610 1381 842 1436; x_wconf 90' lang='lat' dir='ltr'><strong>maneat,</strong></span> <span class='ocrx_word' id='word_1_81' title='bbox 869 1375 1038 1439; x_wconf 91' lang='lat' dir='ltr'><strong>ipsum</strong></span> <span class='ocrx_word' id='word_1_82' title='bbox 1069 1369 1383 1424; x_wconf 80' lang='lat' dir='ltr'><strong>includere:</strong></span> <span class='ocrx_word' id='word_1_83' title='bbox 1416 1383 1520 1421; x_wconf 79' lang='lat' dir='ltr'><strong>non</strong></span> <span class='ocrx_word' id='word_1_84' title='bbox 1547 1380 1707 1436; x_wconf 82' lang='lat' dir='ltr'><strong>posse</strong></span> <span class='ocrx_word' id='word_1_85' title='bbox 1729 1380 1860 1421; x_wconf 82' lang='lat' dir='ltr'><strong>vero</strong></span> <span class='ocrx_word' id='word_1_86' title='bbox 1881 1367 2056 1436; x_wconf 89' lang='lat' dir='ltr'><strong>ipsum</strong></span> <span class='ocrx_word' id='word_1_87' title='bbox 2075 1380 2169 1433; x_wconf 89' lang='lat' dir='ltr'><strong>po-</strong></span> 
     </span>
    </p>
   </div>
   <div class='ocr_carea' id='block_1_14' title="bbox 608 1457 2168 1533">
    <p class='ocr_par' dir='ltr' id='par_1_14' title="bbox 608 1457 2168 1533">
     <span class='ocr_line' id='line_1_14' title="bbox 608 1457 2168 1533; baseline -0.006 -14"><span class='ocrx_word' id='word_1_88' title='bbox 608 1475 1070 1533; x_wconf 84' lang='lat' dir='ltr'><strong>steaquocunque</strong></span> <span class='ocrx_word' id='word_1_89' title='bbox 1102 1460 1258 1514; x_wconf 88' lang='lat' dir='ltr'><strong>modo</strong></span> <span class='ocrx_word' id='word_1_90' title='bbox 1300 1459 1534 1513; x_wconf 87' lang='lat' dir='ltr'><strong>claustro</strong></span> <span class='ocrx_word' id='word_1_91' title='bbox 1563 1457 1743 1526; x_wconf 80' lang='lat' dir='ltr'><strong>egredi</strong></span> <span class='ocrx_word' id='word_1_92' title='bbox 1777 1459 1894 1512; x_wconf 89' lang='lat' dir='ltr'><strong>sine</strong></span> <span class='ocrx_word' id='word_1_93' title='bbox 1934 1457 2168 1526; x_wconf 78' lang='lat' dir='ltr'><strong>episcopi</strong></span> 
     </span>
    </p>
   </div>
   <div class='ocr_carea' id='block_1_15' title="bbox 608 1548 2168 1620">
    <p class='ocr_par' dir='ltr' id='par_1_15' title="bbox 608 1548 2168 1620">
     <span class='ocr_line' id='line_1_15' title="bbox 608 1548 2168 1620; baseline -0.007 -9"><span class='ocrx_word' id='word_1_94' title='bbox 608 1571 898 1611; x_wconf 89' lang='lat' dir='ltr'><strong>consensu.</strong></span> <span class='ocrx_word' id='word_1_95' title='bbox 931 1554 1058 1606; x_wconf 91' lang='lat' dir='ltr'><strong>Item</strong></span> <span class='ocrx_word' id='word_1_96' title='bbox 1082 1565 1174 1605; x_wconf 90' lang='lat' dir='ltr'><strong>eos</strong></span> <span class='ocrx_word' id='word_1_97' title='bbox 1195 1550 1286 1620; x_wconf 87' lang='lat' dir='ltr'><strong>qui</strong></span> <span class='ocrx_word' id='word_1_98' title='bbox 1311 1548 1550 1603; x_wconf 86' lang='lat' dir='ltr'><strong>solitario</strong></span> <span class='ocrx_word' id='word_1_99' title='bbox 1572 1549 1986 1602; x_wconf 76' lang='lat' dir='ltr'><strong>convenientem</strong></span> <span class='ocrx_word' id='word_1_100' title='bbox 2001 1548 2168 1602; x_wconf 82' lang='lat' dir='ltr'><strong>habi-</strong></span> 
     </span>
    </p>
   </div>
   <div class='ocr_carea' id='block_1_16' title="bbox 611 1636 2171 1707">
    <p class='ocr_par' dir='ltr' id='par_1_16' title="bbox 611 1636 2171 1707">
     <span class='ocr_line' id='line_1_16' title="bbox 611 1636 2171 1707; baseline -0.006 -7"><span class='ocrx_word' id='word_1_101' title='bbox 611 1658 719 1700; x_wconf 88' lang='lat' dir='ltr'><strong>tum</strong></span> <span class='ocrx_word' id='word_1_102' title='bbox 738 1646 1046 1704; x_wconf 88' lang='lat' dir='ltr'><strong>induerunt,</strong></span> <span class='ocrx_word' id='word_1_103' title='bbox 1066 1652 1120 1695; x_wconf 92' lang='lat' dir='ltr'><strong>et</strong></span> <span class='ocrx_word' id='word_1_104' title='bbox 1140 1641 1314 1707; x_wconf 85' lang='lat' dir='ltr'><strong>capita</strong></span> <span class='ocrx_word' id='word_1_105' title='bbox 1341 1639 1707 1700; x_wconf 84' lang='lat' dir='ltr'><strong>tetenderunt,</strong></span> <span class='ocrx_word' id='word_1_106' title='bbox 1747 1651 1852 1690; x_wconf 91' lang='lat' dir='ltr'><strong>non</strong></span> <span class='ocrx_word' id='word_1_107' title='bbox 1892 1636 2060 1691; x_wconf 84' lang='lat' dir='ltr'><strong>licere</strong></span> <span class='ocrx_word' id='word_1_108' title='bbox 2077 1650 2171 1707; x_wconf 88' lang='lat' dir='ltr'><strong>per</strong></span> 
     </span>
    </p>
   </div>
   <div class='ocr_carea' id='block_1_17' title="bbox 609 1728 2174 1804">
    <p class='ocr_par' dir='ltr' id='par_1_17' title="bbox 609 1728 2174 1804">
     <span class='ocr_line' id='line_1_17' title="bbox 609 1728 2174 1804; baseline -0.006 -13"><span class='ocrx_word' id='word_1_109' title='bbox 609 1739 794 1793; x_wconf 85' lang='lat' dir='ltr'><strong>urbem</strong></span> <span class='ocrx_word' id='word_1_110' title='bbox 821 1736 997 1804; x_wconf 82' lang='lat' dir='ltr'><strong>vagari</strong></span> <span class='ocrx_word' id='word_1_111' title='bbox 1023 1750 1038 1799; x_wconf 90' lang='lat'><strong>;</strong></span> <span class='ocrx_word' id='word_1_112' title='bbox 1060 1730 1156 1787; x_wconf 88' lang='lat' dir='ltr'><strong>sed</strong></span> <span class='ocrx_word' id='word_1_113' title='bbox 1178 1730 1442 1800; x_wconf 87' lang='lat' dir='ltr'><strong>siquidem</strong></span> <span class='ocrx_word' id='word_1_114' title='bbox 1465 1743 1585 1782; x_wconf 90' lang='lat' dir='ltr'><strong>cum</strong></span> <span class='ocrx_word' id='word_1_115' title='bbox 1618 1728 1922 1783; x_wconf 88' lang='lat' dir='ltr'><strong>hominibus</strong></span> <span class='ocrx_word' id='word_1_116' title='bbox 1943 1741 2064 1783; x_wconf 88' lang='lat' dir='ltr'><strong>esse</strong></span> <span class='ocrx_word' id='word_1_117' title='bbox 2088 1742 2174 1781; x_wconf 79' lang='lat' dir='ltr'><strong>ve-</strong></span> 
     </span>
    </p>
   </div>
   <div class='ocr_carea' id='block_1_18' title="bbox 2267 551 3840 625">
    <p class='ocr_par' dir='ltr' id='par_1_18' title="bbox 2267 551 3840 625">
     <span class='ocr_line' id='line_1_18' title="bbox 2267 551 3840 625; baseline 0.001 -20"><span class='ocrx_word' id='word_1_118' title='bbox 2267 555 2348 616; x_wconf 71' lang='grc' dir='ltr'>εἰς</span> <span class='ocrx_word' id='word_1_119' title='bbox 2380 551 2681 622; x_wconf 85' lang='grc' dir='ltr'>ἀπόκειραν</span> <span class='ocrx_word' id='word_1_120' title='bbox 2702 570 2715 584; x_wconf 76' lang='grc'><strong>⁸</strong></span> <span class='ocrx_word' id='word_1_121' title='bbox 2748 556 2775 606; x_wconf 79' lang='grc' dir='ltr'><strong>ὁ</strong></span> <span class='ocrx_word' id='word_1_122' title='bbox 2795 554 2905 625; x_wconf 80' lang='grc' dir='ltr'><strong>γὰρ</strong></span> <span class='ocrx_word' id='word_1_123' title='bbox 2934 554 3088 623; x_wconf 85' lang='grc' dir='ltr'>παρὰ</span> <span class='ocrx_word' id='word_1_124' title='bbox 3136 554 3314 608; x_wconf 81' lang='grc' dir='ltr'>ταῦτα</span> <span class='ocrx_word' id='word_1_125' title='bbox 3367 555 3538 608; x_wconf 82' lang='grc' dir='ltr'>ποιῶν</span> <span class='ocrx_word' id='word_1_126' title='bbox 3589 555 3840 624; x_wconf 75' lang='grc' dir='ltr'>ἡγούμεο</span> 
     </span>
    </p>
   </div>
   <div class='ocr_carea' id='block_1_19' title="bbox 2269 642 3812 714">
    <p class='ocr_par' dir='ltr' id='par_1_19' title="bbox 2269 642 3812 714">
     <span class='ocr_line' id='line_1_19' title="bbox 2269 642 3812 714; baseline 0.005 -20"><span class='ocrx_word' id='word_1_127' title='bbox 2269 660 2358 705; x_wconf 86' lang='grc' dir='ltr'><strong>νος</strong></span> <span class='ocrx_word' id='word_1_128' title='bbox 2397 642 2717 697; x_wconf 74' lang='grc' dir='ltr'>ἐκϐάλλεται</span> <span class='ocrx_word' id='word_1_129' title='bbox 2747 644 2845 714; x_wconf 81' lang='grc' dir='ltr'>τῆς</span> <span class='ocrx_word' id='word_1_130' title='bbox 2873 646 3226 714; x_wconf 74' lang='grc' dir='ltr'>ἡγουμενίας.</span> <span class='ocrx_word' id='word_1_131' title='bbox 3805 703 3812 707; x_wconf 76' lang='grc'><strong>,</strong></span> 
     </span>
    </p>
   </div>
   <div class='ocr_carea' id='block_1_20' title="bbox 2327 733 3843 806">
    <p class='ocr_par' dir='ltr' id='par_1_20' title="bbox 2327 733 3843 806">
     <span class='ocr_line' id='line_1_20' title="bbox 2327 733 3843 806; baseline 0.001 -21"><span class='ocrx_word' id='word_1_132' title='bbox 2327 733 2554 786; x_wconf 82' lang='grc' dir='ltr'>Συνόδου</span> <span class='ocrx_word' id='word_1_133' title='bbox 2594 736 2650 788; x_wconf 80' lang='grc' dir='ltr'>ὲν</span> <span class='ocrx_word' id='word_1_134' title='bbox 2677 735 2754 804; x_wconf 79' lang='grc' dir='ltr'>τῷ</span> <span class='ocrx_word' id='word_1_135' title='bbox 2785 735 2894 804; x_wconf 88' lang='grc' dir='ltr'>ναῷ</span> <span class='ocrx_word' id='word_1_136' title='bbox 2926 736 3035 789; x_wconf 79' lang='grc' dir='ltr'>τῶν</span> <span class='ocrx_word' id='word_1_137' title='bbox 3078 736 3277 806; x_wconf 79' lang='grc' dir='ltr'>Ἀγίων</span> <span class='ocrx_word' id='word_1_138' title='bbox 3338 735 3678 790; x_wconf 74' lang='grc' dir='ltr'>Ἀποστόλων</span> <span class='ocrx_word' id='word_1_139' title='bbox 3730 749 3843 786; x_wconf 54' lang='grc' dir='ltr'>καθ</span> 
     </span>
    </p>
   </div>
   <div class='ocr_carea' id='block_1_21' title="bbox 2270 824 2660 896">
    <p class='ocr_par' dir='ltr' id='par_1_21' title="bbox 2270 824 2660 896">
     <span class='ocr_line' id='line_1_21' title="bbox 2270 824 2660 896; baseline 0.003 -18"><span class='ocrx_word' id='word_1_140' title='bbox 2270 826 2374 879; x_wconf 79' lang='grc' dir='ltr'>νὼν</span> <span class='ocrx_word' id='word_1_141' title='bbox 2407 824 2450 896; x_wconf 86' lang='grc' dir='ltr'><strong>β’</strong></span> <span class='ocrx_word' id='word_1_142' title='bbox 2479 826 2572 878; x_wconf 78' lang='grc' dir='ltr'>καὶ</span> <span class='ocrx_word' id='word_1_143' title='bbox 2595 824 2660 880; x_wconf 88' lang='grc' dir='ltr'><strong>ε’.</strong></span> 
     </span>
    </p>
   </div>
   <div class='ocr_carea' id='block_1_22' title="bbox 2331 920 3348 990">
    <p class='ocr_par' dir='ltr' id='par_1_22' title="bbox 2331 920 3348 990">
     <span class='ocr_line' id='line_1_22' title="bbox 2331 920 3348 990; baseline 0.004 -19"><span class='ocrx_word' id='word_1_144' title='bbox 2331 921 2442 972; x_wconf 73' lang='grc' dir='ltr'><strong>Καὶ</strong></span> <span class='ocrx_word' id='word_1_145' title='bbox 2483 920 2706 990; x_wconf 78' lang='grc' dir='ltr'>νομικὸν</span> <span class='ocrx_word' id='word_1_146' title='bbox 2735 921 3028 990; x_wconf 83' lang='grc' dir='ltr'>κεφάλαιον</span> <span class='ocrx_word' id='word_1_147' title='bbox 3067 924 3112 986; x_wconf 80' lang='grc' dir='ltr'><strong>ζ’</strong></span> <span class='ocrx_word' id='word_1_148' title='bbox 3133 922 3227 975; x_wconf 75' lang='grc' dir='ltr'>καὶ</span> <span class='ocrx_word' id='word_1_149' title='bbox 3251 923 3348 985; x_wconf 77' lang='grc' dir='ltr'><strong>οζ’.</strong></span> 
     </span>
    </p>
   </div>
   <div class='ocr_carea' id='block_1_23' title="bbox 2329 1009 3844 1081">
    <p class='ocr_par' dir='ltr' id='par_1_23' title="bbox 2329 1009 3844 1081">
     <span class='ocr_line' id='line_1_23' title="bbox 2329 1009 3844 1081; baseline -0.003 -16"><span class='ocrx_word' id='word_1_150' title='bbox 2329 1009 2432 1081; x_wconf 74' lang='grc' dir='ltr'><strong>ρξ’.</strong></span> <span class='ocrx_word' id='word_1_151' title='bbox 2457 1011 2584 1065; x_wconf 79' lang='grc' dir='ltr'><strong>Ὀτι</strong></span> <span class='ocrx_word' id='word_1_152' title='bbox 2604 1011 2687 1063; x_wconf 85' lang='grc' dir='ltr'><strong>δεῖ</strong></span> <span class='ocrx_word' id='word_1_153' title='bbox 2717 1011 2843 1075; x_wconf 75' lang='grc' dir='ltr'>τοὺς</span> <span class='ocrx_word' id='word_1_154' title='bbox 2877 1012 2936 1064; x_wconf 84' lang='grc' dir='ltr'>ὲν</span> <span class='ocrx_word' id='word_1_155' title='bbox 2959 1012 3338 1080; x_wconf 82' lang='grc' dir='ltr'>ὲγκλείστραις</span> <span class='ocrx_word' id='word_1_156' title='bbox 3380 1011 3674 1076; x_wconf 82' lang='grc' dir='ltr'>μέλλοντας</span> <span class='ocrx_word' id='word_1_157' title='bbox 3725 1011 3844 1062; x_wconf 81' lang='grc' dir='ltr'><strong>εισ-</strong></span> 
     </span>
    </p>
   </div>
   <div class='ocr_carea' id='block_1_24' title="bbox 2275 1100 3840 1172">
    <p class='ocr_par' dir='ltr' id='par_1_24' title="bbox 2275 1100 3840 1172">
     <span class='ocr_line' id='line_1_24' title="bbox 2275 1100 3840 1172; baseline -0.001 -20"><span class='ocrx_word' id='word_1_158' title='bbox 2275 1100 2449 1154; x_wconf 87' lang='grc' dir='ltr'>ε).θεῖν</span> <span class='ocrx_word' id='word_1_159' title='bbox 2474 1102 2743 1171; x_wconf 82' lang='grc' dir='ltr'>πρότερον</span> <span class='ocrx_word' id='word_1_160' title='bbox 2769 1103 2824 1153; x_wconf 84' lang='grc' dir='ltr'>ὲν</span> <span class='ocrx_word' id='word_1_161' title='bbox 2854 1102 3226 1171; x_wconf 83' lang='grc' dir='ltr'>μοναστηρίῳ,</span> <span class='ocrx_word' id='word_1_162' title='bbox 3256 1103 3352 1153; x_wconf 81' lang='grc' dir='ltr'>καὶ</span> <span class='ocrx_word' id='word_1_163' title='bbox 3383 1101 3564 1172; x_wconf 79' lang='grc' dir='ltr'>τελείᾳ</span> <span class='ocrx_word' id='word_1_164' title='bbox 3619 1102 3840 1169; x_wconf 78' lang='grc' dir='ltr'>ὑπακοῇ</span> 
     </span>
    </p>
   </div>
   <div class='ocr_carea' id='block_1_25' title="bbox 2275 1189 3842 1264">
    <p class='ocr_par' dir='ltr' id='par_1_25' title="bbox 2275 1189 3842 1264">
     <span class='ocr_line' id='line_1_25' title="bbox 2275 1189 3842 1264; baseline -0.002 -19"><span class='ocrx_word' id='word_1_165' title='bbox 2275 1194 2519 1262; x_wconf 83' lang='grc' dir='ltr'>γίνεσθαι</span> <span class='ocrx_word' id='word_1_166' title='bbox 2548 1195 2644 1245; x_wconf 78' lang='grc' dir='ltr'><strong>ἐπὶ</strong></span> <span class='ocrx_word' id='word_1_167' title='bbox 2664 1193 2811 1264; x_wconf 72' lang='grc' dir='ltr'>τρισὶ</span> <span class='ocrx_word' id='word_1_168' title='bbox 2838 1194 3055 1264; x_wconf 75' lang='grc' dir='ltr'>χρόνοις</span> <span class='ocrx_word' id='word_1_169' title='bbox 3081 1209 3095 1222; x_wconf 70' lang='grc' dir='ltr'><strong>ο</strong></span> <span class='ocrx_word' id='word_1_170' title='bbox 3129 1189 3248 1246; x_wconf 75' lang='grc' dir='ltr'>εἷτα</span> <span class='ocrx_word' id='word_1_171' title='bbox 3269 1194 3420 1264; x_wconf 79' lang='grc' dir='ltr'>παρὰ</span> <span class='ocrx_word' id='word_1_172' title='bbox 3447 1195 3540 1246; x_wconf 77' lang='grc' dir='ltr'><strong>τοῦ</strong></span> <span class='ocrx_word' id='word_1_173' title='bbox 3563 1193 3703 1246; x_wconf 80' lang='grc' dir='ltr'>κατὰ</span> <span class='ocrx_word' id='word_1_174' title='bbox 3733 1189 3842 1260; x_wconf 78' lang='grc' dir='ltr'><strong>χὼ-</strong></span> 
     </span>
    </p>
   </div>
   <div class='ocr_carea' id='block_1_26' title="bbox 2281 1283 3840 1356">
    <p class='ocr_par' dir='ltr' id='par_1_26' title="bbox 2281 1283 3840 1356">
     <span class='ocr_line' id='line_1_26' title="bbox 2281 1283 3840 1356; baseline -0.002 -19"><span class='ocrx_word' id='word_1_175' title='bbox 2281 1301 2381 1354; x_wconf 88' lang='grc' dir='ltr'><strong>ραν</strong></span> <span class='ocrx_word' id='word_1_176' title='bbox 2404 1285 2709 1354; x_wconf 79' lang='grc' dir='ltr'><strong>ἀρχιερέως</strong></span> <span class='ocrx_word' id='word_1_177' title='bbox 2757 1285 2851 1337; x_wconf 72' lang='grc' dir='ltr'><strong>ἐπὶ</strong></span> <span class='ocrx_word' id='word_1_178' title='bbox 2894 1284 3081 1356; x_wconf 74' lang='grc' dir='ltr'>ἕτερον</span> <span class='ocrx_word' id='word_1_179' title='bbox 3128 1284 3372 1337; x_wconf 77' lang='grc' dir='ltr'>ἐνιαυτὸν</span> <span class='ocrx_word' id='word_1_180' title='bbox 3427 1283 3840 1354; x_wconf 75' lang='grc' dir='ltr'><strong>δοκιμάζεσθαι,</strong></span> 
     </span>
    </p>
   </div>
   <div class='ocr_carea' id='block_1_27' title="bbox 2277 1373 3843 1447">
    <p class='ocr_par' dir='ltr' id='par_1_27' title="bbox 2277 1373 3843 1447">
     <span class='ocr_line' id='line_1_27' title="bbox 2277 1373 3843 1447; baseline -0.003 -17"><span class='ocrx_word' id='word_1_181' title='bbox 2277 1377 2374 1430; x_wconf 71' lang='grc' dir='ltr'>καὶ</span> <span class='ocrx_word' id='word_1_182' title='bbox 2402 1378 2560 1446; x_wconf 86' lang='grc' dir='ltr'>εῐπερ</span> <span class='ocrx_word' id='word_1_183' title='bbox 2591 1376 2852 1446; x_wconf 79' lang='grc' dir='ltr'>ὲπιμείνῃ</span> <span class='ocrx_word' id='word_1_184' title='bbox 2877 1379 2944 1447; x_wconf 77' lang='grc' dir='ltr'><strong>τῇ</strong></span> <span class='ocrx_word' id='word_1_185' title='bbox 3006 1376 3185 1446; x_wconf 81' lang='grc' dir='ltr'><strong>ἀγαθῇ</strong></span> <span class='ocrx_word' id='word_1_186' title='bbox 3237 1375 3515 1444; x_wconf 80' lang='grc' dir='ltr'>προθέσει,</span> <span class='ocrx_word' id='word_1_187' title='bbox 3573 1373 3843 1442; x_wconf 80' lang='grc' dir='ltr'>ὲγκλείειν</span> 
     </span>
    </p>
   </div>
   <div class='ocr_carea' id='block_1_28' title="bbox 2277 1463 3842 1535">
    <p class='ocr_par' dir='ltr' id='par_1_28' title="bbox 2277 1463 3842 1535">
     <span class='ocr_line' id='line_1_28' title="bbox 2277 1463 3842 1535; baseline -0.003 -16"><span class='ocrx_word' id='word_1_188' title='bbox 2277 1466 2472 1519; x_wconf 69' lang='grc' dir='ltr'>αὐτόν’</span> <span class='ocrx_word' id='word_1_189' title='bbox 2499 1464 2574 1535; x_wconf 78' lang='grc' dir='ltr'><strong>μὴ</strong></span> <span class='ocrx_word' id='word_1_190' title='bbox 2621 1464 2881 1518; x_wconf 85' lang='grc' dir='ltr'>δύνασθαι</span> <span class='ocrx_word' id='word_1_191' title='bbox 2927 1463 2984 1517; x_wconf 69' lang='grc' dir='ltr'>δὲ</span> <span class='ocrx_word' id='word_1_192' title='bbox 3047 1465 3209 1518; x_wconf 72' lang='grc' dir='ltr'>αὑτὸν</span> <span class='ocrx_word' id='word_1_193' title='bbox 3247 1517 3250 1519; x_wconf 92' lang='lat'>_</span> <span class='ocrx_word' id='word_1_194' title='bbox 3284 1464 3430 1533; x_wconf 72' lang='grc' dir='ltr'>μετὰ</span> <span class='ocrx_word' id='word_1_195' title='bbox 3469 1464 3642 1518; x_wconf 84' lang='grc' dir='ltr'>ταῦτα</span> <span class='ocrx_word' id='word_1_196' title='bbox 3674 1464 3842 1515; x_wconf 74' lang='grc' dir='ltr'>παντὶ</span> 
     </span>
    </p>
   </div>
   <div class='ocr_carea' id='block_1_29' title="bbox 2277 1556 3840 1628">
    <p class='ocr_par' dir='ltr' id='par_1_29' title="bbox 2277 1556 3840 1628">
     <span class='ocr_line' id='line_1_29' title="bbox 2277 1556 3840 1628; baseline -0.004 -17"><span class='ocrx_word' id='word_1_197' title='bbox 2277 1558 2461 1628; x_wconf 83' lang='grc' dir='ltr'>τρόπῳ</span> <span class='ocrx_word' id='word_1_198' title='bbox 2491 1557 2585 1610; x_wconf 76' lang='grc' dir='ltr'><strong>τοῦ</strong></span> <span class='ocrx_word' id='word_1_199' title='bbox 2643 1556 3056 1626; x_wconf 71' lang='grc' dir='ltr'>ἐγκλειστηρίου</span> <span class='ocrx_word' id='word_1_200' title='bbox 3084 1556 3320 1623; x_wconf 77' lang='grc' dir='ltr'><strong>ἐξελθεῖν</strong></span> <span class='ocrx_word' id='word_1_201' title='bbox 3389 1556 3557 1626; x_wconf 75' lang='grc' dir='ltr'>χωρὶς</span> <span class='ocrx_word' id='word_1_202' title='bbox 3609 1558 3840 1625; x_wconf 74' lang='grc' dir='ltr'>γνώμης</span> 
     </span>
    </p>
   </div>
   <div class='ocr_carea' id='block_1_30' title="bbox 2277 1647 3839 1719">
    <p class='ocr_par' dir='ltr' id='par_1_30' title="bbox 2277 1647 3839 1719">
     <span class='ocr_line' id='line_1_30' title="bbox 2277 1647 3839 1719; baseline -0.003 -19"><span class='ocrx_word' id='word_1_203' title='bbox 2277 1647 2371 1700; x_wconf 79' lang='grc' dir='ltr'>τοῦ</span> <span class='ocrx_word' id='word_1_204' title='bbox 2393 1647 2715 1719; x_wconf 79' lang='grc' dir='ltr'>ἀρχιερέως.</span> <span class='ocrx_word' id='word_1_205' title='bbox 2737 1648 2846 1699; x_wconf 82' lang='lat' dir='ltr'><strong>Kal.</strong></span> <span class='ocrx_word' id='word_1_206' title='bbox 2864 1647 2990 1708; x_wconf 83' lang='grc' dir='ltr'>τοὺς</span> <span class='ocrx_word' id='word_1_207' title='bbox 3018 1648 3289 1716; x_wconf 65' lang='grc' dir='ltr'>ἐρημικδν</span> <span class='ocrx_word' id='word_1_208' title='bbox 3340 1647 3397 1699; x_wconf 73' lang='grc' dir='ltr'>δὲ</span> <span class='ocrx_word' id='word_1_209' title='bbox 3453 1647 3839 1710; x_wconf 82' lang='grc' dir='ltr'>ὲνδεδυμένους</span> 
     </span>
    </p>
   </div>
   <div class='ocr_carea' id='block_1_31' title="bbox 2281 1737 3841 1810">
    <p class='ocr_par' dir='ltr' id='par_1_31' title="bbox 2281 1737 3841 1810">
     <span class='ocr_line' id='line_1_31' title="bbox 2281 1737 3841 1810; baseline -0.001 -19"><span class='ocrx_word' id='word_1_210' title='bbox 2281 1739 2489 1810; x_wconf 81' lang='grc' dir='ltr'>σχῆμα,</span> <span class='ocrx_word' id='word_1_211' title='bbox 2522 1739 2614 1791; x_wconf 75' lang='grc' dir='ltr'>καὶ</span> <span class='ocrx_word' id='word_1_212' title='bbox 2665 1737 2907 1805; x_wconf 80' lang='grc' dir='ltr'>κεφαλὰς</span> <span class='ocrx_word' id='word_1_213' title='bbox 2955 1738 3242 1806; x_wconf 84' lang='grc' dir='ltr'>κομῶντας</span> <span class='ocrx_word' id='word_1_214' title='bbox 3298 1738 3372 1808; x_wconf 79' lang='grc' dir='ltr'>μὴ</span> <span class='ocrx_word' id='word_1_215' title='bbox 3408 1739 3503 1807; x_wconf 81' lang='grc' dir='ltr'>ὲᾷν</span> <span class='ocrx_word' id='word_1_216' title='bbox 3554 1739 3841 1807; x_wconf 74' lang='grc' dir='ltr'>περιάγειν</span> 
     </span>
    </p>
   </div>
   <div class='ocr_carea' id='block_1_32' title="bbox 610 1819 2176 1899">
    <p class='ocr_par' dir='ltr' id='par_1_32' title="bbox 610 1819 2175 1893">
     <span class='ocr_line' id='line_1_32' title="bbox 610 1819 2175 1893; baseline -0.006 -12"><span class='ocrx_word' id='word_1_217' title='bbox 610 1829 730 1892; x_wconf 90' lang='lat' dir='ltr'><strong>lint,</strong></span> <span class='ocrx_word' id='word_1_218' title='bbox 760 1828 994 1880; x_wconf 81' lang='lat' dir='ltr'><strong>virorum</strong></span> <span class='ocrx_word' id='word_1_219' title='bbox 1019 1823 1387 1893; x_wconf 75' lang='lat' dir='ltr'><strong>religiosorum</strong></span> <span class='ocrx_word' id='word_1_220' title='bbox 1423 1820 1807 1875; x_wconf 84' lang='lat' dir='ltr'><strong>monasterium</strong></span> <span class='ocrx_word' id='word_1_221' title='bbox 1857 1819 2084 1890; x_wconf 76' lang='lat' dir='ltr'><strong>ingredi,</strong></span> <span class='ocrx_word' id='word_1_222' title='bbox 2111 1833 2175 1872; x_wconf 85' lang='lat' dir='ltr'><strong>ac</strong></span> 
     </span>
    </p>
   </div>
   <div class='ocr_carea' id='block_1_33' title="bbox 2289 1819 3838 1899">
    <p class='ocr_par' dir='ltr' id='par_1_33' title="bbox 2289 1825 3838 1899">
     <span class='ocr_line' id='line_1_33' title="bbox 2289 1825 3838 1899; baseline -0.005 -16"><span class='ocrx_word' id='word_1_223' title='bbox 2289 1832 2336 1883; x_wconf 69' lang='grc' dir='ltr'>ὲν</span> <span class='ocrx_word' id='word_1_224' title='bbox 2366 1828 2515 1882; x_wconf 81' lang='grc' dir='ltr'>πόλει</span> <span class='ocrx_word' id='word_1_225' title='bbox 2535 1841 2549 1857; x_wconf 82' lang='grc'><strong><em>⁸</em></strong></span> <span class='ocrx_word' id='word_1_226' title='bbox 2573 1827 2686 1881; x_wconf 72' lang='grc' dir='ltr'>ἀλλ’</span> <span class='ocrx_word' id='word_1_227' title='bbox 2702 1829 2748 1880; x_wconf 74' lang='grc' dir='ltr'>εἰ</span> <span class='ocrx_word' id='word_1_228' title='bbox 2773 1829 2871 1898; x_wconf 80' lang='grc' dir='ltr'>μὲν</span> <span class='ocrx_word' id='word_1_229' title='bbox 2895 1827 3031 1899; x_wconf 85' lang='grc' dir='ltr'>μετὰ</span> <span class='ocrx_word' id='word_1_230' title='bbox 3057 1827 3360 1899; x_wconf 80' lang='grc' dir='ltr'>ἀνθρώπων</span> <span class='ocrx_word' id='word_1_231' title='bbox 3377 1828 3650 1880; x_wconf 80' lang='grc' dir='ltr'>ἐθέλουσιν</span> <span class='ocrx_word' id='word_1_232' title='bbox 3673 1825 3838 1888; x_wconf 78' lang='grc' dir='ltr'>εῖναι,</span> 
     </span>
    </p>
   </div>
   <div class='ocr_carea' id='block_1_34' title="bbox 611 1909 2178 1979">
    <p class='ocr_par' dir='ltr' id='par_1_34' title="bbox 611 1909 2178 1979">
     <span class='ocr_line' id='line_1_34' title="bbox 611 1909 2178 1979; baseline -0.006 -7"><span class='ocrx_word' id='word_1_233' title='bbox 611 1933 796 1972; x_wconf 90' lang='lat' dir='ltr'><strong>eorum</strong></span> <span class='ocrx_word' id='word_1_234' title='bbox 823 1931 972 1970; x_wconf 89' lang='lat' dir='ltr'><strong>more</strong></span> <span class='ocrx_word' id='word_1_235' title='bbox 999 1917 1177 1968; x_wconf 81' lang='lat' dir='ltr'><strong>vivere</strong></span> <span class='ocrx_word' id='word_1_236' title='bbox 1206 1929 1221 1966; x_wconf 91' lang='lat'><strong>:</strong></span> <span class='ocrx_word' id='word_1_237' title='bbox 1246 1913 1329 1967; x_wconf 91' lang='lat' dir='ltr'><strong>sin</strong></span> <span class='ocrx_word' id='word_1_238' title='bbox 1355 1927 1501 1978; x_wconf 87' lang='lat' dir='ltr'><strong>vero,</strong></span> <span class='ocrx_word' id='word_1_239' title='bbox 1523 1910 1834 1966; x_wconf 79' lang='lat' dir='ltr'><strong>omnimodo</strong></span> <span class='ocrx_word' id='word_1_240' title='bbox 1861 1912 2005 1979; x_wconf 88' lang='lat' dir='ltr'><strong>ipsos</strong></span> <span class='ocrx_word' id='word_1_241' title='bbox 2030 1909 2178 1964; x_wconf 88' lang='lat' dir='ltr'><strong>urbi-</strong></span> 
     </span>
    </p>
   </div>
   <div class='ocr_carea' id='block_1_35' title="bbox 611 2000 2139 2076">
    <p class='ocr_par' dir='ltr' id='par_1_35' title="bbox 611 2000 2139 2076">
     <span class='ocr_line' id='line_1_35' title="bbox 611 2000 2139 2076; baseline -0.007 -13"><span class='ocrx_word' id='word_1_242' title='bbox 611 2010 710 2064; x_wconf 90' lang='lat' dir='ltr'><strong>hus</strong></span> <span class='ocrx_word' id='word_1_243' title='bbox 751 2006 1037 2076; x_wconf 68' lang='lat' dir='ltr'><strong>capellere,</strong></span> <span class='ocrx_word' id='word_1_244' title='bbox 1075 2014 1234 2072; x_wconf 89' lang='lat' dir='ltr'><strong>atque</strong></span> <span class='ocrx_word' id='word_1_245' title='bbox 1273 2003 1326 2057; x_wconf 93' lang='lat' dir='ltr'><strong>in</strong></span> <span class='ocrx_word' id='word_1_246' title='bbox 1357 2002 1592 2057; x_wconf 82' lang='lat' dir='ltr'><strong>desertis</strong></span> <span class='ocrx_word' id='word_1_247' title='bbox 1628 2000 1877 2055; x_wconf 84' lang='lat' dir='ltr'><strong>habitare</strong></span> <span class='ocrx_word' id='word_1_248' title='bbox 1923 2013 2139 2069; x_wconf 77' lang='lat' dir='ltr'><strong>cogere.</strong></span> 
     </span>
    </p>
   </div>
   <div class='ocr_carea' id='block_1_36' title="bbox 688 2267 1480 2342">
    <p class='ocr_par' dir='ltr' id='par_1_36' title="bbox 688 2267 1480 2342">
     <span class='ocr_line' id='line_1_36' title="bbox 688 2267 1480 2342; baseline -0.005 -16"><span class='ocrx_word' id='word_1_249' title='bbox 688 2271 890 2342; x_wconf 82' lang='lat' dir='ltr'><strong>Synodi</strong></span> <span class='ocrx_word' id='word_1_250' title='bbox 918 2268 986 2322; x_wconf 81' lang='lat' dir='ltr'><strong>Vl</strong></span> <span class='ocrx_word' id='word_1_251' title='bbox 1013 2283 1185 2323; x_wconf 88' lang='lat' dir='ltr'><strong>canon</strong></span> <span class='ocrx_word' id='word_1_252' title='bbox 1219 2268 1282 2323; x_wconf 73' lang='grc'><strong>41</strong></span> <span class='ocrx_word' id='word_1_253' title='bbox 1311 2276 1366 2322; x_wconf 86' lang='lat' dir='ltr'><strong>et</strong></span> <span class='ocrx_word' id='word_1_254' title='bbox 1387 2267 1480 2322; x_wconf 70' lang='lat'><strong>42.</strong></span> 
     </span>
    </p>
   </div>
   <div class='ocr_carea' id='block_1_37' title="bbox 685 2357 2180 2431">
    <p class='ocr_par' dir='ltr' id='par_1_37' title="bbox 685 2357 2180 2431">
     <span class='ocr_line' id='line_1_37' title="bbox 685 2357 2180 2431; baseline -0.007 -12"><span class='ocrx_word' id='word_1_255' title='bbox 685 2366 809 2420; x_wconf 74' lang='lat'><strong>108.</strong></span> <span class='ocrx_word' id='word_1_256' title='bbox 868 2361 986 2417; x_wconf 84' lang='lat' dir='ltr'><strong>Non</strong></span> <span class='ocrx_word' id='word_1_257' title='bbox 1045 2370 1298 2422; x_wconf 83' lang='lat' dir='ltr'><strong>oportere</strong></span> <span class='ocrx_word' id='word_1_258' title='bbox 1355 2361 1650 2415; x_wconf 80' lang='lat' dir='ltr'><strong>monachos</strong></span> <span class='ocrx_word' id='word_1_259' title='bbox 1696 2367 1751 2416; x_wconf 90' lang='lat' dir='ltr'><strong>et</strong></span> <span class='ocrx_word' id='word_1_260' title='bbox 1794 2358 2032 2431; x_wconf 80' lang='lat' dir='ltr'><strong>rirgines</strong></span> <span class='ocrx_word' id='word_1_261' title='bbox 2069 2357 2180 2411; x_wconf 82' lang='lat' dir='ltr'><strong>Deo</strong></span> 
     </span>
    </p>
   </div>
   <div class='ocr_carea' id='block_1_38' title="bbox 613 2448 2177 2518">
    <p class='ocr_par' dir='ltr' id='par_1_38' title="bbox 613 2448 2177 2518">
     <span class='ocr_line' id='line_1_38' title="bbox 613 2448 2177 2518; baseline -0.006 -7"><span class='ocrx_word' id='word_1_262' title='bbox 613 2457 824 2511; x_wconf 82' lang='lat' dir='ltr'><strong>dicatas</strong></span> <span class='ocrx_word' id='word_1_263' title='bbox 845 2452 1247 2506; x_wconf 85' lang='lat' dir='ltr'><strong>matrimonium</strong></span> <span class='ocrx_word' id='word_1_264' title='bbox 1267 2451 1607 2514; x_wconf 82' lang='lat' dir='ltr'><strong>contrahere,</strong></span> <span class='ocrx_word' id='word_1_265' title='bbox 1635 2457 1723 2502; x_wconf 64' lang='lat' dir='ltr'><strong>aut</strong></span> <span class='ocrx_word' id='word_1_266' title='bbox 1753 2449 1868 2518; x_wconf 83' lang='lat' dir='ltr'><strong>rapi</strong></span> <span class='ocrx_word' id='word_1_267' title='bbox 1891 2449 1959 2504; x_wconf 82' lang='lat' dir='ltr'><strong>ab</strong></span> <span class='ocrx_word' id='word_1_268' title='bbox 1975 2448 2177 2518; x_wconf 84' lang='lat' dir='ltr'><strong>aliquo.</strong></span> 
     </span>
    </p>
   </div>
   <div class='ocr_carea' id='block_1_39' title="bbox 613 2538 2181 2612">
    <p class='ocr_par' dir='ltr' id='par_1_39' title="bbox 613 2538 2181 2612">
     <span class='ocr_line' id='line_1_39' title="bbox 613 2538 2181 2612; baseline -0.008 -8"><span class='ocrx_word' id='word_1_269' title='bbox 613 2556 709 2604; x_wconf 85' lang='lat' dir='ltr'><strong>aut</strong></span> <span class='ocrx_word' id='word_1_270' title='bbox 734 2542 1008 2612; x_wconf 87' lang='lat' dir='ltr'><strong>corrumpi</strong></span> <span class='ocrx_word' id='word_1_271' title='bbox 1035 2559 1048 2596; x_wconf 86' lang='lat'><strong>:</strong></span> <span class='ocrx_word' id='word_1_272' title='bbox 1081 2539 1318 2610; x_wconf 85' lang='lat' dir='ltr'><strong>alioquin</strong></span> <span class='ocrx_word' id='word_1_273' title='bbox 1348 2540 1749 2595; x_wconf 87' lang='lat' dir='ltr'><strong>matrimonium</strong></span> <span class='ocrx_word' id='word_1_274' title='bbox 1775 2540 1993 2610; x_wconf 90' lang='lat' dir='ltr'><strong>quidem</strong></span> <span class='ocrx_word' id='word_1_275' title='bbox 2018 2538 2181 2594; x_wconf 84' lang='lat' dir='ltr'><strong>solvi-</strong></span> 
     </span>
    </p>
   </div>
   <div class='ocr_carea' id='block_1_40' title="bbox 619 2629 2180 2708">
    <p class='ocr_par' dir='ltr' id='par_1_40' title="bbox 619 2629 2180 2708">
     <span class='ocr_line' id='line_1_40' title="bbox 619 2629 2180 2708; baseline -0.007 -15"><span class='ocrx_word' id='word_1_276' title='bbox 619 2651 727 2704; x_wconf 90' lang='lat' dir='ltr'><strong>tur,</strong></span> <span class='ocrx_word' id='word_1_277' title='bbox 751 2638 853 2708; x_wconf 88' lang='lat' dir='ltr'><strong>ipsi</strong></span> <span class='ocrx_word' id='word_1_278' title='bbox 882 2649 1008 2689; x_wconf 80' lang='grc' dir='ltr'>νει-ο</span> <span class='ocrx_word' id='word_1_279' title='bbox 1032 2640 1236 2702; x_wconf 85' lang='lat' dir='ltr'><strong>septem</strong></span> <span class='ocrx_word' id='word_1_280' title='bbox 1264 2632 1421 2688; x_wconf 88' lang='lat' dir='ltr'><strong>annis</strong></span> <span class='ocrx_word' id='word_1_281' title='bbox 1446 2646 1660 2701; x_wconf 81' lang='lat' dir='ltr'><strong>pomam</strong></span> <span class='ocrx_word' id='word_1_282' title='bbox 1691 2633 1941 2685; x_wconf 87' lang='lat' dir='ltr'><strong>subeunt.</strong></span> <span class='ocrx_word' id='word_1_283' title='bbox 1970 2629 2027 2684; x_wconf 91' lang='lat' dir='ltr'><strong>Si</strong></span> <span class='ocrx_word' id='word_1_284' title='bbox 2052 2644 2180 2684; x_wconf 79' lang='lat' dir='ltr'><strong>vero</strong></span> 
     </span>
    </p>
   </div>
   <div class='ocr_carea' id='block_1_41' title="bbox 618 2719 2178 2792">
    <p class='ocr_par' dir='ltr' id='par_1_41' title="bbox 618 2719 2178 2792">
     <span class='ocr_line' id='line_1_41' title="bbox 618 2719 2178 2792; baseline -0.008 -6"><span class='ocrx_word' id='word_1_285' title='bbox 618 2729 791 2786; x_wconf 84' lang='lat' dir='ltr'><strong>sacris</strong></span> <span class='ocrx_word' id='word_1_286' title='bbox 847 2725 1048 2782; x_wconf 82' lang='lat' dir='ltr'><strong>addicti</strong></span> <span class='ocrx_word' id='word_1_287' title='bbox 1094 2723 1224 2787; x_wconf 87' lang='lat' dir='ltr'><strong>sint,</strong></span> <span class='ocrx_word' id='word_1_288' title='bbox 1285 2724 1456 2792; x_wconf 87' lang='lat' dir='ltr'><strong>gradu</strong></span> <span class='ocrx_word' id='word_1_289' title='bbox 1521 2731 1828 2778; x_wconf 75' lang='lat' dir='ltr'><strong>moventur.</strong></span> <span class='ocrx_word' id='word_1_290' title='bbox 1880 2719 1937 2776; x_wconf 89' lang='lat' dir='ltr'><strong>Si</strong></span> <span class='ocrx_word' id='word_1_291' title='bbox 2002 2730 2178 2776; x_wconf 82' lang='lat' dir='ltr'><strong>autem</strong></span> 
     </span>
    </p>
   </div>
   <div class='ocr_carea' id='block_1_42' title="bbox 610 2814 2178 2893">
    <p class='ocr_par' dir='ltr' id='par_1_42' title="bbox 610 2814 2178 2893">
     <span class='ocr_line' id='line_1_42' title="bbox 610 2814 2178 2893; baseline -0.008 -17"><span class='ocrx_word' id='word_1_292' title='bbox 610 2819 887 2891; x_wconf 81' lang='lat' dir='ltr'><strong>perfectus</strong></span> <span class='ocrx_word' id='word_1_293' title='bbox 925 2819 999 2873; x_wconf 86' lang='lat' dir='ltr'><strong>sit</strong></span> <span class='ocrx_word' id='word_1_294' title='bbox 1042 2814 1339 2870; x_wconf 83' lang='lat' dir='ltr'><strong>monachus</strong></span> <span class='ocrx_word' id='word_1_295' title='bbox 1385 2829 1634 2893; x_wconf 81' lang='lat' dir='ltr'><strong>magnum</strong></span> <span class='ocrx_word' id='word_1_296' title='bbox 1680 2815 1925 2871; x_wconf 85' lang='lat' dir='ltr'><strong>habitum</strong></span> <span class='ocrx_word' id='word_1_297' title='bbox 1961 2826 2178 2883; x_wconf 86' lang='lat' dir='ltr'><strong>gerens,</strong></span> 
     </span>
    </p>
   </div>
   <div class='ocr_carea' id='block_1_43' title="bbox 617 2901 2178 2983">
    <p class='ocr_par' dir='ltr' id='par_1_43' title="bbox 617 2901 2178 2983">
     <span class='ocr_line' id='line_1_43' title="bbox 617 2901 2178 2983; baseline -0.007 -15"><span class='ocrx_word' id='word_1_298' title='bbox 617 2910 923 2983; x_wconf 87' lang='lat' dir='ltr'><strong>quindecim</strong></span> <span class='ocrx_word' id='word_1_299' title='bbox 970 2923 1143 2963; x_wconf 89' lang='lat' dir='ltr'><strong>annos</strong></span> <span class='ocrx_word' id='word_1_300' title='bbox 1196 2907 1464 2976; x_wconf 83' lang='lat' dir='ltr'><strong>punitur;</strong></span> <span class='ocrx_word' id='word_1_301' title='bbox 1517 2921 1546 2960; x_wconf 86' lang='lat' dir='ltr'><strong>a</strong></span> <span class='ocrx_word' id='word_1_302' title='bbox 1601 2906 1719 2978; x_wconf 84' lang='lat' dir='ltr'><strong>lege</strong></span> <span class='ocrx_word' id='word_1_303' title='bbox 1779 2918 1907 2961; x_wconf 74' lang='lat' dir='ltr'><strong>vero</strong></span> <span class='ocrx_word' id='word_1_304' title='bbox 1960 2901 2178 2976; x_wconf 75' lang='lat' dir='ltr'><strong>capitali</strong></span> 
     </span>
    </p>
   </div>
   <div class='ocr_carea' id='block_1_44' title="bbox 624 3000 1162 3075">
    <p class='ocr_par' dir='ltr' id='par_1_44' title="bbox 624 3000 1162 3075">
     <span class='ocr_line' id='line_1_44' title="bbox 624 3000 1162 3075; baseline -0.007 -15"><span class='ocrx_word' id='word_1_305' title='bbox 624 3003 882 3075; x_wconf 73' lang='lat' dir='ltr'><strong>supplicio</strong></span> <span class='ocrx_word' id='word_1_306' title='bbox 911 3000 1162 3059; x_wconf 81' lang='lat' dir='ltr'><strong>aﬂicitur.</strong></span> 
     </span>
    </p>
   </div>
   <div class='ocr_carea' id='block_1_45' title="bbox 687 3090 1547 3166">
    <p class='ocr_par' dir='ltr' id='par_1_45' title="bbox 687 3090 1547 3166">
     <span class='ocr_line' id='line_1_45' title="bbox 687 3090 1547 3166; baseline -0.007 -16"><span class='ocrx_word' id='word_1_307' title='bbox 687 3094 888 3166; x_wconf 84' lang='lat' dir='ltr'><strong>Synodi</strong></span> <span class='ocrx_word' id='word_1_308' title='bbox 922 3095 1222 3166; x_wconf 73' lang='lat' dir='ltr'><strong>Ancyranae</strong></span> <span class='ocrx_word' id='word_1_309' title='bbox 1247 3108 1423 3150; x_wconf 88' lang='lat' dir='ltr'><strong>canon</strong></span> <span class='ocrx_word' id='word_1_310' title='bbox 1455 3090 1547 3147; x_wconf 78' lang='lat' dir='ltr'><strong>t9.</strong></span> 
     </span>
    </p>
   </div>
   <div class='ocr_carea' id='block_1_46' title="bbox 687 3179 1667 3257">
    <p class='ocr_par' dir='ltr' id='par_1_46' title="bbox 687 3179 1667 3257">
     <span class='ocr_line' id='line_1_46' title="bbox 687 3179 1667 3257; baseline -0.007 -17"><span class='ocrx_word' id='word_1_311' title='bbox 687 3187 894 3257; x_wconf 76' lang='lat' dir='ltr'><strong>Synodi</strong></span> <span class='ocrx_word' id='word_1_312' title='bbox 927 3185 1386 3242; x_wconf 83' lang='lat' dir='ltr'><strong>Chalcedonensis</strong></span> <span class='ocrx_word' id='word_1_313' title='bbox 1411 3197 1585 3238; x_wconf 84' lang='lat' dir='ltr'><strong>canon</strong></span> <span class='ocrx_word' id='word_1_314' title='bbox 1613 3179 1667 3234; x_wconf 82' lang='lat'><strong>6.</strong></span> 
     </span>
    </p>
   </div>
   <div class='ocr_carea' id='block_1_47' title="bbox 680 3273 1478 3350">
    <p class='ocr_par' dir='ltr' id='par_1_47' title="bbox 680 3273 1478 3350">
     <span class='ocr_line' id='line_1_47' title="bbox 680 3273 1478 3350; baseline -0.009 -17"><span class='ocrx_word' id='word_1_315' title='bbox 680 3278 890 3350; x_wconf 80' lang='lat' dir='ltr'><strong>&#39;Synodi</strong></span> <span class='ocrx_word' id='word_1_316' title='bbox 923 3276 988 3332; x_wconf 86' lang='lat' dir='ltr'><strong>Vl</strong></span> <span class='ocrx_word' id='word_1_317' title='bbox 1027 3292 1197 3333; x_wconf 89' lang='lat' dir='ltr'><strong>canon</strong></span> <span class='ocrx_word' id='word_1_318' title='bbox 1232 3276 1266 3329; x_wconf 77' lang='grc'><strong>4</strong></span> <span class='ocrx_word' id='word_1_319' title='bbox 1302 3284 1357 3333; x_wconf 86' lang='lat' dir='ltr'><strong>et</strong></span> <span class='ocrx_word' id='word_1_320' title='bbox 1389 3273 1478 3328; x_wconf 72' lang='lat' dir='ltr'><strong>M.</strong></span> 
     </span>
    </p>
   </div>
   <div class='ocr_carea' id='block_1_48' title="bbox 688 3359 1797 3431">
    <p class='ocr_par' dir='ltr' id='par_1_48' title="bbox 688 3359 1797 3431">
     <span class='ocr_line' id='line_1_48' title="bbox 688 3359 1797 3431; baseline -0.008 -8"><span class='ocrx_word' id='word_1_321' title='bbox 688 3368 874 3423; x_wconf 83' lang='lat' dir='ltr'><strong>Sancti</strong></span> <span class='ocrx_word' id='word_1_322' title='bbox 906 3366 1089 3424; x_wconf 86' lang='lat' dir='ltr'><strong>Basilii</strong></span> <span class='ocrx_word' id='word_1_323' title='bbox 1123 3381 1298 3423; x_wconf 82' lang='lat' dir='ltr'><strong>canon</strong></span> <span class='ocrx_word' id='word_1_324' title='bbox 1326 3364 1378 3431; x_wconf 85' lang='lat'><strong>6,</strong></span> <span class='ocrx_word' id='word_1_325' title='bbox 1413 3361 1503 3427; x_wconf 77' lang='lat' dir='ltr'><strong>t8,</strong></span> <span class='ocrx_word' id='word_1_326' title='bbox 1534 3361 1601 3417; x_wconf 79' lang='lat' dir='ltr'><strong>t9</strong></span> <span class='ocrx_word' id='word_1_327' title='bbox 1627 3369 1680 3416; x_wconf 92' lang='lat' dir='ltr'><strong>et</strong></span> <span class='ocrx_word' id='word_1_328' title='bbox 1705 3359 1797 3415; x_wconf 82' lang='lat'><strong>60.</strong></span> 
     </span>
    </p>
   </div>
   <div class='ocr_carea' id='block_1_49' title="bbox 690 3573 1496 3648">
    <p class='ocr_par' dir='ltr' id='par_1_49' title="bbox 690 3573 1496 3648">
     <span class='ocr_line' id='line_1_49' title="bbox 690 3573 1496 3648; baseline -0.014 -14"><span class='ocrx_word' id='word_1_329' title='bbox 690 3578 849 3648; x_wconf 81' lang='lat' dir='ltr'><strong>Legis</strong></span> <span class='ocrx_word' id='word_1_330' title='bbox 887 3583 1049 3647; x_wconf 87' lang='lat' dir='ltr'><strong>caput</strong></span> <span class='ocrx_word' id='word_1_331' title='bbox 1074 3575 1144 3630; x_wconf 89' lang='lat'><strong>85</strong></span> <span class='ocrx_word' id='word_1_332' title='bbox 1171 3583 1226 3628; x_wconf 91' lang='lat' dir='ltr'><strong>et</strong></span> <span class='ocrx_word' id='word_1_333' title='bbox 1255 3573 1345 3628; x_wconf 82' lang='lat'><strong>86.</strong></span> <span class='ocrx_word' id='word_1_334' title='bbox 1480 3633 1496 3645; x_wconf 40' lang='grc' dir='ltr'><strong><em>ο</em></strong></span> 
     </span>
    </p>
   </div>
   <div class='ocr_carea' id='block_1_50' title="bbox 692 3655 2184 3734">
    <p class='ocr_par' dir='ltr' id='par_1_50' title="bbox 692 3655 2184 3734">
     <span class='ocr_line' id='line_1_50' title="bbox 692 3655 2184 3734; baseline -0.01 -10"><span class='ocrx_word' id='word_1_335' title='bbox 692 3668 818 3724; x_wconf 74' lang='grc'>109.</span> <span class='ocrx_word' id='word_1_336' title='bbox 857 3667 975 3721; x_wconf 81' lang='lat' dir='ltr'><strong>Non</strong></span> <span class='ocrx_word' id='word_1_337' title='bbox 1035 3675 1305 3734; x_wconf 87' lang='lat' dir='ltr'><strong>oportere,</strong></span> <span class='ocrx_word' id='word_1_338' title='bbox 1365 3663 1467 3717; x_wconf 88' lang='lat' dir='ltr'><strong>nisi</strong></span> <span class='ocrx_word' id='word_1_339' title='bbox 1514 3669 1735 3731; x_wconf 85' lang='lat' dir='ltr'><strong>propter</strong></span> <span class='ocrx_word' id='word_1_340' title='bbox 1778 3655 2184 3720; x_wconf 78' lang='lat' dir='ltr'><strong>necessitatem,</strong></span> 
     </span>
    </p>
   </div>
   <div class='ocr_carea' id='block_1_51' title="bbox 626 3752 2187 3821">
    <p class='ocr_par' dir='ltr' id='par_1_51' title="bbox 626 3752 2187 3821">
     <span class='ocr_line' id='line_1_51' title="bbox 626 3752 2187 3821; baseline -0.01 -8"><span class='ocrx_word' id='word_1_341' title='bbox 626 3769 762 3814; x_wconf 84' lang='lat' dir='ltr'><strong>mtra</strong></span> <span class='ocrx_word' id='word_1_342' title='bbox 791 3757 864 3811; x_wconf 70' lang='grc'><strong>25</strong></span> <span class='ocrx_word' id='word_1_343' title='bbox 892 3767 984 3811; x_wconf 85' lang='lat' dir='ltr'><strong>aut</strong></span> <span class='ocrx_word' id='word_1_344' title='bbox 1016 3756 1074 3809; x_wconf 88' lang='lat' dir='ltr'><strong>l7</strong></span> <span class='ocrx_word' id='word_1_345' title='bbox 1104 3770 1275 3808; x_wconf 88' lang='lat' dir='ltr'><strong>annos</strong></span> <span class='ocrx_word' id='word_1_346' title='bbox 1303 3754 1481 3807; x_wconf 67' lang='lat' dir='ltr'><strong>atatis</strong></span> <span class='ocrx_word' id='word_1_347' title='bbox 1513 3752 1750 3821; x_wconf 79' lang='lat' dir='ltr'><strong>virgines</strong></span> <span class='ocrx_word' id='word_1_348' title='bbox 1794 3757 2040 3802; x_wconf 89' lang='lat' dir='ltr'><strong>sanetum</strong></span> <span class='ocrx_word' id='word_1_349' title='bbox 2074 3762 2187 3799; x_wconf 90' lang='lat' dir='ltr'><strong>mo-</strong></span> 
     </span>
    </p>
   </div>
   <div class='ocr_carea' id='block_1_52' title="bbox 624 3839 2186 3913">
    <p class='ocr_par' dir='ltr' id='par_1_52' title="bbox 624 3839 2186 3913">
     <span class='ocr_line' id='line_1_52' title="bbox 624 3839 2186 3913; baseline -0.01 -9"><span class='ocrx_word' id='word_1_350' title='bbox 624 3850 843 3904; x_wconf 88' lang='lat' dir='ltr'><strong>nialium</strong></span> <span class='ocrx_word' id='word_1_351' title='bbox 885 3848 1124 3901; x_wconf 90' lang='lat' dir='ltr'><strong>habitum</strong></span> <span class='ocrx_word' id='word_1_352' title='bbox 1151 3845 1443 3913; x_wconf 84' lang='lat' dir='ltr'><strong>consequi:</strong></span> <span class='ocrx_word' id='word_1_353' title='bbox 1475 3857 1647 3910; x_wconf 86' lang='lat' dir='ltr'><strong>neque</strong></span> <span class='ocrx_word' id='word_1_354' title='bbox 1673 3841 1880 3894; x_wconf 89' lang='lat' dir='ltr'><strong>interea</strong></span> <span class='ocrx_word' id='word_1_355' title='bbox 1913 3839 2036 3890; x_wconf 86' lang='lat' dir='ltr'><strong>dum</strong></span> <span class='ocrx_word' id='word_1_356' title='bbox 2062 3845 2186 3890; x_wconf 87' lang='lat' dir='ltr'><strong>ton-</strong></span> 
     </span>
    </p>
   </div>
   <div class='ocr_carea' id='block_1_53' title="bbox 603 3915 2182 4004">
    <p class='ocr_par' dir='ltr' id='par_1_53' title="bbox 603 3915 2182 4004">
     <span class='ocr_line' id='line_1_53' title="bbox 603 3915 2182 4004; baseline -0.009 -11"><span class='ocrx_word' id='word_1_357' title='bbox 603 3941 809 3993; x_wconf 71' lang='lat' dir='ltr'><strong>.dendm</strong></span> <span class='ocrx_word' id='word_1_358' title='bbox 843 3946 988 4003; x_wconf 76' lang='lat' dir='ltr'><strong>Sunt,</strong></span> <span class='ocrx_word' id='word_1_359' title='bbox 1034 3915 1318 4004; x_wconf 82' lang='lat' dir='ltr'><strong>variegatis</strong></span> <span class='ocrx_word' id='word_1_360' title='bbox 1362 3933 1701 3988; x_wconf 82' lang='lat' dir='ltr'><strong>vestimentis</strong></span> <span class='ocrx_word' id='word_1_361' title='bbox 1735 3930 1914 3983; x_wconf 87' lang='lat' dir='ltr'><strong>ornari</strong></span> <span class='ocrx_word' id='word_1_362' title='bbox 1950 3929 2182 3992; x_wconf 81' lang='lat' dir='ltr'><strong>debent,</strong></span> 
     </span>
    </p>
   </div>
   <div class='ocr_carea' id='block_1_54' title="bbox 595 4021 2188 4098">
    <p class='ocr_par' dir='ltr' id='par_1_54' title="bbox 595 4021 2188 4098">
     <span class='ocr_line' id='line_1_54' title="bbox 595 4021 2188 4098; baseline -0.008 -13"><span class='ocrx_word' id='word_1_363' title='bbox 595 4040 598 4042; x_wconf 69' lang='lat'><em>‘</em></span> <span class='ocrx_word' id='word_1_364' title='bbox 625 4045 797 4098; x_wconf 89' lang='lat' dir='ltr'><strong>neque</strong></span> <span class='ocrx_word' id='word_1_365' title='bbox 827 4045 952 4083; x_wconf 83' lang='lat' dir='ltr'><strong>vero</strong></span> <span class='ocrx_word' id='word_1_366' title='bbox 985 4043 1014 4082; x_wconf 89' lang='lat' dir='ltr'><strong>e</strong></span> <span class='ocrx_word' id='word_1_367' title='bbox 1037 4026 1369 4081; x_wconf 90' lang='lat' dir='ltr'><strong>monasterio</strong></span> <span class='ocrx_word' id='word_1_368' title='bbox 1409 4024 1624 4093; x_wconf 88' lang='lat' dir='ltr'><strong>prodire</strong></span> <span class='ocrx_word' id='word_1_369' title='bbox 1650 4023 1854 4090; x_wconf 73' lang='lat' dir='ltr'><strong>alisque</strong></span> <span class='ocrx_word' id='word_1_370' title='bbox 1888 4021 2188 4090; x_wconf 67' lang='lat' dir='ltr'><strong>praepositae</strong></span> 
     </span>
    </p>
   </div>
   <div class='ocr_carea' id='block_1_55' title="bbox 625 4109 2186 4189">
    <p class='ocr_par' dir='ltr' id='par_1_55' title="bbox 625 4109 2186 4189">
     <span class='ocr_line' id='line_1_55' title="bbox 625 4109 2186 4189; baseline -0.009 -10"><span class='ocrx_word' id='word_1_371' title='bbox 625 4137 915 4188; x_wconf 83' lang='lat' dir='ltr'><strong>consensu,</strong></span> <span class='ocrx_word' id='word_1_372' title='bbox 954 4121 1112 4189; x_wconf 84' lang='lat' dir='ltr'><strong>idque</strong></span> <span class='ocrx_word' id='word_1_373' title='bbox 1144 4127 1272 4171; x_wconf 92' lang='lat' dir='ltr'><strong>tunc</strong></span> <span class='ocrx_word' id='word_1_374' title='bbox 1313 4131 1431 4170; x_wconf 91' lang='lat' dir='ltr'><strong>cum</strong></span> <span class='ocrx_word' id='word_1_375' title='bbox 1471 4123 1627 4167; x_wconf 65' lang='lat' dir='ltr'><strong>aetate</strong></span> <span class='ocrx_word' id='word_1_376' title='bbox 1670 4113 1940 4180; x_wconf 84' lang='lat' dir='ltr'><strong>provectis</strong></span> <span class='ocrx_word' id='word_1_377' title='bbox 1970 4109 2186 4165; x_wconf 71' lang='lat' dir='ltr'><strong>fetutinis</strong></span> 
     </span>
    </p>
   </div>
   <div class='ocr_carea' id='block_1_56' title="bbox 625 4201 2184 4281">
    <p class='ocr_par' dir='ltr' id='par_1_56' title="bbox 625 4201 2184 4281">
     <span class='ocr_line' id='line_1_56' title="bbox 625 4201 2184 4281; baseline -0.013 -11"><span class='ocrx_word' id='word_1_378' title='bbox 625 4216 822 4270; x_wconf 71' lang='lat' dir='ltr'><strong>virtute</strong></span> <span class='ocrx_word' id='word_1_379' title='bbox 851 4209 1108 4281; x_wconf 71' lang='lat' dir='ltr'><strong>praeditis,</strong></span> <span class='ocrx_word' id='word_1_380' title='bbox 1144 4222 1206 4260; x_wconf 86' lang='lat' dir='ltr'><strong>ac</strong></span> <span class='ocrx_word' id='word_1_381' title='bbox 1227 4220 1330 4260; x_wconf 89' lang='lat' dir='ltr'><strong>non</strong></span> <span class='ocrx_word' id='word_1_382' title='bbox 1362 4212 1514 4258; x_wconf 80' lang='lat' dir='ltr'><strong>extra</strong></span> <span class='ocrx_word' id='word_1_383' title='bbox 1545 4201 1928 4254; x_wconf 87' lang='lat' dir='ltr'><strong>monasterium</strong></span> <span class='ocrx_word' id='word_1_384' title='bbox 1964 4211 2184 4266; x_wconf 82' lang='lat' dir='ltr'><strong>prorsus</strong></span> 
     </span>
    </p>
   </div>
   <div class='ocr_carea' id='block_1_57' title="bbox 623 4287 2184 4370">
    <p class='ocr_par' dir='ltr' id='par_1_57' title="bbox 623 4287 2184 4370">
     <span class='ocr_line' id='line_1_57' title="bbox 623 4287 2184 4370; baseline -0.013 -10"><span class='ocrx_word' id='word_1_385' title='bbox 623 4307 842 4361; x_wconf 85' lang='lat' dir='ltr'><strong>cubare.</strong></span> <span class='ocrx_word' id='word_1_386' title='bbox 869 4300 1154 4370; x_wconf 35' lang='lat' dir='ltr'><strong>.Alioquin,</strong></span> <span class='ocrx_word' id='word_1_387' title='bbox 1189 4304 1566 4366; x_wconf 84' lang='lat' dir='ltr'><strong>segregantur.</strong></span> <span class='ocrx_word' id='word_1_388' title='bbox 1600 4290 1859 4346; x_wconf 87' lang='lat' dir='ltr'><strong>Similiter</strong></span> <span class='ocrx_word' id='word_1_389' title='bbox 1883 4291 2047 4344; x_wconf 89' lang='lat' dir='ltr'><strong>etiam</strong></span> <span class='ocrx_word' id='word_1_390' title='bbox 2076 4287 2122 4342; x_wconf 86' lang='lat' dir='ltr'><strong>si</strong></span> <span class='ocrx_word' id='word_1_391' title='bbox 2153 4300 2184 4340; x_wconf 90' lang='lat' dir='ltr'><strong>e</strong></span> 
     </span>
    </p>
   </div>
   <div class='ocr_carea' id='block_1_58' title="bbox 625 4387 1738 4453">
    <p class='ocr_par' dir='ltr' id='par_1_58' title="bbox 625 4387 1738 4453">
     <span class='ocr_line' id='line_1_58' title="bbox 625 4387 1738 4453; baseline -0.015 0"><span class='ocrx_word' id='word_1_392' title='bbox 625 4395 957 4453; x_wconf 87' lang='lat' dir='ltr'><strong>monasterio</strong></span> <span class='ocrx_word' id='word_1_393' title='bbox 983 4393 1035 4446; x_wconf 91' lang='lat' dir='ltr'><strong>in</strong></span> <span class='ocrx_word' id='word_1_394' title='bbox 1068 4388 1456 4446; x_wconf 79' lang='lat' dir='ltr'><strong>monasterium</strong></span> <span class='ocrx_word' id='word_1_395' title='bbox 1484 4387 1738 4453; x_wconf 90' lang='lat' dir='ltr'><strong>migrent.</strong></span> 
     </span>
    </p>
   </div>
   <div class='ocr_carea' id='block_1_59' title="bbox 687 4473 1753 4558">
    <p class='ocr_par' dir='ltr' id='par_1_59' title="bbox 687 4473 1753 4558">
     <span class='ocr_line' id='line_1_59' title="bbox 687 4473 1753 4558; baseline -0.013 -17"><span class='ocrx_word' id='word_1_396' title='bbox 687 4484 896 4558; x_wconf 83' lang='lat' dir='ltr'><strong>Synodi</strong></span> <span class='ocrx_word' id='word_1_397' title='bbox 932 4479 1395 4547; x_wconf 76' lang='lat' dir='ltr'><strong>Carthaginiensis</strong></span> <span class='ocrx_word' id='word_1_398' title='bbox 1427 4489 1600 4533; x_wconf 86' lang='lat' dir='ltr'><strong>canon</strong></span> <span class='ocrx_word' id='word_1_399' title='bbox 1633 4473 1753 4528; x_wconf 70' lang='lat'><strong>126.</strong></span> 
     </span>
    </p>
   </div>
   <div class='ocr_carea' id='block_1_60' title="bbox 697 4566 1486 4647">
    <p class='ocr_par' dir='ltr' id='par_1_60' title="bbox 697 4566 1486 4647">
     <span class='ocr_line' id='line_1_60' title="bbox 697 4566 1486 4647; baseline -0.015 -15"><span class='ocrx_word' id='word_1_400' title='bbox 697 4577 895 4647; x_wconf 85' lang='lat' dir='ltr'><strong>Synodi</strong></span> <span class='ocrx_word' id='word_1_401' title='bbox 932 4573 994 4627; x_wconf 89' lang='lat' dir='ltr'><strong>Vl</strong></span> <span class='ocrx_word' id='word_1_402' title='bbox 1029 4586 1200 4627; x_wconf 84' lang='lat' dir='ltr'><strong>canon</strong></span> <span class='ocrx_word' id='word_1_403' title='bbox 1227 4569 1294 4624; x_wconf 69' lang='grc' dir='ltr'>ιϐ</span> <span class='ocrx_word' id='word_1_404' title='bbox 1317 4577 1370 4621; x_wconf 85' lang='lat' dir='ltr'><strong>et</strong></span> <span class='ocrx_word' id='word_1_405' title='bbox 1392 4566 1486 4622; x_wconf 76' lang='grc'><strong>45.</strong></span> 
     </span>
    </p>
   </div>
   <div class='ocr_carea' id='block_1_61' title="bbox 700 4659 1351 4737">
    <p class='ocr_par' dir='ltr' id='par_1_61' title="bbox 700 4659 1351 4737">
     <span class='ocr_line' id='line_1_61' title="bbox 700 4659 1351 4737; baseline -0.017 -16"><span class='ocrx_word' id='word_1_406' title='bbox 700 4667 902 4737; x_wconf 74' lang='lat' dir='ltr'><strong>Synodi</strong></span> <span class='ocrx_word' id='word_1_407' title='bbox 934 4662 1025 4715; x_wconf 76' lang='lat' dir='ltr'><strong>Vll</strong></span> <span class='ocrx_word' id='word_1_408' title='bbox 1059 4677 1232 4716; x_wconf 87' lang='lat' dir='ltr'><strong>canon</strong></span> <span class='ocrx_word' id='word_1_409' title='bbox 1259 4659 1351 4712; x_wconf 73' lang='grc'><strong>21.</strong></span> 
     </span>
    </p>
   </div>
   <div class='ocr_carea' id='block_1_62' title="bbox 697 4748 1412 4811">
    <p class='ocr_par' dir='ltr' id='par_1_62' title="bbox 697 4748 1412 4811">
     <span class='ocr_line' id='line_1_62' title="bbox 697 4748 1412 4811; baseline -0.008 1"><span class='ocrx_word' id='word_1_410' title='bbox 697 4757 878 4811; x_wconf 88' lang='lat' dir='ltr'><strong>Sancti</strong></span> <span class='ocrx_word' id='word_1_411' title='bbox 904 4754 1087 4808; x_wconf 82' lang='lat' dir='ltr'><strong>Basilii</strong></span> <span class='ocrx_word' id='word_1_412' title='bbox 1120 4766 1292 4807; x_wconf 85' lang='lat' dir='ltr'><strong>canon</strong></span> <span class='ocrx_word' id='word_1_413' title='bbox 1323 4748 1412 4806; x_wconf 81' lang='grc' dir='ltr'><strong>Π.</strong></span> 
     </span>
    </p>
   </div>
   <div class='ocr_carea' id='block_1_63' title="bbox 701 4837 2192 4912">
    <p class='ocr_par' dir='ltr' id='par_1_63' title="bbox 701 4837 2192 4912">
     <span class='ocr_line' id='line_1_63' title="bbox 701 4837 2192 4912; baseline -0.008 -10"><span class='ocrx_word' id='word_1_414' title='bbox 701 4847 824 4902; x_wconf 82' lang='lat' dir='ltr'><strong>tto.</strong></span> <span class='ocrx_word' id='word_1_415' title='bbox 855 4842 969 4899; x_wconf 86' lang='lat' dir='ltr'><strong>Non</strong></span> <span class='ocrx_word' id='word_1_416' title='bbox 998 4852 1244 4912; x_wconf 88' lang='lat' dir='ltr'><strong>oportere</strong></span> <span class='ocrx_word' id='word_1_417' title='bbox 1275 4841 1550 4895; x_wconf 89' lang='lat' dir='ltr'><strong>mulierem</strong></span> <span class='ocrx_word' id='word_1_418' title='bbox 1575 4839 1629 4892; x_wconf 92' lang='lat' dir='ltr'><strong>in</strong></span> <span class='ocrx_word' id='word_1_419' title='bbox 1655 4837 1892 4895; x_wconf 82' lang='lat' dir='ltr'><strong>virorum</strong></span> <span class='ocrx_word' id='word_1_420' title='bbox 1921 4844 2192 4891; x_wconf 88' lang='lat' dir='ltr'><strong>monaste-</strong></span> 
     </span>
    </p>
   </div>
   <div class='ocr_carea' id='block_1_64' title="bbox 630 4928 2185 5004">
    <p class='ocr_par' dir='ltr' id='par_1_64' title="bbox 630 4928 2185 5004">
     <span class='ocr_line' id='line_1_64' title="bbox 630 4928 2185 5004; baseline -0.012 -7"><span class='ocrx_word' id='word_1_421' title='bbox 630 4945 712 4998; x_wconf 90' lang='lat' dir='ltr'><strong>rio</strong></span> <span class='ocrx_word' id='word_1_422' title='bbox 756 4940 1008 5003; x_wconf 88' lang='lat' dir='ltr'><strong>dormire,</strong></span> <span class='ocrx_word' id='word_1_423' title='bbox 1058 4949 1232 5004; x_wconf 92' lang='lat' dir='ltr'><strong>neque</strong></span> <span class='ocrx_word' id='word_1_424' title='bbox 1285 4933 1460 4987; x_wconf 82' lang='lat' dir='ltr'><strong>virum</strong></span> <span class='ocrx_word' id='word_1_425' title='bbox 1509 4934 1561 4986; x_wconf 93' lang='lat' dir='ltr'><strong>in</strong></span> <span class='ocrx_word' id='word_1_426' title='bbox 1621 4929 1867 4986; x_wconf 85' lang='lat' dir='ltr'><strong>muliebri</strong></span> <span class='ocrx_word' id='word_1_427' title='bbox 1900 4947 1914 4983; x_wconf 88' lang='lat'><strong>:</strong></span> <span class='ocrx_word' id='word_1_428' title='bbox 1948 4928 2185 4996; x_wconf 85' lang='lat' dir='ltr'><strong>alioquin</strong></span> 
     </span>
    </p>
   </div>
   <div class='ocr_carea' id='block_1_65' title="bbox 630 5021 2183 5104">
    <p class='ocr_par' dir='ltr' id='par_1_65' title="bbox 630 5021 2183 5104">
     <span class='ocr_line' id='line_1_65' title="bbox 630 5021 2183 5104; baseline -0.014 -14"><span class='ocrx_word' id='word_1_429' title='bbox 630 5042 964 5104; x_wconf 86' lang='lat' dir='ltr'><strong>segregatur.</strong></span> <span class='ocrx_word' id='word_1_430' title='bbox 1019 5026 1201 5094; x_wconf 80' lang='lat' dir='ltr'><strong>Neque</strong></span> <span class='ocrx_word' id='word_1_431' title='bbox 1253 5023 1615 5078; x_wconf 87' lang='lat' dir='ltr'><strong>diaeonissam</strong></span> <span class='ocrx_word' id='word_1_432' title='bbox 1646 5031 1784 5088; x_wconf 47' lang='lat' dir='ltr'><strong>.ante</strong></span> <span class='ocrx_word' id='word_1_433' title='bbox 1827 5021 2183 5088; x_wconf 88' lang='lat' dir='ltr'><strong>quadraginta</strong></span> 
     </span>
    </p>
   </div>
   <div class='ocr_carea' id='block_1_66' title="bbox 632 5112 2187 5178">
    <p class='ocr_par' dir='ltr' id='par_1_66' title="bbox 632 5112 2187 5178">
     <span class='ocr_line' id='line_1_66' title="bbox 632 5112 2187 5178; baseline -0.014 0"><span class='ocrx_word' id='word_1_434' title='bbox 632 5138 806 5178; x_wconf 85' lang='lat' dir='ltr'><strong>annos</strong></span> <span class='ocrx_word' id='word_1_435' title='bbox 857 5120 1132 5173; x_wconf 83' lang='lat' dir='ltr'><strong>mulierem</strong></span> <span class='ocrx_word' id='word_1_436' title='bbox 1182 5114 1462 5176; x_wconf 89' lang='lat' dir='ltr'><strong>ordinari,</strong></span> <span class='ocrx_word' id='word_1_437' title='bbox 1527 5112 1685 5178; x_wconf 80' lang='lat' dir='ltr'><strong>idque</strong></span> <span class='ocrx_word' id='word_1_438' title='bbox 1741 5123 1866 5161; x_wconf 88' lang='lat' dir='ltr'><strong>eum</strong></span> <span class='ocrx_word' id='word_1_439' title='bbox 1934 5115 2187 5160; x_wconf 89' lang='lat' dir='ltr'><strong>accurata</strong></span> 
     </span>
    </p>
   </div>
   <div class='ocr_carea' id='block_1_67' title="bbox 631 5204 2191 5287">
    <p class='ocr_par' dir='ltr' id='par_1_67' title="bbox 631 5204 2191 5287">
     <span class='ocr_line' id='line_1_67' title="bbox 631 5204 2191 5287; baseline -0.011 -19"><span class='ocrx_word' id='word_1_440' title='bbox 631 5215 978 5287; x_wconf 77' lang='lat' dir='ltr'><strong>probatione:</strong></span> <span class='ocrx_word' id='word_1_441' title='bbox 1017 5213 1060 5264; x_wconf 88' lang='lat' dir='ltr'><strong>si</strong></span> <span class='ocrx_word' id='word_1_442' title='bbox 1088 5225 1214 5264; x_wconf 88' lang='lat' dir='ltr'><strong>vero</strong></span> <span class='ocrx_word' id='word_1_443' title='bbox 1244 5218 1364 5276; x_wconf 86' lang='lat' dir='ltr'><strong>post</strong></span> <span class='ocrx_word' id='word_1_444' title='bbox 1394 5208 1507 5260; x_wconf 81' lang='lat' dir='ltr'><strong>haec</strong></span> <span class='ocrx_word' id='word_1_445' title='bbox 1541 5204 1942 5258; x_wconf 85' lang='lat' dir='ltr'><strong>matrimonium</strong></span> <span class='ocrx_word' id='word_1_446' title='bbox 1971 5209 2191 5255; x_wconf 84' lang='lat' dir='ltr'><strong>contra-</strong></span> 
     </span>
    </p>
   </div>
   <div class='ocr_carea' id='block_1_68' title="bbox 633 5293 2188 5373">
    <p class='ocr_par' dir='ltr' id='par_1_68' title="bbox 633 5293 2188 5373">
     <span class='ocr_line' id='line_1_68' title="bbox 633 5293 2188 5373; baseline -0.011 -10"><span class='ocrx_word' id='word_1_447' title='bbox 633 5310 791 5373; x_wconf 76' lang='lat' dir='ltr'><strong>xerit,</strong></span> <span class='ocrx_word' id='word_1_448' title='bbox 819 5299 1162 5358; x_wconf 81' lang='lat' dir='ltr'><strong>anathemate</strong></span> <span class='ocrx_word' id='word_1_449' title='bbox 1197 5300 1507 5366; x_wconf 83' lang='lat' dir='ltr'><strong>percellitur</strong></span> <span class='ocrx_word' id='word_1_450' title='bbox 1533 5308 1644 5352; x_wconf 86' lang='lat' dir='ltr'><strong>tum</strong></span> <span class='ocrx_word' id='word_1_451' title='bbox 1695 5298 1834 5366; x_wconf 87' lang='lat' dir='ltr'><strong>ipsa,</strong></span> <span class='ocrx_word' id='word_1_452' title='bbox 1872 5302 1986 5348; x_wconf 89' lang='lat' dir='ltr'><strong>tum</strong></span> <span class='ocrx_word' id='word_1_453' title='bbox 2019 5293 2065 5348; x_wconf 81' lang='lat' dir='ltr'><strong>is</strong></span> <span class='ocrx_word' id='word_1_454' title='bbox 2096 5293 2188 5362; x_wconf 88' lang='lat' dir='ltr'><strong>qui</strong></span> 
     </span>
    </p>
   </div>
   <div class='ocr_carea' id='block_1_69' title="bbox 632 5397 1287 5464">
    <p class='ocr_par' dir='ltr' id='par_1_69' title="bbox 632 5397 1287 5464">
     <span class='ocr_line' id='line_1_69' title="bbox 632 5397 1287 5464; baseline -0.012 -9"><span class='ocrx_word' id='word_1_455' title='bbox 632 5419 753 5455; x_wconf 78' lang='lat' dir='ltr'><strong>cum</strong></span> <span class='ocrx_word' id='word_1_456' title='bbox 784 5414 846 5453; x_wconf 81' lang='lat' dir='ltr'><strong>ea</strong></span> <span class='ocrx_word' id='word_1_457' title='bbox 872 5397 1152 5464; x_wconf 83' lang='lat' dir='ltr'><strong>copulatus</strong></span> <span class='ocrx_word' id='word_1_458' title='bbox 1183 5403 1287 5447; x_wconf 87' lang='lat' dir='ltr'><strong>est.</strong></span> 
     </span>
    </p>
   </div>
   <div class='ocr_carea' id='block_1_70' title="bbox 704 5482 1720 5559">
    <p class='ocr_par' dir='ltr' id='par_1_70' title="bbox 704 5482 1720 5559">
     <span class='ocr_line' id='line_1_70' title="bbox 704 5482 1720 5559; baseline -0.008 -15"><span class='ocrx_word' id='word_1_459' title='bbox 704 5488 905 5559; x_wconf 73' lang='lat' dir='ltr'><strong>Synodi</strong></span> <span class='ocrx_word' id='word_1_460' title='bbox 935 5484 1393 5541; x_wconf 78' lang='lat' dir='ltr'><strong>Chalcedonensis</strong></span> <span class='ocrx_word' id='word_1_461' title='bbox 1425 5499 1597 5537; x_wconf 77' lang='lat' dir='ltr'><strong>canon</strong></span> <span class='ocrx_word' id='word_1_462' title='bbox 1631 5482 1720 5536; x_wconf 79' lang='grc'><strong>15.</strong></span> 
     </span>
    </p>
   </div>
   <div class='ocr_carea' id='block_1_71' title="bbox 702 5573 1699 5651">
    <p class='ocr_par' dir='ltr' id='par_1_71' title="bbox 702 5573 1699 5651">
     <span class='ocr_line' id='line_1_71' title="bbox 702 5573 1699 5651; baseline -0.008 -17"><span class='ocrx_word' id='word_1_463' title='bbox 702 5581 901 5651; x_wconf 76' lang='lat' dir='ltr'><strong>Synodi</strong></span> <span class='ocrx_word' id='word_1_464' title='bbox 936 5580 999 5633; x_wconf 80' lang='lat' dir='ltr'><strong>Vl</strong></span> <span class='ocrx_word' id='word_1_465' title='bbox 1031 5593 1200 5633; x_wconf 84' lang='lat' dir='ltr'><strong>canon</strong></span> <span class='ocrx_word' id='word_1_466' title='bbox 1232 5577 1318 5641; x_wconf 75' lang='grc'><strong>14,</strong></span> <span class='ocrx_word' id='word_1_467' title='bbox 1357 5576 1443 5639; x_wconf 69' lang='grc'><strong>40,</strong></span> <span class='ocrx_word' id='word_1_468' title='bbox 1479 5575 1546 5627; x_wconf 70' lang='grc'><strong>47</strong></span> <span class='ocrx_word' id='word_1_469' title='bbox 1567 5615 1581 5639; x_wconf 87' lang='grc'><strong>,</strong></span> <span class='ocrx_word' id='word_1_470' title='bbox 1609 5573 1699 5626; x_wconf 69' lang='grc'><strong>48.</strong></span> 
     </span>
    </p>
   </div>
   <div class='ocr_carea' id='block_1_72' title="bbox 703 5667 1600 5724">
    <p class='ocr_par' dir='ltr' id='par_1_72' title="bbox 703 5667 1600 5724">
     <span class='ocr_line' id='line_1_72' title="bbox 703 5667 1600 5724; baseline -0.006 0"><span class='ocrx_word' id='word_1_471' title='bbox 703 5672 888 5724; x_wconf 81' lang='lat' dir='ltr'><strong>Sancti</strong></span> <span class='ocrx_word' id='word_1_472' title='bbox 917 5669 1100 5723; x_wconf 70' lang='lat' dir='ltr'><strong>Basilii</strong></span> <span class='ocrx_word' id='word_1_473' title='bbox 1127 5684 1300 5724; x_wconf 80' lang='lat' dir='ltr'><strong>canon</strong></span> <span class='ocrx_word' id='word_1_474' title='bbox 1332 5667 1401 5718; x_wconf 73' lang='lat' dir='ltr'><strong>2t</strong></span> <span class='ocrx_word' id='word_1_475' title='bbox 1428 5678 1481 5720; x_wconf 83' lang='lat' dir='ltr'><strong>et</strong></span> <span class='ocrx_word' id='word_1_476' title='bbox 1511 5667 1600 5719; x_wconf 70' lang='grc' dir='ltr'><strong>Η.</strong></span> 
     </span>
    </p>
   </div>
   <div class='ocr_carea' id='block_1_73' title="bbox 703 5760 1430 5833">
    <p class='ocr_par' dir='ltr' id='par_1_73' title="bbox 703 5760 1430 5833">
     <span class='ocr_line' id='line_1_73' title="bbox 703 5760 1430 5833; baseline -0.006 -17"><span class='ocrx_word' id='word_1_477' title='bbox 703 5763 856 5833; x_wconf 85' lang='lat' dir='ltr'><strong>Legis</strong></span> <span class='ocrx_word' id='word_1_478' title='bbox 896 5775 1057 5832; x_wconf 84' lang='lat' dir='ltr'><strong>caput</strong></span> <span class='ocrx_word' id='word_1_479' title='bbox 1091 5761 1143 5828; x_wconf 84' lang='lat'><strong>5,</strong></span> <span class='ocrx_word' id='word_1_480' title='bbox 1173 5762 1241 5815; x_wconf 65' lang='grc'><strong>45</strong></span> <span class='ocrx_word' id='word_1_481' title='bbox 1265 5770 1317 5813; x_wconf 84' lang='grc' dir='ltr'><strong>ει</strong></span> <span class='ocrx_word' id='word_1_482' title='bbox 1341 5760 1430 5812; x_wconf 77' lang='lat'><strong>73.</strong></span> 
     </span>
    </p>
   </div>
   <div class='ocr_carea' id='block_1_74' title="bbox 2279 1917 3840 1991">
    <p class='ocr_par' dir='ltr' id='par_1_74' title="bbox 2279 1917 3840 1991">
     <span class='ocr_line' id='line_1_74' title="bbox 2279 1917 3840 1991; baseline -0.004 -17"><span class='ocrx_word' id='word_1_483' title='bbox 2279 1919 2715 1991; x_wconf 64' lang='lat' dir='ltr'><strong>evpovao‘mpttp</strong></span> <span class='ocrx_word' id='word_1_484' title='bbox 2752 1919 2965 1989; x_wconf 83' lang='grc' dir='ltr'>ἀνδρῶν</span> <span class='ocrx_word' id='word_1_485' title='bbox 2996 1917 3245 1972; x_wconf 79' lang='grc' dir='ltr'>εύλαϐῶν</span> <span class='ocrx_word' id='word_1_486' title='bbox 3274 1918 3497 1980; x_wconf 84' lang='grc' dir='ltr'><strong>τούτους</strong></span> <span class='ocrx_word' id='word_1_487' title='bbox 3550 1917 3840 1980; x_wconf 65' lang='grc' dir='ltr'>εἰσελθεῖν,</span> 
     </span>
    </p>
   </div>
   <div class='ocr_carea' id='block_1_75' title="bbox 2281 2009 3842 2082">
    <p class='ocr_par' dir='ltr' id='par_1_75' title="bbox 2281 2009 3842 2082">
     <span class='ocr_line' id='line_1_75' title="bbox 2281 2009 3842 2082; baseline -0.002 -15"><span class='ocrx_word' id='word_1_488' title='bbox 2281 2015 2372 2069; x_wconf 81' lang='grc' dir='ltr'>καὶ</span> <span class='ocrx_word' id='word_1_489' title='bbox 2403 2012 2552 2082; x_wconf 83' lang='grc' dir='ltr'>βιοῦν</span> <span class='ocrx_word' id='word_1_490' title='bbox 2572 2013 2646 2076; x_wconf 84' lang='grc' dir='ltr'>ὡς</span> <span class='ocrx_word' id='word_1_491' title='bbox 2677 2011 2831 2065; x_wconf 83' lang='grc' dir='ltr'>αὐτοί</span> <span class='ocrx_word' id='word_1_492' title='bbox 2855 2031 2871 2045; x_wconf 83' lang='grc' dir='ltr'><strong><em>ο</em></strong></span> <span class='ocrx_word' id='word_1_493' title='bbox 2902 2013 2951 2064; x_wconf 82' lang='grc' dir='ltr'><strong>εί</strong></span> <span class='ocrx_word' id='word_1_494' title='bbox 2980 2011 3035 2064; x_wconf 84' lang='grc' dir='ltr'>δὲ</span> <span class='ocrx_word' id='word_1_495' title='bbox 3060 2011 3154 2080; x_wconf 82' lang='grc' dir='ltr'>μὴ,</span> <span class='ocrx_word' id='word_1_496' title='bbox 3189 2009 3353 2063; x_wconf 76' lang='grc' dir='ltr'>παντὶ</span> <span class='ocrx_word' id='word_1_497' title='bbox 3409 2010 3593 2080; x_wconf 86' lang='grc' dir='ltr'>τρόπῳ</span> <span class='ocrx_word' id='word_1_498' title='bbox 3618 2009 3842 2064; x_wconf 79' lang='grc' dir='ltr'><strong>τούτους</strong></span> 
     </span>
    </p>
   </div>
   <div class='ocr_carea' id='block_1_76' title="bbox 2283 2096 3843 2166">
    <p class='ocr_par' dir='ltr' id='par_1_76' title="bbox 2283 2096 3843 2166">
     <span class='ocr_line' id='line_1_76' title="bbox 2283 2096 3843 2166; baseline -0.007 -7"><span class='ocrx_word' id='word_1_499' title='bbox 2283 2102 2616 2159; x_wconf 82' lang='grc' dir='ltr'><strong>ἀπελαύνειν</strong></span> <span class='ocrx_word' id='word_1_500' title='bbox 2642 2100 2752 2157; x_wconf 87' lang='grc' dir='ltr'><strong>τῶν</strong></span> <span class='ocrx_word' id='word_1_501' title='bbox 2783 2099 3013 2166; x_wconf 83' lang='grc' dir='ltr'>πόλεων,</span> <span class='ocrx_word' id='word_1_502' title='bbox 3058 2099 3151 2151; x_wconf 76' lang='grc' dir='ltr'>καὶ</span> <span class='ocrx_word' id='word_1_503' title='bbox 3197 2096 3600 2166; x_wconf 76' lang='grc' dir='ltr'><strong>ἀναγκάζεσθαι</strong></span> <span class='ocrx_word' id='word_1_504' title='bbox 3635 2097 3694 2150; x_wconf 81' lang='grc' dir='ltr'>ὲν</span> <span class='ocrx_word' id='word_1_505' title='bbox 3719 2099 3843 2158; x_wconf 75' lang='grc' dir='ltr'>ταῖς</span> 
     </span>
    </p>
   </div>
   <div class='ocr_carea' id='block_1_77' title="bbox 2279 2195 2734 2266">
    <p class='ocr_par' dir='ltr' id='par_1_77' title="bbox 2279 2195 2734 2266">
     <span class='ocr_line' id='line_1_77' title="bbox 2279 2195 2734 2266; baseline -0.002 -17"><span class='ocrx_word' id='word_1_506' title='bbox 2279 2197 2511 2266; x_wconf 70' lang='grc' dir='ltr'>ἐρήμοις</span> <span class='ocrx_word' id='word_1_507' title='bbox 2541 2195 2734 2248; x_wconf 79' lang='grc' dir='ltr'><strong>οἰκεῖν.</strong></span> 
     </span>
    </p>
   </div>
   <div class='ocr_carea' id='block_1_78' title="bbox 2333 2281 3236 2354">
    <p class='ocr_par' dir='ltr' id='par_1_78' title="bbox 2333 2281 3236 2354">
     <span class='ocr_line' id='line_1_78' title="bbox 2333 2281 3236 2354; baseline -0.003 -16"><span class='ocrx_word' id='word_1_508' title='bbox 2333 2285 2561 2338; x_wconf 84' lang='grc' dir='ltr'>Συνόδου</span> <span class='ocrx_word' id='word_1_509' title='bbox 2598 2283 2653 2348; x_wconf 87' lang='grc' dir='ltr'>ς’</span> <span class='ocrx_word' id='word_1_510' title='bbox 2680 2283 2863 2337; x_wconf 82' lang='grc' dir='ltr'>κανὼν</span> <span class='ocrx_word' id='word_1_511' title='bbox 2895 2281 2983 2354; x_wconf 84' lang='grc' dir='ltr'>μα’</span> <span class='ocrx_word' id='word_1_512' title='bbox 3007 2284 3102 2336; x_wconf 73' lang='grc' dir='ltr'>καὶ</span> <span class='ocrx_word' id='word_1_513' title='bbox 3125 2281 3236 2353; x_wconf 82' lang='grc' dir='ltr'><strong>μβ’.</strong></span> 
     </span>
    </p>
   </div>
   <div class='ocr_carea' id='block_1_79' title="bbox 2351 2371 3845 2450">
    <p class='ocr_par' dir='ltr' id='par_1_79' title="bbox 2351 2371 3845 2450">
     <span class='ocr_line' id='line_1_79' title="bbox 2351 2371 3845 2450; baseline -0.005 -20"><span class='ocrx_word' id='word_1_514' title='bbox 2351 2373 2456 2447; x_wconf 86' lang='grc' dir='ltr'>ρη⁹.</span> <span class='ocrx_word' id='word_1_515' title='bbox 2498 2375 2707 2450; x_wconf 59' lang='grc' dir='ltr'>Ὀτιὶού</span> <span class='ocrx_word' id='word_1_516' title='bbox 2733 2374 2816 2427; x_wconf 89' lang='grc' dir='ltr'>δεῖ</span> <span class='ocrx_word' id='word_1_517' title='bbox 2848 2375 3148 2443; x_wconf 78' lang='grc' dir='ltr'>μοναχοὺς,</span> <span class='ocrx_word' id='word_1_518' title='bbox 3179 2374 3212 2445; x_wconf 78' lang='grc' dir='ltr'>ἢ</span> <span class='ocrx_word' id='word_1_519' title='bbox 3259 2374 3586 2444; x_wconf 81' lang='grc' dir='ltr'><strong>παρθένους,</strong></span> <span class='ocrx_word' id='word_1_520' title='bbox 3619 2371 3697 2442; x_wconf 84' lang='grc' dir='ltr'><strong>τῷ</strong></span> <span class='ocrx_word' id='word_1_521' title='bbox 3725 2371 3845 2441; x_wconf 84' lang='grc' dir='ltr'><strong>Θεῷ</strong></span> 
     </span>
    </p>
   </div>
   <div class='ocr_carea' id='block_1_80' title="bbox 2281 2463 3848 2535">
    <p class='ocr_par' dir='ltr' id='par_1_80' title="bbox 2281 2463 3848 2535">
     <span class='ocr_line' id='line_1_80' title="bbox 2281 2463 3848 2535; baseline -0.004 -14"><span class='ocrx_word' id='word_1_522' title='bbox 2281 2466 2641 2527; x_wconf 69' lang='grc' dir='ltr'>ἀνατιθέντας</span> <span class='ocrx_word' id='word_1_523' title='bbox 2666 2465 2746 2527; x_wconf 83' lang='grc' dir='ltr'><strong>είς</strong></span> <span class='ocrx_word' id='word_1_524' title='bbox 2789 2466 2966 2532; x_wconf 83' lang='grc' dir='ltr'>γάμον</span> <span class='ocrx_word' id='word_1_525' title='bbox 3002 2464 3199 2529; x_wconf 74' lang='grc' dir='ltr'>ἐλθεῖν,</span> <span class='ocrx_word' id='word_1_526' title='bbox 3254 2465 3288 2535; x_wconf 74' lang='grc' dir='ltr'>ἢ</span> <span class='ocrx_word' id='word_1_527' title='bbox 3345 2463 3688 2532; x_wconf 75' lang='grc' dir='ltr'>ἁρπάζεσθαι</span> <span class='ocrx_word' id='word_1_528' title='bbox 3739 2463 3848 2515; x_wconf 79' lang='grc' dir='ltr'><strong>ὑπο</strong></span> 
     </span>
    </p>
   </div>
   <div class='ocr_carea' id='block_1_81' title="bbox 2280 2551 3844 2628">
    <p class='ocr_par' dir='ltr' id='par_1_81' title="bbox 2280 2551 3844 2628">
     <span class='ocr_line' id='line_1_81' title="bbox 2280 2551 3844 2628; baseline -0.003 -17"><span class='ocrx_word' id='word_1_529' title='bbox 2280 2575 2448 2622; x_wconf 87' lang='grc' dir='ltr'>τινος,</span> <span class='ocrx_word' id='word_1_530' title='bbox 2478 2555 2853 2627; x_wconf 58' lang='lat' dir='ltr'><strong>meamea;</strong></span> <span class='ocrx_word' id='word_1_531' title='bbox 2876 2570 2890 2583; x_wconf 87' lang='lat'><strong><em>°</em></strong></span> <span class='ocrx_word' id='word_1_532' title='bbox 2916 2556 3040 2628; x_wconf 58' lang='grc' dir='ltr'>ἐπεὶ</span> <span class='ocrx_word' id='word_1_533' title='bbox 3060 2557 3087 2608; x_wconf 83' lang='grc' dir='ltr'><em>ὁ</em></span> <span class='ocrx_word' id='word_1_534' title='bbox 3119 2555 3219 2624; x_wconf 84' lang='grc' dir='ltr'>μὲν</span> <span class='ocrx_word' id='word_1_535' title='bbox 3246 2555 3426 2624; x_wconf 82' lang='grc' dir='ltr'><strong>γάμος</strong></span> <span class='ocrx_word' id='word_1_536' title='bbox 3451 2553 3656 2618; x_wconf 78' lang='grc' dir='ltr'><strong>λύεται,</strong></span> <span class='ocrx_word' id='word_1_537' title='bbox 3689 2551 3844 2606; x_wconf 65' lang='grc' dir='ltr'>αὐτοὶ</span> 
     </span>
    </p>
   </div>
   <div class='ocr_carea' id='block_1_82' title="bbox 2280 2644 3848 2718">
    <p class='ocr_par' dir='ltr' id='par_1_82' title="bbox 2280 2644 3848 2718">
     <span class='ocr_line' id='line_1_82' title="bbox 2280 2644 3848 2718; baseline -0.003 -16"><span class='ocrx_word' id='word_1_538' title='bbox 2280 2649 2337 2702; x_wconf 77' lang='grc' dir='ltr'>δὲ</span> <span class='ocrx_word' id='word_1_539' title='bbox 2359 2645 2732 2718; x_wconf 69' lang='grc' dir='ltr'>ἑπιτιμῶνται</span> <span class='ocrx_word' id='word_1_540' title='bbox 2759 2646 2817 2698; x_wconf 81' lang='grc' dir='ltr'>ὲν</span> <span class='ocrx_word' id='word_1_541' title='bbox 2841 2645 2981 2699; x_wconf 72' lang='grc' dir='ltr'>ἑπτὰ</span> <span class='ocrx_word' id='word_1_542' title='bbox 3013 2646 3188 2698; x_wconf 79' lang='grc' dir='ltr'>ἔτεσιν</span> <span class='ocrx_word' id='word_1_543' title='bbox 3212 2663 3227 2676; x_wconf 83' lang='lat'><strong><em>°</em></strong></span> <span class='ocrx_word' id='word_1_544' title='bbox 3248 2647 3295 2699; x_wconf 77' lang='grc' dir='ltr'>ει</span> <span class='ocrx_word' id='word_1_545' title='bbox 3329 2645 3386 2698; x_wconf 80' lang='grc' dir='ltr'>δὲ</span> <span class='ocrx_word' id='word_1_546' title='bbox 3409 2645 3694 2715; x_wconf 84' lang='grc' dir='ltr'>ίερωμὲνοι</span> <span class='ocrx_word' id='word_1_547' title='bbox 3714 2644 3848 2709; x_wconf 71' lang='grc' dir='ltr'>εἶσὶ,</span> 
     </span>
    </p>
   </div>
   <div class='ocr_carea' id='block_1_83' title="bbox 2281 2735 3850 2809">
    <p class='ocr_par' dir='ltr' id='par_1_83' title="bbox 2281 2735 3850 2809">
     <span class='ocr_line' id='line_1_83' title="bbox 2281 2735 3850 2809; baseline -0.004 -14"><span class='ocrx_word' id='word_1_548' title='bbox 2281 2741 2377 2795; x_wconf 78' lang='grc' dir='ltr'>καὶ</span> <span class='ocrx_word' id='word_1_549' title='bbox 2410 2737 2838 2809; x_wconf 78' lang='grc' dir='ltr'>καθαιροῦνται·</span> <span class='ocrx_word' id='word_1_550' title='bbox 2889 2740 2937 2790; x_wconf 87' lang='grc' dir='ltr'><strong>εί</strong></span> <span class='ocrx_word' id='word_1_551' title='bbox 2983 2738 3038 2790; x_wconf 70' lang='grc' dir='ltr'>δὲ</span> <span class='ocrx_word' id='word_1_552' title='bbox 3063 2737 3263 2800; x_wconf 80' lang='grc' dir='ltr'>τέλειός</span> <span class='ocrx_word' id='word_1_553' title='bbox 3315 2735 3680 2809; x_wconf 68' lang='grc' dir='ltr'>[υείτελείωέ]</span> <span class='ocrx_word' id='word_1_554' title='bbox 3726 2737 3850 2789; x_wconf 77' lang='grc' dir='ltr'><strong>ιστ.</strong></span> 
     </span>
    </p>
   </div>
   <div class='ocr_carea' id='block_1_84' title="bbox 2284 2827 3849 2902">
    <p class='ocr_par' dir='ltr' id='par_1_84' title="bbox 2284 2827 3849 2902">
     <span class='ocr_line' id='line_1_84' title="bbox 2284 2827 3849 2902; baseline -0.002 -17"><span class='ocrx_word' id='word_1_555' title='bbox 2284 2831 2727 2902; x_wconf 78' lang='grc' dir='ltr'>μεγαλόσχημος,</span> <span class='ocrx_word' id='word_1_556' title='bbox 2749 2831 2807 2882; x_wconf 84' lang='grc' dir='ltr'>ὲν</span> <span class='ocrx_word' id='word_1_557' title='bbox 2832 2829 3130 2881; x_wconf 81' lang='grc' dir='ltr'>δεκαπέντε</span> <span class='ocrx_word' id='word_1_558' title='bbox 3151 2829 3328 2882; x_wconf 73' lang='grc' dir='ltr'>ἔτεσιν</span> <span class='ocrx_word' id='word_1_559' title='bbox 3355 2829 3680 2899; x_wconf 74' lang='grc' dir='ltr'><strong>ἐπιτιμᾶται</strong></span> <span class='ocrx_word' id='word_1_560' title='bbox 3703 2843 3717 2859; x_wconf 78' lang='grc' dir='ltr'><strong>ο</strong></span> <span class='ocrx_word' id='word_1_561' title='bbox 3738 2827 3849 2882; x_wconf 63' lang='grc' dir='ltr'><strong>ἀπὸ</strong></span> 
     </span>
    </p>
   </div>
   <div class='ocr_carea' id='block_1_85' title="bbox 2278 2919 3356 2991">
    <p class='ocr_par' dir='ltr' id='par_1_85' title="bbox 2278 2919 3356 2991">
     <span class='ocr_line' id='line_1_85' title="bbox 2278 2919 3356 2991; baseline -0.003 -13"><span class='ocrx_word' id='word_1_562' title='bbox 2278 2923 2337 2977; x_wconf 76' lang='grc' dir='ltr'>δι</span> <span class='ocrx_word' id='word_1_563' title='bbox 2364 2920 2463 2977; x_wconf 60' lang='lat' dir='ltr'><strong>toﬁ</strong></span> <span class='ocrx_word' id='word_1_564' title='bbox 2488 2921 2655 2990; x_wconf 85' lang='grc' dir='ltr'>νόμου</span> <span class='ocrx_word' id='word_1_565' title='bbox 2686 2919 2996 2989; x_wconf 82' lang='grc' dir='ltr'>κεφαλικῶς</span> <span class='ocrx_word' id='word_1_566' title='bbox 3012 2923 3356 2991; x_wconf 78' lang='grc' dir='ltr'>τιμωρεῖται.</span> 
     </span>
    </p>
   </div>
   <div class='ocr_carea' id='block_1_86' title="bbox 2209 3069 3215 3192">
    <p class='ocr_par' dir='ltr' id='par_1_86' title="bbox 2209 3069 3215 3192">
     <span class='ocr_line' id='line_1_86' title="bbox 2209 3069 3215 3192; baseline 0.003 -29"><span class='ocrx_word' id='word_1_567' title='bbox 2209 3135 2251 3192; x_wconf 76' lang='lat' dir='ltr'><strong><em>C</em></strong></span> <span class='ocrx_word' id='word_1_568' title='bbox 2347 3109 2575 3164; x_wconf 84' lang='grc' dir='ltr'>Συνόδου</span> <span class='ocrx_word' id='word_1_569' title='bbox 2605 3110 2880 3180; x_wconf 71' lang='grc' dir='ltr'>Ἀγκύρας</span> <span class='ocrx_word' id='word_1_570' title='bbox 2912 3069 3093 3164; x_wconf 77' lang='grc' dir='ltr'>κανὼν</span> <span class='ocrx_word' id='word_1_571' title='bbox 3127 3109 3215 3166; x_wconf 78' lang='grc' dir='ltr'><strong>ιϐ’.</strong></span> 
     </span>
    </p>
   </div>
   <div class='ocr_carea' id='block_1_87' title="bbox 2342 3201 3282 3272">
    <p class='ocr_par' dir='ltr' id='par_1_87' title="bbox 2342 3201 3282 3272">
     <span class='ocr_line' id='line_1_87' title="bbox 2342 3201 3282 3272; baseline 0.005 -18"><span class='ocrx_word' id='word_1_572' title='bbox 2342 3202 2571 3254; x_wconf 83' lang='grc' dir='ltr'>Συνόδου</span> <span class='ocrx_word' id='word_1_573' title='bbox 2606 3202 2946 3272; x_wconf 79' lang='grc' dir='ltr'>Καλχηδόνος</span> <span class='ocrx_word' id='word_1_574' title='bbox 2985 3202 3165 3256; x_wconf 86' lang='grc' dir='ltr'>κανὼν</span> <span class='ocrx_word' id='word_1_575' title='bbox 3206 3201 3282 3267; x_wconf 82' lang='grc' dir='ltr'><strong>ς’.</strong></span> 
     </span>
    </p>
   </div>
   <div class='ocr_carea' id='block_1_88' title="bbox 2342 3292 3172 3365">
    <p class='ocr_par' dir='ltr' id='par_1_88' title="bbox 2342 3292 3172 3365">
     <span class='ocr_line' id='line_1_88' title="bbox 2342 3292 3172 3365; baseline 0.005 -20"><span class='ocrx_word' id='word_1_576' title='bbox 2342 3292 2568 3347; x_wconf 84' lang='grc' dir='ltr'>Συνὸδου</span> <span class='ocrx_word' id='word_1_577' title='bbox 2589 3299 2641 3357; x_wconf 85' lang='grc' dir='ltr'>ς’</span> <span class='ocrx_word' id='word_1_578' title='bbox 2670 3293 2850 3347; x_wconf 84' lang='grc' dir='ltr'>κανὼν</span> <span class='ocrx_word' id='word_1_579' title='bbox 2877 3294 2918 3347; x_wconf 87' lang='grc' dir='ltr'>δ’</span> <span class='ocrx_word' id='word_1_580' title='bbox 2947 3295 3039 3348; x_wconf 80' lang='grc' dir='ltr'>καὶ</span> <span class='ocrx_word' id='word_1_581' title='bbox 3068 3293 3172 3365; x_wconf 87' lang='grc' dir='ltr'>μδ’.</span> 
     </span>
    </p>
   </div>
   <div class='ocr_carea' id='block_1_89' title="bbox 2344 3380 3846 3453">
    <p class='ocr_par' dir='ltr' id='par_1_89' title="bbox 2344 3380 3846 3453">
     <span class='ocr_line' id='line_1_89' title="bbox 2344 3380 3846 3453; baseline -0.002 -15"><span class='ocrx_word' id='word_1_582' title='bbox 2344 3384 2451 3438; x_wconf 78' lang='lat' dir='ltr'><strong>Kal.</strong></span> <span class='ocrx_word' id='word_1_583' title='bbox 2527 3385 2623 3437; x_wconf 79' lang='grc' dir='ltr'><strong>τοῦ</strong></span> <span class='ocrx_word' id='word_1_584' title='bbox 2701 3385 2858 3453; x_wconf 64' lang='grc' dir='ltr'>ἁγίου</span> <span class='ocrx_word' id='word_1_585' title='bbox 2935 3384 3217 3438; x_wconf 82' lang='grc' dir='ltr'>Βασιλεξου</span> <span class='ocrx_word' id='word_1_586' title='bbox 3285 3384 3465 3438; x_wconf 87' lang='grc' dir='ltr'>κανὼν</span> <span class='ocrx_word' id='word_1_587' title='bbox 3526 3391 3602 3449; x_wconf 80' lang='grc' dir='ltr'>ς’,</span> <span class='ocrx_word' id='word_1_588' title='bbox 3650 3380 3739 3452; x_wconf 87' lang='grc' dir='ltr'><strong>ιη’,</strong></span> <span class='ocrx_word' id='word_1_589' title='bbox 3777 3382 3846 3435; x_wconf 79' lang='grc' dir='ltr'>ιθ⁰</span> 
     </span>
    </p>
   </div>
   <div class='ocr_carea' id='block_1_90' title="bbox 2283 3473 2472 3542">
    <p class='ocr_par' dir='ltr' id='par_1_90' title="bbox 2283 3473 2472 3542">
     <span class='ocr_line' id='line_1_90' title="bbox 2283 3473 2472 3542; baseline -0.011 -13"><span class='ocrx_word' id='word_1_590' title='bbox 2283 3476 2382 3529; x_wconf 82' lang='grc' dir='ltr'>καὶ</span> <span class='ocrx_word' id='word_1_591' title='bbox 2405 3473 2472 3542; x_wconf 81' lang='grc' dir='ltr'><strong>ξ’.</strong></span> 
     </span>
    </p>
   </div>
   <div class='ocr_carea' id='block_1_91' title="bbox 2329 3567 3365 3639">
    <p class='ocr_par' dir='ltr' id='par_1_91' title="bbox 2329 3567 3365 3639">
     <span class='ocr_line' id='line_1_91' title="bbox 2329 3567 3365 3639; baseline 0.001 -18"><span class='ocrx_word' id='word_1_592' title='bbox 2329 3569 2439 3622; x_wconf 80' lang='grc' dir='ltr'><strong>Καὶ</strong></span> <span class='ocrx_word' id='word_1_593' title='bbox 2457 3569 2680 3639; x_wconf 78' lang='grc' dir='ltr'>νομικὸν</span> <span class='ocrx_word' id='word_1_594' title='bbox 2709 3568 3005 3638; x_wconf 81' lang='grc' dir='ltr'>κεφάλαιον</span> <span class='ocrx_word' id='word_1_595' title='bbox 3032 3575 3114 3622; x_wconf 89' lang='grc' dir='ltr'>πε¹</span> <span class='ocrx_word' id='word_1_596' title='bbox 3147 3568 3242 3621; x_wconf 79' lang='grc' dir='ltr'>καὶ</span> <span class='ocrx_word' id='word_1_597' title='bbox 3269 3567 3365 3634; x_wconf 88' lang='grc' dir='ltr'>πς⁹</span> 
     </span>
    </p>
   </div>
   <div class='ocr_carea' id='block_1_92' title="bbox 2344 3641 3850 3732">
    <p class='ocr_par' dir='ltr' id='par_1_92' title="bbox 2344 3641 3850 3732">
     <span class='ocr_line' id='line_1_92' title="bbox 2344 3641 3850 3732; baseline 0.001 -22"><span class='ocrx_word' id='word_1_598' title='bbox 2344 3657 2446 3728; x_wconf 83' lang='grc' dir='ltr'>ρθ⁹.</span> <span class='ocrx_word' id='word_1_599' title='bbox 2476 3659 2600 3713; x_wconf 80' lang='grc' dir='ltr'>Ὀτι</span> <span class='ocrx_word' id='word_1_600' title='bbox 2629 3661 2691 3713; x_wconf 87' lang='grc' dir='ltr'>ού</span> <span class='ocrx_word' id='word_1_601' title='bbox 2715 3641 2816 3724; x_wconf 83' lang='grc' dir='ltr'>δεῖ,</span> <span class='ocrx_word' id='word_1_602' title='bbox 2844 3662 2892 3714; x_wconf 80' lang='grc' dir='ltr'>εί</span> <span class='ocrx_word' id='word_1_603' title='bbox 2943 3660 3018 3732; x_wconf 79' lang='grc' dir='ltr'>μὴ</span> <span class='ocrx_word' id='word_1_604' title='bbox 3041 3661 3107 3713; x_wconf 85' lang='grc' dir='ltr'><strong>δι’</strong></span> <span class='ocrx_word' id='word_1_605' title='bbox 3145 3662 3414 3728; x_wconf 80' lang='grc' dir='ltr'>ἀνάγκην,</span> <span class='ocrx_word' id='word_1_606' title='bbox 3468 3659 3601 3713; x_wconf 77' lang='grc' dir='ltr'>εἵσω</span> <span class='ocrx_word' id='word_1_607' title='bbox 3627 3659 3735 3713; x_wconf 83' lang='grc' dir='ltr'><strong>τῶν</strong></span> <span class='ocrx_word' id='word_1_608' title='bbox 3766 3662 3850 3712; x_wconf 75' lang='grc' dir='ltr'>κε’</span> 
     </span>
    </p>
   </div>
   <div class='ocr_carea' id='block_1_93' title="bbox 2287 3749 3848 3822">
    <p class='ocr_par' dir='ltr' id='par_1_93' title="bbox 2287 3749 3848 3822">
     <span class='ocr_line' id='line_1_93' title="bbox 2287 3749 3848 3822; baseline 0 -20"><span class='ocrx_word' id='word_1_609' title='bbox 2287 3749 2513 3820; x_wconf 87' lang='grc' dir='ltr'>χρόνων,</span> <span class='ocrx_word' id='word_1_610' title='bbox 2547 3751 2581 3821; x_wconf 80' lang='grc' dir='ltr'>ἢ</span> <span class='ocrx_word' id='word_1_611' title='bbox 2612 3749 2677 3814; x_wconf 77' lang='grc' dir='ltr'><strong>ιζ’</strong></span> <span class='ocrx_word' id='word_1_612' title='bbox 2701 3751 2937 3822; x_wconf 81' lang='grc' dir='ltr'>ἡλικίας,</span> <span class='ocrx_word' id='word_1_613' title='bbox 2969 3750 3273 3822; x_wconf 81' lang='grc' dir='ltr'>παρθένους</span> <span class='ocrx_word' id='word_1_614' title='bbox 3298 3753 3380 3814; x_wconf 85' lang='grc' dir='ltr'><strong>είς</strong></span> <span class='ocrx_word' id='word_1_615' title='bbox 3425 3750 3486 3803; x_wconf 83' lang='grc' dir='ltr'><strong>τὸ</strong></span> <span class='ocrx_word' id='word_1_616' title='bbox 3524 3751 3630 3803; x_wconf 85' lang='grc' dir='ltr'><strong>τῶν</strong></span> <span class='ocrx_word' id='word_1_617' title='bbox 3681 3767 3848 3818; x_wconf 57' lang='grc' dir='ltr'>μυκα-</span> 
     </span>
    </p>
   </div>
   <div class='ocr_carea' id='block_1_94' title="bbox 2287 3837 3849 3909">
    <p class='ocr_par' dir='ltr' id='par_1_94' title="bbox 2287 3837 3849 3909">
     <span class='ocr_line' id='line_1_94' title="bbox 2287 3837 3849 3909; baseline 0.002 -19"><span class='ocrx_word' id='word_1_618' title='bbox 2287 3837 2396 3906; x_wconf 86' lang='grc' dir='ltr'>χῶν</span> <span class='ocrx_word' id='word_1_619' title='bbox 2429 3838 2584 3906; x_wconf 83' lang='grc' dir='ltr'>ἆγιον</span> <span class='ocrx_word' id='word_1_620' title='bbox 2615 3841 2799 3908; x_wconf 79' lang='grc' dir='ltr'>σχῆμα</span> <span class='ocrx_word' id='word_1_621' title='bbox 2829 3839 3026 3893; x_wconf 77' lang='grc' dir='ltr'>ἐλθεῖν.</span> <span class='ocrx_word' id='word_1_622' title='bbox 3071 3839 3214 3892; x_wconf 82' lang='grc' dir='ltr'>Ἀλλ’</span> <span class='ocrx_word' id='word_1_623' title='bbox 3236 3838 3358 3891; x_wconf 72' lang='grc' dir='ltr'><strong>οὐδὲ</strong></span> <span class='ocrx_word' id='word_1_624' title='bbox 3403 3841 3460 3894; x_wconf 77' lang='grc' dir='ltr'>ὲν</span> <span class='ocrx_word' id='word_1_625' title='bbox 3481 3839 3558 3909; x_wconf 83' lang='grc' dir='ltr'><strong>τῷ</strong></span> <span class='ocrx_word' id='word_1_626' title='bbox 3630 3839 3849 3906; x_wconf 64' lang='grc' dir='ltr'>μέλλειν</span> 
     </span>
    </p>
   </div>
   <div class='ocr_carea' id='block_1_95' title="bbox 2289 3930 3846 4000">
    <p class='ocr_par' dir='ltr' id='par_1_95' title="bbox 2289 3930 3846 4000">
     <span class='ocr_line' id='line_1_95' title="bbox 2289 3930 3846 4000; baseline 0.001 -20"><span class='ocrx_word' id='word_1_627' title='bbox 2289 3931 2570 3998; x_wconf 81' lang='grc' dir='ltr'>κείρεσθαι</span> <span class='ocrx_word' id='word_1_628' title='bbox 2607 3931 2814 3998; x_wconf 75' lang='grc' dir='ltr'>ὀφείλει</span> <span class='ocrx_word' id='word_1_629' title='bbox 2849 3930 3180 4000; x_wconf 80' lang='grc' dir='ltr'>κοσμεῖσθαι</span> <span class='ocrx_word' id='word_1_630' title='bbox 3243 3931 3481 4000; x_wconf 75' lang='grc' dir='ltr'>ἱματίοις</span> <span class='ocrx_word' id='word_1_631' title='bbox 3542 3931 3846 3992; x_wconf 71' lang='grc' dir='ltr'>ποικίλοις·</span> 
     </span>
    </p>
   </div>
   <div class='ocr_carea' id='block_1_96' title="bbox 2291 4019 3847 4092">
    <p class='ocr_par' dir='ltr' id='par_1_96' title="bbox 2291 4019 3847 4092">
     <span class='ocr_line' id='line_1_96' title="bbox 2291 4019 3847 4092; baseline -0.002 -18"><span class='ocrx_word' id='word_1_632' title='bbox 2291 4025 2427 4092; x_wconf 82' lang='grc' dir='ltr'>μήτε</span> <span class='ocrx_word' id='word_1_633' title='bbox 2457 4022 2514 4074; x_wconf 77' lang='grc' dir='ltr'>δὲ</span> <span class='ocrx_word' id='word_1_634' title='bbox 2540 4025 2788 4091; x_wconf 82' lang='grc' dir='ltr'>προϊέναι</span> <span class='ocrx_word' id='word_1_635' title='bbox 2832 4023 2930 4090; x_wconf 73' lang='grc' dir='ltr'>τῆς</span> <span class='ocrx_word' id='word_1_636' title='bbox 2967 4021 3133 4091; x_wconf 85' lang='grc' dir='ltr'>μονῆς</span> <span class='ocrx_word' id='word_1_637' title='bbox 3170 4021 3297 4074; x_wconf 77' lang='grc' dir='ltr'>ἄνευ</span> <span class='ocrx_word' id='word_1_638' title='bbox 3341 4019 3564 4090; x_wconf 82' lang='grc' dir='ltr'>γνώμης</span> <span class='ocrx_word' id='word_1_639' title='bbox 3585 4021 3683 4088; x_wconf 85' lang='grc' dir='ltr'>τῆς</span> <span class='ocrx_word' id='word_1_640' title='bbox 3711 4037 3847 4089; x_wconf 80' lang='grc' dir='ltr'>προ-</span> 
     </span>
    </p>
   </div>
   <div class='ocr_carea' id='block_1_97' title="bbox 2289 4113 3847 4183">
    <p class='ocr_par' dir='ltr' id='par_1_97' title="bbox 2289 4113 3847 4183">
     <span class='ocr_line' id='line_1_97' title="bbox 2289 4113 3847 4183; baseline -0.004 -14"><span class='ocrx_word' id='word_1_641' title='bbox 2289 4115 2552 4181; x_wconf 84' lang='grc' dir='ltr'>εστώσης,</span> <span class='ocrx_word' id='word_1_642' title='bbox 2584 4113 2679 4165; x_wconf 80' lang='grc' dir='ltr'>καὶ</span> <span class='ocrx_word' id='word_1_643' title='bbox 2700 4113 2819 4165; x_wconf 76' lang='grc' dir='ltr'>τότε</span> <span class='ocrx_word' id='word_1_644' title='bbox 2848 4113 2986 4182; x_wconf 77' lang='grc' dir='ltr'>μετὰ</span> <span class='ocrx_word' id='word_1_645' title='bbox 3019 4113 3391 4183; x_wconf 85' lang='grc' dir='ltr'>πρεσϐυτίδων</span> <span class='ocrx_word' id='word_1_646' title='bbox 3418 4113 3720 4181; x_wconf 81' lang='grc' dir='ltr'>ὲναρὲτων·</span> <span class='ocrx_word' id='word_1_647' title='bbox 3751 4113 3847 4163; x_wconf 74' lang='grc' dir='ltr'>καὶ</span> 
     </span>
    </p>
   </div>
   <div class='ocr_carea' id='block_1_98' title="bbox 2291 4204 3840 4278">
    <p class='ocr_par' dir='ltr' id='par_1_98' title="bbox 2291 4204 3840 4278">
     <span class='ocr_line' id='line_1_98' title="bbox 2291 4204 3840 4278; baseline -0.003 -20"><span class='ocrx_word' id='word_1_648' title='bbox 2291 4207 2365 4278; x_wconf 73' lang='grc' dir='ltr'>μὴ</span> <span class='ocrx_word' id='word_1_649' title='bbox 2392 4206 2495 4271; x_wconf 74' lang='grc' dir='ltr'><strong>ἔξω</strong></span> <span class='ocrx_word' id='word_1_650' title='bbox 2525 4204 2778 4260; x_wconf 77' lang='grc' dir='ltr'>κοιτῶσιν</span> <span class='ocrx_word' id='word_1_651' title='bbox 2807 4205 2944 4273; x_wconf 84' lang='grc' dir='ltr'>ὅλως</span> <span class='ocrx_word' id='word_1_652' title='bbox 2978 4207 3077 4274; x_wconf 76' lang='grc' dir='ltr'>τῆς</span> <span class='ocrx_word' id='word_1_653' title='bbox 3120 4204 3285 4274; x_wconf 84' lang='grc' dir='ltr'>μονῆς</span> <span class='ocrx_word' id='word_1_654' title='bbox 3318 4223 3332 4236; x_wconf 92' lang='grc'><strong>·</strong></span> <span class='ocrx_word' id='word_1_655' title='bbox 3384 4206 3504 4257; x_wconf 79' lang='grc' dir='ltr'>ἐπεὶ</span> <span class='ocrx_word' id='word_1_656' title='bbox 3556 4204 3840 4273; x_wconf 74' lang='grc' dir='ltr'>ἀφορίζον-</span> 
     </span>
    </p>
   </div>
   <div class='ocr_carea' id='block_1_99' title="bbox 2286 4294 3844 4366">
    <p class='ocr_par' dir='ltr' id='par_1_99' title="bbox 2286 4294 3844 4366">
     <span class='ocr_line' id='line_1_99' title="bbox 2286 4294 3844 4366; baseline -0.002 -18"><span class='ocrx_word' id='word_1_657' title='bbox 2286 4312 2410 4350; x_wconf 85' lang='grc' dir='ltr'>ται·</span> <span class='ocrx_word' id='word_1_658' title='bbox 2440 4297 2641 4366; x_wconf 83' lang='grc' dir='ltr'>ὁμοίως</span> <span class='ocrx_word' id='word_1_659' title='bbox 2679 4295 2772 4348; x_wconf 74' lang='grc' dir='ltr'>καὶ</span> <span class='ocrx_word' id='word_1_660' title='bbox 2801 4295 2895 4347; x_wconf 83' lang='grc' dir='ltr'>ὲὰν</span> <span class='ocrx_word' id='word_1_661' title='bbox 2925 4294 3325 4359; x_wconf 82' lang='grc' dir='ltr'>μεταϐαίνωσιν</span> <span class='ocrx_word' id='word_1_662' title='bbox 3382 4295 3490 4348; x_wconf 82' lang='grc' dir='ltr'><strong>ἀπὸ</strong></span> <span class='ocrx_word' id='word_1_663' title='bbox 3552 4295 3720 4364; x_wconf 77' lang='grc' dir='ltr'>μονῆς</span> <span class='ocrx_word' id='word_1_664' title='bbox 3766 4294 3844 4358; x_wconf 58' lang='lat' dir='ltr'><strong>ei;</strong></span> 
     </span>
    </p>
   </div>
   <div class='ocr_carea' id='block_1_100' title="bbox 2295 4386 2484 4455">
    <p class='ocr_par' dir='ltr' id='par_1_100' title="bbox 2295 4386 2484 4455">
     <span class='ocr_line' id='line_1_100' title="bbox 2295 4386 2484 4455; baseline 0 -17"><span class='ocrx_word' id='word_1_665' title='bbox 2295 4386 2484 4455; x_wconf 83' lang='grc' dir='ltr'>μονήν.</span> 
     </span>
    </p>
   </div>
   <div class='ocr_carea' id='block_1_101' title="bbox 2221 4475 3371 4547">
    <p class='ocr_par' dir='ltr' id='par_1_101' title="bbox 2221 4475 3371 4547">
     <span class='ocr_line' id='line_1_101' title="bbox 2221 4475 3371 4547; baseline 0.003 -19"><span class='ocrx_word' id='word_1_666' title='bbox 2221 4481 2265 4534; x_wconf 84' lang='grc' dir='ltr'><strong>ι)</strong></span> <span class='ocrx_word' id='word_1_667' title='bbox 2354 4475 2580 4529; x_wconf 84' lang='grc' dir='ltr'>Συνόδου</span> <span class='ocrx_word' id='word_1_668' title='bbox 2619 4476 2983 4547; x_wconf 80' lang='grc' dir='ltr'>Καρθαγένης</span> <span class='ocrx_word' id='word_1_669' title='bbox 3012 4475 3194 4530; x_wconf 88' lang='grc' dir='ltr'>κανὼν</span> <span class='ocrx_word' id='word_1_670' title='bbox 3222 4484 3371 4547; x_wconf 83' lang='grc' dir='ltr'>ρκς¹.</span> 
     </span>
    </p>
   </div>
   <div class='ocr_carea' id='block_1_102' title="bbox 2364 4565 3269 4634">
    <p class='ocr_par' dir='ltr' id='par_1_102' title="bbox 2364 4565 3269 4634">
     <span class='ocr_line' id='line_1_102' title="bbox 2364 4565 3269 4634; baseline -0.001 -16"><span class='ocrx_word' id='word_1_671' title='bbox 2364 4565 2590 4618; x_wconf 86' lang='grc' dir='ltr'>Συνόδου</span> <span class='ocrx_word' id='word_1_672' title='bbox 2624 4572 2678 4630; x_wconf 83' lang='grc' dir='ltr'>ς’</span> <span class='ocrx_word' id='word_1_673' title='bbox 2709 4565 2891 4619; x_wconf 85' lang='grc' dir='ltr'>κανὼν</span> <span class='ocrx_word' id='word_1_674' title='bbox 2913 4566 3010 4634; x_wconf 79' lang='grc' dir='ltr'>μς¹</span> <span class='ocrx_word' id='word_1_675' title='bbox 3036 4567 3130 4618; x_wconf 75' lang='grc' dir='ltr'><strong>καὶ</strong></span> <span class='ocrx_word' id='word_1_676' title='bbox 3165 4573 3269 4634; x_wconf 85' lang='grc' dir='ltr'>με’.</span> 
     </span>
    </p>
   </div>
   <div class='ocr_carea' id='block_1_103' title="bbox 2338 4653 2989 4717">
    <p class='ocr_par' dir='ltr' id='par_1_103' title="bbox 2338 4653 2989 4717">
     <span class='ocr_line' id='line_1_103' title="bbox 2338 4653 2989 4717; baseline 0.003 -11"><span class='ocrx_word' id='word_1_677' title='bbox 2338 4655 2564 4708; x_wconf 88' lang='grc' dir='ltr'>Συνόδου</span> <span class='ocrx_word' id='word_1_678' title='bbox 2601 4653 2644 4717; x_wconf 78' lang='grc' dir='ltr'><strong>ζ’</strong></span> <span class='ocrx_word' id='word_1_679' title='bbox 2677 4653 2853 4707; x_wconf 85' lang='grc' dir='ltr'>κανὼν</span> <span class='ocrx_word' id='word_1_680' title='bbox 2884 4653 2989 4708; x_wconf 86' lang='grc' dir='ltr'>κα’.</span> 
     </span>
    </p>
   </div>
   <div class='ocr_carea' id='block_1_104' title="bbox 2340 4746 3392 4814">
    <p class='ocr_par' dir='ltr' id='par_1_104' title="bbox 2340 4746 3392 4814">
     <span class='ocr_line' id='line_1_104' title="bbox 2340 4746 3392 4814; baseline 0.003 -15"><span class='ocrx_word' id='word_1_681' title='bbox 2340 4747 2449 4799; x_wconf 72' lang='grc' dir='ltr'><strong>Καὶ</strong></span> <span class='ocrx_word' id='word_1_682' title='bbox 2472 4749 2565 4799; x_wconf 82' lang='grc' dir='ltr'><strong>τοῦ</strong></span> <span class='ocrx_word' id='word_1_683' title='bbox 2587 4746 2744 4814; x_wconf 78' lang='grc' dir='ltr'>ἁγίου</span> <span class='ocrx_word' id='word_1_684' title='bbox 2777 4747 3060 4800; x_wconf 78' lang='grc' dir='ltr'>Βασιλείου</span> <span class='ocrx_word' id='word_1_685' title='bbox 3095 4747 3275 4799; x_wconf 87' lang='grc' dir='ltr'>κανὼν</span> <span class='ocrx_word' id='word_1_686' title='bbox 3301 4746 3392 4810; x_wconf 78' lang='grc' dir='ltr'><strong>ιζ’.</strong></span> 
     </span>
    </p>
   </div>
   <div class='ocr_carea' id='block_1_105' title="bbox 2343 4835 3848 4906">
    <p class='ocr_par' dir='ltr' id='par_1_105' title="bbox 2343 4835 3848 4906">
     <span class='ocr_line' id='line_1_105' title="bbox 2343 4835 3848 4906; baseline 0 -18"><span class='ocrx_word' id='word_1_687' title='bbox 2343 4835 2433 4905; x_wconf 85' lang='grc' dir='ltr'>ρι’.</span> <span class='ocrx_word' id='word_1_688' title='bbox 2469 4837 2588 4888; x_wconf 73' lang='grc' dir='ltr'><strong>Ὀτι</strong></span> <span class='ocrx_word' id='word_1_689' title='bbox 2611 4837 2672 4888; x_wconf 89' lang='grc' dir='ltr'>ού</span> <span class='ocrx_word' id='word_1_690' title='bbox 2712 4836 2794 4888; x_wconf 84' lang='grc' dir='ltr'><strong>δεῖ</strong></span> <span class='ocrx_word' id='word_1_691' title='bbox 2826 4837 3107 4889; x_wconf 81' lang='grc' dir='ltr'>καθεύδειν</span> <span class='ocrx_word' id='word_1_692' title='bbox 3139 4838 3373 4903; x_wconf 83' lang='grc' dir='ltr'>γυναῖκα</span> <span class='ocrx_word' id='word_1_693' title='bbox 3401 4838 3459 4888; x_wconf 79' lang='grc' dir='ltr'>ἐν</span> <span class='ocrx_word' id='word_1_694' title='bbox 3503 4835 3726 4906; x_wconf 79' lang='grc' dir='ltr'>ἀνδρῲῳ</span> <span class='ocrx_word' id='word_1_695' title='bbox 3749 4855 3848 4906; x_wconf 79' lang='grc' dir='ltr'><strong>μο-</strong></span> 
     </span>
    </p>
   </div>
   <div class='ocr_carea' id='block_1_106' title="bbox 2293 4925 3845 4998">
    <p class='ocr_par' dir='ltr' id='par_1_106' title="bbox 2293 4925 3845 4998">
     <span class='ocr_line' id='line_1_106' title="bbox 2293 4925 3845 4998; baseline -0.001 -18"><span class='ocrx_word' id='word_1_696' title='bbox 2293 4927 2589 4997; x_wconf 78' lang='grc' dir='ltr'>ναστηρίῳ,</span> <span class='ocrx_word' id='word_1_697' title='bbox 2622 4925 2746 4979; x_wconf 75' lang='grc' dir='ltr'>οὔτε</span> <span class='ocrx_word' id='word_1_698' title='bbox 2782 4928 2951 4997; x_wconf 79' lang='grc' dir='ltr'>ἄνδρα</span> <span class='ocrx_word' id='word_1_699' title='bbox 2985 4929 3042 4980; x_wconf 82' lang='grc' dir='ltr'>ὲν</span> <span class='ocrx_word' id='word_1_700' title='bbox 3068 4929 3394 4998; x_wconf 83' lang='grc' dir='ltr'>γυναικείῳ’</span> <span class='ocrx_word' id='word_1_701' title='bbox 3429 4931 3551 4981; x_wconf 77' lang='grc' dir='ltr'>ἐπεὶ</span> <span class='ocrx_word' id='word_1_702' title='bbox 3592 4929 3845 4998; x_wconf 76' lang='grc' dir='ltr'>ἀφορίζε-</span> 
     </span>
    </p>
   </div>
   <div class='ocr_carea' id='block_1_107' title="bbox 2292 5017 3846 5090">
    <p class='ocr_par' dir='ltr' id='par_1_107' title="bbox 2292 5017 3846 5090">
     <span class='ocr_line' id='line_1_107' title="bbox 2292 5017 3846 5090; baseline 0.001 -19"><span class='ocrx_word' id='word_1_703' title='bbox 2292 5036 2406 5071; x_wconf 87' lang='grc' dir='ltr'>ται.</span> <span class='ocrx_word' id='word_1_704' title='bbox 2433 5017 2571 5070; x_wconf 81' lang='grc' dir='ltr'>Ούτε</span> <span class='ocrx_word' id='word_1_705' title='bbox 2597 5019 2843 5072; x_wconf 80' lang='grc' dir='ltr'>διάκονον</span> <span class='ocrx_word' id='word_1_706' title='bbox 2874 5017 2978 5088; x_wconf 78' lang='grc' dir='ltr'>πρὸ</span> <span class='ocrx_word' id='word_1_707' title='bbox 3005 5020 3143 5073; x_wconf 77' lang='grc' dir='ltr'>ἐτῶν</span> <span class='ocrx_word' id='word_1_708' title='bbox 3165 5021 3577 5089; x_wconf 76' lang='grc' dir='ltr'>τεσσαράκοντα</span> <span class='ocrx_word' id='word_1_709' title='bbox 3603 5037 3846 5090; x_wconf 76' lang='grc' dir='ltr'>χειροτο-</span> 
     </span>
    </p>
   </div>
   <div class='ocr_carea' id='block_1_108' title="bbox 2295 5110 3836 5180">
    <p class='ocr_par' dir='ltr' id='par_1_108' title="bbox 2295 5110 3836 5180">
     <span class='ocr_line' id='line_1_108' title="bbox 2295 5110 3836 5180; baseline -0.003 -15"><span class='ocrx_word' id='word_1_710' title='bbox 2295 5110 2504 5165; x_wconf 78' lang='grc' dir='ltr'>νεῖσθαι</span> <span class='ocrx_word' id='word_1_711' title='bbox 2527 5113 2790 5177; x_wconf 83' lang='grc' dir='ltr'>γυναῖκα’</span> <span class='ocrx_word' id='word_1_712' title='bbox 2828 5112 2920 5162; x_wconf 83' lang='grc' dir='ltr'>καὶ</span> <span class='ocrx_word' id='word_1_713' title='bbox 2971 5111 3143 5163; x_wconf 83' lang='grc' dir='ltr'>ταῦτα</span> <span class='ocrx_word' id='word_1_714' title='bbox 3184 5114 3326 5180; x_wconf 82' lang='grc' dir='ltr'>μετὰ</span> <span class='ocrx_word' id='word_1_715' title='bbox 3369 5113 3630 5180; x_wconf 81' lang='grc' dir='ltr'>ἀκριϐοῦς</span> <span class='ocrx_word' id='word_1_716' title='bbox 3700 5111 3836 5162; x_wconf 86' lang='grc' dir='ltr'>δοκι-</span> 
     </span>
    </p>
   </div>
   <div class='ocr_carea' id='block_1_109' title="bbox 2298 5200 3853 5271">
    <p class='ocr_par' dir='ltr' id='par_1_109' title="bbox 2298 5200 3853 5271">
     <span class='ocr_line' id='line_1_109' title="bbox 2298 5200 3853 5271; baseline -0.002 -18"><span class='ocrx_word' id='word_1_717' title='bbox 2298 5202 2498 5271; x_wconf 84' lang='grc' dir='ltr'>μασίας</span> <span class='ocrx_word' id='word_1_718' title='bbox 2522 5215 2534 5228; x_wconf 84' lang='grc'><em>’</em></span> <span class='ocrx_word' id='word_1_719' title='bbox 2577 5201 2625 5251; x_wconf 76' lang='grc' dir='ltr'><strong>εί</strong></span> <span class='ocrx_word' id='word_1_720' title='bbox 2660 5200 2715 5251; x_wconf 81' lang='grc' dir='ltr'>δὲ</span> <span class='ocrx_word' id='word_1_721' title='bbox 2751 5203 2889 5267; x_wconf 74' lang='grc' dir='ltr'>μετὰ</span> <span class='ocrx_word' id='word_1_722' title='bbox 2909 5201 3082 5252; x_wconf 75' lang='grc' dir='ltr'>ταῦτα</span> <span class='ocrx_word' id='word_1_723' title='bbox 3108 5202 3244 5267; x_wconf 83' lang='grc' dir='ltr'>πρὸς</span> <span class='ocrx_word' id='word_1_724' title='bbox 3274 5202 3450 5269; x_wconf 87' lang='grc' dir='ltr'>γάμον</span> <span class='ocrx_word' id='word_1_725' title='bbox 3501 5200 3667 5262; x_wconf 72' lang='grc' dir='ltr'>ἔλθοι,</span> <span class='ocrx_word' id='word_1_726' title='bbox 3719 5201 3853 5251; x_wconf 86' lang='grc' dir='ltr'>ἁνα-</span> 
     </span>
    </p>
   </div>
   <div class='ocr_carea' id='block_1_110' title="bbox 2295 5289 3849 5361">
    <p class='ocr_par' dir='ltr' id='par_1_110' title="bbox 2295 5289 3849 5361">
     <span class='ocr_line' id='line_1_110' title="bbox 2295 5289 3849 5361; baseline -0.003 -18"><span class='ocrx_word' id='word_1_727' title='bbox 2295 5291 2644 5359; x_wconf 73' lang='grc' dir='ltr'>θεματίζεται</span> <span class='ocrx_word' id='word_1_728' title='bbox 2678 5291 2770 5341; x_wconf 77' lang='grc' dir='ltr'>καὶ</span> <span class='ocrx_word' id='word_1_729' title='bbox 2797 5290 2935 5358; x_wconf 69' lang='grc' dir='ltr'>αὑτὴ</span> <span class='ocrx_word' id='word_1_730' title='bbox 2981 5289 3094 5360; x_wconf 77' lang='grc' dir='ltr'>[γρ.</span> <span class='ocrx_word' id='word_1_731' title='bbox 3128 5289 3334 5361; x_wconf 76' lang='grc' dir='ltr'>αὖτὸς],</span> <span class='ocrx_word' id='word_1_732' title='bbox 3372 5292 3466 5344; x_wconf 72' lang='grc' dir='ltr'>καὶ</span> <span class='ocrx_word' id='word_1_733' title='bbox 3498 5293 3526 5342; x_wconf 87' lang='grc' dir='ltr'><strong>ό</strong></span> <span class='ocrx_word' id='word_1_734' title='bbox 3555 5290 3849 5358; x_wconf 79' lang='grc' dir='ltr'>συναφθεὶς</span> 
     </span>
    </p>
   </div>
   <div class='ocr_carea' id='block_1_111' title="bbox 2295 5386 2451 5453">
    <p class='ocr_par' dir='ltr' id='par_1_111' title="bbox 2295 5386 2451 5453">
     <span class='ocr_line' id='line_1_111' title="bbox 2295 5386 2451 5453; baseline 0 -17"><span class='ocrx_word' id='word_1_735' title='bbox 2295 5386 2451 5453; x_wconf 80' lang='grc' dir='ltr'>αὐτῇ.</span> 
     </span>
    </p>
   </div>
   <div class='ocr_carea' id='block_1_112' title="bbox 2358 5472 3263 5543">
    <p class='ocr_par' dir='ltr' id='par_1_112' title="bbox 2358 5472 3263 5543">
     <span class='ocr_line' id='line_1_112' title="bbox 2358 5472 3263 5543; baseline -0.001 -15"><span class='ocrx_word' id='word_1_736' title='bbox 2358 5477 2579 5528; x_wconf 80' lang='grc' dir='ltr'>Συνόόυ</span> <span class='ocrx_word' id='word_1_737' title='bbox 2614 5475 2947 5543; x_wconf 74' lang='grc' dir='ltr'>Καλχηδόνος</span> <span class='ocrx_word' id='word_1_738' title='bbox 2980 5472 3156 5526; x_wconf 79' lang='grc' dir='ltr'>κανὼν</span> <span class='ocrx_word' id='word_1_739' title='bbox 3185 5479 3263 5527; x_wconf 84' lang='grc' dir='ltr'>ιε’.</span> 
     </span>
    </p>
   </div>
   <div class='ocr_carea' id='block_1_113' title="bbox 2351 5561 3377 5632">
    <p class='ocr_par' dir='ltr' id='par_1_113' title="bbox 2351 5561 3377 5632">
     <span class='ocr_line' id='line_1_113' title="bbox 2351 5561 3377 5632; baseline -0.005 -14"><span class='ocrx_word' id='word_1_740' title='bbox 2351 5567 2577 5618; x_wconf 81' lang='grc' dir='ltr'>Συνὸδου</span> <span class='ocrx_word' id='word_1_741' title='bbox 2604 5565 2655 5628; x_wconf 80' lang='grc' dir='ltr'>ς’</span> <span class='ocrx_word' id='word_1_742' title='bbox 2686 5563 2866 5616; x_wconf 86' lang='grc' dir='ltr'>κανὼν</span> <span class='ocrx_word' id='word_1_743' title='bbox 2898 5564 2979 5629; x_wconf 85' lang='grc' dir='ltr'>ιδ’,</span> <span class='ocrx_word' id='word_1_744' title='bbox 3019 5561 3092 5632; x_wconf 87' lang='grc' dir='ltr'>μ’,</span> <span class='ocrx_word' id='word_1_745' title='bbox 3121 5563 3229 5632; x_wconf 68' lang='grc' dir='ltr'>μζ,</span> <span class='ocrx_word' id='word_1_746' title='bbox 3263 5570 3377 5632; x_wconf 83' lang='grc' dir='ltr'><strong>μη’.</strong></span> 
     </span>
    </p>
   </div>
   <div class='ocr_carea' id='block_1_114' title="bbox 2348 5653 3542 5724">
    <p class='ocr_par' dir='ltr' id='par_1_114' title="bbox 2348 5653 3542 5724">
     <span class='ocr_line' id='line_1_114' title="bbox 2348 5653 3542 5724; baseline -0.005 -16"><span class='ocrx_word' id='word_1_747' title='bbox 2348 5656 2453 5708; x_wconf 81' lang='grc' dir='ltr'><strong>Τοῦ</strong></span> <span class='ocrx_word' id='word_1_748' title='bbox 2480 5658 2636 5724; x_wconf 86' lang='grc' dir='ltr'>ἁγίου</span> <span class='ocrx_word' id='word_1_749' title='bbox 2675 5654 2952 5707; x_wconf 76' lang='grc' dir='ltr'>Βασιλείου</span> <span class='ocrx_word' id='word_1_750' title='bbox 2981 5654 3160 5707; x_wconf 85' lang='grc' dir='ltr'>κανὼν</span> <span class='ocrx_word' id='word_1_751' title='bbox 3183 5653 3258 5704; x_wconf 85' lang='grc' dir='ltr'>κδ’</span> <span class='ocrx_word' id='word_1_752' title='bbox 3287 5654 3382 5705; x_wconf 73' lang='grc' dir='ltr'>καὶ</span> <span class='ocrx_word' id='word_1_753' title='bbox 3440 5653 3542 5720; x_wconf 60' lang='grc' dir='ltr'><strong>μᾶ.</strong></span> 
     </span>
    </p>
   </div>
   <div class='ocr_carea' id='block_1_115' title="bbox 2350 5745 3493 5821">
    <p class='ocr_par' dir='ltr' id='par_1_115' title="bbox 2350 5745 3493 5821">
     <span class='ocr_line' id='line_1_115' title="bbox 2350 5745 3493 5821; baseline -0.004 -18"><span class='ocrx_word' id='word_1_754' title='bbox 2350 5750 2458 5803; x_wconf 78' lang='grc' dir='ltr'><strong>Καὶ</strong></span> <span class='ocrx_word' id='word_1_755' title='bbox 2486 5750 2708 5818; x_wconf 71' lang='grc' dir='ltr'>νομικὸν</span> <span class='ocrx_word' id='word_1_756' title='bbox 2739 5745 3031 5821; x_wconf 72' lang='grc' dir='ltr'>κεφάλαιον</span> <span class='ocrx_word' id='word_1_757' title='bbox 3071 5753 3132 5817; x_wconf 77' lang='grc' dir='ltr'>ε’,</span> <span class='ocrx_word' id='word_1_758' title='bbox 3168 5746 3255 5817; x_wconf 80' lang='grc' dir='ltr'>μγ¹</span> <span class='ocrx_word' id='word_1_759' title='bbox 3276 5753 3372 5801; x_wconf 77' lang='grc' dir='ltr'>καὶ</span> <span class='ocrx_word' id='word_1_760' title='bbox 3392 5751 3493 5812; x_wconf 85' lang='grc' dir='ltr'><strong>ογ’.</strong></span> 
     </span>
    </p>
   </div>
  </div>
