4010 6336
240 193 302 255 ta
1487 160 1792 256 EPl'l‘OMl

1896 196 2240 261 ANONUM.
3395 191 3462 249 5f)

308 299 432 376 pta’.
467 303 594 359 ὀτι
619 304 680 357 οὐ
710 303 791 356 δεῖ
811 303 1100 374 νηστεύειν
1127 305 1187 358 ὲν
1222 304 1492 374 Σαϐϐάτῳ
1525 305 1559 376 ἢ
1597 308 1654 358 ὲν
1679 304 1792 356 Κυ-

1965 306 2090 362 111.
2116 306 2233 360 Non
2261 321 2382 362 esse
2400 307 2750 376 jcjunandu-m
2779 306 3016 361 Sahhato
3038 310 3132 357 aut
3159 301 3454 356 Dominica.

241 397 417 463 ριακῇ,
447 393 572 464 δίχα
593 394 688 457 τοῦ
724 393 963 462 μεγάλου
987 396 1084 448 καὶ
1120 397 1281 464 μόνου
1311 394 1595 448 Σαὸὅάτου
1629 408 1644 423 ο
1673 392 1788 445 ἀλλ’

237 486 352 537 οὔτε
412 486 468 536 ἐν
517 486 648 547 τοῖς
681 484 944 551 Σάδσασι,
1014 485 1110 538 καὶ
1152 487 1270 547 ταῖς
1341 487 1644 558 Κυριακαίς
1691 489 1788 557 τῆς

237 578 684 648 Τεσσαρακοστῆς
722 579 908 647 τυρὸν,
959 579 992 649 ἢ
1048 579 1152 634 ὠὸν
1221 579 1454 634 ἐσθίειν·
1497 583 1790 652 αἱρετικῶν

239 669 338 737 γὰρ
378 667 536 720 τοῦτο
567 683 582 698 ·
638 667 734 724 καὶ
761 669 789 720 ὁ
826 669 986 721 τοῦτο
1036 669 1208 722 ποιῶν
1271 670 1635 739 καθαιρεῖται,
1658 718 1672 729 ,
1695 671 1790 723 ἐὰν

241 756 525 824 ίερωμένος
550 755 701 807 ἐστίν
731 772 744 785 ⁸
776 759 871 809 ἐὰν
903 758 974 811 ’δὲ
1032 759 1237 826 λαῖκδς,
1295 747 1748 831 ἀναθεματίζεται
1772 777 1787 791 ·

240 845 324 896 καὶ
351 845 430 895 ὅτι
461 844 540 894 δεῖ
571 841 860 909 νηστεύειν
912 845 1092 898 πάντα
1151 849 1480 916 Χριστιανὸν
1533 848 1786 918 τετράδα,

238 936 323 984 καὶ
351 948 546 1001 παρα..
577 931 695 1004 [Ion
735 934 1114 1007 παρασκευὴν]
1139 938 1236 989 καὶ
1267 938 1368 1007 τὴν
1385 937 1549 1003 ἁγίαν
1579 939 1788 992 Τεσσα-

240 1023 520 1092 ρακοστην,
544 1025 640 1076 καὶ
655 1024 755 1093 τὴν
786 1025 1032 1095 μεγάλην
1089 1028 1356 1098 ἑϐδομάδα
1384 1047 1398 1060 ·
1446 1029 1549 1100 τὴν
1606 1029 1824 1105 μέντοιο

240 1115 474 1182 μεγάλην
503 1117 891 1186 Παρασκευὴν,
923 1118 1019 1192 καὶ
1046 1119 1108 1171 τὸ
1137 1121 1282 1189 μέγα
1307 1121 1612 1185 Σάϐϐατον,
1663 1122 1786 1190 μηδ’

236 1207 362 1268 ὅλως
387 1208 611 1266 ἐσθίειν.
648 1209 776 1278 ἁχρι
803 1213 895 1262 τοῦ
923 1213 1278 1280 μεσονυκτίου
1308 1215 1513 1268 αὐτῶν⁸
1570 1216 1666 1269 καί⁵
1690 1215 1790 1278 τὰς

235 1298 422 1360 λοιπὰς
440 1299 495 1351 δὲ
520 1304 781 1369 νηστείας
811 1302 992 1367 πάσας
1044 1305 1251 1367 πιστῶς
1291 1306 1595 1376 νηστεύειν,
1625 1306 1691 1370 ἁς
1725 1306 1791 1359 ἐκ

237 1391 583 1456 παραδόσεως
663 1393 1129 1464 ἑκκλησιαστικῆς
1196 1397 1413 1468 ἔχομεν,
1469 1401 1520 1451 εί
1583 1399 1657 1468 μὴ
1721 1399 1788 1452 δι’

236 1480 504 1535 ἀσθένειαν
533 1488 860 1554 σωματικὴν
879 1487 1283 1556 ἐμποδίζονται.
1313 1491 1376 1542 Οί
1407 1490 1517 1561 γὰρ
1551 1490 1626 1560 μὴ
1648 1489 1791 1543 οὕτω

236 1571 527 1636 ποιοῦντες,
563 1577 614 1627 εί
637 1577 1059 1648 μὲνίερωμένοι
1091 1581 1219 1646 εἰσὶ,
1249 1582 1638 1655 καθαιροῦνται
1672 1600 1686 1614 ο
1739 1586 1790 1636 εἰ

233 1665 285 1717 ει
307 1665 508 1732 λαῑκοὶ,
552 1668 718 1721 ἁναθε
729 1670 1077 1739 ματίζονται.

279 1756 397 1808 Τῶν
418 1757 590 1824 ἁγίων
622 1760 938 1815 ἀποστόλων
964 1761 1143 1815 κανὼν
1173 1761 1246 1827 ξδ’
1279 1765 1370 1817 καὶ
1400 1765 1499 1833 ξθ’.

291 1848 516 1900 Συνόδου
550 1849 810 1920 Γάγγρας
835 1851 1018 1906 κανὼν
1051 1859 1124 1923 ιη’
1147 1853 1243 1908 καὶ
1291 1853 1377 1910 ιθ’.

289 1941 518 1994 Συνόδου
544 1941 599 2006 ς’
635 1942 817 1997 κανὼν
846 1952 942 2000 νε’.

281 2032 503 2086 Συνόδου
529 2035 854 2100 Λαοδικείας
881 2038 1063 2092 κανὼν
1088 2047 1152 2094 ν’.

289 2121 569 2182 Συνόδου..
603 2125 786 2181 κανὼν
822 2128 903 2182 κθ⁹
939 2131 1033 2183 καὶ
1064 2131 1174 2185 πθ’.

291 2215 397 2269 Καὶ
434 2217 533 2271 τοῦ
564 2219 730 2286 ἁγίου
757 2221 1038 2276 Διονυσίου
1061 2222 1247 2277 κανὼν
1281 2231 1351 2278 α’.

287 2306 390 2357 Τοῦ
414 2307 573 2374 ἁγίου
600 2308 811 2379 Πέτρου
847 2311 1265 2383 ’Δλεξανδρείας
1298 2321 1476 2367 κανὼν
1500 2316 1584 2369 ιε’.

279 2395 384 2448 Τοῦ
411 2398 576 2463 ἁγίου
610 2399 882 2470 Τιμοθέου
913 2401 1094 2456 κανὼν
1122 2402 1170 2474 η’
1193 2405 1288 2458 καὶ
1313 2410 1369 2458 ι’.

289 2487 397 2540 Καὶ
430 2487 692 2557 Θεοφίλου
722 2491 901 2546 κανὼν
923 2491 993 2546 α’.

283 2598 407 2670 ριβ⁹.
446 2602 576 2656 ὀτι
598 2603 662 2656 οὐ
688 2603 771 2656 δεῖ
789 2604 881 2658 τὸν
910 2606 1243 2677 βιασάμενον
1281 2608 1576 2678 παρθένον,
1603 2609 1796 2682 ὲτὲραν

231 2691 412 2745 λαϐεῖν
433 2695 516 2755 είς
543 2695 800 2762 γυναῖκα,
832 2695 970 2748 ἀλλὰ
995 2697 1227 2768 ταύτην,
1253 2699 1356 2752 κᾶν
1379 2701 1610 2769 πενιχρὰ
1667 2719 1796 2768 τυγ-

233 2785 386 2854 χάνῃ,
423 2785 837 2857 ἐπιτιμώμενον
872 2789 1088 2859 χρόνοις
1139 2791 1184 2855 ζ’
1232 2792 1319 2844 διὰ
1377 2793 1476 2862 τὴν
1524 2809 1794 2862 προγεγο-

231 2875 376 2924 νυὶαν
400 2872 610 2944 φθοράν
630 2891 644 2904 ·
669 2878 718 2929 εί
749 2877 806 2929 δὲ
837 2880 1216 2950 μεμνήστευτο
1237 2881 1271 2951 η
1298 2881 1593 2950 παρθένος,
1653 2883 1791 2935 ἀπο⁹

1894 408 2123 468 excepto
2161 398 2276 454 solo
2326 414 2520 468 magno
2560 398 2823 452 Sahhato:
2852 397 2947 451 sed
2998 408 3170 462 neque
3205 391 3458 446 Sabbatis

1857 479 1864 484 ⁷
1895 501 1949 547 οι
1981 490 2276 545 Domi-uicis
2299 489 2736 559 Quatlragesimze
2758 501 2973 541 caseum
3001 493 3091 540 aut
3118 498 3276 537 ovum
3305 496 3458 534 man-

1896 580 2238 647 ducandum;
2272 581 2374 634 hoc
2407 580 2548 633 enim
2588 579 2960 632 haereticorum
2992 586 3094 640 est,
3121 585 3176 629 ct
3206 575 3298 643 qui
3353 574 3455 627 hoc
3564 604 3571 610 -

1897 673 2048 737 facit,
2079 653 2257 740 gradu.
2279 671 2550 739 dejicitur,
2575 671 2618 723 si
2647 669 2819 724 sacris
2850 669 3092 722 addictus
3121 667 3190 721 sit
3216 681 3229 719 :
3258 666 3304 720 si
3325 679 3455 720 vero

1897 765 2089 827 laicus,
2119 762 2468 817 anathemate
2510 761 2840 830 percellitur.
2887 758 3013 812 ltem
3060 765 3306 824 oportere
3335 771 3452 809 om-

1897 870 2017 909 nem
2079 854 2447 908 Christianum
2507 852 2749 921 jejunare
2811 859 3046 919 quatuor
3101 847 3453 915 temporibus,

1897 945 2220 1009 Parasceve,
2253 955 2438 998 sancta
2476 943 2895 1010 Quadragesima
2934 951 2987 995 et
3024 954 3215 1010 magna
3251 939 3453 993 hebdo—

1898 1038 2089 1103 mada;
2120 1051 2314 1106 magna
2365 1043 2546 1088 autem
2583 1036 2877 1088 Parasceve
2903 1043 2956 1086 et
2996 1046 3190 1102 magno
3221 1029 3456 1084 Sahbatu

1897 1130 2032 1197 nihil
2068 1131 2292 1185 omnino
2314 1128 2597 1182 comedere
2629 1143 2799 1195 usque
2829 1128 2893 1180 ad
2938 1125 3168 1180 mediam
3216 1124 3454 1191 ipsorum

1897 1231 2145 1291 noctem;
2175 1232 2368 1277 caetera
2399 1237 2530 1276 vero
2552 1220 2760 1291 jejunia
2783 1219 2960 1272 omnia
2997 1216 3224 1271 ﬁdeliter
3244 1213 3456 1284 jejuna-

1898 1328 1976 1379 re,
2011 1328 2133 1382 quae
2171 1327 2234 1366 ex
2285 1312 2576 1366 traditione
2618 1309 2985 1364 ecclesiastica
3043 1307 3320 1366 habemus,
3354 1303 3454 1354 nisi

1899 1414 2122 1474 propter
2152 1404 2521 1458 inﬁrmitatem
2572 1399 2904 1469 corporalem
2942 1397 3323 1467 impediantur.
3353 1390 3454 1458 Qui

1895 1494 2042 1548 enim
2070 1509 2176 1547 non
2227 1493 2298 1547 ita
2330 1492 2553 1555 faciunt,
2587 1491 2852 1560 siquidem
2905 1489 3074 1543 sacris
3101 1486 3296 1541 initiati
3325 1485 3451 1549 sint,

1899 1581 2262 1651 dejiciuntur;
2294 1581 2418 1636 laici
2454 1595 2599 1645 vero,
2631 1580 2975 1634 anathemate
3001 1578 3282 1632 feriuntur.

1969 1759 2290 1815 Sanctorum
2319 1757 2682 1828 apostolorum
2716 1751 2892 1810 canon‘
2913 1753 2982 1809 64
3011 1765 3065 1808 et
3097 1752 3187 1808 69.

1970 1850 2170 1922 Synodi
2199 1849 2527 1918 Gangrensis
2558 1862 2732 1903 canon
2767 1848 2831 1903 18
2855 1859 2908 1901 et
2935 1846 3020 1901 l9.

1971 1942 2173 2014 Synodi
2206 1940 2273 1996 Vl
2309 1956 2484 1996 canon
2524 1941 2592 1996 55

1968 2033 2174 2103 Synodi
2201 2032 2519 2088 Laodicenaa
2547 2046 2724 2085 canon
2751 2030 2840 2084 50.

1969 2126 2261 2196 Synodi....
2291 2140 2461 2180 canon
2494 2125 2563 2181 29
2585 2134 2639 2179 et
2670 2123 2759 2178 89.

1972 2215 2155 2270 Sancti
2185 2215 2420 2287 Dionysii
2463 2231 2636 2270 canon
2677 2217 2722 2268 l.

1972 2305 2153 2361 Sancti
2186 2307 2330 2362 Petri
2363 2305 2708 2360 Alexandrini
2738 2319 2911 2359 canon
2945 2305 3029 2357 l5.

1970 2398 2156 2453 Sancti
2188 2397 2458 2452 Timothei
2499 2411 2667 2451 canon
2697 2395 2730 2450 8
2758 2405 2815 2451 et
2841 2395 2928 2449 10.

1970 2491 2255 2562 Theophili
2285 2505 2458 2545 canon
2492 2490 2544 2544 l.

1970 2607 2093 2660 “2.
2125 2604 2243 2658 Non
2282 2614 2537 2673 oportere
2564 2618 2686 2657 eum
2729 2604 2822 2673 qui
2873 2600 3064 2670 virgini
3107 2601 3214 2654 vim
3251 2599 3451 2661 attulit,

1897 2699 2058 2752 aliam
2093 2699 2143 2751 in
2188 2713 2413 2752 uxorem
2446 2696 2714 2764 accipere,
2751 2695 2842 2750 sed
2878 2693 3037 2758 hanc,
3073 2691 3198 2747 licet
3225 2706 3453 2760 pauper-

1898 2790 2018 2844 cula
2051 2790 2144 2852 sit,
2175 2803 2330 2857 poma
2385 2788 2486 2857 ipsi
2515 2796 2718 2850 septem
2749 2800 2918 2839 annos
2956 2785 3186 2852 irrogata
3223 2783 3293 2835 ob
3323 2796 3456 2850 pne-

1897 2883 2173 2936 cedentem
2196 2880 2556 2948 corruptelam
2581 2896 2598 2934 :
2631 2878 2673 2933 si
2703 2891 2827 2931 vero
2854 2875 3170 2945 desponsata
3196 2873 3454 2939 sitvirgo,

230 2962 449 3035 δοθῆναι
474 2967 552 3035 τῷ
579 2972 1184 3041 προμνηστευσαμὲνῳ.
1215 2971 1277 3025 Εἰ
1307 2973 1364 3025 δὲ
1386 2973 1608 3042 κατέχει
1660 2971 1792 3025 ταύ-

1896 2974 1943 3026 ei
1963 2975 2053 3042 qui
2069 2972 2216 3041 prius
2237 2972 2404 3040 ipsam
2434 2968 2777 3038 desponsavit
2801 2966 2948 3021 reddi
2971 2966 3043 3020 :si
3070 2977 3197 3019 vero
3219 2962 3455 3017 detineat

231 3073 344 3124 την,
377 3057 461 3126 τῷ
487 3061 584 3129 τῆς
608 3060 858 3131 μοιχείας
907 3062 1381 3117 καθυποσὰλλεται
1439 3064 1747 3134 ἐγκλήματι
1772 3080 1786 3094 ·

234 3148 278 3199 εἰ
304 3147 360 3201 δὲ
391 3147 491 3202 καὶ
513 3151 741 3220 ἁρπαγῇ
773 3153 807 3220 ἡ
830 3150 1097 3221 παρθένος
1132 3156 1294 3224 χάριν
1317 3153 1680 3217 συνοικεσίου.
1741 3157 1790 3208 εί

236 3239 329 3306 μὲν
352 3242 642 3312 ίερωμένοι
667 3244 717 3296 oi
738 3244 1108 3313 ἁρπάσαντες,
1153 3246 1582 3315 καθαιροῦνταιο
1634 3247 1685 3300 ει
1734 3246 1792 3299 δὲ

232 3329 1067 3404 λαῖκοὶ,ἀναθεματίζονται.θύ
1101 3339 1264 3408 μόνον
1317 3341 1374 3394 δὲ
1431 3340 1606 3408 αὐτοὶ,
1655 3339 1791 3393 ἀλλὰ

233 3421 318 3472 καὶ
339 3423 388 3474 oi
419 3425 791 3493 συναράμενοι
821 3427 1026 3490 αὐτοῖς.
1259 3485 1268 3493 _
1624 3449 1625 3452 ‘

296 3514 418 3567 Τῶν
450 3485 620 3584 ἁγίων
639 3485 961 3573 ’ἀποστόλων
986 3485 1168 3574 κανὼν
1197 3485 1292 3586 Et.

295 3607 529 3662 Συνόδου
567 3611 841 3683 Ἀγκύρας
869 3614 1052 3669 κανὼν
1082 3614 1169 3668 ια’.

298 3699 524 3752 Συνόδου
553 3702 897 3772 Καλχηδόνος
920 3705 1099 3760 κανὼν
1125 3706 1229 3772 κζ’.

297 3789 528 3843 Συνόδου
553 3789 609 3855 ς’
641 3791 819 3845 κανὼν
845 3793 930 3864 ίιβ’
957 3795 1049 3847 καὶ
1082 3795 1191 3867 ιη’.

297 3883 404 3937 Τοῦ
429 3883 592 3953 ἁγίου
612 3881 915 3957 Γρηγορίου
939 3886 1035 3940 τοῦ
1056 3889 1483 3964 Θαυματουργοῦ
1512 3897 1692 3949 κανὼν
1722 3894 1788 3950 α’.

297 3976 408 4030 Καὶ
451 3975 550 4030 τοῦ
610 3976 768 4045 ἁγίου
826 3979 1114 4036 Βασιλιίου
1170 3984 1350 4039 κανὼν
1404 3986 1486 4058 κβ¹
1506 4029 1520 4055 ,
1580 3997 1656 4043 κε’
1677 4031 1693 4058 ,
1750 3991 1792 4042 λ’

234 4068 322 4121 καὶ
357 4065 472 4152 μον.

300 4184 427 4254 ριγ.
474 4185 600 4240 ὀτι
637 4187 700 4241 οὐ
749 4189 834 4244 δαί
877 4190 1180 4262 ἀπέχεσθαι
1217 4192 1293 4258 ὡς
1339 4195 1643 4264 βδελυκτῶν
1683 4199 1794 4253 τῶν

1895 3064 2087 3132 ipsam,
2140 3064 2391 3118 adulterii
2445 3063 2655 3117 crimini
2709 3060 2972 3127 subiacet.
3009 3057 3162 3123 Quod
3203 3056 3247 3110 si
3305 3065 3450 3122 rapta

1895 3156 2058 3209 fuerit
2079 3155 2232 3224 virgo
2265 3153 2500 3223 coniugii
2527 3153 2720 3221 gratia,
2763 3151 3025 3220 siquidem
3052 3147 3222 3202 sacris
3251 3145 3451 3200 addicti

1893 3249 2001 3303 sint
2021 3248 2055 3301 ii
2084 3248 2173 3318 qui
2206 3258 2518 3316 rapuerunt,
2547 3246 2716 3314 gradu
2749 3253 3057 3307 moventur;
3083 3242 3128 3295 si
3149 3254 3278 3294 vero
3309 3238 3452 3298 laici,

1894 3342 2235 3394 anathemate
2262 3339 2547 3392 feriuntur.
2582 3337 2692 3392 Non
2726 3346 2932 3390 tantum
2976 3344 3151 3388 autem
3199 3331 3322 3401 ipsi,
3359 3329 3453 3384 sed

1894 3441 1946 3486 et
1982 3432 2073 3501 qui
2108 3432 2239 3501 ipsis
2268 3446 2423 3499 opem
2459 3430 2718 3484 tulerunt.

1967 3520 2293 3574 Sanctorum
2327 3518 2692 3588 apostolorum
2724 3531 2894 3571 canon
2926 3516 3013 3569 67.

1965 3612 2168 3680 Synodi
2198 3611 2530 3680 Aneryrana:
2560 3624 2733 3664 canon
2768 3607 2852 3661 11.

1966 3704 2166 3774 Synodi
2200 3702 2654 3758 Chalcedonensis
2682 3705 2853 3753 canon
2885 3697 2974 3752 27.

1966 3796 2164 3867 Synodi
2199 3795 2264 3848 Vl
2297 3811 2469 3849 canon
2501 3795 2570 3864 92
2607 3803 2662 3847 et
2690 3794 2780 3850 98.

1967 3888 2150 3942 Sancti
2182 3885 2426 3954 Gregorii
2453 3884 2843 3955 Thaumaturgi
2873 3901 3044 3940 canon
3085 3887 3129 3939 l.

1966 3981 2150 4036 Sancti
2184 3980 2370 4035 Basilii
2415 3994 2590 4035 canon
2619 3979 2709 4043 22,
2741 3978 2831 4044 25,
2865 3979 2933 4033 50
2969 3988 3021 4032 et
3049 3979 3135 4033 49.

1967 4196 2085 4251 113.
2126 4196 2242 4250 Non
2276 4210 2396 4252 esse
2443 4195 2824 4251 abstinendum
2881 4211 2910 4248 a
2963 4169 3164 4266 nuptiis
3197 4206 3451 4265 tanquam

233 4275 446 4372 γάμων,
474 4276 511 4350 ᾖ
532 4279 648 4336 tit?
671 4278 877 4372 κρεῶν,
913 4283 950 4352 ἢ
991 4282 1087 4337 τοῦ
1121 4286 1286 4350 οτνου,
1321 4285 1353 4357 ἢ
1403 4288 1604 4355 ἑτέρων
1631 4290 1792 4343 τινῶν

1899 4287 2292 4349 aboininandis,
2325 4298 2416 4339 aut
2445 4285 2720 4351 carnibus,
2751 4295 2843 4338 aut
2868 4286 3011 4351 vino,
3039 4294 3129 4338 aut
3164 4285 3283 4340 aliis
3313 4284 3454 4350 ejus-

235 4369 489 4423 τοιούτων
515 4388 530 4401 ·
563 4372 702 4424 ἁλλὰ
725 4371 798 4425 δι’
821 4375 1056 4444 ἄσκησιν
1094 4376 1272 4447 ἁληθῆ
1317 4377 1521 4431 τούτων
1555 4381 1795 4451 ἐννόμως

235 4460 685 4530 ὲγκρατεύεσθαι.
715 4461 779 4516 ’0
799 4464 907 4535 γὰρ
951 4466 1103 4536 παρὰ
1151 4465 1318 4520 ταῦτα
1359 4469 1550 4535 ποιῶν,
1600 4473 1650 4524 εί
1698 4474 1796 4541 μὲν

237 4550 536 4620 ἱερωμένος
565 4552 705 4617 ἐστὶ,
739 4554 1114 4624 καθαιρείται·
1157 4556 1206 4609 εί
1255 4555 1310 4610 δὲ
1355 4555 1564 4624 λαῑκὺς,
1599 4560 1796 4615 ἀναθε-

237 4642 542 4710 ματίζεται.

301 4734 423 4787 Τῶν
451 4734 624 4802 ἁγίων
651 4735 963 4790 ἀποστόλων
993 4738 1172 4792 κανὼν
1203 4739 1284 4794 να¹
1311 4743 1403 4794 καὶ
1425 4750 1536 4810 θγ’.

301 4824 531 4877 Συνόδου
576 4825 844 4895 Ἀγκύρας
873 4827 1056 4881 κανὼν
1093 4827 1171 4882 ιδ’.

300 4915 530 4970 Συνόδου
568 4913 831 4988 Γαγγρῶν
862 4917 1046 4972 κανὼν
1078 4925 1146 4983 α’,
1185 4918 1250 4989 β’,
1282 4916 1344 4986 δ’,
1379 4919 1445 4986 0',
1490 4927 1541 4988 ι’,
1580 4922 1667 4992 ιβ’,
1704 4932 1796 4994 ιγ’.

241 5005 314 5069 ιδ’,
349 5007 438 5072 ιζ’.

303 5100 531 5154 Συνόδου
564 5108 618 5165 ς’
649 5103 830 5155 κανὼν
861 5103 951 5173 ιγ’.

304 5193 412 5245 Τοῦ
454 5195 612 5263 ἁγίου
639 5197 922 5251 Βασιλείου
945 5198 1126 5252 κανὼν
1159 5207 1263 5269 κη’,
1296 5201 1382 5271 μς
1411 5205 1500 5256 καὶ
1531 5202 1635 5257 πε’.

311 5304 430 5376 ριδ’.
468 5307 593 5360 Ὅτι
636 5310 694 5360 οὗ
721 5309 800 5362 δεῖ
842 5328 965 5363 τινα
1011 5311 1248 5380 μεθύειν,
1289 5313 1383 5366 καὶ
1423 5316 1481 5368 ὲν
1519 5317 1800 5386 καπηλείῳ

244 5401 610 5471 εἰσέρχεσοαι,
643 5405 736 5456 καὶ
765 5402 965 5457 ἐσθίειν
999 5408 1056 5458 ὲν
1085 5406 1253 5475 αὐτῷ,
1292 5407 1325 5477 ἢ
1359 5408 1508 5477 ἔχειν
1531 5410 1801 5478 ἐργαστή-

249 5508 355 5558 ριον
383 5495 714 5562 καπηλικὸν,
745 5498 838 5549 καὶ
871 5497 930 5549 ἐν
972 5498 1120 5568 αὐτῷ
1159 5499 1513 5569 ἐξυπηρετεῖν
1540 5517 1556 5533 ·
1602 5503 1722 5553 ἐπεὶ
1752 5503 1800 5554 εἰ

251 5584 341 5641 μὲν
389 5585 677 5647 ἱερωμένοι
733 5590 858 5651 εξσὶ,
911 5587 1337 5652 καθαιροῦνται·
1388 5594 1434 5646 εί
1492 5593 1548 5645 δὲ
1601 5593 1797 5653 latitarit,

1901 4379 2043 4433 modi
2081 4379 2280 4442 rebus;
2316 4393 2502 4432 verum
2540 4384 2760 4444 propter
2793 4390 2972 4428 veram
3011 4375 3453 4430 exercitationem

1901 4472 2076 4525 abhis
2113 4470 2351 4539 legitime
2386 4483 2445 4523 se
2471 4469 2770 4523 continere.
2800 4466 2901 4532 Qui
2935 4467 3079 4520 enim
3110 4475 3297 4521 contra
3343 4471 3454 4520 hate

1902 4563 2050 4626 facit,
2100 4560 2367 4630 siquidem
2424 4560 2595 4615 sacris
2647 4562 2719 4615 sit
2772 4559 3039 4626 addictus,
3070 4559 3358 4626 dejicitur:
3410 4558 3453 4611 si

1901 4668 2030 4708 vero
2055 4653 2246 4718 laicus,
2281 4655 2622 4705 anathemate
2653 4649 2862 4704 feritur.

1969 4745 2298 4800 Sanctorum
2348 4744 2708 4812 apostolorum
2739 4756 2909 4794 canon
2947 4741 3008 4795 51
3041 4753 3097 4796 et
3129 4742 3216 4797 55.

1975 4834 2174 4904 Synodi
2206 4834 2501 4903 Ancyranrc
2534 4848 2707 4885 canon
2741 4832 2826 4889 14.

1972 4924 2173 4996 Synodi
2207 4923 2536 4994 Gangrensis
2569 4940 2738 4976 canon
2775 4926 2825 4986 l,
2861 4924 2916 4986 2,
2953 4926 3007 4987 4,
3038 4925 3091 4986 9,
3131 4925 3213 4987 10,
3253 4927 3333 4988 l2,
3370 4929 3448 4989 l3,

1903 5022 1986 5084 M,
2022 5017 2104 5072 17.

1973 5109 2176 5179 Synodi
2203 5106 2274 5162 Vl
2302 5122 2471 5162 canon
2500 5106 2581 5160 l3.

1976 5200 2127 5254 Santi
2160 5200 2341 5254 Basilii
2372 5215 2545 5253 canon
2583 5199 2665 5263 i8,
2699 5197 2764 5251 47
2794 5208 2846 5254 et
2876 5200 2966 5256 85.

1977 5313 2097 5365 11-1.
2124 5312 2238 5366 Non
2267 5322 2517 5380 oportere
2541 5325 2861 5380 quemquam
2885 5313 3130 5366 ebrietati
3161 5316 3452 5385 indulgew,

1906 5421 1966 5458 ac
2006 5405 2059 5456 in
2092 5419 2391 5472 cauponam
2432 5405 2658 5472 ingredi,
2694 5405 2744 5457 in
2783 5419 2952 5471 caque
2989 5408 3334 5470 manducare,
3370 5420 3453 5460 aut

1905 5499 2170 5551 ollicinam
2197 5500 2581 5565 cauponariatn
2609 5497 2821 5560 habere,
2854 5512 2913 5549 ac
2940 5499 2990 5549 iu
3018 5513 3079 5550 ea
3113 5500 3419 5553 ministram
3448 5542 3450 5545 .

1905 5591 2157 5659 quioniatu
2204 5589 2466 5660 siquidem
2528 5590 2699 5646 sacris
2741 5590 2936 5644 addicti
2977 5592 3102 5650 sint,
3142 5594 3307 5659 gr:th
3351 5610 3452 5644 mu-
