4010 6336
616 191 689 260 51
1887 207 2136 268 ARSEN
2146 209 2169 268 ί

2276 210 2591 272 IONACHI
2713 261 2715 263 .
3469 283 3478 287 ,
3779 223 3854 285 52

620 321 852 376 ventur;
881 311 926 367 si
963 327 1088 368 vero
1117 314 1262 382 laici,
1324 327 1709 388 segregantur;
1742 328 2100 390 praeterquam
2140 322 2172 375 si

2287 321 2671 392 ἀφορίζονται·
2709 323 2885 396 πάρεξ
2934 326 3029 380 τοῦ
3085 327 3144 383 ἐν
3198 331 3499 402 πανδοκείῳ
3539 333 3598 387 ὲν
3638 332 3740 404 ὀδῷ
3779 334 3851 387 δι’

616 402 737 473 quis
758 413 967 474 propter
1003 405 1214 461 itineris
1243 410 1620 464 necessitatem
1656 413 1707 463 in
1738 411 1971 480 hospitio
1999 413 2178 467 diver-

617 503 789 548 εσιιιν.
1727 547 1732 553 .

692 584 1014 642 Sanctorum
1058 594 1418 660 apostolorum
1448 609 1619 649 canon
1649 595 1748 667 42,.
1768 595 1837 650 45
1863 607 1919 652 et
1948 596 2038 651 52.

691 675 899 747 Synodi
935 680 1253 740 Laodicena:
1287 701 1460 740 canon
1485 687 1576 742 24.

687 769 888 840 Synodi
920 772 1383 844 Carthaginiensis
1406 793 1574 832 canon
1604 779 1698 834 ιο.

685 856 887 929 Synodi
920 860 984 915 Vl
1016 877 1186 918 canon
1219 866 1252 920 9
1280 876 1336 919 et
1360 865 1453 920 26.

685 951 806 1006 115.
854 952 971 1009 Non
1015 965 1261 1023 oportere
1309 958 1568 1014 clericum
1608 959 1985 1030 ﬁdeiussiones
2017 963 2169 1027 dare,

618 1054 713 1097 που
747 1046 1217 1103 conventioneset
1266 1060 1419 1117 pacta
1460 1049 1642 1106 lacere
1685 1053 1735 1105 in
1769 1052 1934 1115 circo,
1978 1064 2072 1107 aut
2124 1055 2174 1108 in

616 1135 796 1205 aliquo
815 1136 1076 1192 ludicro:
1111 1138 1370 1208 alioquin,
1414 1142 1584 1210 gradu
1617 1143 1882 1209 dejicitur.
1913 1142 2002 1196 Sic
2033 1144 2175 1198 enim

615 1221 992 1293 ﬂalejussiones
1024 1229 1154 1284 dare
1194 1229 1608 1298 interpretatum
1638 1228 1744 1287 est.
1769 1232 1903 1287 Nam
1953 1233 2172 1302 ﬁdeius-

618 1327 794 1366 sorem
837 1329 895 1367 se
927 1316 1160 1386 aliquem
1207 1328 1464 1385 praestare
1497 1336 1595 1387 pro
1623 1336 1687 1376 eo
1712 1323 1801 1392 qui
1851 1324 1905 1377 in
1938 1325 2176 1393 periculo

620 1415 892 1470 versetur,
947 1419 1163 1478 propter
1210 1411 1303 1465 Dei
1353 1411 1671 1467 charitatem
1720 1415 2003 1468 honestum
2050 1423 2171 1468 est:

613 1503 828 1561 oportet
863 1497 1008 1550 enim
1043 1513 1246 1566 ponere
1284 1500 1520 1554 animam
1563 1516 1717 1554 suam
1753 1517 1849 1571 pro
1883 1503 2171 1571 proximo;

613 1584 849 1641 inﬁrmis
876 1603 1024 1654 vero,
1059 1589 1262 1659 quique
1299 1606 1400 1661 pro
1438 1593 1693 1649 fratribus
1726 1594 1862 1648 mori
1903 1610 2010 1648 non
2043 1608 2168 1663 pos-

613 1686 759 1743 δυιιι,
788 1677 1054 1746 ejusmodi
1083 1681 1355 1750 ﬁdejussio
1386 1699 1492 1736 non
1532 1694 1616 1738 est
1640 1686 1969 1754 deneganda.

686 1765 1009 1824 Sanctorum
1052 1772 1416 1840 apostolorum
1453 1788 1626 1828 canon
1652 1774 1744 1826 20.

686 1857 844 1931 Legis
870 1871 1030 1929 caput
1059 1862 1153 1919 35.

684 1949 807 2006 116.
837 1951 953 2006 Νοη
1005 1965 1255 2021 οέοηετο
1308 1956 1418 2009 alea
1457 1956 1639 2012 ludere
1688 1968 1782 2012 aut
1814 1959 2029 2024 tabulis,
2088 1961 2182 2014 aut

612 2041 824 2097 ludicra
856 2044 1106 2109 tolerare,
1137 2049 1219 2100 vel
1266 2046 1457 2100 horum
1499 2059 1835 2116 spectatores
1893 2065 2034 2114 esse,
2087 2059 2181 2104 aut

613 2131 986 2197 Saltationum,
1022 2143 1116 2189 aut
1159 2136 1565 2205 thymelicarum
1620 2140 2036 2205 cantilenarum,
2083 2151 2178 2196 aut

609 2238 796 2278 eorum
828 2227 919 2294 qui
953 2227 1143 2282 ludicri
1176 2230 1348 2299 gratia
1386 2244 1541 2283 ursas
1566 2240 1687 2297 post
1719 2244 1777 2283 se
1810 2233 2051 2296 trahunt,
2085 2240 2179 2286 aut

519 2376 525 2380 _
610 2331 797 2369 eorum
822 2317 911 2385 qui
942 2333 1002 2372 se
1026 2332 1055 2371 a
1080 2319 1322 2375 dmuone
1347 2320 1530 2374 vexari
1560 2321 1842 2385 simulant,
1871 2332 1964 2376 aut
1989 2336 2174 2379 eorum

610 2407 701 2476 qui
746 2409 1045 2464 accendunt
1100 2426 1257 2481 rogos
1309 2427 1374 2467 ac
1429 2413 1626 2468 ludicri
1675 2429 1838 2469 causa
1878 2430 2041 2483 supra
2070 2431 2176 2491 eos

610 2499 943 2566 transiliunt,
978 2513 1068 2555 aut
1115 2504 1486 2558 venationibus
1529 2505 1612 2559 vel
1657 2505 1990 2562 circensibus
2021 2507 2175 2561 addi-

610 2597 730 2644 ctos
757 2603 917 2657 esse;
951 2594 1226 2661 quoniam,
1259 2594 1523 2663 siquidem
1575 2595 1748 2650 sacris
1798 2596 1991 2650 initiati
2042 2597 2172 2662 sint,

611 2680 783 2748 gradu
840 2695 1162 2750 moventur;
1192 2685 1237 2742 si
1299 2699 1432 2742 vero
1462 2685 1611 2753 laici,
1645 2702 1736 2742 sex
1777 2702 1951 2744 annos
1996 2701 2175 2759 segre-

611 2779 827 2839 gantur.
1616 2777 1618 2780 ’

645 2860 647 2862 ’
683 2859 1003 2916 Sanctorum
1035 2865 1393 2932 apostolorum
1425 2883 1596 2924 canon
1627 2868 1719 2935 20,
1754 2869 1844 2936 42,
1873 2871 1966 2926 15.

679 2947 883 3020 Synodi
917 2953 1264 3012 Laodicensis
1287 2972 1459 3013 canon
1487 2959 1575 3024 52,
1613 2960 1703 3025 51,
1729 2960 1819 3015 55.

681 3041 882 3112 Synodi
915 3045 1378 3117 Carthaginiensis
1403 3065 1576 3105 canon
1604 3051 1694 3115 15,
1732 3051 1820 3117 61,
1853 3053 1945 3108 65.

681 3136 966 3206 SyaodiVl
1004 3154 1177 3196 canon
1207 3140 1296 3209 21,
1332 3143 1423 3209 50,
1454 3143 1542 3212 51,
1570 3142 1660 3214 60,
1695 3144 1791 3212 6|,
1824 3144 1914 3212 62,
1952 3146 2044 3214 65,
2079 3147 2170 3214 66,

613 3226 703 3281 71.
2139 3255 2141 3258 ‘

681 3320 882 3391 Synodi
921 3322 1011 3378 γη
1043 3339 1216 3380 canon
1256 3326 1348 3381 22.

681 3411 844 3482 Legis
871 3425 1033 3485 caput
1065 3418 1135 3472 37
1163 3427 1219 3473 et
1251 3418 1341 3473 87.

681 3503 807 3559 117.
843 3504 959 3560 Non
988 3522 1108 3564 esse
1147 3509 1488 3578 accipiendas
1517 3525 1710 3567 usuras
1738 3525 1754 3564 :
1780 3511 2066 3580 quoniam,
2097 3512 2171 3568 si-

610 3595 826 3662 quidem
883 3599 1051 3652 sacris
1103 3599 1216 3653 sint
1268 3601 1485 3670 initiati,
1539 3599 1900 3668 dejiciuntur;
1951 3602 1998 3657 si
2047 3617 2174 3658 vero

608 3686 756 3753 laici,
787 3699 1160 3760 segregantur.

684 3778 1008 3837 Sanctorum
1052 3786 1414 3852 apostolorum
1450 3801 1623 3843 canon
1658 3788 1749 3844 41.

622 3902 647 3912 ι-
683 3871 887 3941 Synodi
924 3872 1154 3931 Niemnm
1185 3893 1354 3933 canon
1383 3877 1470 3932 l7.

684 3965 884 4036 Synodi
916 3963 1232 4024 Laodiceam
1260 3985 1430 4026 canon
1459 3969 1513 4023 λι.

685 4056 886 4126 Synodi
911 4058 1372 4130 Carthaginiensis
1403 4077 1579 4118 canon
1618 4062 1684 4118 10
1717 4071 1770 4118 et
1803 4061 1890 4118 l6.

683 4147 868 4203 Sancti
897 4147 1138 4221 Gregorii
1171 4151 1395 4224 Nysseni
1425 4169 1597 4210 canon
1631 4154 1680 4209 6.

686 4238 808 4293 118.
867 4239 984 4296 Non
1053 4257 1172 4299 esse
1243 4246 1598 4300 cavillandum
1675 4256 1772 4300 aut
1846 4246 2172 4302 illudendum

2289 417 2536 488 ἀνάγκην
2566 419 2991 483 καταλύσαντος.

2236 618 2242 620 ⁷
2349 610 2468 664 Τῶν
2495 613 2662 682 ἀγίων
2686 614 3000 669 ἀποστόλων
3031 615 3210 669 κανὼν
3243 614 3350 686 μβ’,
3384 623 3475 687 μγ¹
3503 619 3597 672 καὶ
3619 619 3699 688 νβ’

2350 702 2578 755 Συνόδου
2605 705 2923 768 Λαοδικείας
2952 705 3133 780 κανὼν
3161 707 3260 761 κδ’.

2351 792 2578 846 Συνόδου
2609 796 2966 868 Καρθαγένης
3005 797 3186 852 κανὼν
3220 798 3295 869 μ’.

2348 884 2572 938 Συνόδου
2604 885 2658 950 ς’
2685 887 2863 940 κανὼν
2884 889 2929 940 θ’
2958 892 3054 942 καὶ
3089 887 3204 952 κς’.

2350 981 2473 1042 ριε’.
2504 976 2624 1030 ὀτι
2653 978 2713 1029 οὐ
2751 979 2834 1032 δεῖ
2883 981 3144 1051 κληρικδν
3174 981 3377 1050 ἐγγύας
3413 983 3635 1044 διδόναι,
3667 985 3840 1051 ἤγουν

2281 1066 2616 1136 στοιχήματα
2635 1065 2711 1138 (1)
2743 1072 2914 1122 ποιεῖν
2947 1072 3006 1123 ὲν
3041 1071 3425 1142 ἱπποδρομείῳ,
3454 1073 3487 1143 ἢ
3522 1073 3579 1124 ὲν
3602 1073 3840 1141 παιγνίῳ

2277 1155 2420 1208 τινίο
2449 1158 2573 1209 ἐπεὶ
2619 1159 2976 1230 καθαιρεῖται.
3026 1161 3184 1214 Οῦτω
3237 1161 3347 1232 γὰρ
3392 1163 3592 1216 διδόναι
3633 1155 3840 1230 ἐγγύας

2278 1248 2636 1316 ἡρμήνευται.
2664 1250 2738 1301 T6
2764 1248 2869 1318 γὰρ
2895 1249 3195 1317 ἐγγυᾶσθαί
3243 1267 3367 1304 τινα
3400 1253 3460 1304 ὲν
3491 1250 3720 1320 κινδύνῳ
3745 1268 3843 1318 γε·

2281 1341 2460 1409 γονότι
2480 1341 2568 1394 διὰ
2601 1341 2700 1410 τὴν
2726 1342 2818 1395 τοῦ
2848 1344 2983 1396 Θεοῦ
3013 1345 3255 1418 ἀγάπην,
3284 1346 3467 1399 καλόν.
3493 1345 3708 1398 Τιθέναι
3732 1345 3840 1415 γὰρ

2277 1432 2359 1484 δεῖ
2379 1432 2475 1502 τὴν
2502 1432 2682 1504 ψυχὴν
2710 1435 2849 1504 ὑπὲρ
2889 1435 2983 1488 τοῦ
3015 1436 3243 1506 πλησίον
3265 1452 3278 1466 ·
3326 1437 3408 1489 δεῖ
3443 1437 3500 1488 δὲ
3539 1441 3650 1500 τοῖς
3679 1438 3845 1490 asas-

2279 1527 2416 1590 νέσι,
2448 1528 2543 1579 καὶ
2573 1527 2646 1597 μὴ
2670 1528 2985 1597 δυναμένοις
3018 1528 3158 1597 ὑπὲρ
3181 1528 3423 1596 ἀδελφῶν
3455 1529 3840 1595 ἀποθνήσκειν,

2281 1616 2373 1667 καὶ
2399 1617 2652 1683 τοιαύτην
2669 1615 2882 1687 ἐγγύην
2911 1614 2986 1685 μὴ
3024 1614 3430 1686 παραιτεῖσθαι.

2353 1795 2474 1848 Τῶν
2499 1796 2672 1863 ἁγίων
2699 1794 3019 1848 ἀποστόλων
3043 1794 3224 1848 κανὼν
3258 1791 3325 1848 ιί.

2351 1884 2458 1938 Καὶ
2484 1883 2710 1951 νομικὸν
2733 1883 3025 1951 κεφάλαιον
3053 1882 3148 1936 λε’.

2356 1982 2484 2045 ρις-’.
2537 1975 2659 2028 Ὀτι
2711 1976 2773 2027 οὐ
2828 1975 2912 2028 δεῖ
2962 1974 3234 2045 κυβεύειν,
3293 1974 3410 2045 ἦτοι
3464 1973 3753 2038 ταυλίζειν,
3807 1974 3841 2041 ἢ

2281 2066 2507 2132 παίγνια
2530 2062 2840 2133 ἀνέχεσθαι,
2872 2062 2904 2133 ἢ
2937 2061 3220 2131 θεωρητὰς
3251 2060 3495 2130 γίνεσθαι
3524 2062 3728 2114 τούτων
3749 2077 3762 2091 ·
3809 2062 3843 2129 ἦ

2280 2156 2578 2224 ὀρχήσεων,
2610 2153 2643 2224 ἢ
2673 2153 2979 2224 θυμελικῶν
3002 2153 3287 2224 ᾀσμάτων,
3311 2152 3345 2223 ἢ
3372 2153 3480 2206 τῶν
3515 2152 3614 2214 τὰς
3644 2151 3844 2221 ἄρκους

2238 2268 2240 2270 τ
2278 2246 2690 2316 ὲπισυρομένων
2718 2244 2877 2316 χάριν
2909 2242 3162 2311 παιγνίου
3191 2258 3204 2270 ·
3233 2242 3265 2312 ἢ
3298 2242 3406 2294 τῶν
3429 2242 3690 2311 δαιμονᾷν
3715 2241 3848 2293 ὁποι

2279 2337 2610 2408 κρινομένων
2635 2350 2648 2365 ⁸
2697 2336 2730 2406 ἢ
2771 2337 2879 2388 τῶν
2926 2335 3276 2388 ἀναπτόντων
3317 2334 3609 2400 πυρκαϊὰς,
3657 2333 3751 2386 καὶ
3787 2333 3846 2384 ἐν

2278 2430 2514 2498 παιγνίῳ
2555 2427 3006 2498 ὑπεραλλομένων
3031 2427 3255 2504 αὐταῖς,⁸
3291 2425 3323 2495 ἢ
3358 2423 3710 2498 προσκεῖσθαι
3739 2439 3837 2474 κυ-

2276 2520 2506 2588 νηγίοις,
2559 2517 2593 2588 ἢ
2640 2516 3051 2588 ἱπποδρομίαιςο
3100 2514 3258 2577 ἐπεὶ,
3306 2516 3354 2567 εἰ
3404 2513 3504 2582 μὲν
3552 2512 3842 2583 ίερωμένοι

2275 2613 2404 2676 είσὶ,
2434 2609 2860 2681 καθαιροῦνται⁹
2907 2610 2955 2662 εί
2999 2607 3178 2661 λαῖκοὶ
3245 2604 3599 2678 ἀφορίζονται
3647 2603 3738 2658 ἐπὶ
3781 2603 3844 2670 ἒξ

2275 2701 2506 2773 χρόνοις.

2348 2901 2471 2954 Τῶν
2498 2901 2670 2968 ἁγίων
2693 2900 3004 2953 ἀποστόλων
3028 2898 3211 2951 κανὼν
3238 2895 3309 2959 κ’,
3345 2895 3453 2965 μβθ,
3487 2893 3600 2964 μγ.

2345 2991 2571 3048 Συνόδου
2602 2991 2924 3053 Λαοδικείας
2953 2990 3134 3043 κανὼν
3159 2988 3258 3058 νβ’,
3287 2990 3380 3053 νδ’,
3407 2993 3501 3040 νε’.

2342 3083 2571 3139 Συνόδου
2599 3082 2957 3153 Καρθαγένης
2991 3079 3171 3134 κανὼν
3203 3077 3283 3145 ιε’,
3325 3076 3424 3145 ξα’,
3456 3077 3558 3145 ξΥ.

2341 3175 2568 3228 Συνόδου
2613 3170 2667 3236 ς’
2703 3171 2900 3226 ςκανὼν
2948 3169 3046 3235 κδ’,
3095 3167 3161 3234 ν’,
3203 3174 3306 3237 ναν,
3353 3165 3417 3237 ξ’,
3455 3167 3556 3234 ξω,
3599 3167 3700 3238 ξβο,
3742 3165 3842 3233 ξε⁹,

2273 3267 2381 3333 ξςσ,
2412 3264 2510 3319 οα’.
3286 3269 3300 3275 ’

2344 3357 2569 3410 Συνόδου
2601 3353 2647 3420 ζ’
2673 3352 2852 3409 κανὼν
2890 3353 2997 3422 κβ’.

2344 3444 2583 3515 Νομικδν
2613 3443 2906 3513 κεφάλαιον
2936 3440 3016 3505 λζ’
3047 3441 3140 3495 καὶ
3169 3438 3278 3504 πῖ.

2348 3533 2469 3608 ριξ.
2500 3535 2625 3588 Ὀτι
2663 3534 2721 3586 ού
2749 3533 2833 3586 δεῖ
2869 3531 3064 3593 τόκους
3108 3529 3439 3601 λαμϐάνεινο
3468 3529 3615 3595 ἐπεὶ,
3648 3529 3697 3580 εί
3734 3527 3835 3596 μὲν

2276 3626 2564 3698 ίερωμὲνοι
2591 3623 2721 3688 εἰσὶ,
2761 3621 3176 3692 καθαιροῦνται,
3227 3621 3276 3673 sl
3318 3620 3376 3674 δὲ
3417 3620 3615 3688 λαῖκοὶ,
3645 3615 3838 3687 ἀφορί-

2275 3718 2479 3784 ζονται.
2534 3757 2567 3789 ,

2347 3808 2468 3862 Τῶν
2499 3809 2673 3873 ἁγίων
2698 3806 3016 3862 ἀποστόλων
3050 3807 3232 3863 κανὼν
3261 3806 3365 3878 μδ¹.

2346 3899 2574 3954 Συνόδου
2601 3898 2834 3960 Νικαίας
2865 3898 3045 3951 κανὼν
3076 3899 3163 3962 ιζ’.

2343 3991 2567 4046 Συνόδου
2604 3990 2925 4054 Λαοδικείας
2947 3991 3126 4043 κανὼν
3150 3990 3214 4044 6'.

2347 4080 2572 4133 Συνόδου
2597 4080 2956 4149 Καρθαγένης
2979 4077 3159 4132 κανὼν
3188 4084 3220 4130 ι’
3248 4077 3340 4131 καὶ
3366 4083 3463 4142 ις’.

2347 4170 2452 4222 Τοῦ
2479 4169 2635 4236 ἁγίου
2667 4168 2970 4238 Γρηγορίου
2996 4167 3215 4236 Νύσσης
3244 4165 3423 4220 κανὼν
3452 4163 3528 4229 ς’.
3591 4163 3594 4165 λ

2350 4258 2476 4332 ριτί.
2507 4259 2631 4312 Ὅτι
2671 4260 2730 4309 οὐ
2779 4259 2858 4310 δεῖ
2887 4257 3186 4327 χλευάζειν,
3219 4257 3333 4328 ἤτοι
3363 4255 3654 4324 ἐμπαίζειν
3679 4249 3835 4322 χωλᾷ

615 4331 828 4397 claudo,
857 4341 948 4386 aut
995 4349 1156 4401 caeco,
1191 4345 1282 4390 aut
1324 4337 1549 4407 pedibus
1585 4339 1828 4394 mutilato
1857 4356 1871 4393 :
1903 4340 1993 4409 qui
2025 4341 2168 4397 enim

2276 4357 2309 4428 ἢ
2352 4331 2558 4422 τυφλῷ,
2610 4351 2642 4421 ἦ
2695 4351 2772 4420 τῷ
2809 4350 2908 4411 τὰς
2967 4349 3151 4419 βάσεις
3209 4348 3604 4420 πεπληγμένῳο
3652 4345 3773 4397 ἐπεὶ
3809 4344 3838 4395 ὁ

619 4424 721 4479 hoc
754 4425 902 4491 facit,
937 4431 1459 4485 excommunicatur.

686 4517 1011 4572 Sanctorum
1044 4521 1403 4589 apostolorum
1435 4537 1604 4577 canon
1647 4524 1734 4578 57.

685 4609 810 4663 119.
844 4609 960 4663 Non
991 4626 1112 4666 esse
1141 4617 1712 4671 excommunicandum
1745 4635 1865 4674 eum
1894 4622 1982 4691 qui
2004 4622 2172 4676 forni-

613 4701 726 4756 cari
766 4703 1141 4769 constituerit,
1177 4705 1243 4760 ad
1294 4721 1428 4774 opus
1479 4717 1652 4762 tamen
1693 4725 1796 4764 non
1840 4713 2069 4776 venerit,
2118 4722 2176 4765 ut

615 4794 707 4863 qui
732 4783 922 4848 .dirina
951 4797 1121 4863 gratia
1155 4796 1224 4850 sit
1250 4808 1513 4853 servatus.

689 4885 890 4957 Synodi
924 4885 1155 4942 Nicaeum
1185 4904 1356 4943 canon
1388 4892 1440 4945 4.

692 4978 814 5034 120.
844 4976 960 5032 Non
1011 4989 1260 5048 oportere
1283 4979 1670 5048 Christianum,
1718 4985 2032 5053 sanguinem
2082 4994 2176 5038 aut

617 5085 833 5124 carnem
859 5086 886 5123 a
910 5070 1079 5124 bestia
1108 5082 1339 5140 captam,
1368 5084 1459 5127 aut
1492 5077 1829 5130 morticinnm
1858 5078 2171 5132 comedere:

617 5163 662 5217 si
693 5163 834 5218 enim
867 5167 1005 5219 sacri
1052 5165 1120 5218 sit
1154 5165 1378 5231 ordinis,
1425 5168 1713 5235 dejicitur;
1747 5171 1790 5226 si
1817 5186 1944 5225 vero
1989 5171 2174 5236 la’cns,

621 5264 962 5322 segregatur.

689 5347 1009 5401 Sanctorum
1045 5350 1404 5418 apostolorum
1430 5366 1599 5405 canon
1636 5352 1724 5407 65.

694 5437 894 5508 Synodi
919 5439 1247 5510 Gangrensis
1279 5459 1448 5496 canon
1477 5445 1532 5498 2.

699 5551 777 5619 (1)
815 5554 1038 5621 στοιχέω
1089 5541 1384 5624 Hesychius
1415 5557 1796 5624 interpretatur
1856 5561 2080 5618 συνενῶ.
2126 5564 2174 5615 ιιι

623 5632 724 5689 est,
771 5624 1029 5680 coadtmo.
1060 5627 1303 5681 convenio
1329 5642 1345 5681 :
1387 5627 1524 5682 unde
1553 5629 1688 5699 apud
1724 5627 2174 5700 llunnenopulum

2174 4464 2182 4468 ·
2274 4445 2431 4498 τοῦτο
2457 4443 2624 4496 ποιῶν
2651 4441 2992 4511 ἀφορίζεται.

2347 4535 2468 4588 Τῶν
2499 4535 2668 4602 ἁγίων
2689 4531 3002 4586 ἀποστόλων
3028 4531 3208 4584 κανὼν
3237 4532 3332 4596 νζ¹.

2349 4625 2469 4698 ριθ¹.
2506 4628 2626 4678 Ὀτι
2675 4625 2733 4677 οὑ
2783 4623 2862 4676 δεῖ
2899 4623 3179 4692 ἀφορίζειν
3221 4625 3310 4678 τὸν
3361 4625 3691 4695 προθέμενον
3737 4625 3833 4695 μὲν

2277 4719 2595 4788 πορνεῦσαι,
2633 4717 2705 4786 μὴ
2741 4715 2959 4767 ἐλθόντα
2988 4715 3041 4767 δὲ
3081 4717 3160 4778 εἰς
3191 4716 3370 4783 ἔργον,
3419 4716 3521 4769 ὑπὸ
3552 4716 3650 4786 τῆς
3687 4716 3833 4780 θείας

2277 4811 2495 4881 χάριτος
2526 4810 2809 4880 ρυσθέντα.

2348 4903 2572 4955 Συνόδου
2608 4903 2842 4965 Νικαίας
2872 4903 3049 4956 κανὼν
3082 4900 3145 4954 6'.

2354 4994 2458 5066 ρκ’.
2492 4998 2612 5049 Ὅτι
2648 4997 2709 5048 οὐ
2739 4997 2818 5049 δεῖ
2856 4994 3291 5064 μεταλαμϐάνειν
3318 4990 3641 5057 Χριστιανὸν
3671 4991 3833 5059 αἵμα-

2277 5109 2367 5152 τος
2395 5090 2426 5159 ἢ
2459 5089 2816 5156 θηριαλώτου,
2849 5090 2880 5157 ἢ
2921 5086 3264 5156 θνησιμαίου.
3307 5084 3370 5135 E’.
3402 5084 3498 5152 μὲν
3532 5084 3640 5152 γὰρ
3674 5085 3832 5153 ἱερω-

2282 5185 2442 5254 μένος
2475 5182 2616 5242 ἐστὶ,
2661 5181 3038 5251 καθαιρεῖταιο
3078 5181 3122 5230 εἰ
3158 5177 3212 5229 δὲ
3247 5175 3455 5238 λαῖκὶς,
3492 5175 3827 5243 ἀφορίζεται.

2351 5363 2472 5415 Τῶν
2501 5362 2670 5428 ἁγίων
2699 5361 3010 5414 ἀποστόλων
3045 5358 3221 5413 κανὼν
3248 5357 3346 5425 ἔτ’.

2353 5453 2576 5505 Συνόδου
2604 5453 2865 5524 Γαγγρῶν
2895 5451 3071 5505 κανὼν
3103 5452 3168 5522 β’.

2281 5566 2371 5618 lih.
2403 5581 2442 5624 ι,
2475 5565 2557 5616 ιῑι.
2600 5566 2653 5618 8.
2702 5566 2747 5634 §.
2787 5566 2832 5618 l.
2885 5563 3049 5618 Pacta
3087 5575 3134 5620 et
3187 5565 3571 5627 contentiones,
3608 5575 3829 5629 στοιχηο

2283 5636 2440 5688 θέντα
2476 5635 2746 5691 dicuntur.
