4010 6336
611 223 682 284 59
882 181 887 188 ’
1491 228 1815 293 ARSENII
1855 235 2204 298 MONACHI
2249 239 2602 301 'EPITOME
2642 240 3040 305 CANONUM.
3810 246 3892 308 so

507 404 514 409 ⁴
610 318 774 389 Ῐίοοτθ
800 329 1045 389 Judmum
1077 349 1295 392 servum
1327 339 1554 406 pecunia
1596 340 1696 394 sibi
1727 330 2059 411 comparare.
2094 343 2184 397 Nec

2311 345 2389 398 ὅτι
2418 348 2519 418 οὐκ
2565 349 2777 416 ἔξεστιν
2809 351 3087 414 ,Ἰουδαῖον
3118 350 3327 420 ὠνητὸν
3364 350 3551 406 δοῦλον
3597 352 3830 406 κτᾶσθαι
3865 367 3890 383 ο

609 441 716 478 non
751 427 1034 496 episcopos
1066 439 1178 485 toto
1211 431 1396 487 studio
1429 431 1483 486 in
1517 432 1569 486 id
1616 433 1930 491 incumbere
1972 437 2191 500 debere,

610 525 668 569 ut
698 532 791 571 eos
818 518 886 571 ab
912 533 1102 576 errore
1129 507 1404 578 revocent.

679 607 878 677 Synodi
909 609 1138 668 Nicaeum
1161 629 1336 670 canon
1366 615 1422 670 8.

677 695 878 776 Synodi
913 699 1231 758 Laodiceam
1252 719 1424 760 canon
1454 709 1485 760 7
1514 717 1564 760 et
1594 707 1649 762 8.

681 786 881 857 synodi
915 790 1328 863 Constantinop.
1348 811 1525 851 canon
1556 799 1611 853 7.

655 881 888 949 ‘Synodi
915 882 1195 952 Ephesius:
1219 901 1393 941 canon
1424 888 1477 953 1,
1506 888 1566 954 2)
1593 890 1649 950 '5.
1679 889 1734 954 4,
1767 891 1821 956 5,
1847 890 1901 956 6,
1935 892 1989 959 8,
2026 895 2080 949 9.

681 973 882 1044 Synodi
935 968 1400 1046 Carthaginiensis
1433 995 1607 1036 canon
1637 982 1728 1048 47,
1756 983 1846 1049 57,
1867 983 1958 1049 26,
1983 987 2072 1053 27,
2093 987 2189 1056 68,

611 1065 701 1132 69,
733 1066 820 1132 92,
844 1067 934 1134 95,
981 1068 1073 1130 94,
1115 1070 1204 1134 99,
1244 1069 1524 1137 108,118,
1582 1073 1707 1140 119,
1757 1078 1881 1135 123.
1920 1081 2045 1139 124.

680 1158 882 1227 Synodi
922 1160 988 1215 Vl
1017 1177 1189 1218 canon
1219 1163 1310 1220 95.

680 1251 882 1320 Synodi
918 1252 1008 1309 Vll
1033 1269 1208 1312 canon
1239 1258 1294 1319 8,.

677 1341 864 1398 Sancti
894 1345 1079 1402 Basilii
1099 1364 1292 1406 canon
1317 1352 1352 1407 5
1377 1365 1433 1410 et
1455 1354 1549 1412 20.

677 1433 964 1506 Theophili
994 1454 1165 1495 canon
1195 1443 1280 1498 l2.

679 1526 1105 1586 155.1dolorum
1151 1537 1370 1606 templa,
1405 1538 1633 1611 ipsaque
1660 1543 1803 1600 idola
1836 1561 2182 1616 quocumque

610 1618 770 1674 modo
797 1636 916 1677 esse
951 1629 1244 1682 evertenda
1273 1645 1286 1681 :
1314 1633 1456 1701 quod
1486 1643 1545 1687 ut
1567 1633 1680 1701 ﬁat,
1699 1637 1960 1708 imperiali
1998 1647 2186 1694 aucto-

610 1711 774 1766 ritate
806 1715 963 1770 nobis
993 1732 1129 1787 opus
1166 1734 1270 1776 est.

607 1894 631 1947 1
709 1804 919 1876 Synodl
991 1810 1441 1885 Carlltaginensis
1509 1834 1682 1876 canon
1758 1823 1846 1889 58,
1906 1825 1998 1891 84,
2058 1825 2184 1892 106,

643 1895 735 1947 36.

643 1895 735 1952 56.

677 1987 806 2043 136.
840 1989 1055 2048 Nullum
1085 1995 1458 2054 Christianum
1481 2011 1731 2071 oportere
1764 2008 1816 2062 in
1851 2008 2044 2066 balneo
2064 2024 2186 2065 cum

606 2079 928 2139 mulieribus
951 2084 1116 2143 lavari
1145 2104 1158 2140 :
1213 2090 1262 2145 si
1291 2093 1439 2147 enim
1469 2097 1645 2152 sacris
1673 2098 1877 2155 addicti
1906 2113 2034 2158 sunt
2085 2102 2178 2173 qui
2201 2117 2220 2123 '

609 2172 976 2258 boc_‘laciunt,
1026 2181 1194 2251 gradu
1239 2196 1567 2255 moventur;
1615 2191 1662 2246 si
1712 2207 1841 2250 vero
1898 2195 2043 2261 laici,
2085 2172 2187 2252 se—

608 2277 921 2336 gregantur.
1623 2279 1626 2284 ’

678 2355 885 2426 Synodi
909 2357 1224 2417 Laodicenae
1253 2378 1428 2421 canon
1449 2365 1540 2422 30.

682 2449 885 2519 Synodi
915 2451 982 2507 Vl
1011 2469 1184 2509 canon
1222 2457 1310 2514 77.

683 2542 807 2596 I37.
849 2542 966 2600 Non
1002 2556 1254 2615 oportere
1287 2549 1490 2608 liberos
1530 2568 1666 2612 suos
1713 2573 1835 2613 cum
1888 2561 2184 2632 haereticis,

609 2644 702 2689 aut.
727 2633 952 2702 Judaeis,
975 2646 1072 2691 aut
1091 2640 1388 2708 gentilibus
1407 2647 1758 2704 matrimonio
1784 2651 2036 2722 iungere,
2066 2653 2174 2709 nisi

609 2728 932 2796 promittant
969 2745 1034 2786 se
1054 2730 1394 2791 Christianos
1426 2735 1561 2793 fore.
1600 2739 1756 2807 Quod
1781 2743 1826 2797 si
1864 2725 2037 2813 juncti
2068 2738 2185 2802 fue-

610 2818 740 2886 rint,
793 2820 1059 2888 ejusmodi
1096 2824 1404 2897 coniugium
1463 2839 1720 2902 tanquam
1754 2835 2015 2892 'illicitum
2060 2853 2184 2895 esse

608 2909 993 2968 dirimendum.
1045 2915 1229 2989 Neque
1250 2936 1379 2976 vero
1427 2923 1513 2978 his
1546 2935 1605 2981 ut
1643 2929 2063 2998 consanguineis
2091 2929 2178 2984 la-

2303 440 2397 491 καὶ
2450 441 2534 494 δτι
2591 442 2846 512 σπουδὴν
2885 447 3068 498 πᾶσαν
3122 443 3433 514 ὀφείλουσιν
3488 447 3540 499 οἱ
3584 446 3890 516 ’ἀρχιερεῖς

2301 530 2515 595 εἰσάξαι
2550 534 2631 594 είς
2657 534 2719 586 τὸ
2749 536 3103 607 ἐπιστρέφειν
3126 537 3346 602 αὐτούς.
3559 537 3562 540 ’

2372 625 2601 679 Συνόδου
2631 629 2866 703 Νικαίας
2896 617 3177 704 κανὼνή’.

2329 708 2340 792 ’ἢ
2374 717 2602 771 Συνύδου
2644 720 2966 785 Λαοδικείας
2992 722 3174 777 κανὼν
3208 718 3256 789 ζ’
3279 725 3372 777 καὶ
3401 721 3473 795 η’.

2331 801 2334 804 ’
2369 795 2600 878 Συνόδου
2631 813 3259 878 Κωνσταντινουπόλεως
3286 797 3468 869 κανὼν
3497 814 3564 879 ζ’.

2369 901 2598 966 Συνόδου
2643 903 2877 973 Ἐφέσου
2905 907 3090 960 κανὼν
3113 903 3181 971 α’,
3214 906 3280 976 β’,
3314 905 3384 973 γ’,
3416 907 3481 969 δ’,
3514 913 3576 972 ε’,
3607 915 3682 972 ς’,
3713 907 3786 976 η’,
3811 909 3888 964 θ’.

2369 983 2597 1046 Συνόδου
2627 995 2990 1067 Καρθαγένης
3019 998 3202 1052 κανὼν
3233 999 3341 1068 μζ’,
3365 997 3464 1063 vf,
3489 1007 3606 1066 κς’,
3636 1001 3740 1068 κζ’.
3767 1001 3885 1068 ξη¹.

2299 1082 2398 1149 ξθ’,
2430 1083 2534 1154 ιβ’,
2567 1089 2676 1154 ια’,
2707 1087 2808 1153 ιβ,
2842 1087 2949 1155 ἥθ’,
2983 1093 3080 1144 καὶ
3109 1088 3214 1162 ρη⁹,
3247 1097 3377 1163 ριη’,
3413 1089 3538 1165 ριθ’,
3568 1098 3710 1164 ρκγ’,
3740 1093 3884 1164 ρκδ’.

2367 1176 2594 1230 Συνόδου
2631 1176 2686 1242 ς’
2720 1179 2899 1234 κανὼν
2927 1186 3030 1248 κε’.

2367 1269 2597 1323 Συνόδου
2632 1271 2680 1336 ζ’
2708 1272 2886 1327 κανὼν
2908 1274 2980 1345 η’.

2367 1361 2476 1414 Τοῦ
2506 1361 2664 1430 ἁγίου
2699 1363 2985 1420 Βασιλείου
3024 1367 3208 1423 κανὼν
3233 1375 3274 1422 ε’
3304 1369 3399 1423 καὶ
3431 1375 3504 1425 κ’.

2365 1452 2629 1520 Θεοφίλου
2668 1455 2847 1510 κανὼν
2878 1458 2970 1529 ιβ’.
3687 1504 3689 1506 -

2366 1543 2496 1616 ρλε’.
2526 1546 2650 1601 Ὀτι
2679 1547 2762 1601 δεῖ
2793 1551 2921 1614 τοὺς
2947 1552 3264 1619 είδωλικοὺς
3286 1557 3470 1622 ναοὺς,
3500 1557 3600 1611 καὶ
3626 1557 3695 1611 τὰ
3723 1556 3888 1611 είδω-

2292 1636 2362 1690 λα
2395 1639 2561 1692 παντὶ
2605 1640 2793 1713 τρόπῳ
2833 1645 3314 1717 καταστρέφεσθαι
3344 1666 3359 1680 ·
3410 1649 3686 1721 δεομένων
3714 1650 3884 1721 ἡμῶν

2290 1729 2421 1800 περὶ
2439 1731 2650 1786 τούτων
2679 1734 2778 1804 τῆς
2815 1735 3114 1809 βασιλικῆς
3142 1739 3416 1806 ἔξουσίας.

2361 1822 2593 1877 Συνόδου
2632 1825 3001 1899 Καρθαγένης
3032 1831 3216 1885 κανὼν
3241 1839 3347 1903 νη’,
3379 1832 3486 1899 τπδ’,
3520 1840 3634 1905 pg“,
3672 1833 3818 1905 ρλς’.

2363 2002 2513 2072 pls”.
2545 2005 2667 2058 Ὅτι
2692 2006 2753 2058 ού
2778 2006 2860 2059 δεῖ
2881 2024 3002 2061 τινα
3023 2009 3134 2063 τῶν
3153 2010 3501 2079 Χριστιανῶν
3526 2013 3585 2066 ὲν
3602 2012 3885 2083 βαλανείῳ
3976 2047 3977 2050 η

2293 2093 2435 2163 μετὰ
2462 2095 2741 2163 γυναικῶν
2770 2097 3174 2154 ἀπολούεσθαι’
3213 2103 3262 2155 εί
3298 2102 3400 2173 μὲν
3423 2103 3536 2176 γὰρ
3579 2104 3881 2174 ίερωμένοε.

2290 2186 2430 2240 εἲσὶν
2457 2187 2510 2263 οἱ
2549 2185 2708 2240 τοῦτο
2741 2187 3051 2256 ποιοῦντες,
3097 2191 3495 2263 καθαιροῦνται
3528 2209 3542 2224 ·
3579 2196 3628 2248 εί
3662 2193 3721 2248 δὲ
3750 2195 3881 2248 λαῖ-

2289 2275 2400 2339 κοὶ,
2430 2258 2807 2349 ἀφορίζονται.

2359 2368 2591 2422 Συνόδου
2621 2371 2947 2434 Λαοδικείας
2976 2373 3161 2429 κανὼν
3199 2374 3265 2429 λ’.
3342 2385 3346 2390 ’

2360 2462 2593 2517 Συνόδου
2624 2461 2676 2526 ς’
2706 2463 2889 2517 κανὼν
2923 2466 3021 2531 οζ’.

2361 2552 2493 2625 ρλξ.
2524 2554 2649 2608 Ὀτι
2679 2555 2851 2613 οὺδεῖ
2887 2545 3186 2613 συνάπτειν
3210 2559 3350 2629 πρὸς
3374 2559 3557 2630 γάμου
3580 2563 3879 2615 κοινωνίαν

2285 2645 2356 2699 τὰ
2383 2645 2593 2701 ἑαυτῶν
2613 2647 2779 2700 τέκνα
2809 2648 3126 2720 αίρετικοῖς,
3153 2650 3188 2723 ἢ
3224 2649 3520 2717 Ἰουδαίοις,
3545 2652 3834 2724 ῆὲθνικοῖς
3858 2669 3877 2686 ⁶

2286 2739 2336 2792 εί
2377 2738 2452 2809 μὴ
2481 2738 2912 2806 ἐπαγγέλλονται
2945 2741 3266 2811 Χριστιανοὶ
3293 2743 3565 2812 γενέσθαι.
3586 2743 3654 2799 El
3684 2744 3743 2798 δὲ
3771 2744 3879 2798 καὶ

2288 2829 2633 2899 συναφθεῖεν,
2688 2831 3006 2886 διαλύεσθαι
3061 2833 3124 2886 τὺ
3172 2833 3412 2888 τοιοῦτον
3445 2835 3686 2905 ἄθεσμον
3743 2853 3879 2890 συν-

2286 2928 2553 2985 οικέσιον,’
2599 2928 2736 2999 μήτε
2771 2928 2828 2983 δὲ
2849 2929 2926 2992 ὡς
2945 2933 3234 2998 συγγενεῖς
3252 2931 3585 2985 οἰκειοῦσθαι
3605 2932 3832 2995 τούτους
3855 2949 3874 2964 ο

607 3002 895 3059 miliariter
925 3009 1178 3063 utendum
1209 3026 1225 3064 :
1259 3010 1498 3082 alioquin
1531 3015 1578 3070 si
1599 3018 1780 3072 sacris
1831 3020 2030 3074 addicti
2045 3020 2178 3084 sint,

2311 3020 2511 3084 ιπεὶ,.εί
2563 3020 2674 3090 ,μὲν
2731 3021 3024 3092 ίερωμένοι
3065 3015 3198 3088 eiul,
3253 3023 3649 3094 καθαιροῦνται
3676 3040 3692 3056 ο
3721 3027 3773 3078 εί
3809 3024 3877 3078 δὲ

607 3095 973 3167 dejiciuntur;
1023 3099 1067 3153 si
1102 3115 1229 3156 vero
1249 3101 1394 3169 laici,
1428 3116 1801 3180 segregantur.
1843 3107 1982 3176 Quin
2012 3111 2177 3166 etiam

2311 3113 2503 3178 ,αῖκοὶ,
2557 3112 2915 3182 ἀφορίζονται
2949 3130 2966 3147 ·
3012 3115 3130 3168 ἀλλ’
3185 3115 3311 3170 οὐδὲ
3368 3116 3877 3187 καταλειφθήσεται

609 3201 790 3256 neque
831 3188 1117 3245 haereditas
1150 3192 1284 3261 ipsis
1330 3195 1708 3265 relinquetur:
1741 3199 1836 3268 qui
1879 3202 2024 3256 enim
2077 3203 2183 3258 hoc

2311 3201 2496 3263 ούτοις
2517 3201 2857 3272 κληρονομία
2878 3217 2894 3234 ο
2929 3203 2980 3256 οί
3012 3204 3122 3276 γὰρ
3151 3203 3306 3258 τοῦτο
3335 3205 3612 3269 ποιοῦντες
3633 3205 3694 3259 οὐ
3728 3223 3876 3276 μνη-

609 3275 839 3344 facium,
871 3293 968 3349 pro
999 3280 1326 3346 Christianis
1366 3299 1472 3340 non
1509 3287 1804 3354 habentur,
1835 3291 1967 3360 quin
1997 3294 2182 3364 potius

606 3369 952 3424 anathemate
991 3371 1278 3428 feriuntur.

682 3463 884 3532 Synodi
918 3464 1235 3521 Laodicenae
1262 3483 1436 3524 canon
1467 3469 1536 3525 10
1559 3478 1615 3524 οι
1635 3471 1730 3525 31.

680 3554 882 3624 Synodi
908 3557 1369 3617 Chalcedonensis
1401 3577 1575 3617 canon
1632 3563 1721 3618 14.

680 3645 880 3716 Synodi
905 3648 1347 3720 Carthaginiensis
1370 3668 1545 3708 canon
1594 3653 1685 3721 21,
1719 3655 1813 3724 22,
1838 3659 1929 3717 84.

678 3736 886 3807 Synodi
918 3738 984 3793 Vl
1018 3754 1192 3794 canon
1236 3742 1298 3795 11
1333 3752 1387 3798 et
1414 3743 1503 3798 72.
1654 3751 1659 3754 ’

675 3829 798 3884 158.
836 3829 940 3886 Eos
980 3833 1072 3901 qui
1103 3834 1154 3886 in
1192 3835 1400 3892 alienas
1423 3852 1511 3893 res
1547 3853 1741 3895 manus
1772 3841 2092 3912 immittunt,
2115 3861 2180 3904 ac

603 3919 726 3988 plus
763 3922 995 3980 habendi
1052 3927 1352 3995 cupiditate
1382 3929 1654 3997 laborant,
1681 3947 1759 4010 ex.
1777 3931 2018 3992 Ecclesia
2046 3953 2170 3996 esse

605 4010 917 4078 ejiciendus.

677 4102 1136 4174 SanctiGregorii
1171 4107 1559 4183 Thaumaturgi
1597 4128 1774 4171 canon
1806 4117 1862 4174 2.

675 4194 859 4250 Sancti
883 4196 1127 4269 Gregorii
1160 4201 1393 4272 Nysseni
1422 4220 1599 4262 canon
1626 4208 1682 4261 6.

681 4288 967 4359 Theophili
993 4308 1167 4348 canon
1207 4295 1295 4350 14.

677 4382 799 4437 139.
838 4384 971 4454 Eum
1016 4386 1108 4454 qui
1159 4387 1227 4442 ab
1267 4403 1452 4458 uxore
1496 4405 1594 4445 sua
1651 4403 1850 4461 praeter
1906 4396 2174 4454 rationem
2207 4390 2256 4449 D

604 4474 822 4529 relictus
870 4478 959 4540 sit,
994 4484 1372 4537 communione
1416 4498 1522 4536 non
1553 4498 1676 4539 esse
1711 4487 2055 4556 privandum.

680 4578 861 4632 Sancti
896 4579 1078 4635 Basilii
1111 4597 1286 4636 canon
1321 4584 1411 4638 55.

675 4671 797 4723 HO.
828 4672 942 4724 Non
978 4684 1226 4740 oportere
1257 4675 1588 4732 immundam
1620 4680 1920 4749 mulierem,
1941 4683 2039 4737 hoc
2069 4692 2174 4750 est,

599 4761 867 4813 tucmtrui
924 4761 1167 4829 proﬂuvii
1221 4772 1484 4834 tempore,
1525 4767 1590 4822 ad
1651 4779 1894 4824 sanctam
1921 4785 2173 4824 commu-

602 4852 814 4904 nionem
864 4855 1163 4909 accedere:
1195 4857 1322 4924 quin
1362 4873 1536 4927 neque
1556 4874 1651 4914 eos
1684 4862 1774 4930 qui
1825 4863 2176 4919 matrimonio

594 4943 770 5009 juncti
824 4954 970 5011 sunt,
1020 4947 1121 5000 nisi
1154 4963 1220 5001 ex
1277 4960 1560 5018 compacto
1595 4968 1624 5006 a
1674 4965 1861 5009 mutuo
1914 4967 2166 5010 contactu

598 5037 999 5104 abstinuerint;
1045 5054 1218 5108 neque
1267 5057 1396 5096 vero
1440 5044 1530 5112 qui
1591 5055 1915 5100 nocturnum
1966 5047 2169 5100 ﬂuxum

600 5129 740 5193 passi
777 5140 920 5194 sunt,
967 5132 1231 5198 siquidem
1268 5136 1510 5190 mulieris
1539 5138 1982 5208 concupiscentia
2055 5154 2174 5193 sese

597 5232 877 5290 correptos
909 5223 1144 5278 videant.
1213 5225 1270 5281 Si
1312 5229 1433 5296 quis
1468 5244 1596 5283 vero
1631 5246 1766 5299 aqua
1803 5246 1861 5285 se
1924 5231 2174 5296 abluens,

597 5320 689 5364 aut
716 5313 764 5366 in
794 5315 984 5370 balneo
1007 5317 1191 5374 lavsus
1217 5313 1512 5376 ac'invitus
1543 5340 1745 5393 aquam
1787 5325 2074 5390 sorbucrit,
2107 5327 2174 5382 ab

596 5418 656 5456 ea
679 5419 782 5458 non
814 5406 1105 5463 arcebitur.

670 5494 849 5550 Sancti
881 5497 1116 5568 Dionysii
1161 5516 1338 5555 canon
1365 5502 1418 5564 2,
1444 5503 1498 5566 5,
1535 5505 1584 5557 1.

671 5587 850 5641 Sancti
885 5589 1164 5645 Athanasii
1196 5609 1363 5647 eanon
1411 5597 1456 5649 l.

671 5678 855 5733 Sancti
891 5679 1154 5737 'l'imotltci
1191 5700 1360 5741 canon
1393 5684 1442 5748 ὃ,
1483 5687 1534 5750 ἲ,
1574 5686 1653 5749 12,
1695 5686 1773 5748 l3,
1814 5686 1889 5738 lti.

2287 3291 2606 3362 μονεύονται
2636 3292 2712 3356 ὡς
2742 3293 3083 3364 Χριστιανοὶ,
3124 3295 3262 3350 ἀλλὰ
3297 3296 3496 3366 μᾶλλον
3532 3296 3875 3368 ἀναθεματίο

2285 3384 2493 3450 ζονται.
3659 3397 3665 3402 ’

2354 3477 2583 3532 Συνὸδου
2604 3478 2929 3544 Λαοδικείας
2963 3480 3146 3535 κανὼν
3169 3488 3200 3536 ι’
3221 3482 3322 3536 καὶ
3349 3483 3454 3538 λα’.

2354 3572 2582 3626 Συνὸδου
2609 3573 2955 3645 Καλχηδόνος
2984 3574 3164 3630 κανὼν
3190 3577 3271 3630 ιδ’.

2356 3664 2583 3719 Συνόδου
2621 3666 2984 3737 Καρθαγένης
3011 3669 3193 3722 κανὼν
3225 3667 3333 3735 κα’,
3359 3671 3467 3740 κβ’,
3491 3667 3597 3735 τῇδ’.

2356 3755 2584 3809 Συνόδου
2625 3754 2680 3821 ς’
2708 3755 2890 3811 κανὼν
2920 3764 2987 3811 ια’
3019 3757 3115 3811 καὶ
3143 3757 3243 3827 οβ’.

2357 3847 2493 3919 ρλη’.
2534 3848 2657 3901 Ὀτι
2684 3848 2765 3902 δεῖ
2814 3850 2944 3913 τοὺς
2971 3848 3080 3904 τῶν
3106 3849 3408 3920 ἀλλοτρίων
3446 3852 3871 3924 ὲφαπτομένους

2283 3939 2379 3992 καὶ
2402 3938 2863 4003 πλεονεκτοῦντας
2891 3938 3272 4010 ὲκκηρύκτους
3298 3942 3543 4019 γίνεσθαι
3592 3944 3694 4014 τῆς
3737 3944 3871 4000 Ἐκ-

2285 4027 2387 4100 κλη
2396 4029 2534 4092 σίας.
3076 4050 3081 4055 ί

2355 4122 2463 4176 Τοῦ
2491 4124 2648 4192 ἁγίου
2679 4125 2984 4196 Γρηγορίου
3011 4127 3105 4182 τοῦ
3127 4128 3556 4201 Θαυματουργοῦ
3585 4127 3766 4190 κανὼν
3789 4128 3864 4200 β’.

2354 4212 2461 4265 Τοῦ
2489 4215 2647 4282 ἁγίου
2676 4216 2980 4286 Γρηγορίου
3016 4217 3236 4291 Νύσσης
3259 4220 3435 4294 κανὼν
3463 4219 3540 4286 ς’.
3626 4285 3630 4287 ἓ

2356 4303 2616 4372 Θεοφίλου
2649 4307 2831 4360 κανὼν
2867 4303 2948 4360 ιδ’.

2358 4395 2490 4466 ρλθᾶ
2519 4397 2643 4451 Ὀτι
2686 4398 2748 4452 ού
2796 4398 2879 4452 δεῖ
2926 4400 3235 4470 στερεῖσθαι
3287 4402 3388 4471 τῆς
3437 4404 3722 4466 κοινωνίας
3764 4405 3869 4458 τὸν

2282 4487 2496 4555 ἀλόγως
2526 4490 2962 4559 καταλειφθέντα
2991 4492 3096 4545 ὑπὸ
3115 4493 3214 4562 τῆς
3241 4493 3380 4558 ίδίας
3418 4495 3692 4562 γυναικός.

2353 4581 2461 4633 Τοῦ
2494 4581 2653 4647 ἁγίου
2675 4580 2961 4636 Βασιλείου
2986 4583 3166 4638 κανὼν
3188 4586 3280 4640 λε’.

2354 4672 2465 4741 ρμ’.
2504 4671 2630 4724 Ὀτι
2661 4673 2720 4724 οὐ
2756 4672 2837 4724 δεῖ
2857 4673 3172 4743 ἀκάθαρτον
3202 4678 3457 4742 γυναῖκα,
3487 4678 3774 4733 τουτέστιν
3794 4681 3864 4735 ὲν

2280 4762 2392 4821 τοῖς
2421 4760 2695 4828 μηνιαίοις
2723 4759 2916 4830 αὐτῆς,
2946 4764 3011 4829 τῇ
3039 4763 3172 4834 ἁγίᾳ
3205 4766 3460 4836 κοινωνίᾳ
3490 4769 3810 4836 προσελθεῖν
3841 4791 3860 4804 ο

2281 4849 2396 4902 ἀλλ’
2421 4850 2542 4906 οὐδὲ
2577 4852 2624 4903 οί
2656 4852 2713 4903 ὲν
2743 4851 2975 4922 συζυγίᾳ
3003 4853 3174 4917 ὄντες,
3216 4857 3263 4906 εί
3298 4855 3373 4926 μὴ
3401 4860 3462 4926 τῇ
3497 4859 3631 4928 αὐτῇ
3666 4861 3863 4933 ἡμέρᾳ.

2280 4945 2678 5014 ἀποστήσουσιν
2701 4945 2897 5007 αὐτοὺς
2920 4947 2983 4998 ὲκ
3011 4946 3304 5015 συμφώνου
3332 4949 3429 5016 τῆς
3463 4951 3582 5016 μετ’
3602 4952 3858 5022 ἀλλήλων

2282 5037 2594 5103 συναφείας.
2625 5035 2762 5087 Οὔτε
2796 5036 2851 5088 δὲ
2874 5037 2923 5088 οί
2951 5038 3007 5089 ὲν
3040 5041 3325 5107 νυκτερινῇ
3367 5040 3519 5109 ῥύσει
3547 5045 3857 5111 γενόμενοι,

2279 5131 2438 5198 εἴπερ
2495 5129 2721 5189 ἑαυτοὺς
2784 5128 3051 5196 ἐπιθυμία
3102 5130 3358 5195 γυναικὸς
3407 5134 3860 5201 κεκρατημένους

2279 5222 2478 5290 ὁρῶσιν
2506 5237 2516 5247 ·
2548 5220 2673 5270 εἰδὲ
2697 5220 3020 5288 νιπτὸμενός
3053 5238 3136 5282 τις
3173 5221 3345 5288 ὕδατι,
3384 5223 3414 5292 ἢ
3449 5223 3854 5295 ἀπολουόμενος

2278 5315 2335 5364 ὲν
2369 5311 2656 5381 βαλανείῳ,
2689 5312 2782 5362 καὶ
2813 5312 2887 5381 μὴ
2923 5311 3092 5364 θέλων
3121 5315 3362 5385 καταπίῃ
3402 5313 3564 5386 ὕδωρ,
3600 5315 3699 5368 οὐκ
3733 5318 3859 5387 εἰρ-

2280 5405 2542 5474 χθήσεται
2573 5405 2796 5472 ταύτης.

2348 5497 2454 5550 Τοῦ
2487 5498 2642 5563 ἁγίου
2679 5496 2954 5549 Διονυσίου
2984 5497 3162 5550 κανὼν
3193 5499 3257 5567 β’,
3290 5497 3359 5565 γ’,
3396 5498 3457 5556 δ’,

2349 5591 2455 5643 Τοῦ
2488 5591 2642 5656 ἁγίου
2693 5590 3011 5642 Ἀθανασίου
3041 5593 3221 5645 κανὼν
3249 5592 3316 5647 α’.

2348 5681 2452 5735 Τοῦ
2483 5682 2634 5748 ἁγίου
2669 5680 2934 5750 Τιμοθέου
2972 5686 3145 5735 κανὼν
3167 5691 3228 5750 ε’,
3257 5684 3320 5749 ζ’,
3359 5683 3441 5756 ψ’,
3469 5693 3558 5754 ιγ’,
3600 5683 3702 5748 ις’.
