4010 6336
629 223 700 287 8⁸1
1857 231 2218 294 ARISTENI
2257 233 2605 300 MONACHI
3786 248 3858 311 63

630 346 718 393 tes
751 336 1050 394 manifestae
1065 345 1317 395 exstent:
1341 347 1402 395 ut
1428 346 1480 394 et
1500 339 1790 411 episcopus
1831 351 2084 410 testetur,
2105 351 2190 397 at-

2303 350 2639 418 προσκείσθω
2679 352 2976 423 πράγματα
3015 358 3257 428 φανερά¹
3307 361 3396 414 ἶνα
3442 362 3536 414 καὶ
3575 361 3606 414 6
3633 361 3857 416 ἐπίσκο-

629 445 734 500 que
779 430 1018 486 Ecclesia
1050 430 1254 485 nullum
1284 431 1538 486 damnum
1573 433 1824 501 accipiat.

701 519 791 573 37.
826 520 1126 589 Episcopus
1177 528 1496 589 potestatem
1541 522 1735 576 habeat
1773 535 1936 589 super
1983 537 2070 578 res
2099 538 2194 577 ec-

627 610 992 676 clesiasticas,
1021 627 1140 664 cum
1170 625 1288 663 eam
1334 626 1497 680 super
1523 611 1734 668 animas
1767 613 1964 668 habeat
1989 631 2003 668 :
2032 622 2196 682 atque

631 702 813 754 omnia
841 703 990 769 juxta
1036 702 1271 755 divinam
1313 685 1646 755 voluntatem
1677 702 2048 758 administret.

697 791 788 846 38.
824 790 1089 846 Sacerdos
1120 792 1326 852 aleator
1353 802 1514 861 atque
1554 788 1825 854 ebriosus.
1868 795 1913 848 si
1968 810 2073 850 non
2103 794 2195 851 de-

628 881 794 945 sinat,
819 883 1142 949 deponatur.

698 970 788 1023 59.
841 971 1087 1025 Clericus
1115 981 1166 1025 et
1197 971 1368 1027 laicus
1395 972 1595 1028 similia
1650 971 1856 1030 faciens
1880 988 2196 1030 excommu-

629 1057 746 1112 nica
756 1067 861 1114 tur.

696 1148 790 1204 ιο.
832 1148 1101 1206 Sacerdos
1129 1154 1303 1207 mutui
1347 1168 1542 1210 usuras
1564 1155 1806 1224 exigens,
1837 1153 1941 1209 nisi
1962 1155 2190 1222 desinat,

628 1238 971 1295 deturbetur.
1809 1265 1814 1270 '

696 1333 789 1386 41.
824 1331 928 1398 Qui
961 1349 1084 1388 cum
1136 1334 1403 1391 haereticis
1443 1344 1585 1400 orat,
1641 1336 2188 1393 excommunicatur:

625 1424 717 1492 qui
771 1439 899 1479 vero
947 1425 1174 1480 clericos
1217 1426 1316 1480 bos
1356 1428 1651 1490 existimat,
1698 1428 1865 1495 gradu
1918 1439 2186 1485 moretur.

697 1513 790 1570 42.
841 1514 1112 1571 Sacerdos
1159 1517 1426 1587 baptisma
1468 1529 1521 1573 et
1552 1517 1878 1573 sacriﬁcium
1906 1519 2187 1574 haeretico-

627 1620 746 1660 rqu
767 1609 1070 1676 recipiens,
1105 1610 1412 1664 sacerdotio
1464 1609 1717 1680 indignus
1748 1621 1854 1665 est.

2297 455 2398 502 πος
2446 440 2777 511 διατιθῆται,
2831 448 2923 499 καὶ
2958 449 3108 517 μένοι
3161 453 3193 522 ἡ
3242 452 3541 522 Ἐκκλησία
3591 440 3859 524 ἀζήμιος.

2366 529 2465 594 λζ’.
2502 532 2891 598 ἶΕξουσιαξέτω
2917 539 3026 592 τῶν
3065 541 3537 611 ὲκκλησιαστικῶν
3563 546 3592 597 ὁ
3624 545 3860 598 ἐπίσκο-

2297 637 2397 683 πος
2430 624 2791 692 πραγμάτων,
2819 628 2911 679 καὶ
2934 629 3043 682 τῶν
3075 631 3264 702 ψυχῶν
3290 634 3432 704 γάρ·
3463 633 3560 686 καὶ
3584 634 3862 688 διοικείτω

2297 711 2475 765 πάντα
2507 716 2646 767 κατά
2673 716 2772 786 τὴν
2806 717 2958 771 θείαν
2983 721 3298 790 ἀρέσκειαν.

2365 802 2469 873 λη’.
2489 804 2546 857 '0
2572 807 2830 878 κυϐιστὴς
2871 810 2962 861 καὶ
2998 812 3250 883 πάροινος
3282 815 3478 883 ἱερεὺς,
3511 816 3560 868 εί
3581 816 3641 868 οὐ
3668 817 3862 876 παύοι,

2297 891 2628 962 καθῄρηται.

2365 982 2462 1036 λθ’.
2511 987 2788 1057 Κληρικὸς
2840 995 2933 1047 καὶ
2977 993 3192 1058 λαῖκὸς·
3223 996 3291 1048 τὰ
3375 995 3539 1064 ὃμοια
3600 996 3864 1066 πράττων

2294 1071 2633 1145 ἀφορίζεται.

2369 1173 2444 1235 μ’.
2470 1168 2678 1234 Τόκους
2734 1173 2985 1228 ἀπαιτῶν
3020 1175 3231 1240 δανείου
3265 1178 3462 1248 ἱερεὺς,
3496 1181 3544 1231 εί
3573 1177 3634 1232 οὐ
3663 1177 3861 1243 statim,

2293 1257 2623 1328 καθῄρηται.

2368 1347 2481 1416 μα’.
2499 1349 2582 1403 ’⁸0
2607 1354 2999 1424 συνευχόμενος
3029 1357 3345 1427 ιῑρετικοῖς,
3377 1356 3733 1428 ἀφορίζεταιὲ
3760 1376 3864 1411 κα-

2298 1436 2562 1507 θαιρείται
2581 1440 2634 1492 δὲ
2666 1444 2695 1494 ὁ
2717 1443 3010 1514 κληρικοὺς
3035 1447 3257 1511 τούτους
3289 1449 3616 1518 ἡγούμενος.

2364 1527 2475 1597 μβ’.
2509 1528 2800 1603 Βάπτισμα
2829 1534 2926 1587 καὶ
2976 1536 3165 1590 θυσίαν
3221 1541 3513 1611 αίρετικῶν
3561 1539 3863 1610 δεξάμενος

2296 1617 2342 1670 ίε
2351 1617 2499 1686 ρεὺς,
2531 1621 2771 1691 ἀνίερος.

696 1697 787 1752 45.
821 1699 921 1765 Qui
953 1714 1078 1755 vere
1112 1699 1444 1768 baptizatum
1470 1699 1648 1756 denuo
1687 1701 1944 1772 baptizat,
1971 1717 2035 1757 ac
2065 1717 2186 1757 eum

2367 1717 2479 1780 μγ.
2524 1712 2582 1766 ’0
2618 1709 3005 1780 ἀνάϐαπτίζων
3047 1718 3140 1772 τὸν
3185 1719 3356 1784 δντως
3397 1721 3862 1791 βεϐαπτισμένον.

626 1788 721 1859 qui
753 1789 1030 1858 impietate
1080 1791 1313 1861 pollutus
1331 1802 1417 1848 est
1450 1807 1555 1848 uon
1582 1792 1905 1864 rebaptizat,
1935 1795 2193 1852 sacerdos

628 1895 738 1936 non
764 1891 847 1952 est
893 1881 1193 1940 habendus.

695 1971 788 2027 ιι.
818 1971 1106 2029 δωοιιιπίε
1144 1976 1418 2046 pr0priam
1451 1992 1672 2034 uxorem
1725 1979 2209 2050 ejiciens,aliare-'

624 2072 896 2132 queant
959 2063 1240 2120 dimissam
1321 2067 1550 2134 ducens,
1628 2069 2192 2139 excommunicandss

624 2161 729 2208 est.

695 2265 790 2320 45.
822 2264 922 2334 Qui
977 2283 1082 2323 non
1113 2269 1356 2339 baptizat
1409 2270 1462 2325 in
1505 2269 1744 2338 Patrem,
1783 2279 1839 2326 et
1871 2269 2092 2336 Filium,
2139 2280 2195 2327 et

627 2355 892 2425 Spiritum
936 2370 1206 2429 sanctum,
1268 2363 1364 2417 sed
1397 2363 1795 2432 transgreditur
1821 2364 1951 2418 illud
1985 2380 2191 2434 praece-

625 2457 797 2517 ptum,
821 2453 1125 2508 sacerdotio
1151 2452 1303 2524 fungi
1333 2469 1441 2509 non
1464 2454 1644 2510 debet.
1844 2496 1846 2498 τ
1991 2471 1995 2474 ’

694 2537 788 2593 ιθ.
823 2539 923 2606 Qui
968 2558 1074 2597 non
1119 2545 1296 2610 tribus
1337 2545 1517 2601 initiat
1563 2546 1942 2613 mersionibus,
1965 2549 2059 2602 sed
2089 2564 2193 2603 una

628 2630 684 2684 in
716 2630 929 2688 Domini
958 2645 1210 2700 mortem,
1232 2635 1377 2708 quod
1408 2636 1663 2694 Dominus
1691 2653 1800 2694 non
1820 2639 1979 2707 dixit,
2007 2655 2195 2696 sacer-

624 2726 772 2782 dotio
806 2726 1104 2781 movendus
1128 2735 1233 2781 est.
1641 2727 1647 2730 ’

692 2817 786 2873 47.
819 2816 1007 2873 Omnis
1052 2817 1282 2877 clericus
1317 2833 1345 2873 a
1378 2818 1601 2890 nuptiis,
1642 2827 1696 2875 et
1727 2833 1916 2886 carne,
1955 2819 2025 2875 et
2059 2821 2186 2876 vino

625 2908 946 2974 abhorrens,
992 2908 1041 2964 si
1095 2923 1204 2964 non
1259 2909 1596 2977 emendetur,
1639 2910 1990 2980 expellendus
2011 2920 2116 2967 est.

695 3016 788 3072 48.
817 3014 921 3083 Qui
975 3016 1372 3088 paenitentibus
1425 3031 1531 3074 non
1562 3018 1815 3091 ignoscit,
1863 3020 1978 3102 ipse
2031 3021 2182 3075 venia

626 3105 902 3175 indignior
925 3114 1029 3162 est.
1114 3131 1118 3136 -

696 3211 788 3268 49.
824 3200 1089 3267 Sacerdos
1113 3227 1144 3268 a
1173 3212 1300 3267 vino
1329 3221 1384 3269 et
1419 3214 1676 3270 cantibus
1734 3215 2036 3283 abstinens,
2084 3219 2190 3274 nisl

627 3303 1039 3358 exercitationis
1067 3318 1254 3370 causa,
1278 3303 1590 3373 deponitur.

701 3410 791 3466 50.
810 3409 1052 3466 Clericus
1081 3410 1215 3466 citra
1239 3409 1450 3466 itineris
1464 3396 1847 3471 necessitatem
1869 3415 1923 3469 in
1947 3430 2192 3486 caupona

627 3504 987 3570 manducans,
1017 3502 1383 3572 segregandus
1399 3511 1508 3558 est.

698 3609 790 3665 5|.
845 3609 1090 3665 Clericus
1118 3609 1311 3679 injuria
1341 3607 1580 3664 alliciens
1631 3609 1967 3685 episcopum,
2003 3611 2192 3680 dejici-

618 3709 752 3771 tur;
780 3699 1064 3770 presbyter
1086 3713 1216 3754 vero
1262 3706 1320 3753 et
1347 3697 1607 3753 diaconus
1630 3701 2190 3755 excommunicantur.

629 3791 894 3847 Similiter
920 3801 1100 3848 autem
1131 3801 1187 3848 et
1217 3791 1307 3863 qui
1338 3792 1592 3853 surdum.
1620 3791 1896 3859 claudum,
1920 3802 1974 3848 et
1989 3808 2190 3849 caecum

626 3885 832 3967 cavillis
862 3885 1178 3940 insectatur.
1635 3869 1642 3874 ’
1762 3869 1766 3873 ”

696 3993 788 4048 52.
822 3992 1117 4064 Episcopus
1171 3995 1428 4064 pietatem
1479 4008 1588 4049 non
1640 3993 1846 4050 docens
1871 3979 2190 4060 excommus

625 4086 874 4138 nicatur:
949 4083 1237 4152 deponitur
1280 4095 1411 4138 vero
1453 4082 1502 4138 si
1553 4094 1866 4153 perseveret
1920 4099 2026 4138 non
2089 4086 2189 4141 do-

693 4191 770 4228 re.

625 4190 792 4348 ὲθὲἲέ.
834 4268 895 4323 ιιι
929 4266 1184 4321 clericum
1219 4266 1399 4334 inopia
1450 4264 1788 4322 laborantem
1819 4265 1955 4319 sise
1987 4264 2190 4320 beneﬂ-

2292 1803 2386 1857 καὶ
2441 1805 2518 1874 μὴ
2561 1805 2947 1873 ἀναϐαπτίζων
2980 1810 3070 1863 τὸν
3125 1814 3537 1883 μεμολυσμένον
3569 1814 3861 1880 ἀσεϐόθεν,

2292 1894 2409 1949 ἀνίε
2417 1914 2526 1967 ρος.
2797 1894 2808 1910 ⁸

2365 1988 2466 2054 μδ’.
2520 1988 2666 2058 Thr
2687 1989 2895 2043 οἰκείαν
2950 1992 3200 2064 γαμετὴν
3237 1993 3514 2048 ἐκϐάλλων
3579 1996 3608 2048 6
3664 2009 3866 2063 κοσμι-

2293 2075 2409 2140 κὺς,
2473 2077 2568 2131 καὶ
2623 2078 2773 2148 ἄγων
2825 2082 3041 2153 ἑτέραν,
3099 2083 3135 2156 ὴ
3189 2083 3604 2154 ἀπολελυμένην
3656 2085 3864 2153 ἀφορι-

2293 2168 2471 2229 στέος.
2888 2210 2890 2212 τ

2366 2264 2469 2328 με’.
2507 2258 2568 2315 Ὀ
2603 2262 2678 2330 μὴ
2724 2261 3002 2331 βαπτίζων
3048 2266 3130 2327 είς
3174 2266 3414 2339 Παιέρα,
3443 2266 3537 2320 καὶ
3562 2264 3712 2332 Υἱδν,
3754 2266 3859 2318 καὶ

2291 2347 2444 2417 ἅγιον
2479 2351 2722 2421 Πνεῦμα,
2754 2354 2889 2408 ἀλλά
2918 2356 3321 2427 παραϐαίνων,
3344 2358 3580 2429 ἀνίερος.

2365 2534 2482 2598 μς’.
2527 2528 2588 2583 ’0
2643 2531 2719 2599 μὴ
2749 2521 2895 2602 τρισὶ
2922 2531 3097 2603 ’μυῶν
3129 2523 3511 2599 καταδῦσεσιν,
3556 2531 3692 2586 ἀλλά
3749 2533 3862 2604 μιᾷ

2291 2620 2368 2682 είς
2403 2619 2494 2671 τὸν
2533 2617 2628 2672 τοῦ
2676 2620 2882 2691 Κυρίου
2922 2621 3170 2688 θάνατον,
3202 2622 3230 2675 δ
3275 2622 3350 2694 μὴ
3385 2622 3413 2674 6
3441 2621 3646 2692 Κύριος
3675 2615 3862 2686 εἶπεν,

2293 2709 2532 2776 ἀνίερος.

2364 2807 2472 2873 με’.
2508 2804 2780 2875 Κληρικὺς
2828 2806 2977 2871 ἄπας
3005 2808 3204 2878 γάμον,
3234 2807 3329 2862 καὶ
3359 2807 3561 2878 κρέας,
3587 2805 3682 2861 καὶ
3706 2799 3862 2858 οἶνον

2292 2891 2736 2962 βδελυσσόμενος,
2763 2898 2814 2950 εί
2841 2897 2917 2968 μὴ
2948 2896 3237 2968 διορθοῐτο,
3269 2899 3633 2968 ὲκκήρυκτος.

2365 3011 2476 3074 μηὀ
2522 3003 2724 3068 ’θ’τοῖς
2755 3006 3077 3077 μετανοοῦσι
3113 3007 3192 3080 μὴ
3241 3006 3654 3077 συγγινώσκων,
3683 3005 3864 3074 ἀσυγ-

2294 3095 2682 3166 γνωστότερος.

2354 3203 2473 3279 ,μθ’.
2505 3204 2598 3273 Μὴ
2629 3203 3058 3275 μεταλαμϐάνων
3090 3205 3270 3277 ἱερεὺς
3317 3205 3464 3260 οἴνου
3522 3205 3614 3260 καὶ
3651 3204 3863 3276 κρεῶν,

2293 3298 2344 3349 εἰ
2376 3300 2452 3368 μὴ
2481 3296 2549 3351 δι’
2570 3296 2825 3367 ἄσκησιν,
2859 3297 3191 3370 καθῄρηται.

2363 3405 2428 3459 ν’.
2477 3405 2537 3460 '0
2561 3406 2683 3476 δίχα
2715 3408 2812 3475 τῆς
2836 3407 2979 3460 κατὰ
3005 3406 3190 3477 τρίϐον
3213 3406 3461 3476 ἀνάγκης
3484 3405 3744 3478 κληρικὸς
3770 3409 3862 3470 εἰς

2294 3499 2596 3568 καπηλεῖον
2624 3497 2840 3571 ἐσθίων,
2872 3498 3220 3568 ἀφοριστέος.

2360 3607 2752 3679 να’.Ὕϐρίζων
2787 3607 3085 3662 ἐπίσκοπον
3129 3607 3411 3679 κληρικδς,
3467 3606 3858 3678 καθαιρείται·

2293 3699 2665 3772 πρεσϐύτερος
2716 3699 2773 3752 δὲ
2824 3698 2921 3752 καὶ
2981 3699 3229 3763 διάκονος
3269 3699 3610 3769 ἀφορίζεται.
3651 3697 3862 3751 insati-

2291 3788 2480 3852 τωςδὲ
2513 3789 2610 3843 καὶ
2636 3790 2665 3840 6
2695 3788 2900 3857 κωφὸν,
2953 3788 3048 3842 καὶ
3094 3789 3288 3860 χωλὸν,
3333 3789 3432 3842 καὶ
3489 3786 3691 3856 τυφλὸν
3731 3785 3862 3840 δια.-

2296 3880 2594 3951 χλευάζων.

2367 3986 2452 4059 ιβ’.
2497 3987 2611 4059 Τὴν
2643 3985 2923 4040 εὐσέϐειαν
2960 3987 3020 4038 οὐ
3048 3985 3316 4041 διδάσκων
3352 3985 3670 4054 ἐπίσκοπος,
3711 3987 3858 4056 atpo-
3902 3977 3910 3983 ’

2292 4078 2501 4151 ρίζεται
2523 4095 2538 4110 ο
2569 4076 2916 4148 καθαιρεῖται
2936 4076 2994 4130 δὲ
3027 4077 3204 4148 μένων
3231 4078 3537 4143 ἀδίδακτος.

2358 4263 2460 4326 vf.
2489 4257 2710 4311 Ἕπιδεᾶ
2736 4257 2996 4328 κληρικδν
3019 4258 3200 4330 ἱερεὺς
3227 4260 3326 4313 οὐκ
3352 4261 3682 4332 εὐεργετῶν,
3706 4261 3851 4330 ἀφοο

627 4376 756 4416 cum
795 4373 904 4413 non
945 4365 1173 4427 praestet
1202 4358 1478 4422 sacerdos,
1526 4357 2067 4413 excommunicatur:
2096 4357 2190 4411 de-

2303 4347 2503 4418 ρίζεται
2521 4363 2541 4381 ο
2571 4347 2910 4419 καθαιρεῆαι
2932 4350 2990 4404 δὲ
3016 4351 3196 4421 μένων
3229 4352 3468 4415 ἀνέλεος.

626 4452 846 4523 ponitur
902 4465 1052 4518 vero,
1075 4450 1118 4504 si
1160 4449 1548 4504 immisericors
1578 4457 1913 4518 permaneat.

695 4544 784 4599 54.
812 4543 914 4608 Qui
948 4543 1094 4612 impii
1118 4541 1240 4596 libri
1271 4542 1599 4596 mentionem
1637 4541 1769 4598 facit
1794 4541 1848 4595 in
1900 4541 2183 4607 concione,

625 4635 934 4707 deponitur.
1812 4686 1823 4698 ί.

697 4727 789 4782 55.
813 4725 1015 4780 Fidelis
1044 4723 1333 4780 criminum
1385 4723 1688 4790 convictus,
1721 4723 1777 4776 in
1828 4721 2033 4777 clerum
2079 4736 2187 4776 non

626 4819 950 4874 admittitur.

697 4908 788 4964 56.
819 4908 921 4974 Qui
973 4907 1250 4962 Christum
1302 4914 1485 4973 negat,
1525 4905 1878 4977 expellendus
1926 4913 2052 4960 est:
2096 4905 2186 4974 qui

625 5014 758 5054 vero
801 4999 1006 5053 clerum
1036 4998 1241 5067 spernit
1281 5005 1334 5052 et
1359 4997 1598 5060 invertit,
1619 5011 1717 5065 pro
1748 4995 1882 5060 laico
1912 4995 2186 5065 recipien-

626 5093 728 5144 dus
761 5098 864 5144 est.

696 5178 787 5235 57.
840 5158 1108 5234 Sacerdos
1155 5179 1199 5234 si
1240 5177 1583 5244 suﬂ'ocatum,
1627 5188 1771 5232 auta
1813 5177 1929 5233 fera
1969 5185 2186 5247 captum

623 5280 720 5326 aut
768 5271 1106 5326 morticinum
1133 5270 1449 5340 gustaverit,
1494 5268 1842 5337 deponendus
1866 5277 1952 5323 est
1984 5267 2187 5323 :laicus

625 5361 758 5417 vero
790 5361 1354 5416 excommunicandus.
1673 5376 1681 5383 '

695 5451 786 5507 58.
821 5453 922 5519 Qui
969 5467 1095 5508 cum
1123 5451 1328 5527 Judais
1354 5460 1494 5517 orat,
1523 5451 2044 5506 excommunicatur.

694 5544 786 5600 59.
816 5544 1054 5600 Clericus
1091 5545 1384 5612 homicida,
1435 5543 1762 5615 deponitur:
1803 5543 1976 5599 laicus
2034 5557 2183 5610 vero,

625 5644 957 5708 segregatur.

2359 4525 2453 4580 νᾶ.
2492 4525 2553 4580 '0
2606 4525 2837 4593 ἀσεϐοῦς
2889 4527 3070 4623 βίϐλον
3117 4529 3513 4602 ἐκκλησιάζων,
3571 4532 3853 4603 καθαιρεῖ.

2287 4635 2398 4672 ται.

2349 4713 2444 4764 vs'.
2500 4708 2698 4771 Πιστὸς
2749 4708 3025 4780 ἐλεγχθεὶς
3081 4709 3168 4780 ἐπ’
3221 4712 3559 4783 ιγκλήμασιν
3581 4753 3600 4781 ,
3667 4712 3849 4786 ἀκλη-

2291 4815 2472 4954 ροῖςκ
2512 4891 2574 4944 ’0
2609 4892 3049 4964 ἀρνησίχριστος,
3084 4893 3181 4948 καὶ
3219 4895 3565 4967 ἀπόϐλητοςο
3603 4897 3632 4951 6
3657 4896 3716 4949 δὲ
3754 4898 3852 4952 τὸν

2289 4986 2491 5057 κλῆρον
2515 4986 2723 5043 ἀθετῶν
2741 4988 2836 5045 καὶ
2851 4991 3262 5061 μεταστρέφων,
3292 4993 3443 5077 κατὰ,
3458 4994 3646 5050 λαῖκδν
3673 5009 3852 5068 προσ-

2290 5080 2422 5140 ιτός.

2354 5173 2452 5239 νε.
2511 5175 2808 5246 Γενόμενος
2857 5177 3022 5248 θύτης
3070 5180 3331 5247 πνικτοῦ,
3394 5180 3426 5252 ἢ
3479 5179 3844 5252 θηριαλὼταυ,

2287 5265 2322 5336 ἢ
2362 5265 2707 5335 θνησιμαίου,
2749 5267 3138 5339 καθαίμτέοςδ
3181 5272 3211 5324 6
3247 5271 3304 5324 δὲ
3343 5271 3550 5337 λαῖκὺς,
3581 5269 3847 5340 ἀφορίζε-

2286 5376 2396 5413 ται.
3726 5394 3727 5397 ‘

2361 5458 2470 5522 vn’.
2505 5453 2565 5506 '0
2605 5452 2874 5516 Ἰουδαίοις
2901 5452 3309 5536 συνευχόμενος,
3333 5451 3671 5524 ἀφορίζεται.

2361 5541 2459 5599 νθ’.
2486 5544 2686 5610 Φονεὺς
2734 5544 3013 5616 κληρικὸς,
3053 5543 3429 5610 καθαιρεῖται·
3461 5543 3671 5612 λαῖκδς,
3705 5544 3844 5615 ἀφο-

2292 5635 2522 5703 ρίζιται.
