4010 6336
670 276 738 342 τι
1123 289 1126 292 ~
1922 266 2283 329 ARISTENI
2321 265 2668 326 nomen:
3092 321 3096 325 _
3389 231 3396 236 ’
3828 256 3902 320 72

670 403 821 449 teras
857 390 1344 447 consentientibus.
1380 389 1711 460 Praecipuagu
1744 396 1920 444 tamen
1950 386 2245 443 auctorita-

2320 439 2322 446 ,
2344 383 2694 456 γραμμάτων
2716 380 3020 451 γινομένων
3044 377 3375 449 συμψήφων.
3402 376 3475 431 To
3498 377 3682 449 μέντοι
3704 376 3903 445 κράτος

671 494 780 539 tell
810 482 1259 551 metropolitanus
1291 481 1506 536 habeat.

1453 490 1506 536 il.
2341 474 2372 526 ὸ
2402 471 2808 544 μητροπολίτης
2845 472 3036 541 ἐχέτω.

743 570 796 623 ϐ.
837 571 940 637 Qui
970 575 1038 626 ab
1079 571 1199 625 aliis
1240 569 1690 637 excommunicati
1734 575 1882 632 sunt,
1915 569 1983 623 ab
2022 568 2143 622 aliis
2173 584 2242 624 ne

2419 561 2497 628 ς’.
2528 565 2592 616 Oi
2623 562 2682 628 ἐξ
2711 563 2914 632 ἑτέρων
2970 559 3376 633 ἀφοριζόμενοι,
3439 557 3532 627 ὑφ’
3585 556 3787 626 ἑτέρων
3825 555 3904 624 μὴ

673 662 1046 730 suscipiantur
1073 679 1090 717 :
1122 673 1478 733 pmterquam
1508 663 1554 717 si
1583 671 1805 732 propter
1834 661 2243 732 pusillanimita-

2343 656 2865 729 προσδεχέσθωσαν·
2911 653 3053 724 πλὴν
3102 653 3150 706 εί
3202 651 3278 722 μὴ
3320 650 3409 704 διὰ
3463 647 3828 720 μικροψυχίαν
3865 647 3899 714 ἢ

675 765 806 821 tem,
847 764 940 808 aut
966 755 1391 821 contentionem,
1433 764 1527 808 aut
1559 755 1686 825 quid
1722 753 1987 824 ejusmodi
2025 768 2242 808 excom-

2175 768 2242 806 ωι-
2343 749 2698 818 φιλονεικίαν,
2727 749 2762 818 ἡ
2785 763 2840 800 τι
2869 745 3107 799 τοιοῦτον
3135 745 3164 798 ό
3182 740 3488 814 άφορισμὺς
3515 741 3758 810 γέγονεν.

675 846 974 900 municatio
1006 843 1148 898 facta
1186 843 1371 899 fuerit.
2811 850 2814 852 ⁷

744 936 800 990 7.
831 933 1230 989 Alexandrinus
1273 934 1558 1004 episcopus
1599 949 1763 1003 super
1801 932 2112 1005 Egyptum,
2154 932 2244 990 ιι.

2415 925 2480 992 ζ’.
2511 925 2809 995 Αἰγύπτου,
2863 923 2961 976 καὶ
3015 921 3242 991 Λιϐύης,
3296 919 3392 973 καὶ
3436 915 3826 978 Πενταπόλεως
3876 916 3907 966 ό

673 1024 856 1096 byam,
885 1033 939 1079 et
971 1023 1307 1092 Pentapolim
1336 1033 1660 1093 potestatem
1691 1025 1888 1079 habeat
1919 1041 1934 1078 :
1965 1036 2018 1081 et
2047 1024 2244 1079 Roma-

2355 1018 2739 1085 ’Δλεξανδρεὺς
2787 1016 2958 1085 ἐχέτω
3004 1015 3102 1086 τὴν
3150 1011 3433 1078 ἐξουσίαν’
3478 1009 3574 1062 καὶ
3611 1009 3641 1062 ό
3684 1005 3905 1076 Ῥώμης

674 1129 781 1172 nus
800 1129 966 1184 super
981 1129 1073 1170 eos
1091 1116 1182 1183 qui
1207 1116 1391 1170 Roma
1409 1115 1604 1169 subditi
1629 1126 1772 1170 sunt.
1798 1115 1928 1171 item
1947 1115 2243 1172 Antioche-

2343 1109 2453 1164 τῶν
2485 1109 2590 1163 ὑπὸ
2630 1108 2882 1177 Ῥώμην·
2914 1107 3010 1159 καὶ
3055 1108 3084 1160 ὁ
3132 1107 3192 1159 ἑν
3232 1100 3555 1172 Ἀντιοχείᾳ,
3585 1102 3679 1153 καὶ
3703 1101 3754 1152 oi
3786 1099 3904 1151 λοιε

676 1219 780 1258 nus
808 1203 1005 1274 aliique
1040 1217 1203 1273 super
1233 1205 1334 1258 sibi
1367 1203 1663 1273 subjectos.

1256 1205 1334 1257 .ibi
1367 1203 1663 1273 subjectos.
2343 1202 2438 1254 ποὶ
2466 1201 2575 1254 τῶν
2601 1200 2839 1253 οἰκείων.

746 1292 801 1348 8.
833 1291 891 1347 Si
918 1294 1043 1362 quis
1072 1295 1358 1364 episcopus
1377 1295 1515 1370 citra
1545 1297 1705 1367 primi
1737 1298 2062 1354 sententiam
2093 1314 2245 1356 crea-

2413 1301 2482 1368 η’.
2519 1295 2589 1348 Εἰ
2616 1311 2696 1358 τις
2725 1292 3029 1354 ἐπίσκοπος
3058 1290 3125 1362 [1⁵.
3154 1291 3209 1343 ἀ.
3236 1283 3360 1359 τῆς]
3395 1281 3492 1338 τοῦ
3522 1280 3739 1354 πρώτου
3777 1279 3905 1352 δίχα

676 1389 764 1436 tus
798 1381 982 1446 luerit,
1019 1397 1086 1435 ne
1115 1382 1188 1436 sit
1220 1382 1527 1450 episcopus.

2343 1391 2567 1459 γένηται
2598 1387 2846 1456 γνώμης,
2879 1383 2955 1455 μὴ
2977 1384 3112 1437 ἐστιν
3139 1383 3457 1444 ἐπίσκοπος.

746 1473 802 1526 9.
856 1470 1144 1526 luiturum
1189 1471 1444 1541 sull'ragio
1487 1477 1781 1531 secundum
1819 1492 2080 1532 eanonem
2111 1480 2241 1544 lato,

2413 1482 2478 1537 θ’.
2517 1481 2642 1536 Ἐπὶ
2675 1481 2771 1553 τὴν
2814 1480 2923 1534 τῶν
2952 1479 3161 1533 πολλῶν
3205 1479 3386 1548 ψῆφον
3415 1478 3711 1547 γινομένην
3759 1474 3907 1528 κατά

675 1562 723 1616 si
753 1572 864 1618 tres
895 1562 1064 1636 aliqui
1096 1564 1494 1630 contradicant,
1541 1581 1728 1622 eorum
1774 1572 2042 1625 sententia
2087 1571 2243 1626 irrita

2342 1573 2571 1637 κανόνα,
2611 1571 2662 1625 εί
2690 1573 2840 1641 τρεῖς
2877 1586 3024 1633 τινες
3069 1568 3423 1637 ἀντιλέγοιεν,
3475 1562 3586 1621 εἶεν
3631 1565 3901 1620 ἀϐέϐαιοι.

749 1747 838 1802 ιο.
864 1747 1162 1818 EpiscOpus
1188 1749 1350 1806 Elia:
1371 1751 1688 1818 bonoretur,
1716 1764 1928 1810 servata
1960 1758 2242 1825 metropoli
2269 1746 2318 1808 Β

2417 1758 2471 1809 ι’.
2518 1751 2579 1804 ’0
2619 1749 2921 1814 ἐπίσκοπος
2961 1748 3150 1810 Δίλίας
3189 1743 3459 1815 τιμάσθω,
3499 1743 3803 1815 σωζομένου
3835 1745 3904 1812 τῇ

675 1839 941 1910 dignitate
973 1856 1098 1896 sua.
2175 1853 2180 1866 '

2175 1853 2180 1866 '
2347 1840 2680 1912 μητροπόλει
2699 1838 2793 1892 τοῦ
2823 1838 2992 1907 αὐτῆς
3015 1837 3343 1905 ἀξιώματος.

750 1931 838 1986 11.
881 1930 1130 1988 Ηετοιίοἰ
1178 1933 1422 2002 Cathari,
1449 1934 1501 1990 id
1528 1943 1612 1991 est
1634 1935 1780 2006 puri,
1819 1935 1949 1992 dicti
1981 1939 2242 1994 acceden-

2417 1930 2508 1985 ια’.
2535 1931 2596 1984 Οί
2626 1930 2854 2001 καθαροὶ
2890 1929 3321 1998 προσερχόμενοι
3355 1929 3571 1997 πρῶτον
3621 1925 3907 1995 ὁμολογεῖ-

679 2030 760 2076 υιε
807 2023 1039 2091 primum
1070 2023 1450 2093 proﬁteantur,
1481 2039 1542 2080 se
1577 2024 1833 2082 Ecclesiae
1875 2028 2245 2082 sanctionibus

2344 2038 2547 2085 τωσεν,
2566 2024 2646 2076 ὃτι
2671 2021 3026 2092 συνθήσονται
3046 2021 3155 2083 τοῖς
3176 2019 3272 2088 τῆς
3300 2017 3624 2088 Ἑκκλησίας
3647 2016 3870 2085 θεσμοῖς
3894 2033 3907 2046 ·

677 2126 1016 2179 assensurus,
1059 2128 1124 2167 ac
1149 2129 1274 2168 cum
1306 2115 1538 2184 bigamis
1566 2117 2081 2184 communicaturus,
2125 2118 2245 2189 iap-

2346 2115 2442 2168 καὶ
2476 2114 2867 2182 κοινωνήσουσι
2899 2112 3177 2182 διγάμοις,
3211 2111 3306 2164 καὶ
3347 2101 3764 2180 συγχωρήσουσί
3789 2109 3910 2169 τοῖς

677 2201 865 2271 "sisque
919 2203 1568 2275 veniamitnpertituros.
1626 2207 1703 2261 Ac
1757 2208 1804 2262 si
1859 2207 1948 2272 qui
2010 2209 2244 2264 ordinati

2345 2203 2838 2276 παραπεπτωκόσι.
2886 2201 2999 2257 Καὶ
3039 2204 3088 2256 οἰ
3119 2201 3501 2272 εὑρισκόμενοι
3533 2216 3911 2270 κεχειροτονη-

678 2293 1035 2360 reperiantur,
1064 2292 1175 2348 sint
1207 2292 1261 2346 in
1288 2295 1474 2348 eodem
1527 2294 1756 2350 ordine:
1791 2295 2024 2364 exempli
2047 2298 2242 2367 gratia,

2351 2297 2500 2368 μένοι
2533 2295 2647 2368 [τῳ.
2697 2296 2770 2368 εί]
2820 2290 2931 2350 εἷεν
2977 2298 3034 2349 ἑν
3067 2296 3143 2367 τῷ
3181 2295 3329 2364 αὐτῷ
3380 2295 3657 2364 τάγματι⁶
3697 2286 3826 2355 οἷον,
3884 2294 3911 2344 ὁ

676 2383 926 2451 quivere
952 2393 1036 2438 est
1057 2384 1365 2455 episcopus,
1393 2385 1464 2440 sit
1488 2386 1807 2457 episcopus;
1833 2387 1922 2457 qui
1954 2376 2082 2444 vero
2106 2389 2246 2458 apud

2351 2387 2448 2458 μὲν
2494 2387 2700 2457 κυρίως
2743 2387 3064 2451 ίπίσκοπος,
3107 2385 3194 2455 είη
3243 2385 3542 2446 ἐπίσκοπος
3566 2399 3579 2412 ·
3611 2380 3719 2435 δδι
3756 2381 3912 2448 παρά

677 2468 947 2524 Catbaros
997 2481 1081 2525 est
1139 2474 1460 2542 episcopus,
1517 2476 1588 2528 sit
1645 2476 2101 2545 chorepiscopus,
2163 2477 2246 2533 vel

2347 2478 2462 2539 τοῖς
2499 2476 2756 2542 καθαροῖς
2792 2475 3110 2542 ἐπίσκοπος,
3157 2475 3189 2546 ἢ
3225 2473 3645 2544 χωρεπίσκοπος
3673 2470 3833 2530 ἔστω,
3877 2469 3911 2538 ἢ

681 2559 980 2630 presbyteri
1005 2569 1098 2614 aut
1128 2561 1362 2633 episcopi
1393 2563 1597 2619 honore
1619 2566 1870 2636 gaudeat.
1899 2564 2082 2637 Neque
2100 2567 2245 2623 enim

2348 2563 2725 2636 πρεσϐυτέρου
2751 2565 2938 2636 τιμὴν,
2967 2565 2998 2636 ἢ
3029 2564 3325 2617 ἐπισκόπου
3358 2559 3662 2632 κεκτήσθω.
3697 2557 3770 2611 Οὐ
3795 2555 3870 2623 γὰ
3880 2572 3913 2624 ρ

679 2654 785 2708 duo
815 2663 975 2707 erunt
1003 2655 1053 2707 in
1085 2670 1189 2707 una
1217 2655 1350 2710 urbe
1375 2657 1633 2727 episcopi.
1956 2653 1959 2654 ⁷

1956 2653 1959 2654 ⁷
2347 2655 2567 2709 ἔσονται
2605 2655 2698 2708 δύο
2724 2655 2802 2716 εἰς
2831 2653 2958 2724 μίαν
2982 2654 3136 2707 πόλιν
3173 2654 3484 2706 ἐπίσκοποι.

752 2741 837 2794 12.
877 2741 981 2816 Qui
1017 2742 1135 2798 sine
1175 2743 1574 2800 examinatione
1613 2746 1960 2814 ordinantur,
2007 2748 2053 2804 si
2097 2748 2248 2804 deiu-

2421 2745 2509 2816 ιβ’.
2540 2747 2602 2800 Oi
2627 2745 2996 2810 ἀνεξετάστως
3021 2746 3504 2816 χειροτονούμενοι,
3535 2743 3586 2795 εἰ
3605 2741 3729 2810 ἑξῆς
3751 2740 3911 2808 ἐλέγ-

681 2847 813 2902 ceps
850 2834 1030 2888 delicti
1058 2841 1381 2903 arguantur,
1405 2849 1437 2890 e
1464 2835 1630 2902 gradu
1667 2838 2038 2893 deturbentur.

2004 2853 2038 2893 Γ.
2347 2855 2529 2911 χοιντο
2554 2839 2636 2892 ὅτι
2669 2838 2937 2907 ἥμαρτον,
2965 2837 3131 2899 ὖντως
3166 2835 3587 2888 πεπαύσθωσαν.

749 2923 838 2980 15.
869 2923 975 2990 Qui
1026 2925 1145 2979 sine
1187 2927 1515 2984 necessitate
1576 2929 1900 2998 transgressi
1945 2937 2093 2998 aunt,
2144 2932 2245 2987 etsi

2418 2926 2508 2995 ιγ’.
2537 2927 2692 2979 Ὅσοι
2723 2926 2891 2996 χωρὶς
2925 2927 3173 2995 ἀνάγκης
3198 2924 3539 2995 παρέϐησαν,
3582 2924 3633 2975 εί
3659 2922 3752 2975 καὶ
3772 2938 3912 2988 συγ-

679 3017 838 3070 venia
859 3017 970 3071 sint
999 3017 1229 3089 indigni,
1257 3019 1471 3075 veniam
1503 3027 1680 3074 tamen
1713 3019 1946 3090 aliquam
1965 3022 2244 3076 consecuti

2349 3022 2572 3093 γνώμης
2601 3017 2741 3092 ἦσαν
2789 3020 3016 3084 ἀνάξιοι,
3053 3017 3379 3089 συγγνώμης
3405 3017 3542 3078 τινὸς
3574 3015 3912 3084 ἀξιούμενοι,

679 3107 966 3164 duodecim
991 3076 1164 3166 annos
1193 3076 1314 3168 sese
1339 3112 1681 3169 submittant.
1803 3076 1819 3090 '

1448 3112 1681 3169 mittant.
1803 3076 1819 3090 '
2269 3076 2314 3134 ϐ
2347 3076 2411 3184 ίβ(
2438 3076 3031 3184 ῐτηιὼξοπιπτέτωσαν.

752 3200 847 3256 ιι.
881 3202 982 3267 Qui
1019 3202 1125 3256 vim
1160 3203 1304 3274 passi
1340 3219 1404 3258 ac
1433 3204 1702 3259 restitisse
1728 3203 1829 3259 visi
1867 3215 2016 3271 sunt,
2051 3204 2246 3261 deinde

2419 3206 2499 3259 ιδ’.
2530 3206 2594 3258 0i
2635 3203 2966 3274 βιαζόμενοι,
3001 3203 3098 3255 καὶ
3126 3200 3380 3267 δόξαντες
3413 3187 3751 3268 ἀντιστῆναι,
3789 3193 3917 3250 εἶτα

681 3292 944 3361 impietati
961 3303 1370 3360 consenserunt,
1389 3308 1455 3348 ac
1482 3295 1842 3364 resipuerunt,
1865 3297 2049 3352 decem
2073 3311 2243 3352 annos

2347 3295 2707 3366 καταθέμενοι
2741 3297 2806 3364 τῇ
2853 3293 3099 3364 ἀσεϐείᾳ,
3156 3295 3248 3347 καὶ
3297 3291 3870 3362 ἀναστρατευσάμενοι
3899 3334 3913 3354 ,

681 3383 1238 3440 eacommunicentur.

2344 3387 2626 3443 δεκαετίαν
2653 3386 3130 3455 ἀφοριζέσθωσαν.
3223 3447 3226 3452 ι

757 3473 846 3528 15.
881 3474 1345 3529 Considerandum
1381 3483 1464 3530 est
1508 3474 1563 3530 in
1615 3476 1865 3532 omnibus
1916 3476 2246 3547 penitentize

2415 3486 2498 3534 ιε’.
2529 3479 2840 3548 Σκοπητέον
2871 3479 2957 3546 ἐφ’
2987 3477 3162 3530 ἅπασι
3194 3455 3255 3530 τὸ
3293 3471 3433 3539 εἶδος
3461 3475 3560 3542 τῆς
3591 3475 3910 3546 μετανοίας.

681 3581 873 3637 genus.
905 3567 984 3622 Ac
1009 3568 1054 3622 si
1086 3569 1133 3622 is
1161 3572 1248 3637 qui
1275 3583 1486 3636 ptenatn
1507 3568 1757 3638 suscipit,
1778 3569 2156 3624 l‘erventierem
2187 3585 2246 3624 se

2345 3572 2455 3625 Καὶ
2493 3571 2840 3642 θερμοτέρως
2894 3573 2992 3641 μὲν
3031 3569 3508 3640 μεταμελουμένου
3556 3568 3649 3626 τοῦ
3675 3567 3913 3636 δεξαμέ-

684 3659 738 3712 in
767 3659 1076 3728 pmnitendo
1103 3659 1375 3723 ostendat,
1405 3660 1693 3715 humanius
1721 3674 1841 3714 cum
1875 3675 1939 3715 eo
1973 3668 2097 3730 agat
2125 3661 2245 3728 epi-

2346 3681 2438 3716 νου
2459 3665 2523 3716 τὸ
2551 3663 2843 3731 ἐπιτίμιον,
2870 3661 3384 3732 φιλανθρωπότερον
3408 3664 3434 3714 ὁ
3465 3661 3760 3722 ἐπίσκοπος
3787 3660 3918 3712 δια-

681 3765 912 3820 scopus;
942 3752 988 3806 si
1015 3766 1143 3806 vero
1170 3751 1525 3822 frigidiorem,
1563 3755 1854 3818 severius.”

2347 3751 2582 3805 τιθέσθω
2602 3768 2615 3782 ·
2656 3751 3008 3822 ψυχροτέρως
3038 3752 3116 3818 δὲ,
3151 3750 3605 3823 δραστικώτερον.

752 3842 840 3898 16.
866 3844 968 3908 Qui
997 3845 1104 3898 vita
1131 3847 1420 3911 excedunt,
1445 3845 1862 3901 communicent.
1891 3845 1946 3897 Si
1977 3861 2102 3902 vero
2126 3845 2244 3913 quis

2420 3852 2526 3911 ις’.
2578 3847 2636 3899 Οί
2675 3845 3045 3915 -ὲξοδευόμενοι
3070 3885 3084 3910 ,
3129 3846 3574 3900 κοινωνείτωσαν.
3621 3845 3683 3898 Ei
3725 3843 3783 3899 δέ
3825 3862 3922 3910 τις

683 3930 922 4001 ipsorum
940 3932 1302 3998 convalescat,
1321 3934 1392 3989 sit
1415 3947 1534 3990 cum
1558 3934 1621 3988 iis
1640 3941 1848 3990 tantum
1871 3934 1963 4003 qui
1985 3932 2245 3987 orationis

2345 3937 2526 3991 αὐτῶν
2560 3938 2770 4005 ὑγιάνοι
2792 3978 2806 4002 ,
2839 3937 2980 3990 εστω
3013 3938 3153 4007 μετά
3184 3939 3289 3990 τῶν
3324 3938 3423 4008 τῆς
3459 3938 3620 4007 εὐχῆς
3655 3936 3770 4011 [γρ.
3804 3937 3921 4006 ψυ-

682 4033 810 4090 sunt
839 4024 1155 4093 participes.

2346 4030 2470 4102 χ’ἡς]
2501 4031 2920 4098 κοινωνούντων,
2954 4033 3048 4084 καὶ
3079 4032 3259 4099 μόνον.

756 4116 845 4175 17.
878 4116 935 4170 Si
967 4117 1089 4184 quis
1117 4116 1540 4170 catechumenus
1582 4113 1766 4182 lapsus
1795 4110 1979 4193 fuerit,
2025 4111 2105 4166 sic
2137 4122 2245 4166 tres

2419 4121 2515 4187 ιζ’.
2539 4122 2604 4178 EE
2627 4139 2707 4185 τις
2727 4123 3096 4192 παραπέσοιτο
3118 4121 3540 4194 κατηχούμενος,
3572 4121 3771 4173 οὑτωσὶ
3798 4138 3927 4190 τρι-

684 4221 858 4268 annos
895 4208 1097 4291 audiat,
1142 4207 1303 4276 idque
1346 4206 1541 4261 solum.
1571 4199 1776 4261 Deinde
1823 4219 1944 4260 cum
1989 4204 2244 4264 catechu-

2347 4218 2429 4272 σὶν
2457 4215 2631 4272 ἐτεσιν
2658 4213 2966 4284 ἀκροάσθω,
2997 4215 3089 4266 καὶ
3121 4213 3297 4282 μόνον.
3325 4209 3456 4266 Είτα
3480 4212 3620 4282 μετά
3644 4213 3750 4264 τῶν
3779 4230 3926 4268 κατ-

685 4297 857 4357 menis
880 4306 1018 4351 oret.
2047 4306 2054 4308 '

2047 4306 2054 4308 “
2345 4323 2479 4377 ηχου
2488 4307 2663 4377 μένων
2693 4307 2954 4374 εὐχέσθω.

757 4387 846 4442 18.
879 4386 957 4442 Ex
996 4387 1125 4441 urbe
1168 4386 1220 4440 in
1270 4385 1453 4441 urbem
1500 4398 1676 4454 neque
1722 4385 2026 4456 episcopus,
2075 4398 2246 4454 neque
2271 4397 2324 4458 Ι)
2426 4401 2521 4466 ιη’,
2557 4396 2650 4448 Ἐκ
2685 4394 2889 4457 πόλεως
2934 4396 3013 4455 είς
3051 4393 3205 4446 πόλιν
3241 4394 3377 4463 μήτε
3412 4393 3738 4457 ἐπίσκοπος,
3775 4395 3926 4463 μήτε

683 4480 988 4555 presbyter,
1040 4492 1212 4547 neque
1255 4479 1512 4533 diaconus
1558 4478 1772 4545 migret.
1807 4477 2083 4545 Siquidem
2119 4491 2244 4529 rur-

2348 4485 2737 4556 πρεσϐύτερος,
2775 4485 2912 4553 μήτε
2942 4482 3184 4546 διάκονος
3219 4483 3620 4550 μεταϐαινέτω·
3654 4483 3776 4534 ἐπεὶ
3809 4486 3931 4537 πά.-

685 4585 779 4632 sus
855 4570 1207 4628 restituentur
1282 4569 1530 4624 ecclesiis
1615 4568 1671 4622 in
1752 4566 1946 4636 quibus
2009 4565 2245 4621 ordinati

2346 4577 2429 4628 λιν
2455 4575 2878 4645 ὰίιοδοθήσονται
2904 4577 3022 4638 ταῖς
3051 4575 3370 4643 ἐκκλησίαις
3399 4576 3456 4627 ὲν
3483 4556 3576 4636 αἷς
3603 4578 3927 4647 κεχειροτό-

685 4671 835 4722 sunt.

2347 4682 2553 4737 νηνται.
3177 4711 3180 4715 ,

791 4751 844 4811 9.
881 4750 1153 4822 Quotquot
1199 4749 1496 4821 presbyteri
1547 4757 1600 4802 et
1662 4747 1872 4801 diaconi
1909 4746 1976 4800 ab
2022 4747 2245 4804 ecclesia

2419 4753 2514 4813 ιϐ’.
2545 4755 2695 4810 Ὅσοι
2763 4757 3141 4826 πρεσϐύτεροι,
3179 4759 3274 4810 καὶ
3307 4757 3539 4814 διάκονοι
3569 4753 3669 4823 τῆς
3717 4753 3898 4825 ὲκκλη
3923 4785 3935 4795 -

685 4845 1033 4906 recesserint,
1079 4845 1151 4896 .in
1201 4842 1335 4896 alias
1382 4841 1638 4895 ecclesias
1693 4855 1796 4893 non
1852 4842 2176 4907 recipientur
2228 4859 2243 4896 :

2351 4847 2468 4911 σίας
2502 4849 2963 4918 ἀναχωρήσουσιν,
2998 4849 3210 4902 άδεκτοι
3245 4851 3323 4910 είς
3377 4848 3569 4917 ἐτέρας
3621 4846 3934 4916 ἐκκλησίας

690 4951 874 4993 verum
917 4936 982 4987 ad
1021 4948 1146 4987 suas
1175 4933 1436 5001 parmcias
1470 4939 1824 4985 revertantur.
1861 4926 1916 4982 Si
1956 4930 2078 4997 quis
2119 4944 2246 5000 vero

2354 4940 2716 5012 γενήσονται·
2767 4940 2882 4994 ἀλλ’
2916 4943 3395 5013 ὲπιστρεφέτωσαν
3439 4942 3517 5001 εἰς
3559 4940 3658 5000 τὰς
3704 4937 3937 4992 ἑαυτῶν

603 5053 608 5062 ·
685 5047 806 5094 eum
864 5030 956 5104 qui
1027 5029 1092 5083 ad
1166 5028 1329 5081 alium
1401 5026 1654 5094 pertinet,
1715 5024 2050 5078 ordinaverit
2111 5023 2184 5076 cit

2354 5027 2662 5098 παροικίας.
2694 5029 2756 5080 Εἰ
2786 5029 2843 5080 δέ
2873 5045 2955 5092 τις
2987 5029 3083 5097 τὴν
3114 5032 3283 5099 ἑτέρῳ
3316 5029 3640 5096 διαφέροντα
3672 5041 3937 5096 χειροτο-

685 5123 1007 5186 penitentiam
1070 5121 1274 5196 pmprii
1333 5117 1614 5188 episcopi,
1692 5115 1844 5170 irrita
1910 5116 2012 5168 erit
2099 5114 2247 5169 ordi-

2356 5122 2500 5190 νήσει
2531 5121 2652 5189 δίχα
2681 5120 2908 5190 γνώμης
2937 5121 3032 5174 τοῦ
3063 5122 3264 5173 οἰκείου
3291 5121 3616 5204 έπισκόπου,
3649 5118 3858 5188 ἄκυρος
3897 5122 3939 5190 ἡ

688 5213 859 5272 natio.
2350 5215 2684 5285 χειροθεσὶα.
3301 5211 3306 5214 ’

757 5300 848 5356 9.0.
884 5300 942 5354 Si
973 5301 1096 5371 quis
1139 5314 1332 5356 usuras
1372 5308 1467 5357 aut
1509 5297 1813 5368 sescuplum
1848 5295 2099 5364 accipiat,
2131 5305 2253 5365 post

2421 5303 2496 5360 κ’.
2529 5305 2596 5360 Εἴ
2624 5323 2706 5368 τις
2735 5305 2958 5369 τόκους,
2993 5305 3027 5376 ἢ
3063 5305 3280 5376 ἡμιόλια
3316 5306 3602 5376 λαμϐάνει,
3634 5307 3939 5377 ἀλλότριος

687 5393 945 5456 Ecclesia:
991 5391 1500 5448 determinationem
1555 5400 1812 5459 tanquam
1847 5388 2051 5442 alienus
2087 5389 2253 5456 depo-

2358 5397 2525 5463 ἑσται,
2557 5397 2694 5461 μετά
2722 5400 2812 5450 τὸν
2839 5400 2962 5468 ὅρον
2987 5398 3083 5466 τῆς
3112 5397 3435 5468 Ἐκκλησίας
3463 5397 3941 5470 καθαιρούμενος,

691 5497 877 5550 netnr.

759 5581 850 5636 2i.
905 5578 1126 5633 Diaconi
1175 5579 1227 5630 in
1277 5577 1388 5630 suis
1441 5573 1682 5629 terminis
1735 5579 2023 5634 maneant,
2082 5584 2254 5638 neque

2423 5573 2540 5628 κί’.
2569 5577 2631 5628 ()i
2674 5577 2912 5630 διάκονοι
2951 5578 3064 5640 τοῖς
3110 5577 3258 5639 ἰδίοις
3301 5576 3517 5646 μέτροις
3567 5579 3944 5651 μενέτωσαν,

689 5674 834 5732 inter
884 5673 1230 5746 presbyteros
1282 5667 1526 5724 sedeant.
1579 5665 1710 5720 Nam
1756 5674 1945 5721 contra
1991 5675 2250 5718 canonetn

2366 5665 2489 5739 μηδὲ
2532 5666 2692 5734 μέσον
2729 5666 3112 5737 πρεσϐυτέρων
3149 5666 3586 5731 καθεζέσθωσαν.
3624 5669 3786 5728 Παρὰ
3827 5687 3949 5727 κα.
