  <div class='ocr_page' id='page_1' title='image "/cluster/home/n/w/nwhite01/storage/ocr_20150623/133/pst.000005714490/055.png"; bbox 0 0 4010 6336; ppageno 0'>
   <div class='ocr_carea' id='block_1_1' title="bbox 575 224 2149 306">
    <p class='ocr_par' dir='ltr' id='par_1_1' title="bbox 575 224 2149 306">
     <span class='ocr_line' id='line_1_1' title="bbox 575 224 2149 306; baseline -0.002 -11"><span class='ocrx_word' id='word_1_1' title='bbox 575 227 641 295; x_wconf 80' lang='grc'><strong>91</strong></span> <span class='ocrx_word' id='word_1_2' title='bbox 1835 231 2149 296; x_wconf 69' lang='grc' dir='ltr'>Αιιιςτιιι</span> 
     </span>
    </p>
   </div>
   <div class='ocr_carea' id='block_1_2' title="bbox 2281 224 2592 306">
    <p class='ocr_par' dir='ltr' id='par_1_2' title="bbox 2281 232 2592 298">
     <span class='ocr_line' id='line_1_2' title="bbox 2281 232 2592 298; baseline 0.01 -5"><span class='ocrx_word' id='word_1_3' title='bbox 2281 232 2592 298; x_wconf 76' lang='lat' dir='ltr'><strong>IONACHI</strong></span> 
     </span>
    </p>
   </div>
   <div class='ocr_carea' id='block_1_3' title="bbox 3769 245 3848 306">
    <p class='ocr_par' dir='ltr' id='par_1_3' title="bbox 3769 245 3848 306">
     <span class='ocr_line' id='line_1_3' title="bbox 3769 245 3848 306; baseline -0.013 0"><span class='ocrx_word' id='word_1_4' title='bbox 3769 245 3848 306; x_wconf 73' lang='lat'><strong>92</strong></span> 
     </span>
    </p>
   </div>
   <div class='ocr_carea' id='block_1_4' title="bbox 559 340 2149 424">
    <p class='ocr_par' dir='ltr' id='par_1_4' title="bbox 559 340 2149 415">
     <span class='ocr_line' id='line_1_4' title="bbox 559 340 2149 415; baseline 0.006 -22"><span class='ocrx_word' id='word_1_5' title='bbox 559 341 666 408; x_wconf 85' lang='lat' dir='ltr'><strong>tit,</strong></span> <span class='ocrx_word' id='word_1_6' title='bbox 701 340 1042 413; x_wconf 76' lang='lat' dir='ltr'><strong>sacrilegus:</strong></span> <span class='ocrx_word' id='word_1_7' title='bbox 1076 345 1192 414; x_wconf 90' lang='lat' dir='ltr'><strong>ipse</strong></span> <span class='ocrx_word' id='word_1_8' title='bbox 1215 344 1361 400; x_wconf 85' lang='lat' dir='ltr'><strong>enim</strong></span> <span class='ocrx_word' id='word_1_9' title='bbox 1404 344 1578 415; x_wconf 77' lang='lat' dir='ltr'><strong>culpa:</strong></span> <span class='ocrx_word' id='word_1_10' title='bbox 1628 347 1904 403; x_wconf 76' lang='lat' dir='ltr'><strong>obnoxius</strong></span> <span class='ocrx_word' id='word_1_11' title='bbox 1964 354 2021 402; x_wconf 85' lang='lat' dir='ltr'><strong>et</strong></span> <span class='ocrx_word' id='word_1_12' title='bbox 2069 363 2149 403; x_wconf 83' lang='lat' dir='ltr'><strong>sa-</strong></span> 
     </span>
    </p>
   </div>
   <div class='ocr_carea' id='block_1_5' title="bbox 2281 340 3843 424">
    <p class='ocr_par' dir='ltr' id='par_1_5' title="bbox 2284 348 3843 424">
     <span class='ocr_line' id='line_1_5' title="bbox 2284 348 3843 424; baseline 0.007 -25"><span class='ocrx_word' id='word_1_13' title='bbox 2284 348 2542 416; x_wconf 88' lang='grc' dir='ltr'>ερόσυλος</span> <span class='ocrx_word' id='word_1_14' title='bbox 2572 365 2586 380; x_wconf 88' lang='grc'><strong>·</strong></span> <span class='ocrx_word' id='word_1_15' title='bbox 2625 351 2653 402; x_wconf 89' lang='lat'><strong>6</strong></span> <span class='ocrx_word' id='word_1_16' title='bbox 2684 351 2791 421; x_wconf 75' lang='grc' dir='ltr'>γὰρ</span> <span class='ocrx_word' id='word_1_17' title='bbox 2829 350 3099 416; x_wconf 74' lang='grc' dir='ltr'><strong>ὑπαίτιος,</strong></span> <span class='ocrx_word' id='word_1_18' title='bbox 3146 353 3240 406; x_wconf 69' lang='grc' dir='ltr'>καὶ</span> <span class='ocrx_word' id='word_1_19' title='bbox 3279 352 3518 424; x_wconf 86' lang='grc' dir='ltr'>ἁνίερος.</span> <span class='ocrx_word' id='word_1_20' title='bbox 3559 353 3620 415; x_wconf 86' lang='grc' dir='ltr'><strong>Ὀ</strong></span> <span class='ocrx_word' id='word_1_21' title='bbox 3646 354 3702 409; x_wconf 83' lang='grc' dir='ltr'><strong>δέ</strong></span> <span class='ocrx_word' id='word_1_22' title='bbox 3731 375 3843 410; x_wconf 85' lang='grc' dir='ltr'>κα-</span> 
     </span>
    </p>
   </div>
   <div class='ocr_carea' id='block_1_6' title="bbox 577 433 2154 512">
    <p class='ocr_par' dir='ltr' id='par_1_6' title="bbox 577 433 2154 512">
     <span class='ocr_line' id='line_1_6' title="bbox 577 433 2154 512; baseline 0.007 -27"><span class='ocrx_word' id='word_1_23' title='bbox 577 433 818 488; x_wconf 83' lang='lat' dir='ltr'><strong>cerdotio</strong></span> <span class='ocrx_word' id='word_1_24' title='bbox 858 436 1130 506; x_wconf 73' lang='lat' dir='ltr'><strong>indignus.</strong></span> <span class='ocrx_word' id='word_1_25' title='bbox 1167 437 1269 504; x_wconf 86' lang='lat' dir='ltr'><strong>Qui</strong></span> <span class='ocrx_word' id='word_1_26' title='bbox 1303 452 1435 493; x_wconf 86' lang='lat' dir='ltr'><strong>vero</strong></span> <span class='ocrx_word' id='word_1_27' title='bbox 1489 438 1678 496; x_wconf 82' lang='lat' dir='ltr'><strong>insons</strong></span> <span class='ocrx_word' id='word_1_28' title='bbox 1728 440 1976 512; x_wconf 86' lang='lat' dir='ltr'><strong>dcjcctus</strong></span> <span class='ocrx_word' id='word_1_29' title='bbox 2044 449 2154 508; x_wconf 87' lang='lat' dir='ltr'><strong>est,</strong></span> 
     </span>
    </p>
   </div>
   <div class='ocr_carea' id='block_1_7' title="bbox 575 524 1441 595">
    <p class='ocr_par' dir='ltr' id='par_1_7' title="bbox 575 524 1441 595">
     <span class='ocr_line' id='line_1_7' title="bbox 575 524 1441 595; baseline 0.01 -20"><span class='ocrx_word' id='word_1_30' title='bbox 575 524 645 576; x_wconf 89' lang='lat' dir='ltr'><strong>sit</strong></span> <span class='ocrx_word' id='word_1_31' title='bbox 665 524 979 595; x_wconf 81' lang='lat' dir='ltr'><strong>episcopus.</strong></span> <span class='ocrx_word' id='word_1_32' title='bbox 1438 576 1441 577; x_wconf 39' lang='grc' dir='ltr'><em>ν</em></span> 
     </span>
    </p>
   </div>
   <div class='ocr_carea' id='block_1_8' title="bbox 648 614 2153 696">
    <p class='ocr_par' dir='ltr' id='par_1_8' title="bbox 648 614 2153 696">
     <span class='ocr_line' id='line_1_8' title="bbox 648 614 2153 696; baseline 0.007 -27"><span class='ocrx_word' id='word_1_33' title='bbox 648 615 738 670; x_wconf 76' lang='grc'><strong>51.</strong></span> <span class='ocrx_word' id='word_1_34' title='bbox 767 614 880 671; x_wconf 74' lang='lat' dir='ltr'><strong>Mos</strong></span> <span class='ocrx_word' id='word_1_35' title='bbox 906 626 990 672; x_wconf 86' lang='lat' dir='ltr'><strong>est</strong></span> <span class='ocrx_word' id='word_1_36' title='bbox 1038 617 1330 690; x_wconf 66' lang='lat' dir='ltr'><strong>£gyptiis,</strong></span> <span class='ocrx_word' id='word_1_37' title='bbox 1393 620 1494 676; x_wconf 89' lang='lat' dir='ltr'><strong>nisi</strong></span> <span class='ocrx_word' id='word_1_38' title='bbox 1540 619 1983 696; x_wconf 79' lang='lat' dir='ltr'><strong>archiepiscOpus</strong></span> <span class='ocrx_word' id='word_1_39' title='bbox 2027 639 2153 694; x_wconf 82' lang='lat' dir='ltr'><strong>per-</strong></span> 
     </span>
    </p>
   </div>
   <div class='ocr_carea' id='block_1_9' title="bbox 577 696 2149 786">
    <p class='ocr_par' dir='ltr' id='par_1_9' title="bbox 577 696 2149 786">
     <span class='ocr_line' id='line_1_9' title="bbox 577 696 2149 786; baseline 0.006 -26"><span class='ocrx_word' id='word_1_40' title='bbox 577 707 804 770; x_wconf 88' lang='lat' dir='ltr'><strong>miserit,</strong></span> <span class='ocrx_word' id='word_1_41' title='bbox 830 723 935 762; x_wconf 91' lang='lat' dir='ltr'><strong>non</strong></span> <span class='ocrx_word' id='word_1_42' title='bbox 975 711 1234 765; x_wconf 78' lang='lat' dir='ltr'><strong>scribere.</strong></span> <span class='ocrx_word' id='word_1_43' title='bbox 1272 710 1390 778; x_wconf 85' lang='lat' dir='ltr'><strong>Quo</strong></span> <span class='ocrx_word' id='word_1_44' title='bbox 1425 714 1484 765; x_wconf 84' lang='lat' dir='ltr'><strong>iit</strong></span> <span class='ocrx_word' id='word_1_45' title='bbox 1524 723 1584 767; x_wconf 90' lang='lat' dir='ltr'><strong>ut</strong></span> <span class='ocrx_word' id='word_1_46' title='bbox 1628 715 1852 769; x_wconf 89' lang='lat' dir='ltr'><strong>minime</strong></span> <span class='ocrx_word' id='word_1_47' title='bbox 1893 696 2149 786; x_wconf 56' lang='lat' dir='ltr'><strong>cu’lpandi</strong></span> 
     </span>
    </p>
   </div>
   <div class='ocr_carea' id='block_1_10' title="bbox 575 797 2150 876">
    <p class='ocr_par' dir='ltr' id='par_1_10' title="bbox 575 797 2150 876">
     <span class='ocr_line' id='line_1_10' title="bbox 575 797 2150 876; baseline 0.006 -26"><span class='ocrx_word' id='word_1_48' title='bbox 575 797 712 861; x_wconf 83' lang='lat' dir='ltr'><strong>sint,</strong></span> <span class='ocrx_word' id='word_1_49' title='bbox 743 801 1062 855; x_wconf 68' lang='lat' dir='ltr'><strong>i-inusancti</strong></span> <span class='ocrx_word' id='word_1_50' title='bbox 1093 801 1294 858; x_wconf 77' lang='lat' dir='ltr'><strong>Leonis</strong></span> <span class='ocrx_word' id='word_1_51' title='bbox 1338 803 1580 871; x_wconf 69' lang='lat' dir='ltr'><strong>epistolae</strong></span> <span class='ocrx_word' id='word_1_52' title='bbox 1634 819 1741 859; x_wconf 89' lang='lat' dir='ltr'><strong>non</strong></span> <span class='ocrx_word' id='word_1_53' title='bbox 1806 802 2150 876; x_wconf 85' lang='lat' dir='ltr'><strong>subscripse-</strong></span> 
     </span>
    </p>
   </div>
   <div class='ocr_carea' id='block_1_11' title="bbox 577 890 1835 963">
    <p class='ocr_par' dir='ltr' id='par_1_11' title="bbox 577 890 1835 963">
     <span class='ocr_line' id='line_1_11' title="bbox 577 890 1835 963; baseline 0.006 -20"><span class='ocrx_word' id='word_1_54' title='bbox 577 890 704 950; x_wconf 88' lang='lat' dir='ltr'><strong>riut.</strong></span> <span class='ocrx_word' id='word_1_55' title='bbox 735 890 907 944; x_wconf 69' lang='lat' dir='ltr'><strong>donec</strong></span> <span class='ocrx_word' id='word_1_56' title='bbox 938 892 1384 963; x_wconf 65' lang='lat' dir='ltr'><strong>art-hirpiscopns</strong></span> <span class='ocrx_word' id='word_1_57' title='bbox 1409 905 1628 950; x_wconf 87' lang='lat' dir='ltr'><strong>creatus</strong></span> <span class='ocrx_word' id='word_1_58' title='bbox 1651 895 1835 950; x_wconf 78' lang='lat' dir='ltr'><strong>fuerit.</strong></span> 
     </span>
    </p>
   </div>
   <div class='ocr_carea' id='block_1_12' title="bbox 680 1000 2044 1081">
    <p class='ocr_par' dir='ltr' id='par_1_12' title="bbox 680 1000 2044 1081">
     <span class='ocr_line' id='line_1_12' title="bbox 680 1000 2044 1081; baseline 0.005 -25"><span class='ocrx_word' id='word_1_59' title='bbox 680 1000 999 1058; x_wconf 77' lang='lat' dir='ltr'><strong>Sanctorum</strong></span> <span class='ocrx_word' id='word_1_60' title='bbox 1037 1004 1257 1060; x_wconf 79' lang='lat' dir='ltr'><strong>Patrum</strong></span> <span class='ocrx_word' id='word_1_61' title='bbox 1302 1007 1544 1064; x_wconf 73' lang='grc' dir='ltr'>επινᾱὶι-ω</span> <span class='ocrx_word' id='word_1_62' title='bbox 1581 1020 2044 1081; x_wconf 72' lang='lat' dir='ltr'><strong>congregatarum.</strong></span> 
     </span>
    </p>
   </div>
   <div class='ocr_carea' id='block_1_13' title="bbox 649 1115 2150 1189">
    <p class='ocr_par' dir='ltr' id='par_1_13' title="bbox 649 1115 2150 1189">
     <span class='ocr_line' id='line_1_13' title="bbox 649 1115 2150 1189; baseline 0.009 -22"><span class='ocrx_word' id='word_1_63' title='bbox 649 1115 702 1170; x_wconf 77' lang='grc' dir='ltr'>Ι.</span> <span class='ocrx_word' id='word_1_64' title='bbox 763 1117 1060 1186; x_wconf 71' lang='lat' dir='ltr'><strong>Episcopus</strong></span> <span class='ocrx_word' id='word_1_65' title='bbox 1109 1134 1176 1173; x_wconf 80' lang='lat' dir='ltr'><strong>ex</strong></span> <span class='ocrx_word' id='word_1_66' title='bbox 1246 1121 1450 1189; x_wconf 83' lang='lat' dir='ltr'><strong>majore</strong></span> <span class='ocrx_word' id='word_1_67' title='bbox 1493 1123 1713 1179; x_wconf 78' lang='lat' dir='ltr'><strong>civitate</strong></span> <span class='ocrx_word' id='word_1_68' title='bbox 1774 1126 1824 1179; x_wconf 91' lang='lat' dir='ltr'><strong>in</strong></span> <span class='ocrx_word' id='word_1_69' title='bbox 1887 1126 2150 1180; x_wconf 84' lang='lat' dir='ltr'><strong>minorem</strong></span> 
     </span>
    </p>
   </div>
   <div class='ocr_carea' id='block_1_14' title="bbox 577 1207 2152 1286">
    <p class='ocr_par' dir='ltr' id='par_1_14' title="bbox 577 1207 2152 1286">
     <span class='ocr_line' id='line_1_14' title="bbox 577 1207 2152 1286; baseline 0.01 -28"><span class='ocrx_word' id='word_1_70' title='bbox 577 1207 813 1261; x_wconf 89' lang='lat' dir='ltr'><strong>transire</strong></span> <span class='ocrx_word' id='word_1_71' title='bbox 840 1222 945 1262; x_wconf 91' lang='lat' dir='ltr'><strong>non</strong></span> <span class='ocrx_word' id='word_1_72' title='bbox 974 1213 1332 1280; x_wconf 87' lang='lat' dir='ltr'><strong>comperitur.</strong></span> <span class='ocrx_word' id='word_1_73' title='bbox 1357 1213 1459 1279; x_wconf 89' lang='lat' dir='ltr'><strong>Qui</strong></span> <span class='ocrx_word' id='word_1_74' title='bbox 1509 1217 1676 1286; x_wconf 77' lang='lat' dir='ltr'><strong>igitur</strong></span> <span class='ocrx_word' id='word_1_75' title='bbox 1706 1233 1773 1271; x_wconf 77' lang='lat' dir='ltr'><strong>ex</strong></span> <span class='ocrx_word' id='word_1_76' title='bbox 1804 1218 1992 1272; x_wconf 84' lang='lat' dir='ltr'><strong>humili</strong></span> <span class='ocrx_word' id='word_1_77' title='bbox 2022 1221 2152 1274; x_wconf 79' lang='lat' dir='ltr'><strong>sede</strong></span> 
     </span>
    </p>
   </div>
   <div class='ocr_carea' id='block_1_15' title="bbox 574 1299 2155 1378">
    <p class='ocr_par' dir='ltr' id='par_1_15' title="bbox 574 1299 2155 1378">
     <span class='ocr_line' id='line_1_15' title="bbox 574 1299 2155 1378; baseline 0.008 -26"><span class='ocrx_word' id='word_1_78' title='bbox 574 1299 628 1353; x_wconf 92' lang='lat' dir='ltr'><strong>in</strong></span> <span class='ocrx_word' id='word_1_79' title='bbox 687 1300 1057 1357; x_wconf 85' lang='lat' dir='ltr'><strong>sublimiorem</strong></span> <span class='ocrx_word' id='word_1_80' title='bbox 1112 1307 1386 1372; x_wconf 86' lang='lat' dir='ltr'><strong>transilit,</strong></span> <span class='ocrx_word' id='word_1_81' title='bbox 1456 1318 1714 1378; x_wconf 89' lang='lat' dir='ltr'><strong>tanquam</strong></span> <span class='ocrx_word' id='word_1_82' title='bbox 1777 1325 2043 1378; x_wconf 78' lang='lat' dir='ltr'><strong>arrogans</strong></span> <span class='ocrx_word' id='word_1_83' title='bbox 2097 1322 2155 1366; x_wconf 86' lang='lat' dir='ltr'><strong>et</strong></span> 
     </span>
    </p>
   </div>
   <div class='ocr_carea' id='block_1_16' title="bbox 574 1400 2146 1472">
    <p class='ocr_par' dir='ltr' id='par_1_16' title="bbox 574 1400 2146 1472">
     <span class='ocr_line' id='line_1_16' title="bbox 574 1400 2146 1472; baseline 0.006 -28"><span class='ocrx_word' id='word_1_84' title='bbox 574 1407 776 1447; x_wconf 84' lang='lat' dir='ltr'><strong>avarus</strong></span> <span class='ocrx_word' id='word_1_85' title='bbox 807 1405 1143 1464; x_wconf 86' lang='lat' dir='ltr'><strong>compertus,</strong></span> <span class='ocrx_word' id='word_1_86' title='bbox 1169 1412 1266 1465; x_wconf 90' lang='lat' dir='ltr'><strong>per</strong></span> <span class='ocrx_word' id='word_1_87' title='bbox 1293 1407 1462 1454; x_wconf 86' lang='lat' dir='ltr'><strong>totam</strong></span> <span class='ocrx_word' id='word_1_88' title='bbox 1488 1400 1651 1453; x_wconf 87' lang='lat' dir='ltr'><strong>vitam</strong></span> <span class='ocrx_word' id='word_1_89' title='bbox 1700 1400 2146 1472; x_wconf 71' lang='lat' dir='ltr'><strong>excommunica-</strong></span> 
     </span>
    </p>
   </div>
   <div class='ocr_carea' id='block_1_17' title="bbox 576 1492 680 1538">
    <p class='ocr_par' dir='ltr' id='par_1_17' title="bbox 576 1492 680 1538">
     <span class='ocr_line' id='line_1_17' title="bbox 576 1492 680 1538; baseline 0.029 -3"><span class='ocrx_word' id='word_1_90' title='bbox 576 1492 680 1538; x_wconf 91' lang='lat' dir='ltr'><strong>tur.</strong></span> 
     </span>
    </p>
   </div>
   <div class='ocr_carea' id='block_1_18' title="bbox 641 1574 2151 1666">
    <p class='ocr_par' dir='ltr' id='par_1_18' title="bbox 641 1574 2151 1666">
     <span class='ocr_line' id='line_1_18' title="bbox 641 1574 2151 1666; baseline 0.006 -38"><span class='ocrx_word' id='word_1_91' title='bbox 641 1574 700 1630; x_wconf 74' lang='lat'><strong>2.</strong></span> <span class='ocrx_word' id='word_1_92' title='bbox 722 1576 1024 1647; x_wconf 81' lang='lat' dir='ltr'><strong>Episcopus</strong></span> <span class='ocrx_word' id='word_1_93' title='bbox 1054 1577 1107 1632; x_wconf 93' lang='lat' dir='ltr'><strong>in</strong></span> <span class='ocrx_word' id='word_1_94' title='bbox 1137 1579 1277 1635; x_wconf 86' lang='lat' dir='ltr'><strong>alius</strong></span> <span class='ocrx_word' id='word_1_95' title='bbox 1296 1581 1537 1666; x_wconf 77' lang='lat' dir='ltr'><strong>episcopi</strong></span> <span class='ocrx_word' id='word_1_96' title='bbox 1575 1584 1761 1638; x_wconf 86' lang='lat' dir='ltr'><strong>urbem</strong></span> <span class='ocrx_word' id='word_1_97' title='bbox 1796 1599 1864 1639; x_wconf 92' lang='lat' dir='ltr'><strong>ne</strong></span> <span class='ocrx_word' id='word_1_98' title='bbox 1906 1594 2151 1640; x_wconf 73' lang='lat' dir='ltr'><strong>transeat</strong></span> 
     </span>
    </p>
   </div>
   <div class='ocr_carea' id='block_1_19' title="bbox 490 1669 2222 1751">
    <p class='ocr_par' dir='ltr' id='par_1_19' title="bbox 490 1669 2222 1751">
     <span class='ocr_line' id='line_1_19' title="bbox 490 1669 2222 1751; baseline 0.009 -35"><span class='ocrx_word' id='word_1_99' title='bbox 490 1713 494 1716; x_wconf 41' lang='grc' dir='ltr'><strong>η</strong></span> <span class='ocrx_word' id='word_1_100' title='bbox 573 1683 681 1722; x_wconf 90' lang='lat' dir='ltr'><strong>non</strong></span> <span class='ocrx_word' id='word_1_101' title='bbox 712 1669 970 1724; x_wconf 81' lang='lat' dir='ltr'><strong>invitatus</strong></span> <span class='ocrx_word' id='word_1_102' title='bbox 996 1691 1009 1726; x_wconf 94' lang='lat'><strong>:</strong></span> <span class='ocrx_word' id='word_1_103' title='bbox 1041 1686 1106 1726; x_wconf 82' lang='lat' dir='ltr'><strong>ac</strong></span> <span class='ocrx_word' id='word_1_104' title='bbox 1130 1675 1434 1743; x_wconf 73' lang='lat' dir='ltr'><strong>provincia:</strong></span> <span class='ocrx_word' id='word_1_105' title='bbox 1460 1677 1754 1745; x_wconf 86' lang='lat' dir='ltr'><strong>episcopus</strong></span> <span class='ocrx_word' id='word_1_106' title='bbox 1800 1678 1845 1732; x_wconf 88' lang='lat' dir='ltr'><strong>si</strong></span> <span class='ocrx_word' id='word_1_107' title='bbox 1903 1678 2142 1747; x_wconf 82' lang='lat' dir='ltr'><strong>aliquam</strong></span> <span class='ocrx_word' id='word_1_108' title='bbox 2172 1692 2222 1751; x_wconf 80' lang='grc' dir='ltr'><strong>Β</strong></span> 
     </span>
    </p>
   </div>
   <div class='ocr_carea' id='block_1_20' title="bbox 558 1759 2149 1836">
    <p class='ocr_par' dir='ltr' id='par_1_20' title="bbox 558 1759 2149 1836">
     <span class='ocr_line' id='line_1_20' title="bbox 558 1759 2149 1836; baseline 0.008 -27"><span class='ocrx_word' id='word_1_109' title='bbox 558 1760 721 1812; x_wconf 72' lang='lat' dir='ltr'><strong>.litem</strong></span> <span class='ocrx_word' id='word_1_110' title='bbox 747 1759 965 1827; x_wconf 84' lang='lat' dir='ltr'><strong>habeat,</strong></span> <span class='ocrx_word' id='word_1_111' title='bbox 989 1761 1195 1818; x_wconf 88' lang='lat' dir='ltr'><strong>alienos</strong></span> <span class='ocrx_word' id='word_1_112' title='bbox 1229 1765 1516 1836; x_wconf 86' lang='lat' dir='ltr'><strong>episcopos</strong></span> <span class='ocrx_word' id='word_1_113' title='bbox 1563 1783 1629 1821; x_wconf 88' lang='lat' dir='ltr'><strong>ne</strong></span> <span class='ocrx_word' id='word_1_114' title='bbox 1673 1780 1884 1829; x_wconf 82' lang='lat' dir='ltr'><strong>evocet,</strong></span> <span class='ocrx_word' id='word_1_115' title='bbox 1920 1780 2149 1836; x_wconf 63' lang='lat' dir='ltr'><strong>praeter-</strong></span> 
     </span>
    </p>
   </div>
   <div class='ocr_carea' id='block_1_21' title="bbox 573 1840 2147 1930">
    <p class='ocr_par' dir='ltr' id='par_1_21' title="bbox 573 1840 2147 1930">
     <span class='ocr_line' id='line_1_21' title="bbox 573 1840 2147 1930; baseline 0.011 -28"><span class='ocrx_word' id='word_1_116' title='bbox 573 1840 734 1920; x_wconf 62' lang='lat' dir='ltr'><strong>quaiu</strong></span> <span class='ocrx_word' id='word_1_117' title='bbox 767 1867 804 1905; x_wconf 75' lang='grc' dir='ltr'><strong>ιι</strong></span> <span class='ocrx_word' id='word_1_118' title='bbox 835 1850 1081 1909; x_wconf 80' lang='lat' dir='ltr'><strong>Romano</strong></span> <span class='ocrx_word' id='word_1_119' title='bbox 1115 1854 1398 1923; x_wconf 86' lang='lat' dir='ltr'><strong>Pontilice,</strong></span> <span class='ocrx_word' id='word_1_120' title='bbox 1427 1851 1473 1912; x_wconf 86' lang='lat' dir='ltr'><strong>si</strong></span> <span class='ocrx_word' id='word_1_121' title='bbox 1504 1860 1759 1928; x_wconf 79' lang='lat' dir='ltr'><strong>expedire</strong></span> <span class='ocrx_word' id='word_1_122' title='bbox 1797 1861 2147 1930; x_wconf 71' lang='lat' dir='ltr'><strong>juilicaverit.</strong></span> 
     </span>
    </p>
   </div>
   <div class='ocr_carea' id='block_1_22' title="bbox 644 1942 2141 2017">
    <p class='ocr_par' dir='ltr' id='par_1_22' title="bbox 644 1942 2141 2017">
     <span class='ocr_line' id='line_1_22' title="bbox 644 1942 2141 2017; baseline 0.008 -20"><span class='ocrx_word' id='word_1_123' title='bbox 644 1944 699 1998; x_wconf 76' lang='lat'><strong>5.</strong></span> <span class='ocrx_word' id='word_1_124' title='bbox 730 1942 996 2014; x_wconf 63' lang='lat' dir='ltr'><strong>Episcogtn</strong></span> <span class='ocrx_word' id='word_1_125' title='bbox 1025 1948 1290 2017; x_wconf 84' lang='lat' dir='ltr'><strong>deposito,</strong></span> <span class='ocrx_word' id='word_1_126' title='bbox 1327 1950 1371 2004; x_wconf 87' lang='lat' dir='ltr'><strong>si</strong></span> <span class='ocrx_word' id='word_1_127' title='bbox 1403 1950 1638 2006; x_wconf 76' lang='lat' dir='ltr'><strong>afﬁrmet</strong></span> <span class='ocrx_word' id='word_1_128' title='bbox 1661 1967 1719 2007; x_wconf 87' lang='lat' dir='ltr'><strong>se</strong></span> <span class='ocrx_word' id='word_1_129' title='bbox 1768 1953 2141 2010; x_wconf 78' lang='lat' dir='ltr'><strong>defensionem</strong></span> 
     </span>
    </p>
   </div>
   <div class='ocr_carea' id='block_1_23' title="bbox 573 2033 2144 2115">
    <p class='ocr_par' dir='ltr' id='par_1_23' title="bbox 573 2033 2144 2115">
     <span class='ocr_line' id='line_1_23' title="bbox 573 2033 2144 2115; baseline 0.01 -29"><span class='ocrx_word' id='word_1_130' title='bbox 573 2033 882 2100; x_wconf 82' lang='lat' dir='ltr'><strong>allaturum,</strong></span> <span class='ocrx_word' id='word_1_131' title='bbox 934 2052 1042 2092; x_wconf 92' lang='lat' dir='ltr'><strong>non</strong></span> <span class='ocrx_word' id='word_1_132' title='bbox 1098 2033 1450 2096; x_wconf 89' lang='lat' dir='ltr'><strong>constituitur</strong></span> <span class='ocrx_word' id='word_1_133' title='bbox 1496 2042 1656 2107; x_wconf 87' lang='lat' dir='ltr'><strong>alius,</strong></span> <span class='ocrx_word' id='word_1_134' title='bbox 1694 2047 1795 2098; x_wconf 88' lang='lat' dir='ltr'><strong>nisi</strong></span> <span class='ocrx_word' id='word_1_135' title='bbox 1855 2046 2144 2115; x_wconf 85' lang='lat' dir='ltr'><strong>episcopus</strong></span> 
     </span>
    </p>
   </div>
   <div class='ocr_carea' id='block_1_24' title="bbox 571 2122 2150 2200">
    <p class='ocr_par' dir='ltr' id='par_1_24' title="bbox 571 2122 2150 2200">
     <span class='ocr_line' id='line_1_24' title="bbox 571 2122 2150 2200; baseline 0.007 -21"><span class='ocrx_word' id='word_1_136' title='bbox 571 2122 758 2179; x_wconf 70' lang='lat' dir='ltr'><strong>Romae</strong></span> <span class='ocrx_word' id='word_1_137' title='bbox 778 2125 1069 2182; x_wconf 83' lang='lat' dir='ltr'><strong>detinierit.</strong></span> <span class='ocrx_word' id='word_1_138' title='bbox 1103 2125 1364 2198; x_wconf 85' lang='lat' dir='ltr'><strong>Dispiciet</strong></span> <span class='ocrx_word' id='word_1_139' title='bbox 1388 2131 1533 2185; x_wconf 89' lang='lat' dir='ltr'><strong>enim</strong></span> <span class='ocrx_word' id='word_1_140' title='bbox 1581 2132 2001 2200; x_wconf 86' lang='lat' dir='ltr'><strong>depositiouem,</strong></span> <span class='ocrx_word' id='word_1_141' title='bbox 2053 2145 2150 2190; x_wconf 90' lang='lat' dir='ltr'><strong>aut</strong></span> 
     </span>
    </p>
   </div>
   <div class='ocr_carea' id='block_1_25' title="bbox 573 2217 1868 2288">
    <p class='ocr_par' dir='ltr' id='par_1_25' title="bbox 573 2217 1868 2288">
     <span class='ocr_line' id='line_1_25' title="bbox 573 2217 1868 2288; baseline 0.011 -21"><span class='ocrx_word' id='word_1_142' title='bbox 573 2229 670 2283; x_wconf 72' lang='lat' dir='ltr'><strong>per</strong></span> <span class='ocrx_word' id='word_1_143' title='bbox 702 2217 942 2281; x_wconf 86' lang='lat' dir='ltr'><strong>nuntios,</strong></span> <span class='ocrx_word' id='word_1_144' title='bbox 974 2223 1190 2288; x_wconf 82' lang='lat' dir='ltr'><strong>sut‘per</strong></span> <span class='ocrx_word' id='word_1_145' title='bbox 1223 2219 1458 2278; x_wconf 77' lang='lat' dir='ltr'><strong>litteras.</strong></span> <span class='ocrx_word' id='word_1_146' title='bbox 1860 2223 1868 2229; x_wconf 83' lang='grc'><em>’</em></span> 
     </span>
    </p>
   </div>
   <div class='ocr_carea' id='block_1_26' title="bbox 644 2308 2150 2386">
    <p class='ocr_par' dir='ltr' id='par_1_26' title="bbox 644 2308 2150 2386">
     <span class='ocr_line' id='line_1_26' title="bbox 644 2308 2150 2386; baseline 0.006 -24"><span class='ocrx_word' id='word_1_147' title='bbox 644 2308 702 2365; x_wconf 79' lang='grc'>4.</span> <span class='ocrx_word' id='word_1_148' title='bbox 729 2309 784 2364; x_wconf 90' lang='lat' dir='ltr'><strong>Si</strong></span> <span class='ocrx_word' id='word_1_149' title='bbox 810 2309 964 2366; x_wconf 64' lang='lat' dir='ltr'><strong>laicis</strong></span> <span class='ocrx_word' id='word_1_150' title='bbox 989 2311 1296 2380; x_wconf 87' lang='lat' dir='ltr'><strong>petentibus</strong></span> <span class='ocrx_word' id='word_1_151' title='bbox 1339 2315 1673 2382; x_wconf 86' lang='lat' dir='ltr'><strong>episcopum,</strong></span> <span class='ocrx_word' id='word_1_152' title='bbox 1720 2316 1959 2386; x_wconf 76' lang='lat' dir='ltr'><strong>epierpi</strong></span> <span class='ocrx_word' id='word_1_153' title='bbox 2013 2333 2150 2385; x_wconf 69' lang='lat' dir='ltr'><strong>pra:-</strong></span> 
     </span>
    </p>
   </div>
   <div class='ocr_carea' id='block_1_27' title="bbox 573 2395 2143 2476">
    <p class='ocr_par' dir='ltr' id='par_1_27' title="bbox 573 2395 2143 2476">
     <span class='ocr_line' id='line_1_27' title="bbox 573 2395 2143 2476; baseline 0.006 -21"><span class='ocrx_word' id='word_1_154' title='bbox 573 2411 758 2456; x_wconf 79' lang='lat' dir='ltr'><strong>sentes</strong></span> <span class='ocrx_word' id='word_1_155' title='bbox 786 2403 920 2468; x_wconf 90' lang='lat' dir='ltr'><strong>sint,</strong></span> <span class='ocrx_word' id='word_1_156' title='bbox 958 2419 1099 2460; x_wconf 82' lang='lat' dir='ltr'><strong>unus</strong></span> <span class='ocrx_word' id='word_1_157' title='bbox 1121 2420 1252 2462; x_wconf 78' lang='lat' dir='ltr'><strong>vero</strong></span> <span class='ocrx_word' id='word_1_158' title='bbox 1284 2395 1503 2476; x_wconf 84' lang='lat' dir='ltr'><strong>quidem</strong></span> <span class='ocrx_word' id='word_1_159' title='bbox 1534 2409 1700 2472; x_wconf 84' lang='lat' dir='ltr'><strong>absit,</strong></span> <span class='ocrx_word' id='word_1_160' title='bbox 1729 2423 1948 2467; x_wconf 75' lang='lat' dir='ltr'><strong>vocetur</strong></span> <span class='ocrx_word' id='word_1_161' title='bbox 1981 2414 2143 2466; x_wconf 88' lang='lat' dir='ltr'><strong>etiam</strong></span> 
     </span>
    </p>
   </div>
   <div class='ocr_carea' id='block_1_28' title="bbox 573 2493 2146 2572">
    <p class='ocr_par' dir='ltr' id='par_1_28' title="bbox 573 2493 2146 2572">
     <span class='ocr_line' id='line_1_28' title="bbox 573 2493 2146 2572; baseline 0.009 -26"><span class='ocrx_word' id='word_1_162' title='bbox 573 2493 684 2547; x_wconf 86' lang='lat' dir='ltr'><strong>ille.</strong></span> <span class='ocrx_word' id='word_1_163' title='bbox 714 2493 768 2546; x_wconf 92' lang='lat' dir='ltr'><strong>Si</strong></span> <span class='ocrx_word' id='word_1_164' title='bbox 791 2509 921 2548; x_wconf 78' lang='lat' dir='ltr'><strong>vero</strong></span> <span class='ocrx_word' id='word_1_165' title='bbox 954 2503 1185 2572; x_wconf 61' lang='lat' dir='ltr'><strong>meatus</strong></span> <span class='ocrx_word' id='word_1_166' title='bbox 1229 2511 1407 2566; x_wconf 89' lang='lat' dir='ltr'><strong>neque</strong></span> <span class='ocrx_word' id='word_1_167' title='bbox 1449 2500 1714 2567; x_wconf 85' lang='lat' dir='ltr'><strong>scribere,</strong></span> <span class='ocrx_word' id='word_1_168' title='bbox 1765 2518 1941 2572; x_wconf 91' lang='lat' dir='ltr'><strong>neque</strong></span> <span class='ocrx_word' id='word_1_169' title='bbox 1993 2519 2146 2560; x_wconf 83' lang='lat' dir='ltr'><strong>acce-</strong></span> 
     </span>
    </p>
   </div>
   <div class='ocr_carea' id='block_1_29' title="bbox 572 2569 1774 2658">
    <p class='ocr_par' dir='ltr' id='par_1_29' title="bbox 572 2569 1774 2658">
     <span class='ocr_line' id='line_1_29' title="bbox 572 2569 1774 2658; baseline 0.012 -22"><span class='ocrx_word' id='word_1_170' title='bbox 572 2583 701 2639; x_wconf 87' lang='lat' dir='ltr'><strong>dere</strong></span> <span class='ocrx_word' id='word_1_171' title='bbox 732 2569 985 2653; x_wconf 74' lang='lat' dir='ltr'><strong>voluerit,</strong></span> <span class='ocrx_word' id='word_1_172' title='bbox 1017 2587 1063 2641; x_wconf 89' lang='lat' dir='ltr'><strong>is</strong></span> <span class='ocrx_word' id='word_1_173' title='bbox 1085 2587 1176 2657; x_wconf 90' lang='lat' dir='ltr'><strong>qui</strong></span> <span class='ocrx_word' id='word_1_174' title='bbox 1201 2589 1427 2658; x_wconf 88' lang='lat' dir='ltr'><strong>petitur,</strong></span> <span class='ocrx_word' id='word_1_175' title='bbox 1464 2592 1774 2650; x_wconf 83' lang='lat' dir='ltr'><strong>ordinetur.</strong></span> 
     </span>
    </p>
   </div>
   <div class='ocr_carea' id='block_1_30' title="bbox 643 2759 2172 2836">
    <p class='ocr_par' dir='ltr' id='par_1_30' title="bbox 643 2759 2172 2836">
     <span class='ocr_line' id='line_1_30' title="bbox 643 2759 2172 2836; baseline 0.012 -21"><span class='ocrx_word' id='word_1_176' title='bbox 643 2760 698 2815; x_wconf 81' lang='lat'><strong>5.</strong></span> <span class='ocrx_word' id='word_1_177' title='bbox 733 2759 866 2815; x_wconf 90' lang='lat' dir='ltr'><strong>Cum</strong></span> <span class='ocrx_word' id='word_1_178' title='bbox 899 2764 1353 2830; x_wconf 85' lang='lat' dir='ltr'><strong>metropolitanus</strong></span> <span class='ocrx_word' id='word_1_179' title='bbox 1385 2771 1762 2836; x_wconf 82' lang='lat' dir='ltr'><strong>constituitur,</strong></span> <span class='ocrx_word' id='word_1_180' title='bbox 1787 2772 1950 2829; x_wconf 84' lang='lat' dir='ltr'><strong>vicini</strong></span> <span class='ocrx_word' id='word_1_181' title='bbox 1984 2775 2172 2832; x_wconf 52' lang='lat' dir='ltr'><strong>etiam.</strong></span> 
     </span>
    </p>
   </div>
   <div class='ocr_carea' id='block_1_31' title="bbox 576 2850 1340 2920">
    <p class='ocr_par' dir='ltr' id='par_1_31' title="bbox 576 2850 1340 2920">
     <span class='ocr_line' id='line_1_31' title="bbox 576 2850 1340 2920; baseline 0.009 -16"><span class='ocrx_word' id='word_1_182' title='bbox 576 2850 818 2920; x_wconf 75' lang='lat' dir='ltr'><strong>episcopi</strong></span> <span class='ocrx_word' id='word_1_183' title='bbox 842 2853 1159 2910; x_wconf 81' lang='lat' dir='ltr'><strong>accersendi</strong></span> <span class='ocrx_word' id='word_1_184' title='bbox 1191 2866 1340 2911; x_wconf 87' lang='lat' dir='ltr'><strong>sunt.</strong></span> 
     </span>
    </p>
   </div>
   <div class='ocr_carea' id='block_1_32' title="bbox 647 2920 2149 3031">
    <p class='ocr_par' dir='ltr' id='par_1_32' title="bbox 647 2920 2149 3031">
     <span class='ocr_line' id='line_1_32' title="bbox 647 2920 2149 3031; baseline 0.012 -34"><span class='ocrx_word' id='word_1_185' title='bbox 647 2943 701 2997; x_wconf 87' lang='lat'><strong>6.</strong></span> <span class='ocrx_word' id='word_1_186' title='bbox 731 2943 786 2997; x_wconf 92' lang='lat' dir='ltr'><strong>lu</strong></span> <span class='ocrx_word' id='word_1_187' title='bbox 817 2959 983 3014; x_wconf 72' lang='lat' dir='ltr'><strong>parva</strong></span> <span class='ocrx_word' id='word_1_188' title='bbox 1024 2944 1156 3002; x_wconf 86' lang='lat' dir='ltr'><strong>urbe</strong></span> <span class='ocrx_word' id='word_1_189' title='bbox 1187 2954 1243 3001; x_wconf 92' lang='lat' dir='ltr'><strong>et</strong></span> <span class='ocrx_word' id='word_1_190' title='bbox 1281 2963 1442 3018; x_wconf 77' lang='lat' dir='ltr'><strong>pago,</strong></span> <span class='ocrx_word' id='word_1_191' title='bbox 1485 2953 1572 3006; x_wconf 90' lang='lat' dir='ltr'><strong>cui</strong></span> <span class='ocrx_word' id='word_1_192' title='bbox 1627 2969 1767 3027; x_wconf 87' lang='lat' dir='ltr'><strong>unus</strong></span> <span class='ocrx_word' id='word_1_193' title='bbox 1804 2956 1998 3031; x_wconf 74' lang='lat' dir='ltr'><strong>sumcit</strong></span> <span class='ocrx_word' id='word_1_194' title='bbox 2029 2920 2149 3028; x_wconf 82' lang='lat' dir='ltr'><strong>pre-</strong></span> 
     </span>
    </p>
   </div>
   <div class='ocr_carea' id='block_1_33' title="bbox 2257 442 3447 510">
    <p class='ocr_par' dir='ltr' id='par_1_33' title="bbox 2257 442 3447 510">
     <span class='ocr_line' id='line_1_33' title="bbox 2257 442 3447 510; baseline 0.008 -17"><span class='ocrx_word' id='word_1_195' title='bbox 2257 442 2617 508; x_wconf 75' lang='grc' dir='ltr'>ταόιϐασθεὶς</span> <span class='ocrx_word' id='word_1_196' title='bbox 2652 445 2922 508; x_wconf 86' lang='grc' dir='ltr'>ἀναίτιος,</span> <span class='ocrx_word' id='word_1_197' title='bbox 2953 445 3094 500; x_wconf 74' lang='grc' dir='ltr'>ἔστω</span> <span class='ocrx_word' id='word_1_198' title='bbox 3125 447 3447 510; x_wconf 72' lang='grc' dir='ltr'><strong>ἐπίσκοπος.</strong></span> 
     </span>
    </p>
   </div>
   <div class='ocr_carea' id='block_1_34' title="bbox 2326 595 3844 698">
    <p class='ocr_par' dir='ltr' id='par_1_34' title="bbox 2326 595 3844 698">
     <span class='ocr_line' id='line_1_34' title="bbox 2326 595 3844 698; baseline 0.007 -25"><span class='ocrx_word' id='word_1_199' title='bbox 2326 619 2430 673; x_wconf 82' lang='grc' dir='ltr'>λα’.</span> <span class='ocrx_word' id='word_1_200' title='bbox 2473 621 2718 675; x_wconf 80' lang='grc' dir='ltr'>Είθισται</span> <span class='ocrx_word' id='word_1_201' title='bbox 2746 599 2860 687; x_wconf 84' lang='grc' dir='ltr'>τοῖς</span> <span class='ocrx_word' id='word_1_202' title='bbox 2889 624 3232 691; x_wconf 80' lang='grc' dir='ltr'>Αἰγυπτίοις,</span> <span class='ocrx_word' id='word_1_203' title='bbox 3274 595 3331 678; x_wconf 75' lang='grc' dir='ltr'><strong>εί</strong></span> <span class='ocrx_word' id='word_1_204' title='bbox 3361 625 3436 697; x_wconf 83' lang='grc' dir='ltr'><strong>μὴ</strong></span> <span class='ocrx_word' id='word_1_205' title='bbox 3479 629 3844 698; x_wconf 84' lang='grc' dir='ltr'>ἀρχιεπίσκο-</span> 
     </span>
    </p>
   </div>
   <div class='ocr_carea' id='block_1_35' title="bbox 2256 713 3843 792">
    <p class='ocr_par' dir='ltr' id='par_1_35' title="bbox 2256 713 3843 792">
     <span class='ocr_line' id='line_1_35' title="bbox 2256 713 3843 792; baseline 0.008 -28"><span class='ocrx_word' id='word_1_206' title='bbox 2256 728 2356 776; x_wconf 85' lang='grc' dir='ltr'><strong>πος</strong></span> <span class='ocrx_word' id='word_1_207' title='bbox 2391 713 2701 780; x_wconf 74' lang='grc' dir='ltr'><strong>ἐπιτρέποι,</strong></span> <span class='ocrx_word' id='word_1_208' title='bbox 2747 716 2821 785; x_wconf 82' lang='grc' dir='ltr'>μὴ</span> <span class='ocrx_word' id='word_1_209' title='bbox 2855 716 3112 785; x_wconf 75' lang='grc' dir='ltr'>γράφειν.</span> <span class='ocrx_word' id='word_1_210' title='bbox 3145 717 3429 770; x_wconf 81' lang='grc' dir='ltr'><strong>Ἐντεῦθεν</strong></span> <span class='ocrx_word' id='word_1_211' title='bbox 3451 719 3730 790; x_wconf 76' lang='grc' dir='ltr'><strong>ἄμεμπτοι</strong></span> <span class='ocrx_word' id='word_1_212' title='bbox 3762 725 3843 792; x_wconf 84' lang='grc' dir='ltr'>μὴ</span> 
     </span>
    </p>
   </div>
   <div class='ocr_carea' id='block_1_36' title="bbox 2255 801 3846 878">
    <p class='ocr_par' dir='ltr' id='par_1_36' title="bbox 2255 801 3846 878">
     <span class='ocr_line' id='line_1_36' title="bbox 2255 801 3846 878; baseline 0.008 -25"><span class='ocrx_word' id='word_1_213' title='bbox 2255 801 2696 873; x_wconf 78' lang='grc' dir='ltr'>ἐπιγεγραφότες</span> <span class='ocrx_word' id='word_1_214' title='bbox 2729 806 2794 874; x_wconf 76' lang='grc' dir='ltr'>τῇ</span> <span class='ocrx_word' id='word_1_215' title='bbox 2831 806 3087 878; x_wconf 82' lang='grc' dir='ltr'>ἐπιστολῇ</span> <span class='ocrx_word' id='word_1_216' title='bbox 3141 806 3238 860; x_wconf 80' lang='grc' dir='ltr'>τοῦ</span> <span class='ocrx_word' id='word_1_217' title='bbox 3266 806 3416 860; x_wconf 81' lang='grc' dir='ltr'>ὁσίου</span> <span class='ocrx_word' id='word_1_218' title='bbox 3454 809 3705 875; x_wconf 84' lang='grc' dir='ltr'>Λέοντος,</span> <span class='ocrx_word' id='word_1_219' title='bbox 3733 813 3846 876; x_wconf 76' lang='grc' dir='ltr'>ἓως</span> 
     </span>
    </p>
   </div>
   <div class='ocr_carea' id='block_1_37' title="bbox 2170 891 2962 963">
    <p class='ocr_par' dir='ltr' id='par_1_37' title="bbox 2170 891 2962 963">
     <span class='ocr_line' id='line_1_37' title="bbox 2170 891 2962 963; baseline 0.003 -17"><span class='ocrx_word' id='word_1_220' title='bbox 2170 925 2175 935; x_wconf 61' lang='grc' dir='ltr'><strong>ι</strong></span> <span class='ocrx_word' id='word_1_221' title='bbox 2254 891 2688 962; x_wconf 85' lang='grc' dir='ltr'>ἁρχιεπίσκοπος</span> <span class='ocrx_word' id='word_1_222' title='bbox 2715 894 2962 963; x_wconf 84' lang='grc' dir='ltr'>γένηται.</span> 
     </span>
    </p>
   </div>
   <div class='ocr_carea' id='block_1_38' title="bbox 2780 1002 3317 1080">
    <p class='ocr_par' dir='ltr' id='par_1_38' title="bbox 2780 1002 3317 1080">
     <span class='ocr_line' id='line_1_38' title="bbox 2780 1002 3317 1080; baseline 0.004 -22"><span class='ocrx_word' id='word_1_223' title='bbox 2780 1002 2902 1058; x_wconf 85' lang='grc' dir='ltr'><strong>Τῶν</strong></span> <span class='ocrx_word' id='word_1_224' title='bbox 2933 1004 3011 1080; x_wconf 12' lang='grc' dir='ltr'><strong>ἐν·</strong></span> <span class='ocrx_word' id='word_1_225' title='bbox 3034 1005 3317 1075; x_wconf 72' lang='grc' dir='ltr'>Σαρδικῇ.</span> 
     </span>
    </p>
   </div>
   <div class='ocr_carea' id='block_1_39' title="bbox 2325 1113 3846 1191">
    <p class='ocr_par' dir='ltr' id='par_1_39' title="bbox 2325 1113 3846 1191">
     <span class='ocr_line' id='line_1_39' title="bbox 2325 1113 3846 1191; baseline 0.003 -21"><span class='ocrx_word' id='word_1_226' title='bbox 2325 1113 2396 1174; x_wconf 87' lang='grc' dir='ltr'>α’.</span> <span class='ocrx_word' id='word_1_227' title='bbox 2445 1115 2896 1188; x_wconf 77' lang='grc' dir='ltr'>Ἀνεξερεύνητος</span> <span class='ocrx_word' id='word_1_228' title='bbox 2965 1120 3263 1183; x_wconf 70' lang='grc' dir='ltr'><strong>ἐπίσκοπος</strong></span> <span class='ocrx_word' id='word_1_229' title='bbox 3319 1121 3381 1174; x_wconf 89' lang='grc' dir='ltr'><strong>ἐκ</strong></span> <span class='ocrx_word' id='word_1_230' title='bbox 3440 1122 3691 1191; x_wconf 77' lang='grc' dir='ltr'><strong>μείζονος</strong></span> <span class='ocrx_word' id='word_1_231' title='bbox 3743 1123 3846 1175; x_wconf 74' lang='grc' dir='ltr'><strong>ἐπὶ</strong></span> 
     </span>
    </p>
   </div>
   <div class='ocr_carea' id='block_1_40' title="bbox 2256 1210 3846 1285">
    <p class='ocr_par' dir='ltr' id='par_1_40' title="bbox 2256 1210 3846 1285">
     <span class='ocr_line' id='line_1_40' title="bbox 2256 1210 3846 1285; baseline 0.003 -23"><span class='ocrx_word' id='word_1_232' title='bbox 2256 1210 2447 1281; x_wconf 88' lang='grc' dir='ltr'>μείονα</span> <span class='ocrx_word' id='word_1_233' title='bbox 2468 1211 2622 1264; x_wconf 85' lang='grc' dir='ltr'>πόλιν</span> <span class='ocrx_word' id='word_1_234' title='bbox 2643 1227 2656 1242; x_wconf 89' lang='grc'><strong>·</strong></span> <span class='ocrx_word' id='word_1_235' title='bbox 2690 1213 2720 1264; x_wconf 90' lang='lat'><strong>6</strong></span> <span class='ocrx_word' id='word_1_236' title='bbox 2746 1211 2928 1264; x_wconf 85' lang='grc' dir='ltr'>τοίνυν</span> <span class='ocrx_word' id='word_1_237' title='bbox 2952 1213 3016 1266; x_wconf 88' lang='grc' dir='ltr'><strong>ἐκ</strong></span> <span class='ocrx_word' id='word_1_238' title='bbox 3049 1215 3318 1284; x_wconf 79' lang='grc' dir='ltr'><strong>ταπεινῆς</strong></span> <span class='ocrx_word' id='word_1_239' title='bbox 3360 1215 3448 1285; x_wconf 78' lang='grc' dir='ltr'>ἐφ’</span> <span class='ocrx_word' id='word_1_240' title='bbox 3496 1215 3846 1285; x_wconf 70' lang='grc' dir='ltr'>ὑψηλοτέραν</span> 
     </span>
    </p>
   </div>
   <div class='ocr_carea' id='block_1_41' title="bbox 2257 1302 3842 1378">
    <p class='ocr_par' dir='ltr' id='par_1_41' title="bbox 2257 1302 3842 1378">
     <span class='ocr_line' id='line_1_41' title="bbox 2257 1302 3842 1378; baseline 0.004 -23"><span class='ocrx_word' id='word_1_241' title='bbox 2257 1303 2608 1372; x_wconf 84' lang='grc' dir='ltr'><strong>μεταπηδῶν,</strong></span> <span class='ocrx_word' id='word_1_242' title='bbox 2641 1302 2720 1366; x_wconf 87' lang='grc' dir='ltr'>ὡς</span> <span class='ocrx_word' id='word_1_243' title='bbox 2745 1303 2962 1368; x_wconf 70' lang='grc' dir='ltr'>ἀλαζὼν</span> <span class='ocrx_word' id='word_1_244' title='bbox 2987 1306 3081 1358; x_wconf 71' lang='grc' dir='ltr'>καὶ</span> <span class='ocrx_word' id='word_1_245' title='bbox 3127 1306 3461 1378; x_wconf 72' lang='grc' dir='ltr'><strong>πλεονέκτης</strong></span> <span class='ocrx_word' id='word_1_246' title='bbox 3525 1308 3842 1362; x_wconf 77' lang='grc' dir='ltr'>ὑποδλεπό-</span> 
     </span>
    </p>
   </div>
   <div class='ocr_carea' id='block_1_42' title="bbox 2255 1393 3376 1467">
    <p class='ocr_par' dir='ltr' id='par_1_42' title="bbox 2255 1393 3376 1467">
     <span class='ocr_line' id='line_1_42' title="bbox 2255 1393 3376 1467; baseline 0.004 -22"><span class='ocrx_word' id='word_1_247' title='bbox 2255 1409 2436 1463; x_wconf 89' lang='grc' dir='ltr'>μενος,</span> <span class='ocrx_word' id='word_1_248' title='bbox 2476 1393 2566 1448; x_wconf 83' lang='grc' dir='ltr'><strong>διὰ</strong></span> <span class='ocrx_word' id='word_1_249' title='bbox 2599 1393 2717 1464; x_wconf 88' lang='grc' dir='ltr'>βίου</span> <span class='ocrx_word' id='word_1_250' title='bbox 2762 1394 2962 1459; x_wconf 80' lang='grc' dir='ltr'>παντὸς</span> <span class='ocrx_word' id='word_1_251' title='bbox 2986 1396 3376 1467; x_wconf 87' lang='grc' dir='ltr'>ἀκοινώνητος.</span> 
     </span>
    </p>
   </div>
   <div class='ocr_carea' id='block_1_43' title="bbox 2325 1567 3840 1644">
    <p class='ocr_par' dir='ltr' id='par_1_43' title="bbox 2325 1567 3840 1644">
     <span class='ocr_line' id='line_1_43' title="bbox 2325 1567 3840 1644; baseline 0.003 -22"><span class='ocrx_word' id='word_1_252' title='bbox 2325 1567 2392 1639; x_wconf 86' lang='grc' dir='ltr'>β’.</span> <span class='ocrx_word' id='word_1_253' title='bbox 2437 1569 2769 1624; x_wconf 86' lang='grc' dir='ltr'>Ἐπισκὸπου</span> <span class='ocrx_word' id='word_1_254' title='bbox 2809 1570 2889 1634; x_wconf 86' lang='grc' dir='ltr'><strong>είς</strong></span> <span class='ocrx_word' id='word_1_255' title='bbox 2923 1570 3077 1623; x_wconf 86' lang='grc' dir='ltr'>πόλιν</span> <span class='ocrx_word' id='word_1_256' title='bbox 3106 1571 3339 1640; x_wconf 80' lang='grc' dir='ltr'>ἄκλητος</span> <span class='ocrx_word' id='word_1_257' title='bbox 3388 1575 3462 1644; x_wconf 77' lang='grc' dir='ltr'>μὴ</span> <span class='ocrx_word' id='word_1_258' title='bbox 3507 1573 3840 1627; x_wconf 79' lang='grc' dir='ltr'>διαϐαινέτω</span> 
     </span>
    </p>
   </div>
   <div class='ocr_carea' id='block_1_44' title="bbox 2253 1658 3838 1730">
    <p class='ocr_par' dir='ltr' id='par_1_44' title="bbox 2253 1658 3838 1730">
     <span class='ocr_line' id='line_1_44' title="bbox 2253 1658 3838 1730; baseline 0.004 -20"><span class='ocrx_word' id='word_1_259' title='bbox 2253 1659 2552 1722; x_wconf 81' lang='grc' dir='ltr'>ἐπίσκοπος</span> <span class='ocrx_word' id='word_1_260' title='bbox 2587 1675 2601 1690; x_wconf 76' lang='grc'><strong><em>⁸</em></strong></span> <span class='ocrx_word' id='word_1_261' title='bbox 2645 1660 2741 1711; x_wconf 83' lang='grc' dir='ltr'>καὶ</span> <span class='ocrx_word' id='word_1_262' title='bbox 2780 1661 2808 1712; x_wconf 97' lang='lat'><strong>6</strong></span> <span class='ocrx_word' id='word_1_263' title='bbox 2845 1658 3194 1730; x_wconf 83' lang='grc' dir='ltr'>ἐπαρχιώτης</span> <span class='ocrx_word' id='word_1_264' title='bbox 3228 1663 3277 1714; x_wconf 85' lang='grc' dir='ltr'><strong>εί</strong></span> <span class='ocrx_word' id='word_1_265' title='bbox 3313 1663 3406 1715; x_wconf 80' lang='grc' dir='ltr'><strong>ἐπί</strong></span> <span class='ocrx_word' id='word_1_266' title='bbox 3442 1680 3495 1716; x_wconf 88' lang='grc' dir='ltr'><strong>τι</strong></span> <span class='ocrx_word' id='word_1_267' title='bbox 3538 1663 3838 1727; x_wconf 73' lang='grc' dir='ltr'>δικάζοιτο,</span> 
     </span>
    </p>
   </div>
   <div class='ocr_carea' id='block_1_45' title="bbox 2252 1750 3839 1827">
    <p class='ocr_par' dir='ltr' id='par_1_45' title="bbox 2252 1750 3839 1827">
     <span class='ocr_line' id='line_1_45' title="bbox 2252 1750 3839 1827; baseline 0.003 -23"><span class='ocrx_word' id='word_1_268' title='bbox 2252 1750 2570 1819; x_wconf 75' lang='grc' dir='ltr'>ἀλλοτρίους</span> <span class='ocrx_word' id='word_1_269' title='bbox 2596 1751 2931 1814; x_wconf 79' lang='grc' dir='ltr'>ἐπισκόπους</span> <span class='ocrx_word' id='word_1_270' title='bbox 2953 1752 3054 1805; x_wconf 75' lang='grc' dir='ltr'><strong>οὑκ</strong></span> <span class='ocrx_word' id='word_1_271' title='bbox 3087 1753 3464 1821; x_wconf 84' lang='grc' dir='ltr'>ἐκκαλέσεται,</span> <span class='ocrx_word' id='word_1_272' title='bbox 3493 1755 3526 1826; x_wconf 76' lang='grc' dir='ltr'>ἡ</span> <span class='ocrx_word' id='word_1_273' title='bbox 3557 1760 3707 1827; x_wconf 65' lang='grc' dir='ltr'>παρὰ</span> <span class='ocrx_word' id='word_1_274' title='bbox 3736 1757 3839 1810; x_wconf 80' lang='grc' dir='ltr'>τοῦ</span> 
     </span>
    </p>
   </div>
   <div class='ocr_carea' id='block_1_46' title="bbox 2264 1840 3562 1912">
    <p class='ocr_par' dir='ltr' id='par_1_46' title="bbox 2264 1840 3562 1912">
     <span class='ocr_line' id='line_1_46' title="bbox 2264 1840 3562 1912; baseline 0.003 -18"><span class='ocrx_word' id='word_1_275' title='bbox 2264 1840 2504 1912; x_wconf 86' lang='grc' dir='ltr'>Ῥώμης,</span> <span class='ocrx_word' id='word_1_276' title='bbox 2544 1844 2592 1894; x_wconf 87' lang='grc' dir='ltr'><strong>εί</strong></span> <span class='ocrx_word' id='word_1_277' title='bbox 2626 1842 2925 1912; x_wconf 84' lang='grc' dir='ltr'>ἐπικρίνοι.</span> <span class='ocrx_word' id='word_1_278' title='bbox 3557 1853 3562 1858; x_wconf 89' lang='grc'><em>”</em></span> 
     </span>
    </p>
   </div>
   <div class='ocr_carea' id='block_1_47' title="bbox 2323 1936 3841 2012">
    <p class='ocr_par' dir='ltr' id='par_1_47' title="bbox 2323 1936 3841 2012">
     <span class='ocr_line' id='line_1_47' title="bbox 2323 1936 3841 2012; baseline 0.005 -25"><span class='ocrx_word' id='word_1_279' title='bbox 2323 1940 2392 2001; x_wconf 89' lang='grc' dir='ltr'>γ’.</span> <span class='ocrx_word' id='word_1_280' title='bbox 2445 1936 2776 1989; x_wconf 85' lang='grc' dir='ltr'>Ἐπισκόπου</span> <span class='ocrx_word' id='word_1_281' title='bbox 2810 1938 3259 2008; x_wconf 81' lang='grc' dir='ltr'>καθαιρεθέντος.</span> <span class='ocrx_word' id='word_1_282' title='bbox 3291 1939 3386 1992; x_wconf 77' lang='grc' dir='ltr'>καὶ</span> <span class='ocrx_word' id='word_1_283' title='bbox 3413 1939 3841 2012; x_wconf 77' lang='grc' dir='ltr'>διαόεόαιουμέ-</span> 
     </span>
    </p>
   </div>
   <div class='ocr_carea' id='block_1_48' title="bbox 2251 2029 3836 2112">
    <p class='ocr_par' dir='ltr' id='par_1_48' title="bbox 2251 2029 3836 2112">
     <span class='ocr_line' id='line_1_48' title="bbox 2251 2029 3836 2112; baseline 0.004 -30"><span class='ocrx_word' id='word_1_284' title='bbox 2251 2045 2344 2082; x_wconf 87' lang='grc' dir='ltr'><strong>νου</strong></span> <span class='ocrx_word' id='word_1_285' title='bbox 2384 2029 2574 2099; x_wconf 80' lang='grc' dir='ltr'>φέρειν</span> <span class='ocrx_word' id='word_1_286' title='bbox 2621 2031 2941 2112; x_wconf 68' lang='grc' dir='ltr'>ἀπολογίαν,</span> <span class='ocrx_word' id='word_1_287' title='bbox 2979 2034 3027 2085; x_wconf 89' lang='grc' dir='ltr'><strong>εί</strong></span> <span class='ocrx_word' id='word_1_288' title='bbox 3079 2034 3154 2104; x_wconf 76' lang='grc' dir='ltr'>μὴ</span> <span class='ocrx_word' id='word_1_289' title='bbox 3183 2035 3211 2086; x_wconf 91' lang='lat'><strong>6</strong></span> <span class='ocrx_word' id='word_1_290' title='bbox 3257 2033 3478 2104; x_wconf 85' lang='grc' dir='ltr'><strong>Ῥώμης</strong></span> <span class='ocrx_word' id='word_1_291' title='bbox 3525 2035 3723 2108; x_wconf 78' lang='grc' dir='ltr'>δρίζοι,</span> <span class='ocrx_word' id='word_1_292' title='bbox 3769 2037 3836 2091; x_wconf 79' lang='grc' dir='ltr'><strong>οὑ</strong></span> 
     </span>
    </p>
   </div>
   <div class='ocr_carea' id='block_1_49' title="bbox 2251 2120 3841 2198">
    <p class='ocr_par' dir='ltr' id='par_1_49' title="bbox 2251 2120 3841 2198">
     <span class='ocr_line' id='line_1_49' title="bbox 2251 2120 3841 2198; baseline 0.004 -24"><span class='ocrx_word' id='word_1_293' title='bbox 2251 2120 2573 2189; x_wconf 76' lang='grc' dir='ltr'>καθίδρυται</span> <span class='ocrx_word' id='word_1_294' title='bbox 2610 2123 2818 2190; x_wconf 74' lang='grc' dir='ltr'>ἕτερος.</span> <span class='ocrx_word' id='word_1_295' title='bbox 2857 2126 3230 2196; x_wconf 83' lang='grc' dir='ltr'>Διασκοπήσει</span> <span class='ocrx_word' id='word_1_296' title='bbox 3271 2126 3380 2198; x_wconf 73' lang='grc' dir='ltr'><strong>γὰρ</strong></span> <span class='ocrx_word' id='word_1_297' title='bbox 3420 2126 3520 2198; x_wconf 80' lang='grc' dir='ltr'>τὴν</span> <span class='ocrx_word' id='word_1_298' title='bbox 3572 2128 3841 2197; x_wconf 80' lang='grc' dir='ltr'>καθαίρε-</span> 
     </span>
    </p>
   </div>
   <div class='ocr_carea' id='block_1_50' title="bbox 2252 2211 3689 2290">
    <p class='ocr_par' dir='ltr' id='par_1_50' title="bbox 2252 2211 3689 2290">
     <span class='ocr_line' id='line_1_50' title="bbox 2252 2211 3689 2290; baseline 0.008 -25"><span class='ocrx_word' id='word_1_299' title='bbox 2252 2229 2338 2266; x_wconf 90' lang='grc' dir='ltr'><strong>σιν</strong></span> <span class='ocrx_word' id='word_1_300' title='bbox 2361 2212 2392 2282; x_wconf 78' lang='grc' dir='ltr'>ἢ</span> <span class='ocrx_word' id='word_1_301' title='bbox 2421 2213 2762 2278; x_wconf 86' lang='grc' dir='ltr'>ἀποστόλοις,</span> <span class='ocrx_word' id='word_1_302' title='bbox 2794 2216 2826 2286; x_wconf 80' lang='grc' dir='ltr'>ἢ</span> <span class='ocrx_word' id='word_1_303' title='bbox 2849 2211 3197 2289; x_wconf 71' lang='grc' dir='ltr'>γράμμασιν.</span> <span class='ocrx_word' id='word_1_304' title='bbox 3685 2285 3689 2290; x_wconf 32' lang='grc'><strong>,</strong></span> 
     </span>
    </p>
   </div>
   <div class='ocr_carea' id='block_1_51' title="bbox 2322 2302 3838 2378">
    <p class='ocr_par' dir='ltr' id='par_1_51' title="bbox 2322 2302 3838 2378">
     <span class='ocr_line' id='line_1_51' title="bbox 2322 2302 3838 2378; baseline 0.009 -23"><span class='ocrx_word' id='word_1_305' title='bbox 2322 2302 2387 2360; x_wconf 92' lang='grc' dir='ltr'>δ’.</span> <span class='ocrx_word' id='word_1_306' title='bbox 2445 2306 2506 2358; x_wconf 79' lang='lat' dir='ltr'><strong>Ei</strong></span> <span class='ocrx_word' id='word_1_307' title='bbox 2553 2305 2662 2357; x_wconf 87' lang='grc' dir='ltr'><strong>τῶν</strong></span> <span class='ocrx_word' id='word_1_308' title='bbox 2715 2307 2922 2360; x_wconf 87' lang='grc' dir='ltr'>λαῖκῶν</span> <span class='ocrx_word' id='word_1_309' title='bbox 2972 2309 3383 2378; x_wconf 74' lang='grc' dir='ltr'>ἐπιζητούντων</span> <span class='ocrx_word' id='word_1_310' title='bbox 3421 2312 3744 2377; x_wconf 88' lang='grc' dir='ltr'>ἐπίσκοπον,</span> <span class='ocrx_word' id='word_1_311' title='bbox 3782 2317 3838 2369; x_wconf 75' lang='lat' dir='ltr'><strong>oi</strong></span> 
     </span>
    </p>
   </div>
   <div class='ocr_carea' id='block_1_52' title="bbox 2249 2395 3845 2478">
    <p class='ocr_par' dir='ltr' id='par_1_52' title="bbox 2249 2395 3845 2478">
     <span class='ocr_line' id='line_1_52' title="bbox 2249 2395 3845 2478; baseline 0.008 -30"><span class='ocrx_word' id='word_1_312' title='bbox 2249 2395 2539 2448; x_wconf 73' lang='grc' dir='ltr'>ἐπίσκοποι</span> <span class='ocrx_word' id='word_1_313' title='bbox 2584 2399 3068 2468; x_wconf 76' lang='grc' dir='ltr'>παρουσιάζουσιν,</span> <span class='ocrx_word' id='word_1_314' title='bbox 3103 2395 3185 2465; x_wconf 74' lang='grc' dir='ltr'><strong>εἷς</strong></span> <span class='ocrx_word' id='word_1_315' title='bbox 3212 2402 3268 2456; x_wconf 76' lang='grc' dir='ltr'><strong>δέ</strong></span> <span class='ocrx_word' id='word_1_316' title='bbox 3299 2420 3383 2467; x_wconf 89' lang='grc' dir='ltr'><strong>τις</strong></span> <span class='ocrx_word' id='word_1_317' title='bbox 3417 2404 3674 2472; x_wconf 74' lang='grc' dir='ltr'>ἐλλείποι,</span> <span class='ocrx_word' id='word_1_318' title='bbox 3701 2425 3845 2478; x_wconf 64' lang='grc' dir='ltr'>προ.</span> 
     </span>
    </p>
   </div>
   <div class='ocr_carea' id='block_1_53' title="bbox 2250 2487 3842 2568">
    <p class='ocr_par' dir='ltr' id='par_1_53' title="bbox 2250 2487 3842 2568">
     <span class='ocr_line' id='line_1_53' title="bbox 2250 2487 3842 2568; baseline 0.008 -28"><span class='ocrx_word' id='word_1_319' title='bbox 2250 2487 2523 2542; x_wconf 76' lang='grc' dir='ltr'>καλείσθω</span> <span class='ocrx_word' id='word_1_320' title='bbox 2581 2491 2832 2554; x_wconf 84' lang='grc' dir='ltr'>κάκεῖνος</span> <span class='ocrx_word' id='word_1_321' title='bbox 2888 2507 2903 2522; x_wconf 85' lang='grc'><strong>·</strong></span> <span class='ocrx_word' id='word_1_322' title='bbox 2962 2493 3010 2555; x_wconf 83' lang='grc' dir='ltr'><strong>εί</strong></span> <span class='ocrx_word' id='word_1_323' title='bbox 3063 2492 3121 2545; x_wconf 81' lang='grc' dir='ltr'>δὲ</span> <span class='ocrx_word' id='word_1_324' title='bbox 3182 2495 3661 2568; x_wconf 83' lang='grc' dir='ltr'>προσκαλούμενος</span> <span class='ocrx_word' id='word_1_325' title='bbox 3707 2498 3842 2552; x_wconf 77' lang='grc' dir='ltr'>οὔτέ</span> 
     </span>
    </p>
   </div>
   <div class='ocr_carea' id='block_1_54' title="bbox 2251 2580 3837 2662">
    <p class='ocr_par' dir='ltr' id='par_1_54' title="bbox 2251 2580 3837 2662">
     <span class='ocr_line' id='line_1_54' title="bbox 2251 2580 3837 2662; baseline 0.009 -31"><span class='ocrx_word' id='word_1_326' title='bbox 2251 2580 2510 2651; x_wconf 73' lang='grc' dir='ltr'>γράφειν,</span> <span class='ocrx_word' id='word_1_327' title='bbox 2548 2580 2670 2634; x_wconf 78' lang='grc' dir='ltr'>οὗτε</span> <span class='ocrx_word' id='word_1_328' title='bbox 2710 2584 2965 2654; x_wconf 80' lang='grc' dir='ltr'>ἐνδημεῖν</span> <span class='ocrx_word' id='word_1_329' title='bbox 3001 2584 3270 2655; x_wconf 86' lang='grc' dir='ltr'>βούλοιτο,</span> <span class='ocrx_word' id='word_1_330' title='bbox 3297 2589 3326 2641; x_wconf 91' lang='lat'><strong>6</strong></span> <span class='ocrx_word' id='word_1_331' title='bbox 3356 2588 3685 2660; x_wconf 73' lang='grc' dir='ltr'>ζητούμενος</span> <span class='ocrx_word' id='word_1_332' title='bbox 3715 2609 3837 2662; x_wconf 83' lang='grc' dir='ltr'>χει-</span> 
     </span>
    </p>
   </div>
   <div class='ocr_carea' id='block_1_55' title="bbox 2252 2673 2597 2742">
    <p class='ocr_par' dir='ltr' id='par_1_55' title="bbox 2252 2673 2597 2742">
     <span class='ocr_line' id='line_1_55' title="bbox 2252 2673 2597 2742; baseline 0.012 -19"><span class='ocrx_word' id='word_1_333' title='bbox 2252 2673 2597 2742; x_wconf 86' lang='grc' dir='ltr'>ροτονείσθω.</span> 
     </span>
    </p>
   </div>
   <div class='ocr_carea' id='block_1_56' title="bbox 2320 2765 3842 2848">
    <p class='ocr_par' dir='ltr' id='par_1_56' title="bbox 2320 2765 3842 2848">
     <span class='ocr_line' id='line_1_56' title="bbox 2320 2765 3842 2848; baseline 0.01 -31"><span class='ocrx_word' id='word_1_334' title='bbox 2320 2770 2382 2817; x_wconf 83' lang='grc' dir='ltr'>ε’.</span> <span class='ocrx_word' id='word_1_335' title='bbox 2417 2765 2836 2836; x_wconf 84' lang='grc' dir='ltr'>Μητροπολίτου</span> <span class='ocrx_word' id='word_1_336' title='bbox 2871 2770 3299 2842; x_wconf 77' lang='grc' dir='ltr'>καθισταμένου.</span> <span class='ocrx_word' id='word_1_337' title='bbox 3329 2773 3425 2827; x_wconf 75' lang='grc' dir='ltr'>καὶ</span> <span class='ocrx_word' id='word_1_338' title='bbox 3453 2775 3502 2828; x_wconf 81' lang='lat' dir='ltr'><strong>oi</strong></span> <span class='ocrx_word' id='word_1_339' title='bbox 3525 2775 3842 2848; x_wconf 84' lang='grc' dir='ltr'>πλησιόχω-</span> 
     </span>
    </p>
   </div>
   <div class='ocr_carea' id='block_1_57' title="bbox 2203 2856 3023 2925">
    <p class='ocr_par' dir='ltr' id='par_1_57' title="bbox 2203 2856 3023 2925">
     <span class='ocr_line' id='line_1_57' title="bbox 2203 2856 3023 2925; baseline 0.011 -20"><span class='ocrx_word' id='word_1_340' title='bbox 2203 2882 2212 2885; x_wconf 91' lang='grc'><strong>--</strong></span> <span class='ocrx_word' id='word_1_341' title='bbox 2251 2870 2336 2924; x_wconf 88' lang='grc' dir='ltr'><strong>ροι</strong></span> <span class='ocrx_word' id='word_1_342' title='bbox 2372 2856 2754 2925; x_wconf 82' lang='grc' dir='ltr'>μετάπεμπτοι</span> <span class='ocrx_word' id='word_1_343' title='bbox 2787 2856 3023 2914; x_wconf 76' lang='grc' dir='ltr'>ἔσοιντο.</span> 
     </span>
    </p>
   </div>
   <div class='ocr_carea' id='block_1_58' title="bbox 2323 2948 3842 3032">
    <p class='ocr_par' dir='ltr' id='par_1_58' title="bbox 2323 2948 3842 3032">
     <span class='ocr_line' id='line_1_58' title="bbox 2323 2948 3842 3032; baseline 0.006 -28"><span class='ocrx_word' id='word_1_344' title='bbox 2323 2953 2396 3011; x_wconf 83' lang='grc' dir='ltr'>ς’.</span> <span class='ocrx_word' id='word_1_345' title='bbox 2432 2948 2525 3012; x_wconf 68' lang='lat' dir='ltr'><strong>Ei;</strong></span> <span class='ocrx_word' id='word_1_346' title='bbox 2557 2949 2746 3020; x_wconf 82' lang='grc' dir='ltr'>ὀλίγην</span> <span class='ocrx_word' id='word_1_347' title='bbox 2775 2951 2950 3018; x_wconf 87' lang='grc' dir='ltr'>πόλιν,</span> <span class='ocrx_word' id='word_1_348' title='bbox 2983 2952 3079 3006; x_wconf 78' lang='grc' dir='ltr'>καὶ</span> <span class='ocrx_word' id='word_1_349' title='bbox 3113 2952 3328 3025; x_wconf 85' lang='grc' dir='ltr'>κώμην,</span> <span class='ocrx_word' id='word_1_350' title='bbox 3358 2949 3394 3032; x_wconf 79' lang='grc' dir='ltr'>ᾖ</span> <span class='ocrx_word' id='word_1_351' title='bbox 3439 2957 3534 3012; x_wconf 76' lang='grc' dir='ltr'>καὶ</span> <span class='ocrx_word' id='word_1_352' title='bbox 3577 2953 3659 3023; x_wconf 75' lang='grc' dir='ltr'><strong>εἷς</strong></span> <span class='ocrx_word' id='word_1_353' title='bbox 3696 2961 3842 3014; x_wconf 82' lang='grc' dir='ltr'>αὑτ-</span> 
     </span>
    </p>
   </div>
   <div class='ocr_carea' id='block_1_59' title="bbox 578 3032 2149 3117">
    <p class='ocr_par' dir='ltr' id='par_1_59' title="bbox 578 3035 2143 3117">
     <span class='ocr_line' id='line_1_59' title="bbox 578 3035 2143 3117; baseline 0.007 -26"><span class='ocrx_word' id='word_1_354' title='bbox 578 3035 782 3107; x_wconf 79' lang='lat' dir='ltr'><strong>s‘byter,</strong></span> <span class='ocrx_word' id='word_1_355' title='bbox 813 3035 1099 3105; x_wconf 75' lang='lat' dir='ltr'><strong>episcopus</strong></span> <span class='ocrx_word' id='word_1_356' title='bbox 1135 3053 1243 3093; x_wconf 92' lang='lat' dir='ltr'><strong>non</strong></span> <span class='ocrx_word' id='word_1_357' title='bbox 1268 3042 1622 3096; x_wconf 87' lang='lat' dir='ltr'><strong>constituitur</strong></span> <span class='ocrx_word' id='word_1_358' title='bbox 1652 3061 1666 3097; x_wconf 90' lang='lat'><strong>:</strong></span> <span class='ocrx_word' id='word_1_359' title='bbox 1707 3045 1754 3100; x_wconf 89' lang='lat' dir='ltr'><strong>si</strong></span> <span class='ocrx_word' id='word_1_360' title='bbox 1783 3061 1916 3101; x_wconf 81' lang='lat' dir='ltr'><strong>vero</strong></span> <span class='ocrx_word' id='word_1_361' title='bbox 1946 3049 2143 3117; x_wconf 90' lang='lat' dir='ltr'><strong>populo</strong></span> 
     </span>
    </p>
   </div>
   <div class='ocr_carea' id='block_1_60' title="bbox 2281 3032 3844 3117">
    <p class='ocr_par' dir='ltr' id='par_1_60' title="bbox 2286 3041 3844 3112">
     <span class='ocr_line' id='line_1_60' title="bbox 2286 3041 3844 3112; baseline 0.009 -20"><span class='ocrx_word' id='word_1_362' title='bbox 2286 3058 2426 3109; x_wconf 91' lang='grc' dir='ltr'>ρκης</span> <span class='ocrx_word' id='word_1_363' title='bbox 2473 3041 2876 3112; x_wconf 75' lang='grc' dir='ltr'>πρεσϐύτερος,</span> <span class='ocrx_word' id='word_1_364' title='bbox 2917 3046 3218 3110; x_wconf 81' lang='grc' dir='ltr'>ἐπίσκοπος</span> <span class='ocrx_word' id='word_1_365' title='bbox 3285 3049 3348 3102; x_wconf 90' lang='grc' dir='ltr'>οὑ</span> <span class='ocrx_word' id='word_1_366' title='bbox 3388 3050 3746 3108; x_wconf 84' lang='grc' dir='ltr'>καθίσταται·</span> <span class='ocrx_word' id='word_1_367' title='bbox 3786 3054 3844 3106; x_wconf 80' lang='grc' dir='ltr'>ει</span> 
     </span>
    </p>
   </div>
   <div class='ocr_carea' id='block_1_61' title="bbox 575 3124 2139 3213">
    <p class='ocr_par' dir='ltr' id='par_1_61' title="bbox 575 3124 2139 3213">
     <span class='ocr_line' id='line_1_61' title="bbox 575 3124 2139 3213; baseline 0.013 -35"><span class='ocrx_word' id='word_1_368' title='bbox 575 3124 1012 3196; x_wconf 77' lang='lat' dir='ltr'><strong>frequentissima</strong></span> <span class='ocrx_word' id='word_1_369' title='bbox 1043 3129 1114 3182; x_wconf 86' lang='lat' dir='ltr'><strong>sit</strong></span> <span class='ocrx_word' id='word_1_370' title='bbox 1147 3129 1298 3196; x_wconf 83' lang='lat' dir='ltr'><strong>urbs,</strong></span> <span class='ocrx_word' id='word_1_371' title='bbox 1332 3146 1441 3186; x_wconf 91' lang='lat' dir='ltr'><strong>non</strong></span> <span class='ocrx_word' id='word_1_372' title='bbox 1471 3134 1688 3206; x_wconf 70' lang='lat' dir='ltr'><strong>indigna</strong></span> <span class='ocrx_word' id='word_1_373' title='bbox 1729 3147 1815 3192; x_wconf 87' lang='lat' dir='ltr'><strong>est</strong></span> <span class='ocrx_word' id='word_1_374' title='bbox 1857 3142 2139 3213; x_wconf 88' lang='lat' dir='ltr'><strong>episc0po.</strong></span> 
     </span>
    </p>
   </div>
   <div class='ocr_carea' id='block_1_62' title="bbox 648 3235 2148 3317">
    <p class='ocr_par' dir='ltr' id='par_1_62' title="bbox 648 3235 2148 3317">
     <span class='ocr_line' id='line_1_62' title="bbox 648 3235 2148 3317; baseline 0.01 -22"><span class='ocrx_word' id='word_1_375' title='bbox 648 3241 700 3295; x_wconf 86' lang='lat'><strong>7.</strong></span> <span class='ocrx_word' id='word_1_376' title='bbox 739 3239 798 3295; x_wconf 87' lang='lat' dir='ltr'><strong>Si</strong></span> <span class='ocrx_word' id='word_1_377' title='bbox 819 3240 1077 3311; x_wconf 86' lang='lat' dir='ltr'><strong>pupillus,</strong></span> <span class='ocrx_word' id='word_1_378' title='bbox 1103 3235 1158 3299; x_wconf 87' lang='lat' dir='ltr'><strong>et</strong></span> <span class='ocrx_word' id='word_1_379' title='bbox 1193 3245 1379 3312; x_wconf 83' lang='lat' dir='ltr'><strong>vidua,</strong></span> <span class='ocrx_word' id='word_1_380' title='bbox 1412 3257 1465 3301; x_wconf 91' lang='lat' dir='ltr'><strong>et</strong></span> <span class='ocrx_word' id='word_1_381' title='bbox 1510 3250 1602 3317; x_wconf 90' lang='lat' dir='ltr'><strong>qui</strong></span> <span class='ocrx_word' id='word_1_382' title='bbox 1650 3259 1828 3307; x_wconf 92' lang='lat' dir='ltr'><strong>tutore</strong></span> <span class='ocrx_word' id='word_1_383' title='bbox 1869 3265 2040 3317; x_wconf 86' lang='lat' dir='ltr'><strong>caret,</strong></span> <span class='ocrx_word' id='word_1_384' title='bbox 2097 3255 2148 3310; x_wconf 81' lang='lat' dir='ltr'><strong>vi</strong></span> 
     </span>
    </p>
   </div>
   <div class='ocr_carea' id='block_1_63' title="bbox 577 3331 2148 3415">
    <p class='ocr_par' dir='ltr' id='par_1_63' title="bbox 577 3331 2148 3415">
     <span class='ocr_line' id='line_1_63' title="bbox 577 3331 2148 3415; baseline 0.013 -32"><span class='ocrx_word' id='word_1_385' title='bbox 577 3331 982 3400; x_wconf 87' lang='lat' dir='ltr'><strong>opprimantur,</strong></span> <span class='ocrx_word' id='word_1_386' title='bbox 1038 3334 1106 3390; x_wconf 91' lang='lat' dir='ltr'><strong>iis</strong></span> <span class='ocrx_word' id='word_1_387' title='bbox 1155 3338 1435 3406; x_wconf 86' lang='lat' dir='ltr'><strong>suppetias</strong></span> <span class='ocrx_word' id='word_1_388' title='bbox 1483 3337 1625 3394; x_wconf 79' lang='lat' dir='ltr'><strong>feret</strong></span> <span class='ocrx_word' id='word_1_389' title='bbox 1673 3343 1989 3415; x_wconf 88' lang='lat' dir='ltr'><strong>episc0pus.</strong></span> <span class='ocrx_word' id='word_1_390' title='bbox 2043 3347 2148 3403; x_wconf 84' lang='lat' dir='ltr'><strong>.Ve-</strong></span> 
     </span>
    </p>
   </div>
   <div class='ocr_carea' id='block_1_64' title="bbox 580 3425 2149 3510">
    <p class='ocr_par' dir='ltr' id='par_1_64' title="bbox 580 3425 2149 3510">
     <span class='ocr_line' id='line_1_64' title="bbox 580 3425 2149 3510; baseline 0.013 -34"><span class='ocrx_word' id='word_1_391' title='bbox 580 3432 882 3478; x_wconf 83' lang='lat' dir='ltr'><strong>rumtamen</strong></span> <span class='ocrx_word' id='word_1_392' title='bbox 913 3439 981 3480; x_wconf 87' lang='lat' dir='ltr'><strong>ne</strong></span> <span class='ocrx_word' id='word_1_393' title='bbox 1010 3425 1279 3496; x_wconf 84' lang='lat' dir='ltr'><strong>ejusmodi</strong></span> <span class='ocrx_word' id='word_1_394' title='bbox 1315 3439 1578 3499; x_wconf 67' lang='lat' dir='ltr'><strong>praetextu</strong></span> <span class='ocrx_word' id='word_1_395' title='bbox 1610 3433 1668 3488; x_wconf 89' lang='lat' dir='ltr'><strong>in</strong></span> <span class='ocrx_word' id='word_1_396' title='bbox 1687 3437 1947 3491; x_wconf 87' lang='lat' dir='ltr'><strong>comitatu</strong></span> <span class='ocrx_word' id='word_1_397' title='bbox 1999 3442 2149 3510; x_wconf 74' lang='lat' dir='ltr'><strong>regio</strong></span> 
     </span>
    </p>
   </div>
   <div class='ocr_carea' id='block_1_65' title="bbox 579 3517 1808 3588">
    <p class='ocr_par' dir='ltr' id='par_1_65' title="bbox 579 3517 1808 3588">
     <span class='ocr_line' id='line_1_65' title="bbox 579 3517 1808 3588; baseline 0.014 -21"><span class='ocrx_word' id='word_1_398' title='bbox 579 3524 848 3580; x_wconf 75' lang='lat' dir='ltr'><strong>versetur,</strong></span> <span class='ocrx_word' id='word_1_399' title='bbox 879 3517 1010 3587; x_wconf 89' lang='lat' dir='ltr'><strong>quin</strong></span> <span class='ocrx_word' id='word_1_400' title='bbox 1039 3519 1222 3588; x_wconf 88' lang='lat' dir='ltr'><strong>potius</strong></span> <span class='ocrx_word' id='word_1_401' title='bbox 1251 3520 1511 3578; x_wconf 87' lang='lat' dir='ltr'><strong>diaconus</strong></span> <span class='ocrx_word' id='word_1_402' title='bbox 1540 3526 1808 3584; x_wconf 84' lang='lat' dir='ltr'><strong>mittatur.</strong></span> 
     </span>
    </p>
   </div>
   <div class='ocr_carea' id='block_1_66' title="bbox 650 3604 2147 3687">
    <p class='ocr_par' dir='ltr' id='par_1_66' title="bbox 650 3604 2147 3687">
     <span class='ocr_line' id='line_1_66' title="bbox 650 3604 2147 3687; baseline 0.013 -27"><span class='ocrx_word' id='word_1_403' title='bbox 650 3605 705 3660; x_wconf 90' lang='lat'><strong>8.</strong></span> <span class='ocrx_word' id='word_1_404' title='bbox 739 3604 809 3662; x_wconf 85' lang='lat' dir='ltr'><strong>lis</strong></span> <span class='ocrx_word' id='word_1_405' title='bbox 840 3607 931 3676; x_wconf 87' lang='lat' dir='ltr'><strong>qui</strong></span> <span class='ocrx_word' id='word_1_406' title='bbox 960 3609 1027 3664; x_wconf 89' lang='lat' dir='ltr'><strong>ad</strong></span> <span class='ocrx_word' id='word_1_407' title='bbox 1054 3609 1353 3666; x_wconf 74' lang='lat' dir='ltr'><strong>Ecclesium</strong></span> <span class='ocrx_word' id='word_1_408' title='bbox 1383 3614 1706 3687; x_wconf 77' lang='lat' dir='ltr'><strong>confugiunt</strong></span> <span class='ocrx_word' id='word_1_409' title='bbox 1743 3621 1871 3676; x_wconf 92' lang='lat' dir='ltr'><strong>totis</strong></span> <span class='ocrx_word' id='word_1_410' title='bbox 1935 3624 2147 3681; x_wconf 85' lang='lat' dir='ltr'><strong>viribus</strong></span> 
     </span>
    </p>
   </div>
   <div class='ocr_carea' id='block_1_67' title="bbox 579 3696 1030 3753">
    <p class='ocr_par' dir='ltr' id='par_1_67' title="bbox 579 3696 1030 3753">
     <span class='ocr_line' id='line_1_67' title="bbox 579 3696 1030 3753; baseline 0.007 -4"><span class='ocrx_word' id='word_1_411' title='bbox 579 3696 1030 3753; x_wconf 87' lang='lat' dir='ltr'><strong>succurrendum.</strong></span> 
     </span>
    </p>
   </div>
   <div class='ocr_carea' id='block_1_68' title="bbox 649 3785 2152 3872">
    <p class='ocr_par' dir='ltr' id='par_1_68' title="bbox 649 3785 2152 3872">
     <span class='ocr_line' id='line_1_68' title="bbox 649 3785 2152 3872; baseline 0.014 -30"><span class='ocrx_word' id='word_1_412' title='bbox 649 3785 702 3842; x_wconf 88' lang='lat'><strong>9.</strong></span> <span class='ocrx_word' id='word_1_413' title='bbox 729 3785 785 3841; x_wconf 90' lang='lat' dir='ltr'><strong>Si</strong></span> <span class='ocrx_word' id='word_1_414' title='bbox 827 3787 997 3842; x_wconf 80' lang='lat' dir='ltr'><strong>frater</strong></span> <span class='ocrx_word' id='word_1_415' title='bbox 1035 3787 1104 3844; x_wconf 81' lang='lat' dir='ltr'><strong>sd</strong></span> <span class='ocrx_word' id='word_1_416' title='bbox 1168 3788 1390 3848; x_wconf 78' lang='lat' dir='ltr'><strong>fratrem</strong></span> <span class='ocrx_word' id='word_1_417' title='bbox 1443 3795 1646 3861; x_wconf 83' lang='lat' dir='ltr'><strong>mittat,</strong></span> <span class='ocrx_word' id='word_1_418' title='bbox 1700 3803 2152 3872; x_wconf 81' lang='lat' dir='ltr'><strong>metropolitanus</strong></span> 
     </span>
    </p>
   </div>
   <div class='ocr_carea' id='block_1_69' title="bbox 579 3878 2148 3966">
    <p class='ocr_par' dir='ltr' id='par_1_69' title="bbox 579 3878 2148 3966">
     <span class='ocr_line' id='line_1_69' title="bbox 579 3878 2148 3966; baseline 0.015 -35"><span class='ocrx_word' id='word_1_419' title='bbox 579 3878 829 3932; x_wconf 88' lang='lat' dir='ltr'><strong>nuntium</strong></span> <span class='ocrx_word' id='word_1_420' title='bbox 868 3878 1067 3934; x_wconf 84' lang='lat' dir='ltr'><strong>litteris</strong></span> <span class='ocrx_word' id='word_1_421' title='bbox 1109 3883 1222 3936; x_wconf 85' lang='lat' dir='ltr'><strong>suis</strong></span> <span class='ocrx_word' id='word_1_422' title='bbox 1273 3885 1503 3949; x_wconf 88' lang='lat' dir='ltr'><strong>muniat,</strong></span> <span class='ocrx_word' id='word_1_423' title='bbox 1565 3891 1875 3962; x_wconf 76' lang='lat' dir='ltr'><strong>scribstque</strong></span> <span class='ocrx_word' id='word_1_424' title='bbox 1919 3898 1987 3950; x_wconf 88' lang='lat' dir='ltr'><strong>ad</strong></span> <span class='ocrx_word' id='word_1_425' title='bbox 2035 3913 2148 3966; x_wconf 87' lang='lat' dir='ltr'><strong>eos,</strong></span> 
     </span>
    </p>
   </div>
   <div class='ocr_carea' id='block_1_70' title="bbox 576 3964 1905 4056">
    <p class='ocr_par' dir='ltr' id='par_1_70' title="bbox 576 3964 1905 4056">
     <span class='ocr_line' id='line_1_70' title="bbox 576 3964 1905 4056; baseline 0.014 -33"><span class='ocrx_word' id='word_1_426' title='bbox 576 3985 714 4039; x_wconf 86' lang='lat' dir='ltr'><strong>quos</strong></span> <span class='ocrx_word' id='word_1_427' title='bbox 742 3972 1029 4042; x_wconf 85' lang='lat' dir='ltr'><strong>episcopus</strong></span> <span class='ocrx_word' id='word_1_428' title='bbox 1059 3964 1213 4045; x_wconf 66' lang='lat' dir='ltr'><strong>rogat</strong></span> <span class='ocrx_word' id='word_1_429' title='bbox 1244 3985 1301 4030; x_wconf 90' lang='lat' dir='ltr'><strong>ut</strong></span> <span class='ocrx_word' id='word_1_430' title='bbox 1325 3980 1578 4036; x_wconf 84' lang='lat' dir='ltr'><strong>nuntium</strong></span> <span class='ocrx_word' id='word_1_431' title='bbox 1602 3993 1905 4056; x_wconf 72' lang='lat' dir='ltr'><strong>protegant.</strong></span> 
     </span>
    </p>
   </div>
   <div class='ocr_carea' id='block_1_71' title="bbox 649 4146 2154 4239">
    <p class='ocr_par' dir='ltr' id='par_1_71' title="bbox 649 4146 2154 4239">
     <span class='ocr_line' id='line_1_71' title="bbox 649 4146 2154 4239; baseline 0.013 -36"><span class='ocrx_word' id='word_1_432' title='bbox 649 4146 736 4203; x_wconf 80' lang='grc'><strong>10.</strong></span> <span class='ocrx_word' id='word_1_433' title='bbox 762 4147 1039 4216; x_wconf 85' lang='lat' dir='ltr'><strong>Forensis,</strong></span> <span class='ocrx_word' id='word_1_434' title='bbox 1086 4151 1469 4216; x_wconf 80' lang='lat' dir='ltr'><strong>scholasticus.</strong></span> <span class='ocrx_word' id='word_1_435' title='bbox 1530 4168 1624 4213; x_wconf 87' lang='lat' dir='ltr'><strong>aut</strong></span> <span class='ocrx_word' id='word_1_436' title='bbox 1682 4161 1833 4218; x_wconf 72' lang='lat' dir='ltr'><strong>dives</strong></span> <span class='ocrx_word' id='word_1_437' title='bbox 1891 4165 1997 4222; x_wconf 84' lang='lat' dir='ltr'><strong>nisi</strong></span> <span class='ocrx_word' id='word_1_438' title='bbox 2055 4183 2154 4239; x_wconf 89' lang='lat' dir='ltr'><strong>per</strong></span> 
     </span>
    </p>
   </div>
   <div class='ocr_carea' id='block_1_72' title="bbox 577 4242 2146 4330">
    <p class='ocr_par' dir='ltr' id='par_1_72' title="bbox 577 4242 2146 4330">
     <span class='ocr_line' id='line_1_72' title="bbox 577 4242 2146 4330; baseline 0.015 -36"><span class='ocrx_word' id='word_1_439' title='bbox 577 4257 766 4296; x_wconf 83' lang='lat' dir='ltr'><strong>sacros</strong></span> <span class='ocrx_word' id='word_1_440' title='bbox 796 4242 1015 4299; x_wconf 88' lang='lat' dir='ltr'><strong>ordines</strong></span> <span class='ocrx_word' id='word_1_441' title='bbox 1060 4246 1356 4314; x_wconf 83' lang='lat' dir='ltr'><strong>transierit,</strong></span> <span class='ocrx_word' id='word_1_442' title='bbox 1415 4263 1522 4303; x_wconf 89' lang='lat' dir='ltr'><strong>non</strong></span> <span class='ocrx_word' id='word_1_443' title='bbox 1577 4250 1794 4308; x_wconf 82' lang='lat' dir='ltr'><strong>c&#39;reatnr</strong></span> <span class='ocrx_word' id='word_1_444' title='bbox 1837 4259 2146 4330; x_wconf 78' lang='lat' dir='ltr'><strong>episcopus.</strong></span> 
     </span>
    </p>
   </div>
   <div class='ocr_carea' id='block_1_73' title="bbox 575 4332 2147 4421">
    <p class='ocr_par' dir='ltr' id='par_1_73' title="bbox 575 4332 2147 4421">
     <span class='ocr_line' id='line_1_73' title="bbox 575 4332 2147 4421; baseline 0.012 -32"><span class='ocrx_word' id='word_1_445' title='bbox 575 4332 852 4390; x_wconf 84' lang='lat' dir='ltr'><strong>Graduum</strong></span> <span class='ocrx_word' id='word_1_446' title='bbox 883 4345 1061 4390; x_wconf 85' lang='lat' dir='ltr'><strong>autem</strong></span> <span class='ocrx_word' id='word_1_447' title='bbox 1098 4336 1450 4395; x_wconf 86' lang='lat' dir='ltr'><strong>interstitium</strong></span> <span class='ocrx_word' id='word_1_448' title='bbox 1505 4357 1576 4399; x_wconf 88' lang='lat' dir='ltr'><strong>ne</strong></span> <span class='ocrx_word' id='word_1_449' title='bbox 1633 4346 1794 4402; x_wconf 85' lang='lat' dir='ltr'><strong>nimis</strong></span> <span class='ocrx_word' id='word_1_450' title='bbox 1841 4349 2007 4405; x_wconf 64' lang='lat' dir='ltr'><strong>breve</strong></span> <span class='ocrx_word' id='word_1_451' title='bbox 2055 4354 2147 4421; x_wconf 87' lang='lat' dir='ltr'><strong>sit,</strong></span> 
     </span>
    </p>
   </div>
   <div class='ocr_carea' id='block_1_74' title="bbox 577 4422 2152 4513">
    <p class='ocr_par' dir='ltr' id='par_1_74' title="bbox 577 4422 2152 4513">
     <span class='ocr_line' id='line_1_74' title="bbox 577 4422 2152 4513; baseline 0.015 -37"><span class='ocrx_word' id='word_1_452' title='bbox 577 4440 684 4494; x_wconf 90' lang='lat' dir='ltr'><strong>quo</strong></span> <span class='ocrx_word' id='word_1_453' title='bbox 713 4424 887 4495; x_wconf 83' lang='lat' dir='ltr'><strong>major</strong></span> <span class='ocrx_word' id='word_1_454' title='bbox 916 4422 1043 4482; x_wconf 75' lang='lat' dir='ltr'><strong>ﬁdei</strong></span> <span class='ocrx_word' id='word_1_455' title='bbox 1095 4443 1418 4501; x_wconf 88' lang='lat' dir='ltr'><strong>morumque</strong></span> <span class='ocrx_word' id='word_1_456' title='bbox 1452 4435 1737 4504; x_wconf 89' lang='lat' dir='ltr'><strong>probitatis</strong></span> <span class='ocrx_word' id='word_1_457' title='bbox 1793 4442 1910 4510; x_wconf 85' lang='lat' dir='ltr'><strong>ejus</strong></span> <span class='ocrx_word' id='word_1_458' title='bbox 1959 4443 2152 4513; x_wconf 84' lang='lat' dir='ltr'><strong>proba-</strong></span> 
     </span>
    </p>
   </div>
   <div class='ocr_carea' id='block_1_75' title="bbox 580 4516 2148 4602">
    <p class='ocr_par' dir='ltr' id='par_1_75' title="bbox 580 4516 2148 4602">
     <span class='ocr_line' id='line_1_75' title="bbox 580 4516 2148 4602; baseline 0.013 -32"><span class='ocrx_word' id='word_1_459' title='bbox 580 4516 890 4572; x_wconf 51' lang='lat' dir='ltr'><strong>tio&#39;haberi</strong></span> <span class='ocrx_word' id='word_1_460' title='bbox 941 4517 1138 4594; x_wconf 85' lang='lat' dir='ltr'><strong>possit.</strong></span> <span class='ocrx_word' id='word_1_461' title='bbox 1188 4519 1292 4590; x_wconf 85' lang='lat' dir='ltr'><strong>Qui</strong></span> <span class='ocrx_word' id='word_1_462' title='bbox 1351 4526 1498 4579; x_wconf 87' lang='lat' dir='ltr'><strong>enim</strong></span> <span class='ocrx_word' id='word_1_463' title='bbox 1561 4528 1722 4584; x_wconf 79' lang='lat' dir='ltr'><strong>aliter</strong></span> <span class='ocrx_word' id='word_1_464' title='bbox 1770 4527 2148 4602; x_wconf 83' lang='lat' dir='ltr'><strong>constituitur,</strong></span> 
     </span>
    </p>
   </div>
   <div class='ocr_carea' id='block_1_76' title="bbox 580 4601 2140 4678">
    <p class='ocr_par' dir='ltr' id='par_1_76' title="bbox 580 4601 2140 4678">
     <span class='ocr_line' id='line_1_76' title="bbox 580 4601 2140 4678; baseline 0.022 -19"><span class='ocrx_word' id='word_1_465' title='bbox 580 4601 883 4678; x_wconf 85' lang='lat' dir='ltr'><strong>ncophytus</strong></span> <span class='ocrx_word' id='word_1_466' title='bbox 921 4621 1028 4669; x_wconf 82' lang='lat' dir='ltr'><strong>est.</strong></span> <span class='ocrx_word' id='word_1_467' title='bbox 2117 4601 2140 4669; x_wconf 14' lang='lat'><strong>‘7</strong></span> 
     </span>
    </p>
   </div>
   <div class='ocr_carea' id='block_1_77' title="bbox 650 4699 2152 4792">
    <p class='ocr_par' dir='ltr' id='par_1_77' title="bbox 650 4699 2152 4792">
     <span class='ocr_line' id='line_1_77' title="bbox 650 4699 2152 4792; baseline 0.014 -39"><span class='ocrx_word' id='word_1_468' title='bbox 650 4699 1062 4773; x_wconf 79' lang='lat' dir='ltr'><strong>ll.Episcopus</strong></span> <span class='ocrx_word' id='word_1_469' title='bbox 1086 4705 1154 4758; x_wconf 85' lang='lat' dir='ltr'><strong>ah</strong></span> <span class='ocrx_word' id='word_1_470' title='bbox 1184 4707 1437 4777; x_wconf 88' lang='lat' dir='ltr'><strong>episcopo</strong></span> <span class='ocrx_word' id='word_1_471' title='bbox 1475 4714 1799 4782; x_wconf 88' lang='lat' dir='ltr'><strong>accersitus,</strong></span> <span class='ocrx_word' id='word_1_472' title='bbox 1859 4717 1906 4772; x_wconf 89' lang='lat' dir='ltr'><strong>si</strong></span> <span class='ocrx_word' id='word_1_473' title='bbox 1959 4717 2006 4773; x_wconf 89' lang='lat' dir='ltr'><strong>is</strong></span> <span class='ocrx_word' id='word_1_474' title='bbox 2057 4720 2152 4792; x_wconf 85' lang='lat' dir='ltr'><strong>qui</strong></span> 
     </span>
    </p>
   </div>
   <div class='ocr_carea' id='block_1_78' title="bbox 578 4795 2151 4867">
    <p class='ocr_par' dir='ltr' id='par_1_78' title="bbox 578 4795 2151 4867">
     <span class='ocr_line' id='line_1_78' title="bbox 578 4795 2151 4867; baseline 0.014 -21"><span class='ocrx_word' id='word_1_475' title='bbox 578 4795 809 4849; x_wconf 79' lang='lat' dir='ltr'><strong>accersit</strong></span> <span class='ocrx_word' id='word_1_476' title='bbox 833 4796 1115 4866; x_wconf 82' lang='lat' dir='ltr'><strong>imperitus</strong></span> <span class='ocrx_word' id='word_1_477' title='bbox 1141 4802 1230 4864; x_wconf 85' lang='lat' dir='ltr'><strong>sit,</strong></span> <span class='ocrx_word' id='word_1_478' title='bbox 1267 4818 1332 4856; x_wconf 92' lang='lat' dir='ltr'><strong>ne</strong></span> <span class='ocrx_word' id='word_1_479' title='bbox 1386 4803 1552 4860; x_wconf 88' lang='lat' dir='ltr'><strong>nimis</strong></span> <span class='ocrx_word' id='word_1_480' title='bbox 1606 4808 1827 4864; x_wconf 87' lang='lat' dir='ltr'><strong>assidue</strong></span> <span class='ocrx_word' id='word_1_481' title='bbox 1852 4813 2151 4867; x_wconf 88' lang='lat' dir='ltr'><strong>concione-</strong></span> 
     </span>
    </p>
   </div>
   <div class='ocr_carea' id='block_1_79' title="bbox 580 4888 2152 4976">
    <p class='ocr_par' dir='ltr' id='par_1_79' title="bbox 580 4888 2152 4976">
     <span class='ocr_line' id='line_1_79' title="bbox 580 4888 2152 4976; baseline 0.017 -38"><span class='ocrx_word' id='word_1_482' title='bbox 580 4894 714 4940; x_wconf 88' lang='lat' dir='ltr'><strong>tur:</strong></span> <span class='ocrx_word' id='word_1_483' title='bbox 786 4888 889 4941; x_wconf 84' lang='lat' dir='ltr'><strong>hoc</strong></span> <span class='ocrx_word' id='word_1_484' title='bbox 949 4889 1094 4944; x_wconf 88' lang='lat' dir='ltr'><strong>enlm</strong></span> <span class='ocrx_word' id='word_1_485' title='bbox 1146 4891 1402 4961; x_wconf 86' lang='lat' dir='ltr'><strong>imperito</strong></span> <span class='ocrx_word' id='word_1_486' title='bbox 1448 4898 1555 4952; x_wconf 87' lang='lat' dir='ltr'><strong>erit</strong></span> <span class='ocrx_word' id='word_1_487' title='bbox 1611 4901 1888 4966; x_wconf 82' lang='lat' dir='ltr'><strong>dedecori,</strong></span> <span class='ocrx_word' id='word_1_488' title='bbox 1952 4905 2152 4976; x_wconf 86' lang='lat' dir='ltr'><strong>illeque</strong></span> 
     </span>
    </p>
   </div>
   <div class='ocr_carea' id='block_1_80' title="bbox 581 4978 2151 5068">
    <p class='ocr_par' dir='ltr' id='par_1_80' title="bbox 581 4978 2151 5068">
     <span class='ocr_line' id='line_1_80' title="bbox 581 4978 2151 5068; baseline 0.017 -40"><span class='ocrx_word' id='word_1_489' title='bbox 581 4978 952 5048; x_wconf 70' lang='lat' dir='ltr'><strong>episcopatum</strong></span> <span class='ocrx_word' id='word_1_490' title='bbox 987 4983 1196 5039; x_wconf 88' lang='lat' dir='ltr'><strong>ambire</strong></span> <span class='ocrx_word' id='word_1_491' title='bbox 1225 4985 1519 5068; x_wconf 79' lang='lat' dir='ltr'><strong>videbitur,</strong></span> <span class='ocrx_word' id='word_1_492' title='bbox 1586 5005 1649 5047; x_wconf 87' lang='lat' dir='ltr'><strong>ac</strong></span> <span class='ocrx_word' id='word_1_493' title='bbox 1689 5002 1920 5065; x_wconf 89' lang='lat' dir='ltr'><strong>utraque</strong></span> <span class='ocrx_word' id='word_1_494' title='bbox 1963 5013 2151 5068; x_wconf 83' lang='lat' dir='ltr'><strong>repre-</strong></span> 
     </span>
    </p>
   </div>
   <div class='ocr_carea' id='block_1_81' title="bbox 582 5063 1296 5127">
    <p class='ocr_par' dir='ltr' id='par_1_81' title="bbox 582 5063 1296 5127">
     <span class='ocr_line' id='line_1_81' title="bbox 582 5063 1296 5127; baseline 0.02 -5"><span class='ocrx_word' id='word_1_495' title='bbox 582 5067 880 5127; x_wconf 83' lang='lat' dir='ltr'><strong>hendenda.</strong></span> <span class='ocrx_word' id='word_1_496' title='bbox 1282 5063 1296 5078; x_wconf 71' lang='grc'><em>’</em></span> 
     </span>
    </p>
   </div>
   <div class='ocr_carea' id='block_1_82' title="bbox 655 5147 2150 5253">
    <p class='ocr_par' dir='ltr' id='par_1_82' title="bbox 655 5147 2150 5253">
     <span class='ocr_line' id='line_1_82' title="bbox 655 5147 2150 5253; baseline 0.015 -41"><span class='ocrx_word' id='word_1_497' title='bbox 655 5160 740 5217; x_wconf 73' lang='grc'><strong>12.</strong></span> <span class='ocrx_word' id='word_1_498' title='bbox 762 5162 895 5236; x_wconf 77' lang='lat' dir='ltr'><strong>Sine</strong></span> <span class='ocrx_word' id='word_1_499' title='bbox 923 5147 1439 5246; x_wconf 33' lang='lat' dir='ltr'><strong>gravi‘necessitate</strong></span> <span class='ocrx_word' id='word_1_500' title='bbox 1469 5172 1776 5232; x_wconf 89' lang='lat' dir='ltr'><strong>diutissime</strong></span> <span class='ocrx_word' id='word_1_501' title='bbox 1837 5181 2150 5253; x_wconf 83' lang='lat' dir='ltr'><strong>episcopum</strong></span> 
     </span>
    </p>
   </div>
   <div class='ocr_carea' id='block_1_83' title="bbox 571 5254 1550 5332">
    <p class='ocr_par' dir='ltr' id='par_1_83' title="bbox 571 5254 1550 5332">
     <span class='ocr_line' id='line_1_83' title="bbox 571 5254 1550 5332; baseline 0.01 -27"><span class='ocrx_word' id='word_1_502' title='bbox 571 5265 610 5330; x_wconf 0' lang='lat' dir='ltr'><strong>pa</strong></span> <span class='ocrx_word' id='word_1_503' title='bbox 645 5268 739 5307; x_wconf 83' lang='lat' dir='ltr'><strong>sua</strong></span> <span class='ocrx_word' id='word_1_504' title='bbox 768 5254 962 5330; x_wconf 80' lang='lat' dir='ltr'><strong>abesse</strong></span> <span class='ocrx_word' id='word_1_505' title='bbox 992 5257 1230 5332; x_wconf 76' lang='lat' dir='ltr'><strong>Ecclesia</strong></span> <span class='ocrx_word' id='word_1_506' title='bbox 1255 5275 1420 5329; x_wconf 71' lang='lat' dir='ltr'><strong>grave</strong></span> <span class='ocrx_word' id='word_1_507' title='bbox 1447 5272 1550 5317; x_wconf 88' lang='lat' dir='ltr'><strong>est.</strong></span> 
     </span>
    </p>
   </div>
   <div class='ocr_carea' id='block_1_84' title="bbox 575 5433 2151 5513">
    <p class='ocr_par' dir='ltr' id='par_1_84' title="bbox 575 5433 2151 5513">
     <span class='ocr_line' id='line_1_84' title="bbox 575 5433 2151 5513; baseline 0.013 -27"><span class='ocrx_word' id='word_1_508' title='bbox 575 5472 620 5511; x_wconf 22' lang='grc' dir='ltr'><strong>ἰ</strong></span> <span class='ocrx_word' id='word_1_509' title='bbox 657 5433 742 5488; x_wconf 73' lang='grc'><strong>15.</strong></span> <span class='ocrx_word' id='word_1_510' title='bbox 780 5433 1074 5513; x_wconf 86' lang='lat' dir='ltr'><strong>Episcopus</strong></span> <span class='ocrx_word' id='word_1_511' title='bbox 1132 5440 1223 5510; x_wconf 85' lang='lat' dir='ltr'><strong>qui</strong></span> <span class='ocrx_word' id='word_1_512' title='bbox 1273 5445 1646 5512; x_wconf 84' lang='lat' dir='ltr'><strong>possessiones</strong></span> <span class='ocrx_word' id='word_1_513' title='bbox 1701 5457 1854 5502; x_wconf 75' lang='lat' dir='ltr'><strong>extra</strong></span> <span class='ocrx_word' id='word_1_514' title='bbox 1899 5453 2151 5508; x_wconf 68' lang='lat' dir='ltr'><strong>duncesus</strong></span> 
     </span>
    </p>
   </div>
   <div class='ocr_carea' id='block_1_85' title="bbox 580 5526 2143 5606">
    <p class='ocr_par' dir='ltr' id='par_1_85' title="bbox 580 5526 2143 5606">
     <span class='ocr_line' id='line_1_85' title="bbox 580 5526 2143 5606; baseline 0.013 -27"><span class='ocrx_word' id='word_1_515' title='bbox 580 5540 694 5579; x_wconf 67' lang='lat' dir='ltr'><strong>sua:</strong></span> <span class='ocrx_word' id='word_1_516' title='bbox 749 5526 948 5584; x_wconf 87' lang='lat' dir='ltr'><strong>limites</strong></span> <span class='ocrx_word' id='word_1_517' title='bbox 1003 5529 1219 5599; x_wconf 79' lang='lat' dir='ltr'><strong>habet,‘</strong></span> <span class='ocrx_word' id='word_1_518' title='bbox 1250 5533 1294 5587; x_wconf 87' lang='lat' dir='ltr'><strong>si</strong></span> <span class='ocrx_word' id='word_1_519' title='bbox 1339 5550 1432 5591; x_wconf 84' lang='lat' dir='ltr'><strong>eas</strong></span> <span class='ocrx_word' id='word_1_520' title='bbox 1487 5537 1758 5593; x_wconf 83' lang='lat' dir='ltr'><strong>invisurus</strong></span> <span class='ocrx_word' id='word_1_521' title='bbox 1803 5541 1893 5606; x_wconf 90' lang='lat' dir='ltr'><strong>sit,</strong></span> <span class='ocrx_word' id='word_1_522' title='bbox 1934 5557 1998 5597; x_wconf 91' lang='lat' dir='ltr'><strong>ue</strong></span> <span class='ocrx_word' id='word_1_523' title='bbox 2032 5554 2143 5599; x_wconf 82' lang='lat' dir='ltr'><strong>tres</strong></span> 
     </span>
    </p>
   </div>
   <div class='ocr_carea' id='block_1_86' title="bbox 581 5619 2144 5706">
    <p class='ocr_par' dir='ltr' id='par_1_86' title="bbox 581 5619 2144 5706">
     <span class='ocr_line' id='line_1_86' title="bbox 581 5619 2144 5706; baseline 0.012 -32"><span class='ocrx_word' id='word_1_524' title='bbox 581 5619 813 5688; x_wconf 73' lang='lat' dir='ltr'><strong>amplius</strong></span> <span class='ocrx_word' id='word_1_525' title='bbox 844 5621 1148 5682; x_wconf 87' lang='lat' dir='ltr'><strong>Dominicas</strong></span> <span class='ocrx_word' id='word_1_526' title='bbox 1177 5640 1436 5683; x_wconf 85' lang='lat' dir='ltr'><strong>moretur.</strong></span> <span class='ocrx_word' id='word_1_527' title='bbox 1471 5628 1562 5686; x_wconf 90' lang='lat' dir='ltr'><strong>Sic</strong></span> <span class='ocrx_word' id='word_1_528' title='bbox 1590 5631 1758 5687; x_wconf 76' lang='lat' dir='ltr'><strong>enim.</strong></span> <span class='ocrx_word' id='word_1_529' title='bbox 1795 5635 1961 5704; x_wconf 87' lang='lat' dir='ltr'><strong>ipsius</strong></span> <span class='ocrx_word' id='word_1_530' title='bbox 2016 5652 2144 5706; x_wconf 75' lang='lat' dir='ltr'><strong>grex</strong></span> 
     </span>
    </p>
   </div>
   <div class='ocr_carea' id='block_1_87' title="bbox 2250 3133 3740 3211">
    <p class='ocr_par' dir='ltr' id='par_1_87' title="bbox 2250 3133 3740 3211">
     <span class='ocr_line' id='line_1_87' title="bbox 2250 3133 3740 3211; baseline 0.01 -27"><span class='ocrx_word' id='word_1_531' title='bbox 2250 3133 2309 3184; x_wconf 77' lang='grc' dir='ltr'>δὲ</span> <span class='ocrx_word' id='word_1_532' title='bbox 2339 3133 2879 3208; x_wconf 84' lang='grc' dir='ltr'>πολυανθρωποτάτη</span> <span class='ocrx_word' id='word_1_533' title='bbox 2908 3139 3134 3210; x_wconf 87' lang='grc' dir='ltr'>γένηται</span> <span class='ocrx_word' id='word_1_534' title='bbox 3163 3139 3343 3206; x_wconf 81' lang='grc' dir='ltr'>πόλις,</span> <span class='ocrx_word' id='word_1_535' title='bbox 3367 3139 3468 3196; x_wconf 86' lang='grc' dir='ltr'><strong>οὑκ</strong></span> <span class='ocrx_word' id='word_1_536' title='bbox 3498 3144 3740 3211; x_wconf 81' lang='grc' dir='ltr'>ἀνάξιον.</span> 
     </span>
    </p>
   </div>
   <div class='ocr_carea' id='block_1_88' title="bbox 2324 3233 3840 3315">
    <p class='ocr_par' dir='ltr' id='par_1_88' title="bbox 2324 3233 3840 3315">
     <span class='ocr_line' id='line_1_88' title="bbox 2324 3233 3840 3315; baseline 0.008 -28"><span class='ocrx_word' id='word_1_537' title='bbox 2324 3233 2390 3296; x_wconf 81' lang='grc' dir='ltr'><strong>ζ’.</strong></span> <span class='ocrx_word' id='word_1_538' title='bbox 2422 3235 2714 3305; x_wconf 82' lang='grc' dir='ltr'>Ὀρφανοῦ,</span> <span class='ocrx_word' id='word_1_539' title='bbox 2750 3236 2845 3290; x_wconf 77' lang='grc' dir='ltr'>καὶ</span> <span class='ocrx_word' id='word_1_540' title='bbox 2895 3240 3094 3310; x_wconf 85' lang='grc' dir='ltr'>χήρας,</span> <span class='ocrx_word' id='word_1_541' title='bbox 3135 3241 3231 3294; x_wconf 74' lang='grc' dir='ltr'>καὶ</span> <span class='ocrx_word' id='word_1_542' title='bbox 3263 3242 3606 3314; x_wconf 82' lang='grc' dir='ltr'>ἀπροστὰτου</span> <span class='ocrx_word' id='word_1_543' title='bbox 3647 3243 3840 3315; x_wconf 77' lang='grc' dir='ltr'>βιαζο-</span> 
     </span>
    </p>
   </div>
   <div class='ocr_carea' id='block_1_89' title="bbox 2255 3328 3840 3404">
    <p class='ocr_par' dir='ltr' id='par_1_89' title="bbox 2255 3328 3840 3404">
     <span class='ocr_line' id='line_1_89' title="bbox 2255 3328 3840 3404; baseline 0.009 -26"><span class='ocrx_word' id='word_1_544' title='bbox 2255 3328 2452 3396; x_wconf 86' lang='grc' dir='ltr'>μένων,</span> <span class='ocrx_word' id='word_1_545' title='bbox 2484 3329 2564 3392; x_wconf 88' lang='grc' dir='ltr'><strong>είς</strong></span> <span class='ocrx_word' id='word_1_546' title='bbox 2596 3328 2852 3399; x_wconf 81' lang='grc' dir='ltr'>βοήθειαν</span> <span class='ocrx_word' id='word_1_547' title='bbox 2878 3335 3284 3404; x_wconf 84' lang='grc' dir='ltr'>κατατολμήσει</span> <span class='ocrx_word' id='word_1_548' title='bbox 3318 3333 3619 3397; x_wconf 82' lang='grc' dir='ltr'>ἐπίσκοπος</span> <span class='ocrx_word' id='word_1_549' title='bbox 3644 3351 3657 3366; x_wconf 76' lang='grc'><strong>⁸</strong></span> <span class='ocrx_word' id='word_1_550' title='bbox 3691 3336 3840 3392; x_wconf 81' lang='grc' dir='ltr'>ἀλλὰ</span> 
     </span>
    </p>
   </div>
   <div class='ocr_carea' id='block_1_90' title="bbox 2251 3418 3843 3497">
    <p class='ocr_par' dir='ltr' id='par_1_90' title="bbox 2251 3418 3843 3497">
     <span class='ocr_line' id='line_1_90' title="bbox 2251 3418 3843 3497; baseline 0.008 -26"><span class='ocrx_word' id='word_1_551' title='bbox 2251 3421 2316 3489; x_wconf 79' lang='grc' dir='ltr'>τῇ</span> <span class='ocrx_word' id='word_1_552' title='bbox 2357 3418 2453 3492; x_wconf 86' lang='grc' dir='ltr'>[ῐσ.</span> <span class='ocrx_word' id='word_1_553' title='bbox 2493 3419 2567 3489; x_wconf 77' lang='grc' dir='ltr'>μὴ</span> <span class='ocrx_word' id='word_1_554' title='bbox 2614 3419 2706 3492; x_wconf 84' lang='grc' dir='ltr'>τῇ]</span> <span class='ocrx_word' id='word_1_555' title='bbox 2756 3421 2983 3496; x_wconf 77' lang='grc' dir='ltr'>τοιαύτη</span> <span class='ocrx_word' id='word_1_556' title='bbox 3029 3426 3303 3497; x_wconf 79' lang='grc' dir='ltr'>προφάσει</span> <span class='ocrx_word' id='word_1_557' title='bbox 3350 3427 3623 3497; x_wconf 77' lang='grc' dir='ltr'>διατρίϐοι</span> <span class='ocrx_word' id='word_1_558' title='bbox 3655 3430 3742 3493; x_wconf 84' lang='grc' dir='ltr'><strong>είς</strong></span> <span class='ocrx_word' id='word_1_559' title='bbox 3771 3430 3843 3483; x_wconf 79' lang='grc' dir='ltr'>τὸ</span> 
     </span>
    </p>
   </div>
   <div class='ocr_carea' id='block_1_91' title="bbox 2254 3516 3654 3589">
    <p class='ocr_par' dir='ltr' id='par_1_91' title="bbox 2254 3516 3654 3589">
     <span class='ocr_line' id='line_1_91' title="bbox 2254 3516 3654 3589; baseline 0.009 -22"><span class='ocrx_word' id='word_1_560' title='bbox 2254 3516 2639 3588; x_wconf 84' lang='grc' dir='ltr'>στρατόπεδον,</span> <span class='ocrx_word' id='word_1_561' title='bbox 2681 3518 2818 3573; x_wconf 81' lang='grc' dir='ltr'>ἀλλὰ</span> <span class='ocrx_word' id='word_1_562' title='bbox 2852 3521 3055 3589; x_wconf 80' lang='grc' dir='ltr'>μᾶλλον</span> <span class='ocrx_word' id='word_1_563' title='bbox 3081 3521 3328 3587; x_wconf 85' lang='grc' dir='ltr'>διάκονος</span> <span class='ocrx_word' id='word_1_564' title='bbox 3359 3523 3654 3580; x_wconf 73' lang='grc' dir='ltr'>στέλλοιτο.</span> 
     </span>
    </p>
   </div>
   <div class='ocr_carea' id='block_1_92' title="bbox 2322 3607 3882 3687">
    <p class='ocr_par' dir='ltr' id='par_1_92' title="bbox 2322 3607 3882 3687">
     <span class='ocr_line' id='line_1_92' title="bbox 2322 3607 3882 3687; baseline 0.01 -26"><span class='ocrx_word' id='word_1_565' title='bbox 2322 3613 2392 3678; x_wconf 85' lang='grc' dir='ltr'>η’.</span> <span class='ocrx_word' id='word_1_566' title='bbox 2424 3608 2550 3671; x_wconf 86' lang='grc' dir='ltr'>Τοῖς</span> <span class='ocrx_word' id='word_1_567' title='bbox 2581 3607 2674 3660; x_wconf 79' lang='grc' dir='ltr'>ἐπὶ</span> <span class='ocrx_word' id='word_1_568' title='bbox 2705 3610 2803 3682; x_wconf 75' lang='grc' dir='ltr'>τὴν</span> <span class='ocrx_word' id='word_1_569' title='bbox 2848 3609 3182 3684; x_wconf 71' lang='grc' dir='ltr'>Ἐκκλησίαν</span> <span class='ocrx_word' id='word_1_570' title='bbox 3227 3617 3636 3687; x_wconf 83' lang='grc' dir='ltr'>προσφεύγουσι</span> <span class='ocrx_word' id='word_1_571' title='bbox 3666 3621 3882 3684; x_wconf 74' lang='grc' dir='ltr'><strong>παντὶ⁴¹</strong></span> 
     </span>
    </p>
   </div>
   <div class='ocr_carea' id='block_1_93' title="bbox 2255 3698 2787 3770">
    <p class='ocr_par' dir='ltr' id='par_1_93' title="bbox 2255 3698 2787 3770">
     <span class='ocr_line' id='line_1_93' title="bbox 2255 3698 2787 3770; baseline 0.011 -18"><span class='ocrx_word' id='word_1_572' title='bbox 2255 3698 2431 3755; x_wconf 81' lang='grc' dir='ltr'>σθένει</span> <span class='ocrx_word' id='word_1_573' title='bbox 2470 3700 2787 3770; x_wconf 81' lang='grc' dir='ltr'>βοηθητέον.</span> 
     </span>
    </p>
   </div>
   <div class='ocr_carea' id='block_1_94' title="bbox 2323 3790 3845 3877">
    <p class='ocr_par' dir='ltr' id='par_1_94' title="bbox 2323 3790 3845 3877">
     <span class='ocr_line' id='line_1_94' title="bbox 2323 3790 3845 3877; baseline 0.011 -34"><span class='ocrx_word' id='word_1_574' title='bbox 2323 3790 2388 3844; x_wconf 91' lang='grc' dir='ltr'>θ’.</span> <span class='ocrx_word' id='word_1_575' title='bbox 2427 3790 2683 3859; x_wconf 80' lang='grc' dir='ltr'>Ἀδελροῦ</span> <span class='ocrx_word' id='word_1_576' title='bbox 2725 3794 2864 3865; x_wconf 84' lang='grc' dir='ltr'>πρὸς</span> <span class='ocrx_word' id='word_1_577' title='bbox 2905 3795 3137 3866; x_wconf 79' lang='grc' dir='ltr'>ἀδελφὸν</span> <span class='ocrx_word' id='word_1_578' title='bbox 3167 3800 3614 3870; x_wconf 81' lang='grc' dir='ltr'>ἀποστέλλοντος,</span> <span class='ocrx_word' id='word_1_579' title='bbox 3643 3805 3671 3858; x_wconf 88' lang='lat'><strong>6</strong></span> <span class='ocrx_word' id='word_1_580' title='bbox 3728 3822 3845 3877; x_wconf 85' lang='grc' dir='ltr'>μη-</span> 
     </span>
    </p>
   </div>
   <div class='ocr_carea' id='block_1_95' title="bbox 2251 3882 3844 3966">
    <p class='ocr_par' dir='ltr' id='par_1_95' title="bbox 2251 3882 3844 3966">
     <span class='ocr_line' id='line_1_95' title="bbox 2251 3882 3844 3966; baseline 0.012 -32"><span class='ocrx_word' id='word_1_581' title='bbox 2251 3882 2579 3954; x_wconf 83' lang='grc' dir='ltr'>τροπολίτης</span> <span class='ocrx_word' id='word_1_582' title='bbox 2627 3886 2719 3938; x_wconf 74' lang='grc' dir='ltr'>τὸν</span> <span class='ocrx_word' id='word_1_583' title='bbox 2754 3885 3055 3940; x_wconf 79' lang='grc' dir='ltr'>ἀπόστολον</span> <span class='ocrx_word' id='word_1_584' title='bbox 3105 3889 3358 3960; x_wconf 80' lang='grc' dir='ltr'>ίσχυέτω,</span> <span class='ocrx_word' id='word_1_585' title='bbox 3409 3894 3508 3947; x_wconf 80' lang='grc' dir='ltr'>καὶ</span> <span class='ocrx_word' id='word_1_586' title='bbox 3563 3897 3844 3966; x_wconf 72' lang='grc' dir='ltr'>γραφέτω</span> 
     </span>
    </p>
   </div>
   <div class='ocr_carea' id='block_1_96' title="bbox 2254 3974 3842 4053">
    <p class='ocr_par' dir='ltr' id='par_1_96' title="bbox 2254 3974 3842 4053">
     <span class='ocr_line' id='line_1_96' title="bbox 2254 3974 3842 4053; baseline 0.011 -26"><span class='ocrx_word' id='word_1_587' title='bbox 2254 3975 2393 4046; x_wconf 72' lang='grc' dir='ltr'>πρὸς</span> <span class='ocrx_word' id='word_1_588' title='bbox 2432 3977 2583 4044; x_wconf 83' lang='grc' dir='ltr'>τοὺς,</span> <span class='ocrx_word' id='word_1_589' title='bbox 2628 3977 2688 4030; x_wconf 87' lang='grc' dir='ltr'><strong>ἐν</strong></span> <span class='ocrx_word' id='word_1_590' title='bbox 2725 3974 2813 4041; x_wconf 72' lang='grc' dir='ltr'><strong>οἷς</strong></span> <span class='ocrx_word' id='word_1_591' title='bbox 2854 3981 2890 4051; x_wconf 73' lang='grc' dir='ltr'>ἡ</span> <span class='ocrx_word' id='word_1_592' title='bbox 2943 3979 3171 4044; x_wconf 78' lang='grc' dir='ltr'>ἀξίωσις</span> <span class='ocrx_word' id='word_1_593' title='bbox 3219 3982 3314 4036; x_wconf 85' lang='grc' dir='ltr'><strong>τοῦ</strong></span> <span class='ocrx_word' id='word_1_594' title='bbox 3347 3985 3675 4053; x_wconf 82' lang='grc' dir='ltr'>ἐπισκόπου,</span> <span class='ocrx_word' id='word_1_595' title='bbox 3736 3988 3842 4044; x_wconf 80' lang='grc' dir='ltr'>τοῦ</span> 
     </span>
    </p>
   </div>
   <div class='ocr_carea' id='block_1_97' title="bbox 2254 4070 3271 4143">
    <p class='ocr_par' dir='ltr' id='par_1_97' title="bbox 2254 4070 3271 4143">
     <span class='ocr_line' id='line_1_97' title="bbox 2254 4070 3271 4143; baseline 0.007 -19"><span class='ocrx_word' id='word_1_596' title='bbox 2254 4070 2556 4125; x_wconf 81' lang='grc' dir='ltr'>ἀποστόλου</span> <span class='ocrx_word' id='word_1_597' title='bbox 2583 4073 3102 4143; x_wconf 77' lang='grc' dir='ltr'>ἀντιλαμϐάνεσθαι.</span> <span class='ocrx_word' id='word_1_598' title='bbox 3267 4136 3271 4141; x_wconf 37' lang='grc' dir='ltr'><strong>η</strong></span> 
     </span>
    </p>
   </div>
   <div class='ocr_carea' id='block_1_98' title="bbox 2327 4159 3844 4246">
    <p class='ocr_par' dir='ltr' id='par_1_98' title="bbox 2327 4159 3844 4246">
     <span class='ocr_line' id='line_1_98' title="bbox 2327 4159 3844 4246; baseline 0.007 -29"><span class='ocrx_word' id='word_1_599' title='bbox 2327 4159 2381 4217; x_wconf 90' lang='lat' dir='ltr'><strong>t&#39;.</strong></span> <span class='ocrx_word' id='word_1_600' title='bbox 2440 4163 2754 4242; x_wconf 54' lang='grc' dir='ltr'><strong>Ἀγοραῖοςι</strong></span> <span class='ocrx_word' id='word_1_601' title='bbox 2815 4165 3286 4246; x_wconf 29' lang='grc' dir='ltr'>σχολαστικὸςλῆ</span> <span class='ocrx_word' id='word_1_602' title='bbox 3348 4169 3621 4238; x_wconf 87' lang='grc' dir='ltr'>πλούσιος,</span> <span class='ocrx_word' id='word_1_603' title='bbox 3663 4173 3712 4226; x_wconf 78' lang='grc' dir='ltr'><strong>εί</strong></span> <span class='ocrx_word' id='word_1_604' title='bbox 3755 4174 3844 4245; x_wconf 78' lang='grc' dir='ltr'>μὴ</span> 
     </span>
    </p>
   </div>
   <div class='ocr_carea' id='block_1_99' title="bbox 2252 4253 3954 4329">
    <p class='ocr_par' dir='ltr' id='par_1_99' title="bbox 2252 4253 3954 4329">
     <span class='ocr_line' id='line_1_99' title="bbox 2252 4253 3954 4329; baseline 0.008 -23"><span class='ocrx_word' id='word_1_605' title='bbox 2252 4254 2382 4317; x_wconf 84' lang='grc' dir='ltr'>τοὺς</span> <span class='ocrx_word' id='word_1_606' title='bbox 2410 4254 2586 4324; x_wconf 67' lang='grc' dir='ltr'>ίεροὶς</span> <span class='ocrx_word' id='word_1_607' title='bbox 2615 4254 2817 4309; x_wconf 84' lang='grc' dir='ltr'>διέλθοι</span> <span class='ocrx_word' id='word_1_608' title='bbox 2850 4255 3121 4329; x_wconf 83' lang='grc' dir='ltr'>βαθμοὺς,</span> <span class='ocrx_word' id='word_1_609' title='bbox 3155 4261 3456 4326; x_wconf 81' lang='grc' dir='ltr'>ἐπίσκοπος</span> <span class='ocrx_word' id='word_1_610' title='bbox 3479 4264 3542 4317; x_wconf 92' lang='grc' dir='ltr'>οὑ</span> <span class='ocrx_word' id='word_1_611' title='bbox 3571 4264 3844 4319; x_wconf 87' lang='grc' dir='ltr'>καθίστα-</span> <span class='ocrx_word' id='word_1_612' title='bbox 3951 4253 3954 4257; x_wconf 49' lang='grc'><em>’</em></span> 
     </span>
    </p>
   </div>
   <div class='ocr_carea' id='block_1_100' title="bbox 2175 4347 3840 4437">
    <p class='ocr_par' dir='ltr' id='par_1_100' title="bbox 2175 4347 3840 4437">
     <span class='ocr_line' id='line_1_100' title="bbox 2175 4347 3840 4437; baseline 0.008 -39"><span class='ocrx_word' id='word_1_613' title='bbox 2175 4377 2229 4437; x_wconf 76' lang='lat' dir='ltr'><strong>D</strong></span> <span class='ocrx_word' id='word_1_614' title='bbox 2255 4347 2463 4437; x_wconf 48' lang='lat' dir='ltr'><strong>seu?!)</strong></span> <span class='ocrx_word' id='word_1_615' title='bbox 2485 4347 2542 4401; x_wconf 73' lang='grc' dir='ltr'>δὲ</span> <span class='ocrx_word' id='word_1_616' title='bbox 2569 4347 2680 4401; x_wconf 79' lang='grc' dir='ltr'><strong>τῶν</strong></span> <span class='ocrx_word' id='word_1_617' title='bbox 2706 4348 2934 4419; x_wconf 83' lang='grc' dir='ltr'>βαθμῶν</span> <span class='ocrx_word' id='word_1_618' title='bbox 2955 4350 3262 4422; x_wconf 83' lang='grc' dir='ltr'>διάστημα,</span> <span class='ocrx_word' id='word_1_619' title='bbox 3291 4354 3354 4416; x_wconf 79' lang='grc' dir='ltr'><strong>οὐ</strong></span> <span class='ocrx_word' id='word_1_620' title='bbox 3377 4355 3497 4410; x_wconf 86' lang='grc' dir='ltr'>λίαν</span> <span class='ocrx_word' id='word_1_621' title='bbox 3513 4356 3794 4425; x_wconf 82' lang='grc' dir='ltr'>ὀλιγοστόν</span> <span class='ocrx_word' id='word_1_622' title='bbox 3817 4372 3840 4391; x_wconf 84' lang='grc'><strong>·</strong></span> 
     </span>
    </p>
   </div>
   <div class='ocr_carea' id='block_1_101' title="bbox 2252 4428 3843 4517">
    <p class='ocr_par' dir='ltr' id='par_1_101' title="bbox 2252 4428 3843 4517">
     <span class='ocr_line' id='line_1_101' title="bbox 2252 4428 3843 4517; baseline 0.01 -29"><span class='ocrx_word' id='word_1_623' title='bbox 2252 4428 2407 4489; x_wconf 77' lang='grc' dir='ltr'>διὀὗ</span> <span class='ocrx_word' id='word_1_624' title='bbox 2437 4440 2500 4490; x_wconf 66' lang='lat' dir='ltr'><strong>to</strong></span> <span class='ocrx_word' id='word_1_625' title='bbox 2525 4438 2772 4508; x_wconf 86' lang='grc' dir='ltr'>δοκίμιον</span> <span class='ocrx_word' id='word_1_626' title='bbox 2818 4440 2920 4510; x_wconf 83' lang='grc' dir='ltr'><strong>τῆς</strong></span> <span class='ocrx_word' id='word_1_627' title='bbox 2966 4443 3225 4508; x_wconf 86' lang='grc' dir='ltr'>πίστεως,</span> <span class='ocrx_word' id='word_1_628' title='bbox 3274 4448 3371 4499; x_wconf 84' lang='grc' dir='ltr'>καὶ</span> <span class='ocrx_word' id='word_1_629' title='bbox 3417 4446 3843 4517; x_wconf 77' lang='grc' dir='ltr'>καλοκάγαθίας</span> 
     </span>
    </p>
   </div>
   <div class='ocr_carea' id='block_1_102' title="bbox 2254 4527 3640 4609">
    <p class='ocr_par' dir='ltr' id='par_1_102' title="bbox 2254 4527 3640 4609">
     <span class='ocr_line' id='line_1_102' title="bbox 2254 4527 3640 4609; baseline 0.01 -27"><span class='ocrx_word' id='word_1_630' title='bbox 2254 4527 2422 4582; x_wconf 83' lang='grc' dir='ltr'>αὑτοῦ</span> <span class='ocrx_word' id='word_1_631' title='bbox 2459 4528 2836 4601; x_wconf 79' lang='grc' dir='ltr'>δοκιμάζοιτο.</span> <span class='ocrx_word' id='word_1_632' title='bbox 2871 4531 2931 4586; x_wconf 81' lang='grc'><strong>’0</strong></span> <span class='ocrx_word' id='word_1_633' title='bbox 2963 4534 3070 4604; x_wconf 79' lang='grc' dir='ltr'><strong>γὰρ</strong></span> <span class='ocrx_word' id='word_1_634' title='bbox 3106 4536 3332 4608; x_wconf 77' lang='grc' dir='ltr'>ἑτέρως,</span> <span class='ocrx_word' id='word_1_635' title='bbox 3362 4541 3640 4609; x_wconf 82' lang='grc' dir='ltr'>νεόφυτος.</span> 
     </span>
    </p>
   </div>
   <div class='ocr_carea' id='block_1_103' title="bbox 2327 4714 3838 4801">
    <p class='ocr_par' dir='ltr' id='par_1_103' title="bbox 2327 4714 3838 4801">
     <span class='ocr_line' id='line_1_103' title="bbox 2327 4714 3838 4801; baseline 0.018 -46"><span class='ocrx_word' id='word_1_636' title='bbox 2327 4720 2419 4768; x_wconf 73' lang='grc' dir='ltr'>ια’,</span> <span class='ocrx_word' id='word_1_637' title='bbox 2453 4714 2512 4768; x_wconf 87' lang='lat'><strong>&#39;0</strong></span> <span class='ocrx_word' id='word_1_638' title='bbox 2541 4715 3021 4787; x_wconf 77' lang='grc' dir='ltr'>προσκαλούμενος</span> <span class='ocrx_word' id='word_1_639' title='bbox 3045 4717 3343 4774; x_wconf 88' lang='grc' dir='ltr'>ἐπίσκοπον</span> <span class='ocrx_word' id='word_1_640' title='bbox 3367 4721 3476 4794; x_wconf 60' lang='lat' dir='ltr'><strong>[tan</strong></span> <span class='ocrx_word' id='word_1_641' title='bbox 3506 4723 3838 4801; x_wconf 78' lang='grc' dir='ltr'>ἐπίσκοπος]</span> 
     </span>
    </p>
   </div>
   <div class='ocr_carea' id='block_1_104' title="bbox 2254 4805 3841 4889">
    <p class='ocr_par' dir='ltr' id='par_1_104' title="bbox 2254 4805 3841 4889">
     <span class='ocr_line' id='line_1_104' title="bbox 2254 4805 3841 4889; baseline 0.009 -30"><span class='ocrx_word' id='word_1_642' title='bbox 2254 4805 2315 4872; x_wconf 79' lang='grc' dir='ltr'>ἐξ</span> <span class='ocrx_word' id='word_1_643' title='bbox 2344 4807 2665 4873; x_wconf 87' lang='grc' dir='ltr'>ἐπισκόπου,</span> <span class='ocrx_word' id='word_1_644' title='bbox 2701 4805 2795 4860; x_wconf 85' lang='grc' dir='ltr'>τοῦ</span> <span class='ocrx_word' id='word_1_645' title='bbox 2827 4811 3311 4882; x_wconf 85' lang='grc' dir='ltr'>προσκαλουμένου</span> <span class='ocrx_word' id='word_1_646' title='bbox 3364 4816 3575 4870; x_wconf 78' lang='grc' dir='ltr'>ἰδιώτου</span> <span class='ocrx_word' id='word_1_647' title='bbox 3621 4820 3841 4889; x_wconf 74' lang='grc' dir='ltr'>τυγχά-</span> 
     </span>
    </p>
   </div>
   <div class='ocr_carea' id='block_1_105' title="bbox 2254 4899 3843 4982">
    <p class='ocr_par' dir='ltr' id='par_1_105' title="bbox 2254 4899 3843 4982">
     <span class='ocr_line' id='line_1_105' title="bbox 2254 4899 3843 4982; baseline 0.007 -28"><span class='ocrx_word' id='word_1_648' title='bbox 2254 4917 2458 4964; x_wconf 88' lang='grc' dir='ltr'>νοντος,</span> <span class='ocrx_word' id='word_1_649' title='bbox 2494 4899 2568 4972; x_wconf 85' lang='grc' dir='ltr'><strong>μὴ</strong></span> <span class='ocrx_word' id='word_1_650' title='bbox 2615 4903 3009 4973; x_wconf 84' lang='grc' dir='ltr'>συνεχέστερον</span> <span class='ocrx_word' id='word_1_651' title='bbox 3057 4905 3420 4978; x_wconf 87' lang='grc' dir='ltr'>δημηγοροίη.</span> <span class='ocrx_word' id='word_1_652' title='bbox 3469 4909 3685 4979; x_wconf 79' lang='grc' dir='ltr'>Μῶμος</span> <span class='ocrx_word' id='word_1_653' title='bbox 3719 4913 3843 4982; x_wconf 83' lang='grc' dir='ltr'>γὰρ</span> 
     </span>
    </p>
   </div>
   <div class='ocr_carea' id='block_1_106' title="bbox 2252 4993 3842 5073">
    <p class='ocr_par' dir='ltr' id='par_1_106' title="bbox 2252 4993 3842 5073">
     <span class='ocr_line' id='line_1_106' title="bbox 2252 4993 3842 5073; baseline 0.006 -27"><span class='ocrx_word' id='word_1_654' title='bbox 2252 4994 2433 5073; x_wconf 81' lang='grc' dir='ltr'>τοῦτο,</span> <span class='ocrx_word' id='word_1_655' title='bbox 2481 4993 2576 5046; x_wconf 82' lang='grc' dir='ltr'>τοῦ</span> <span class='ocrx_word' id='word_1_656' title='bbox 2620 4994 2855 5060; x_wconf 85' lang='grc' dir='ltr'>ίδιώτου,</span> <span class='ocrx_word' id='word_1_657' title='bbox 2920 4994 3014 5051; x_wconf 80' lang='grc' dir='ltr'>καὶ</span> <span class='ocrx_word' id='word_1_658' title='bbox 3068 4999 3335 5068; x_wconf 83' lang='grc' dir='ltr'>μνηστεία</span> <span class='ocrx_word' id='word_1_659' title='bbox 3382 5001 3486 5070; x_wconf 85' lang='grc' dir='ltr'>τῆς</span> <span class='ocrx_word' id='word_1_660' title='bbox 3516 5003 3842 5073; x_wconf 80' lang='grc' dir='ltr'>ἐπισκοπῆς</span> 
     </span>
    </p>
   </div>
   <div class='ocr_carea' id='block_1_107' title="bbox 2256 5070 3383 5162">
    <p class='ocr_par' dir='ltr' id='par_1_107' title="bbox 2256 5070 3383 5162">
     <span class='ocr_line' id='line_1_107' title="bbox 2256 5070 3383 5162; baseline 0.006 -24"><span class='ocrx_word' id='word_1_661' title='bbox 2256 5070 2474 5155; x_wconf 85' lang='grc' dir='ltr'>ἐκείνῳ·</span> <span class='ocrx_word' id='word_1_662' title='bbox 2509 5087 2602 5138; x_wconf 76' lang='grc' dir='ltr'>καὶ</span> <span class='ocrx_word' id='word_1_663' title='bbox 2632 5087 2919 5156; x_wconf 77' lang='grc' dir='ltr'>ἀμφότερα</span> <span class='ocrx_word' id='word_1_664' title='bbox 2953 5089 3054 5142; x_wconf 88' lang='grc' dir='ltr'><strong>οὑκ</strong></span> <span class='ocrx_word' id='word_1_665' title='bbox 3083 5090 3383 5162; x_wconf 78' lang='grc' dir='ltr'>ἀμώμητοι.</span> 
     </span>
    </p>
   </div>
   <div class='ocr_carea' id='block_1_108' title="bbox 2329 5175 3841 5256">
    <p class='ocr_par' dir='ltr' id='par_1_108' title="bbox 2329 5175 3841 5256">
     <span class='ocr_line' id='line_1_108' title="bbox 2329 5175 3841 5256; baseline 0.011 -28"><span class='ocrx_word' id='word_1_666' title='bbox 2329 5175 2416 5247; x_wconf 87' lang='grc' dir='ltr'>ιβ’.</span> <span class='ocrx_word' id='word_1_667' title='bbox 2464 5177 2735 5245; x_wconf 84' lang='grc' dir='ltr'>Ἀνάγκης</span> <span class='ocrx_word' id='word_1_668' title='bbox 2801 5179 2924 5248; x_wconf 84' lang='grc' dir='ltr'>δίχα</span> <span class='ocrx_word' id='word_1_669' title='bbox 2986 5179 3235 5251; x_wconf 86' lang='grc' dir='ltr'>βαρείας,</span> <span class='ocrx_word' id='word_1_670' title='bbox 3296 5185 3561 5256; x_wconf 75' lang='grc' dir='ltr'>δυσχερὲς</span> <span class='ocrx_word' id='word_1_671' title='bbox 3619 5187 3678 5240; x_wconf 76' lang='grc' dir='ltr'>τὸ</span> <span class='ocrx_word' id='word_1_672' title='bbox 3736 5189 3841 5244; x_wconf 73' lang='grc' dir='ltr'>ἐπὶ</span> 
     </span>
    </p>
   </div>
   <div class='ocr_carea' id='block_1_109' title="bbox 2257 5268 3842 5350">
    <p class='ocr_par' dir='ltr' id='par_1_109' title="bbox 2257 5268 3842 5350">
     <span class='ocr_line' id='line_1_109' title="bbox 2257 5268 3842 5350; baseline 0.009 -29"><span class='ocrx_word' id='word_1_673' title='bbox 2257 5269 2507 5322; x_wconf 84' lang='grc' dir='ltr'>πλεῖστον</span> <span class='ocrx_word' id='word_1_674' title='bbox 2568 5268 2659 5320; x_wconf 87' lang='grc' dir='ltr'>τὸν</span> <span class='ocrx_word' id='word_1_675' title='bbox 2712 5271 3011 5324; x_wconf 83' lang='grc' dir='ltr'>ἐπίσκοπον</span> <span class='ocrx_word' id='word_1_676' title='bbox 3073 5273 3174 5342; x_wconf 77' lang='grc' dir='ltr'>τῆς</span> <span class='ocrx_word' id='word_1_677' title='bbox 3228 5276 3441 5340; x_wconf 75' lang='grc' dir='ltr'>οἰκείας</span> <span class='ocrx_word' id='word_1_678' title='bbox 3504 5279 3842 5350; x_wconf 85' lang='grc' dir='ltr'>Ἐκκλησίας</span> 
     </span>
    </p>
   </div>
   <div class='ocr_carea' id='block_1_110' title="bbox 2256 5360 2758 5429">
    <p class='ocr_par' dir='ltr' id='par_1_110' title="bbox 2256 5360 2758 5429">
     <span class='ocr_line' id='line_1_110' title="bbox 2256 5360 2758 5429; baseline 0.004 -16"><span class='ocrx_word' id='word_1_679' title='bbox 2256 5360 2758 5429; x_wconf 78' lang='grc' dir='ltr'>ἀπολιμπάνεσθαι.</span> 
     </span>
    </p>
   </div>
   <div class='ocr_carea' id='block_1_111' title="bbox 2330 5449 3839 5532">
    <p class='ocr_par' dir='ltr' id='par_1_111' title="bbox 2330 5449 3839 5532">
     <span class='ocr_line' id='line_1_111' title="bbox 2330 5449 3839 5532; baseline 0.006 -27"><span class='ocrx_word' id='word_1_680' title='bbox 2330 5458 2417 5519; x_wconf 89' lang='grc' dir='ltr'>ιγ’.</span> <span class='ocrx_word' id='word_1_681' title='bbox 2471 5452 2800 5517; x_wconf 79' lang='grc' dir='ltr'>Ἐπίσκοπος</span> <span class='ocrx_word' id='word_1_682' title='bbox 2838 5457 3062 5524; x_wconf 78' lang='grc' dir='ltr'>κτήσεις</span> <span class='ocrx_word' id='word_1_683' title='bbox 3118 5449 3452 5527; x_wconf 81' lang='grc' dir='ltr'>κεκτημένός</span> <span class='ocrx_word' id='word_1_684' title='bbox 3482 5460 3839 5532; x_wconf 84' lang='grc' dir='ltr'>ὑπερορίους,</span> 
     </span>
    </p>
   </div>
   <div class='ocr_carea' id='block_1_112' title="bbox 2258 5546 3846 5623">
    <p class='ocr_par' dir='ltr' id='par_1_112' title="bbox 2258 5546 3846 5623">
     <span class='ocr_line' id='line_1_112' title="bbox 2258 5546 3846 5623; baseline 0.008 -24"><span class='ocrx_word' id='word_1_685' title='bbox 2258 5548 2304 5599; x_wconf 85' lang='grc' dir='ltr'><strong>εί</strong></span> <span class='ocrx_word' id='word_1_686' title='bbox 2335 5546 2519 5615; x_wconf 88' lang='grc' dir='ltr'>μέλλοι</span> <span class='ocrx_word' id='word_1_687' title='bbox 2549 5547 2778 5611; x_wconf 88' lang='grc' dir='ltr'>ταύταις</span> <span class='ocrx_word' id='word_1_688' title='bbox 2801 5550 2957 5614; x_wconf 76' lang='grc' dir='ltr'>ίὲναι,</span> <span class='ocrx_word' id='word_1_689' title='bbox 2994 5550 3293 5621; x_wconf 78' lang='grc' dir='ltr'>χρονιζέτω</span> <span class='ocrx_word' id='word_1_690' title='bbox 3319 5551 3394 5622; x_wconf 81' lang='grc' dir='ltr'>μὴ</span> <span class='ocrx_word' id='word_1_691' title='bbox 3433 5554 3595 5608; x_wconf 78' lang='grc' dir='ltr'>πλέον</span> <span class='ocrx_word' id='word_1_692' title='bbox 3627 5556 3846 5623; x_wconf 85' lang='grc' dir='ltr'>Κυρια-</span> 
     </span>
    </p>
   </div>
   <div class='ocr_carea' id='block_1_113' title="bbox 2260 5630 3838 5714">
    <p class='ocr_par' dir='ltr' id='par_1_113' title="bbox 2260 5630 3838 5714">
     <span class='ocr_line' id='line_1_113' title="bbox 2260 5630 3838 5714; baseline 0.004 -20"><span class='ocrx_word' id='word_1_693' title='bbox 2260 5638 2370 5694; x_wconf 84' lang='grc' dir='ltr'>κῶν</span> <span class='ocrx_word' id='word_1_694' title='bbox 2418 5637 2587 5710; x_wconf 87' lang='grc' dir='ltr'>τριῶν</span> <span class='ocrx_word' id='word_1_695' title='bbox 2622 5640 2989 5713; x_wconf 69' lang='grc' dir='ltr'>διαστήματος</span> <span class='ocrx_word' id='word_1_696' title='bbox 3012 5659 3026 5675; x_wconf 78' lang='grc' dir='ltr'><strong><em>ο</em></strong></span> <span class='ocrx_word' id='word_1_697' title='bbox 3057 5641 3196 5696; x_wconf 81' lang='grc' dir='ltr'>οὕτω</span> <span class='ocrx_word' id='word_1_698' title='bbox 3236 5630 3342 5714; x_wconf 68' lang='grc' dir='ltr'><strong>γὰρ</strong></span> <span class='ocrx_word' id='word_1_699' title='bbox 3379 5645 3409 5714; x_wconf 79' lang='grc' dir='ltr'>ἡ</span> <span class='ocrx_word' id='word_1_700' title='bbox 3457 5645 3632 5698; x_wconf 80' lang='grc' dir='ltr'>οίκεία</span> <span class='ocrx_word' id='word_1_701' title='bbox 3667 5649 3838 5701; x_wconf 53' lang='lat' dir='ltr'><strong>aut?»</strong></span> 
     </span>
    </p>
   </div>
  </div>
