4010 6336
189 229 256 287 93
1417 213 1752 300 ἑγΝοΡδιε

1865 244 2210 306 ANONUM.
3370 248 3440 312 94

193 353 393 420 migrat;
445 354 916 426 καταπλουτήσει,
959 357 1052 409 καὶ
1109 356 1267 420 αὐτὸς
1319 359 1522 426 ἄτυφος
1575 362 1752 429 διαμέ-

1869 380 1931 416 co
1966 365 2193 426 fruetur,
2221 364 2440 434 ipseque
2470 365 2640 421 fastus
2669 366 2975 427 susniciune
3005 367 3236 423 carebit.

192 459 356 496 νέοιτο.

263 536 345 587 ιδ’.
387 536 444 588 '0
471 539 562 589 τὸν
612 538 978 608 ἀκοινώνητον
1017 541 1238 594 ἄλλοθεν
1275 543 1560 605 κοινωνίας
1594 544 1765 608 ἀξιῶν

194 628 332 696 μετὰ
363 629 584 695 γνῶσιν,
613 631 714 683 οὐκ
748 633 1064 697 ἀνεύθυνος.
1689 609 1708 625 Ι

263 727 349 772 ιε’.
398 721 454 772 '0
488 723 616 790 παρ’
655 722 912 792 ὀξυχόλου
949 726 1285 798 κατάκριτος
1314 729 1632 798 ἐπικουρίας
1653 728 1764 780 δεό-

193 828 357 882 μενος
383 815 483 866 οὐκ
510 817 843 881 ἀνάκουστος
866 831 879 844 ·
918 818 1046 887 ἄχρι
1080 819 1136 874 δὲ
1175 821 1275 890 τῆς
1317 821 1636 888 ἐπικουρίας
1665 821 1760 888 δη-

189 905 322 974 λαδὴ
356 905 739 974 ἀκοινώνητος.

258 1003 361 1060 ις’.
394 997 502 1050 Τὸν
526 999 808 1069 ἀλλότριον
850 1001 1154 1072 ὑπηρέτην,
1184 1003 1465 1073 ἀλλότριος
1496 1003 1620 1073 δίχα
1661 1005 1759 1070 τῆς

187 1084 405 1137 ἑκείνου
457 1090 683 1158 γνώμης
737 1089 1022 1161 ἐμϐαθμον
1073 1093 1356 1159 καθιστὰς,
1416 1093 1756 1164 καθίστησιν,

184 1174 302 1230 ἀλλ’
337 1176 617 1231 ἀϐέϐαιον.

259 1288 347 1352 ιζ’.
380 1292 443 1343 Οἱ
479 1293 570 1343 ἐπὶ
594 1291 695 1360 τῆς
746 1293 858 1346 τῶν
892 1296 1209 1351 ἑπισκόπων
1242 1299 1580 1369 βραδύτητος
1619 1301 1758 1369 ὅροι,

186 1384 282 1434 καὶ
323 1385 420 1434 ἐπὶ
469 1384 854 1454 πρεσϐυτέρων
923 1389 1014 1441 καὶ
1053 1390 1316 1443 διακόνων
1361 1393 1546 1461 έχουσι
1597 1392 1758 1444 δύνα-

188 1489 303 1539 μιν.

255 1584 351 1654 ιη’.
413 1587 638 1651 Ἀδίκως
687 1592 986 1655 ἐπίσκοπος
1031 1593 1412 1665 ἐλαυνόμενος,
1453 1597 1501 1649 εί
1545 1598 1640 1650 επὶ
1690 1600 1756 1669 τῇ

1937 545 2018 598 H.
2054 545 2152 610 Qui
2191 544 2719 600 excommunicatum
2773 543 2839 598 ab
2892 545 2999 597 alio
3047 545 3427 600 communione

1863 635 2136 701 dignatur,
2169 649 2227 686 re
2253 635 2491 704 cognita,
2519 651 2625 688 non
2653 646 2735 688 est
2763 635 2968 689 insons.
3343 692 3348 698 ,

1938 726 2023 782 l5.
2058 726 2138 777 Ab
2167 727 2430 781 iracundo
2484 725 2873 780 condemnatus
2920 727 2961 780 si
3009 725 3211 779 auxilio
3281 726 3424 779 indi-

1861 828 2004 887 geat,
2039 813 2342 870 audiendus
2368 804 2471 869 eSt‘.
2498 817 2789 883 Quousque
2850 830 2979 868 vero
3012 816 3271 868 auxilium
3328 818 3428 868 imo

1863 909 2181 976 petravcrit,
2215 906 2719 960 cscommunicatus
2749 915 2981 958 maneat.

1936 999 2023 1051 Hi.
2057 999 2302 1052 Alienum
2334 998 2641 1050 minidrum
2674 997 2717 1052 si
2752 999 2870 1064 quis
2904 997 3047 1078 citra
3097 999 3240 1052 illius
3297 997 3420 1065 Epi-

1864 1093 2011 1160 scopi
2065 1107 2389 1147 consensum
2440 1092 2490 1144 in
2536 1092 2714 1160 aliquo
2745 1093 2908 1160 gradu
2947 1094 3259 1155 constituat.
3307 1106 3436 1147 con-

1863 1183 2038 1237 stituit
2096 1185 2335 1253 quidem,
2387 1188 2479 1238 sed
2525 1183 2793 1238 ordinatio
2841 1183 3069 1236 invnlida
3106 1193 3207 1236 est.

1933 1300 2020 1353 Π.
2046 1298 2118 1352 Ea
2149 1315 2266 1368 qua:
2301 1301 2365 1351 dc
2390 1297 2616 1366 longiori
2657 1298 3030 1364 episcoporum
3089 1309 3238 1350 mora
3294 1293 3430 1348 deii—

1861 1389 1972 1443 nita
2009 1400 2154 1455 sunt,
2181 1390 2234 1443 in
2267 1389 2593 1460 presbyteris
2628 1403 2842 1456 quoque
2887 1397 2942 1441 et
3003 1388 3248 1440 diaconis
3320 1387 3425 1438 vim

1862 1481 2087 1537 habent.

1932 1591 2023 1647 48.
2054 1593 2349 1661 Episcopus
2373 1590 2570 1657 injuste
2596 1589 2852 1658 expulsus
2881 1591 2924 1643 si
2997 1589 3048 1642 in
3099 1591 3271 1642 aliena
3329 1589 3429 1642 Ec~

179 1678 447 1748 ἀλλοτρία
492 1680 686 1749 διάγοι,
721 1685 958 1751 δεκτέος,
998 1686 1103 1748 ἕως
1146 1687 1243 1758 τὴν
1289 1688 1448 1760 ὓϐριν
1478 1691 1752 1743 ἐπανασώ-

1864 1683 2028 1738 clesia
2071 1685 2251 1751 degat,
2310 1683 2687 1751 suscipiendus
2746 1691 2848 1742 est,
2896 1683 3065 1734 donec
3121 1682 3428 1750 propulsata

179 1786 356 1826 σοιτο.

259 1890 352 1946 ιϐ’.
387 1894 647 1956 ’Δδεκτος
675 1894 704 1948 ὁ
727 1892 991 1962 κληρικὸς
1011 1895 1039 1946 ό
1080 1894 1154 1963 μὴ
1185 1891 1357 1946 τελῶν
1383 1896 1462 1955 είς
1496 1893 1594 1964 τὴν
1633 1894 1756 1947 ἐκ-

180 1983 440 2050 κλησίαν,
475 1987 531 2038 ὲν
562 1981 595 2058 ᾖ
628 1984 996 2055 κεκλήρωται.
1044 1985 1377 2054 Εὑτυχιανὸς
1417 1983 1602 2055 μέντοι
1662 1987 1758 2038 καὶ

181 2073 465 2136 Ιιουσαίος
505 2073 807 2141 ἐπισκόπου
849 2074 1043 2143 κλῆσιν
1084 2077 1184 2128 οὐκ
1218 2074 1570 2146 ὲκδικήσουσι
1597 2092 1612 2107 ο
1643 2093 1760 2128 κοι-

178 2165 386 2227 νωνίας
411 2166 594 2233 μέντοι
617 2165 761 2219 κατὰ
787 2166 913 2228 τοὺς
939 2165 1184 2233 λαῖκοῦς,
1220 2168 1316 2220 ἐὰν
1347 2166 1598 2233 θέλωσιν,
1629 2171 1755 2220 ὲπι-

177 2253 495 2318 τεύξονται.

250 2363 322 2418 κ’.
363 2365 429 2418 Ὀ
455 2366 522 2418 τὰ
549 2367 751 2432 καλῶς,
781 2369 875 2422 καὶ
903 2368 1210 2438 θεαρέστως
1234 2371 1571 2441 ἑνηνεγμένα
1600 2370 1754 2442 τύφῳ

177 2457 605 2527 παρασαλεῦσαι
635 2459 998 2530 πειρώμενος,
1035 2462 1133 2514 οὐκ
1155 2446 1478 2527 ἐπίσκοπος.

255 2641 368 2688 ια’.
403 2635 744 2704 τεθεαμενος
783 2636 1082 2700 ἐπίσκοπος
1126 2638 1425 2691 ἐπίσκοπον
1462 2639 1757 2710 ἐρχόμενον

178 2728 242 2780 ιν
273 2727 648 2798 στρατοπέδῳ,
686 2727 941 2797 ἐμποδὼν
975 2731 1050 2801 μὴ
1083 2730 1338 2798 γινέσθω,
1367 2733 1414 2783 εἰ
1437 2732 1592 2800 γνοίη
1618 2734 1758 2786 κατά

147 2835 236 2869 οτι
263 2818 378 2870 τῶν
395 2819 813 2892 προειρημένων
839 2819 1132 2890 ἐρχόμενον
1150 2837 1166 2852 ο
1195 2822 1242 2873 τί
1260 2821 1305 2874 δ’
1330 2821 1526 2887 ἄλλως,
1551 2840 1759 2895 προαγ-

177 2909 430 2978 γελλέτω
452 2912 512 2963 τὺ
534 2910 920 2981 ἀκοινώνητον.

668 3088 936 3142 Συνόδου
968 3089 1262 3158 Ἀφρικῆς.

248 3183 316 3231 α’.
360 3178 424 3230 ’0
453 3180 553 3248 τῆς
591 3177 795 3242 οἰκείας
826 3180 1142 3250 ὁμολογίας,
1173 3183 1206 3253 ἦ
1241 3183 1570 3254 ὑπογραφῆς
1600 3185 1757 3247 ἐναν-

173 3269 313 3332 τίος,
352 3269 566 3322 οῐκοθεν
601 3269 712 3335 ἕξει
745 3269 808 3322 τὸ
830 3269 1047 3340 ἄτιμον.

251 3359 322 3430 β’.
360 3359 423 3414 Ὅ
457 3362 634 3430 ἱερεὺς
691 3366 986 3436 κουράτωρ
1009 3369 1072 3420 οὐ
1105 3369 1336 3436 γίνεται.

248 3456 321 3520 γ’.
366 3451 426 3505 Ὅ
450 3452 641 3523 ἐνηϐος
671 3455 1026 3528 ἀναγνώστης
1063 3460 1093 3528 ἢ
1131 3463 1480 3532 ιγκράτειαν,
1524 3461 1556 3532 ἢ
1593 3461 1756 3525 συζυ-

173 3545 307 3612 γίαν
333 3546 699 3615 όμολογείτω.
1011 3616 1019 3628 ⁸

247 3634 312 3688 δ’.
355 3636 416 3688 ’0
447 3636 552 3706 πρὸ
577 3637 689 3690 τῶν
715 3646 762 3691 κ’
809 3641 904 3694 καὶ
938 3638 1102 3694 πέντε
1130 3643 1341 3713 χρόνων
1385 3645 1653 3708 διάκονος,
1692 3646 1754 3697 οὺ

171 3725 451 3789 διάκονος.
678 3728 688 3736 ’

248 3825 310 3876 ε’.
349 3819 444 3890 Τῷ
485 3821 580 3874 τοῦ
621 3823 1045 3898 τελευτήσαντος
1077 3825 1289 3898 σώματι
1321 3812 1661 3900 Εὐχαριστία
1692 3828 1755 3882 οὐ

169 3912 416 3966 δίδοται·
449 3915 509 3965 οὐ
535 3914 646 3984 γάρ
667 3915 836 3968 ἐσθίει
866 3918 900 3988 ἢ
933 3918 1105 3974 πίνει.

251 4002 328 4067 ς’.
370 4007 437 4058 Οἱ
476 4007 544 4060 τὰ
578 4009 700 4078 ἱερά
750 4010 1143 4082 χειριζόμενοι,
1178 4013 1274 4068 καὶ
1311 4013 1423 4071 ἀπὸ
1462 4013 1571 4068 τῶν
1616 4029 1755 4082 συμ-

175 4097 339 4161 ϐίων,
373 4098 518 4151 κατὰ
544 4100 671 4164 τοὺς
701 4100 864 4167 ίδίους
900 4104 1080 4172 ὄρους,
1108 4105 1645 4177 ὲγκρατευὲσθωσαν.

249 4188 319 4252 ζ’.
362 4191 585 4260 ’Δρτος,
617 4193 711 4246 καὶ
737 4188 878 4263 οἶνος
904 4193 1058 4248 ὕδατι
1099 4198 1444 4267 κεκραμένος
1487 4197 1758 4268 προσαγέ-

174 4279 314 4342 σθω,
349 4279 447 4332 καὶ
479 4281 660 4351 μόνον.

243 4377 314 4438 η’.
357 4369 424 4422 El
457 4372 532 4444 μὴ
560 4373 668 4426 ἀπὸ
691 4377 967 4454 νηστικῶν
1001 4376 1134 4444 ᾇγια
1151 4377 1212 4430 οὐ
1247 4378 1604 4455 προσάγεται.

247 4460 312 4516 θ’.
351 4461 570 4534 Θέατρα
620 4466 932 4536 Κυριακαῐς
984 4467 1079 4522 καὶ
1151 4470 1367 4540 ἑορταῖς
1417 4468 1477 4524 οὐ
1529 4469 1754 4538 συνάγε-

165 4570 282 4606 ται.

248 4651 301 4701 ι’.
331 4644 422 4697 Τά
449 4646 512 4698 ὲκ
540 4647 640 4714 τῆς
670 4648 893 4719 sema;
927 4651 1119 4719 ὲθάδος
1153 4652 1451 4724 τελούμενα
1491 4654 1572 4708 ἔτι
1612 4673 1752 4726 συμ-

169 4735 341 4789 πόσια
375 4739 902 4808 περιαιρείσθωσαν.

245 4826 339 4880 ια’.
367 4827 742 4904 Θυσιαστήρια
771 4835 829 4885 ὲν
857 4834 1048 4906 ἀγροῖς
1077 4837 1110 4909 ἢ
1152 4838 1441 4909 ἀμπελῶσι
1503 4842 1754 4895 συνιστά-

171 4936 338 4988 μενα,
373 4923 434 4973 ἐν
494 4915 575 4984 οἷς
601 4925 664 4975 οὐ
691 4925 944 4994 λείψανον
985 4932 1164 4984 κεῖται
1214 4933 1517 5004 μάρτυρος,
1577 4937 1624 4986 εί
1679 4936 1752 5005 μὴ

163 5009 438 5078 δημόσιος
469 5011 702 5082 θόρυϐος
734 5017 968 5086 γίνεται,
1001 5024 1442 5093 καταστρέφεται
1465 5041 1479 5055 ’
1522 5027 1615 5078 καὶ
1653 5029 1752 5084 ὅσα

163 5097 243 5149 δι’
270 5099 569 5167 ἐνυπνίων,
596 5103 693 5155 καὶ
716 5105 1114 5177 ἀποκαλύψεων
1136 5111 1451 5168 συνίσταται
1481 5111 1748 5180 ματαίων,

163 5189 457 5255 ἀσύστατα
484 5192 668 5260 ξόανα,
698 5195 847 5249 ἅπαν
879 5200 975 5250 καὶ
1005 5199 1224 5254 εἴδωλον
1242 5240 1256 5255 .

239 5367 333 5438 ιβ’.
371 5369 437 5423 Οἱ
469 5371 824 5441 γεννηθέντες
856 5370 1132 5446 εὐσεϐείᾳ,
1172 5376 1266 5431 καὶ
1311 5377 1494 5429 πίστει
1529 5377 1749 5446 διατρα-

161 5460 363 5530 φέντες
421 5460 683 5530 βασιλεῖς,
725 5467 882 5533 χεῖρα
922 5467 1186 5536 παρέχειν
1230 5471 1351 5531 ταῖς
1392 5469 1747 5535 Ἐκκλησίαις

156 5552 476 5622 ὀφείλουσιν
496 5569 512 5582 ·
552 5553 674 5605 ἐπεὶ
695 5556 788 5606 καὶ
828 5557 1039 5610 Παύλου
1065 5559 1346 5628 δεομένου,
1381 5562 1747 5632 στρατιωτικὴ

158 5644 283 5716 χεὶρ
322 5644 427 5715 τὴν
461 5643 572 5698 τῶν
603 5645 855 5702 ἀτάκτων
882 5649 1095 5703 διέλυσε
1133 5651 1464 5723 σύμπνοιαν.

1869 1776 2066 1845 injuria
2098 1776 2330 1844 pristino
2363 1776 2539 1839 statui.
2566 1775 2852 1826 restitutus
2880 1773 2970 1825 sit.

1936 1891 2024 1946 l9.
2050 1891 2291 1947 Clericus
2327 1907 2428 1944 non
2466 1892 2666 1958 degens
2698 1891 2751 1943 in
2790 1888 3027 1943 Ecclesia
3073 1889 3126 1941 in
3182 1902 3288 1956 qua
3343 1902 3434 1940 or-

1861 1989 2078 2042 dinatus
2102 1993 2206 2049 est,
2241 2000 2345 2039 non
2378 1992 2459 2038 est
2507 1983 2875 2050 recipiendus.
2941 1980 3307 2050 Eutycliiauus
3353 1991 3432 2030 ta-

1864 2094 1983 2133 men
2027 2087 2082 2132 et
2123 2078 2351 2132 lliusznus
2392 2075 2627 2143 episcopi
2687 2071 3100 2141 appellationem
3157 2086 3263 2122 non
3325 2070 3427 2124 sibi

1862 2170 2268 2223 vindicabunt:
2318 2165 2752 2220 communionem
2804 2177 2936 2217 vero
2987 2175 3108 2217 cum
3161 2159 3334 2223 laticis,
3379 2158 3432 2213 si

1861 2261 2154 2323 voluerint,
2188 2269 2614 2326 consequentur.
2681 2276 2686 2281 ’

1931 2377 2024 2432 εο.
2056 2373 2315 2441 Quisquis
2365 2387 2429 2426 ca
2489 2386 2607 2440 quae
2647 2381 2792 2424 recte
2839 2380 2893 2422 et
2935 2383 2999 2422 ex
3045 2367 3233 2422 dmno
3288 2378 3428 2432 pm-

1859 2468 2062 2534 scripto
2089 2465 2232 2520 edita
2279 2473 2404 2518 sunt
2433 2478 2527 2530 per
2568 2461 2930 2529 arrogantiam
2962 2457 3291 2513 labefactare
3332 2471 3425 2510 co-

1862 2569 2039 2621 natur,
2076 2573 2181 2611 non
2211 2567 2292 2610 est
2327 2555 2636 2624 episcopus.

1931 2640 2348 2715 2LEpiscopus
2383 2645 2426 2696 si
2497 2642 2692 2696 viderit
2743 2641 3058 2709 episcopum
3120 2640 3188 2695 ad
3249 2634 3427 2692 aulam

1861 2739 2124 2810 principis
2152 2746 2391 2799 euntem,
2427 2750 2496 2809 ne
2524 2735 2593 2787 sit
2619 2735 2666 2788 ei
2706 2734 3111 2802 impedimento,
3158 2731 3426 2798 siquidem

1863 2832 2180 2902 cognoverit
2232 2843 2355 2883 eum
2413 2828 2481 2881 ob
2531 2825 2731 2895 aliquid
2778 2841 2963 2880 eorum
3015 2838 3134 2894 quae
3175 2823 3429 2891 praedicta

1863 2935 1991 2979 sunt
2039 2922 2307 2992 proﬁcisci
2337 2963 2351 2985 ,
2397 2921 2440 2974 si
2467 2933 2645 2984 secus,
2695 2917 3312 2972 exconununicationem
3377 2915 3429 2969 ei

1785 3028 1830 3087 (ζ
1862 3016 2161 3072 denuntiet.

2376 3100 2577 3170 Synodi
2627 3099 2913 3169 Africana'.

1929 3201 1956 3253 1
2045 3197 2148 3268 Qui
2209 3196 2441 3264 propriae
2479 3191 2806 3246 confessioni
2876 3199 2969 3244 aut
3045 3187 3426 3256 subscriptioui

1789 3293 1802 3305 ⁸
1859 3294 2204 3355 adversatur,
2239 3297 2451 3344 suomet
2482 3285 2686 3356 judicio
2712 3283 3003 3353 ignominia
3038 3281 3337 3336 notabitur.

1927 3386 1982 3438 2.
2009 3381 2278 3438 Sacerdos
2302 3396 2408 3436 non
2442 3380 2498 3432 lit
2524 3386 2764 3432 curator.

1929 3475 1982 3533 5.
2019 3471 2220 3530 Lector
2253 3472 2422 3542 pubes
2474 3479 2568 3523 aut
2626 3466 3038 3532 continentiam,
3105 3473 3200 3518 aut
3241 3463 3430 3533 conju-

1858 3568 2001 3636 gium
2027 3566 2310 3631 proﬁteatu
2325 3580 2370 3616 r.

1925 3653 1977 3706 4.
2005 3652 2104 3716 Qui
2129 3653 2195 3705 ad
2222 3652 2574 3709 diaconatum
2607 3656 2733 3703 ante
2762 3647 2950 3716 viginti
2981 3646 3220 3720 quinque
3257 3660 3432 3699 annos

1857 3754 2144 3813 provectus
2178 3753 2281 3808 est,
2313 3759 2419 3800 non
2445 3751 2527 3798 est
2566 3742 2849 3797 diaconus.

1927 3833 1982 3889 5.
2019 3833 2263 3887 Defuncti
2298 3833 2514 3901 corpori
2552 3831 2891 3886 Eucharistia
2928 3844 3036 3885 non
3073 3831 3266 3884 datur:
3320 3845 3428 3884 non

1855 3926 2000 3978 enim
2032 3923 2269 3979 comedit
2288 3933 2380 3978 aut
2405 3924 2561 3978 bibit.

1926 4013 1980 4069 6.
2007 4013 2106 4079 Qui
2136 4029 2221 4068 res
2251 4028 2439 4068 sacras
2475 4020 2736 4078 tractant,
2765 4011 2832 4066 ab
2887 4009 3167 4074 uxoribus,
3228 4022 3429 4062 secun-

1857 4103 1983 4156 dum
2024 4109 2250 4166 statuta,
2291 4101 2619 4154 abstineant.

1927 4192 1982 4245 7.
2012 4190 2176 4248 Panis
2204 4201 2261 4246 et
2292 4193 2478 4245 vinum
2507 4204 2647 4259 aqua
2706 4189 2950 4253 mistum,
2980 4185 3240 4243 offeratur
3271 4184 3429 4255 idque

1858 4284 2054 4339 solum.

1783 4369 1828 4425 1)
1921 4375 1975 4429 8.
2003 4374 2201 4429 Sancta
2233 4373 2336 4428 nisi
2371 4388 2398 4426 a
2418 4373 2615 4442 jejunis
2642 4385 2748 4424 non
2778 4369 3101 4424 olferuntur.

1926 4466 1979 4520 9.
2011 4464 2247 4519 Theatra
2284 4464 2604 4528 Dominicis,
2639 4470 2736 4516 aut.
2758 4461 2907 4515 l’cstis
2933 4458 3124 4513 diebus
3156 4473 3263 4512 non
3319 4458 3428 4513 l're-

1856 4565 2208 4623 quentantur.

1928 4649 2018 4703 10.
2085 4650 2216 4714 Qua:
2269 4665 2336 4706 ex
2380 4650 2588 4722 gentili
2626 4645 3019 4703 consuetudine
3065 4644 3242 4699 adhuc
3280 4641 3424 4697 cclc-

1855 4741 2086 4794 brantur
2120 4742 2392 4804 convivia,
2425 4741 2707 4796 tollantur.

1927 4834 2014 4886 Η.
2051 4834 2254 4887 Altaria
2283 4849 2401 4902 qua:
2438 4835 2490 4887 in
2549 4834 2696 4903 agris
2750 4841 2844 4887 aut
2905 4830 3078 4885 vineis
3140 4837 3418 4882 exstructa

1854 4935 2002 4990 sunt,
2057 4926 2106 4977 in
2158 4927 2356 4993 quibus
2399 4925 2658 4995 martyris
2727 4921 2955 4989 alicujus
3013 4920 3252 4988 reliquiae
3311 4933 3420 4970 non

1854 5027 1984 5072 sunt
2015 5019 2283 5087 repositas,
2322 5018 2423 5071 nisi
2454 5017 2728 5086 popularis
2776 5015 3041 5068 tumultus
3089 5010 3205 5074 ﬂat,
3269 5024 3427 5062 ever-

1856 5119 2079 5172 tuntur;
2136 5119 2190 5163 et
2245 5123 2579 5178 qu:ccunque
2642 5123 2739 5177 per
2806 5104 3074 5158 insomnia
3148 5114 3423 5167 vanasquc

1857 5201 2216 5256 revelationes
2243 5212 2438 5256 erecta:
2469 5209 2596 5254 sunt
2631 5205 2843 5259 statum,
2882 5209 2945 5250 ac
3005 5193 3282 5263 quodlibet
3343 5191 3417 5244 si-

1851 5293 2173 5356 mulacrum,
2203 5293 2492 5345 cverteuda
2526 5299 2672 5344 sunt.

1927 5385 2012 5438 ιε.
2073 5385 2374 5451 Principes,
2431 5383 2520 5450 qui
2582 5384 2634 5435 in
2685 5382 2886 5450 pietate
2935 5379 3127 5449 geniti,
3166 5375 3417 5444 atquein

1850 5475 1954 5528 fide
1985 5475 2201 5528 educati
2228 5485 2374 5539 sunt,
2443 5488 2656 5526 manum
2708 5474 2948 5539 przcbcre
3012 5467 3272 5522 Ecclesiis
3329 5466 3422 5515 de-

1850 5568 1978 5619 bcnt
2020 5584 2034 5618 :
2081 5565 2542 5633 quamloquidctn,
2599 5566 2871 5632 indigcnte
2929 5561 3113 5625 Paulo,
3169 5556 3419 5611 militaris

1852 5673 2043 5712 manus
2075 5656 2425 5711 factiosorum
2452 5655 2910 5716 consnirationem
2941 5649 3262 5718 dissipavit.»
