  <div class='ocr_page' id='page_1' title='image "/cluster/home/n/w/nwhite01/storage/ocr_20150623/133/pst.000005714490/059.png"; bbox 0 0 4010 6336; ppageno 0'>
   <div class='ocr_carea' id='block_1_1' title="bbox 608 269 2623 370">
    <p class='ocr_par' dir='ltr' id='par_1_1' title="bbox 608 269 2623 370">
     <span class='ocr_line' id='line_1_1' title="bbox 608 269 2623 370; baseline 0.003 -16"><span class='ocrx_word' id='word_1_1' title='bbox 608 306 679 370; x_wconf 70' lang='lat'><strong>99</strong></span> <span class='ocrx_word' id='word_1_2' title='bbox 1862 298 2234 359; x_wconf 70' lang='lat' dir='ltr'><strong>ARISTENI</strong></span> <span class='ocrx_word' id='word_1_3' title='bbox 2275 269 2623 360; x_wconf 67' lang='lat' dir='ltr'><strong>nomen]</strong></span> 
     </span>
    </p>
   </div>
   <div class='ocr_carea' id='block_1_2' title="bbox 679 409 2574 484">
    <p class='ocr_par' dir='ltr' id='par_1_2' title="bbox 679 409 2574 484">
     <span class='ocr_line' id='line_1_2' title="bbox 679 409 2574 484; baseline -0.003 -12"><span class='ocrx_word' id='word_1_4' title='bbox 679 418 772 472; x_wconf 70' lang='lat'><strong>23.</strong></span> <span class='ocrx_word' id='word_1_5' title='bbox 807 414 908 483; x_wconf 85' lang='lat' dir='ltr'><strong>Qui</strong></span> <span class='ocrx_word' id='word_1_6' title='bbox 941 416 993 469; x_wconf 90' lang='lat' dir='ltr'><strong>in</strong></span> <span class='ocrx_word' id='word_1_7' title='bbox 1025 423 1342 484; x_wconf 85' lang='lat' dir='ltr'><strong>perpetuum</strong></span> <span class='ocrx_word' id='word_1_8' title='bbox 1372 411 1649 481; x_wconf 80' lang='lat' dir='ltr'><strong>depositus</strong></span> <span class='ocrx_word' id='word_1_9' title='bbox 1679 419 1784 474; x_wconf 89' lang='lat' dir='ltr'><strong>est,</strong></span> <span class='ocrx_word' id='word_1_10' title='bbox 1813 420 1975 481; x_wconf 70' lang='lat' dir='ltr'><strong>atque</strong></span> <span class='ocrx_word' id='word_1_11' title='bbox 2008 412 2060 464; x_wconf 91' lang='lat' dir='ltr'><strong>in</strong></span> <span class='ocrx_word' id='word_1_12' title='bbox 2094 411 2189 463; x_wconf 90' lang='lat' dir='ltr'><strong>lai-</strong></span> <span class='ocrx_word' id='word_1_13' title='bbox 2219 418 2263 472; x_wconf 78' lang='grc' dir='ltr'>Α</span> <span class='ocrx_word' id='word_1_14' title='bbox 2368 412 2472 481; x_wconf 87' lang='grc' dir='ltr'><strong>κβ’.</strong></span> <span class='ocrx_word' id='word_1_15' title='bbox 2511 409 2574 468; x_wconf 65' lang='grc'><strong>’.³</strong></span> 
     </span>
    </p>
   </div>
   <div class='ocr_carea' id='block_1_3' title="bbox 609 500 2192 574">
    <p class='ocr_par' dir='ltr' id='par_1_3' title="bbox 609 500 2192 574">
     <span class='ocr_line' id='line_1_3' title="bbox 609 500 2192 574; baseline -0.006 -10"><span class='ocrx_word' id='word_1_16' title='bbox 609 525 799 565; x_wconf 84' lang='lat' dir='ltr'><strong>eorum</strong></span> <span class='ocrx_word' id='word_1_17' title='bbox 835 508 1080 562; x_wconf 85' lang='lat' dir='ltr'><strong>ordinem</strong></span> <span class='ocrx_word' id='word_1_18' title='bbox 1115 507 1389 568; x_wconf 88' lang='lat' dir='ltr'><strong>redactus,</strong></span> <span class='ocrx_word' id='word_1_19' title='bbox 1417 503 1660 574; x_wconf 77' lang='lat' dir='ltr'><strong>pteuitus</strong></span> <span class='ocrx_word' id='word_1_20' title='bbox 1693 500 2004 567; x_wconf 85' lang='lat' dir='ltr'><strong>tondeatur,</strong></span> <span class='ocrx_word' id='word_1_21' title='bbox 2031 502 2192 571; x_wconf 82' lang='lat' dir='ltr'><strong>idque</strong></span> 
     </span>
    </p>
   </div>
   <div class='ocr_carea' id='block_1_4' title="bbox 609 596 1971 663">
    <p class='ocr_par' dir='ltr' id='par_1_4' title="bbox 609 596 1971 663">
     <span class='ocr_line' id='line_1_4' title="bbox 609 596 1971 663; baseline -0.007 -8"><span class='ocrx_word' id='word_1_22' title='bbox 609 603 783 655; x_wconf 88' lang='lat' dir='ltr'><strong>solum</strong></span> <span class='ocrx_word' id='word_1_23' title='bbox 817 617 830 653; x_wconf 89' lang='lat'><strong>:</strong></span> <span class='ocrx_word' id='word_1_24' title='bbox 866 601 950 654; x_wconf 91' lang='lat' dir='ltr'><strong>sin</strong></span> <span class='ocrx_word' id='word_1_25' title='bbox 985 613 1135 663; x_wconf 81' lang='lat' dir='ltr'><strong>vero,</strong></span> <span class='ocrx_word' id='word_1_26' title='bbox 1165 613 1379 652; x_wconf 88' lang='lat' dir='ltr'><strong>comam.</strong></span> <span class='ocrx_word' id='word_1_27' title='bbox 1409 596 1634 649; x_wconf 92' lang='lat' dir='ltr'><strong>nutriat.</strong></span> <span class='ocrx_word' id='word_1_28' title='bbox 1968 609 1971 611; x_wconf 92' lang='grc'><strong>·</strong></span> 
     </span>
    </p>
   </div>
   <div class='ocr_carea' id='block_1_5' title="bbox 685 677 2194 758">
    <p class='ocr_par' dir='ltr' id='par_1_5' title="bbox 685 677 2194 758">
     <span class='ocr_line' id='line_1_5' title="bbox 685 677 2194 758; baseline -0.005 -13"><span class='ocrx_word' id='word_1_29' title='bbox 685 691 777 745; x_wconf 69' lang='grc'><strong>25.</strong></span> <span class='ocrx_word' id='word_1_30' title='bbox 812 690 877 744; x_wconf 82' lang='lat' dir='ltr'><strong>Et</strong></span> <span class='ocrx_word' id='word_1_31' title='bbox 917 690 1009 758; x_wconf 90' lang='lat' dir='ltr'><strong>qui</strong></span> <span class='ocrx_word' id='word_1_32' title='bbox 1061 689 1467 743; x_wconf 86' lang='lat' dir='ltr'><strong>immaculatam</strong></span> <span class='ocrx_word' id='word_1_33' title='bbox 1513 677 1944 740; x_wconf 67' lang='lat' dir='ltr'><strong>communionem</strong></span> <span class='ocrx_word' id='word_1_34' title='bbox 1993 686 2194 754; x_wconf 86' lang='lat' dir='ltr'><strong>imper-</strong></span> 
     </span>
    </p>
   </div>
   <div class='ocr_carea' id='block_1_6' title="bbox 614 777 2194 854">
    <p class='ocr_par' dir='ltr' id='par_1_6' title="bbox 614 777 2194 854">
     <span class='ocr_line' id='line_1_6' title="bbox 614 777 2194 854; baseline -0.004 -16"><span class='ocrx_word' id='word_1_35' title='bbox 614 785 794 838; x_wconf 88' lang='lat' dir='ltr'><strong>tiendo</strong></span> <span class='ocrx_word' id='word_1_36' title='bbox 825 784 1042 837; x_wconf 85' lang='lat' dir='ltr'><strong>obolum</strong></span> <span class='ocrx_word' id='word_1_37' title='bbox 1071 784 1260 854; x_wconf 65' lang='lat' dir='ltr'><strong>exigit,</strong></span> <span class='ocrx_word' id='word_1_38' title='bbox 1284 789 1377 834; x_wconf 88' lang='lat' dir='ltr'><strong>aut</strong></span> <span class='ocrx_word' id='word_1_39' title='bbox 1401 779 1562 833; x_wconf 81' lang='lat' dir='ltr'><strong>aliam</strong></span> <span class='ocrx_word' id='word_1_40' title='bbox 1591 777 1850 849; x_wconf 83' lang='lat' dir='ltr'><strong>speciem,</strong></span> <span class='ocrx_word' id='word_1_41' title='bbox 1874 778 2194 848; x_wconf 81' lang='lat' dir='ltr'><strong>tlepOnatur.</strong></span> 
     </span>
    </p>
   </div>
   <div class='ocr_carea' id='block_1_7' title="bbox 683 869 2195 942">
    <p class='ocr_par' dir='ltr' id='par_1_7' title="bbox 683 869 2195 942">
     <span class='ocr_line' id='line_1_7' title="bbox 683 869 2195 942; baseline -0.003 -14"><span class='ocrx_word' id='word_1_42' title='bbox 683 875 777 928; x_wconf 69' lang='grc'><strong>24.</strong></span> <span class='ocrx_word' id='word_1_43' title='bbox 823 874 1072 928; x_wconf 79' lang='lat' dir='ltr'><strong>Clericus</strong></span> <span class='ocrx_word' id='word_1_44' title='bbox 1124 874 1215 942; x_wconf 90' lang='lat' dir='ltr'><strong>qui</strong></span> <span class='ocrx_word' id='word_1_45' title='bbox 1269 871 1336 927; x_wconf 84' lang='lat' dir='ltr'><strong>ad</strong></span> <span class='ocrx_word' id='word_1_46' title='bbox 1399 872 1675 926; x_wconf 82' lang='lat' dir='ltr'><strong>circenses</strong></span> <span class='ocrx_word' id='word_1_47' title='bbox 1727 869 2064 933; x_wconf 83' lang='lat' dir='ltr'><strong>ascenderit,</strong></span> <span class='ocrx_word' id='word_1_48' title='bbox 2103 880 2195 924; x_wconf 85' lang='lat' dir='ltr'><strong>aut</strong></span> 
     </span>
    </p>
   </div>
   <div class='ocr_carea' id='block_1_8' title="bbox 617 958 2196 1034">
    <p class='ocr_par' dir='ltr' id='par_1_8' title="bbox 617 958 2196 1034">
     <span class='ocr_line' id='line_1_8' title="bbox 617 958 2196 1034; baseline -0.002 -19"><span class='ocrx_word' id='word_1_49' title='bbox 617 964 922 1034; x_wconf 81' lang='lat' dir='ltr'><strong>thymelieis</strong></span> <span class='ocrx_word' id='word_1_50' title='bbox 949 965 1016 1017; x_wconf 88' lang='lat' dir='ltr'><strong>ad</strong></span> <span class='ocrx_word' id='word_1_51' title='bbox 1049 961 1265 1031; x_wconf 81' lang='lat' dir='ltr'><strong>nuptias</strong></span> <span class='ocrx_word' id='word_1_52' title='bbox 1291 960 1623 1030; x_wconf 78' lang='lat' dir='ltr'><strong>ingressuris</strong></span> <span class='ocrx_word' id='word_1_53' title='bbox 1650 974 1754 1012; x_wconf 91' lang='lat' dir='ltr'><strong>non</strong></span> <span class='ocrx_word' id='word_1_54' title='bbox 1787 958 2010 1022; x_wconf 82' lang='lat' dir='ltr'><strong>recedit,</strong></span> <span class='ocrx_word' id='word_1_55' title='bbox 2030 958 2196 1026; x_wconf 87' lang='lat' dir='ltr'><strong>depo-</strong></span> 
     </span>
    </p>
   </div>
   <div class='ocr_carea' id='block_1_9' title="bbox 599 1046 1900 1108">
    <p class='ocr_par' dir='ltr' id='par_1_9' title="bbox 599 1046 1900 1108">
     <span class='ocr_line' id='line_1_9' title="bbox 599 1046 1900 1108; baseline 0.001 -1"><span class='ocrx_word' id='word_1_56' title='bbox 599 1046 795 1107; x_wconf 68' lang='lat' dir='ltr'><strong>natur.</strong></span> <span class='ocrx_word' id='word_1_57' title='bbox 1896 1106 1900 1108; x_wconf 85' lang='lat'><strong>.</strong></span> 
     </span>
    </p>
   </div>
   <div class='ocr_carea' id='block_1_10' title="bbox 685 1140 2196 1215">
    <p class='ocr_par' dir='ltr' id='par_1_10' title="bbox 685 1140 2196 1215">
     <span class='ocr_line' id='line_1_10' title="bbox 685 1140 2196 1215; baseline -0.003 -15"><span class='ocrx_word' id='word_1_58' title='bbox 685 1147 778 1200; x_wconf 70' lang='grc'><strong>25.</strong></span> <span class='ocrx_word' id='word_1_59' title='bbox 813 1147 1122 1202; x_wconf 79' lang='lat' dir='ltr'><strong>Rusticante</strong></span> <span class='ocrx_word' id='word_1_60' title='bbox 1161 1156 1216 1200; x_wconf 89' lang='lat' dir='ltr'><strong>et</strong></span> <span class='ocrx_word' id='word_1_61' title='bbox 1252 1160 1371 1215; x_wconf 70' lang='lat' dir='ltr'><strong>quae</strong></span> <span class='ocrx_word' id='word_1_62' title='bbox 1413 1144 1469 1198; x_wconf 87' lang='lat' dir='ltr'><strong>in</strong></span> <span class='ocrx_word' id='word_1_63' title='bbox 1505 1143 1638 1197; x_wconf 87' lang='lat' dir='ltr'><strong>vicis</strong></span> <span class='ocrx_word' id='word_1_64' title='bbox 1677 1149 1806 1196; x_wconf 87' lang='lat' dir='ltr'><strong>sunt</strong></span> <span class='ocrx_word' id='word_1_65' title='bbox 1838 1140 2120 1212; x_wconf 63' lang='lat' dir='ltr'><strong>parmciae.</strong></span> <span class='ocrx_word' id='word_1_66' title='bbox 2150 1140 2196 1196; x_wconf 88' lang='lat' dir='ltr'><strong>si</strong></span> 
     </span>
    </p>
   </div>
   <div class='ocr_carea' id='block_1_11' title="bbox 615 1230 2197 1307">
    <p class='ocr_par' dir='ltr' id='par_1_11' title="bbox 615 1230 2197 1307">
     <span class='ocr_line' id='line_1_11' title="bbox 615 1230 2197 1307; baseline -0.001 -19"><span class='ocrx_word' id='word_1_67' title='bbox 615 1254 710 1306; x_wconf 74' lang='lat' dir='ltr'><strong>per</strong></span> <span class='ocrx_word' id='word_1_68' title='bbox 736 1241 951 1307; x_wconf 74' lang='lat' dir='ltr'><strong>triginta</strong></span> <span class='ocrx_word' id='word_1_69' title='bbox 977 1253 1149 1293; x_wconf 87' lang='lat' dir='ltr'><strong>annos</strong></span> <span class='ocrx_word' id='word_1_70' title='bbox 1173 1252 1435 1307; x_wconf 67' lang='lat' dir='ltr'><strong>possessa:</strong></span> <span class='ocrx_word' id='word_1_71' title='bbox 1458 1234 1684 1299; x_wconf 76' lang='lat' dir='ltr'><strong>fuerint,</strong></span> <span class='ocrx_word' id='word_1_72' title='bbox 1703 1243 1992 1289; x_wconf 82' lang='lat' dir='ltr'><strong>teneantur</strong></span> <span class='ocrx_word' id='word_1_73' title='bbox 2015 1249 2029 1286; x_wconf 88' lang='lat'><strong>:</strong></span> <span class='ocrx_word' id='word_1_74' title='bbox 2058 1230 2197 1286; x_wconf 77' lang='lat' dir='ltr'><strong>infra</strong></span> 
     </span>
    </p>
   </div>
   <div class='ocr_carea' id='block_1_12' title="bbox 615 1323 1892 1393">
    <p class='ocr_par' dir='ltr' id='par_1_12' title="bbox 615 1323 1892 1393">
     <span class='ocr_line' id='line_1_12' title="bbox 615 1323 1892 1393; baseline -0.001 -19"><span class='ocrx_word' id='word_1_75' title='bbox 615 1338 764 1390; x_wconf 82' lang='lat' dir='ltr'><strong>vero,</strong></span> <span class='ocrx_word' id='word_1_76' title='bbox 793 1325 1166 1380; x_wconf 83' lang='lat' dir='ltr'><strong>controversia</strong></span> <span class='ocrx_word' id='word_1_77' title='bbox 1195 1326 1262 1379; x_wconf 91' lang='lat' dir='ltr'><strong>de</strong></span> <span class='ocrx_word' id='word_1_78' title='bbox 1289 1323 1355 1379; x_wconf 90' lang='lat' dir='ltr'><strong>lis</strong></span> <span class='ocrx_word' id='word_1_79' title='bbox 1385 1324 1589 1393; x_wconf 80' lang='lat' dir='ltr'><strong>moveri</strong></span> <span class='ocrx_word' id='word_1_80' title='bbox 1623 1323 1842 1391; x_wconf 87' lang='lat' dir='ltr'><strong>poterit.</strong></span> <span class='ocrx_word' id='word_1_81' title='bbox 1888 1368 1892 1372; x_wconf 90' lang='lat'><strong>.</strong></span> 
     </span>
    </p>
   </div>
   <div class='ocr_carea' id='block_1_13' title="bbox 686 1411 2199 1487">
    <p class='ocr_par' dir='ltr' id='par_1_13' title="bbox 686 1411 2199 1487">
     <span class='ocr_line' id='line_1_13' title="bbox 686 1411 2199 1487; baseline -0.005 -18"><span class='ocrx_word' id='word_1_82' title='bbox 686 1415 776 1469; x_wconf 73' lang='grc'><strong>26.</strong></span> <span class='ocrx_word' id='word_1_83' title='bbox 805 1414 1102 1486; x_wconf 77' lang='lat' dir='ltr'><strong>Presbyter</strong></span> <span class='ocrx_word' id='word_1_84' title='bbox 1131 1417 1222 1487; x_wconf 89' lang='lat' dir='ltr'><strong>qui</strong></span> <span class='ocrx_word' id='word_1_85' title='bbox 1258 1415 1313 1470; x_wconf 92' lang='lat' dir='ltr'><strong>in</strong></span> <span class='ocrx_word' id='word_1_86' title='bbox 1352 1414 1597 1469; x_wconf 90' lang='lat' dir='ltr'><strong>illicitum</strong></span> <span class='ocrx_word' id='word_1_87' title='bbox 1635 1411 2199 1467; x_wconf 71' lang='lat' dir='ltr'><strong>incideritmatrimo-</strong></span> 
     </span>
    </p>
   </div>
   <div class='ocr_carea' id='block_1_14' title="bbox 617 1504 2198 1576">
    <p class='ocr_par' dir='ltr' id='par_1_14' title="bbox 617 1504 2198 1576">
     <span class='ocr_line' id='line_1_14' title="bbox 617 1504 2198 1576; baseline -0.002 -15"><span class='ocrx_word' id='word_1_88' title='bbox 617 1509 788 1574; x_wconf 83' lang='lat' dir='ltr'><strong>nium,</strong></span> <span class='ocrx_word' id='word_1_89' title='bbox 814 1509 1092 1576; x_wconf 81' lang='lat' dir='ltr'><strong>depositus</strong></span> <span class='ocrx_word' id='word_1_90' title='bbox 1116 1508 1388 1564; x_wconf 62' lang='lat' dir='ltr'><strong>cathedrae</strong></span> <span class='ocrx_word' id='word_1_91' title='bbox 1417 1506 1590 1562; x_wconf 83' lang='lat' dir='ltr'><strong>solum</strong></span> <span class='ocrx_word' id='word_1_92' title='bbox 1624 1506 1897 1576; x_wconf 86' lang='lat' dir='ltr'><strong>oarticeps</strong></span> <span class='ocrx_word' id='word_1_93' title='bbox 1926 1505 2019 1571; x_wconf 88' lang='lat' dir='ltr'><strong>sit,</strong></span> <span class='ocrx_word' id='word_1_94' title='bbox 2049 1504 2198 1559; x_wconf 88' lang='lat' dir='ltr'><strong>omni</strong></span> 
     </span>
    </p>
   </div>
   <div class='ocr_carea' id='block_1_15' title="bbox 617 1603 1397 1673">
    <p class='ocr_par' dir='ltr' id='par_1_15' title="bbox 617 1603 1397 1673">
     <span class='ocr_line' id='line_1_15' title="bbox 617 1603 1397 1673; baseline 0.001 -18"><span class='ocrx_word' id='word_1_95' title='bbox 617 1603 830 1671; x_wconf 81' lang='lat' dir='ltr'><strong>piaculo</strong></span> <span class='ocrx_word' id='word_1_96' title='bbox 857 1612 1206 1673; x_wconf 72' lang='lat' dir='ltr'><strong>expurgatus.</strong></span> <span class='ocrx_word' id='word_1_97' title='bbox 1395 1612 1397 1614; x_wconf 76' lang='grc'><strong><em>’</em></strong></span> 
     </span>
    </p>
   </div>
   <div class='ocr_carea' id='block_1_16' title="bbox 687 1691 2197 1762">
    <p class='ocr_par' dir='ltr' id='par_1_16' title="bbox 687 1691 2197 1762">
     <span class='ocr_line' id='line_1_16' title="bbox 687 1691 2197 1762; baseline -0.002 -15"><span class='ocrx_word' id='word_1_98' title='bbox 687 1694 778 1748; x_wconf 71' lang='lat'><strong>27.</strong></span> <span class='ocrx_word' id='word_1_99' title='bbox 812 1693 940 1749; x_wconf 69' lang='lat' dir='ltr'><strong>Uvae</strong></span> <span class='ocrx_word' id='word_1_100' title='bbox 979 1711 1010 1747; x_wconf 71' lang='grc' dir='ltr'><strong>ε</strong></span> <span class='ocrx_word' id='word_1_101' title='bbox 1053 1692 1374 1762; x_wconf 87' lang='lat' dir='ltr'><strong>quihusdam</strong></span> <span class='ocrx_word' id='word_1_102' title='bbox 1413 1693 1700 1748; x_wconf 87' lang='lat' dir='ltr'><strong>incruento</strong></span> <span class='ocrx_word' id='word_1_103' title='bbox 1735 1691 2007 1746; x_wconf 79' lang='lat' dir='ltr'><strong>sacriﬁcio</strong></span> <span class='ocrx_word' id='word_1_104' title='bbox 2041 1691 2197 1745; x_wconf 82' lang='lat' dir='ltr'><strong>adhi-</strong></span> 
     </span>
    </p>
   </div>
   <div class='ocr_carea' id='block_1_17' title="bbox 2606 410 3881 484">
    <p class='ocr_par' dir='ltr' id='par_1_17' title="bbox 2606 410 3881 484">
     <span class='ocr_line' id='line_1_17' title="bbox 2606 410 3881 484; baseline -0.002 -20"><span class='ocrx_word' id='word_1_105' title='bbox 2606 411 2876 482; x_wconf 63' lang='grc' dir='ltr'><strong>ἳιηθθιηῶς</strong></span> <span class='ocrx_word' id='word_1_106' title='bbox 2908 412 3122 484; x_wconf 76' lang='grc' dir='ltr'><strong>καθηρη</strong></span> <span class='ocrx_word' id='word_1_107' title='bbox 3133 412 3316 482; x_wconf 85' lang='grc' dir='ltr'><strong>μένος,</strong></span> <span class='ocrx_word' id='word_1_108' title='bbox 3348 410 3445 465; x_wconf 77' lang='grc' dir='ltr'><strong>καὶ</strong></span> <span class='ocrx_word' id='word_1_109' title='bbox 3471 412 3554 474; x_wconf 85' lang='grc' dir='ltr'><strong>είς</strong></span> <span class='ocrx_word' id='word_1_110' title='bbox 3582 411 3709 474; x_wconf 83' lang='grc' dir='ltr'><strong>τοὺς</strong></span> <span class='ocrx_word' id='word_1_111' title='bbox 3748 410 3881 463; x_wconf 74' lang='grc' dir='ltr'><strong>λαῖ·</strong></span> 
     </span>
    </p>
   </div>
   <div class='ocr_carea' id='block_1_18' title="bbox 2297 502 3883 574">
    <p class='ocr_par' dir='ltr' id='par_1_18' title="bbox 2297 502 3883 574">
     <span class='ocr_line' id='line_1_18' title="bbox 2297 502 3883 574; baseline 0 -20"><span class='ocrx_word' id='word_1_112' title='bbox 2297 504 2424 559; x_wconf 76' lang='grc' dir='ltr'><strong>κοὺς</strong></span> <span class='ocrx_word' id='word_1_113' title='bbox 2450 504 2744 568; x_wconf 79' lang='grc' dir='ltr'><strong>ἀπωσθεὶς,</strong></span> <span class='ocrx_word' id='word_1_114' title='bbox 2773 505 3218 574; x_wconf 80' lang='grc' dir='ltr'><strong>μεταμελόμενος</strong></span> <span class='ocrx_word' id='word_1_115' title='bbox 3250 504 3522 573; x_wconf 76' lang='grc' dir='ltr'><strong>κειρέσθω</strong></span> <span class='ocrx_word' id='word_1_116' title='bbox 3541 503 3637 556; x_wconf 75' lang='grc' dir='ltr'><strong>καὶ</strong></span> <span class='ocrx_word' id='word_1_117' title='bbox 3669 502 3843 570; x_wconf 80' lang='grc' dir='ltr'><strong>μόνον</strong></span> <span class='ocrx_word' id='word_1_118' title='bbox 3865 515 3883 529; x_wconf 78' lang='grc'><strong><em>⁸</em></strong></span> 
     </span>
    </p>
   </div>
   <div class='ocr_carea' id='block_1_19' title="bbox 2295 593 3297 668">
    <p class='ocr_par' dir='ltr' id='par_1_19' title="bbox 2295 593 3297 668">
     <span class='ocr_line' id='line_1_19' title="bbox 2295 593 3297 668; baseline 0.002 -23"><span class='ocrx_word' id='word_1_119' title='bbox 2295 595 2344 645; x_wconf 78' lang='grc' dir='ltr'><strong>εἰ</strong></span> <span class='ocrx_word' id='word_1_120' title='bbox 2377 593 2435 646; x_wconf 83' lang='grc' dir='ltr'><strong>δὲ</strong></span> <span class='ocrx_word' id='word_1_121' title='bbox 2469 594 2566 663; x_wconf 81' lang='grc' dir='ltr'><strong>μὴ,</strong></span> <span class='ocrx_word' id='word_1_122' title='bbox 2597 596 2698 665; x_wconf 81' lang='grc' dir='ltr'><strong>τὴν</strong></span> <span class='ocrx_word' id='word_1_123' title='bbox 2726 596 2905 668; x_wconf 90' lang='grc' dir='ltr'><strong>κόμην</strong></span> <span class='ocrx_word' id='word_1_124' title='bbox 2932 594 3297 665; x_wconf 73' lang='grc' dir='ltr'><strong>ἐπιτρεφέτω.</strong></span> 
     </span>
    </p>
   </div>
   <div class='ocr_carea' id='block_1_20' title="bbox 2368 685 3885 758">
    <p class='ocr_par' dir='ltr' id='par_1_20' title="bbox 2368 685 3885 758">
     <span class='ocr_line' id='line_1_20' title="bbox 2368 685 3885 758; baseline -0.001 -20"><span class='ocrx_word' id='word_1_125' title='bbox 2368 693 2475 754; x_wconf 80' lang='grc' dir='ltr'><strong>κγ’.</strong></span> <span class='ocrx_word' id='word_1_126' title='bbox 2525 688 2634 740; x_wconf 73' lang='grc' dir='ltr'><strong>Καὶ</strong></span> <span class='ocrx_word' id='word_1_127' title='bbox 2678 689 2708 741; x_wconf 91' lang='grc' dir='ltr'><strong>ό</strong></span> <span class='ocrx_word' id='word_1_128' title='bbox 2752 688 2851 758; x_wconf 83' lang='grc' dir='ltr'><strong>τῆς</strong></span> <span class='ocrx_word' id='word_1_129' title='bbox 2887 687 3158 758; x_wconf 84' lang='grc' dir='ltr'><strong>ἀχράντου</strong></span> <span class='ocrx_word' id='word_1_130' title='bbox 3209 685 3526 757; x_wconf 80' lang='grc' dir='ltr'><strong>μεταδιδοὺς</strong></span> <span class='ocrx_word' id='word_1_131' title='bbox 3561 685 3885 747; x_wconf 82' lang='grc' dir='ltr'><strong>κοινωνίας,</strong></span> 
     </span>
    </p>
   </div>
   <div class='ocr_carea' id='block_1_21' title="bbox 2297 775 3688 851">
    <p class='ocr_par' dir='ltr' id='par_1_21' title="bbox 2297 775 3688 851">
     <span class='ocr_line' id='line_1_21' title="bbox 2297 775 3688 851; baseline -0.001 -18"><span class='ocrx_word' id='word_1_132' title='bbox 2297 779 2485 834; x_wconf 80' lang='grc' dir='ltr'><strong>ὀϐολὸν</strong></span> <span class='ocrx_word' id='word_1_133' title='bbox 2515 779 2789 846; x_wconf 85' lang='grc' dir='ltr'><strong>ἁπαιτῶν,</strong></span> <span class='ocrx_word' id='word_1_134' title='bbox 2825 780 2858 850; x_wconf 83' lang='grc' dir='ltr'>ἢ</span> <span class='ocrx_word' id='word_1_135' title='bbox 2885 780 3073 851; x_wconf 66' lang='grc' dir='ltr'><strong>ἕτερον</strong></span> <span class='ocrx_word' id='word_1_136' title='bbox 3103 775 3266 842; x_wconf 76' lang='grc' dir='ltr'><strong>εἶδος,</strong></span> <span class='ocrx_word' id='word_1_137' title='bbox 3296 777 3688 849; x_wconf 81' lang='grc' dir='ltr'><strong>καθαιρείσθω.</strong></span> 
     </span>
    </p>
   </div>
   <div class='ocr_carea' id='block_1_22' title="bbox 2373 857 3890 944">
    <p class='ocr_par' dir='ltr' id='par_1_22' title="bbox 2373 857 3890 944">
     <span class='ocr_line' id='line_1_22' title="bbox 2373 857 3890 944; baseline -0.003 -17"><span class='ocrx_word' id='word_1_138' title='bbox 2373 871 2471 927; x_wconf 78' lang='grc' dir='ltr'><strong>κδ’.</strong></span> <span class='ocrx_word' id='word_1_139' title='bbox 2507 873 2788 944; x_wconf 80' lang='grc' dir='ltr'><strong>Κληρικὸς</strong></span> <span class='ocrx_word' id='word_1_140' title='bbox 2831 871 3218 942; x_wconf 70' lang='grc' dir='ltr'><strong>ἱπποδρομίαις</strong></span> <span class='ocrx_word' id='word_1_141' title='bbox 3263 870 3452 937; x_wconf 83' lang='grc' dir='ltr'><strong>ἀνιὼν,</strong></span> <span class='ocrx_word' id='word_1_142' title='bbox 3502 870 3536 941; x_wconf 83' lang='grc' dir='ltr'>ἢ</span> <span class='ocrx_word' id='word_1_143' title='bbox 3569 857 3890 940; x_wconf 68' lang='grc' dir='ltr'><strong>μελλόντων</strong></span> 
     </span>
    </p>
   </div>
   <div class='ocr_carea' id='block_1_23' title="bbox 2300 963 3888 1034">
    <p class='ocr_par' dir='ltr' id='par_1_23' title="bbox 2300 963 3888 1034">
     <span class='ocr_line' id='line_1_23' title="bbox 2300 963 3888 1034; baseline 0.001 -18"><span class='ocrx_word' id='word_1_144' title='bbox 2300 965 2531 1018; x_wconf 70' lang='grc' dir='ltr'><strong>εἰσιέναι</strong></span> <span class='ocrx_word' id='word_1_145' title='bbox 2561 963 2872 1034; x_wconf 83' lang='grc' dir='ltr'><strong>θυμελικῶν</strong></span> <span class='ocrx_word' id='word_1_146' title='bbox 2908 964 2966 1017; x_wconf 75' lang='grc' dir='ltr'><strong>έν</strong></span> <span class='ocrx_word' id='word_1_147' title='bbox 2999 964 3165 1033; x_wconf 83' lang='grc' dir='ltr'><strong>γάμῳ</strong></span> <span class='ocrx_word' id='word_1_148' title='bbox 3200 964 3277 1034; x_wconf 78' lang='grc' dir='ltr'><strong>μὴ</strong></span> <span class='ocrx_word' id='word_1_149' title='bbox 3314 963 3705 1033; x_wconf 81' lang='grc' dir='ltr'><strong>ἀφιστάμενος,</strong></span> <span class='ocrx_word' id='word_1_150' title='bbox 3736 965 3888 1017; x_wconf 80' lang='grc' dir='ltr'><strong>καθ-</strong></span> 
     </span>
    </p>
   </div>
   <div class='ocr_carea' id='block_1_24' title="bbox 2301 1057 3573 1128">
    <p class='ocr_par' dir='ltr' id='par_1_24' title="bbox 2301 1057 3573 1128">
     <span class='ocr_line' id='line_1_24' title="bbox 2301 1057 3573 1128; baseline 0.002 -19"><span class='ocrx_word' id='word_1_151' title='bbox 2301 1057 2586 1128; x_wconf 82' lang='grc' dir='ltr'><strong>αιρείσθω.</strong></span> <span class='ocrx_word' id='word_1_152' title='bbox 2834 1088 2838 1093; x_wconf 84' lang='grc'><strong>-</strong></span> <span class='ocrx_word' id='word_1_153' title='bbox 3075 1059 3080 1065; x_wconf 80' lang='grc'><strong>’</strong></span> <span class='ocrx_word' id='word_1_154' title='bbox 3565 1075 3573 1083; x_wconf 83' lang='grc'><strong>’</strong></span> 
     </span>
    </p>
   </div>
   <div class='ocr_carea' id='block_1_25' title="bbox 2373 1139 3894 1220">
    <p class='ocr_par' dir='ltr' id='par_1_25' title="bbox 2373 1139 3894 1220">
     <span class='ocr_line' id='line_1_25' title="bbox 2373 1139 3894 1220; baseline -0.002 -19"><span class='ocrx_word' id='word_1_155' title='bbox 2373 1139 2473 1202; x_wconf 77' lang='grc' dir='ltr'><strong>κε’.</strong></span> <span class='ocrx_word' id='word_1_156' title='bbox 2517 1150 2864 1220; x_wconf 76' lang='grc' dir='ltr'><strong>Ἀγροικικαὶ</strong></span> <span class='ocrx_word' id='word_1_157' title='bbox 2885 1148 2980 1204; x_wconf 75' lang='grc' dir='ltr'><strong>καὶ</strong></span> <span class='ocrx_word' id='word_1_158' title='bbox 3011 1147 3273 1220; x_wconf 67' lang='grc' dir='ltr'><strong>ἐγχώριοι</strong></span> <span class='ocrx_word' id='word_1_159' title='bbox 3306 1146 3593 1217; x_wconf 87' lang='grc' dir='ltr'><strong>παροικίαι</strong></span> <span class='ocrx_word' id='word_1_160' title='bbox 3624 1163 3894 1217; x_wconf 61' lang='lat' dir='ltr'><strong>aptamu-</strong></span> 
     </span>
    </p>
   </div>
   <div class='ocr_carea' id='block_1_26' title="bbox 2299 1238 3894 1312">
    <p class='ocr_par' dir='ltr' id='par_1_26' title="bbox 2299 1238 3894 1312">
     <span class='ocr_line' id='line_1_26' title="bbox 2299 1238 3894 1312; baseline -0.002 -19"><span class='ocrx_word' id='word_1_161' title='bbox 2299 1240 2523 1294; x_wconf 83' lang='grc' dir='ltr'><strong>ταετίαν</strong></span> <span class='ocrx_word' id='word_1_162' title='bbox 2568 1240 2852 1312; x_wconf 69' lang='grc' dir='ltr'><strong>ἐχόμεναι,</strong></span> <span class='ocrx_word' id='word_1_163' title='bbox 2895 1241 3322 1311; x_wconf 84' lang='grc' dir='ltr'><strong>κατεχέσθωσαν</strong></span> <span class='ocrx_word' id='word_1_164' title='bbox 3347 1255 3361 1270; x_wconf 66' lang='grc' dir='ltr'>δ</span> <span class='ocrx_word' id='word_1_165' title='bbox 3398 1238 3548 1292; x_wconf 67' lang='grc' dir='ltr'><strong>ἔνδον</strong></span> <span class='ocrx_word' id='word_1_166' title='bbox 3580 1238 3659 1301; x_wconf 86' lang='grc' dir='ltr'><strong>δὲ,</strong></span> <span class='ocrx_word' id='word_1_167' title='bbox 3696 1238 3753 1290; x_wconf 83' lang='grc' dir='ltr'><strong>τὸ</strong></span> <span class='ocrx_word' id='word_1_168' title='bbox 3783 1240 3894 1306; x_wconf 78' lang='grc' dir='ltr'><strong>ἀμο</strong></span> 
     </span>
    </p>
   </div>
   <div class='ocr_carea' id='block_1_27' title="bbox 2303 1332 2950 1404">
    <p class='ocr_par' dir='ltr' id='par_1_27' title="bbox 2303 1332 2950 1404">
     <span class='ocr_line' id='line_1_27' title="bbox 2303 1332 2950 1404; baseline 0.003 -20"><span class='ocrx_word' id='word_1_169' title='bbox 2303 1332 2710 1404; x_wconf 69' lang='grc' dir='ltr'><strong>φισϐητήσιμον</strong></span> <span class='ocrx_word' id='word_1_170' title='bbox 2741 1333 2950 1397; x_wconf 70' lang='grc' dir='ltr'><strong>ἕξουσι.</strong></span> 
     </span>
    </p>
   </div>
   <div class='ocr_carea' id='block_1_28' title="bbox 2380 1423 3899 1499">
    <p class='ocr_par' dir='ltr' id='par_1_28' title="bbox 2380 1423 3899 1499">
     <span class='ocr_line' id='line_1_28' title="bbox 2380 1423 3899 1499; baseline -0.003 -19"><span class='ocrx_word' id='word_1_171' title='bbox 2380 1427 2491 1492; x_wconf 83' lang='grc' dir='ltr'><strong>κς’.</strong></span> <span class='ocrx_word' id='word_1_172' title='bbox 2522 1426 2899 1499; x_wconf 80' lang='grc' dir='ltr'><strong>Πρεσϐύτερος</strong></span> <span class='ocrx_word' id='word_1_173' title='bbox 2926 1425 3155 1496; x_wconf 82' lang='grc' dir='ltr'><strong>άθέσμῳ</strong></span> <span class='ocrx_word' id='word_1_174' title='bbox 3180 1425 3494 1492; x_wconf 82' lang='grc' dir='ltr'><strong>περιπεσὼν</strong></span> <span class='ocrx_word' id='word_1_175' title='bbox 3530 1423 3716 1494; x_wconf 88' lang='grc' dir='ltr'><strong>γάμῳ,</strong></span> <span class='ocrx_word' id='word_1_176' title='bbox 3749 1423 3899 1475; x_wconf 83' lang='grc' dir='ltr'><strong>καθ-</strong></span> 
     </span>
    </p>
   </div>
   <div class='ocr_carea' id='block_1_29' title="bbox 2301 1515 3901 1590">
    <p class='ocr_par' dir='ltr' id='par_1_29' title="bbox 2301 1515 3901 1590">
     <span class='ocr_line' id='line_1_29' title="bbox 2301 1515 3901 1590; baseline -0.004 -15"><span class='ocrx_word' id='word_1_177' title='bbox 2301 1520 2542 1590; x_wconf 79' lang='grc' dir='ltr'><strong>αιρεθεὶς</strong></span> <span class='ocrx_word' id='word_1_178' title='bbox 2607 1519 2878 1590; x_wconf 73' lang='grc' dir='ltr'><strong>καθέδρας</strong></span> <span class='ocrx_word' id='word_1_179' title='bbox 2948 1519 3224 1589; x_wconf 80' lang='grc' dir='ltr'><strong>μετεχέτω</strong></span> <span class='ocrx_word' id='word_1_180' title='bbox 3276 1518 3372 1572; x_wconf 80' lang='grc' dir='ltr'><strong>καὶ</strong></span> <span class='ocrx_word' id='word_1_181' title='bbox 3444 1517 3628 1587; x_wconf 88' lang='grc' dir='ltr'><strong>μόνον,</strong></span> <span class='ocrx_word' id='word_1_182' title='bbox 3679 1515 3901 1577; x_wconf 71' lang='grc' dir='ltr'><strong>παντὸς</strong></span> 
     </span>
    </p>
   </div>
   <div class='ocr_carea' id='block_1_30' title="bbox 2301 1609 3163 1681">
    <p class='ocr_par' dir='ltr' id='par_1_30' title="bbox 2301 1609 3163 1681">
     <span class='ocr_line' id='line_1_30' title="bbox 2301 1609 3163 1681; baseline 0.005 -19"><span class='ocrx_word' id='word_1_183' title='bbox 2301 1609 2574 1675; x_wconf 75' lang='grc' dir='ltr'><strong>διαλυθεὶς</strong></span> <span class='ocrx_word' id='word_1_184' title='bbox 2599 1609 2695 1665; x_wconf 81' lang='grc' dir='ltr'><strong>τοῦ</strong></span> <span class='ocrx_word' id='word_1_185' title='bbox 2731 1609 3070 1681; x_wconf 78' lang='grc' dir='ltr'><strong>μιάσματος.</strong></span> <span class='ocrx_word' id='word_1_186' title='bbox 3157 1627 3163 1632; x_wconf 89' lang='grc'>·</span> 
     </span>
    </p>
   </div>
   <div class='ocr_carea' id='block_1_31' title="bbox 2376 1694 3907 1773">
    <p class='ocr_par' dir='ltr' id='par_1_31' title="bbox 2376 1694 3907 1773">
     <span class='ocr_line' id='line_1_31' title="bbox 2376 1694 3907 1773; baseline -0.005 -16"><span class='ocrx_word' id='word_1_187' title='bbox 2376 1705 2479 1768; x_wconf 75' lang='grc' dir='ltr'><strong>κζ’.</strong></span> <span class='ocrx_word' id='word_1_188' title='bbox 2520 1703 2796 1773; x_wconf 80' lang='grc' dir='ltr'><strong>Σταφυλαὶ</strong></span> <span class='ocrx_word' id='word_1_189' title='bbox 2845 1703 2984 1773; x_wconf 87' lang='grc' dir='ltr'><strong>πρός</strong></span> <span class='ocrx_word' id='word_1_190' title='bbox 3019 1719 3180 1756; x_wconf 89' lang='grc' dir='ltr'><strong>τινων</strong></span> <span class='ocrx_word' id='word_1_191' title='bbox 3215 1703 3286 1773; x_wconf 79' lang='grc' dir='ltr'><strong>τῇ</strong></span> <span class='ocrx_word' id='word_1_192' title='bbox 3338 1701 3666 1772; x_wconf 80' lang='grc' dir='ltr'><strong>ἀναιμάκτῳ</strong></span> <span class='ocrx_word' id='word_1_193' title='bbox 3723 1694 3907 1768; x_wconf 69' lang='grc' dir='ltr'><strong>θυσίᾳ</strong></span> 
     </span>
    </p>
   </div>
   <div class='ocr_carea' id='block_1_32' title="bbox 617 1774 2203 1865">
    <p class='ocr_par' dir='ltr' id='par_1_32' title="bbox 617 1784 2203 1862">
     <span class='ocr_line' id='line_1_32' title="bbox 617 1784 2203 1862; baseline -0.001 -22"><span class='ocrx_word' id='word_1_194' title='bbox 617 1785 816 1841; x_wconf 83' lang='lat' dir='ltr'><strong>bentur</strong></span> <span class='ocrx_word' id='word_1_195' title='bbox 846 1805 859 1841; x_wconf 91' lang='lat'><strong>:</strong></span> <span class='ocrx_word' id='word_1_196' title='bbox 898 1789 1002 1842; x_wconf 88' lang='lat' dir='ltr'><strong>hoc</strong></span> <span class='ocrx_word' id='word_1_197' title='bbox 1031 1799 1161 1843; x_wconf 79' lang='lat' dir='ltr'><strong>vero</strong></span> <span class='ocrx_word' id='word_1_198' title='bbox 1189 1788 1482 1857; x_wconf 86' lang='lat' dir='ltr'><strong>quominus</strong></span> <span class='ocrx_word' id='word_1_199' title='bbox 1514 1785 1803 1856; x_wconf 82' lang='lat' dir='ltr'><strong>quisquam</strong></span> <span class='ocrx_word' id='word_1_200' title='bbox 1839 1784 2074 1862; x_wconf 80' lang='lat' dir='ltr'><strong>amplius</strong></span> <span class='ocrx_word' id='word_1_201' title='bbox 2107 1799 2203 1838; x_wconf 80' lang='lat' dir='ltr'><strong>au-</strong></span> 
     </span>
    </p>
   </div>
   <div class='ocr_carea' id='block_1_33' title="bbox 2332 1774 3896 1865">
    <p class='ocr_par' dir='ltr' id='par_1_33' title="bbox 2332 1793 3896 1865">
     <span class='ocr_line' id='line_1_33' title="bbox 2332 1793 3896 1865; baseline -0.004 -15"><span class='ocrx_word' id='word_1_202' title='bbox 2332 1798 2674 1851; x_wconf 75' lang='grc' dir='ltr'><strong>ὐνάπτονται</strong></span> <span class='ocrx_word' id='word_1_203' title='bbox 2701 1811 2714 1825; x_wconf 91' lang='grc'><strong>·</strong></span> <span class='ocrx_word' id='word_1_204' title='bbox 2767 1795 2834 1848; x_wconf 73' lang='grc' dir='ltr'><strong>τὸ</strong></span> <span class='ocrx_word' id='word_1_205' title='bbox 2873 1795 2930 1849; x_wconf 75' lang='grc' dir='ltr'><strong>δὲ</strong></span> <span class='ocrx_word' id='word_1_206' title='bbox 2978 1794 3178 1865; x_wconf 79' lang='grc' dir='ltr'><strong>μηκέτι</strong></span> <span class='ocrx_word' id='word_1_207' title='bbox 3207 1794 3537 1865; x_wconf 82' lang='grc' dir='ltr'><strong>τολμᾶσθαι,</strong></span> <span class='ocrx_word' id='word_1_208' title='bbox 3571 1793 3896 1864; x_wconf 84' lang='grc' dir='ltr'>διώρισται.</span> 
     </span>
    </p>
   </div>
   <div class='ocr_carea' id='block_1_34' title="bbox 618 1882 1398 1945">
    <p class='ocr_par' dir='ltr' id='par_1_34' title="bbox 618 1882 1398 1945">
     <span class='ocr_line' id='line_1_34' title="bbox 618 1882 1398 1945; baseline 0.004 -14"><span class='ocrx_word' id='word_1_209' title='bbox 618 1882 763 1945; x_wconf 86' lang='lat' dir='ltr'><strong>deat,</strong></span> <span class='ocrx_word' id='word_1_210' title='bbox 793 1882 1013 1934; x_wconf 89' lang='lat' dir='ltr'><strong>decreto</strong></span> <span class='ocrx_word' id='word_1_211' title='bbox 1044 1890 1261 1933; x_wconf 87' lang='lat' dir='ltr'><strong>cautum</strong></span> <span class='ocrx_word' id='word_1_212' title='bbox 1292 1889 1398 1934; x_wconf 89' lang='lat' dir='ltr'><strong>est.</strong></span> 
     </span>
    </p>
   </div>
   <div class='ocr_carea' id='block_1_35' title="bbox 689 1969 2199 2045">
    <p class='ocr_par' dir='ltr' id='par_1_35' title="bbox 689 1969 2199 2045">
     <span class='ocr_line' id='line_1_35' title="bbox 689 1969 2199 2045; baseline -0.002 -16"><span class='ocrx_word' id='word_1_213' title='bbox 689 1975 781 2029; x_wconf 71' lang='lat'><strong>28.</strong></span> <span class='ocrx_word' id='word_1_214' title='bbox 809 1974 1123 2045; x_wconf 86' lang='lat' dir='ltr'><strong>Presbyteri</strong></span> <span class='ocrx_word' id='word_1_215' title='bbox 1159 1974 1250 2044; x_wconf 89' lang='lat' dir='ltr'><strong>qui</strong></span> <span class='ocrx_word' id='word_1_216' title='bbox 1285 1975 1339 2028; x_wconf 91' lang='lat' dir='ltr'><strong>in</strong></span> <span class='ocrx_word' id='word_1_217' title='bbox 1375 1973 1737 2027; x_wconf 85' lang='lat' dir='ltr'><strong>Barbarorum</strong></span> <span class='ocrx_word' id='word_1_218' title='bbox 1781 1969 2042 2026; x_wconf 88' lang='lat' dir='ltr'><strong>Ecclesiis</strong></span> <span class='ocrx_word' id='word_1_219' title='bbox 2076 1985 2199 2026; x_wconf 79' lang='lat' dir='ltr'><strong>rer-</strong></span> 
     </span>
    </p>
   </div>
   <div class='ocr_carea' id='block_1_36' title="bbox 616 2063 2201 2133">
    <p class='ocr_par' dir='ltr' id='par_1_36' title="bbox 616 2063 2201 2133">
     <span class='ocr_line' id='line_1_36' title="bbox 616 2063 2201 2133; baseline -0.004 -11"><span class='ocrx_word' id='word_1_220' title='bbox 616 2077 828 2133; x_wconf 87' lang='lat' dir='ltr'><strong>sautur,</strong></span> <span class='ocrx_word' id='word_1_221' title='bbox 861 2068 966 2122; x_wconf 87' lang='lat' dir='ltr'><strong>etsi</strong></span> <span class='ocrx_word' id='word_1_222' title='bbox 1016 2082 1245 2122; x_wconf 79' lang='lat' dir='ltr'><strong>uxorum</strong></span> <span class='ocrx_word' id='word_1_223' title='bbox 1293 2065 1622 2121; x_wconf 89' lang='lat' dir='ltr'><strong>commercio</strong></span> <span class='ocrx_word' id='word_1_224' title='bbox 1667 2064 1733 2118; x_wconf 88' lang='lat' dir='ltr'><strong>ad</strong></span> <span class='ocrx_word' id='word_1_225' title='bbox 1775 2072 1989 2133; x_wconf 78' lang='lat' dir='ltr'><strong>tempus</strong></span> <span class='ocrx_word' id='word_1_226' title='bbox 2033 2063 2201 2118; x_wconf 84' lang='lat' dir='ltr'><strong>absti-</strong></span> 
     </span>
    </p>
   </div>
   <div class='ocr_carea' id='block_1_37' title="bbox 617 2153 2203 2226">
    <p class='ocr_par' dir='ltr' id='par_1_37' title="bbox 617 2153 2203 2226">
     <span class='ocr_line' id='line_1_37' title="bbox 617 2153 2203 2226; baseline -0.004 -12"><span class='ocrx_word' id='word_1_227' title='bbox 617 2171 815 2224; x_wconf 84' lang='lat' dir='ltr'><strong>neant,</strong></span> <span class='ocrx_word' id='word_1_228' title='bbox 849 2169 1032 2214; x_wconf 87' lang='lat' dir='ltr'><strong>tamen</strong></span> <span class='ocrx_word' id='word_1_229' title='bbox 1081 2172 1151 2212; x_wconf 90' lang='lat' dir='ltr'><strong>ne</strong></span> <span class='ocrx_word' id='word_1_230' title='bbox 1200 2157 1432 2226; x_wconf 80' lang='lat' dir='ltr'><strong>amplius</strong></span> <span class='ocrx_word' id='word_1_231' title='bbox 1474 2170 1598 2209; x_wconf 90' lang='lat' dir='ltr'><strong>cum</strong></span> <span class='ocrx_word' id='word_1_232' title='bbox 1648 2153 1714 2208; x_wconf 87' lang='lat' dir='ltr'><strong>iis</strong></span> <span class='ocrx_word' id='word_1_233' title='bbox 1761 2153 2000 2224; x_wconf 88' lang='lat' dir='ltr'><strong>quolibet</strong></span> <span class='ocrx_word' id='word_1_234' title='bbox 2044 2154 2203 2214; x_wconf 83' lang='lat' dir='ltr'><strong>modo</strong></span> 
     </span>
    </p>
   </div>
   <div class='ocr_carea' id='block_1_38' title="bbox 618 2249 1351 2306">
    <p class='ocr_par' dir='ltr' id='par_1_38' title="bbox 618 2249 1351 2306">
     <span class='ocr_line' id='line_1_38' title="bbox 618 2249 1351 2306; baseline -0.004 0"><span class='ocrx_word' id='word_1_235' title='bbox 618 2251 1065 2306; x_wconf 81' lang='lat' dir='ltr'><strong>consuetudinem</strong></span> <span class='ocrx_word' id='word_1_236' title='bbox 1097 2249 1351 2303; x_wconf 80' lang='lat' dir='ltr'><strong>habeant.</strong></span> 
     </span>
    </p>
   </div>
   <div class='ocr_carea' id='block_1_39' title="bbox 686 2333 2202 2406">
    <p class='ocr_par' dir='ltr' id='par_1_39' title="bbox 686 2333 2202 2406">
     <span class='ocr_line' id='line_1_39' title="bbox 686 2333 2202 2406; baseline -0.005 -10"><span class='ocrx_word' id='word_1_237' title='bbox 686 2343 782 2398; x_wconf 77' lang='lat'><strong>29.</strong></span> <span class='ocrx_word' id='word_1_238' title='bbox 817 2341 1038 2396; x_wconf 82' lang='lat' dir='ltr'><strong>Patrum</strong></span> <span class='ocrx_word' id='word_1_239' title='bbox 1080 2337 1322 2393; x_wconf 86' lang='lat' dir='ltr'><strong>nonnulli</strong></span> <span class='ocrx_word' id='word_1_240' title='bbox 1355 2337 1445 2392; x_wconf 90' lang='lat' dir='ltr'><strong>die</strong></span> <span class='ocrx_word' id='word_1_241' title='bbox 1478 2337 1670 2392; x_wconf 68' lang='lat' dir='ltr'><strong>divinae</strong></span> <span class='ocrx_word' id='word_1_242' title='bbox 1699 2333 1885 2392; x_wconf 62' lang='lat' dir='ltr'><strong>Canae</strong></span> <span class='ocrx_word' id='word_1_243' title='bbox 1918 2345 2202 2406; x_wconf 83' lang='lat' dir='ltr'><strong>postquam</strong></span> 
     </span>
    </p>
   </div>
   <div class='ocr_carea' id='block_1_40' title="bbox 619 2426 2204 2499">
    <p class='ocr_par' dir='ltr' id='par_1_40' title="bbox 619 2426 2204 2499">
     <span class='ocr_line' id='line_1_40' title="bbox 619 2426 2204 2499; baseline -0.006 -8"><span class='ocrx_word' id='word_1_244' title='bbox 619 2442 954 2498; x_wconf 73' lang='lat' dir='ltr'><strong>emnasscnt,</strong></span> <span class='ocrx_word' id='word_1_245' title='bbox 979 2431 1280 2486; x_wconf 76' lang='lat' dir='ltr'><strong>offerebant</strong></span> <span class='ocrx_word' id='word_1_246' title='bbox 1306 2447 1322 2484; x_wconf 90' lang='lat'><strong>:</strong></span> <span class='ocrx_word' id='word_1_247' title='bbox 1350 2430 1528 2485; x_wconf 85' lang='lat' dir='ltr'><strong>visum</strong></span> <span class='ocrx_word' id='word_1_248' title='bbox 1553 2437 1636 2483; x_wconf 77' lang='lat' dir='ltr'><strong>est</strong></span> <span class='ocrx_word' id='word_1_249' title='bbox 1666 2427 1835 2499; x_wconf 72' lang='lat' dir='ltr'><strong>igitur</strong></span> <span class='ocrx_word' id='word_1_250' title='bbox 1864 2428 2075 2496; x_wconf 81' lang='lat' dir='ltr'><strong>synodo</strong></span> <span class='ocrx_word' id='word_1_251' title='bbox 2101 2426 2204 2481; x_wconf 91' lang='lat' dir='ltr'><strong>hoc</strong></span> 
     </span>
    </p>
   </div>
   <div class='ocr_carea' id='block_1_41' title="bbox 621 2522 1167 2596">
    <p class='ocr_par' dir='ltr' id='par_1_41' title="bbox 621 2522 1167 2596">
     <span class='ocr_line' id='line_1_41' title="bbox 621 2522 1167 2596; baseline -0.009 -15"><span class='ocrx_word' id='word_1_252' title='bbox 621 2543 729 2581; x_wconf 83' lang='lat' dir='ltr'><strong>non</strong></span> <span class='ocrx_word' id='word_1_253' title='bbox 761 2525 998 2596; x_wconf 80' lang='lat' dir='ltr'><strong>amplius</strong></span> <span class='ocrx_word' id='word_1_254' title='bbox 1031 2522 1167 2581; x_wconf 81' lang='lat' dir='ltr'><strong>ﬂeri.</strong></span> 
     </span>
    </p>
   </div>
   <div class='ocr_carea' id='block_1_42' title="bbox 691 2611 2205 2684">
    <p class='ocr_par' dir='ltr' id='par_1_42' title="bbox 691 2611 2205 2684">
     <span class='ocr_line' id='line_1_42' title="bbox 691 2611 2205 2684; baseline -0.004 -12"><span class='ocrx_word' id='word_1_255' title='bbox 691 2617 783 2672; x_wconf 76' lang='lat'><strong>50.</strong></span> <span class='ocrx_word' id='word_1_256' title='bbox 815 2615 929 2672; x_wconf 80' lang='lat' dir='ltr'><strong>Nisi</strong></span> <span class='ocrx_word' id='word_1_257' title='bbox 963 2630 1084 2670; x_wconf 89' lang='lat' dir='ltr'><strong>cum</strong></span> <span class='ocrx_word' id='word_1_258' title='bbox 1115 2627 1382 2668; x_wconf 85' lang='lat' dir='ltr'><strong>consensu</strong></span> <span class='ocrx_word' id='word_1_259' title='bbox 1413 2611 1676 2684; x_wconf 75' lang='lat' dir='ltr'><strong>episeOpi,</strong></span> <span class='ocrx_word' id='word_1_260' title='bbox 1708 2612 1762 2666; x_wconf 89' lang='lat' dir='ltr'><strong>in</strong></span> <span class='ocrx_word' id='word_1_261' title='bbox 1793 2613 2035 2667; x_wconf 86' lang='lat' dir='ltr'><strong>oratorio</strong></span> <span class='ocrx_word' id='word_1_262' title='bbox 2062 2611 2205 2682; x_wconf 91' lang='lat' dir='ltr'><strong>quod</strong></span> 
     </span>
    </p>
   </div>
   <div class='ocr_carea' id='block_1_43' title="bbox 621 2693 1547 2770">
    <p class='ocr_par' dir='ltr' id='par_1_43' title="bbox 621 2693 1547 2770">
     <span class='ocr_line' id='line_1_43' title="bbox 621 2693 1547 2770; baseline -0.003 -8"><span class='ocrx_word' id='word_1_263' title='bbox 621 2719 705 2762; x_wconf 86' lang='lat' dir='ltr'><strong>est</strong></span> <span class='ocrx_word' id='word_1_264' title='bbox 738 2708 876 2762; x_wconf 86' lang='lat' dir='ltr'><strong>intra</strong></span> <span class='ocrx_word' id='word_1_265' title='bbox 900 2693 1154 2770; x_wconf 88' lang='lat' dir='ltr'><strong>domum,</strong></span> <span class='ocrx_word' id='word_1_266' title='bbox 1189 2721 1299 2767; x_wconf 87' lang='lat' dir='ltr'><strong>non</strong></span> <span class='ocrx_word' id='word_1_267' title='bbox 1329 2703 1547 2761; x_wconf 76' lang='lat' dir='ltr'><strong>oﬂ’eres.</strong></span> 
     </span>
    </p>
   </div>
   <div class='ocr_carea' id='block_1_44' title="bbox 694 2795 2211 2868">
    <p class='ocr_par' dir='ltr' id='par_1_44' title="bbox 694 2795 2211 2868">
     <span class='ocr_line' id='line_1_44' title="bbox 694 2795 2211 2868; baseline -0.002 -15"><span class='ocrx_word' id='word_1_268' title='bbox 694 2800 784 2853; x_wconf 77' lang='lat' dir='ltr'><strong>3i.</strong></span> <span class='ocrx_word' id='word_1_269' title='bbox 817 2799 1039 2863; x_wconf 88' lang='lat' dir='ltr'><strong>Eorum,</strong></span> <span class='ocrx_word' id='word_1_270' title='bbox 1066 2799 1158 2868; x_wconf 87' lang='lat' dir='ltr'><strong>qui</strong></span> <span class='ocrx_word' id='word_1_271' title='bbox 1203 2798 1375 2853; x_wconf 79' lang='lat' dir='ltr'><strong>solum</strong></span> <span class='ocrx_word' id='word_1_272' title='bbox 1416 2812 1610 2865; x_wconf 89' lang='lat' dir='ltr'><strong>aquam</strong></span> <span class='ocrx_word' id='word_1_273' title='bbox 1652 2797 1705 2851; x_wconf 93' lang='lat' dir='ltr'><strong>iu</strong></span> <span class='ocrx_word' id='word_1_274' title='bbox 1746 2797 2074 2853; x_wconf 76' lang='lat' dir='ltr'><strong>sacrificium</strong></span> <span class='ocrx_word' id='word_1_275' title='bbox 2113 2795 2211 2851; x_wconf 85' lang='lat' dir='ltr'><strong>ad-</strong></span> 
     </span>
    </p>
   </div>
   <div class='ocr_carea' id='block_1_45' title="bbox 621 2887 2204 2957">
    <p class='ocr_par' dir='ltr' id='par_1_45' title="bbox 621 2887 2204 2957">
     <span class='ocr_line' id='line_1_45' title="bbox 621 2887 2204 2957; baseline -0.003 -13"><span class='ocrx_word' id='word_1_276' title='bbox 621 2892 904 2956; x_wconf 83' lang='lat' dir='ltr'><strong>hibebant,</strong></span> <span class='ocrx_word' id='word_1_277' title='bbox 937 2888 1193 2945; x_wconf 63' lang='lat' dir='ltr'><strong>harcsim</strong></span> <span class='ocrx_word' id='word_1_278' title='bbox 1243 2889 1436 2943; x_wconf 85' lang='lat' dir='ltr'><strong>tollens</strong></span> <span class='ocrx_word' id='word_1_279' title='bbox 1465 2887 1914 2957; x_wconf 82' lang='lat' dir='ltr'><strong>Chrysostotnus,</strong></span> <span class='ocrx_word' id='word_1_280' title='bbox 1947 2887 2204 2955; x_wconf 80' lang='lat' dir='ltr'><strong>Quando,</strong></span> 
     </span>
    </p>
   </div>
   <div class='ocr_carea' id='block_1_46' title="bbox 619 2975 2205 3052">
    <p class='ocr_par' dir='ltr' id='par_1_46' title="bbox 619 2975 2205 3052">
     <span class='ocr_line' id='line_1_46' title="bbox 619 2975 2205 3052; baseline -0.004 -19"><span class='ocrx_word' id='word_1_281' title='bbox 619 2981 820 3052; x_wconf 89' lang='lat' dir='ltr'><strong>inquit,</strong></span> <span class='ocrx_word' id='word_1_282' title='bbox 846 2992 1041 3048; x_wconf 88' lang='lat' dir='ltr'><strong>passus</strong></span> <span class='ocrx_word' id='word_1_283' title='bbox 1069 2986 1154 3031; x_wconf 89' lang='lat' dir='ltr'><strong>cst</strong></span> <span class='ocrx_word' id='word_1_284' title='bbox 1183 2975 1442 3030; x_wconf 86' lang='lat' dir='ltr'><strong>Dominus</strong></span> <span class='ocrx_word' id='word_1_285' title='bbox 1476 2985 1532 3029; x_wconf 90' lang='lat' dir='ltr'><strong>et</strong></span> <span class='ocrx_word' id='word_1_286' title='bbox 1564 2976 1882 3040; x_wconf 81' lang='lat' dir='ltr'><strong>resurrexit,</strong></span> <span class='ocrx_word' id='word_1_287' title='bbox 1913 2975 2038 3027; x_wconf 85' lang='lat' dir='ltr'><strong>vino</strong></span> <span class='ocrx_word' id='word_1_288' title='bbox 2071 2988 2205 3027; x_wconf 88' lang='lat' dir='ltr'><strong>usus</strong></span> 
     </span>
    </p>
   </div>
   <div class='ocr_carea' id='block_1_47' title="bbox 619 3065 2200 3138">
    <p class='ocr_par' dir='ltr' id='par_1_47' title="bbox 619 3065 2200 3138">
     <span class='ocr_line' id='line_1_47' title="bbox 619 3065 2200 3138; baseline -0.004 -13"><span class='ocrx_word' id='word_1_289' title='bbox 619 3081 724 3126; x_wconf 79' lang='lat' dir='ltr'><strong>est.</strong></span> <span class='ocrx_word' id='word_1_290' title='bbox 764 3070 878 3125; x_wconf 86' lang='lat' dir='ltr'><strong>Hoc</strong></span> <span class='ocrx_word' id='word_1_291' title='bbox 923 3077 1150 3138; x_wconf 85' lang='lat' dir='ltr'><strong>accepto</strong></span> <span class='ocrx_word' id='word_1_292' title='bbox 1192 3067 1435 3121; x_wconf 82' lang='lat' dir='ltr'><strong>Armenii</strong></span> <span class='ocrx_word' id='word_1_293' title='bbox 1483 3065 1669 3120; x_wconf 79' lang='lat' dir='ltr'><strong>vinum</strong></span> <span class='ocrx_word' id='word_1_294' title='bbox 1717 3067 1887 3121; x_wconf 89' lang='lat' dir='ltr'><strong>solum</strong></span> <span class='ocrx_word' id='word_1_295' title='bbox 1932 3066 2200 3128; x_wconf 79' lang='lat' dir='ltr'><strong>oﬂ&#39;erunt,</strong></span> 
     </span>
    </p>
   </div>
   <div class='ocr_carea' id='block_1_48' title="bbox 623 3156 2199 3230">
    <p class='ocr_par' dir='ltr' id='par_1_48' title="bbox 623 3156 2199 3230">
     <span class='ocr_line' id='line_1_48' title="bbox 623 3156 2199 3230; baseline -0.004 -15"><span class='ocrx_word' id='word_1_296' title='bbox 623 3165 928 3217; x_wconf 83' lang='lat' dir='ltr'><strong>nescientes</strong></span> <span class='ocrx_word' id='word_1_297' title='bbox 959 3162 1136 3230; x_wconf 86' lang='lat' dir='ltr'><strong>ipsum</strong></span> <span class='ocrx_word' id='word_1_298' title='bbox 1165 3160 1327 3214; x_wconf 88' lang='lat' dir='ltr'><strong>etiam</strong></span> <span class='ocrx_word' id='word_1_299' title='bbox 1357 3157 1802 3229; x_wconf 81' lang='lat' dir='ltr'><strong>Chrysostomum</strong></span> <span class='ocrx_word' id='word_1_300' title='bbox 1836 3169 1893 3214; x_wconf 89' lang='lat' dir='ltr'><strong>et</strong></span> <span class='ocrx_word' id='word_1_301' title='bbox 1918 3156 2199 3221; x_wconf 84' lang='lat' dir='ltr'><strong>Basilium,</strong></span> 
     </span>
    </p>
   </div>
   <div class='ocr_carea' id='block_1_49' title="bbox 623 3245 2205 3315">
    <p class='ocr_par' dir='ltr' id='par_1_49' title="bbox 623 3245 2205 3315">
     <span class='ocr_line' id='line_1_49' title="bbox 623 3245 2205 3315; baseline -0.003 -11"><span class='ocrx_word' id='word_1_302' title='bbox 623 3266 685 3304; x_wconf 86' lang='lat' dir='ltr'><strong>ac</strong></span> <span class='ocrx_word' id='word_1_303' title='bbox 719 3249 984 3303; x_wconf 85' lang='lat' dir='ltr'><strong>Jacohum</strong></span> <span class='ocrx_word' id='word_1_304' title='bbox 1021 3249 1147 3302; x_wconf 86' lang='lat' dir='ltr'><strong>vino</strong></span> <span class='ocrx_word' id='word_1_305' title='bbox 1180 3261 1318 3315; x_wconf 85' lang='lat' dir='ltr'><strong>aqua</strong></span> <span class='ocrx_word' id='word_1_306' title='bbox 1359 3247 1525 3300; x_wconf 89' lang='lat' dir='ltr'><strong>misto</strong></span> <span class='ocrx_word' id='word_1_307' title='bbox 1559 3260 1690 3300; x_wconf 85' lang='lat' dir='ltr'><strong>usos</strong></span> <span class='ocrx_word' id='word_1_308' title='bbox 1723 3245 1911 3309; x_wconf 82' lang='lat' dir='ltr'><strong>fuisse,</strong></span> <span class='ocrx_word' id='word_1_309' title='bbox 1944 3245 2205 3314; x_wconf 85' lang='lat' dir='ltr'><strong>nobisque</strong></span> 
     </span>
    </p>
   </div>
   <div class='ocr_carea' id='block_1_50' title="bbox 625 3334 2205 3408">
    <p class='ocr_par' dir='ltr' id='par_1_50' title="bbox 625 3334 2205 3408">
     <span class='ocr_line' id='line_1_50' title="bbox 625 3334 2205 3408; baseline 0.001 -15"><span class='ocrx_word' id='word_1_310' title='bbox 625 3353 682 3395; x_wconf 90' lang='lat' dir='ltr'><strong>ut</strong></span> <span class='ocrx_word' id='word_1_311' title='bbox 715 3342 787 3393; x_wconf 89' lang='lat' dir='ltr'><strong>ita</strong></span> <span class='ocrx_word' id='word_1_312' title='bbox 820 3334 1145 3394; x_wconf 80' lang='lat' dir='ltr'><strong>olferremus</strong></span> <span class='ocrx_word' id='word_1_313' title='bbox 1178 3337 1489 3393; x_wconf 80' lang='lat' dir='ltr'><strong>tradidisse.</strong></span> <span class='ocrx_word' id='word_1_314' title='bbox 1519 3337 1578 3393; x_wconf 83' lang='lat' dir='ltr'><strong>Si</strong></span> <span class='ocrx_word' id='word_1_315' title='bbox 1609 3339 1733 3407; x_wconf 88' lang='lat' dir='ltr'><strong>quis</strong></span> <span class='ocrx_word' id='word_1_316' title='bbox 1769 3339 1932 3408; x_wconf 74' lang='lat' dir='ltr'><strong>igitur</strong></span> <span class='ocrx_word' id='word_1_317' title='bbox 1960 3346 2052 3391; x_wconf 87' lang='lat' dir='ltr'><strong>aut</strong></span> <span class='ocrx_word' id='word_1_318' title='bbox 2079 3340 2205 3394; x_wconf 87' lang='lat' dir='ltr'><strong>vino</strong></span> 
     </span>
    </p>
   </div>
   <div class='ocr_carea' id='block_1_51' title="bbox 619 3423 2201 3501">
    <p class='ocr_par' dir='ltr' id='par_1_51' title="bbox 619 3423 2201 3501">
     <span class='ocr_line' id='line_1_51' title="bbox 619 3423 2201 3501; baseline -0.002 -14"><span class='ocrx_word' id='word_1_319' title='bbox 619 3434 758 3500; x_wconf 84' lang='lat' dir='ltr'><strong>solo,</strong></span> <span class='ocrx_word' id='word_1_320' title='bbox 789 3443 881 3487; x_wconf 90' lang='lat' dir='ltr'><strong>aut</strong></span> <span class='ocrx_word' id='word_1_321' title='bbox 922 3446 1061 3501; x_wconf 88' lang='lat' dir='ltr'><strong>aqua</strong></span> <span class='ocrx_word' id='word_1_322' title='bbox 1110 3429 1249 3495; x_wconf 86' lang='lat' dir='ltr'><strong>sola,</strong></span> <span class='ocrx_word' id='word_1_323' title='bbox 1275 3444 1382 3484; x_wconf 86' lang='lat' dir='ltr'><strong>non</strong></span> <span class='ocrx_word' id='word_1_324' title='bbox 1423 3443 1554 3484; x_wconf 80' lang='lat' dir='ltr'><strong>vero</strong></span> <span class='ocrx_word' id='word_1_325' title='bbox 1595 3429 1755 3484; x_wconf 69' lang='lat' dir='ltr'><strong>mist:</strong></span> <span class='ocrx_word' id='word_1_326' title='bbox 1784 3423 1999 3495; x_wconf 79' lang='lat' dir='ltr'><strong>‘uiatur,</strong></span> <span class='ocrx_word' id='word_1_327' title='bbox 2031 3429 2201 3500; x_wconf 82' lang='lat' dir='ltr'><strong>depo-</strong></span> 
     </span>
    </p>
   </div>
   <div class='ocr_carea' id='block_1_52' title="bbox 622 3506 1232 3578">
    <p class='ocr_par' dir='ltr' id='par_1_52' title="bbox 622 3506 1232 3578">
     <span class='ocr_line' id='line_1_52' title="bbox 622 3506 1232 3578; baseline 0.003 -2"><span class='ocrx_word' id='word_1_328' title='bbox 622 3533 808 3577; x_wconf 76' lang='lat' dir='ltr'><strong>natur.</strong></span> <span class='ocrx_word' id='word_1_329' title='bbox 1148 3506 1155 3513; x_wconf 44' lang='grc'><em>’</em></span> <span class='ocrx_word' id='word_1_330' title='bbox 1230 3576 1232 3578; x_wconf 76' lang='grc'>,</span> 
     </span>
    </p>
   </div>
   <div class='ocr_carea' id='block_1_53' title="bbox 697 3611 2208 3681">
    <p class='ocr_par' dir='ltr' id='par_1_53' title="bbox 697 3611 2208 3681">
     <span class='ocr_line' id='line_1_53' title="bbox 697 3611 2208 3681; baseline -0.002 -13"><span class='ocrx_word' id='word_1_331' title='bbox 697 3615 788 3668; x_wconf 75' lang='lat'><strong>52.</strong></span> <span class='ocrx_word' id='word_1_332' title='bbox 822 3613 1178 3669; x_wconf 85' lang='lat' dir='ltr'><strong>Ordinatione</strong></span> <span class='ocrx_word' id='word_1_333' title='bbox 1211 3611 1426 3681; x_wconf 78' lang='lat' dir='ltr'><strong>dignus,</strong></span> <span class='ocrx_word' id='word_1_334' title='bbox 1451 3617 1506 3665; x_wconf 90' lang='lat' dir='ltr'><strong>et</strong></span> <span class='ocrx_word' id='word_1_335' title='bbox 1544 3611 1634 3680; x_wconf 92' lang='lat' dir='ltr'><strong>qui</strong></span> <span class='ocrx_word' id='word_1_336' title='bbox 1670 3612 1724 3666; x_wconf 91' lang='lat' dir='ltr'><strong>in</strong></span> <span class='ocrx_word' id='word_1_337' title='bbox 1760 3625 1920 3668; x_wconf 88' lang='lat' dir='ltr'><strong>sacro</strong></span> <span class='ocrx_word' id='word_1_338' title='bbox 1952 3621 2208 3668; x_wconf 87' lang='lat' dir='ltr'><strong>censetur</strong></span> 
     </span>
    </p>
   </div>
   <div class='ocr_carea' id='block_1_54' title="bbox 624 3701 2210 3772">
    <p class='ocr_par' dir='ltr' id='par_1_54' title="bbox 624 3701 2210 3772">
     <span class='ocr_line' id='line_1_54' title="bbox 624 3701 2210 3772; baseline -0.002 -13"><span class='ocrx_word' id='word_1_339' title='bbox 624 3720 858 3772; x_wconf 77' lang='lat' dir='ltr'><strong>genere,</strong></span> <span class='ocrx_word' id='word_1_340' title='bbox 894 3715 1059 3772; x_wconf 84' lang='lat' dir='ltr'><strong>atque</strong></span> <span class='ocrx_word' id='word_1_341' title='bbox 1107 3701 1243 3763; x_wconf 83' lang='lat' dir='ltr'><strong>alio.</strong></span> <span class='ocrx_word' id='word_1_342' title='bbox 1277 3702 1559 3757; x_wconf 88' lang='lat' dir='ltr'><strong>ordinetur</strong></span> <span class='ocrx_word' id='word_1_343' title='bbox 1603 3715 1619 3753; x_wconf 91' lang='lat'><strong>:</strong></span> <span class='ocrx_word' id='word_1_344' title='bbox 1665 3701 1756 3769; x_wconf 89' lang='lat' dir='ltr'><strong>qui</strong></span> <span class='ocrx_word' id='word_1_345' title='bbox 1800 3717 1925 3756; x_wconf 79' lang='lat' dir='ltr'><strong>vero</strong></span> <span class='ocrx_word' id='word_1_346' title='bbox 1972 3716 2079 3756; x_wconf 91' lang='lat' dir='ltr'><strong>non</strong></span> <span class='ocrx_word' id='word_1_347' title='bbox 2125 3710 2210 3757; x_wconf 74' lang='lat' dir='ltr'><strong>est</strong></span> 
     </span>
    </p>
   </div>
   <div class='ocr_carea' id='block_1_55' title="bbox 629 3793 2207 3860">
    <p class='ocr_par' dir='ltr' id='par_1_55' title="bbox 629 3793 2207 3860">
     <span class='ocr_line' id='line_1_55' title="bbox 629 3793 2207 3860; baseline -0.001 -10"><span class='ocrx_word' id='word_1_348' title='bbox 629 3809 839 3860; x_wconf 77' lang='lat' dir='ltr'><strong>tonsus,</strong></span> <span class='ocrx_word' id='word_1_349' title='bbox 867 3811 931 3850; x_wconf 87' lang='lat' dir='ltr'><strong>ac</strong></span> <span class='ocrx_word' id='word_1_350' title='bbox 955 3795 1380 3850; x_wconf 84' lang='lat' dir='ltr'><strong>benedictionem</strong></span> <span class='ocrx_word' id='word_1_351' title='bbox 1412 3804 1737 3847; x_wconf 86' lang='lat' dir='ltr'><strong>consecutus</strong></span> <span class='ocrx_word' id='word_1_352' title='bbox 1765 3803 1870 3858; x_wconf 86' lang='lat' dir='ltr'><strong>est,</strong></span> <span class='ocrx_word' id='word_1_353' title='bbox 1897 3793 1949 3847; x_wconf 91' lang='lat' dir='ltr'><strong>iu</strong></span> <span class='ocrx_word' id='word_1_354' title='bbox 1977 3795 2207 3849; x_wconf 86' lang='lat' dir='ltr'><strong>amboue</strong></span> 
     </span>
    </p>
   </div>
   <div class='ocr_carea' id='block_1_56' title="bbox 626 3887 1460 3956">
    <p class='ocr_par' dir='ltr' id='par_1_56' title="bbox 626 3887 1460 3956">
     <span class='ocr_line' id='line_1_56' title="bbox 626 3887 1460 3956; baseline -0.01 -10"><span class='ocrx_word' id='word_1_355' title='bbox 626 3905 811 3946; x_wconf 81' lang='lat' dir='ltr'><strong>sacros</strong></span> <span class='ocrx_word' id='word_1_356' title='bbox 844 3902 1125 3944; x_wconf 84' lang='lat' dir='ltr'><strong>sermones</strong></span> <span class='ocrx_word' id='word_1_357' title='bbox 1158 3901 1265 3940; x_wconf 81' lang='lat' dir='ltr'><strong>non</strong></span> <span class='ocrx_word' id='word_1_358' title='bbox 1300 3887 1460 3956; x_wconf 72' lang='lat' dir='ltr'><strong>leget.</strong></span> 
     </span>
    </p>
   </div>
   <div class='ocr_carea' id='block_1_57' title="bbox 694 3976 2208 4049">
    <p class='ocr_par' dir='ltr' id='par_1_57' title="bbox 694 3976 2208 4049">
     <span class='ocr_line' id='line_1_57' title="bbox 694 3976 2208 4049; baseline -0.001 -14"><span class='ocrx_word' id='word_1_359' title='bbox 694 3980 787 4035; x_wconf 76' lang='lat'><strong>33.</strong></span> <span class='ocrx_word' id='word_1_360' title='bbox 825 3978 1096 4049; x_wconf 79' lang='lat' dir='ltr'><strong>Episcopo</strong></span> <span class='ocrx_word' id='word_1_361' title='bbox 1140 3979 1250 4034; x_wconf 80' lang='lat' dir='ltr'><strong>vita</strong></span> <span class='ocrx_word' id='word_1_362' title='bbox 1303 3978 1632 4043; x_wconf 75' lang='lat' dir='ltr'><strong>excedente,</strong></span> <span class='ocrx_word' id='word_1_363' title='bbox 1667 3976 1849 4033; x_wconf 86' lang='lat' dir='ltr'><strong>clerus</strong></span> <span class='ocrx_word' id='word_1_364' title='bbox 1897 3988 2018 4033; x_wconf 82' lang='lat' dir='ltr'><strong>aeta</strong></span> <span class='ocrx_word' id='word_1_365' title='bbox 2067 3978 2208 4034; x_wconf 89' lang='lat' dir='ltr'><strong>illius</strong></span> 
     </span>
    </p>
   </div>
   <div class='ocr_carea' id='block_1_58' title="bbox 624 4069 2208 4137">
    <p class='ocr_par' dir='ltr' id='par_1_58' title="bbox 624 4069 2208 4137">
     <span class='ocr_line' id='line_1_58' title="bbox 624 4069 2208 4137; baseline -0.001 -11"><span class='ocrx_word' id='word_1_366' title='bbox 624 4071 865 4126; x_wconf 72' lang='lat' dir='ltr'><strong>servabit</strong></span> <span class='ocrx_word' id='word_1_367' title='bbox 892 4084 906 4123; x_wconf 89' lang='lat'>:</span> <span class='ocrx_word' id='word_1_368' title='bbox 941 4071 984 4124; x_wconf 89' lang='lat' dir='ltr'><strong>si</strong></span> <span class='ocrx_word' id='word_1_369' title='bbox 1017 4079 1197 4124; x_wconf 88' lang='lat' dir='ltr'><strong>autem</strong></span> <span class='ocrx_word' id='word_1_370' title='bbox 1225 4085 1331 4123; x_wconf 89' lang='lat' dir='ltr'><strong>non</strong></span> <span class='ocrx_word' id='word_1_371' title='bbox 1364 4069 1585 4124; x_wconf 89' lang='lat' dir='ltr'><strong>relictus</strong></span> <span class='ocrx_word' id='word_1_372' title='bbox 1615 4079 1700 4125; x_wconf 84' lang='lat' dir='ltr'><strong>est</strong></span> <span class='ocrx_word' id='word_1_373' title='bbox 1727 4069 1983 4137; x_wconf 84' lang='lat' dir='ltr'><strong>clericus,-</strong></span> <span class='ocrx_word' id='word_1_374' title='bbox 2007 4081 2208 4125; x_wconf 87' lang='lat' dir='ltr'><strong>metro-</strong></span> 
     </span>
    </p>
   </div>
   <div class='ocr_carea' id='block_1_59' title="bbox 630 4162 2208 4236">
    <p class='ocr_par' dir='ltr' id='par_1_59' title="bbox 630 4162 2208 4236">
     <span class='ocr_line' id='line_1_59' title="bbox 630 4162 2208 4236; baseline 0.002 -21"><span class='ocrx_word' id='word_1_375' title='bbox 630 4163 906 4232; x_wconf 88' lang='lat' dir='ltr'><strong>politanus</strong></span> <span class='ocrx_word' id='word_1_376' title='bbox 946 4163 1060 4232; x_wconf 78' lang='lat' dir='ltr'><strong>ipsa</strong></span> <span class='ocrx_word' id='word_1_377' title='bbox 1107 4163 1376 4217; x_wconf 86' lang='lat' dir='ltr'><strong>custodiet</strong></span> <span class='ocrx_word' id='word_1_378' title='bbox 1410 4163 1686 4236; x_wconf 78' lang='lat' dir='ltr'><strong>usquead</strong></span> <span class='ocrx_word' id='word_1_379' title='bbox 1726 4162 1882 4225; x_wconf 81' lang='lat' dir='ltr'><strong>alius</strong></span> <span class='ocrx_word' id='word_1_380' title='bbox 1906 4165 2208 4218; x_wconf 85' lang='lat' dir='ltr'><strong>ordinatio-</strong></span> 
     </span>
    </p>
   </div>
   <div class='ocr_carea' id='block_1_60' title="bbox 625 4270 771 4309">
    <p class='ocr_par' dir='ltr' id='par_1_60' title="bbox 625 4270 771 4309">
     <span class='ocr_line' id='line_1_60' title="bbox 625 4270 771 4309; baseline -0.007 -2"><span class='ocrx_word' id='word_1_381' title='bbox 625 4270 771 4309; x_wconf 85' lang='lat' dir='ltr'><strong>neut.</strong></span> 
     </span>
    </p>
   </div>
   <div class='ocr_carea' id='block_1_61' title="bbox 694 4354 2211 4428">
    <p class='ocr_par' dir='ltr' id='par_1_61' title="bbox 694 4354 2211 4428">
     <span class='ocr_line' id='line_1_61' title="bbox 694 4354 2211 4428; baseline 0.002 -17"><span class='ocrx_word' id='word_1_382' title='bbox 694 4359 784 4411; x_wconf 75' lang='lat'><strong>&#39;64.</strong></span> <span class='ocrx_word' id='word_1_383' title='bbox 818 4354 1119 4427; x_wconf 74' lang='lat' dir='ltr'><strong>Episcopus</strong></span> <span class='ocrx_word' id='word_1_384' title='bbox 1151 4357 1240 4428; x_wconf 88' lang='lat' dir='ltr'><strong>qui</strong></span> <span class='ocrx_word' id='word_1_385' title='bbox 1277 4366 1498 4426; x_wconf 88' lang='lat' dir='ltr'><strong>propter</strong></span> <span class='ocrx_word' id='word_1_386' title='bbox 1530 4355 1896 4413; x_wconf 83' lang='lat' dir='ltr'><strong>Barbarorum</strong></span> <span class='ocrx_word' id='word_1_387' title='bbox 1943 4359 2211 4414; x_wconf 85' lang='lat' dir='ltr'><strong>incursio-</strong></span> 
     </span>
    </p>
   </div>
   <div class='ocr_carea' id='block_1_62' title="bbox 2371 1961 3900 2050">
    <p class='ocr_par' dir='ltr' id='par_1_62' title="bbox 2371 1961 3900 2050">
     <span class='ocr_line' id='line_1_62' title="bbox 2371 1961 3900 2050; baseline -0.005 -17"><span class='ocrx_word' id='word_1_388' title='bbox 2371 1978 2482 2050; x_wconf 84' lang='grc' dir='ltr'><strong>κη’.</strong></span> <span class='ocrx_word' id='word_1_389' title='bbox 2523 1961 2635 2033; x_wconf 70' lang='grc' dir='ltr'><strong>καὶ</strong></span> <span class='ocrx_word' id='word_1_390' title='bbox 2653 1980 2702 2031; x_wconf 82' lang='grc' dir='ltr'><strong>οί</strong></span> <span class='ocrx_word' id='word_1_391' title='bbox 2738 1979 2796 2031; x_wconf 82' lang='grc' dir='ltr'><strong>ὲν</strong></span> <span class='ocrx_word' id='word_1_392' title='bbox 2829 1974 3190 2048; x_wconf 84' lang='grc' dir='ltr'><strong>βαρϐαρικαῖς</strong></span> <span class='ocrx_word' id='word_1_393' title='bbox 3231 1972 3586 2043; x_wconf 85' lang='grc' dir='ltr'><strong>Ἐκκλησίαις</strong></span> <span class='ocrx_word' id='word_1_394' title='bbox 3610 1973 3802 2041; x_wconf 77' lang='grc' dir='ltr'><strong>ίιρεῖς,</strong></span> <span class='ocrx_word' id='word_1_395' title='bbox 3845 1976 3900 2027; x_wconf 80' lang='grc' dir='ltr'><strong>εί</strong></span> 
     </span>
    </p>
   </div>
   <div class='ocr_carea' id='block_1_63' title="bbox 2302 2065 3892 2141">
    <p class='ocr_par' dir='ltr' id='par_1_63' title="bbox 2302 2065 3892 2141">
     <span class='ocr_line' id='line_1_63' title="bbox 2302 2065 3892 2141; baseline -0.004 -17"><span class='ocrx_word' id='word_1_396' title='bbox 2302 2072 2402 2140; x_wconf 83' lang='grc' dir='ltr'><strong>τῆς</strong></span> <span class='ocrx_word' id='word_1_397' title='bbox 2436 2072 2544 2124; x_wconf 84' lang='grc' dir='ltr'><strong>τῶν</strong></span> <span class='ocrx_word' id='word_1_398' title='bbox 2585 2069 2830 2141; x_wconf 82' lang='grc' dir='ltr'><strong>συμϐίων</strong></span> <span class='ocrx_word' id='word_1_399' title='bbox 2886 2066 3229 2138; x_wconf 80' lang='grc' dir='ltr'><strong>προσκαίρου</strong></span> <span class='ocrx_word' id='word_1_400' title='bbox 3270 2065 3490 2136; x_wconf 76' lang='grc' dir='ltr'><strong>ὁμιλίας</strong></span> <span class='ocrx_word' id='word_1_401' title='bbox 3534 2065 3844 2135; x_wconf 74' lang='grc' dir='ltr'><strong>ἀπέχονται</strong></span> <span class='ocrx_word' id='word_1_402' title='bbox 3875 2084 3892 2097; x_wconf 93' lang='grc'><strong>·</strong></span> 
     </span>
    </p>
   </div>
   <div class='ocr_carea' id='block_1_64' title="bbox 2304 2154 3902 2232">
    <p class='ocr_par' dir='ltr' id='par_1_64' title="bbox 2304 2154 3902 2232">
     <span class='ocr_line' id='line_1_64' title="bbox 2304 2154 3902 2232; baseline -0.004 -16"><span class='ocrx_word' id='word_1_403' title='bbox 2304 2161 2417 2217; x_wconf 77' lang='grc' dir='ltr'><strong>ἀλλ’</strong></span> <span class='ocrx_word' id='word_1_404' title='bbox 2458 2157 2553 2215; x_wconf 82' lang='grc' dir='ltr'><strong>οὖν</strong></span> <span class='ocrx_word' id='word_1_405' title='bbox 2596 2160 2792 2232; x_wconf 78' lang='grc' dir='ltr'><strong>μηκέτι</strong></span> <span class='ocrx_word' id='word_1_406' title='bbox 2845 2159 3071 2222; x_wconf 85' lang='grc' dir='ltr'><strong>ταύταις</strong></span> <span class='ocrx_word' id='word_1_407' title='bbox 3118 2157 3238 2211; x_wconf 80' lang='grc' dir='ltr'><strong>καθ’</strong></span> <span class='ocrx_word' id='word_1_408' title='bbox 3268 2154 3648 2228; x_wconf 83' lang='grc' dir='ltr'><strong>οίονδηποτοῦν</strong></span> <span class='ocrx_word' id='word_1_409' title='bbox 3686 2157 3902 2227; x_wconf 74' lang='grc' dir='ltr'><strong>ὁμιλεῖ-</strong></span> 
     </span>
    </p>
   </div>
   <div class='ocr_carea' id='block_1_65' title="bbox 2301 2251 2742 2322">
    <p class='ocr_par' dir='ltr' id='par_1_65' title="bbox 2301 2251 2742 2322">
     <span class='ocr_line' id='line_1_65' title="bbox 2301 2251 2742 2322; baseline -0.007 -14"><span class='ocrx_word' id='word_1_410' title='bbox 2301 2270 2486 2308; x_wconf 79' lang='grc' dir='ltr'><strong>τωσαν</strong></span> <span class='ocrx_word' id='word_1_411' title='bbox 2514 2251 2742 2322; x_wconf 80' lang='grc' dir='ltr'><strong>τρόπον.</strong></span> 
     </span>
    </p>
   </div>
   <div class='ocr_carea' id='block_1_66' title="bbox 2374 2339 3901 2412">
    <p class='ocr_par' dir='ltr' id='par_1_66' title="bbox 2374 2339 3901 2412">
     <span class='ocr_line' id='line_1_66' title="bbox 2374 2339 3901 2412; baseline -0.003 -15"><span class='ocrx_word' id='word_1_412' title='bbox 2374 2343 2479 2397; x_wconf 88' lang='grc' dir='ltr'><strong>κθ’.</strong></span> <span class='ocrx_word' id='word_1_413' title='bbox 2529 2342 2690 2404; x_wconf 67' lang='grc' dir='ltr'><strong>Τινὲς</strong></span> <span class='ocrx_word' id='word_1_414' title='bbox 2718 2341 2828 2396; x_wconf 83' lang='grc' dir='ltr'><strong>τῶν</strong></span> <span class='ocrx_word' id='word_1_415' title='bbox 2873 2341 3138 2409; x_wconf 84' lang='grc' dir='ltr'><strong>Πατέρων</strong></span> <span class='ocrx_word' id='word_1_416' title='bbox 3183 2340 3286 2412; x_wconf 83' lang='grc' dir='ltr'><strong>τὴν</strong></span> <span class='ocrx_word' id='word_1_417' title='bbox 3332 2341 3550 2412; x_wconf 75' lang='grc' dir='ltr'><strong>ἡμέραν</strong></span> <span class='ocrx_word' id='word_1_418' title='bbox 3598 2340 3697 2393; x_wconf 81' lang='grc' dir='ltr'><strong>τοῦ</strong></span> <span class='ocrx_word' id='word_1_419' title='bbox 3739 2339 3901 2394; x_wconf 82' lang='grc' dir='ltr'><strong>θείου</strong></span> 
     </span>
    </p>
   </div>
   <div class='ocr_carea' id='block_1_67' title="bbox 2305 2433 3904 2507">
    <p class='ocr_par' dir='ltr' id='par_1_67' title="bbox 2305 2433 3904 2507">
     <span class='ocr_line' id='line_1_67' title="bbox 2305 2433 3904 2507; baseline -0.001 -19"><span class='ocrx_word' id='word_1_420' title='bbox 2305 2436 2530 2490; x_wconf 82' lang='grc' dir='ltr'><strong>Δείπνου</strong></span> <span class='ocrx_word' id='word_1_421' title='bbox 2573 2435 2711 2507; x_wconf 81' lang='grc' dir='ltr'><strong>μετὰ</strong></span> <span class='ocrx_word' id='word_1_422' title='bbox 2737 2435 2801 2489; x_wconf 80' lang='grc' dir='ltr'><strong>τὸ</strong></span> <span class='ocrx_word' id='word_1_423' title='bbox 2826 2434 3118 2505; x_wconf 82' lang='grc' dir='ltr'><strong>δειπνῆσαι</strong></span> <span class='ocrx_word' id='word_1_424' title='bbox 3155 2434 3437 2504; x_wconf 79' lang='grc' dir='ltr'><strong>προσῆγον</strong></span> <span class='ocrx_word' id='word_1_425' title='bbox 3459 2452 3475 2467; x_wconf 78' lang='grc' dir='ltr'><strong><em>ο</em></strong></span> <span class='ocrx_word' id='word_1_426' title='bbox 3513 2433 3662 2499; x_wconf 73' lang='grc' dir='ltr'><strong>ἔδοξε</strong></span> <span class='ocrx_word' id='word_1_427' title='bbox 3702 2434 3904 2488; x_wconf 83' lang='grc' dir='ltr'><strong>τοίνυν</strong></span> 
     </span>
    </p>
   </div>
   <div class='ocr_carea' id='block_1_68' title="bbox 2304 2527 3211 2601">
    <p class='ocr_par' dir='ltr' id='par_1_68' title="bbox 2304 2527 3211 2601">
     <span class='ocr_line' id='line_1_68' title="bbox 2304 2527 3211 2601; baseline 0 -18"><span class='ocrx_word' id='word_1_428' title='bbox 2304 2533 2372 2601; x_wconf 78' lang='grc' dir='ltr'><strong>τῇ</strong></span> <span class='ocrx_word' id='word_1_429' title='bbox 2409 2529 2617 2599; x_wconf 82' lang='grc' dir='ltr'><strong>συνόδῳ</strong></span> <span class='ocrx_word' id='word_1_430' title='bbox 2642 2528 2802 2583; x_wconf 79' lang='grc' dir='ltr'><strong>τοῦτο</strong></span> <span class='ocrx_word' id='word_1_431' title='bbox 2839 2528 2914 2599; x_wconf 81' lang='grc' dir='ltr'><strong>μὴ</strong></span> <span class='ocrx_word' id='word_1_432' title='bbox 2939 2527 3211 2595; x_wconf 70' lang='grc' dir='ltr'><strong>γίνεσθαιι</strong></span> 
     </span>
    </p>
   </div>
   <div class='ocr_carea' id='block_1_69' title="bbox 2373 2617 3900 2690">
    <p class='ocr_par' dir='ltr' id='par_1_69' title="bbox 2373 2617 3900 2690">
     <span class='ocr_line' id='line_1_69' title="bbox 2373 2617 3900 2690; baseline 0 -18"><span class='ocrx_word' id='word_1_433' title='bbox 2373 2619 2441 2672; x_wconf 85' lang='grc' dir='ltr'><strong>λ’.</strong></span> <span class='ocrx_word' id='word_1_434' title='bbox 2483 2619 2547 2673; x_wconf 76' lang='lat' dir='ltr'><strong>Ei</strong></span> <span class='ocrx_word' id='word_1_435' title='bbox 2589 2619 2664 2689; x_wconf 81' lang='grc' dir='ltr'><strong>μὴ</strong></span> <span class='ocrx_word' id='word_1_436' title='bbox 2702 2619 2844 2689; x_wconf 78' lang='grc' dir='ltr'><strong>μετὰ</strong></span> <span class='ocrx_word' id='word_1_437' title='bbox 2885 2618 3126 2690; x_wconf 18' lang='grc' dir='ltr'><strong>γνώμης.</strong></span> <span class='ocrx_word' id='word_1_438' title='bbox 3161 2617 3486 2684; x_wconf 76' lang='grc' dir='ltr'><strong>ἐπισκόπου,</strong></span> <span class='ocrx_word' id='word_1_439' title='bbox 3529 2617 3681 2672; x_wconf 77' lang='grc' dir='ltr'><strong>ἔνδον</strong></span> <span class='ocrx_word' id='word_1_440' title='bbox 3732 2619 3900 2675; x_wconf 80' lang='grc' dir='ltr'><strong>οῖκου</strong></span> 
     </span>
    </p>
   </div>
   <div class='ocr_carea' id='block_1_70' title="bbox 2307 2700 3303 2780">
    <p class='ocr_par' dir='ltr' id='par_1_70' title="bbox 2307 2700 3303 2780">
     <span class='ocr_line' id='line_1_70' title="bbox 2307 2700 3303 2780; baseline 0.004 -19"><span class='ocrx_word' id='word_1_441' title='bbox 2307 2710 2387 2773; x_wconf 84' lang='grc' dir='ltr'><strong>είς</strong></span> <span class='ocrx_word' id='word_1_442' title='bbox 2419 2709 2736 2780; x_wconf 82' lang='grc' dir='ltr'><strong>εὐκτήριον,</strong></span> <span class='ocrx_word' id='word_1_443' title='bbox 2757 2710 2820 2762; x_wconf 82' lang='grc' dir='ltr'><strong>οὐ</strong></span> <span class='ocrx_word' id='word_1_444' title='bbox 2858 2711 3185 2779; x_wconf 80' lang='grc' dir='ltr'><strong>προσάγεις.</strong></span> <span class='ocrx_word' id='word_1_445' title='bbox 3282 2700 3303 2762; x_wconf 50' lang='grc' dir='ltr'><strong><em>ί</em></strong></span> 
     </span>
    </p>
   </div>
   <div class='ocr_carea' id='block_1_71' title="bbox 2380 2794 3907 2874">
    <p class='ocr_par' dir='ltr' id='par_1_71' title="bbox 2380 2794 3907 2874">
     <span class='ocr_line' id='line_1_71' title="bbox 2380 2794 3907 2874; baseline 0.003 -20"><span class='ocrx_word' id='word_1_446' title='bbox 2380 2802 2485 2857; x_wconf 87' lang='grc' dir='ltr'><strong>λα’.</strong></span> <span class='ocrx_word' id='word_1_447' title='bbox 2518 2803 2630 2873; x_wconf 82' lang='grc' dir='ltr'><strong>Τῆν</strong></span> <span class='ocrx_word' id='word_1_448' title='bbox 2653 2802 2762 2855; x_wconf 85' lang='grc' dir='ltr'><strong>τῶν</strong></span> <span class='ocrx_word' id='word_1_449' title='bbox 2795 2794 3299 2874; x_wconf 83' lang='grc' dir='ltr'><strong>ὐδροπαραστατῶν</strong></span> <span class='ocrx_word' id='word_1_450' title='bbox 3335 2802 3578 2872; x_wconf 82' lang='grc' dir='ltr'><strong>ἀναιρῶν</strong></span> <span class='ocrx_word' id='word_1_451' title='bbox 3614 2803 3839 2874; x_wconf 79' lang='grc' dir='ltr'><strong>αῐρεσιν</strong></span> <span class='ocrx_word' id='word_1_452' title='bbox 3873 2809 3907 2859; x_wconf 88' lang='lat'><strong>6</strong></span> 
     </span>
    </p>
   </div>
   <div class='ocr_carea' id='block_1_72' title="bbox 2308 2892 3908 2965">
    <p class='ocr_par' dir='ltr' id='par_1_72' title="bbox 2308 2892 3908 2965">
     <span class='ocr_line' id='line_1_72' title="bbox 2308 2892 3908 2965; baseline -0.001 -18"><span class='ocrx_word' id='word_1_453' title='bbox 2308 2894 2718 2965; x_wconf 75' lang='grc' dir='ltr'><strong>Χρυσόστομος,</strong></span> <span class='ocrx_word' id='word_1_454' title='bbox 2754 2893 2971 2958; x_wconf 87' lang='grc' dir='ltr'><strong>Ἦνίκα,</strong></span> <span class='ocrx_word' id='word_1_455' title='bbox 3003 2894 3158 2962; x_wconf 67' lang='grc' dir='ltr'><strong>φησι,</strong></span> <span class='ocrx_word' id='word_1_456' title='bbox 3176 2893 3446 2946; x_wconf 83' lang='grc' dir='ltr'><strong>πέπονθεν</strong></span> <span class='ocrx_word' id='word_1_457' title='bbox 3477 2892 3507 2944; x_wconf 87' lang='lat'><strong>6</strong></span> <span class='ocrx_word' id='word_1_458' title='bbox 3533 2894 3761 2963; x_wconf 77' lang='grc' dir='ltr'><strong>Κύριος,</strong></span> <span class='ocrx_word' id='word_1_459' title='bbox 3794 2895 3908 2947; x_wconf 78' lang='grc' dir='ltr'><strong>καὶ</strong></span> 
     </span>
    </p>
   </div>
   <div class='ocr_carea' id='block_1_73' title="bbox 2311 2983 3910 3056">
    <p class='ocr_par' dir='ltr' id='par_1_73' title="bbox 2311 2983 3910 3056">
     <span class='ocr_line' id='line_1_73' title="bbox 2311 2983 3910 3056; baseline 0 -19"><span class='ocrx_word' id='word_1_460' title='bbox 2311 2986 2643 3055; x_wconf 69' lang='grc' dir='ltr'><strong>ἐγήγερται,</strong></span> <span class='ocrx_word' id='word_1_461' title='bbox 2686 2984 2816 3054; x_wconf 81' lang='grc' dir='ltr'><strong>οῐνῳ</strong></span> <span class='ocrx_word' id='word_1_462' title='bbox 2849 2984 3142 3055; x_wconf 65' lang='grc' dir='ltr'><strong>ἐχρήσατο.</strong></span> <span class='ocrx_word' id='word_1_463' title='bbox 3180 2983 3350 3038; x_wconf 78' lang='grc' dir='ltr'><strong>Τοῦτο</strong></span> <span class='ocrx_word' id='word_1_464' title='bbox 3383 2983 3640 3047; x_wconf 78' lang='grc' dir='ltr'><strong>λαϐόντες</strong></span> <span class='ocrx_word' id='word_1_465' title='bbox 3666 2985 3718 3038; x_wconf 86' lang='grc' dir='ltr'><strong>οί</strong></span> <span class='ocrx_word' id='word_1_466' title='bbox 3765 2984 3910 3056; x_wconf 82' lang='grc' dir='ltr'><strong>’Δρ-</strong></span> 
     </span>
    </p>
   </div>
   <div class='ocr_carea' id='block_1_74' title="bbox 2313 3072 3896 3147">
    <p class='ocr_par' dir='ltr' id='par_1_74' title="bbox 2313 3072 3896 3147">
     <span class='ocr_line' id='line_1_74' title="bbox 2313 3072 3896 3147; baseline -0.001 -17"><span class='ocrx_word' id='word_1_467' title='bbox 2313 3078 2511 3147; x_wconf 89' lang='grc' dir='ltr'><strong>μένιοι,</strong></span> <span class='ocrx_word' id='word_1_468' title='bbox 2541 3072 2686 3129; x_wconf 78' lang='grc' dir='ltr'><strong>οἶνον</strong></span> <span class='ocrx_word' id='word_1_469' title='bbox 2711 3076 3044 3147; x_wconf 77' lang='grc' dir='ltr'><strong>προσάγουσι</strong></span> <span class='ocrx_word' id='word_1_470' title='bbox 3072 3075 3260 3145; x_wconf 89' lang='grc' dir='ltr'><strong>μόνον,</strong></span> <span class='ocrx_word' id='word_1_471' title='bbox 3280 3075 3380 3129; x_wconf 84' lang='grc' dir='ltr'><strong>οὐκ</strong></span> <span class='ocrx_word' id='word_1_472' title='bbox 3407 3074 3610 3139; x_wconf 71' lang='grc' dir='ltr'><strong>ειδότες</strong></span> <span class='ocrx_word' id='word_1_473' title='bbox 3641 3077 3740 3130; x_wconf 70' lang='grc' dir='ltr'><strong>καὶ</strong></span> <span class='ocrx_word' id='word_1_474' title='bbox 3768 3079 3851 3131; x_wconf 77' lang='grc' dir='ltr'><strong>αὖ</strong></span> <span class='ocrx_word' id='word_1_475' title='bbox 3869 3105 3896 3118; x_wconf 80' lang='lat'><strong>-</strong></span> 
     </span>
    </p>
   </div>
   <div class='ocr_carea' id='block_1_75' title="bbox 2304 3161 3908 3238">
    <p class='ocr_par' dir='ltr' id='par_1_75' title="bbox 2304 3161 3908 3238">
     <span class='ocr_line' id='line_1_75' title="bbox 2304 3161 3908 3238; baseline -0.001 -16"><span class='ocrx_word' id='word_1_476' title='bbox 2304 3170 2396 3222; x_wconf 84' lang='grc' dir='ltr'><strong>τὸν</strong></span> <span class='ocrx_word' id='word_1_477' title='bbox 2433 3171 2525 3221; x_wconf 84' lang='grc' dir='ltr'><strong>τὸν</strong></span> <span class='ocrx_word' id='word_1_478' title='bbox 2557 3161 2970 3238; x_wconf 73' lang='grc' dir='ltr'><strong>Χρυσόστομον,</strong></span> <span class='ocrx_word' id='word_1_479' title='bbox 3006 3168 3104 3220; x_wconf 81' lang='grc' dir='ltr'><strong>καὶ</strong></span> <span class='ocrx_word' id='word_1_480' title='bbox 3131 3166 3444 3234; x_wconf 73' lang='grc' dir='ltr'><strong>Βασίλειον,</strong></span> <span class='ocrx_word' id='word_1_481' title='bbox 3485 3169 3581 3221; x_wconf 79' lang='grc' dir='ltr'><strong>καὶ</strong></span> <span class='ocrx_word' id='word_1_482' title='bbox 3629 3166 3908 3221; x_wconf 72' lang='grc' dir='ltr'><strong>Ἰάκωϐον</strong></span> 
     </span>
    </p>
   </div>
   <div class='ocr_carea' id='block_1_76' title="bbox 2306 3256 3908 3330">
    <p class='ocr_par' dir='ltr' id='par_1_76' title="bbox 2306 3256 3908 3330">
     <span class='ocr_line' id='line_1_76' title="bbox 2306 3256 3908 3330; baseline 0.001 -18"><span class='ocrx_word' id='word_1_483' title='bbox 2306 3260 2435 3330; x_wconf 75' lang='grc' dir='ltr'>οἴνῳ</span> <span class='ocrx_word' id='word_1_484' title='bbox 2467 3258 2796 3329; x_wconf 81' lang='grc' dir='ltr'><strong>μεμιγμένῳ</strong></span> <span class='ocrx_word' id='word_1_485' title='bbox 2827 3259 2980 3312; x_wconf 80' lang='grc' dir='ltr'><strong>ὕδατι</strong></span> <span class='ocrx_word' id='word_1_486' title='bbox 3008 3256 3409 3330; x_wconf 76' lang='grc' dir='ltr'><strong>κεχρημένους,</strong></span> <span class='ocrx_word' id='word_1_487' title='bbox 3441 3261 3540 3313; x_wconf 81' lang='grc' dir='ltr'><strong>καὶ</strong></span> <span class='ocrx_word' id='word_1_488' title='bbox 3568 3257 3703 3330; x_wconf 69' lang='grc' dir='ltr'><strong>ἡμῖν</strong></span> <span class='ocrx_word' id='word_1_489' title='bbox 3741 3257 3908 3314; x_wconf 74' lang='grc' dir='ltr'><strong>οὕτω</strong></span> 
     </span>
    </p>
   </div>
   <div class='ocr_carea' id='block_1_77' title="bbox 2308 3337 3906 3421">
    <p class='ocr_par' dir='ltr' id='par_1_77' title="bbox 2308 3337 3906 3421">
     <span class='ocr_line' id='line_1_77' title="bbox 2308 3337 3906 3421; baseline 0.001 -19"><span class='ocrx_word' id='word_1_490' title='bbox 2308 3337 2764 3419; x_wconf 78' lang='grc' dir='ltr'><strong>παραδεδωκότας</strong></span> <span class='ocrx_word' id='word_1_491' title='bbox 2796 3352 3124 3420; x_wconf 81' lang='grc' dir='ltr'><strong>προσάγειν.</strong></span> <span class='ocrx_word' id='word_1_492' title='bbox 3165 3351 3233 3404; x_wconf 65' lang='lat' dir='ltr'><strong>Et</strong></span> <span class='ocrx_word' id='word_1_493' title='bbox 3267 3368 3354 3414; x_wconf 90' lang='grc' dir='ltr'><strong>τις</strong></span> <span class='ocrx_word' id='word_1_494' title='bbox 3380 3345 3474 3404; x_wconf 81' lang='grc' dir='ltr'><strong>οὖν</strong></span> <span class='ocrx_word' id='word_1_495' title='bbox 3499 3350 3534 3420; x_wconf 75' lang='grc' dir='ltr'><strong>ἢ</strong></span> <span class='ocrx_word' id='word_1_496' title='bbox 3559 3348 3690 3421; x_wconf 76' lang='grc' dir='ltr'><strong>οἴνῳ</strong></span> <span class='ocrx_word' id='word_1_497' title='bbox 3715 3351 3906 3421; x_wconf 83' lang='grc' dir='ltr'><strong>μόνῳ,</strong></span> 
     </span>
    </p>
   </div>
   <div class='ocr_carea' id='block_1_78' title="bbox 2308 3440 3908 3512">
    <p class='ocr_par' dir='ltr' id='par_1_78' title="bbox 2308 3440 3908 3512">
     <span class='ocr_line' id='line_1_78' title="bbox 2308 3440 3908 3512; baseline 0.001 -18"><span class='ocrx_word' id='word_1_498' title='bbox 2308 3441 2342 3511; x_wconf 75' lang='grc' dir='ltr'><strong>ἢ</strong></span> <span class='ocrx_word' id='word_1_499' title='bbox 2370 3441 2522 3495; x_wconf 79' lang='grc' dir='ltr'><strong>ὕδατι</strong></span> <span class='ocrx_word' id='word_1_500' title='bbox 2547 3441 2715 3512; x_wconf 81' lang='grc' dir='ltr'><strong>μόνῳ,</strong></span> <span class='ocrx_word' id='word_1_501' title='bbox 2757 3440 2875 3494; x_wconf 79' lang='grc' dir='ltr'><strong>ἀλλ’</strong></span> <span class='ocrx_word' id='word_1_502' title='bbox 2911 3441 3034 3512; x_wconf 83' lang='grc' dir='ltr'><strong>οὐχὶ</strong></span> <span class='ocrx_word' id='word_1_503' title='bbox 3070 3441 3397 3512; x_wconf 85' lang='grc' dir='ltr'><strong>μεμιγμένῳ</strong></span> <span class='ocrx_word' id='word_1_504' title='bbox 3444 3440 3646 3512; x_wconf 80' lang='grc' dir='ltr'><strong>χρῷτο,</strong></span> <span class='ocrx_word' id='word_1_505' title='bbox 3689 3441 3908 3496; x_wconf 78' lang='grc' dir='ltr'><strong>καθαι-</strong></span> 
     </span>
    </p>
   </div>
   <div class='ocr_carea' id='block_1_79' title="bbox 2289 3531 2534 3601">
    <p class='ocr_par' dir='ltr' id='par_1_79' title="bbox 2289 3531 2534 3601">
     <span class='ocr_line' id='line_1_79' title="bbox 2289 3531 2534 3601; baseline 0.016 -18"><span class='ocrx_word' id='word_1_506' title='bbox 2289 3531 2534 3601; x_wconf 62' lang='lat' dir='ltr'><strong>peluem.</strong></span> 
     </span>
    </p>
   </div>
   <div class='ocr_carea' id='block_1_80' title="bbox 2378 3607 3917 3691">
    <p class='ocr_par' dir='ltr' id='par_1_80' title="bbox 2378 3607 3917 3691">
     <span class='ocr_line' id='line_1_80' title="bbox 2378 3607 3917 3691; baseline 0.004 -21"><span class='ocrx_word' id='word_1_507' title='bbox 2378 3619 2479 3689; x_wconf 84' lang='grc' dir='ltr'><strong>λβ’.</strong></span> <span class='ocrx_word' id='word_1_508' title='bbox 2521 3619 2578 3674; x_wconf 92' lang='lat'><strong>&#39;0</strong></span> <span class='ocrx_word' id='word_1_509' title='bbox 2606 3607 2950 3691; x_wconf 83' lang='grc' dir='ltr'><strong>χειροτονίας</strong></span> <span class='ocrx_word' id='word_1_510' title='bbox 2977 3620 3226 3689; x_wconf 81' lang='grc' dir='ltr'><strong>ὲπάξιος,</strong></span> <span class='ocrx_word' id='word_1_511' title='bbox 3255 3622 3353 3675; x_wconf 73' lang='grc' dir='ltr'><strong>καὶ</strong></span> <span class='ocrx_word' id='word_1_512' title='bbox 3389 3621 3451 3689; x_wconf 74' lang='grc' dir='ltr'><strong>ἐξ</strong></span> <span class='ocrx_word' id='word_1_513' title='bbox 3486 3622 3773 3691; x_wconf 76' lang='grc' dir='ltr'><strong>ἱερατικοῦ</strong></span> <span class='ocrx_word' id='word_1_514' title='bbox 3807 3640 3917 3676; x_wconf 83' lang='grc' dir='ltr'><strong>τε-</strong></span> 
     </span>
    </p>
   </div>
   <div class='ocr_carea' id='block_1_81' title="bbox 2307 3704 3914 3789">
    <p class='ocr_par' dir='ltr' id='par_1_81' title="bbox 2307 3704 3914 3789">
     <span class='ocr_line' id='line_1_81' title="bbox 2307 3704 3914 3789; baseline 0.004 -30"><span class='ocrx_word' id='word_1_515' title='bbox 2307 3704 2416 3759; x_wconf 83' lang='grc' dir='ltr'><strong>λῶν</strong></span> <span class='ocrx_word' id='word_1_516' title='bbox 2441 3708 2652 3775; x_wconf 85' lang='grc' dir='ltr'><strong>γένους,</strong></span> <span class='ocrx_word' id='word_1_517' title='bbox 2686 3709 2781 3760; x_wconf 68' lang='grc' dir='ltr'><strong>καὶ¹</strong></span> <span class='ocrx_word' id='word_1_518' title='bbox 2809 3707 2871 3773; x_wconf 79' lang='grc' dir='ltr'><strong>ἐξ</strong></span> <span class='ocrx_word' id='word_1_519' title='bbox 2911 3709 3122 3780; x_wconf 80' lang='grc' dir='ltr'><strong>ἑτέρου,</strong></span> <span class='ocrx_word' id='word_1_520' title='bbox 3154 3709 3578 3789; x_wconf 70' lang='grc' dir='ltr'><strong>χειροτρνείσθω</strong></span> <span class='ocrx_word' id='word_1_521' title='bbox 3599 3723 3616 3741; x_wconf 82' lang='lat'>&#39;</span> <span class='ocrx_word' id='word_1_522' title='bbox 3653 3711 3681 3762; x_wconf 90' lang='lat'><strong>6</strong></span> <span class='ocrx_word' id='word_1_523' title='bbox 3712 3710 3773 3763; x_wconf 72' lang='grc' dir='ltr'><strong>δὲ</strong></span> <span class='ocrx_word' id='word_1_524' title='bbox 3822 3713 3914 3783; x_wconf 77' lang='grc' dir='ltr'><strong>μὴ</strong></span> 
     </span>
    </p>
   </div>
   <div class='ocr_carea' id='block_1_82' title="bbox 2310 3798 3910 3872">
    <p class='ocr_par' dir='ltr' id='par_1_82' title="bbox 2310 3798 3910 3872">
     <span class='ocr_line' id='line_1_82' title="bbox 2310 3798 3910 3872; baseline 0.003 -21"><span class='ocrx_word' id='word_1_525' title='bbox 2310 3798 2672 3870; x_wconf 85' lang='grc' dir='ltr'><strong>κεκαρμένος,</strong></span> <span class='ocrx_word' id='word_1_526' title='bbox 2717 3798 2814 3852; x_wconf 76' lang='grc' dir='ltr'><strong>καὶ</strong></span> <span class='ocrx_word' id='word_1_527' title='bbox 2840 3798 3092 3869; x_wconf 83' lang='grc' dir='ltr'><strong>εὐλογίας</strong></span> <span class='ocrx_word' id='word_1_528' title='bbox 3139 3801 3340 3871; x_wconf 87' lang='grc' dir='ltr'><strong>τυχὼν,</strong></span> <span class='ocrx_word' id='word_1_529' title='bbox 3391 3803 3478 3855; x_wconf 72' lang='grc' dir='ltr'><strong>ιτε-</strong></span> <span class='ocrx_word' id='word_1_530' title='bbox 3520 3801 3778 3872; x_wconf 82' lang='grc' dir='ltr'><strong>άμϐωνος</strong></span> <span class='ocrx_word' id='word_1_531' title='bbox 3809 3804 3910 3855; x_wconf 80' lang='grc' dir='ltr'><strong>ἱε‹-</strong></span> 
     </span>
    </p>
   </div>
   <div class='ocr_carea' id='block_1_83' title="bbox 2310 3890 3216 3962">
    <p class='ocr_par' dir='ltr' id='par_1_83' title="bbox 2310 3890 3216 3962">
     <span class='ocr_line' id='line_1_83' title="bbox 2310 3890 3216 3962; baseline 0.003 -19"><span class='ocrx_word' id='word_1_532' title='bbox 2310 3891 2440 3962; x_wconf 78' lang='grc' dir='ltr'><strong>ρους</strong></span> <span class='ocrx_word' id='word_1_533' title='bbox 2466 3890 2660 3958; x_wconf 75' lang='grc' dir='ltr'><strong>λόγους</strong></span> <span class='ocrx_word' id='word_1_534' title='bbox 2682 3892 2786 3944; x_wconf 82' lang='grc' dir='ltr'><strong>οὐκ</strong></span> <span class='ocrx_word' id='word_1_535' title='bbox 2806 3892 3216 3960; x_wconf 80' lang='grc' dir='ltr'><strong>ἀναγνώσεται.</strong></span> 
     </span>
    </p>
   </div>
   <div class='ocr_carea' id='block_1_84' title="bbox 2380 3982 3909 4055">
    <p class='ocr_par' dir='ltr' id='par_1_84' title="bbox 2380 3982 3909 4055">
     <span class='ocr_line' id='line_1_84' title="bbox 2380 3982 3909 4055; baseline 0.003 -21"><span class='ocrx_word' id='word_1_536' title='bbox 2380 3982 2482 4050; x_wconf 62' lang='grc' dir='ltr'><strong>λγ.</strong></span> <span class='ocrx_word' id='word_1_537' title='bbox 2517 3983 2892 4046; x_wconf 82' lang='grc' dir='ltr'><strong>Τελευτῶντος</strong></span> <span class='ocrx_word' id='word_1_538' title='bbox 2926 3983 3254 4046; x_wconf 73' lang='grc' dir='ltr'><strong>ἐπισκόπου,</strong></span> <span class='ocrx_word' id='word_1_539' title='bbox 3284 3986 3312 4038; x_wconf 97' lang='lat'><strong>6</strong></span> <span class='ocrx_word' id='word_1_540' title='bbox 3341 3982 3540 4055; x_wconf 82' lang='grc' dir='ltr'><strong>κλῆρος</strong></span> <span class='ocrx_word' id='word_1_541' title='bbox 3569 3983 3909 4052; x_wconf 80' lang='grc' dir='ltr'><strong>διαφυλάξει</strong></span> 
     </span>
    </p>
   </div>
   <div class='ocr_carea' id='block_1_85' title="bbox 2308 4073 3914 4146">
    <p class='ocr_par' dir='ltr' id='par_1_85' title="bbox 2308 4073 3914 4146">
     <span class='ocr_line' id='line_1_85' title="bbox 2308 4073 3914 4146; baseline 0.004 -20"><span class='ocrx_word' id='word_1_542' title='bbox 2308 4073 2379 4126; x_wconf 73' lang='grc' dir='ltr'><strong>τά</strong></span> <span class='ocrx_word' id='word_1_543' title='bbox 2412 4075 2717 4144; x_wconf 83' lang='grc' dir='ltr'><strong>πράγματα</strong></span> <span class='ocrx_word' id='word_1_544' title='bbox 2742 4090 2757 4105; x_wconf 77' lang='grc'><strong><em>⁸</em></strong></span> <span class='ocrx_word' id='word_1_545' title='bbox 2794 4077 2844 4127; x_wconf 84' lang='grc' dir='ltr'><strong>εί</strong></span> <span class='ocrx_word' id='word_1_546' title='bbox 2893 4074 2950 4127; x_wconf 79' lang='grc' dir='ltr'><strong>δὲ</strong></span> <span class='ocrx_word' id='word_1_547' title='bbox 2976 4075 3055 4146; x_wconf 81' lang='grc' dir='ltr'><strong>μὴ</strong></span> <span class='ocrx_word' id='word_1_548' title='bbox 3087 4074 3482 4128; x_wconf 80' lang='grc' dir='ltr'><strong>ὑπολέλειπται</strong></span> <span class='ocrx_word' id='word_1_549' title='bbox 3540 4075 3835 4146; x_wconf 82' lang='grc' dir='ltr'><strong>κληρικὸς,</strong></span> <span class='ocrx_word' id='word_1_550' title='bbox 3880 4082 3914 4132; x_wconf 89' lang='lat'><strong>6</strong></span> 
     </span>
    </p>
   </div>
   <div class='ocr_carea' id='block_1_86' title="bbox 2314 4164 3917 4240">
    <p class='ocr_par' dir='ltr' id='par_1_86' title="bbox 2314 4164 3917 4240">
     <span class='ocr_line' id='line_1_86' title="bbox 2314 4164 3917 4240; baseline -0.009 -13"><span class='ocrx_word' id='word_1_551' title='bbox 2314 4167 2722 4239; x_wconf 82' lang='grc' dir='ltr'><strong>μητροπολίτης</strong></span> <span class='ocrx_word' id='word_1_552' title='bbox 2752 4164 2897 4221; x_wconf 81' lang='grc' dir='ltr'><strong>αὐτὰ</strong></span> <span class='ocrx_word' id='word_1_553' title='bbox 2920 4165 3239 4240; x_wconf 77' lang='grc' dir='ltr'><strong>διαφυλάξει</strong></span> <span class='ocrx_word' id='word_1_554' title='bbox 3275 4167 3387 4230; x_wconf 71' lang='grc' dir='ltr'><strong>ἕως»</strong></span> <span class='ocrx_word' id='word_1_555' title='bbox 3415 4166 3515 4236; x_wconf 84' lang='grc' dir='ltr'><strong>τῆς</strong></span> <span class='ocrx_word' id='word_1_556' title='bbox 3548 4167 3744 4237; x_wconf 76' lang='grc' dir='ltr'><strong>ἑτέρου</strong></span> <span class='ocrx_word' id='word_1_557' title='bbox 3777 4185 3850 4237; x_wconf 84' lang='grc' dir='ltr'><strong>χε</strong></span> <span class='ocrx_word' id='word_1_558' title='bbox 3863 4189 3917 4222; x_wconf 80' lang='grc' dir='ltr'><strong>ι-</strong></span> 
     </span>
    </p>
   </div>
   <div class='ocr_carea' id='block_1_87' title="bbox 2315 4243 3020 4332">
    <p class='ocr_par' dir='ltr' id='par_1_87' title="bbox 2315 4243 3020 4332">
     <span class='ocr_line' id='line_1_87' title="bbox 2315 4243 3020 4332; baseline 0.006 -20"><span class='ocrx_word' id='word_1_559' title='bbox 2315 4260 2585 4332; x_wconf 87' lang='grc' dir='ltr'><strong>ροτονίας.</strong></span> <span class='ocrx_word' id='word_1_560' title='bbox 3001 4243 3020 4274; x_wconf 63' lang='lat'>\</span> 
     </span>
    </p>
   </div>
   <div class='ocr_carea' id='block_1_88' title="bbox 2379 4350 3912 4426">
    <p class='ocr_par' dir='ltr' id='par_1_88' title="bbox 2379 4350 3912 4426">
     <span class='ocr_line' id='line_1_88' title="bbox 2379 4350 3912 4426; baseline 0 -20"><span class='ocrx_word' id='word_1_561' title='bbox 2379 4355 2472 4408; x_wconf 73' lang='grc' dir='ltr'><strong>λδν.</strong></span> <span class='ocrx_word' id='word_1_562' title='bbox 2514 4353 2572 4406; x_wconf 89' lang='lat'><strong>&#39;0</strong></span> <span class='ocrx_word' id='word_1_563' title='bbox 2600 4353 2688 4406; x_wconf 86' lang='grc' dir='ltr'><strong>διὰ</strong></span> <span class='ocrx_word' id='word_1_564' title='bbox 2709 4352 3009 4423; x_wconf 86' lang='grc' dir='ltr'><strong>Βαρϐάρων</strong></span> <span class='ocrx_word' id='word_1_565' title='bbox 3035 4352 3225 4421; x_wconf 69' lang='grc' dir='ltr'><strong>ἔφοδον</strong></span> <span class='ocrx_word' id='word_1_566' title='bbox 3255 4354 3330 4422; x_wconf 82' lang='grc' dir='ltr'><strong>μὴ</strong></span> <span class='ocrx_word' id='word_1_567' title='bbox 3351 4352 3582 4414; x_wconf 72' lang='grc' dir='ltr'><strong>ἐπιστάς</strong></span> <span class='ocrx_word' id='word_1_568' title='bbox 3602 4350 3679 4422; x_wconf 80' lang='grc' dir='ltr'><strong>τῷ</strong></span> <span class='ocrx_word' id='word_1_569' title='bbox 3714 4352 3912 4426; x_wconf 81' lang='grc' dir='ltr'><strong>θρόνῳ</strong></span> 
     </span>
    </p>
   </div>
   <div class='ocr_carea' id='block_1_89' title="bbox 626 4444 2203 4528">
    <p class='ocr_par' dir='ltr' id='par_1_89' title="bbox 626 4450 2203 4528">
     <span class='ocr_line' id='line_1_89' title="bbox 626 4450 2203 4528; baseline 0.001 -24"><span class='ocrx_word' id='word_1_570' title='bbox 626 4467 746 4504; x_wconf 85' lang='lat' dir='ltr'><strong>nem</strong></span> <span class='ocrx_word' id='word_1_571' title='bbox 778 4453 975 4504; x_wconf 85' lang='lat' dir='ltr'><strong>throno</strong></span> <span class='ocrx_word' id='word_1_572' title='bbox 1005 4465 1109 4505; x_wconf 85' lang='lat' dir='ltr'><strong>non</strong></span> <span class='ocrx_word' id='word_1_573' title='bbox 1145 4451 1420 4528; x_wconf 65' lang='lat' dir='ltr'><strong>praesidet,</strong></span> <span class='ocrx_word' id='word_1_574' title='bbox 1445 4451 1716 4518; x_wconf 79' lang='lat' dir='ltr'><strong>propriam</strong></span> <span class='ocrx_word' id='word_1_575' title='bbox 1746 4450 1931 4504; x_wconf 84' lang='lat' dir='ltr'><strong>sedem</strong></span> <span class='ocrx_word' id='word_1_576' title='bbox 1961 4451 2203 4506; x_wconf 88' lang='lat' dir='ltr'><strong>obtineat</strong></span> 
     </span>
    </p>
   </div>
   <div class='ocr_carea' id='block_1_90' title="bbox 2332 4444 3912 4528">
    <p class='ocr_par' dir='ltr' id='par_1_90' title="bbox 2332 4444 3912 4516">
     <span class='ocr_line' id='line_1_90' title="bbox 2332 4444 3912 4516; baseline 0.003 -21"><span class='ocrx_word' id='word_1_577' title='bbox 2332 4447 2626 4508; x_wconf 47' lang='lat' dir='ltr'><strong>nionem;</strong></span> <span class='ocrx_word' id='word_1_578' title='bbox 2665 4447 2759 4498; x_wconf 77' lang='grc' dir='ltr'><strong>καὶ</strong></span> <span class='ocrx_word' id='word_1_579' title='bbox 2808 4445 3084 4514; x_wconf 84' lang='grc' dir='ltr'><strong>καθέδραν</strong></span> <span class='ocrx_word' id='word_1_580' title='bbox 3134 4446 3234 4516; x_wconf 83' lang='grc' dir='ltr'><strong>τὴν</strong></span> <span class='ocrx_word' id='word_1_581' title='bbox 3287 4444 3498 4497; x_wconf 73' lang='grc' dir='ltr'><strong>οἰκείαν</strong></span> <span class='ocrx_word' id='word_1_582' title='bbox 3546 4444 3744 4513; x_wconf 76' lang='grc' dir='ltr'><strong>ἐχέτω,</strong></span> <span class='ocrx_word' id='word_1_583' title='bbox 3795 4449 3912 4499; x_wconf 78' lang='grc' dir='ltr'><strong>καὶ</strong></span> 
     </span>
    </p>
   </div>
   <div class='ocr_carea' id='block_1_91' title="bbox 624 4541 2204 4613">
    <p class='ocr_par' dir='ltr' id='par_1_91' title="bbox 624 4541 2204 4613">
     <span class='ocr_line' id='line_1_91' title="bbox 624 4541 2204 4613; baseline 0.003 -20"><span class='ocrx_word' id='word_1_584' title='bbox 624 4543 968 4611; x_wconf 88' lang='lat' dir='ltr'><strong>m-diuetque,</strong></span> <span class='ocrx_word' id='word_1_585' title='bbox 994 4553 1159 4613; x_wconf 85' lang='lat' dir='ltr'><strong>atque</strong></span> <span class='ocrx_word' id='word_1_586' title='bbox 1192 4543 1374 4596; x_wconf 81' lang='lat' dir='ltr'><strong>omnia</strong></span> <span class='ocrx_word' id='word_1_587' title='bbox 1407 4541 1697 4596; x_wconf 82' lang='lat' dir='ltr'><strong>sacerdotii</strong></span> <span class='ocrx_word' id='word_1_588' title='bbox 1733 4556 1956 4595; x_wconf 87' lang='lat' dir='ltr'><strong>munera</strong></span> <span class='ocrx_word' id='word_1_589' title='bbox 1987 4543 2204 4597; x_wconf 85' lang='lat' dir='ltr'><strong>validis-</strong></span> 
     </span>
    </p>
   </div>
   <div class='ocr_carea' id='block_1_92' title="bbox 626 4630 1508 4701">
    <p class='ocr_par' dir='ltr' id='par_1_92' title="bbox 626 4630 1508 4701">
     <span class='ocr_line' id='line_1_92' title="bbox 626 4630 1508 4701; baseline 0.003 -17"><span class='ocrx_word' id='word_1_590' title='bbox 626 4636 764 4684; x_wconf 64' lang='lat' dir='ltr'><strong>sime</strong></span> <span class='ocrx_word' id='word_1_591' title='bbox 795 4630 1072 4701; x_wconf 80' lang='lat' dir='ltr'><strong>fungatur.</strong></span> <span class='ocrx_word' id='word_1_592' title='bbox 1504 4682 1508 4687; x_wconf 90' lang='lat'><strong>.</strong></span> 
     </span>
    </p>
   </div>
   <div class='ocr_carea' id='block_1_93' title="bbox 703 4726 2202 4796">
    <p class='ocr_par' dir='ltr' id='par_1_93' title="bbox 703 4726 2202 4796">
     <span class='ocr_line' id='line_1_93' title="bbox 703 4726 2202 4796; baseline -0.001 -15"><span class='ocrx_word' id='word_1_593' title='bbox 703 4728 796 4782; x_wconf 80' lang='grc'>55.</span> <span class='ocrx_word' id='word_1_594' title='bbox 831 4727 1126 4781; x_wconf 75' lang='lat' dir='ltr'><strong>Monachus</strong></span> <span class='ocrx_word' id='word_1_595' title='bbox 1171 4726 1434 4781; x_wconf 88' lang='lat' dir='ltr'><strong>decennio</strong></span> <span class='ocrx_word' id='word_1_596' title='bbox 1482 4726 1778 4780; x_wconf 87' lang='lat' dir='ltr'><strong>solitariam</strong></span> <span class='ocrx_word' id='word_1_597' title='bbox 1819 4727 1982 4778; x_wconf 84' lang='lat' dir='ltr'><strong>vitam</strong></span> <span class='ocrx_word' id='word_1_598' title='bbox 2028 4727 2202 4796; x_wconf 79' lang='lat' dir='ltr'><strong>deget.</strong></span> 
     </span>
    </p>
   </div>
   <div class='ocr_carea' id='block_1_94' title="bbox 625 4804 2205 4888">
    <p class='ocr_par' dir='ltr' id='par_1_94' title="bbox 625 4804 2205 4888">
     <span class='ocr_line' id='line_1_94' title="bbox 625 4804 2205 4888; baseline 0.001 -17"><span class='ocrx_word' id='word_1_599' title='bbox 625 4815 778 4874; x_wconf 77' lang='lat' dir='ltr'><strong>Licet</strong></span> <span class='ocrx_word' id='word_1_600' title='bbox 820 4821 962 4873; x_wconf 88' lang='lat' dir='ltr'><strong>enim</strong></span> <span class='ocrx_word' id='word_1_601' title='bbox 1012 4821 1170 4873; x_wconf 90' lang='lat' dir='ltr'><strong>divus</strong></span> <span class='ocrx_word' id='word_1_602' title='bbox 1217 4819 1450 4872; x_wconf 83' lang='lat' dir='ltr'><strong>Basilius</strong></span> <span class='ocrx_word' id='word_1_603' title='bbox 1500 4834 1622 4873; x_wconf 89' lang='lat' dir='ltr'><strong>eam</strong></span> <span class='ocrx_word' id='word_1_604' title='bbox 1676 4834 1795 4888; x_wconf 60' lang='lat' dir='ltr'><strong>quae</strong></span> <span class='ocrx_word' id='word_1_605' title='bbox 1847 4804 2068 4873; x_wconf 86' lang='lat' dir='ltr'><strong>detonsa</strong></span> <span class='ocrx_word' id='word_1_606' title='bbox 2123 4829 2205 4872; x_wconf 89' lang='lat' dir='ltr'><strong>est</strong></span> 
     </span>
    </p>
   </div>
   <div class='ocr_carea' id='block_1_95' title="bbox 627 4911 2205 4979">
    <p class='ocr_par' dir='ltr' id='par_1_95' title="bbox 627 4911 2205 4979">
     <span class='ocr_line' id='line_1_95' title="bbox 627 4911 2205 4979; baseline 0.001 -16"><span class='ocrx_word' id='word_1_607' title='bbox 627 4911 1013 4978; x_wconf 68' lang='lat' dir='ltr'><strong>septemdecim</strong></span> <span class='ocrx_word' id='word_1_608' title='bbox 1051 4927 1221 4964; x_wconf 85' lang='lat' dir='ltr'><strong>annos</strong></span> <span class='ocrx_word' id='word_1_609' title='bbox 1256 4911 1474 4979; x_wconf 78' lang='lat' dir='ltr'><strong>exigere</strong></span> <span class='ocrx_word' id='word_1_610' title='bbox 1505 4911 1812 4976; x_wconf 84' lang='lat' dir='ltr'><strong>censuerit,</strong></span> <span class='ocrx_word' id='word_1_611' title='bbox 1848 4926 2034 4964; x_wconf 83' lang='lat' dir='ltr'><strong>verum</strong></span> <span class='ocrx_word' id='word_1_612' title='bbox 2067 4925 2205 4978; x_wconf 90' lang='lat' dir='ltr'><strong>quo-</strong></span> 
     </span>
    </p>
   </div>
   <div class='ocr_carea' id='block_1_96' title="bbox 629 5001 2208 5072">
    <p class='ocr_par' dir='ltr' id='par_1_96' title="bbox 629 5001 2208 5072">
     <span class='ocr_line' id='line_1_96' title="bbox 629 5001 2208 5072; baseline 0.001 -18"><span class='ocrx_word' id='word_1_613' title='bbox 629 5004 798 5065; x_wconf 82' lang='lat' dir='ltr'><strong>niam,</strong></span> <span class='ocrx_word' id='word_1_614' title='bbox 817 5003 1160 5072; x_wconf 69' lang='lat' dir='ltr'><strong>prrccipiente</strong></span> <span class='ocrx_word' id='word_1_615' title='bbox 1177 5002 1453 5070; x_wconf 79' lang='lat' dir='ltr'><strong>Apostolo,</strong></span> <span class='ocrx_word' id='word_1_616' title='bbox 1472 5004 1687 5056; x_wconf 83' lang='lat' dir='ltr'><strong>viduam</strong></span> <span class='ocrx_word' id='word_1_617' title='bbox 1716 5003 1767 5055; x_wconf 90' lang='lat' dir='ltr'><strong>in</strong></span> <span class='ocrx_word' id='word_1_618' title='bbox 1797 5001 2035 5056; x_wconf 79' lang='lat' dir='ltr'><strong>Ecclesia</strong></span> <span class='ocrx_word' id='word_1_619' title='bbox 2055 5019 2208 5056; x_wconf 77' lang='lat' dir='ltr'><strong>sexa-</strong></span> 
     </span>
    </p>
   </div>
   <div class='ocr_carea' id='block_1_97' title="bbox 629 5091 2206 5162">
    <p class='ocr_par' dir='ltr' id='par_1_97' title="bbox 629 5091 2206 5162">
     <span class='ocr_line' id='line_1_97' title="bbox 629 5091 2206 5162; baseline 0 -18"><span class='ocrx_word' id='word_1_620' title='bbox 629 5096 774 5162; x_wconf 72' lang='lat' dir='ltr'><strong>ginta</strong></span> <span class='ocrx_word' id='word_1_621' title='bbox 810 5109 981 5147; x_wconf 83' lang='lat' dir='ltr'><strong>annos</strong></span> <span class='ocrx_word' id='word_1_622' title='bbox 1020 5106 1199 5146; x_wconf 82' lang='lat' dir='ltr'><strong>natatu</strong></span> <span class='ocrx_word' id='word_1_623' title='bbox 1236 5095 1538 5162; x_wconf 74' lang='lat' dir='ltr'><strong>eligendam</strong></span> <span class='ocrx_word' id='word_1_624' title='bbox 1576 5108 1698 5147; x_wconf 86' lang='lat' dir='ltr'><strong>esse</strong></span> <span class='ocrx_word' id='word_1_625' title='bbox 1720 5093 1763 5156; x_wconf 75' lang='grc'><strong>⁸,</strong></span> <span class='ocrx_word' id='word_1_626' title='bbox 1798 5093 1985 5145; x_wconf 80' lang='lat' dir='ltr'><strong>Patres</strong></span> <span class='ocrx_word' id='word_1_627' title='bbox 2022 5091 2206 5144; x_wconf 82' lang='lat' dir='ltr'><strong>diaco-</strong></span> 
     </span>
    </p>
   </div>
   <div class='ocr_carea' id='block_1_98' title="bbox 631 5185 2208 5253">
    <p class='ocr_par' dir='ltr' id='par_1_98' title="bbox 631 5185 2208 5253">
     <span class='ocr_line' id='line_1_98' title="bbox 631 5185 2208 5253; baseline -0.001 -15"><span class='ocrx_word' id='word_1_628' title='bbox 631 5189 832 5239; x_wconf 78' lang='lat' dir='ltr'><strong>nissam</strong></span> <span class='ocrx_word' id='word_1_629' title='bbox 879 5187 1365 5253; x_wconf 78' lang='lat' dir='ltr'><strong>quadragenariam</strong></span> <span class='ocrx_word' id='word_1_630' title='bbox 1414 5186 1528 5239; x_wconf 87' lang='lat' dir='ltr'><strong>lieri</strong></span> <span class='ocrx_word' id='word_1_631' title='bbox 1578 5186 1832 5238; x_wconf 82' lang='lat' dir='ltr'><strong>dixerunt</strong></span> <span class='ocrx_word' id='word_1_632' title='bbox 1880 5201 1892 5236; x_wconf 88' lang='lat'><strong>:</strong></span> <span class='ocrx_word' id='word_1_633' title='bbox 1947 5185 2208 5238; x_wconf 77' lang='lat' dir='ltr'><strong>validiore</strong></span> 
     </span>
    </p>
   </div>
   <div class='ocr_carea' id='block_1_99' title="bbox 631 5260 2208 5347">
    <p class='ocr_par' dir='ltr' id='par_1_99' title="bbox 631 5260 2208 5347">
     <span class='ocr_line' id='line_1_99' title="bbox 631 5260 2208 5347; baseline 0 -18"><span class='ocrx_word' id='word_1_634' title='bbox 631 5279 771 5330; x_wconf 74' lang='lat' dir='ltr'><strong>lucta</strong></span> <span class='ocrx_word' id='word_1_635' title='bbox 809 5275 1070 5340; x_wconf 77' lang='lat' dir='ltr'><strong>Ecclesia,</strong></span> <span class='ocrx_word' id='word_1_636' title='bbox 1102 5293 1199 5331; x_wconf 91' lang='lat' dir='ltr'><strong>nos</strong></span> <span class='ocrx_word' id='word_1_637' title='bbox 1233 5293 1452 5347; x_wconf 83' lang='lat' dir='ltr'><strong>quoque</strong></span> <span class='ocrx_word' id='word_1_638' title='bbox 1474 5260 1646 5332; x_wconf 34' lang='lat' dir='ltr'><strong>&#39;citius</strong></span> <span class='ocrx_word' id='word_1_639' title='bbox 1676 5275 1906 5346; x_wconf 75' lang='lat' dir='ltr'><strong>sigillum</strong></span> <span class='ocrx_word' id='word_1_640' title='bbox 1945 5279 2208 5329; x_wconf 74' lang='lat' dir='ltr'><strong>monacho</strong></span> 
     </span>
    </p>
   </div>
   <div class='ocr_carea' id='block_1_100' title="bbox 634 5371 979 5434">
    <p class='ocr_par' dir='ltr' id='par_1_100' title="bbox 634 5371 979 5434">
     <span class='ocr_line' id='line_1_100' title="bbox 634 5371 979 5434; baseline 0 -14"><span class='ocrx_word' id='word_1_641' title='bbox 634 5371 979 5434; x_wconf 84' lang='lat' dir='ltr'><strong>imponimus.</strong></span> 
     </span>
    </p>
   </div>
   <div class='ocr_carea' id='block_1_101' title="bbox 698 5459 2208 5526">
    <p class='ocr_par' dir='ltr' id='par_1_101' title="bbox 698 5459 2208 5526">
     <span class='ocr_line' id='line_1_101' title="bbox 698 5459 2208 5526; baseline -0.002 -15"><span class='ocrx_word' id='word_1_642' title='bbox 698 5461 787 5512; x_wconf 78' lang='lat'><strong>56.</strong></span> <span class='ocrx_word' id='word_1_643' title='bbox 816 5461 916 5524; x_wconf 81' lang='lat' dir='ltr'><strong>Qui</strong></span> <span class='ocrx_word' id='word_1_644' title='bbox 950 5460 1307 5515; x_wconf 78' lang='lat' dir='ltr'><strong>ineludeurlus</strong></span> <span class='ocrx_word' id='word_1_645' title='bbox 1335 5472 1440 5526; x_wconf 86' lang='lat' dir='ltr'><strong>est,</strong></span> <span class='ocrx_word' id='word_1_646' title='bbox 1472 5461 1761 5516; x_wconf 89' lang='lat' dir='ltr'><strong>triennium</strong></span> <span class='ocrx_word' id='word_1_647' title='bbox 1795 5460 1848 5511; x_wconf 91' lang='lat' dir='ltr'><strong>in</strong></span> <span class='ocrx_word' id='word_1_648' title='bbox 1880 5459 2208 5511; x_wconf 86' lang='lat' dir='ltr'><strong>monasterio</strong></span> 
     </span>
    </p>
   </div>
   <div class='ocr_carea' id='block_1_102' title="bbox 629 5552 2207 5625">
    <p class='ocr_par' dir='ltr' id='par_1_102' title="bbox 629 5552 2207 5625">
     <span class='ocr_line' id='line_1_102' title="bbox 629 5552 2207 5625; baseline 0 -22"><span class='ocrx_word' id='word_1_649' title='bbox 629 5552 1016 5619; x_wconf 43' lang='lat' dir='ltr'><strong>prius‘dcgat,</strong></span> <span class='ocrx_word' id='word_1_650' title='bbox 1073 5570 1136 5609; x_wconf 89' lang='lat' dir='ltr'><strong>ac</strong></span> <span class='ocrx_word' id='word_1_651' title='bbox 1185 5555 1500 5625; x_wconf 83' lang='lat' dir='ltr'><strong>priusquam</strong></span> <span class='ocrx_word' id='word_1_652' title='bbox 1551 5554 1853 5608; x_wconf 86' lang='lat' dir='ltr'><strong>includatur</strong></span> <span class='ocrx_word' id='word_1_653' title='bbox 1906 5553 1994 5606; x_wconf 86' lang='lat' dir='ltr'><strong>ubi</strong></span> <span class='ocrx_word' id='word_1_654' title='bbox 2046 5552 2207 5605; x_wconf 84' lang='lat' dir='ltr'><strong>alium</strong></span> 
     </span>
    </p>
   </div>
   <div class='ocr_carea' id='block_1_103' title="bbox 707 5736 1078 5802">
    <p class='ocr_par' dir='ltr' id='par_1_103' title="bbox 707 5736 1078 5802">
     <span class='ocr_line' id='line_1_103' title="bbox 707 5736 1078 5802; baseline 0.013 -14"><span class='ocrx_word' id='word_1_655' title='bbox 707 5736 764 5789; x_wconf 61' lang='grc' dir='ltr'><strong>λι</strong></span> <span class='ocrx_word' id='word_1_656' title='bbox 798 5736 998 5802; x_wconf 75' lang='lat' dir='ltr'><strong>Titii.\&#39;,</strong></span> <span class='ocrx_word' id='word_1_657' title='bbox 1027 5739 1078 5793; x_wconf 80' lang='grc'><strong>9.</strong></span> 
     </span>
    </p>
   </div>
   <div class='ocr_carea' id='block_1_104' title="bbox 2308 4536 3916 4607">
    <p class='ocr_par' dir='ltr' id='par_1_104' title="bbox 2308 4536 3916 4607">
     <span class='ocr_line' id='line_1_104' title="bbox 2308 4536 3916 4607; baseline -0.007 -16"><span class='ocrx_word' id='word_1_658' title='bbox 2308 4537 2707 4607; x_wconf 85' lang='grc' dir='ltr'><strong>χειροτονείτω,</strong></span> <span class='ocrx_word' id='word_1_659' title='bbox 2747 4537 2841 4590; x_wconf 76' lang='grc' dir='ltr'><strong>καὶ</strong></span> <span class='ocrx_word' id='word_1_660' title='bbox 2871 4536 3049 4589; x_wconf 80' lang='grc' dir='ltr'><strong>πάντα</strong></span> <span class='ocrx_word' id='word_1_661' title='bbox 3085 4537 3150 4590; x_wconf 76' lang='grc' dir='ltr'><strong>τά</strong></span> <span class='ocrx_word' id='word_1_662' title='bbox 3186 4536 3287 4604; x_wconf 78' lang='grc' dir='ltr'><strong>τῆς</strong></span> <span class='ocrx_word' id='word_1_663' title='bbox 3319 4536 3623 4605; x_wconf 78' lang='grc' dir='ltr'><strong>ἱερωσύνης</strong></span> <span class='ocrx_word' id='word_1_664' title='bbox 3651 4537 3856 4604; x_wconf 80' lang='grc' dir='ltr'><strong>ἑνεργε</strong></span> <span class='ocrx_word' id='word_1_665' title='bbox 3869 4539 3916 4590; x_wconf 83' lang='grc' dir='ltr'><strong>ί-</strong></span> 
     </span>
    </p>
   </div>
   <div class='ocr_carea' id='block_1_105' title="bbox 2308 4631 2758 4700">
    <p class='ocr_par' dir='ltr' id='par_1_105' title="bbox 2308 4631 2758 4700">
     <span class='ocr_line' id='line_1_105' title="bbox 2308 4631 2758 4700; baseline 0 -19"><span class='ocrx_word' id='word_1_666' title='bbox 2308 4647 2387 4682; x_wconf 89' lang='grc' dir='ltr'><strong>τω</strong></span> <span class='ocrx_word' id='word_1_667' title='bbox 2413 4631 2758 4700; x_wconf 81' lang='grc' dir='ltr'><strong>βεϐαιότατα.</strong></span> 
     </span>
    </p>
   </div>
   <div class='ocr_carea' id='block_1_106' title="bbox 2381 4718 3914 4791">
    <p class='ocr_par' dir='ltr' id='par_1_106' title="bbox 2381 4718 3914 4791">
     <span class='ocr_line' id='line_1_106' title="bbox 2381 4718 3914 4791; baseline 0.001 -19"><span class='ocrx_word' id='word_1_668' title='bbox 2381 4719 2473 4775; x_wconf 85' lang='grc' dir='ltr'><strong>λε’.</strong></span> <span class='ocrx_word' id='word_1_669' title='bbox 2525 4722 2584 4773; x_wconf 86' lang='grc' dir='ltr'>Ὀ</span> <span class='ocrx_word' id='word_1_670' title='bbox 2619 4722 2890 4791; x_wconf 77' lang='grc' dir='ltr'><strong>μονάζων,</strong></span> <span class='ocrx_word' id='word_1_671' title='bbox 2929 4721 3154 4789; x_wconf 84' lang='grc' dir='ltr'><strong>μονάσει</strong></span> <span class='ocrx_word' id='word_1_672' title='bbox 3183 4719 3469 4788; x_wconf 79' lang='grc' dir='ltr'><strong>δεκαετὴς.</strong></span> <span class='ocrx_word' id='word_1_673' title='bbox 3504 4719 3567 4771; x_wconf 87' lang='grc' dir='ltr'><strong>Εἰ</strong></span> <span class='ocrx_word' id='word_1_674' title='bbox 3598 4718 3706 4786; x_wconf 85' lang='grc' dir='ltr'><strong>γὰρ</strong></span> <span class='ocrx_word' id='word_1_675' title='bbox 3737 4718 3847 4771; x_wconf 74' lang='grc' dir='ltr'><strong>καὶ</strong></span> <span class='ocrx_word' id='word_1_676' title='bbox 3883 4723 3914 4774; x_wconf 88' lang='lat'><strong>6</strong></span> 
     </span>
    </p>
   </div>
   <div class='ocr_carea' id='block_1_107' title="bbox 2311 4814 3914 4885">
    <p class='ocr_par' dir='ltr' id='par_1_107' title="bbox 2311 4814 3914 4885">
     <span class='ocr_line' id='line_1_107' title="bbox 2311 4814 3914 4885; baseline 0.001 -18"><span class='ocrx_word' id='word_1_677' title='bbox 2311 4815 2451 4877; x_wconf 79' lang='grc' dir='ltr'><strong>θεῖος</strong></span> <span class='ocrx_word' id='word_1_678' title='bbox 2489 4814 2766 4878; x_wconf 78' lang='grc' dir='ltr'><strong>Βασίλειος</strong></span> <span class='ocrx_word' id='word_1_679' title='bbox 2817 4815 2914 4885; x_wconf 86' lang='grc' dir='ltr'><strong>τὴν</strong></span> <span class='ocrx_word' id='word_1_680' title='bbox 2970 4815 3423 4884; x_wconf 81' lang='grc' dir='ltr'><strong>ἀποκειραμένην</strong></span> <span class='ocrx_word' id='word_1_681' title='bbox 3483 4814 3574 4866; x_wconf 84' lang='grc' dir='ltr'><strong>τὸν</strong></span> <span class='ocrx_word' id='word_1_682' title='bbox 3625 4815 3914 4869; x_wconf 76' lang='grc' dir='ltr'><strong>ἑπτακαι-</strong></span> 
     </span>
    </p>
   </div>
   <div class='ocr_carea' id='block_1_108' title="bbox 2310 4906 3913 4976">
    <p class='ocr_par' dir='ltr' id='par_1_108' title="bbox 2310 4906 3913 4976">
     <span class='ocr_line' id='line_1_108' title="bbox 2310 4906 3913 4976; baseline 0.003 -19"><span class='ocrx_word' id='word_1_683' title='bbox 2310 4906 2538 4958; x_wconf 84' lang='grc' dir='ltr'><strong>δέκατον</strong></span> <span class='ocrx_word' id='word_1_684' title='bbox 2597 4906 2782 4960; x_wconf 82' lang='grc' dir='ltr'><strong>ἀνύειν</strong></span> <span class='ocrx_word' id='word_1_685' title='bbox 2837 4908 3028 4976; x_wconf 84' lang='grc' dir='ltr'><strong>χρόνον</strong></span> <span class='ocrx_word' id='word_1_686' title='bbox 3084 4907 3404 4976; x_wconf 82' lang='grc' dir='ltr'><strong>ἀπέφηνεν·</strong></span> <span class='ocrx_word' id='word_1_687' title='bbox 3462 4906 3727 4960; x_wconf 74' lang='grc' dir='ltr'><strong>ἁλλ’ὲπεὶ</strong></span> <span class='ocrx_word' id='word_1_688' title='bbox 3795 4911 3913 4962; x_wconf 80' lang='grc' dir='ltr'><strong>τοῦ</strong></span> 
     </span>
    </p>
   </div>
   <div class='ocr_carea' id='block_1_109' title="bbox 2323 4993 3912 5073">
    <p class='ocr_par' dir='ltr' id='par_1_109' title="bbox 2323 4993 3912 5073">
     <span class='ocr_line' id='line_1_109' title="bbox 2323 4993 3912 5073; baseline 0.004 -29"><span class='ocrx_word' id='word_1_689' title='bbox 2323 4993 2652 5046; x_wconf 76' lang='grc' dir='ltr'><strong>’Λποστόλου</strong></span> <span class='ocrx_word' id='word_1_690' title='bbox 2715 4997 3079 5065; x_wconf 81' lang='grc' dir='ltr'><strong>ἐξηκονταετῆ</strong></span> <span class='ocrx_word' id='word_1_691' title='bbox 3129 4993 3298 5049; x_wconf 81' lang='grc' dir='ltr'><strong>οὖσαν</strong></span> <span class='ocrx_word' id='word_1_692' title='bbox 3338 4996 3436 5067; x_wconf 77' lang='grc' dir='ltr'><strong>τὴν</strong></span> <span class='ocrx_word' id='word_1_693' title='bbox 3487 4998 3546 5073; x_wconf 67' lang='grc' dir='ltr'><strong>έν</strong></span> <span class='ocrx_word' id='word_1_694' title='bbox 3594 4996 3912 5071; x_wconf 65' lang='grc' dir='ltr'><strong>Ἐκκλησία</strong></span> 
     </span>
    </p>
   </div>
   <div class='ocr_carea' id='block_1_110' title="bbox 2311 5085 3926 5159">
    <p class='ocr_par' dir='ltr' id='par_1_110' title="bbox 2311 5085 3926 5159">
     <span class='ocr_line' id='line_1_110' title="bbox 2311 5085 3926 5159; baseline 0.004 -22"><span class='ocrx_word' id='word_1_695' title='bbox 2311 5088 2491 5155; x_wconf 73' lang='grc' dir='ltr'><strong>χήραν</strong></span> <span class='ocrx_word' id='word_1_696' title='bbox 2520 5085 2847 5154; x_wconf 79' lang='grc' dir='ltr'><strong>ἐγγυῶντος,</strong></span> <span class='ocrx_word' id='word_1_697' title='bbox 2887 5090 2934 5139; x_wconf 80' lang='grc' dir='ltr'><strong>οι</strong></span> <span class='ocrx_word' id='word_1_698' title='bbox 2977 5089 3222 5159; x_wconf 84' lang='grc' dir='ltr'><strong>Πατέρες</strong></span> <span class='ocrx_word' id='word_1_699' title='bbox 3255 5090 3353 5158; x_wconf 83' lang='grc' dir='ltr'><strong>τὴν</strong></span> <span class='ocrx_word' id='word_1_700' title='bbox 3384 5087 3733 5142; x_wconf 81' lang='grc' dir='ltr'><strong>διακόνισσαν</strong></span> <span class='ocrx_word' id='word_1_701' title='bbox 3759 5107 3820 5141; x_wconf 85' lang='grc' dir='ltr'><strong>τε</strong></span> <span class='ocrx_word' id='word_1_702' title='bbox 3837 5111 3926 5144; x_wconf 76' lang='grc' dir='ltr'><strong>σ-’</strong></span> 
     </span>
    </p>
   </div>
   <div class='ocr_carea' id='block_1_111' title="bbox 2314 5181 3917 5254">
    <p class='ocr_par' dir='ltr' id='par_1_111' title="bbox 2314 5181 3917 5254">
     <span class='ocr_line' id='line_1_111' title="bbox 2314 5181 3917 5254; baseline 0.001 -24"><span class='ocrx_word' id='word_1_703' title='bbox 2314 5181 2722 5248; x_wconf 82' lang='grc' dir='ltr'><strong>σαρακονταετῆ</strong></span> <span class='ocrx_word' id='word_1_704' title='bbox 2763 5181 3036 5247; x_wconf 82' lang='grc' dir='ltr'><strong>γίνεσθαι,</strong></span> <span class='ocrx_word' id='word_1_705' title='bbox 3100 5183 3502 5252; x_wconf 79' lang='grc' dir='ltr'><strong>κραταιοτέρας</strong></span> <span class='ocrx_word' id='word_1_706' title='bbox 3536 5185 3634 5251; x_wconf 81' lang='grc' dir='ltr'><strong>τῆς</strong></span> <span class='ocrx_word' id='word_1_707' title='bbox 3663 5181 3917 5254; x_wconf 80' lang='grc' dir='ltr'><strong>Ἐκκλη-</strong></span> 
     </span>
    </p>
   </div>
   <div class='ocr_carea' id='block_1_112' title="bbox 2314 5271 3915 5345">
    <p class='ocr_par' dir='ltr' id='par_1_112' title="bbox 2314 5271 3915 5345">
     <span class='ocr_line' id='line_1_112' title="bbox 2314 5271 3915 5345; baseline 0.004 -25"><span class='ocrx_word' id='word_1_708' title='bbox 2314 5273 2433 5332; x_wconf 78' lang='grc' dir='ltr'><strong>σίας</strong></span> <span class='ocrx_word' id='word_1_709' title='bbox 2468 5271 2869 5339; x_wconf 79' lang='grc' dir='ltr'><strong>γεγενημένης,</strong></span> <span class='ocrx_word' id='word_1_710' title='bbox 2895 5275 2990 5324; x_wconf 79' lang='grc' dir='ltr'><strong>καὶ</strong></span> <span class='ocrx_word' id='word_1_711' title='bbox 3015 5275 3176 5341; x_wconf 78' lang='grc' dir='ltr'><strong>ἡμεῖς</strong></span> <span class='ocrx_word' id='word_1_712' title='bbox 3197 5274 3452 5343; x_wconf 82' lang='grc' dir='ltr'><strong>ὀξύτερον</strong></span> <span class='ocrx_word' id='word_1_713' title='bbox 3479 5274 3582 5345; x_wconf 82' lang='grc' dir='ltr'><strong>τὴν</strong></span> <span class='ocrx_word' id='word_1_714' title='bbox 3620 5274 3915 5340; x_wconf 79' lang='grc' dir='ltr'><strong>σφραγίὂα.</strong></span> 
     </span>
    </p>
   </div>
   <div class='ocr_carea' id='block_1_113' title="bbox 2312 5352 3161 5434">
    <p class='ocr_par' dir='ltr' id='par_1_113' title="bbox 2312 5352 3161 5434">
     <span class='ocr_line' id='line_1_113' title="bbox 2312 5352 3161 5434; baseline 0.009 -23"><span class='ocrx_word' id='word_1_715' title='bbox 2312 5362 2388 5430; x_wconf 77' lang='grc' dir='ltr'><strong>τῷ</strong></span> <span class='ocrx_word' id='word_1_716' title='bbox 2410 5352 2712 5430; x_wconf 56' lang='grc' dir='ltr'><strong>νμονάςοντι</strong></span> <span class='ocrx_word' id='word_1_717' title='bbox 2752 5366 3161 5434; x_wconf 76' lang='grc' dir='ltr'><strong>σημαινόμεθα.</strong></span> 
     </span>
    </p>
   </div>
   <div class='ocr_carea' id='block_1_114' title="bbox 2385 5455 3912 5528">
    <p class='ocr_par' dir='ltr' id='par_1_114' title="bbox 2385 5455 3912 5528">
     <span class='ocr_line' id='line_1_114' title="bbox 2385 5455 3912 5528; baseline 0.005 -23"><span class='ocrx_word' id='word_1_718' title='bbox 2385 5455 2491 5518; x_wconf 76' lang='grc' dir='ltr'><strong>λς’.</strong></span> <span class='ocrx_word' id='word_1_719' title='bbox 2538 5456 2595 5506; x_wconf 84' lang='lat'><strong>&#39;0</strong></span> <span class='ocrx_word' id='word_1_720' title='bbox 2642 5457 3165 5526; x_wconf 73' lang='grc' dir='ltr'><strong>ὲγκλεισθησόμενος</strong></span> <span class='ocrx_word' id='word_1_721' title='bbox 3199 5460 3444 5528; x_wconf 79' lang='grc' dir='ltr'><strong>τριετίαν</strong></span> <span class='ocrx_word' id='word_1_722' title='bbox 3492 5457 3808 5526; x_wconf 81' lang='grc' dir='ltr'><strong>προδιάγων</strong></span> <span class='ocrx_word' id='word_1_723' title='bbox 3847 5463 3912 5512; x_wconf 82' lang='grc' dir='ltr'><strong>ἐν</strong></span> 
     </span>
    </p>
   </div>
   <div class='ocr_carea' id='block_1_115' title="bbox 2314 5548 3912 5621">
    <p class='ocr_par' dir='ltr' id='par_1_115' title="bbox 2314 5548 3912 5621">
     <span class='ocr_line' id='line_1_115' title="bbox 2314 5548 3912 5621; baseline 0.003 -22"><span class='ocrx_word' id='word_1_724' title='bbox 2314 5548 2387 5616; x_wconf 70' lang='grc' dir='ltr'><strong>τῷ</strong></span> <span class='ocrx_word' id='word_1_725' title='bbox 2431 5551 2803 5618; x_wconf 77' lang='grc' dir='ltr'><strong>μονασῖηρίῳ,</strong></span> <span class='ocrx_word' id='word_1_726' title='bbox 2854 5551 2947 5602; x_wconf 70' lang='grc' dir='ltr'><strong>καὶ</strong></span> <span class='ocrx_word' id='word_1_727' title='bbox 2996 5551 3098 5618; x_wconf 78' lang='grc' dir='ltr'><strong>πρὸ</strong></span> <span class='ocrx_word' id='word_1_728' title='bbox 3159 5551 3247 5618; x_wconf 69' lang='grc' dir='ltr'><strong>τῆς</strong></span> <span class='ocrx_word' id='word_1_729' title='bbox 3292 5550 3649 5619; x_wconf 78' lang='grc' dir='ltr'><strong>ὲγκλείστρας</strong></span> <span class='ocrx_word' id='word_1_730' title='bbox 3703 5550 3912 5621; x_wconf 71' lang='grc' dir='ltr'><strong>ἕτερον</strong></span> 
     </span>
    </p>
   </div>
  </div>
