4010 6336
113 257 216 324 [03

1347 250 1712 315 SYNOPSIS
1744 249 2149 316 CANONUM.

111 372 252 428 n16
281 370 390 428 ἀπὶ
443 370 708 441 γυναικὸς
767 370 854 423 ἐπ’
885 369 1081 439 ἀλλην,
1102 367 1250 422 κατά
1292 368 1394 422 τὸν
1463 366 1696 438 Κύρων,

1844 377 1886 421 st
1913 386 1931 421 :
1964 377 2018 424 et
2046 369 2140 440 qui
2172 367 2240 422 ab
2271 380 2442 422 uxore
2473 365 2538 420 ad
2570 365 2734 421 aliam
2779 378 2839 420 sc
2882 363 3119 435 applicat
3140 402 3156 426 ,
3182 375 3248 417 ex
3287 361 3394 418 Do-

107 465 334 536 δρία-ι

178 555 251 612 π’.
297 555 466 626 Ἱεροῦ
497 554 658 608 ἔνδον
689 554 794 608 ούκ
825 554 1107 624 εἰσάγεται
1141 551 1365 624 κτῆνος,
1397 552 1449 605 εἰ
1491 550 1570 623 μὴ
1597 567 1700 605 κα-

108 655 459 726 ταλαϐούσης
473 658 541 710 ἐν
559 654 669 726 ὁδῷ
697 655 964 727 μεγίστης
997 654 1270 727 ἀνάγκης.

169 745 395 815 πακτῷ
418 746 672 816 μεγίστῳ
715 744 991 815 Σαϐϐάτῳ
1059 744 1193 816 περὶ
1257 743 1435 816 μέσας
1497 743 1700 808 νύκτας

108 842 182 908 τῇ
205 837 434 909 νηστείᾳ
459 836 844 908 διῳκεστέον.

169 929 276 999 ιβ’.
312 928 468 984 Μετὰ
495 930 591 999 τὴν
617 927 917 1000 ἐσπερινὴν
975 926 1186 982 εἴσοδον
1231 926 1329 981 τοῦ
1387 925 1697 991 Σαϐσάτου,

110 1026 195 1094 μὴ
229 1025 361 1091 γόνυ
384 1023 597 1095 κλίνῃς.

176 1123 290 1185 κατ’.
318 1118 426 1170 Καὶ
457 1117 486 1170 6
511 1116 716 1180 διδοὺς.
747 1118 844 1170 καὶ
872 1115 905 1188 ἡ
966 1114 1327 1186 λαμϐάνουσα
1383 1112 1700 1184 ἀμϐλωθρίο

107 1210 218 1273 δια,
246 1209 583 1278 ἀνδροφόνοι.

176 1300 281 1356 ωε.
309 1303 528 1373 Ἀνδρδς
559 1301 1008 1372 ἀφαντουμένου,
1050 1301 1084 1371 ἡ
1139 1300 1246 1368 πρὸ
1269 1300 1365 1353 τοῦ
1401 1300 1699 1371 πεισθῆναι

109 1396 376 1462 ὶαὸοὖσα,
409 1398 668 1467 μοιχᾶται
688 1413 704 1427 ·
731 1397 760 1448 6
788 1396 847 1450 δὲ
875 1393 1212 1466 ἐπιστρέψας
1259 1393 1401 1465 ἀνὴρ
1454 1397 1504 1446 εἰ
1561 1411 1699 1463 προ-

108 1490 359 1560 εξρηται,
389 1489 612 1559 λήψοιτο
632 1489 834 1561 αὐτήν.
861 1541 865 1546 .

131 1738 133 1740 η
173 1673 282 1722 η’.
325 1667 385 1721 '0
419 1667 755 1739 Ἑλληνικῶς
781 1668 1112 1740 ὀμνύμενος,
1145 1670 1528 1740 ὶπιτιμητέος.

165 1767 288 1826 cf.
327 1762 392 1813 Oi
422 1761 520 1825 τὰς
550 1763 730 1835 κόμας
759 1763 818 1817 ὲν
849 1762 1059 1834 πλοκῆς
1095 1762 1317 1834 ἐπινοίᾳ
1349 1763 1488 1834 πρὸς
1511 1762 1692 1833 λύμην

109 1850 477 1920 ἐργαζόμενοι
509 1851 617 1906 τῶν
646 1853 927 1924 ὁρώντων,
960 1852 1303 1922 ἀφοριστέοι.

169 1944 279 2009 κζ’.
319 1943 382 1997 Ὀ
431 1941 785 2012 ύπογύναιος,
821 1943 922 1999 καὶ
952 1941 1445 2014 καταφρονητικῶς
1515 1941 1696 2013 μένων

110 2038 172 2088 ιν
201 2035 358 2107 ίερῷ,
384 2035 692 2104 ἐξωθείσθω
725 2037 822 2091 καὶ
851 2034 960 2091 τῶν
984 2035 1434 2107 κατηχουμένων.

193 2225 312 2290 ιη’.
342 2217 658 2283 Ἰουδαϊκῶς
677 2235 826 2282 τινες
854 2219 913 2272 ὲν
949 2218 1125 2287 ίεροῐς
1167 2216 1382 2289 ιψησαν
1411 2218 1556 2287 μέλι.
1594 2219 1692 2282 Ὃς

110 2311 206 2364 οῦν
227 2310 396 2364 τοῦτο
423 2313 860 2382 συγχωρήσειεν,
887 2310 922 2381 ἢ
952 2309 1107 2364 λάσοι
1156 2309 1422 2373 τοιοῦτον,
1465 2309 1563 2379 οὐχ
1623 2311 1696 2362 ἱε-

113 2400 261 2471 ρεύς.
298 2402 367 2454 Ei
393 2402 451 2455 δέ
491 2419 576 2465 τις
606 2401 830 2456 οῐκοθεν
855 2400 1001 2471 ἄγοι,
1025 2401 1055 2456 6
1083 2400 1142 2456 st
1196 2400 1340 2456 κατὰ
1388 2401 1450 2455 τὸ
1491 2399 1698 2472 ἀρκοῦν

113 2492 208 2544 τοῦ
227 2495 614 2562 προσάγοντος
642 2492 895 2564 λήψοιτο.

176 2583 288 2640 30’.
321 2587 390 2639 Ai
417 2585 554 2656 πρὸς
575 2586 644 2640 τὰ
677 2581 886 2656 αίσχρά
911 2582 1160 2638 κινοῦσαι
1180 2584 1280 2658 τὴν
1303 2587 1498 2658 ὅρασιν
1557 2603 1696 2658 γρα-

117 2677 234 2743 at.
257 2676 684 2748 ἀξωτράφητοι-

177 2766 250 2837 ιζ.
284 2768 403 2832 Τάς
428 2769 690 2840 παλάμας
722 2769 804 2831 εἰς
853 2768 1090 2840 σταυρὸν
1116 2769 1280 2823 τυποῖ
1333 2768 1362 2823 6
1389 2767 1697 2839 μεταληψό-

119 2878 281 2930 μενος
303 2877 320 2892 ·
353 2862 384 2914 6
413 2861 473 2915 δὲ
495 2861 702 2932 δοχετον
728 2858 990 2932 χρυσοῦν,
1079 2859 1114 2932 ἢ
1171 2859 1341 2931 ἀλλην
1387 2861 1524 2934 ὓλην
1573 2862 1698 2917 ἀντὶ

114 2956 306 3026 χειρὸς
339 2953 647 3021 οκευάζων,
677 2954 1022 3026 ἀφοριοτὲος.

179 3131 294 3203 καθ’
337 3132 407 3187 Ἥ
429 3135 531 3206 τῆς
552 3134 832 3206 ἁμαρτίας
859 3133 953 3187 ἐπὶ
979 3134 1116 3190 πᾶσι
1140 3136 1426 3189 σκοπείται
1451 3146 1698 3204 ποιοτηςν

117 3229 214 3280 καὶ
255 3230 291 3297 ἠ
320 3227 630 3300 ἐπιστροφὴ
654 3226 1000 3298 καθορᾶται·
1060 3229 1157 3284 καὶ
1213 3227 1358 3283 οὕτω
1409 3227 1700 3298 μετρεῖται

116 3318 174 3370 τὸ
193 3317 375 3382 ﬁsos.

553 3408 666 3465 Τοῦ
703 3409 877 3481 ἁγίου
900 3410 1245 3467 Βασιλείου.
1425 3453 1428 3462 .

177 3499 255 3556 α’.
283 3500 602 3571 Δίρετικδς,
635 3502 667 3555 ὀ
697 3502 838 3556 κατά
859 3501 962 3574 τὴν
993 3502 1177 3564 πίστιν
1201 3501 1484 3573 ἀλλότριος
1512 3515 1529 3533 ⁶
1559 3501 1589 3554 6
1642 3499 1699 3554 δὲ

117 3594 264 3648 κατά
284 3610 342 3647 τι
367 3594 585 3661 ίάσιμον
614 3595 862 3666 ζήτημα,
913 3595 1297 3667 σχισματικὸς.
1333 3594 1400 3651 Οἱ
1445 3593 1500 3648 δὲ
1538 3594 1700 3648 συνά-

116 3701 313 3756 γοντες
359 3686 734 3741 ἀνυπότακτοι
786 3685 1010 3752 τούτους
1059 3688 1326 3752 ἐκείνους,
1378 3686 1696 3758 παρασυνά-

117 3793 370 3937 is
399 3863 461 3930 ἐξ
498 3864 778 3936 αῑρετικοῦ
837 3863 1145 3935 βάπτισμα,
1191 3864 1451 3934 ἄδεκτον·
1510 3865 1699 3920 δεκτὸν

116 3953 176 4005 δι
207 3953 269 4007 τὸ
295 3953 526 4024 σχιστοῦ
556 3955 651 4008 καὶ
695 3953 1198 4025 παρασυναγώγου.

189 4043 264 4114 Υ.
333 4046 700 4116 Παράκλητον
754 4048 804 4100 oi
866 4042 1206 4116 Πεπουζηνοὶ
1267 4046 1359 4102 τὸν
1419 4047 1701 4101 Μοντανὸν

115 4136 489 4206 ὀνομάζουσιν
518 4153 533 4168 ·
571 4138 697 4193 ὅθεν
729 4141 819 4192 καὶ
842 4139 922 4203 είς
959 4137 1124 4192 αύτδν
1150 4137 1479 4193 ἀδάπτιστοι
1499 4139 1700 4210 βαπτι-

117 4229 366 4299 ἱέμενοι.

187 4322 233 4376 δ’
250 4360 267 4375 .
298 4320 380 4374 Τδ
410 4321 520 4374 τῶν
552 4320 836 4391 καθαρῶν,
867 4323 962 4376 καὶ
1043 4312 1564 4393 ύδροπαραστατῶν,
1603 4324 1700 4396 καὶ

1725 1703 1774 1762 Β

1801 458 1936 514 mini
1963 459 2260 522 sententis,
2297 457 2464 513 simili
2496 457 2727 514 crimine
2760 464 2997 513 tenetur.

1871 550 1962 607 80.
2000 548 2144 630 Intra
2203 551 2463 620 templum
2523 563 2690 620 pecus
2717 562 2826 604 non
2865 547 3254 617 introducitur,
3289 549 3394 607 nisi

1805 642 2042 697 maxima
2073 643 2375 699 necessitas
2407 644 2461 695 in
2492 640 2578 696 vis
2610 641 2927 710 contigerit.

1875 737 1967 795 81.
2021 737 2261 795 Maximo
2319 737 2563 794 Sabbato
2617 737 2764 793 circa
2802 736 3038 794 mediam
3084 747 3300 796 noctem
3337 740 3390 796 in

1796 828 2009 899 jejunio
2041 831 2509 902 perseverandum
2540 822 2645 884 est.

1876 920 1967 975 82.
2004 921 2136 978 Post
2163 921 2534 992 vespertinum
2562 921 2869 992 ingressum
2894 919 3142 989 Sabbati,
3160 938 3230 977 ne
3250 937 3389 994 genu

1801 1008 2011 1066 ﬂectas.
2579 1006 2588 1013 ’

1874 1105 1969 1160 85.
2003 1103 2140 1158 Tum
2168 1104 2260 1174 qui
2294 1104 2390 1159 dat
2415 1143 2430 1171 ,
2462 1113 2574 1158 tum
2613 1119 2738 1177 quae
2767 1105 2967 1176 accipit
2997 1106 3277 1163 abortivos
3305 1106 3388 1162 fe-

1804 1206 1890 1252 tus
1904 1237 1922 1262 ,
1955 1197 2262 1252 homicidae.

1878 1290 1969 1345 ει.
2034 1287 2167 1344 Viro
2209 1305 2314 1345 non
2367 1297 2750 1359 comparente,
2785 1304 2906 1360 quae
2953 1290 3271 1360 priusquam
3317 1289 3388 1345 de

1804 1382 1950 1437 illius
1981 1382 2134 1438 obitu
2162 1381 2297 1436 certi
2330 1381 2534 1450 aliquid
2571 1383 2897 1452 compererit
2922 1422 2938 1445 ,
2972 1382 3062 1437 alii
3115 1383 3384 1451 nupserit,

1802 1475 2146 1541 moechatur;
2179 1473 2263 1528 vir
2291 1482 2472 1528 autem
2498 1473 2588 1542 qui
2625 1488 2879 1530 reversus
2903 1473 3086 1541 fuerit,
3117 1475 3386 1544 siquidem

1804 1567 2127 1638 praedictum
2161 1566 2249 1627 sit.
2300 1564 2532 1634 accipiat
2561 1551 2756 1634 ipsam.

1877 1658 1970 1714 85.
2004 1657 2106 1723 Qui
2137 1658 2324 1728 gentili
2361 1669 2515 1711 more
2538 1653 2705 1722 jurat,
2743 1656 3068 1726 puniendus.

1875 1750 1968 1804 86.
2023 1748 2125 1815 Qui
2173 1748 2400 1819 capillos
2445 1748 2756 1804 artiﬁciosis
2793 1751 3022 1807 nexibus
3071 1751 3388 1823 intorquent

1800 1845 1867 1898 ad
1902 1845 2263 1914 spectantium
2298 1841 2616 1913 perniciem,
2649 1844 3181 1901 excommunicaudi.

1874 1934 1964 1989 87.
2003 1933 2172 1990 Uxori
2206 1934 2494 1999 addictus,
2528 1949 2592 1989 ac
2625 1933 2726 2004 per‘
2757 1945 3123 2006 contemptum
3160 1953 3387 1997 manens

1802 2026 1854 2081 in
1890 2026 2116 2097 templo,
2145 2024 2448 2096 expellatur
2478 2025 2641 2082 etiam
2669 2041 2701 2083 e
2730 2030 3246 2092 catechutneuornm
3279 2046 3374 2088 or-

1799 2115 1947 2171 dine.

1875 2206 1969 2264 88.
2005 2207 2234 2274 Quidam
2282 2205 2516 2263 Judaico
2567 2222 2719 2264 more
2767 2208 2820 2264 in
2858 2210 3072 2281 templis
3116 2224 3384 2270 coxerunt
3478 2237 3481 2240 ·

1802 2301 1925 2356 mel.
1966 2301 2070 2368 Qui
2105 2301 2267 2370 igitur
2296 2300 2399 2356 hoc
2444 2301 2788 2370 permiserit,
2821 2303 2916 2356 aut
2950 2304 3055 2360 tale
3086 2309 3384 2378 acceperit,

1804 2407 1910 2446 non
1964 2402 2048 2448 est
2113 2392 2395 2448 habendus
2447 2395 2730 2449 sacerdos.
2782 2393 2839 2450 Si
2884 2396 3009 2467 quis
3045 2414 3172 2454 vero
3223 2401 3386 2458 domo
3435 2470 3444 2474 _

1805 2484 2073 2552 attulerit,
2111 2486 2226 2556 ipse
2255 2495 2414 2557 prout
2449 2485 2645 2542 suﬁicit
2673 2489 2917 2546 σερε-οηιί
2939 2534 2955 2560 ,
2988 2495 3239 2563 accipiat.

1872 2577 1960 2634 89.
1996 2577 2227 2653 Pictum
2255 2593 2376 2650 qua:
2400 2579 2464 2632 ad
2497 2579 2671 2650 turpia
2695 2593 2974 2660 aspectum
3009 2561 3245 2657 moveut,
3277 2561 3384 2649 non

1800 2679 1926 2725 sunt
1952 2671 2257 2741 ping‘endte.

1874 2762 1966 2819 90.
2031 2762 2222 2820 Manus
2277 2767 2331 2820 in
2385 2767 2567 2823 crucis
2621 2767 2850 2840 ﬁguram
2915 2775 3229 2843 cmnponit,
3289 2780 3382 2849 qui

1803 2854 2206 2912 Eucharistiam
2265 2869 2588 2929 sumpturus
2631 2871 2735 2917 est.
2810 2860 2911 2928 Qui
2957 2879 3090 2921 vero
3139 2878 3383 2940 recepta-

1804 2947 1988 3002 culum
2023 2963 2248 3004 aureum
2278 2989 2294 3016 ,
2347 2958 2442 3006 aut
2497 2951 2660 3008 aliam
2713 2954 2998 3010 materiam
3029 2957 3146 3013 vice
3190 2976 3384 3020 tuanus

1726 3046 1772 3110 ο
1805 3047 1978 3108 parat,
2005 3043 2578 3102 excommunicandus.

1878 3133 1970 3188 9t.
2022 3131 2214 3190 Delieti
2260 3135 2498 3206 qualitas
2548 3137 2601 3192 in
2656 3140 2910 3197 omnibus
2979 3144 3380 3213 consideratur,

1803 3226 2200 3297 conversioque
2249 3230 2626 3299 perspicitur:
2664 3241 2830 3303 atque
2887 3235 2961 3291 ita
3011 3236 3383 3296 misericordia

1805 3317 1871 3374 ad
1915 3333 2224 3375 mensuram
2256 3321 2531 3378 tribuitur.

2192 3413 2377 3473 Sancti
2421 3419 2619 3476 Basilii
2652 3418 2896 3494 Epistola
2934 3425 2988 3482 1.

1877 3508 1930 3565 Ι.
1967 3507 2269 3567 [hereticus
2303 3520 2429 3577 est,
2475 3515 2566 3584 qui
2614 3530 2644 3570 a
2687 3516 2793 3573 ﬁde
2834 3519 3087 3578 alienus:
3115 3523 3205 3594 qni
3253 3539 3383 3580 vero

1804 3601 1950 3655 circa
1987 3599 2226 3672 aliquam
2272 3603 2576 3660 sanabilem
2626 3609 2981 3677 quaestionem
3024 3623 3198 3680 errat,
3236 3615 3385 3670 schi-

1803 3693 2086 3747 smaticus.
2120 3691 2499 3753 lnobcdientes
2523 3712 2656 3754 vero
2687 3701 2777 3769 qui
2805 3702 2904 3760 hos
2932 3715 3285 3777 congregant,
3312 3709 3383 3764 ab

1804 3783 2060 3840 Ecclesiae
2083 3795 2351 3864 conventu
2377 3789 2597 3845 arcendi
2626 3802 2773 3846 sunt.
3291 3864 3294 3866 γ

1873 3875 1930 3931 2.
1967 3876 2219 3935 llaeretici
2252 3879 2520 3950 baptisma
2544 3921 2561 3948 ,
2609 3882 3011 3957 rejiciendnm;
3049 3891 3380 3950 schismatici

1802 3981 1932 4023 vero
1954 3977 2119 4037 atque
2148 3968 2219 4025 ab
2246 3969 2486 4027 Ecclesia
2519 3971 2704 4042 alieni,
2733 3974 3128 4048 recipiendum.

1873 4059 1927 4115 '5.
1964 4057 2305 4122 Paracletum
2327 4059 2620 4134 Pepusiani
2644 4063 2960 4124 Montanum
2989 4081 3205 4131 vocant.
3229 4075 3384 4133 Unde

1801 4161 1855 4204 ct
1900 4151 1992 4220 qui
2027 4151 2079 4205 in
2113 4151 2286 4222 ipsum
2319 4154 2699 4225 baptizantur,
2735 4173 2843 4215 non
2878 4173 3172 4220 censentur
3205 4167 3382 4238 bapti-

1803 4243 1928 4298 zati.

1877 4344 1934 4399 4.
1974 4345 2340 4404 Catharorum
2364 4389 2380 4415 ,
2414 4347 2999 4423 Hydroparastatarum
3023 4399 3039 4426 ,
3077 4370 3241 4432 atque
3278 4365 3384 4422 Eu-

119 4413 474 4496 ιγκρατιτιῖὲν
506 4413 818 4485 βάπτισμα,
841 4417 888 4467 si
926 4414 1022 4467 καὶ
1073 4415 1299 4470 ἄδεκτον
1339 4416 1426 4470 διὰ
1452 4417 1516 4471 τδ
1570 4419 1696 4470 ἑπι-

1845 4437 2132 4492 ratitarum
2169 4439 2474 4509 baptisma,
2528 4445 2779 4513 quamvis
2829 4463 2936 4503 non
2994 4453 3380 4523 recipiendum,

117 4504 302 4574 λείψω
329 4504 522 4567 αὐτοῖς
545 4505 758 4569 τούτοις
786 4505 848 4559 τὸ
872 4504 1097 4576 Πνεῦμα
1132 4507 1192 4560 τὸ
1227 4507 1402 4576 ἅγιον,
1456 4508 1575 4562 ἀλλ’
1599 4503 1697 4562 οὖν

117 4595 440 4667 οἰκονομίας
464 4597 628 4669 χάριν
653 4596 793 4650 ῐστω
819 4598 1028 4652 δεκτόν.

185 4693 258 4741 ε’.
301 4689 374 4741 Ἦ
408 4689 535 4743 κατ’
555 4689 907 4761 ἐπιτήδευσιν
933 4689 1224 4763 φθείρασα,
1255 4691 1344 4745 ὅτε
1373 4692 1443 4746 ἂν
1477 4691 1697 4765 φθείρῃ,

117 4779 454 4850 mirga:

187 4878 268 4937 ς’.
304 4872 572 4937 Διάκονος
602 4872 936 4945 πορνεύσας,
968 4874 1052 4938 είς
1101 4877 1195 4930 τὸν
1228 4876 1337 4931 τῶν
1361 4875 1567 4932 λαῖκῶν
1599 4894 1701 4950 με-

116 4966 327 5029 ταστὰς
357 4965 546 5031 τόπον,
570 4966 714 5022 ἔστω
743 4967 844 5038 τῆς
870 4968 1156 5031 κοινωνίας
1183 4970 1486 5034 ἀκώλυτος.

185 5060 259 5135 ς’.
284 5059 434 5123 {Eva
469 5061 662 5130 χρόνον
684 5059 720 5132 ἣ
745 5059 840 5115 δύο
865 5062 1192 5134 ἀφορίζεται
1247 5064 1368 5133 δίγα
1379 5081 1479 5135 μος
1500 5080 1513 5094 °
1549 5065 1700 5134 τρεῖς

111 5151 168 5202 δὲ
201 5133 300 5204 καὶ
328 5151 653 5221 τέσσαραςὸ
676 5133 986 5225 τρίγαμος,
1025 5155 1121 5211 καὶ
1161 5157 1345 5220 πέντε,
1382 5133 1541 5211 κατὰ
1587 5133 1701 5228 τὴν

101 5244 248 5340 ρρτι
276 5243 595 5353 σονὲοειαν.

183 5422 262 5495 η’.
295 5424 590 5496 Δίρετικδς
627 5427 764 5497 πρὸς
827 5426 907 5498 τῷ
957 5430 1103 5482 τέλει
1158 5430 1455 5500 μετανοῶν,
1511 5430 1700 5494 δεκτὸς

98 5517 245 5588 ’μετ’
274 5519 643 5590 ἐπικρίσεως.

184 5609 257 5665 θ’.
301 5613 366 5666 ’0
395 5615 704 5682 κανονικὸς,
741 5615 792 5668 εί
823 5631 928 5668 που
980 5615 1076 5670 καὶ
1117 5613 1430 5683 ζεύγνυται,
1479 5614 1698 5679 διαζεύο

58 5749 64 5760 .
109 5721 332 5771 τιυοαι.

434 5804 711 5865 ΡΑτιιοῐ..
745 5802 860 5865 Gn.
906 5803 1215 5866 CXXXIII

1806 4536 2025 4598 propter
2059 4529 2300 4600 Spiritus
2345 4536 2521 4590 sancti
2548 4537 2691 4605 apud
2730 4554 2824 4594 eos
2853 4539 3122 4598 delectum
3148 4585 3164 4611 ,
3202 4557 3382 4605 tamen

1802 4621 2230 4689 dispensationis
2259 4625 2432 4694 gratia
2466 4628 2780 4698 recipiatur.

1871 4709 1925 4766 5.
1960 4709 2093 4777 Quae
2146 4713 2213 4769 de
2261 4715 2527 4773 industria
2580 4719 2745 4775 fetum
2796 4725 3082 4795 corrupit,
3137 4732 3383 4799 quando-

1802 4817 2016 4873 cunque
2045 4806 2376 4875 corruperit,
2407 4808 2700 4867 bomieidio
2735 4823 2971 4874 tenetur.

1875 4893 1930 4949 6.
1982 4894 2254 4952 Diaconus
2285 4899 2381 4969 qui
2443 4900 2744 4960 fornicatus
2785 4906 2988 4976 fuerit,
3025 4911 3075 4966 in
3119 4913 3380 4974 laicorunt

1803 4986 1981 5041 locum
2016 4987 2311 5058 relegatus,
2339 4995 2724 5052 communione
2746 5013 2813 5054 ue
2843 5000 3218 5070 prohibeatur.
3284 5054 3288 5057 .

1874 5075 1927 5130 7.
1970 5074 2146 5132 Unum
2176 5091 2270 5135 aut
2297 5081 2437 5139 duos
2466 5099 2640 5142 annos
2688 5093 3192 5151 excommunicatur
3235 5099 3384 5171 biga-

1804 5178 1926 5216 uius
1953 5203 1966 5226 ,
2019 5173 2131 5219 tres
2163 5181 2291 5222 vero
2319 5180 2377 5225 et
2411 5182 2649 5241 quatuor
2684 5177 2952 5248 trigamus
2975 5220 2994 5249 ,
3025 5193 3191 5254 atque
3218 5192 3382 5248 etiam

1803 5257 2065 5325 quinque,
2115 5256 2272 5326 juxta
2325 5265 2777 5324 consuetudinem
2810 5285 2931 5330 una:
2981 5272 3245 5335 hactenus
3295 5281 3384 5339 in-

1805 5346 1991 5400 valuit.

1875 5437 1929 5492 8.
1961 5439 2260 5498 Haereticus
2305 5443 2356 5500 in
2390 5445 2497 5500 ﬁne
2523 5448 2645 5504 vitae
2689 5451 2963 5518 paenitens
2984 5493 3001 5521 ,
3026 5456 3380 5528 _discretionc

1806 5529 2048 5584 adhibita
2093 5535 2494 5605 suscipiendus.

1880 5621 1930 5676 9.
1970 5621 2282 5681 Canonicus
2309 5628 2351 5684 si
2386 5631 2730 5689 matrimonio
2764 5635 2985 5706 junctus
3020 5640 3134 5712 sit,
3168 5639 3383 5715 disiun-

1809 5714 1973 5782 gitur.

2937 5826 2974 5887 4
