4010 6336
595 223 687 290 lli
1422 223 1793 288 ARISTENI
1835 223 2187 288 MONACHI
2222 219 2585 288 SYNOPSIS
2625 217 3015 284 CANONUM.
3518 216 3520 219 ’
3745 222 3843 287 112

654 342 748 395 26.
781 338 947 394 Filius
979 344 1150 405 patris
1172 335 1428 405 potestati
1455 333 1727 403 subditus,
1742 345 1798 390 et
1820 349 2014 391 servus
2033 335 2166 392 citra
2195 340 2237 404 Α

2343 335 2459 403 κς’.
2495 338 2559 392 '0
2587 337 2914 406 ὑπεξούσιος
2944 336 3084 402 υίὸς,
3119 337 3216 390 καὶ
3249 335 3436 400 δοῦλος
3465 336 3587 406 δίχα
3615 336 3725 392 τῶν
3750 355 3843 390 κυ·

583 433 927 487 dominorum
961 443 1290 483 consensum
1312 467 1328 494 ,
1371 429 1776 499 matrimonium
1811 429 2164 494 eontrahens,

1696 443 1776 483 um
1811 429 2164 494 eontrahens,
2270 431 2405 502 ρίων
2431 428 2945 502 ζευγνύμενος,ούκ
2970 430 3279 487 ἀνεύθυνοι.

582 525 750 592 (:ulpte
777 522 994 577 obnoxii
1021 531 1168 577 Sunt.

650 615 743 672 27.
805 613 906 682 Qui
964 612 1291 684 percusserit
1344 613 1408 685 ad
1462 621 1726 678 mortem,
1799 621 1913 668 tum
1959 611 2051 686 gui
2083 609 2164 666 la-

2330 611 2433 676 κζ’.
2481 612 2542 664 '0
2570 611 2784 683 πλήξας
2810 597 2949 685 πρὸς
2982 613 3238 681 θάνατον,
3269 613 3364 670 καὶ
3395 612 3720 686 ἀρχόμενος,
3753 614 3845 667 καὶ

580 708 763 772 cessit,
787 716 893 759 tum
926 706 1016 774 qui
1053 704 1366 769 ulciscitur,
1406 704 1700 759 homicida.

1444 705 1700 759 Omicida.
2265 703 2638 774 ἀμυνόμενος,
2666 706 3021 777 ἀνδροφόνος.

649 797 741 852 28.
798 796 1118 850 Diaeonissa
1166 812 1288 850 eum
1346 796 1534 864 gentili
1584 795 1884 856 fornicata,
1933 809 1998 850 ac
2047 808 2163 866 pm-

2334 794 2442 866 κη’.
2463 799 2724 863 Διάκονος
2749 799 2977 869 Ἕλληνι
2994 797 3377 870 πορνευοεῐσα,
3395 797 3489 852 καὶ
3507 795 3846 869 καταγνοῦσα

584 892 808 946 nitentia
882 892 1040 946 ducta
1082 929 1096 953 ,
1150 891 1432 958 septennia
1508 888 1840 959 poenitentia:
1899 888 2161 959 subjicia-

1399 906 1432 944 ο
1508 888 1840 959 pmniuentia:
1899 888 2161 959 subjicia-
2266 888 2566 943 ἑπταετίαν
2597 889 2977 959 ὑποπιπτέτω.

581 995 686 1038 ιιιν.

654 1076 747 1130 29.
810 1073 1153 1129 Christianus
1209 1073 1537 1128 contumelia
1572 1071 1851 1128 Christum
1885 1070 2159 1141 aﬂieicns,

2331 1073 2438 1127 κον.
2481 1072 2754 1145 ’Υὸρίζων
2793 1074 3126 1145 Χριστιανὸς
3148 1074 3241 1127 τὸν
3267 1065 3527 1146 Χριστὸν,
3594 1073 3700 1128 ἀπὸ
3748 1075 3845 1144 τῆς

582 1169 787 1223 nullmn
834 1169 1067 1221 fructum
1111 1182 1174 1220 ex
1213 1166 1495 1220 vocatione
1526 1179 1624 1221 sua
1657 1167 1941 1237 percipiat.

1324 1166 1495 1220 atione
1526 1179 1624 1221 sua
1657 1167 1941 1237 percipiat.
2265 1167 2511 1239 κλήσεως
2536 1168 2907 1239 ἀνωφέλητος.

651 1265 739 1319 30.
763 1264 954 1333 Nupsit
982 1265 1226 1334 quredam
1249 1277 1340 1332 per
1371 1263 1734 1331 ignorantiam
1759 1265 1875 1318 viro
1901 1247 2165 1330 dimissoi

2328 1261 2704 1334 λ’.Ἐγήματό
2726 1281 2811 1325 τις
2867 1261 3024 1334 ἀνδρὶ
3075 1261 3216 1315 κατά
3269 1261 3497 1332 ἄγνοιαν
3547 1261 3846 1330 ἀφεμένῳ·

583 1359 782 1413 deinde
839 1358 1004 1427 priori
1060 1358 1174 1426 ipse
1231 1355 1514 1411 restitutus
1571 1365 1688 1421 est;
1736 1356 1852 1424 ipsa
1909 1371 2034 1413 vero
2077 1357 2164 1410 di-

2268 1351 2390 1410 εἷτα
2418 1359 2486 1428 τῇ
2521 1357 2768 1427 προτέρᾳ
2797 1355 3114 1426 ἀνέφηνεν·
3152 1356 3186 1425 ὴ
3218 1353 3265 1408 δ’
3286 1353 3488 1424 ἀφείθη
3523 1367 3538 1383 ο
3563 1355 3739 1424 πόρνη
3764 1352 3849 1404 λο-

585 1451 746 1503 tuissa
771 1489 786 1514 ,
822 1461 1061 1504 scortum
1099 1466 1139 1501 Γ(
1160 1456 1379 1518 putatur
1430 1462 1525 1517 per
1576 1447 1938 1517 ignorantiam
1961 1487 1977 1512 ,
2008 1463 2072 1502 ac
2116 1449 2162 1504 si

2267 1453 2486 1521 γίζεται
2545 1454 2688 1506 κατὰ
2711 1454 2962 1522 ἄγνοιαν,
3024 1449 3121 1505 καὶ
3173 1449 3223 1502 εί
3278 1448 3447 1515 θέλοι,
3509 1444 3844 1516 ζεύγνυται·

586 1543 748 1608 velit,
784 1543 988 1596 nubere
1026 1551 1222 1611 poteSI,
1257 1539 1448 1594 melius
1482 1554 1634 1604 vero,
1670 1541 1715 1596 si
1750 1556 1855 1594 non
1889 1539 2075 1595 nubat.

2267 1545 2491 1614 κάλλιον
2512 1545 2593 1609 δὲ,
2612 1547 2660 1598 εἰ
2699 1543 2774 1616 μὴ
2808 1543 3125 1613 ζεύγνυται.
3679 1609 3682 1612 ς

653 1635 743 1690 51.
776 1634 1123 1698 Ειιεγοιὶῑειεο,
1165 1631 1538 1703 Sarc0phoros
1562 1673 1576 1699 ,
1609 1642 1770 1701 atque
1821 1631 2163 1701 Apotaetitas
2191 1691 2236 1709 ﬁ

2329 1637 2433 1693 λα’.
2477 1636 2865 1709 Ἐγκρατίτας,
2893 1638 2988 1691 καὶ
3039 1635 3442 1709 σαρκοφόρους,
3494 1633 3592 1689 καὶ
3640 1633 3851 1688 ἀποτα-

581 1731 758 1784 denuo
799 1730 1122 1798 baptizubis.
1177 1726 1434 1794 Quamvis
1461 1727 1605 1780 enim
1657 1728 1841 1780 dicant
1874 1741 1933 1780 se
1963 1725 2015 1779 iu
2059 1725 2161 1779 Pa-

2270 1691 2457 1794 κτίτας
2487 1691 2882 1793 ἀναέαπτίσενις
2911 1744 2924 1758 ·
2957 1730 3006 1782 εί
3068 1691 3179 1796 γάρ
3227 1691 3331 1781 ᾏωὶι
3377 1691 3590 1795 λέγοιεν
3642 1725 3726 1780 ὅτι
3769 1726 3853 1789 είς

581 1833 756 1886 trem,
811 1832 866 1876 et
922 1821 1151 1884 Filium,
1186 1828 1239 1873 et
1290 1817 1555 1887 Spiritum
1603 1829 1853 1872 sanetum
1899 1832 2021 1874 esse
2068 1819 2162 1872 ha-

2272 1824 2508 1895 Πατέρα,
2545 1823 2642 1876 καὶ
2673 1821 2825 1883 Υίὸν,
2884 1822 2977 1875 καὶ
3030 1820 3189 1889 ἆγιον
3238 1819 3469 1889 Πνεῦμα
3519 1815 3855 1888 ἐϐαπτίσθη·

582 1915 847 1982 ptizatos,
872 1921 1245 1967 verumtamen
1279 1908 1534 1980 quoniam
1575 1909 1840 1963 malorum
1885 1919 2159 1970 auctorem

2271 1933 2391 1983 σαν,
2447 1915 2564 1968 ἁλλ’
2619 1913 2744 1967 ἐπεὶ
2779 1912 2970 1967 κακῶν
3026 1911 3261 1982 ποιητὴν
3319 1909 3414 1964 τὸν
3503 1907 3638 1961 Θεὸν
3688 1907 3854 1978 βλασ-

586 2011 751 2061 Deum
782 2007 942 2074 impie
969 2013 1221 2058 asserunt
1247 2002 1396 2070 juxta
1438 1998 1770 2055 Marcionem
1799 2041 1815 2071 ,
1849 2002 1949 2056 nisi
1986 2003 2164 2056 denuo

2269 2009 2513 2080 φημοῦσι
2548 2007 2720 2080 ,κατά
2797 2006 3127 2076 Μαρκίωνα,
3191 2007 3268 2076 μὴ
3320 2001 3852 2068 ἀναϐαπτιζόιιενοι,

582 2099 944 2168 haptizeutur,
979 2111 1083 2150 non
1119 2103 1244 2148 sunt.
1276 2091 1592 2161 recipiendi.

929 2138 944 2164 ,
979 2111 1083 2150 non
1119 2103 1244 2148 sunt.
1276 2091 1592 2161 recipiendi.
2264 2103 2509 2158 ἇδεκτοι,

650 2191 741 2244 32.
778 2190 907 2256 Quae
939 2204 968 2242 a
1001 2189 1117 2242 viro
1148 2185 1372 2241 dimissa
1399 2190 1502 2250 est,
1540 2181 1620 2238 sic
1646 2193 1899 2249 maneat;
1943 2185 1988 2240 si
2017 2184 2162 2240 enim

2322 2191 2424 2264 λβ’.
2463 2192 2530 2245 Ἥ
2578 2191 2712 2262 παρ’
2761 2189 2958 2261 ἀνδρὸς
3014 2189 3306 2259 ἀφεθεῖσα.
3366 2186 3581 2258 μενέτω
3632 2184 3850 2249 οὑτως·

586 2284 912 2344 mmehetnr,
942 2281 1097 2351 juxta
1135 2277 1344 2333 Domini
1391 2288 1721 2341 sermonem,
1748 2277 1887 2332 alius
1919 2291 2165 2332 commu-

2272 2286 2447 2358 είγὰρ
2488 2283 2938 2356 μοιχᾶται,κατά
2958 2286 3050 2336 τὶν
3071 2282 3168 2336 τοῦ
3237 2281 3447 2352 Κυρίου
3510 2279 3696 2350 λόγον,
3746 2279 3855 2350 τῆς

584 2377 745 2430 nione
773 2375 1103 2431 excluditur.

2265 2379 2407 2451 πρὸς
2435 2381 2625 2449 ἕτερον
2653 2377 2898 2431 κλείεται
2929 2374 3244 2438 κοινωνίας.

656 2468 746 2522 ‘53.
787 2464 1078 2537 Corruptio
1108 2482 1203 2538 per
1250 2468 1358 2523 vim
1390 2469 1628 2526 admissa
1657 2507 1673 2534 ,
1724 2467 1953 2524 crimine
1985 2474 2162 2532 vacat,

2320 2469 2426 2540 λγ’.
2483 2468 2666 2541 Φθορά
2713 2467 3243 2540 κατηναγκασμένη,
3331 2464 3667 2528 ἀνεύθυνοςο
3749 2460 3857 2514 καὶ

584 2571 748 2629 atque
795 2558 990 2615 ancilla
1036 2559 1085 2616 si
1137 2560 1244 2616 vim
1295 2561 1540 2632 patiatur
1585 2576 1615 2616 a
1656 2561 1920 2628 domino,
1973 2560 2163 2615 insons

2272 2559 2429 2631 δούλη
2513 2557 2814 2630 βιαζομένῃ
2905 2558 3062 2627 παρὰ
3144 2555 3436 2622 δεσπότου,
3530 2551 3855 2614 ἀνεύθυνος.

583 2661 688 2710 est.

657 2747 752 2803 54.
788 2746 892 2814 Qui
924 2745 1142 2802 tertium
1190 2744 1597 2801 matrimonium
1633 2744 1944 2811 contrahit,
1971 2752 2160 2800 contra

2332 2745 2427 2800 λδ’.
2471 2746 2529 2799 '0
2554 2744 2848 2817 τρίγαμος,
2873 2743 3074 2812 ἄνομος
3102 2759 3114 2771 ·
3143 2741 3221 2806 ὡς
3275 2740 3334 2794 δὲ
3385 2740 3548 2810 ῥέπει
3576 2737 3680 2809 τῆς
3720 2735 3859 2791 Ἐκ·

583 2842 732 2911 leges
776 2847 989 2912 peccat.
1043 2837 1209 2893 Prout
1250 2847 1432 2895 autem
1487 2838 1742 2894 Ecclesia:
1801 2853 1891 2894 res
1924 2853 2068 2894 nunc
2101 2851 2164 2894 se

2275 2838 2495 2910 πλησίας
2524 2837 2592 2892 τὰ
2611 2835 2842 2891 τοιαῦτα
2863 2835 3199 2906 βλεπόμενα,
3227 2833 3596 2905 ἀστηλίτευτα
3614 2832 3858 2904 κρείττω

585 2931 834 2997 habent,
882 2928 1152 2999 ejusmodi
1197 2925 1483 2994 facinora,
1534 2929 1579 2983 si
1641 2943 1749 2984 non
1782 2927 1998 2996 publice
2053 2936 2164 2982 tra-

1748 2957 1749 2972 ι
1782 2927 1998 2996 publice
2053 2936 2164 2982 tra-
2262 2932 2362 3004 τῆς
2393 2932 2688 3004 ἀνειμένης
2716 2927 2977 3003 πορνείας
3008 2929 3331 3002 κρινόμενα.

587 3008 860 3078 ducantur
887 3061 906 3090 ,
962 3019 1221 3077 dissoluta
1264 3019 1631 3076 fornicatione
1681 3019 2042 3076 tolerabiliora
2071 3018 2156 3090 ju-
2187 3045 2232 3107 ο

619 3117 851 3170 icantur.

583 3117 851 3173 dicantur.

1009 3200 1260 3273 Ejusdem
1293 3202 1514 3272 epistola
1561 3203 1738 3259 tertia.

2643 3201 2754 3258 Τοῦ
2787 3201 2977 3257 αὐτοῦ
2998 3199 3294 3270 ἐπιστολὴ
3325 3201 3514 3269 τρίτη.

657 3298 711 3353 1.
762 3295 959 3352 Clerici
1007 3295 1097 3365 qui
1153 3296 1205 3349 in
1252 3294 1506 3377 delictum
1559 3295 1853 3360 incidunt,
1885 3292 2166 3362 Tgradihus

2323 3294 2392 3350 a.'.
2429 3296 2493 3351 Oi
2519 3294 2777 3368 κληρικοὶ
2807 3295 3286 3366 παραπίπτοντες,
3323 3293 3433 3347 τῶν
3460 3291 3689 3364 βαθμῶν
3711 3293 3867 3348 ἀπο-

585 3391 934 3462 dejiciuntur,
963 3388 1079 3442 sive
1109 3386 1438 3451 ministrent,
1471 3387 1586 3442 sive
1617 3385 1852 3440 ordinati
1883 3384 2013 3440 sint.

2283 3387 2588 3454 πίπτουσιν,
2655 3387 2766 3440 εῑτε
2851 3386 3241 3458 ὑπηρετοῦσιν,
3328 3386 3438 3439 εἴτε
3535 3384 3866 3457 κεχειροτό-

2268 3498 2482 3554 νηνται.

656 3573 713 3629 ‘2.
751 3571 880 3638 Qua:
916 3571 1082 3626 fetum
1116 3568 1433 3640 neglexerit,
1484 3578 1770 3638 propterea
1801 3558 1944 3639 quod
1977 3571 2168 3627 amicis

2333 3573 2400 3644 β’.
2436 3574 2504 3628 Ἦ
2558 3573 2890 3645 ἀμελήσασα
2934 3571 3030 3625 τοῦ
3067 3573 3349 3642 κυήματος
3417 3570 3487 3626 δι’
3549 3569 3801 3642 ἐρημίαν
3828 3572 3868 3641 ἢ

590 3670 864 3735 rebusque
905 3663 974 3718 ad
1025 3664 1187 3717 vitam
1233 3661 1561 3717 necessariis
1597 3661 1857 3716 destituta
1904 3662 2019 3728 sit,
2062 3664 2169 3718 cri-

1777 3672 1857 3716 sta
1904 3662 2019 3728 sit,
2062 3664 2169 3718 cri-
2271 3666 2509 3738 ἀπορίαν
2530 3665 2640 3720 τῶν
2670 3666 3019 3738 ὶπιτηδείων,
3046 3663 3360 3730 ἀνεύθυνος.

590 3759 752 3814 minis
781 3770 974 3824 expers
1006 3762 1107 3810 est.
2859 3789 2861 3791 ,
2887 3784 2891 3790 .

660 3852 717 3907 ὅ.
773 3848 891 3904 Non
946 3863 1199 3919 magnum
1246 3850 1453 3906 crimen
1503 3860 1589 3906 est
1637 3852 1849 3908 ancilla:
1882 3854 2091 3920 vidure,
2123 3853 2168 3908 si

2341 3842 2414 3914 γ’.
2448 3845 2525 3899 Oti
2554 3843 2699 3915 μέγα
2730 3846 2984 3916 πταῖσμα
3015 3847 3078 3917 τῇ
3133 3846 3280 3917 χήρᾳ
3308 3844 3470 3917 δούλῃ
3496 3844 3636 3916 πρὸς
3663 3844 3868 3901 δεύτε-

593 3945 660 3998 ad
688 3942 954 3998 secundas
984 3942 1203 4012 nuptias
1227 3942 1503 4010 rapiatur:
1534 3942 1786 4013 bigamiaa
1810 3958 1936 3998 vero
1955 3959 2168 4014 pmnam

2284 3953 2368 4009 ρον
2400 3935 2580 4006 γάμον
2608 3936 2973 4010 ἀρπαζομένῃ
2994 3954 3008 3968 ο
3041 3936 3103 3990 τδ
3124 3936 3184 3990 δὲ
3234 3937 3335 4006 τῆς
3356 3935 3624 4007 διγαμίας
3663 3937 3867 3993 ἐπιτί-

591 4033 759 4087 subit.

2277 4045 2402 4097 μιον
2432 4027 2566 4092 lict.
3435 4088 3437 4094 η

666 4126 720 4180 4.
769 4109 1180 4178 llomicidarum
1231 4135 1450 4191 preme,
1505 4136 1603 4191 pro
1635 4121 2168 4179 circumstantiarum

2331 4123 2396 4180 δ’.
2418 4124 2541 4176 Τῶν
2572 4122 2915 4192 φονευόντων
2950 4122 3019 4178 τά
3046 4125 3324 4194 ἐπιτίμια,
3359 4124 3501 4179 κατὰ
3529 4124 3588 4177 τὸ
3648 4124 3871 4197 ἰδίωμα

592 4217 823 4278 ratione,
844 4224 1111 4282 augentur
1141 4223 1233 4266 aut
1270 4214 1604 4270 minuuntur.

2273 4215 2374 4283 τῆς
2406 4217 2784 4283 περιστάσεως
2817 4213 3173 4282 ἐπιτείνεται,
3205 4217 3239 4286 ἢ
3275 4216 3517 4286 ὑφίεται.

663 4306 716 4360 5.
753 4303 1100 4358 Voluntarius
1137 4303 1408 4356 homicida
1456 4302 1647 4373 viginti
1686 4318 1857 4357 annos
1899 4305 2170 4373 poeniten-

2336 4303 2398 4359 ε’.
2443 4305 2502 4358 '0
2529 4304 2776 4368 ἑκούσιος
2800 4306 3065 4374 φονευτὴς
3089 4306 3432 4360 εἰκοσαετίαν
3452 4309 3830 4363 ὑποπιπτέτω
3855 4326 3873 4342 ο

597 4397 684 4451 tite
736 4397 1097 4463 subjiciatur;
1131 4394 1558 4454 iuvoluntarius.
1591 4395 1774 4448 decem
1821 4411 2024 4460 annos;
2059 4397 2167 4451 for-

2291 4399 2300 4447 i
2343 4395 2602 4458 ἀκούσιος
2649 4394 2934 4450 δεκαετίαν
2963 4413 2980 4430 ο
3041 4399 3070 4450 ὁ
3128 4401 3328 4469 πόρνος
3415 4399 3715 4453 ἑπταετίαν
3747 4417 3766 4432 ·
3804 4405 3874 4456 αἱ

591 4490 828 4553 nicator,
879 4485 1243 4555 septennium.
1300 4483 1548 4553 Virgines
1606 4495 1722 4553 post
1779 4485 2164 4553 professionem

2292 4490 2724 4561 sapanimoucat
2747 4492 2884 4560 μετὰ
2908 4491 3008 4561 τὴν
3036 4491 3331 4561 ὁμολογίαν
3361 4492 3646 4562 παρθένοι,
3679 4496 3875 4548 πέντε

591 4578 772 4645 Iapsze,
809 4576 1117 4644 quindecim
1155 4589 1348 4627 annos.

2280 4584 2376 4634 καὶ
2407 4582 2693 4634 δεκαετίαν
2716 4581 3346 4655 [πεντακαιδεκαετίανῙ.

667 4670 721 4727 6.
752 4667 856 4734 Qui
886 4670 1098 4722 furatus
1139 4678 1223 4722 est
1259 4683 1320 4722 ac
1354 4671 1613 4736 resipuit,
1648 4683 1848 4722 annum
1899 4672 2172 4739 pmniten-

2329 4681 2406 4739 ς’.
2447 4677 2507 4728 '0
2524 4675 2726 4743 κλέψας
2748 4677 2844 4730 καὶ
2893 4677 3221 4746 μεταγνοὺς,
3248 4678 3497 4732 ἐνιαυτόν
3528 4696 3542 4712 ·
3569 4679 3879 4750 ἐλεγχθεὶς

596 4763 727 4814 tiam
767 4768 912 4830 agat,
939 4760 1222 4813 convictus
1254 4774 1404 4825 vero,
1437 4758 1576 4813 duos
1604 4773 1796 4813 annos.

1139 4770 1222 4812 tus
1254 4774 1404 4825 vero,
1437 4758 1576 4813 duos
1604 4773 1796 4813 annos.
2273 4766 2353 4832 δὲ,
2385 4766 2576 4836 ἕτερον
2600 4766 2719 4821 ἕνα.

493 4848 497 4856 ί
665 4857 717 4908 7.
777 4853 1138 4907 Masculorum
1190 4852 1531 4916 concubitor,
1581 4852 1720 4905 sicut
1779 4850 2008 4904 adulter.
2068 4858 2076 4900 t

2324 4860 2393 4924 ζ’.
2448 4861 2884 4932 Ἀρσενοκοίτης,
2930 4861 3006 4924 ὡς
3060 4861 3268 4933 μοιχός.
3307 4863 3367 4916 '0
3425 4865 3880 4935 ἀλογευόμενος,

593 4955 784 5001 contra
821 4947 1088 5000 rationem
1121 4952 1376 4997 versatus
1406 4951 1488 4998 est
1516 4983 1530 5008 ,
1586 4943 1859 4997 similiter.
1890 4942 2167 5012 l’erjurus,

2296 4952 2476 5021 ,μοίως
2501 4968 2516 4982 ο
2538 4952 2567 5004 ὁ
2587 4951 2870 5020 ἐπίορκος,
2891 4951 3182 5007 δεκαετίαν
3215 4971 3230 4985 ’
3282 4955 3311 5007 ό
3363 4954 3498 5026 γόης
3527 4958 3620 5010 καὶ
3645 4957 3674 5008 ό
3706 4975 3879 5028 φαρ-

588 5039 878 5095 decennio.
928 5037 1242 5092 lncantator
1283 5047 1339 5091 et
1399 5035 1717 5100 veneﬁcus,
1770 5045 1829 5090 ut
1877 5035 2167 5091 homicida.

2291 5044 2474 5109 ιακδς,
2509 5043 2635 5104 oga
2676 5045 2897 5113 φονεύς.
2939 5043 3002 5100 ’0
3046 5046 3438 5118 τυμϐωρύχος,
3499 5047 3815 5105 δεκαετίαν
3855 5070 3874 5085 ο

591 5131 693 5194 Qui
725 5131 974 5199 sepulcra
1024 5129 1384 5199 deprendatur,
1419 5127 1702 5182 decennio.
1755 5125 1856 5191 Qui
1903 5143 2023 5181 cum
2078 5144 2170 5186 so-

2299 5164 2301 5177 ι
2331 5134 2749 5204 ἀδελφόμικτος,
2775 5139 2848 5200 ὡς
2881 5139 3076 5206 φονεύς
3094 5153 3110 5168 ο
3147 5141 3174 5190 ό
3200 5139 3576 5210 ἀπειρημένος
3603 5143 3661 5193 ὲν
3713 5157 3882 5214 συγ-

594 5237 716 5276 rore
771 5222 1050 5285 miscetur,
1099 5231 1156 5274 ut
1208 5220 1497 5274 homicida.
1535 5218 1875 5273 Prohibitu’m
1934 5220 1987 5273 in
2035 5234 2170 5274 con-

1535 5218 1875 5273 Prohibilu'm
1934 5220 1987 5273 in
2035 5234 2170 5274 cou-
2283 5228 2472 5297 γενείᾳ
2505 5227 2702 5297 γάμος,
2736 5232 2874 5283 κατά
2899 5232 3107 5300 μοιχόν.

593 5313 958 5380 sanguinitate
990 5313 1393 5366 matrimonium
1420 5351 1438 5374 ,
1467 5312 1656 5366 eadem
1706 5326 1812 5381 qua
1841 5313 2166 5368 adulterium
2207 5331 2367 5387 pmna
2402 5322 2721 5376 vindicatur.

659 5411 713 5463 8.
759 5405 952 5464 Lector
987 5411 1076 5476 qui
1114 5419 1237 5462 ante
1266 5409 1481 5477 nuptias
1516 5424 1625 5463 rem
1661 5409 1969 5462 habetcum
1998 5424 2171 5478 spon;

2343 5423 2414 5482 η’.
2457 5417 2515 5468 Ὀ
2547 5417 2652 5486 πρὸ
2680 5418 2860 5488 γάμου
2892 5419 3285 5474 συναλλάσσων
3317 5421 3680 5491 ἀναγνώστης
3710 5441 3891 5497 μνη-

590 5517 669 5559 szi.
707 5511 922 5554 manent
973 5501 1160 5564 lector,
1208 5502 1280 5554 ita
1318 5509 1374 5553 ut
1427 5500 1493 5554 ad
1532 5499 1765 5568 majores
1809 5501 2010 5567 gradus
2055 5517 2162 5556 non

2302 5510 2392 5577 τῇ.
2430 5511 2640 5575 μενέτω
2693 5512 3049 5583 ἀναγνώστης
3102 5514 3416 5582 ἀπρόκοπος
3451 5532 3463 5545 ·
3499 5515 3885 5589 κλεψίγαμος

590 5601 971 5659 promoventur
1023 5593 1160 5657 :qui
1224 5607 1350 5648 vero
1383 5592 1640 5647 furtivum
1694 5592 1814 5644 iniit
1869 5593 2152 5646 matrimo-

1120 5593 1160 5646 ili
1224 5607 1350 5648 vero
1383 5592 1640 5647 furtivum
1694 5592 1814 5644 iniit
1869 5593 2152 5646 matrimo-
2271 5600 2327 5653 δὲ
2357 5602 2703 5655 ἀπωθεῖσθω,

590 5683 761 5747 nium,
803 5684 1123 5752 expellatur.
