4010 6336
664 338 768 402 1'23

2069 336 2235 398 TlIEt

2350 335 2500 422 tm
2807 411 2812 415 ,
3820 351 3904 416 ιιι

665 453 1080 508 mansuetudine
1103 452 1375 520 excipiat;
1407 466 1506 504 nec
1537 468 1730 522 graves
1755 468 1815 506 ac
1851 453 2117 508 molestas
2139 452 2235 507 sibi

2350 452 2484 521 αὐτῇ
2535 453 2868 523 πραότητος,
2917 457 3013 508 καὶ
3065 457 3140 526 μὴ
3186 456 3450 526 φορτικὰς
3519 460 3777 526 ἡγεῖσθαι
3827 468 3915 527 τὰς

663 559 885 602 nostras
909 548 1361 616 interrogationes
1392 547 1578 598 ducat.
1610 543 1742 598 Esto
1766 555 1945 600 autem
1968 549 2242 601 constitu-

665 649 777 692 tum
807 640 946 691 inter
975 652 1095 701 nos,
1143 636 1290 690 velut
1313 649 1379 689 ex
1411 634 1671 704 stipulatu
1697 643 1751 688 et
1775 636 2044 703 promisso
2067 636 2241 705 partis

659 733 962 798 utriusque,
981 731 1097 784 utsi
1118 730 1245 801 quid
1267 729 1662 793 audiverimus,
1681 728 1825 799 quod
1840 729 2118 783 adversari
2149 745 2240 782 re-

659 834 760 878 cta:
780 823 1061 878 sententite
1085 824 1360 885 videatur;
1390 835 1496 876 non
1518 821 1776 874 continuo
1804 822 2237 889 pronumiemus,

659 915 713 970 id
742 916 1056 969 haereticum
1089 929 1209 968 esse
1241 929 1254 967 :
1283 915 1378 967 sed
1409 913 1696 981 diligenter
1720 914 2144 981 interrogemus,
2165 907 2238 968 ac

656 1007 981 1060 erudiamur
1012 1007 1078 1060 de
1107 1007 1257 1058 vocis
1307 1005 1574 1073 cujusque
1609 1005 1918 1072 signiﬁcato
1945 1046 1960 1066 ,
1989 1016 2043 1059 et
2095 1005 2240 1060 illius

658 1109 863 1164 mente,
896 1101 985 1168 qui
1020 1114 1080 1154 ca
1113 1099 1184 1153 sit
1215 1114 1366 1152 usus.
1402 1098 1714 1152 Cavendum
1745 1113 1958 1166 quoque
2006 1097 2159 1151 nobis
2209 1112 2236 1150 a

658 1188 900 1242 rntlitate
935 1189 1271 1255 interpretis,
1315 1189 1406 1255 qui
1455 1203 1558 1239 nun
1613 1188 1789 1240 solum
1825 1189 2236 1255 grammaticam

659 1297 765 1334 non
800 1283 980 1343 novit,
1015 1281 1108 1334 st‘d
1142 1299 1209 1335 ne
1239 1281 1472 1334 solutam
1505 1282 1724 1349 quidem
1750 1282 2055 1335 orationem
2085 1279 2236 1334 Grae-

657 1383 776 1424 cam
800 1381 949 1424 recte
987 1381 1131 1425 tenet
1167 1389 1180 1424 :
1217 1386 1286 1424 ne
1321 1371 1488 1439 ipsius
1508 1373 1810 1439 ignorantia
1833 1373 1912 1426 vel
1936 1373 2118 1441 lapsus
2138 1386 2240 1426 n0-

656 1461 740 1514 bis
776 1462 1091 1531 imputetur.

726 1553 885 1607 GEN.
931 1552 1096 1608 Ret-te
1130 1555 1207 1609 ais
1241 1571 1257 1608 :
1290 1554 1360 1609 ita
1391 1554 1502 1609 fiat.

745 1643 999 1698 TIIEOR.
1057 1646 1201 1700 Misit
1253 1647 1537 1715 epistolam
1599 1647 1662 1700 ad
1734 1656 2122 1715 prtepolentem
2184 1657 2238 1703 et

658 1744 907 1789 sanetum
949 1741 1332 1806 imperatorem
1367 1740 1562 1793 eximia
1592 1741 1852 1792 sant-titas
1887 1751 2000 1804 tua,
2035 1755 2142 1809 qua
2171 1741 2238 1795 de

658 1831 980 1896 quibusdam
1034 1831 1157 1885 lidei
1195 1831 1486 1900 capitibus,
1522 1843 1574 1885 et
1619 1835 2109 1888 consuetudinibus
2148 1848 2239 1886 ec-

671 1919 1015 1986 clesiasticis,
1052 1931 1268 1974 tractat.
1306 1920 1493 1988 Itaque
1541 1923 1881 1975 sanctitatem
1925 1933 2070 1976 tuam
2112 1925 2238 1984 ,exi-

659 2011 822 2062 iniam
857 2012 1150 2082 interrogo,
1185 2015 1331 2068 itane
1357 2013 1580 2078 sentiat,
1611 2024 1666 2067 ut
1704 2017 1754 2067 in
1782 2009 2237 2085 ea‘perscriptnm

655 2109 777 2166 est;
810 2115 876 2153 an
909 2102 1110 2168 aliquid
1142 2117 1352 2163 eorum.
1386 2119 1508 2172 qum
1540 2105 1594 2158 in
1634 2104 1724 2157 illa
1760 2107 2063 2174 perscripta
2092 2113 2236 2169 sunt,

656 2192 858 2245 nullius
891 2197 1147 2249 momenti
1183 2195 1390 2248 ducat?

725 2280 882 2337 GEN.
925 2283 1001 2337 lta
1035 2296 1147 2339 tum
1173 2288 1508 2353 sentiebam,
1549 2296 1605 2342 et
1646 2289 1720 2343 ita
1751 2290 1948 2356 sentio,
1984 2291 2126 2346 sicut
2174 2292 2228 2346 in

654 2389 718 2429 ea
749 2380 1066 2446 perscripsi.

726 2469 981 2526 TllEOll.
1027 2473 1170 2539 Quas
1205 2477 1439 2545 synodos
1473 2477 1717 2545 recipis?

727 2563 888 2618 GEN.
924 2563 1197 2619 Nirmnam
1244 2579 1555 2623 sanctorum
1603 2569 1708 2625 518
1783 2571 2004 2625 Patrum
2043 2587 2057 2625 :
2098 2569 2240 2625 Con-

655 2657 1222 2726 stantinopolitanam.
1271 2673 1579 2715 sanctorum
1626 2671 1680 2714 et
1738 2662 1999 2716 instinctu
2053 2662 2238 2717 divino

653 2745 1072 2814 gubernatorum
1105 2747 1207 2802 150
1260 2748 1522 2816 Patrum;
1553 2761 1604 2805 et
1635 2751 1987 2821 Ephesinam,
2018 2765 2239 2807 sancto—

657 2852 774 2890 rum
803 2836 907 2890 200
968 2839 1216 2905 Patrum,
1251 2839 1303 2893 in
1348 2855 1452 2910 qua
1497 2839 1786 2896 Nestorius
1835 2845 1904 2898 ab
1938 2842 2115 2900 olIicio
2143 2859 2236 2899 re-

654 2941 832 2983 metus
862 2928 985 2983 fuit.

729 3018 1261 3088 THEOR.~Quorum
1294 3023 1580 3080 doctorum
1617 3024 1823 3096 scripta
1863 3038 1918 3083 et
1958 3029 2234 3085 doctrinas

653 3113 956 3182 approbas?

731 3204 894 3260 (ΕΝ.
935 3205 1113 3276 Magni
1169 3207 1330 3264 illins’
1367 3208 1695 3275 Athanasii,
1749 3212 1921 3267 sancti
1983 3212 2230 3284 Gregorii

655 3291 935 3368 Tbeologi,
987 3300 1168 3354 Basilii
1226 3301 1425 3370 Magni,
1476 3305 1651 3358 sancti
1698 3303 1945 3376 Gregorii
1976 3304 2231 3378 Nysseni,

652 3392 831 3446 sancti
861 3389 1085 3445 Joannis
1113 3391 1478 3462 Chysostomi,
1517 3396 1689 3450 sancti
1721 3395 2016 3464 Ephrtemi,
2051 3398 2233 3452 sancti

653 3482 842 3554 (Σιτίιίί
875 3483 1224 3539 Alexandrini
1261 3486 1542 3552 antistitis,
1575 3497 1630 3542 et
1648 3487 1939 3543 multorum
1973 3489 2234 3546 aliorum.

723 3673 982 3730 THEOR.
1036 3672 1178 3746 Ergo
1229 3670 1520 3732 lectionem
1564 3679 1812 3748 epistolae
1857 3689 1965 3736 tua:
2011 3682 2235 3738 inchoe-

659 3757 804 3832 mns,
859 3779 912 3824 et
949 3770 1187 3840 capitum
1235 3771 1287 3825 in
1325 3784 1388 3824 ea
1426 3773 1946 3840 comprehensorum
2000 3784 2234 3829 mentem

663 3846 898 3917 fraterne
932 3863 1378 3930 consideremus;
1429 3879 1496 3918 an
1533 3864 1820 3932 praedictos
1850 3866 2004 3922 divos
2047 3868 2236 3923 Patres

661 3963 720 4012 et
743 3966 962 4012 sanctas
993 3959 1229 4028 synodos
1257 3970 1538 4028 sequatur.

724 4049 883 4106 GEN.
918 4049 1084 4105 Recte
1111 4051 1282 4116 dicis;
1312 4054 1382 4105 ita
1409 4053 1522 4106 ﬁat.

726 4140 865 4195 Tum
924 4143 1288 4213 perlcgcnles,
1321 4144 1408 4197 .ad
1455 4159 1577 4198 eum
1633 4143 1810 4200 locum
1843 4147 2110 4214 venimus,
2143 4148 2234 4203 ubi

653 4231 915 4298 scriptum
945 4242 1059 4285 erat
1093 4252 1104 4288 :
1144 4233 1384 4287 Dicimus
1436 4236 1488 4287 in
1517 4231 1738 4288 Christo
1770 4247 2022 4289 naturam
2069 4254 2232 4292 unam

654 4334 798 4386 esse,
837 4338 942 4375 non
970 4324 1265 4376 secundum
1316 4322 1613 4394 Eutyehem
1664 4324 2102 4393 confundentes;
2137 4341 2235 4380 nec

655 4415 952 4468 secundum
981 4417 1368 4482 Apollinarium
1397 4417 1780 4472 detrahentes:
1808 4420 1902 4472 sed
1935 4422 2230 4472 secundum

2344 542 2643 612 ἐρωτήσεις
2684 544 2863 613 ἡμῶν.
2926 547 3111 600 Ἔστω
3144 548 3202 600 δὲ
3233 550 3368 618 ἡμῖν
3426 549 3502 610 ὡς
3533 551 3594 614 ἐξ
3639 553 3912 622 ἐπερωτή-

2345 649 2480 695 σεως
2511 634 2606 687 καὶ
2630 635 2924 704 ὁμολογίας
2970 640 3313 709 ἀμφοτέρων,
3341 641 3474 694 ὅταν
3505 641 3835 712 ἀκούσωμέν
3864 663 3912 699 τι

2341 724 2441 776 οὐκ
2460 725 2624 795 ὀρθῆς
2645 723 2786 781 εἶναι
2806 729 3015 792 ἑννοίας
3031 726 3170 784 εἶναι
3185 730 3396 799 δοκοῦν,
3409 742 3485 804 μη
3503 733 3666 796 εὐθὺς
3683 735 3915 804 ἀποφαί-

2341 817 2550 880 νεσθαι,
2579 818 2661 870 ὅτι
2687 821 2846 873 τοῦτο
2867 822 3145 890 αίρετικόν
3177 825 3351 886 ἐστιν,
3376 824 3494 878 ἀλλ’
3541 827 3758 895 ἐρωτᾷν
3795 828 3912 879 {tuo

2345 903 2542 971 μελῶς,
2573 908 2666 959 καὶ
2691 908 3042 964 διδάσκεσθαι
3093 912 3192 984 τὴν
3257 914 3538 984 σημασίαν
3566 915 3664 982 ﬁt.
3695 915 3914 982 λέξεως,

2343 995 2436 1044 καὶ
2471 994 2714 1048 τοννοῖω
2745 998 2840 1051 τοῦ
2896 1001 3180 1069 χρωμένου
3199 1003 3363 1073 αὐτῇ.
3390 997 3915 1074 Παραφυλὰττεσθαι

2340 1085 2396 1137 δὲ
2427 1086 2506 1138 δεῖ
2534 1089 2684 1158 ἡμᾶς
2718 1093 2812 1142 καὶ
2839 1093 2936 1162 τὴν
2963 1093 3251 1162 ἀγροικίαν
3309 1094 3403 1148 τοῦ
3434 1095 3743 1167 ἑρμηνέως,
3773 1096 3833 1160 ὃς
3859 1098 3914 1148 οὗ

2346 1177 2512 1246 μόνον
2565 1180 2648 1233 ὅτι
2701 1184 3101 1254 γραμματικὴν
3162 1187 3265 1238 οὐκ
3313 1181 3486 1252 οἶδεν,
3517 1187 3637 1239 ἀλλ’
3675 1187 3803 1240 οὐδὲ
3827 1185 3918 1254 τὴν

2356 1268 2642 1338 Ἑλληνίδα
2692 1271 2861 1344 πεζὴν
2895 1274 3178 1328 διάλεκτον
3210 1277 3392 1340 καλῶς
3431 1277 3784 1344 ἐξεπίσταται
3805 1294 3822 1313 ο
3847 1278 3918 1347 μή

2344 1377 2464 1423 πως
2493 1361 2552 1414 τὸ
2574 1362 2788 1417 ἐκείνου
2818 1365 3094 1437 ἀγνόημα,
3118 1368 3151 1439 ἦ
3193 1368 3490 1440 ὀλίσθημα,
3524 1371 3801 1442 ἡμέτερον
3830 1371 3916 1422 λο-

2342 1451 2530 1521 γισοῇ.

2423 1541 2485 1596 '0
2515 1545 2677 1599 ΚΛΘ.
2703 1542 2778 1600 Εὖ
2810 1547 2990 1618 λέγεις
3013 1569 3026 1582 ·
3063 1550 3209 1605 οὕτω
3238 1541 3505 1621 γενέσθω.

2424 1633 2483 1687 Ὀ
2505 1636 2699 1693 ΘΕΩΡ.
2751 1639 3164 1716 Ἀπέστειλενή
3222 1647 3438 1717 μεγάλη
3493 1649 3775 1718 ἁγιωσύνῃ
3827 1664 3916 1703 σου

2343 1727 2481 1792 πρὸς
2508 1730 2598 1782 τὸν
2627 1734 2890 1802 κραταιὸν
2914 1736 3007 1791 καὶ
3030 1737 3185 1804 ἁγιον
3211 1737 3372 1807 ἡμῶν
3404 1737 3634 1809 βασιλέα
3697 1742 3915 1794 ἐπιστο-

2344 1817 2460 1886 λὴν,
2632 1823 2998 1895 διαλαμϐάνει
3053 1829 3182 1898 περί
3221 1848 3386 1884 τινων
3443 1830 3760 1900 κεφαλαίων
3823 1836 3916 1903 τῆς

2344 1910 2581 1974 πίστεως
2663 1913 2757 1967 καὶ
2815 1915 2964 1986 ἠθῶν
3029 1917 3521 1989 ὲκκλησιαστικῶν.
3573 1923 3801 1993 Ἐρωτῶ
3829 1923 3917 1976 οὖν

2342 2002 2442 2070 τὴν
2475 2003 2719 2074 μεγάλην
2748 2006 3061 2080 ἁγιωσύνην
3093 2025 3209 2074 σου,
3247 2015 3297 2066 εί
3327 2011 3469 2067 οὕτω
3502 2019 3717 2084 φρονεῖ.
3744 2015 3823 2079 ὼς
3855 2019 3908 2068 ὲν

2343 2094 2482 2164 αὐτῇ
2550 2097 2883 2168 γέγραπται,
2917 2101 2950 2171 ἤ
2981 2118 3034 2154 τι
3066 2102 3173 2155 τῶν
3217 2105 3276 2158 ἐν
3314 2104 3454 2177 αὐτῇ
3511 2107 3918 2177 γεγραμμένων

2342 2185 2546 2241 ἀθετεῖ.

2424 2277 2482 2329 '0
2512 2279 2671 2334 ΚΑΘ.
2698 2279 2885 2346 Οὕτως
2923 2284 3208 2354 ἐφρόνουν,
3234 2287 3328 2340 καὶ
3357 2285 3501 2341 οὕτω
3531 2288 3736 2360 φρονῶ,
3763 2288 3840 2353 ὡς
3866 2290 3924 2343 ἐν

2341 2365 2480 2442 αὐτῇ
2507 2370 2742 2441 ἔγραψα.

2423 2459 2482 2514 '0
2511 2462 2704 2518 ΘΕΩΡ.
2734 2466 2900 2531 Ποίας
2942 2469 3192 2534 συνόδους
3221 2470 3353 2542 δέχῃ
3377 2486 3394 2537 ;

2396 2553 2485 2607 -Ὅ
2524 2556 2687 2611 ΚΑΘ.
2735 2557 2850 2628 Τὴν
2876 2563 2933 2612 ὲν
2964 2561 3169 2633 Νικαίᾳ
3229 2563 3339 2615 τῶν
3366 2570 3474 2635 τιη¹
3521 2563 3698 2632 ἁγίων
3747 2567 3920 2621 Πατέ-

2342 2666 2452 2717 ρων
2480 2667 2497 2708 ,°
2531 2653 2625 2705 καὶ
2662 2652 2761 2722 τὴν
2791 2657 2850 2707 ἐν
2885 2657 3461 2721 Κωνσταντιτουπόλει
3489 2660 3596 2712 τῶν
3636 2658 3714 2731 ρν⁹
3743 2661 3920 2729 ἁγίων

2341 2739 2619 2813 θεοφόρων
2689 2745 2974 2816 Πατέρων·
3032 2753 3127 2802 καὶ
3162 2750 3262 2825 τὴν
3315 2753 3375 2804 ἐν
3405 2751 3621 2824 Ἐφέσῳ
3661 2759 3705 2806 σ⁸
3743 2755 3920 2823 ἁγίων

2342 2833 2623 2903 Πατέρων,
2666 2837 2723 2890 ἐν
2813 2839 3106 2911 Νεστόριος
3147 2841 3449 2914 καθῃρέθη.
3525 2865 3532 2872 ·

2420 3018 2482 3074 '0
2515 3022 2711 3076 ΘΕΩΡ.
2738 3023 2917 3078 Ποίων
2947 3024 3289 3084 διδασκάλων
3325 2984 3583 3102 στέρξεις
3630 3031 3732 3096 τὰς
3779 3050 3922 3105 γρα-

2261 3142 2305 3204 c
2339 3113 2444 3182 φὰς
2477 3116 2571 3169 καὶ
2597 3115 2988 3182 διδασκαλίαςς

2420 3209 2479 3262 '0
2530 3210 2688 3268 ΚΑΘ.
2740 3211 2849 3265 Τοῦ
2905 3215 3143 3284 μεγάλου
3207 3215 3558 3285 Ἀθανασίου,
3622 3219 3720 3273 τοῦ
3751 3220 3922 3290 ἁγίου

2336 3302 2377 3356 Γ
2381 3304 2642 3374 ρη·;ορίου
2694 3305 2788 3359 τοῦ
2840 3306 3130 3376 Θεολόγου,
3171 3308 3280 3364 ιτοῦ
3325 3311 3571 3380 μεγάλου
3604 3311 3920 3378 Βασιλείου,

2337 3395 2430 3448 τοῦ
2464 3396 2626 3464 ἁγίου
2703 3398 3013 3472 Γρηγορίου
3045 3400 3290 3472 Νύσσης,
3321 3402 3416 3455 τοῦ
3443 3403 3605 3470 ἁγίου
3663 3405 3920 3459 Ἰωάννου

2334 3488 2430 3540 τοῦ
2499 3489 2919 3562 Χρυσοστὸμου,
2975 3493 3070 3546 τοῦ
3125 3493 3284 3562 ἁγίου
3332 3493 3594 3564 Ἐφραῒμ,
3629 3495 3726 3548 τοῦ
3756 3497 3922 3564 ἁγίου

2336 3580 3048 3655 ΚυρίλλουἎλεξανδρείας,
3083 3586 3178 3639 καὶ
3207 3586 3385 3641 ἄλλων
3419 3588 3651 3642 πολλῶν.
3765 3649 3777 3664 ,-

2425 3673 2483 3725 Ὀ
2515 3673 2708 3729 ΘΕΩΡ.
2732 3675 3063 3746 Ἀρξώμεθα
3094 3677 3280 3732 λοιπὸν
3301 3678 3402 3747 τῆς
3425 3677 3797 3748 ἀναγνώσεως
3822 3680 3922 3750 τῆς

2339 3762 2436 3830 σῆς
2467 3766 2775 3836 ἐπιστολῆς,
2818 3753 2926 3820 ’καὶ
2970 3767 3307 3838 σκεψώμεθα
3359 3770 3668 3839 ἀδελφικῶς
3695 3771 3815 3825 τῶν
3861 3772 3923 3825 ἐν

2337 3855 2473 3925 αὐτῇ
2506 3855 2816 3924 κεφαλαίων
2840 3857 2929 3911 τὸν
2959 3858 3106 3925 νοῦν,
3137 3860 3186 3912 εί
3217 3862 3329 3922 τοῖς
3358 3862 3716 3933 προρρηθείσι
3743 3863 3924 3928 θείοις

2337 3947 2607 4015 Πατρὰσι,
2649 3951 2744 4001 καὶ
2774 3953 2893 4012 ταῖς
2929 3950 3112 4017 ἁγίαις
3150 3953 3388 4016 συνόδοις
3416 3953 3631 4008 ἕπεται.

2421 4039 2486 4092 '0
2520 4041 2682 4094 ΚΑΘ.
2721 4040 2795 4094 Εὖ
2830 4041 3047 4109 λέγεις·
3113 4042 3256 4095 οὕτω
3284 4043 3544 4110 γενέσθω.

2408 4133 2517 4187 Καὶ
2586 4134 2936 4202 ἀναγνόντες,
3000 4135 3234 4205 ἦλθομεν
3290 4139 3367 4198 είς
3396 4138 3489 4190 τὸν
3540 4138 3726 4203 τόπον,
3757 4131 3824 4193 οὗ
3851 4135 3922 4212 ἦν

2337 4226 2752 4296 γεγραμμένονο
2786 4226 3036 4297 Λὲγομεν
3064 4227 3192 4297 μίαν
3219 4228 3384 4296 φύσιν
3421 4230 3504 4292 είς
3531 4229 3622 4283 τὸν
3647 4232 3918 4301 Χριστὸν,

2335 4318 2395 4370 οὐ
2417 4318 2561 4372 κατὰ
2609 4319 2701 4372 τὸν
2757 4320 3003 4390 Εὑτυχέα
3060 4321 3408 4390 συγχέοντες,
3463 4321 3590 4376 οὔτε
3645 4325 3792 4380 κατὰ
3823 4327 3924 4380 τὸν

2348 4411 2733 4480 ’Λπολινὰριον
2802 4411 3180 4474 ἐλαττοῦντες.
3247 4412 3383 4466 ἀλλὰ
3446 4413 3592 4468 κατὰ
3643 4416 3923 4489 Κύριλλον

654 4503 1080 4558 Alexandrinum
1121 4507 1419 4560 antistitem
1453 4507 1738 4578 Cyrillum,
1777 4509 1827 4561 in
1872 4509 2225 4575 orthodoxia,

2350 4503 2427 4554 ιον
2453 4503 2866 4573 Ἀλεξανδρείας
2930 4506 2988 4556 ὲν
3043 4504 3341 4574 όρθοδοξίᾳ,
3393 4505 3556 4558 ἁτινα
3586 4506 3833 4578 ἔγραψεν
3864 4514 3924 4562 ἐν

592 4600 597 4604 ’
655 4612 773 4665 ῳιεε
809 4599 860 4651 in
895 4599 1028 4652 libro
1055 4611 1245 4654 contra
1279 4599 1584 4654 Nestorium
1633 4603 1876 4671 scripsit,
1916 4617 2076 4656 unam
2112 4618 2232 4658 esse

655 4698 900 4740 naturam
937 4687 1215 4743 Sermonis
1245 4691 1601 4743 inearnatam.

728 4781 982 4835 'l‘llEOlt.
1052 4783 1287 4836 Sanctus
1331 4783 1570 4853 Cyrillns
1624 4798 1730 4836 non
1787 4784 1924 4835 dixit
1974 4799 2133 4836 unam
2179 4781 2230 4837 in

653 4877 868 4933 Christo
901 4888 1145 4933 naturam
1187 4893 1284 4932 nec
1325 4894 1488 4932 unam
1531 4877 1734 4931 Christi
1790 4885 2079 4940 naturam;
2136 4877 2232 4932 sed

655 4985 815 5036 unam
865 4977 1112 5022 naturam
1162 4967 1477 5033 Sermonis;
1509 4983 1570 5023 ac
1618 4967 1811 5021 deinde
1862 4966 2098 5037 subjicit,
2149 4967 2233 5019 in-

655 5037 956 5128 carnatam.
987 5064 1099 5118 'l‘na
1131 5079 1256 5117 vero
1291 5062 1550 5116 sanctitas
1599 5061 1780 5114 nescio
1813 5077 1918 5129 quo
1949 5072 2106 5129 pacto
2149 5060 2233 5113 iu-

656 5157 960 5224 cogitanter
991 5165 1043 5209 et
1073 5156 1238 5209 libere
1273 5164 1517 5206 naturam
1549 5170 1706 5205 unam
1742 5154 1793 5205 iu
1821 5153 2037 5208 Chris!o
2071 5155 2228 5208 dixit.

654 5250 731 5302 Ac
767 5250 937 5303 miror
969 5251 1234 5319 equidem,
1275 5263 1370 5301 cur
1405 5262 1590 5302 vocem
1629 5264 1658 5301 a
1689 5259 1881 5303 sancto
1936 5250 2052 5302 viro
2082 5250 2232 5318 posi-

653 5352 762 5396 tam
795 5352 1001 5396 mutarc
1028 5344 1096 5396 sit
1133 5359 1286 5396 ausa.

726 5433 880 5488 GEN.
916 5433 1030 5488 Non
1072 5438 1293 5490 mutavi.
1353 5436 1484 5490 Nam
1531 5439 1670 5491 idem
1721 5437 1991 5507 signiﬁcat
2035 5445 2229 5489 natura

657 5528 881 5590 Christi,
915 5539 970 5583 et
1001 5541 1191 5582 natura
1231 5529 1511 5585 Sermonis
1548 5532 1849 5585 incarnata.

727 5615 979 5671 THEOR.
1023 5618 1135 5672 Non
1188 5620 1324 5673 idem
1359 5621 1655 5689 significat,
1694 5622 1872 5674 absitl
1914 5635 2034 5672 nam
2067 5619 2225 5672 Citri-

657 5711 726 5765 Sli
763 5726 980 5774 nomen,
1017 5723 1305 5783 utrumque
1341 5715 1690 5782 (:onjunctntn
1728 5713 2013 5782 significat,
2066 5711 2228 5764 Deum

661 5801 819 5858 simul
847 5811 900 5858 et
932 5803 1198 5860 hominem
1230 5823 1241 5858 :
1288 5817 1571 5875 propterea
1604 5806 1850 5872 dicimus,
1885 5805 2073 5860 Seruio
2105 5823 2232 5859 tam

2335 4599 2400 4667 τῇ
2435 4595 2611 4667 βίϐλῳ
2673 4596 2840 4651 αὑτοῦ
2893 4585 3034 4650 κατὰ
3087 4598 3405 4668 Νεστορίου,
3445 4600 3528 4654 ὃτι
3574 4603 3672 4667 μία
3704 4603 3862 4658 ἐστὶν
3888 4606 3923 4673 ὴ

2337 4690 2500 4760 φύσις
2527 4690 2622 4744 τοῦ
2651 4691 2826 4758 Λόγου
2854 4693 3271 4763 σεσαρκωμένη.

2417 4781 2479 4836 ’0
2509 4783 2702 4836 ΘΕΩΡ.
2747 4783 2805 4836 '0
2829 4784 2982 4851 ἅγιος
3012 4783 3278 4854 Κύριλλος
3303 4785 3402 4838 οὐκ
3432 4781 3552 4838 εἷπε
3588 4785 3720 4854 μίαν
3749 4787 3921 4857 φύσιν

2335 4877 2414 4938 εἷς
2451 4875 2541 4928 τὸν
2571 4876 2828 4947 Χριστὸν,
2859 4875 2982 4930 οὔτε
3015 4876 3146 4946 μίαν
3179 4876 3342 4943 φύσιν
3371 4877 3464 4931 τοῦ
3484 4877 3745 4950 Χριστοῦ,
3775 4880 3923 4934 ἀλλὰ

2341 4967 2469 5036 μίαν
2491 4966 2654 5034 φύσιν
2696 4967 2789 5020 τοῦ
2815 4968 3015 5034 Λόγου,
3063 4968 3156 5021 καὶ
3214 4968 3331 5021 τότε
3379 4969 3651 5038 ἐπήγαγε,
3690 4971 3776 5033 τὸ,
3827 4990 3924 5025 σε-

2338 5056 2720 5125 σαρκωμένην.
2776 5058 2839 5108 'll
2869 5058 2924 5108 δὲ
2965 5058 3252 5127 ἁγιωσύνη
3318 5075 3409 5111 σου
3462 5060 3562 5112 οὐκ
3599 5059 3696 5114 οἷδ’
3766 5063 3924 5127 ὅπως

2337 5148 2791 5219 ἀπεριμερίμνως
2836 5152 2930 5203 καὶ
2978 5152 3152 5212 ἀδεῶς
3191 5148 3310 5202 εἷπε
3337 5151 3470 5217 μίαν
3505 5152 3669 5220 φύσιν
3696 5157 3783 5218 είς
3825 5159 3923 5211 τὸν

2335 5241 2589 5308 Χριστόν.
2633 5245 2738 5294 Καὶ
2780 5244 3063 5311 θαυμάζω,
3105 5243 3219 5306 πῶς
3260 5245 3561 5314 ἐτόλμησεν
3597 5247 3916 5320 ἐναλλαγὴν

2338 5333 2562 5400 ποιῆσαι
2587 5334 2688 5400 τῆς
2732 5334 2881 5401 παρὰ
2910 5335 2986 5405 τῷ
3013 5336 3152 5402 ἁγίῳ
3191 5337 3440 5404 τεθείσης
3473 5336 3692 5400 λέξεως,

2417 5428 2473 5477 Ὀ
2506 5425 2668 5479 ΚΛΘ.
2723 5427 2835 5478 Οὐκ
2867 5427 3092 5496 ἤλλαξα.
3125 5427 3337 5480 Tuom
3362 5429 3470 5498 γὰρ
3523 5429 3785 5498 σημαίνει
3813 5435 3923 5501 φύ-

2339 5539 2419 5584 σις
2457 5520 2692 5589 Χριστοῦ
2719 5523 2809 5572 καὶ
2833 5519 2994 5589 φύσις
3027 5519 3119 5574 τοῦ
3147 5521 3322 5587 Λόγου
3352 5523 3780 5595 σεσαρκωμένη.

2419 5616 2477 5667 'U
2499 5616 2693 5668 ΘΕΩΡ.
2718 5616 2790 5667 Οὐ
2813 5615 3068 5683 σημαίνει
3087 5614 3303 5667 ταύτόνε
3333 5614 3407 5682 μὴ
3435 5615 3676 5681 γένοιτοί
3715 5617 3778 5670 τὸ
3806 5622 3923 5689 γὰρ

2338 5708 2572 5784 Χριστος
2597 5710 2789 5776 ὃνομα,
2827 5708 3030 5777 κυρίως
3055 5709 3114 5759 τὸ
3135 5706 3548 5776 συναμφότερον
3572 5707 3742 5777 δηλοῖ,
3778 5711 3926 5763 Θεὸν

2337 5804 2471 5873 ὀ;ιοῦ
2530 5803 2621 5854 καὶ
2689 5802 2971 5870 ἄνθρωπον
2999 5818 3010 5829 ·
3049 5801 3150 5865 διδ,
3190 5799 3438 5867 ὈΛόγος
3489 5800 3626 5871 σὰρξ
3671 5801 3927 5874 ἐγένετο,
