4010 6336
604 246 707 312 127

2022 260 2455 326 ΤΗΕΟΒῘΛΝἹ

3755 259 3869 327 128

521 421 524 424 ς
592 362 992 420 miiversalihus
1037 365 1358 436 accipimus,
1409 379 1702 436 personam
1751 384 1886 429 vero
1914 382 1968 428 et
2007 373 2177 446 hypo-

2312 378 2376 454 πὶ
2402 376 2513 433 τῶν
2560 375 2791 434 καθόλου
2825 377 3201 454 λαμϐάνομεν,
3228 379 3291 434 τὸ
3333 379 3391 434 δὲ
3422 379 3721 452 πρόσωπον
3761 378 3872 434 καὶ

591 458 761 511 stasin
797 457 866 511 de
895 457 1282 526 singularibus.

666 546 927 604 TIIEOR.
993 548 1170 606 Macte
1215 553 1435 621 animo,
1490 555 1806 614 beatissime
1849 559 2050 626 Pater,
2102 561 2174 619 ob

600 638 746 692 hanc
797 639 1233 698 satisfactionem
1285 663 1300 699 :
1347 647 1438 716 qui
1485 656 1543 703 et
1586 651 1686 703 hac
1733 649 1786 704 in
1840 659 1996 720 parte
2049 666 2174 708 cum

596 729 806 784 sanctis
835 729 1092 788 Patribns
1124 737 1422 790 consentis.
1472 736 1611 804 Quid
1661 738 1868 806 igitur?
1909 742 2177 801 horumne

599 819 883 877 ﬁnitiones
912 837 976 877 ac
1006 823 1431 882 declarationem
1468 844 1823 900 exponemus,
1879 849 1953 889 an
2001 836 2176 890 solum

599 910 703 967 hoc
760 914 921 968 nobis
975 915 1204 972 sufﬁciet
1236 957 1252 984 ,
1312 920 1456 988 quod
1509 923 1816 979 substantia
1865 933 1920 979 et
1980 934 2176 980 natura

597 1005 854 1074 quiddam
893 1008 1202 1065 universale
1253 1011 1399 1078 sint;
1451 1013 1761 1084 hypostasis
1810 1022 1867 1072 et
1919 1031 2175 1086 persona,

599 1095 914 1166 singulare?
1526 1101 1530 1105 λ

668 1189 828 1245 GEN.
865 1191 922 1248 Si
957 1192 1053 1249 tibi
1080 1195 1364 1252 molestum
1395 1212 1500 1254 non
1529 1198 1952 1267 eritexponere,
1981 1200 2178 1260 lubens

600 1280 854 1348 equidem
885 1286 1126 1340 audiam.

675 1369 933 1428 TIIEOR.
965 1373 1113 1429 Nihil
1139 1391 1238 1448 ego
1267 1394 1442 1434 meum
1473 1379 1770 1450 proferam,
1789 1382 1886 1438 sed
1912 1382 2175 1455 quidquid

602 1462 716 1531 ipsa
757 1479 854 1520 nos
876 1465 1134 1523 Ecclesia:
1167 1469 1374 1525 lumina
1410 1472 1737 1529 docuerunt.

671 1553 842 1610 GENS
877 1557 1022 1611 Idem
1048 1568 1104 1613 et
1131 1560 1246 1630 ipse
1278 1575 1607 1632 cognoscere
1634 1563 1831 1633 gestio,
1860 1565 2182 1636 quidnimi-

603 1660 723 1700 rum
755 1647 1009 1703 Ecclesiae
1038 1654 1286 1726 doctores
1314 1647 1678 1710 tradiderunt.

675 1736 934 1794 TIIEUR.
982 1739 1169 1796 Sancti
1214 1725 1407 1799 Patres
1439 1745 1513 1800 Ita
1553 1745 1916 1803 substantiam
1951 1749 2180 1805 deiinie-
2215 1725 2258 1782 Β

519 1873 526 1888 ε
608 1839 733 1883 runt
763 1847 778 1883 :
817 1831 1137 1888 thstantia
1164 1834 1400 1905 primum
1436 1846 1490 1893 et
1533 1839 1752 1908 proprie
1782 1849 1890 1905 est,
1917 1840 2180 1911 quidquid

607 1935 707 1988 per
731 1936 790 1978 se
815 1923 1090 1987 subsistit.
1125 1940 1228 1982 nec
1253 1941 1565 1983 essesnum
1603 1931 1766 1986 habet
1798 1931 1851 1987 in
1879 1933 2003 1988 alio.
2036 1932 2178 2000 Quid

607 2023 793 2069 autem
831 2015 883 2070 id
914 2017 1058 2086 quod
1088 2032 1188 2088 per
1243 2033 1304 2075 se
1339 2021 1624 2078 subsistit?
1661 2026 1806 2094 quod
1844 2038 1940 2095 per
1979 2041 2044 2082 se
2073 2037 2184 2093 est,

608 2117 675 2158 ac
703 2119 807 2159 non
840 2117 1063 2176 propter
1089 2109 1256 2177 aliud,
1281 2111 1364 2165 vel
1399 2112 1455 2166 in
1489 2112 1596 2167 alio
1623 2129 1782 2169 suum
1815 2130 1938 2172 esse
1985 2117 2181 2184 habet;

617 2193 722 2259 hoc
755 2206 842 2250 est
863 2197 1008 2264 quod
1036 2211 1140 2251 non
1167 2207 1290 2278 eget
1316 2200 1541 2256 alterius
1567 2203 1801 2274 alicujus
1833 2216 1988 2263 extra
2017 2221 2080 2263 se
2115 2208 2186 2264 ad

609 2285 716 2340 hoc
765 2295 826 2342 ut
871 2290 1124 2355 exsistat,
1175 2293 1336 2362 quale
1380 2295 1641 2362 quiddam
1693 2307 1780 2352 est
1829 2297 2000 2363 color,
2059 2309 2190 2369 puta

612 2377 765 2448 niger
825 2389 920 2434 aut
977 2381 1133 2437 albus
1169 2400 1183 2438 :
1215 2397 1334 2453 quae
1361 2401 1460 2455 per
1498 2402 1558 2442 se
1603 2399 1878 2458 nequeunt
1920 2393 2191 2447 exsistere

611 2469 733 2525 sine
783 2485 1013 2540 corpore
1058 2476 1201 2544 quod
1249 2492 1313 2533 ea
1349 2480 1616 2549 recipiat,
1648 2496 1714 2536 ac
1750 2475 2057 2552 gpropterea‘
2093 2499 2190 2539 co-

612 2556 787 2614 Iorem
812 2575 919 2615 non
947 2561 1179 2619 dicimus
1213 2580 1335 2622 esse
1379 2570 1764 2631 substantiam,
1812 2571 1995 2642 Ipsum
2059 2589 2192 2630 vero

615 2663 842 2720 corpus,
870 2653 956 2705 cui
995 2653 1146 2709 color
1171 2656 1336 2724 inest,
1369 2660 1435 2714 ad
1465 2661 1570 2716 hoc
1615 2663 1816 2719 coloris
1853 2665 1994 2719 haud
2047 2667 2190 2721 indi-

613 2750 730 2812 get,
760 2751 826 2798 ut
849 2757 1047 2814 corpus
1099 2747 1188 2802 sit.
1236 2749 1348 2805 Imo
1397 2754 1623 2810 mutatis
1668 2755 1968 2822 coloribus,
2013 2758 2192 2828 ipSum

616 2848 728 2888 non
777 2841 1047 2891 mutatur.
1096 2837 1234 2895 Nam
1262 2857 1329 2897 ex
1375 2843 1498 2898 albo
1544 2847 1758 2917 nigrum
1784 2847 1874 2914 lit,
1912 2864 1982 2904 ex
2037 2852 2194 2920 nigro

617 2924 845 2995 navum,
867 2928 1106 2986 aliumve
1135 2934 1376 2992 colorem
1409 2937 1628 3004 induit;
1694 2941 1871 3009 ipsum
1902 2955 2033 2998 vero
2056 2957 2198 2998 sem-

617 3031 717 3087 per
777 3018 852 3085 id,
889 3026 1034 3092 quod
1081 3034 1192 3093 est,
1245 3036 1451 3092 manet.
1509 3027 1697 3100 itaque
1730 3041 2196 3105 propter-corpus

619 3110 778 3166 color
807 3124 912 3182 est,
964 3125 1023 3170 ut
1070 3118 1125 3173 id
1174 3117 1359 3175 colore
1406 3120 1601 3188 tingat,
1647 3139 1754 3178 non
1787 3135 1966 3180 autem
2001 3139 2198 3197 corpus

624 3211 849 3272 propter
895 3205 1161 3275 colorem,
1211 3208 1307 3264 sed
1351 3224 1416 3264 ex
1454 3211 1658 3280 seipso.
1695 3212 1859 3269 Color
1909 3216 2094 3270 itidem
2145 3217 2198 3271 in

624 3306 855 3362 corpore
904 3311 1062 3352 suum
1095 3312 1219 3354 esse
1267 3299 1452 3367 habet,
1504 3316 1704 3369 corpus
1751 3315 1936 3359 autem
1988 3320 2097 3361 non
2145 3307 2199 3360 in

537 3453 542 3458 _
623 3380 831 3448 colore.
867 3385 960 3440 sed
995 3387 1049 3441 in
1080 3388 1260 3458 seipso
1292 3391 1528 3447 exsistit.
1575 3389 1704 3446 Eam
1744 3395 1814 3448 ob
1865 3409 1978 3450 rem
2008 3409 2202 3464 corpus

627 3473 993 3532 substantiam
1026 3492 1302 3546 vocamus,
1340 3496 1461 3536 cum
1507 3498 1614 3553 per,
1644 3466 1880 3554 seipsum
1917 3486 2200 3554 subsistat,

627 3565 768 3621 etin
799 3569 1003 3638 seipso,
1055 3586 1162 3626 nou
1191 3573 1244 3627 in
1294 3573 1402 3630 alio
1435 3590 1592 3628 suum
1624 3590 1744 3631 esse
1790 3577 2003 3633 habeat.
2036 3577 2204 3644 Quid-

628 3655 758 3722 quid
783 3671 915 3727 ergo
945 3674 1042 3727 per
1071 3673 1130 3715 se
1161 3662 1432 3730 subsistit,
1467 3673 1522 3718 et
1549 3665 1601 3718 in
1639 3665 1844 3734 seipse,
1873 3682 1980 3722 non
2015 3666 2070 3722 in
2099 3670 2203 3723 alio

631 3747 871 3816 exsistit,
913 3759 999 3804 est
1044 3753 1372 3809 substantia.
1420 3757 1563 3811 Sunt
1614 3768 1798 3812 autent
1851 3760 1964 3814 haec
2007 3761 2090 3815 vel
2136 3776 2201 3817 ex

629 3839 873 3904 materie,
919 3842 1003 3896 vel
1054 3847 1295 3914 expertia
1356 3847 1619 3902 materiei.
1678 3847 1976 3904 Materialia
2056 3861 2228 3916 sunt,-

630 3937 796 3992 terra,
824 3945 986 3999 aqua,
1037 3947 1153 3996 aer,
1201 3934 1382 4004 ignis:
1415 3945 1469 3990 et
1508 3951 1598 3993 res
1633 3951 1702 3992 ex
1761 3939 1846 3995 his
1873 3941 2202 4008 compositze,

630 4023 789 4090 lapis,
816 4025 976 4079 arbor
999 4065 1014 4089 ,
1039 4041 1238 4096 corpus
1269 4029 1588 4084 animatum.
1632 4031 1888 4100 Expertia
1941 4034 2203 4096 materiei,

632 4113 814 4168 anima
875 4116 1090 4172 ratione
1164 4119 1431 4185 praedita,
1500 4121 1749 4190 angelus.
1803 4121 1925 4177 llaec
1995 4124 2206 4191 igitur,

635 4204 712 4259 uti
761 4207 919 4260 modo
962 4208 1215 4274 aiebam,
1287 4211 1590 4266 substantia
1661 4213 1935 4267 dicuntur.
2003 4213 2209 4283 Quippe

636 4295 776 4350 Deus
854 4299 1371 4356 ultrasubstantialis
1431 4316 1534 4369 εει,
1606 4319 1771 4372 supra
1849 4317 2064 4358 omnem
2107 4319 2209 4373 po-

2226 3078 2271 3136 Β

2269 452 2370 539 τὴν
2399 468 2719 537 ὑπόστασιν,
2739 469 2831 525 ἐπὶ
2851 452 2960 524 τῶν
2991 470 3133 524 κατὰ
3172 471 3360 541 μέρος.

2354 561 2414 615 ’0
2445 560 2639 618 ΘΕΩΡ,
2690 562 2835 631 Εὑγέ
2891 580 2975 617 σοι
3024 563 3124 634 τῆς
3197 562 3522 632 ἀπολογίας,
3571 561 3877 633 μακαριώ-

2269 669 2401 706 τατε
2432 653 2640 726 Πάτερ·
2693 653 2962 724 σύμφρων
3001 655 3107 710 κάν
3160 653 3336 726 τούτῳ
3370 656 3486 719 τοῖς
3532 655 3710 723 ἁγίοις
3747 655 3878 706 Πα-

2271 744 2436 815 τράσι
2490 743 2804 815 τυγχάνεις.
2846 744 2913 798 Τί
2945 743 3042 800 οὖν
3082 748 3118 811 ;'
3153 744 3367 799 τούτων
3423 745 3678 812 εἴπωμεν
3727 744 3879 807 τοὺς

2272 835 2436 906 ὅρους
2456 835 2550 889 καὶ
2576 837 2678 906 τὴν
2704 836 3005 908 ἑρμηνείαν
3029 853 3044 904 ;
3068 835 3102 907 ἢ
3132 835 3311 908 τούτῳ
3327 835 3475 906 μόνῳ
3500 831 3875 912 ἀρκούμεθα,

2274 925 2358 980 ὅτι
2408 928 2443 998 ἠ
2471 925 2630 980 οὑσία
2684 927 2836 998 καὶὴ
2866 927 3030 996 φύσις
3072 926 3304 981 καθόλου
3352 926 3528 980 ἐστίν·
3564 926 3684 997 ἡδὲ
3725 924 3880 980 ὑπό-
3923 983 3932 992 _

2278 1034 2480 1083 στασις-
2499 1019 2594 1073 καὶ
2621 1018 2684 1074 τδ
2707 1018 3020 1090 πρόσωπον,
3056 1018 3398 1076 καθέκαστον
3422 1035 3440 1082 ;

2368 1194 2431 1251 Ὀ
2488 1196 2654 1252 ΚΑΘ.
2686 1195 2752 1250 Εἴ
2802 1213 2886 1250 σοι
2929 1196 3190 1269 φορτικὸν
3227 1195 3329 1250 οὑκ
3366 1193 3482 1250 ἐστι
3506 1194 3715 1264 λέγειν,
3754 1193 3885 1264 ἐγὼ

2279 1289 2452 1364 ἡδέως
2475 1289 2806 1360 ἀκούσομαι.

2364 1380 2425 1434 '0
2455 1379 2834 1449 ΘΕΩΡ.’⁹Εγὼ
2862 1379 2998 1452 ὶμδν
3048 1381 3149 1452 μὲν
3201 1380 3358 1435 οὐδὲν
3388 1380 3521 1452 ἐρῶ,
3555 1379 3672 1434 ἀλλ’
3723 1379 3880 1450 ὅπερ

2277 1472 2329 1525 oi
2360 1472 2460 1543 τῆς
2495 1472 2822 1543 Ἐκκλησεας
2849 1476 3133 1544 φωστῆρες
3160 1474 3311 1545 ἡμᾶς
3339 1473 3760 1538 έξεπαίδευσαν.

2362 1563 2423 1619 '0
2458 1565 2619 1620 ΚΑΘ.
2653 1565 2825 1635 Κάγὼ
2871 1564 3032 1620 τοῦτο
3060 1566 3316 1637 ἐπιθυμῶ
3369 1565 3582 1638 μαθεῖν,
3615 1564 3669 1618 τί
3692 1565 3884 1628 ἔστιν,

2281 1658 2430 1727 ὅπερ.
2455 1659 2507 1711 οἱ
2539 1657 2642 1727 τῆς
2681 1657 3010 1729 Ἐκκλησιας
3035 1654 3192 1713 εἷπον
3221 1659 3558 1713 διδάσκαλοι.

2371 1749 2434 1802 ’0
2457 1747 2652 1802 ΘΕΩΡ.
2681 1750 2745 1802 Οἱ
2769 1748 2913 1817 ἆγιοι
2931 1749 3175 1821 Πατέρες
3192 1750 3292 1821 τὴν
3321 1749 3512 1803 οὐσίαν
3533 1749 3708 1812 οὕτως
3735 1746 3854 1816 ὥρί
3870 1778 3887 1787 -

2289 1857 2470 1894 σαντο.
2533 1839 2707 1894 Οὑσία
2760 1840 2878 1894 ἐστὶ
2933 1841 3166 1911 πρώτως
3213 1857 3275 1893 τε
3331 1839 3427 1894 καὶ
3484 1841 3714 1908 κυρίως,
3763 1839 3889 1890 πᾶν

2287 1933 2480 2004 ὅτιπερ
2541 1931 2955 1986 αὑθυπόστατον
3010 1915 3273 2002 ὑπάρχει,
3318 1932 3412 1986 καὶ
3463 1931 3538 2000 μὴ
3583 1931 3642 1982 ὲν
3698 1928 3890 1997 ἑτέρῳ

2290 2021 2405 2092 ἔχει
2447 2021 2509 2076 τὺ
2557 2018 2720 2076 εἶναι.
2781 2023 2847 2076 Τί
2885 2023 2941 2076 δέ
2983 2022 3130 2075 ἔστιν
3175 2022 3630 2088 αὑθυπόστατονς
3679 2019 3711 2074 ὃ
3750 2019 3888 2071 καθ’

2290 2116 2452 2168 ὲκυτὸ
2489 2115 2630 2181 ἔστι,
2682 2115 2781 2168 καὶ
2812 2116 2875 2168 οὑ
2901 2115 2972 2168 δι’
3021 2114 3174 2177 ἄλλο,
3197 2113 3342 2181 ξοὺτε
3377 2114 3640 2184 ένέτέρῳ
3669 2112 3788 2182 ἔχει
3822 2111 3894 2163 τὸ

2293 2205 2466 2261 εἶναι’
2516 2205 2822 2269 τουτέστιν,
2858 2206 2885 2260 ὃ
2911 2207 2986 2278 μὴ
3018 2205 3212 2278 χρῄζει
3272 2206 3416 2270 τινος
3472 2205 3632 2260 ἄλλου
3672 2203 3891 2268 ἔξωθεν

2293 2297 2460 2352 αὑτοῦ
2493 2298 2575 2360 εἰς
2633 2298 2696 2350 τὸ
2757 2295 3048 2368 ὑπάρχεινο
3107 2293 3220 2351 οἷόν
3247 2313 3301 2350 τι
3341 2296 3491 2364 λέγω
3539 2293 3600 2348 τδ
3648 2293 3890 2365 χρῶμα,

2292 2388 2541 2444 τουτέστι
2591 2389 2654 2441 τὸ
2683 2389 2877 2442 λευκὸν
2926 2388 3023 2442 καὶ
3064 2388 3128 2442 τὸ
3152 2388 3322 2458 μέλαν
3346 2404 3359 2422 ⁸
3413 2388 3508 2442 καὶ
3543 2385 3616 2441 τά
3645 2383 3893 2439 τοιαῦτα

2294 2477 2356 2530 οὑ
2381 2477 2641 2532 δύνανται
2693 2477 2818 2531 καθ’
2873 2477 3046 2532 ἑαυτά
3095 2472 3261 2543 εἶναι,
3294 2478 3466 2549 χωρὶς
3495 2475 3756 2546 σώματος
3781 2472 3892 2528 τοῦ

2296 2570 2589 2641 δεχομένου
2627 2569 2769 2624 αὑτά
2791 2586 2804 2600 ·
2833 2570 2929 2622 καὶ
2966 2568 3057 2622 διὰ
3082 2570 3241 2623 τοῦτο
3270 2569 3395 2622 οὐδὲ
3424 2567 3617 2621 οὑσὶαν
3639 2563 3893 2634 λέγομεν

2298 2655 2525 2714 εἶναιτὸ
2567 2658 2791 2729 χρῶμα.
2839 2657 2914 2710 Τδ
2941 2657 2998 2710 δὲ
3031 2657 3193 2726 σῶμα
3250 2656 3404 2721 αὑτὸ,
3458 2657 3518 2708 ἐν
3571 2648 3616 2722 ᾧ
3663 2657 3786 2708 ἐστι
3821 2653 3892 2706 τὸ

2299 2747 2518 2820 χρῶμα,
2552 2748 2613 2799 οὑ
2646 2746 2828 2800 δέεται
2857 2744 2954 2799 τοῦ
2985 2744 3300 2816 χρώματος,
3327 2745 3408 2807 εἰς
3428 2742 3492 2796 τὺ
3512 2736 3658 2796 εἶναι
3689 2739 3889 2809 σῶμα·

2300 2840 2497 2910 ἀμέλει
2546 2839 2644 2893 καὶ
2701 2837 2813 2892 τῶν
2869 2838 3180 2908 χρωμάτων
3230 2834 3654 2906 άλλασσομένων
3676 2872 3693 2897 ,
3743 2831 3896 2886 αὐτὸ

2300 2935 2402 2986 οὐκ
2436 2931 2779 2988 ἀλλάσσεται
2804 2945 2823 2961 ⁶
2847 2930 2947 2985 καὶ
2975 2929 3086 3000 γὰρ
3117 2929 3182 2982 ὲκ
3215 2926 3409 2982 λευκοῦ
3449 2927 3658 3002 γίνεται
3685 2924 3892 2993 μέλαν,

2304 3021 2397 3076 καὶ
2425 3021 2492 3074 ὲκ
2542 3017 2773 3091 μέλανος
2800 3018 3010 3084 ξανθὸν,
3034 3019 3067 3089 ἢ
3091 3016 3281 3088 ἕτερον
3312 3017 3510 3089 χρῶμα
3565 3013 3895 3086 μεταμφιά-

2301 3116 2486 3179 ζεταιο
2537 3112 2672 3166 αὑτδ
2703 3111 2763 3165 δὲ
2799 3110 2973 3181 μένει,
3031 3112 3168 3182 ὅπερ
3219 3111 3393 3173 ἐστὶν,
3425 3105 3533 3163 ἀεί.
3567 3107 3763 3161 Ἔστιν
3785 3099 3893 3160 οὖν

2299 3207 2364 3261 τδ
2396 3208 2495 3279 μὲν
2525 3207 2730 3277 χρῶμα
2777 3205 2868 3259 διά
2909 3204 2972 3257 τὸ
3029 3204 3192 3273 σῶμα
3217 3204 3305 3258 ἵνα
3329 3202 3521 3275 χρώζῃ
3551 3201 3707 3256 αὑτόο
3731 3198 3799 3254 ire
3825 3200 3894 3253 δὲ

2304 3299 2464 3370 σῶμα
2525 3299 2586 3352 οὑ
2651 3298 2742 3352 διὰ
2796 3298 2858 3350 τὸ
2908 3297 3125 3368 χρῶμα,
3180 3295 3318 3352 ἀλλά
3351 3295 3418 3350 δι’
3470 3293 3654 3348 ἑαυτά
3707 3290 3898 3344 καὶτὸ

2307 3392 2406 3461 μὲν
2452 3391 2650 3461 χρῶμα
2704 3391 2764 3442 ὲν
2813 3388 2891 3458 τῷ
2945 3388 3161 3457 σώματι
3209 3387 3325 3458 ἔχει
3375 3387 3437 3439 τὸ
3486 3379 3670 3438 εἶναι’
3717 3382 3786 3435 τὸ
3826 3382 3896 3435 δὲ

2306 3479 2466 3547 σῶμα
2519 3479 2622 3532 οὐκ
2681 3480 2738 3529 ὲν
2784 3476 2864 3546 τῷ
2934 3476 3208 3546 χρώματι,
3253 3477 3371 3530 ἀλλ’
3417 3477 3478 3528 ὲν
3526 3473 3708 3544 ἑαυτῷ
3768 3472 3897 3542 ἔχει

2302 3575 2363 3623 τὸ
2412 3564 2572 3624 εἶναι.
2608 3569 2707 3621 Διὰ
2763 3567 2924 3621 τοῦτο
2978 3564 3074 3622 οὖν
3130 3567 3192 3621 τὸ
3255 3569 3417 3636 σῶμα
3449 3565 3640 3620 οὐσίαν
3691 3562 3896 3625 καλοῦ-

2309 3677 2426 3730 μεν,
2479 3657 2666 3726 ἐπειδὴ
2697 3656 3102 3711 αὑθυπόστατόν
3148 3659 3290 3722 ἐστι,
3333 3657 3430 3710 καὶ
3463 3658 3521 3710 έν
3550 3653 3753 3722 ἑαυτῷ,
3783 3655 3896 3706 οὑκ

2305 3754 2363 3803 ὲν
2398 3749 2569 3821 ἑτέρῳ
2622 3750 2737 3819 ἔχει
2794 3751 2854 3802 τὸ
2902 3744 3061 3803 εἶναι.
3113 3747 3323 3803 Οὐκοῦν
3374 3749 3485 3802 πᾶν
3520 3748 3716 3816 ὅτιπερ
3755 3745 3898 3798 αὐο-

2307 3845 2611 3898 υπόστατόν
2645 3859 2704 3894 τε
2757 3841 3016 3912 ὑπάρχει,
3063 3842 3159 3894 καὶ
3192 3841 3250 3894 ἑν
3296 3838 3496 3910 ἑαυτῷ,
3547 3838 3642 3892 καὶ
3705 3835 3781 3905 μὴ
3830 3838 3898 3889 ὲν

2307 3937 2479 4006 ἑτέρῳ
2527 3936 2786 4004 ὑπάρχει,
2844 3933 3021 3988 οὐσία.
3057 3933 3218 3986 Ἐστι
3275 3931 3335 3984 δὲ
3393 3927 3567 3984 ταῦτα
3610 3928 3646 3993 ἢ
3702 3927 3896 3994 eam,

2307 4031 2341 4102 ἢ
2370 4029 2530 4093 άῦλα,
2563 4028 2726 4081 ὑλικὰ
2756 4027 2877 4097 μὲν,
2906 4026 3000 4097 γῆ,
3036 4026 3203 4096 ὕδωρ,
3260 4024 3392 4095 ἀὴρ,
3439 4022 3576 4096 πῦρ,
3603 4024 3700 4077 καὶ
3725 4024 3797 4077 τά
3824 4026 3897 4077 ἐκ

2308 4121 2519 4173 τούτων
2548 4119 2830 4183 συνθέντα,
2863 4118 3026 4184 λίθος,
3049 4118 3238 4188 φυτὸν,
3269 4117 3512 4188 ἔμψυχον
3542 4117 3721 4186 σῶμω
3748 4117 3898 4172 άῦλα

2309 4213 2388 4276 δὲ,
2421 4213 2566 4283 ψυχὴ
2598 4211 2813 4283 λογικὴ,
2843 4211 3096 4280 ἄγγελος.
3129 4211 3316 4265 Ταῦτα
3345 4212 3444 4281 μὲν
3472 4207 3589 4278 οὖν,
3620 4212 3696 4273 ὡς
3731 4210 3897 4281 ῑφην,

2312 4305 2471 4358 οὐσία
2497 4304 2889 4358 καλοῦνται.⁹0
2906 4304 3017 4374 γάρ
3035 4303 3896 4374 Θεὸς,ὑπερούοισι-,ὑπερέκεινα

634 4387 773 4441 situs
835 4391 1169 4456 essentiam,
1221 4403 1276 4446 et
1331 4394 1376 4447 si
1426 4393 1557 4460 quid
1609 4394 1694 4449 his
1744 4394 1908 4449 etiam
1956 4395 2199 4449 ulterius.

2315 4399 2496 4469 πάσης
2520 4400 2733 4462 οὐσίας,
2763 4400 2856 4452 καὶ
2883 4399 2936 4451 ετ
2960 4415 3012 4451 τι
3040 4397 3246 4450 τούτων
3269 4395 3606 4468 πορρωτέρω
3632 4395 3896 4466 ὑπάρχει.

637 4479 811 4547 Atque
835 4479 935 4535 hoc
966 4482 1124 4536 modo
1153 4482 1269 4550 jam
1309 4484 1583 4553 cognitum
1615 4484 1900 4549 habemus,
1931 4485 2059 4554 quid
2083 4487 2211 4540 sub—

639 4571 836 4625 stantia
869 4571 958 4626 sit.
991 4572 1192 4628 Natura
1225 4590 1371 4638 ναι-ο,
1397 4587 1478 4629 est
1527 4576 1718 4630 horum
1765 4576 2051 4646 cujusque,
2097 4577 2211 4645 jam

644 4668 1058 4733 recensitorum,
1082 4679 1259 4724 motus
1286 4679 1338 4724 et
1363 4671 1563 4739 quietis
1584 4673 1928 4742 principium,
1950 4683 2214 4742 quatenus

641 4759 694 4813 in
731 4760 860 4828 ipsis
904 4761 1092 4829 primis
1137 4762 1370 4829 exsistit,
1425 4779 1531 4818 non
1583 4764 1880 4818 secundum
1938 4765 2210 4818 accidens.

646 4853 802 4908 Verbi
835 4854 1027 4922 gratia,
1059 4862 1201 4909 terra
1233 4856 1449 4924 quidem
1496 4863 1761 4921 movetur,
1799 4865 2062 4923 quatenus
2095 4873 2215 4928 gero

643 4945 792 4998 mina
822 4945 1091 5013 producit,
1125 4957 1178 5000 et
1209 4947 1374 5011 fetus,
1405 4948 1736 5015 omninoque
1783 4947 2047 5000 alteratur
2081 4963 2215 5016 qua-

643 5043 801 5090 tenus
828 5036 1123 5090 secundum
1151 5041 1262 5091 haec
1295 5039 1408 5108 ipsa
1436 5039 1489 5092 in
1522 5038 1573 5092 id
1608 5036 1864 5104 imitatur,
1890 5040 1985 5093 sed
2026 5041 2213 5093 eadem

645 5125 892 5192 quiescit,
932 5127 1073 5194 quod
1109 5125 1176 5179 ad
1232 5127 1608 5180 transitionem
1663 5127 1730 5180 de
1779 5126 1899 5179 loco
1931 5126 1996 5177 ad
2042 5125 2215 5177 locum

648 5215 861 5278 attinet,
887 5217 1108 5270 omnino
1139 5217 1430 5272 immobilis
1458 5227 1512 5272 et
1544 5218 1754 5272 itineris
1786 5232 2003 5286 expers.
2036 5216 2220 5284 Itaque

651 5317 832 5364 motus
862 5319 916 5363 ct
946 5311 1145 5379 quietis
1173 5309 1476 5378 hujusmodi
1507 5311 1855 5380 principium,
1892 5310 2032 5378 quod
2064 5316 2220 5362 terra:

650 5400 1080 5456 substantialiter
1113 5403 1275 5466 inest,
1305 5417 1405 5456 nec
1448 5416 1512 5456 ex
1547 5417 1710 5455 eausa
1761 5389 2220 5469 quadam'acces-

652 5493 747 5556 sit,
804 5502 1050 5548 naturam
1079 5510 1360 5550 vocamus.
1407 5494 1586 5567 Ipsum
1633 5508 1761 5548 vero
1793 5503 1994 5548 natura:
2024 5508 2220 5547 nomen

658 5585 727 5641 ab
750 5591 1020 5643 nascendo
1038 5587 1237 5642 factum
1266 5596 1370 5652 est,
1389 5587 1441 5642 id
1461 5594 1542 5643 est
1563 5588 1629 5642 ab
1653 5587 1985 5642 exsistendo.
2007 5586 2125 5651 Quo
2144 5584 2219 5648 lit,

659 5689 720 5733 ut
751 5679 1067 5737 substantiae
1117 5691 1429 5751 naturaeque
1484 5697 1682 5737 nomen
1728 5680 1868 5738 idern
1919 5678 2219 5752 signiticet:

2313 4491 2376 4543 Τί
2410 4491 2509 4561 μὲν
2533 4490 2624 4544 οὖν
2653 4493 2798 4544 ἐστιν
2829 4490 3006 4553 οὐσία,
3033 4489 3227 4559 ἔχομεν
3251 4487 3613 4557 ἐγνωσμένον.
3640 4489 3807 4551 Φύσις
3836 4487 3899 4540 δέ

2314 4583 2459 4634 ἐστιν
2490 4581 2630 4652 ἁρχὴ
2660 4580 2756 4647 τῆς
2786 4579 3017 4632 ἑκάστου
3046 4576 3156 4630 τῶν
3187 4574 3663 4646 ἀπηριθμημένων
3690 4573 3901 4626 τούτων

2315 4669 2580 4738 κινήσεώς
2625 4686 2684 4721 τε
2735 4669 2832 4721 καὶ
2879 4667 3138 4738 ἠρεμίας,
3191 4667 3247 4718 ὲν
3295 4659 3376 4729 οἷς
3427 4663 3664 4734 πρώτοις
3712 4664 3899 4726 αὐτοῖς

2318 4762 2582 4830 ὑπάρχει,
2616 4758 2712 4811 καὶ
2740 4759 2802 4810 οὑ
2835 4758 2976 4811 κατά
3011 4755 3381 4826 συμὸεὸηκός.
3413 4751 3540 4807 Οἴὸν
3570 4771 3623 4806 τι
3651 4753 3827 4821 λέγω·
3859 4755 3895 4822 ἡ

2317 4854 2386 4920 γῆ
2418 4854 2645 4903 κινεῖται
2683 4849 2803 4920 μὲν,
2834 4852 2975 4903 κατὰ
3004 4850 3063 4902 τὸ
3093 4849 3434 4919 βλαστάνειν,
3463 4848 3560 4899 καὶ
3586 4847 3896 4915 ζωογονεῖν,

2319 4946 2413 4996 καὶ
2441 4943 2501 4996 τὸ
2533 4944 2651 4995 ὅλον
2684 4941 3064 5005 ἀλλοιοῦσθαι,
3098 4941 3241 4994 κατὰ
3273 4939 3446 4992 ταῦτα
3479 4939 3618 4992 αὐτὰ
3653 4939 3733 5001 εἰς
3767 4938 3902 4992 αὐτὸ

2323 5037 2798 5107 μεταϐαλλομένηο
2841 5036 3040 5106 ἠρεμεῖ
3073 5035 3129 5088 δὲ
3168 5033 3312 5086 κατὰ
3343 5034 3443 5102 τὴν
3475 5032 3583 5085 άπὸ
3617 5032 3782 5086 τόπου
3817 5031 3898 5095 εἰς

2318 5129 2483 5181 τόπον
2513 5127 2834 5198 μετάϐασιν,
2867 5127 3123 5194 ἀκίνητος
3152 5123 3285 5177 οὖσα
3315 5122 3594 5186 παντελῶς
3647 5125 3740 5176 καὶ
3766 5122 3901 5175 ἁπό-

2323 5234 2530 5286 ρευτος.
2567 5215 2678 5285 Τὴν
2709 5209 2802 5269 οὖν
2832 5214 3006 5285 ἀρχὴν
3034 5215 3130 5284 τῆς
3161 5213 3416 5282 τοιαύτης
3446 5211 3684 5282 ἠρεμίας
3711 5227 3772 5265 τε
3803 5209 3898 5263 καὶ

2322 5310 2613 5379 κινήσεως,
2655 5307 2931 5368 οὑσιωδῶς
2972 5308 3038 5376 τῇ
3082 5308 3152 5376 γῇ
3200 5307 3650 5376 ἐνυπάρχουσαν,
3695 5303 3793 5358 οὑκ
3834 5303 3894 5356 ἐκ

2322 5417 2463 5462 τινος
2508 5401 2565 5452 δὲ
2608 5398 2788 5462 αἰτίας
2832 5398 2966 5467 αὐτῇ
3018 5398 3348 5467 γενομένην,
3396 5396 3559 5466 φύσιν
3604 5386 3894 5463 καλοῦμεν.

2324 5492 2609 5561 Παρὴκται
2651 5491 2710 5543 δὲ
2752 5489 2882 5543 αὑτὸ
2924 5477 3004 5542 ἰδ’
3030 5490 3203 5558 ὄνομα
3247 5491 3346 5559 τῆς
3393 5488 3607 5557 φύσεως
3650 5487 3800 5557 παρὰ
3836 5487 3897 5540 τὸ

2325 5582 2646 5651 πεφυκέναι,
2687 5582 2963 5634 τουτέστιν
3007 5582 3291 5651 ὑπάρχειν.
3319 5582 3483 5634 Ὥστε
3525 5580 3584 5632 τὸ
3626 5578 3758 5633 αὑτὸ
3801 5595 3894 5646 ση-

2330 5676 2508 5748 μαίνει
2539 5677 2596 5729 τὸ
2627 5675 2795 5746 ὄνομα
2825 5675 2923 5744 τῆς
2955 5674 3139 5740 οὐσίας
3174 5673 3263 5728 καὶ
3295 5673 3393 5745 τῆς
3423 5675 3635 5743 φύσεως
3663 5689 3676 5703 ·
3710 5671 3768 5725 τὸ
3799 5672 3893 5742 μὲν
