4010 6336
122 197 206 262 129
1421 188 1667 253 DISPU’

1771 185 1889 249 1‘10
1930 185 1981 247 I.

3240 191 3345 256 ιτα)

118 309 244 382 παρὰ
268 306 326 362 τὸ
351 302 519 375 εἶναι,
547 307 609 362 τδ
638 307 695 362 δὲ
724 307 878 379 παρὰ
904 306 967 361 ab
999 307 1318 379 πεφυκέναι.
1349 305 1660 377 Ἀμφότερα

1771 309 2055 371 utrumque
2101 300 2390 356 deductum
2433 315 2464 357 a
2511 301 2690 358 verbis
2740 303 2890 371 paria
2934 302 3345 373 denotantibus.

113 405 163 456 6}
187 401 385 471 δηλοῦσι
419 402 522 474 τὴν
555 401 810 472 ὓπαρξιν.
845 402 921 455 Oti
957 402 1117 471 μόνον
1146 401 1203 455 δὲ
1235 400 1494 471 ὀνόματι,
1527 398 1662 452 ἀλλὰ

116 495 687 564 καὶπρὰγματιταυτόν
712 496 864 548 ἐστιν
889 493 923 564 ὴ
951 494 1110 547 οὑσία
1141 493 1238 546 καὶ
1267 491 1455 561 φύσις,
1484 491 1518 561 ἢ
1552 492 1580 544 ὃ
1606 506 1659 542 τι

114 585 272 654 ίγτύς.
306 586 376 638 Οὑ
415 584 526 656 γὰρ
560 586 660 656 τὴν
699 585 916 654 κίνησιν
952 585 1123 656 αὑτὴν
1158 585 1250 638 καὶ
1289 583 1386 654 τὴν
1423 583 1662 653 ἠρεμίαν

114 677 201 726 stlta
225 678 558 745 πραγμάτων
591 676 755 744 φύσιν
785 677 1091 747 εἰρήκαμεν
1112 715 1127 738 ,
1156 674 1292 726 ἀλλὰ
1318 676 1416 744 τὴν
1445 673 1621 744 ἀρχὴν
1642 710 1658 737 ,

115 767 323 818 τουτέστι
358 765 456 833 τὴν
494 766 700 830 αἰτίαν,
742 766 864 819 καθ’
890 765 956 837 ἢν
993 766 1056 819 οὺ
1097 755 1238 818 κατὰ
1283 761 1659 832 συμϐεϐηκὸς,

113 852 494 916 ἁλλόὑσιωδῶς
539 855 596 906 αἱ
641 854 824 906 οὐσίαι
868 853 1146 907 κινοῦνται
1195 853 1293 907 καὶ
1338 851 1657 924 ἠρεμοῦσιν.

122 943 422 1007 Ὑπόστασις
457 944 515 997 δέ
549 949 670 998 ἐστι
703 946 935 1017 πρᾶγμα
973 945 1219 1015 ὑφεστὼς
1246 962 1305 998 τε
1343 943 1436 997 καὶ
1468 943 1663 996 οὐσιῶ-

114 1037 205 1099 δες,
232 1037 287 1086 ὲν
313 1030 355 1102 ᾧ
382 1039 441 1090 τὸ
465 1038 578 1089 τῶν
608 1038 1034 1108 συμὸεόηκότων
1060 1037 1356 1109 ἄθροισμα,
1389 1035 1464 1098 ὡς
1493 1036 1550 1088 ὲν
1581 1036 1663 1088 ἑνὶ

116 1127 459 1199 ὑποκειμένῳ,
516 1130 808 1199 πράγματι
868 1131 962 1184 καὶ
1021 1130 1272 1201 ἐνεργείᾳ
1323 1127 1658 1197 ὑφέστηκεν.

119 1221 280 1271 Ἔστιν
302 1218 390 1273 οὖν
416 1225 447 1291 η
478 1222 640 1285 οὐσία
664 1223 797 1275 αὑτὸ
823 1223 883 1276 τὸ
907 1221 967 1275 δν
996 1224 1252 1294 πρᾶγμα,
1282 1223 1315 1291 ἡ
1339 1222 1396 1274 δὲ
1426 1220 1664 1274 ὑπόστα-

116 1326 181 1373 σις
209 1313 298 1365 καὶ
324 1313 455 1365 αὑτδ
482 1315 540 1366 τὸ
569 1315 649 1378 ὃν,
679 1317 773 1368 καὶ
801 1315 868 1368 τὰ
894 1316 1089 1382 τούτῳ,
1115 1315 1191 1378 ὡς
1219 1313 1360 1368 κατὰ
1391 1311 1664 1383 συμὸιόη-

116 1403 205 1466 κὸς,
236 1403 692 1476 ἐπιθεωρούμενα.
735 1408 1034 1479 Πρόσωπον
1070 1406 1126 1460 δέ
1154 1410 1326 1473 ἐστιν,
1363 1405 1392 1459 ὃ
1428 1405 1517 1458 διὰ
1551 1405 1661 1458 τῶν

113 1493 297 1546 οὲκείων
341 1496 736 1568 ἐνεργημάτων
782 1515 842 1552 τε
902 1501 998 1552 καὶ
1051 1499 1358 1570 ἰδιωμάτων
1407 1497 1660 1567 ἀρίδηλον

112 1585 188 1635 καὶ
223 1591 660 1662 περιωρισμένην
698 1591 806 1644 τῶν
844 1591 1102 1661 ὁμοφυῶν
1140 1591 1308 1644 αὑτοῦ
1358 1591 1659 1660 παρέχεται

113 1679 192 1742 τὴν
223 1678 538 1747 ἐμφάνειαν.
577 1677 703 1734 Οἶον
737 1681 958 1754 Μιχαὴλ
992 1684 1021 1735 ό
1060 1683 1424 1755 ἀρχάγγελος,
1458 1685 1546 1736 ὅτε
1582 1683 1662 1752 τῷ
1697 1675 1736 1734 Β

111 1767 312 1838 iubar?
339 1770 637 1843 διεκρίνετο
664 1776 795 1843 περὶ
822 1775 918 1828 τοῦ
949 1777 1228 1840 Μωὺσέως
1262 1774 1535 1843 σώματος,
1565 1775 1659 1828 καὶ

113 1858 185 1908 ὅτε
213 1859 302 1922 τὰς
342 1860 494 1925 θείας
528 1865 744 1928 ὲκείνας
781 1868 1112 1936 προρρήσεις
1147 1865 1411 1933 ἐνέπτησε
1445 1863 1520 1934 τῷ
1554 1866 1661 1917 Λα·

114 1950 229 2019 νιηλ,
255 1951 310 2003 ἓν
342 1956 635 2022 πρόσωπον
665 1957 1103 2028 ἀποκεκριμένον
1131 1957 1238 2010 τῶν
1264 1956 1464 2010 λοιπῶν
1493 1959 1661 2025 άγγέ-
1723 1971 1734 1978 ·

113 2038 198 2090 λων
220 2039 341 2094 ὄντα
369 2044 501 2112 ἡμῖν
528 2045 762 2100 ἐδείκνυ.
800 2047 866 2099 'H
894 2046 987 2099 οὑν
1014 2046 1102 2100 διὰ
1130 2047 1228 2118 τῆς
1255 2047 1535 2118 ἐνεργείας
1566 2052 1657 2117 ἐγ-

112 2130 337 2201 γινομένη
367 2133 511 2198 τινὸς
543 2137 679 2206 ημῖν
708 2137 908 2204 γνῶσις
941 2138 1232 2208 πρόσωπον
1257 2139 1417 2192 τοῦτο
1441 2139 1572 2191 αὑτὸ
1600 2141 1660 2192 τὸ

112 2219 335 2290 ἐνεργοῦν
366 2223 551 2276 καλεῖν
583 2227 733 2295 ἡμᾶς
771 2226 1097 2280 ἐκδιδάσκει.
1132 2227 1243 2279 Καὶ
1273 2226 1431 2278 τοῦτο
1463 2226 1528 2278 ὲκ
1560 2226 1656 2295 τῆς

113 2313 212 2364 κατ’
233 2312 482 2385 αἴσθησιν
522 2319 777 2385 γνώσεως
820 2320 914 2372 ἐπὶ
949 2319 1048 2389 τὴν
1087 2319 1208 2371 κατ’
1239 2318 1449 2371 ἔννοιαν
1489 2319 1657 2389 μετή-

113 2400 193 2472 χθη
212 2405 268 2456 τὸ
289 2405 482 2477 ὄνομα.
514 2410 733 2482 Ἐπειδὴ
763 2411 870 2480 γὰρ
895 2413 1025 2473 τοὺς
1051 2410 1173 2463 καθ’
1196 2412 1426 2465 ἕκαστον
1450 2411 1659 2480 ἀνθρώ-

113 2509 221 2559 πους
243 2499 302 2551 ὲκ
323 2499 423 2568 τῆς
450 2503 881 2573 ὲπιφαινομένης
908 2504 1121 2572 ἑκάστῳ
1150 2504 1294 2566 ἰδέας
1317 2503 1426 2555 τῶν
1453 2503 1658 2570 προσώ-ι

112 2601 206 2639 πων
240 2589 344 2642 τῶν
385 2591 588 2644 λοιπῶν
629 2592 934 2664 ἀνθρώπων
975 2595 1345 2665 διακρίνομεν,
1381 2596 1521 2647 κατὰ
1560 2593 1658 2663 τὴν

113 2677 336 2750 ἑπισολὴν
369 2682 474 2751 ’τῆς
513 2684 762 2754 ὁράσεως
785 2702 798 2716 ·
833 2670 1026 2738 τούτου
1065 2687 1225 2756 χάριν
1265 2685 1359 2739 καὶ
1395 2686 1456 2738 τὸ
1490 2685 1660 2739 διὀί-

112 2769 249 2822 κείων
290 2774 584 2844 ἐνεργειῶν
631 2791 692 2828 τε
739 2776 834 2829 καὶ
883 2775 1158 2846 ίδιοτητων
1203 2777 1311 2830 τῶν
1357 2777 1658 2844 ὁμοουσίων

111 2859 458 2935 διαιρούμενον
501 2866 793 2937 πρόσωπον
833 2867 1192 2937 ἐκαλέσαμεν.
1235 2869 1341 2920 Καὶ
1379 2867 1518 2937 αὑτη
1560 2871 1659 2940 μὲν

114 2954 260 3020 ήτοῦ
296 2957 591 3033 προσώπρυ
638 2959 965 3031 ὑπογραφή·
1008 2959 1153 3013 δοκεί
1196 2959 1253 3013 δέ
1303 2977 1421 3023 πως
1462 2960 1656 3013 ταυτὸν

119 3049 375 3117 πμαίνειν
401 3053 466 3121 τῇ
499 3028 818 3115 ὑποστάσει,
850 3028 882 3121 ἢ
915 3028 1128 3121 μικρὸν,
1162 3052 1195 3121 ἢ
1229 3051 1380 3103 οὐδὲν
1408 3049 1662 3103 stam:-
1687 3028 1747 3092 ο·

114 3153 224 3193 τιιν.
251 3141 452 3195 Τούτου
488 3145 942 3214 προεγνωσμένου
974 3146 1139 3215 ἡμῖν,
1174 3143 1256 3196 ὅτι
1287 3144 1480 3197 τιυτόν
1511 3145 1661 3197 ἐστιν

114 3229 245 3284 οὐσία
271 3237 337 3304 τῇ
369 3233 552 3302 φύσει,
585 3236 680 3289 καὶ
713 3240 744 3304 ἡ
777 3234 1072 3299 ὑπόστασις
1106 3235 1184 3308 τῷ
1214 3234 1528 3306 προσώπῳ,
1562 3235 1664 3287 ὃσα

117 3324 220 3391 περὶ
248 3326 343 3395 τῆς
380 3327 565 3389 οὑσίας
605 3327 958 3400 λεχθήσεσθαι
1002 3329 1222 3397 μέλλει,
1261 3328 1434 3380 ταῦτα
1472 3329 1564 3381 καὶ
1595 3330 1662 3399 τῇ

117 3416 253 3481 φύσει
297 3424 782 3492 προσαρμοστέον,
830 3423 925 3476 καὶ
967 3423 1068 3476 ὅσα
1111 3423 1239 3492 περὶ
1281 3421 1658 3486 ὑποστάσεως,

118 3505 263 3561 ταῦτα
290 3511 384 3562 καὶ
410 3510 488 3582 τῷ
521 3511 820 3584 προσώπῳ.

183 3599 234 3652 ’0
292 3601 453 3656 ΚΑΘ.
515 3604 928 3676 Ἐπιστημόνως
981 3605 1031 3659 οι
1092 3605 1336 3676 Πατὲρες
1393 3605 1664 3676 ὡρίσαντο

116 3690 281 3756 ταῦτα,
319 3693 414 3747 καὶ
451 3695 916 3767 διηυκρινημένην
953 3699 1052 3768 τὴν
1093 3697 1297 3751 τούτων
1340 3699 1665 3769 ἐποιήσαντο

118 3785 410 3857 ὶρμηνείαν.
461 3787 608 3858 Πλὴν
660 3787 850 3860 seem
893 3791 986 3845 ttat
1033 3791 1258 3860 χρήσεις
1310 3789 1522 3856 αὑτῶν,
1575 3789 1664 3842 ἴνα

118 3878 236 3942 γνῶ,
282 3877 401 3941 πῶς
442 3879 618 3933 ταῦτα
663 3879 973 3960 ἐκδέχονται
1021 3880 1430 3949 θεολογοῦντες,
1475 3881 1551 3943 ὡς
1597 3880 1665 3934 ἂν

121 3968 236 4020 κατὰ
261 3968 354 4023 τὸν
390 3969 594 4022 σκοπὸν
630 3969 811 4024 αὑτῶν
845 3972 940 4022 καὶ
975 3972 1136 4042 ἡμεῖς
1174 3969 1536 4040 ποιησώμεθα
1563 3970 1665 4043 τὴν

120 4056 345 4124 διάλεξιν.

186 4152 240 4208 '0
278 4155 476 4210 ΘΕΩΡ.
523 4156 586 4208 Ol
632 4153 942 4208 διδάσκαλοι
984 4153 1081 4225 τῆς
1124 4152 1452 4224 Ἐκκλησίας
1493 4151 1663 4216 οὑτως

121 4246 234 4299 αὐτὰ.
258 4246 719 4319 ἐκλαμϐάνουσιν,
748 4248 822 4310 ὡς
851 4242 1006 4300 εῐπεν
1035 4249 1068 4317 η
1100 4245 1376 4316 ἁγιωσὺνη
1406 4263 1499 4299 σου
1527 4245 1666 4297 ἀνω-

123 4338 240 4409 τέρω
261 4355 276 4370 ·
307 4341 409 4409 τὴν
440 4340 542 4409 μὲν
570 4338 761 4393 οὑσίαν
793 4341 885 4392 καὶ
914 4339 1010 4409 τὴν
1042 4337 1204 4407 φύσιν
1234 4337 1327 4389 ἐπὶ
1356 4336 1465 4391 τῶν
1497 4337 1662 4389 καθό-
1697 4373 1740 4428 D

123 4428 228 4496 λου,
267 4430 362 4501 τὴν
407 4429 710 4483 ὑπόστασιν
748 4430 805 4483 δὲ
850 4429 946 4484 καὶ⁵
986 4430 1046 4482 τὸ
1089 4429 1382 4500 πρόσωπον
1427 4430 1520 4482 ἐπὶ
1558 4429 1666 4482 τῶν

122 4521 220 4574 καθ’
243 4522 495 4576 ικαστον.

186 4614 238 4666 Ὀ
267 4613 426 4668 ΚΑΘ.
462 4613 606 4666 Αὑτδ
639 4613 797 4666 τοῦτο
834 4612 982 4683 ζητῶ
1019 4612 1295 4683 δειχθῆναι
1336 4628 1427 4682 μοι
1457 4613 1522 4664 ὲκ
1556 4611 1668 4666 τῶν

125 4705 375 4776 χρήσεων,
403 4707 498 4760 καὶ
533 4706 676 4775 μετὰ
703 4703 878 4759 ταῦτα
911 4707 1004 4758 οὑν
1033 4703 1151 4775 Θεῷ
1182 4703 1462 4775 ἀρξόμεθα
1497 4702 1665 4773 συξη-

123 4801 216 4850 τείν
238 4803 363 4872 περὶ
388 4794 464 4855 ὧν
492 4797 952 4869 συνεληλύθαμεν.

189 4892 240 4944 ὐ
284 4891 481 4946 ΘΕΩΡ.
529 4892 569 4944 Γ
572 4891 776 4944 ενέσθω
819 4892 914 4943 καὶ
955 4889 1134 4956 τοῦτο,
1180 4889 1302 4944 ἐπεί
1350 4907 1432 4943 σοι
1477 4889 1663 4943 δοκεῖ’

124 4988 198 5036 καὶ
221 4987 427 5058 παρίτω
454 4987 534 5047 είς
566 4986 734 5055 μέσον
757 4983 786 5036 ό
807 4984 884 5053 τῷ
913 4981 1026 5035 ὄντι
1057 4982 1495 5051 φιλοσοφώτατος
1523 4982 1666 5041 θεῖος

127 5074 393 5140 Βασίλειος.
424 5073 592 5140 Οὗτος
623 5067 756 5147 γὰρ,
786 5075 921 5147 πρὸς
951 5074 1234 5146 Τερέντιον
1263 5076 1510 5143 γράφων,
1541 5074 1666 5126 τάδε

129 5169 233 5235 φησὶ
256 5188 267 5198 ·
309 5170 442 5240 Περὶ
469 5169 528 5221 δὲ
557 5167 656 5221 τοῦ
688 5166 823 5220 Θεοῦ
853 5167 934 5220 ὅτι
964 5166 1118 5219 οὐσία
1149 5166 1243 5217 καὶ
1276 5164 1573 5225 ὑπόστασις
1603 5164 1665 5215 οὑ

128 5263 291 5313 ταύτόν
319 5265 458 5326 ἐστι,
490 5261 584 5312 καὶ
609 5257 786 5325 αὑτοὶ,
814 5259 891 5322 ὡς
919 5257 1144 5327 νομίζω,
1176 5259 1593 5326 ἐπεσημήναντο
1617 5257 1665 5308 οί

128 5352 211 5406 ἀπὸ
242 5355 338 5423 τῆς
373 5355 579 5416 δύσεως
613 5351 851 5420 ἀδελφοί.
888 5352 960 5404 Τὸ
993 5351 1178 5403 στενὸν
1209 5351 1317 5419 γὰρ
1351 5350 1448 5418 τῆς
1486 5348 1667 5402 αὐτῶν

126 5442 338 5514 γῖώττης
378 5443 743 5516 ὑφορώμενοι,
783 5443 842 5496 τδ
877 5443 979 5512 τῆς
1015 5442 1199 5504 οὐσίας
1240 5441 1410 5508 ὄνομα
1449 5441 1514 5509 τῇ
1550 5438 1666 5491 Ἑλ-

129 5531 223 5587 λάδι
244 5542 390 5609 φωνῇ
424 5534 894 5606 παραδεδώκασιν,
919 5535 1006 5588 ἵνα
1029 5535 1082 5587 εί
1101 5551 1185 5596 τις
1208 5536 1291 5602 είη
1315 5532 1544 5602 διαφορὰ
1570 5532 1666 5601 τῆς

129 5628 327 5698 δννοίας,
363 5633 589 5697 σώζοιτο
616 5633 756 5703 αὑτῇ
786 5633 842 5686 ιν
868 5633 933 5703 τῇ
963 5631 1202 5699 εὑκρινεῖ
1229 5626 1518 5698 ἀσυγχύτῳ
1546 5625 1664 5678 δια-

1765 405 1819 448 et
1874 393 2168 449 exsistcndi
2237 393 2686 464 signiﬁcationem
2746 393 3090 450 habentibus.
3158 394 3345 466 Neque

1767 496 1971 541 tantum
2002 488 2216 542 neruine
2248 498 2400 541 tenus
2429 486 2571 542 idem
2593 501 2677 543 est
2707 489 3006 543 substantia
3045 499 3100 542 et
3130 500 3344 558 natura,

1764 580 1858 635 sed
1886 579 2050 634 etiam
2084 595 2180 646 re;
2211 589 2304 634 aut
2344 579 2534 635 saltem
2567 581 2874 651 proximum
2907 581 3183 649 quiddam.
3223 582 3346 638 Non

1763 671 1907 727 enim
1957 681 2162 725 motum
2203 671 2399 742 ipsum,
2443 681 2498 727 et
2539 672 2777 742 quietem
2831 688 3039 738 rerum,
3094 683 3344 730 naturam

1763 777 1884 818 esse
1934 763 2224 819 diximus:
2286 763 2382 818 sed
2432 763 2797 833 principium,
2850 764 2953 819 hoc
2991 776 3075 820 est
3124 780 3348 822 causam

1763 858 2066 914 secundum
2101 871 2264 927 quam
2299 869 2404 910 non
2438 854 2827 922 accidentarie,
2865 855 2959 911 sed
3010 855 3350 912 substantia-

1761 949 1890 1006 liter
1921 961 2211 1005 moventur
2237 958 2292 1004 et
2325 949 2612 1018 quiescunt
2657 947 2999 1002 substantiae.
3033 947 3349 1020 Hypostasis

1762 1050 1969 1107 autem,
2002 1051 2085 1107 est
2120 1054 2211 1095 res
2261 1039 2537 1094 exsistens
2578 1050 2632 1093 et
2684 1040 3082 1106 substantialis,
3137 1043 3192 1094 in
3243 1057 3348 1110 qua

1761 1136 2042 1205 congeries
2076 1136 2475 1199 accidentium',
2511 1143 2788 1203 tanquam'
2819 1135 2874 1190 in
2925 1151 3034 1189 uno
3079 1137 3348 1206 subjecto,

1765 1242 1821 1282 re
1847 1236 1904 1282 et
1929 1227 2118 1282 eﬂ'eetu
2147 1227 2385 1283 exsistit.
2417 1225 2598 1294 Itaque
2625 1227 2925 1280 substantia
2955 1237 3040 1281 est
3074 1227 3203 1299 ipsa.
3231 1243 3343 1297 res,

1762 1333 1882 1389 qua:
1922 1319 2177 1384 exsistit;
2210 1319 2521 1390 bypostasis
2552 1331 2702 1383 vero,
2735 1328 2844 1371 tum
2897 1317 2953 1373 id
2995 1319 3140 1388 quod
3190 1321 3345 1374 exsi-

1763 1414 1879 1481 stit,
1931 1423 2042 1468 tum
2068 1428 2190 1484 qua:
2220 1414 2271 1466 in
2304 1426 2370 1466 eo
2397 1410 2562 1466 veluti
2589 1424 2686 1479 per
2711 1409 2965 1465 accidens
2997 1411 3352 1466 consideran-

1764 1514 1872 1562 tur.
1907 1505 1978 1560 At
2035 1520 2265 1576 persona
2311 1511 2414 1568 est,
2454 1503 2504 1556 id
2534 1501 2678 1574 quod
2727 1518 2823 1571 per
2869 1503 3113 1560 actiones
3138 1515 3192 1559 et
3216 1520 3349 1574 pro-

1763 1598 2024 1670 prietates
2071 1613 2220 1660 suas,
2256 1596 2606 1651 manifestum
2654 1605 2705 1650 et
2753 1595 3073 1651 distinctum
3106 1596 3176 1652 ab
3204 1597 3350 1664 aliis,

1766 1689 2005 1756 ejusdem
2051 1697 2260 1744 natura:
2287 1687 2656 1754 consortibus,
2706 1686 2968 1740 indicium
3003 1689 3085 1741 sui
3121 1691 3348 1756 pmbet.

1767 1780 1944 1836 Veluti
1977 1779 2274 1834 Michaelus
2299 1777 2677 1849 archangelus,
2697 1791 2820 1832 cum
2845 1777 2912 1832 de
2934 1792 3163 1846 corpore
3184 1779 3350 1834 Mosis

1767 1874 2030 1928 adversus
2068 1857 2346 1926 diabolum
2377 1869 2737 1938 disceptabat,
2774 1878 2828 1922 et
2865 1884 2986 1922 cum
3026 1869 3206 1924 divina
3243 1869 3351 1923 Da-

1769 1963 1894 2021 nieli
1948 1964 2167 2019 oracula
2218 1962 2522 2032 pandebat',
2555 1976 2715 2015 uuam
2751 1976 2811 2016 se
2845 1961 3004 2016 nobis
3033 1978 3349 2031 personam,

1767 2074 1796 2113 a
1821 2057 2032 2114 caeteris
2061 2066 2323 2112 secretam
2373 2055 2599 2125 angelis,
2636 2055 2992 2108 monstrabat.
3028 2055 3213 2124 Itaque
3255 2071 3352 2113 co.

1767 2147 1938 2220 gnitio
1967 2147 2230 2218 alicujus,
2261 2160 2425 2216 quam
2480 2158 2544 2198 ex
2594 2143 2790 2200 eﬂectu
2840 2145 3255 2214 conSequimur,
3290 2157 3352 2202 ut

1767 2238 1882 2306 ejus
1933 2235 2110 2292 elTecti
2174 2246 2453 2291 auctorem
2504 2249 2790 2303 personam
2841 2250 3118 2304 vocemus,
3169 2240 3350 2295 docet.

1767 2331 1942 2397 Atque
1989 2329 2094 2384 hoc
2130 2343 2326 2384 nomen
2356 2343 2384 2381 a
2414 2329 2746 2397 cognitione,
2778 2344 2900 2399 quae
2944 2344 3111 2385 sensu
3166 2331 3246 2398 (lt,
3277 2332 3346 2387 ad
3418 2388 3420 2391 .

1765 2432 1906 2483 eam,
1939 2435 2058 2488 qua:
2117 2420 2177 2472 iit
2234 2429 2436 2482 mente,
2490 2417 2811 2471 translatum
2868 2429 2971 2473 est.
3016 2420 3151 2474 Cum
3201 2420 3344 2475 enim

1765 2510 2007 2579 singulos
2042 2511 2314 2575 homines,
2353 2524 2447 2577 per
2477 2508 2863 2576 aspectabilem
2896 2509 3140 2564 vultuum
3171 2509 3349 2579 cujus-

1767 2617 1874 2672 que
1911 2603 2158 2666 iortnam,
2184 2617 2252 2656 ex
2279 2601 2560 2656 oculorum
2595 2602 2793 2656 intuitu
2823 2600 3049 2671 reliquis
3078 2603 3144 2655 ab
3171 2603 3347 2656 homi-

1765 2697 1925 2749 nibus
1954 2708 2345 2751 secernamus:
2380 2693 2586 2749 idcirco
2613 2703 2668 2750 et
2700 2696 2776 2760 id,
2801 2695 2946 2764 quod
2982 2709 3075 2764 per
3107 2695 3350 2750 actiones

1766 2799 1829 2840 ac
1863 2785 2224 2854 proprietates
2246 2799 2377 2840 suas
2399 2786 2466 2840 ab
2490 2785 2726 2852 ejusdem
2753 2785 3079 2840 substantia:
3118 2798 3348 2840 consor-

1767 2877 1909 2932 tibus
1967 2878 2291 2947 sejungitur,
2345 2891 2631 2946 personam
2693 2878 3109 2946 appellavimus.
3170 2878 3350 2945 Atque

1767 2964 1880 3020 han:
1911 2979 2151 3035 personae
2174 2965 2464 3032 descriptio
2500 2975 2603 3019 est.
2643 2964 2870 3020 Videtur
2899 2977 3078 3018 autem
3108 2968 3343 3036 quodam

1765 3058 1925 3112 modo
1952 3057 2090 3111 idem
2117 3056 2446 3125 signiﬁcare,
2471 3056 2612 3124 quod
2641 3055 2954 3125 hypostasis
2977 3071 2990 3108 :
3017 3065 3108 3107 aut
3131 3069 3346 3123 parum,

1763 3157 1860 3202 aut
1888 3147 2020 3203 nihil
2053 3145 2289 3201 diuit-re.
2319 3145 2480 3201 Hisce
2512 3145 2878 3216 praecognitis,
2916 3145 3056 3200 idem
3082 3145 3344 3201 nimirum

1765 3251 1887 3292 esse
1916 3238 2304 3303 substantiam,
2339 3237 2481 3306 quod
2530 3246 2798 3300 naturam,
2830 3236 2973 3291 idem
3009 3238 3346 3306 bypostasin,
3445 3269 3450 3284 ι

1764 3329 1904 3398 quod
1924 3342 2212 3397 personam
2237 3371 2252 3395 ,
2283 3343 2618 3399 quacunque
2647 3330 2714 3383 de
2737 3329 3048 3383 substantia
3072 3328 3345 3396 dicentur,

1770 3420 2004 3486 aptanda
2053 3431 2261 3474 natura:
2290 3437 2303 3474 :
2332 3427 2384 3475 et
2415 3433 2748 3489 quaecunque
2798 3420 2864 3475 de
2885 3420 3190 3490 hypostasi,
3219 3435 3348 3490 per-

1769 3525 1940 3566 80118.
3080 3572 3088 3580 .

1835 3600 1995 3658 GEN.
2049 3601 2195 3658 Sane
2243 3617 2406 3670 quam
2460 3601 2677 3657 erudite
2728 3601 2920 3656 Patres
2979 3604 3092 3655 haec
3124 3601 3351 3657 deﬁnie-

1765 3704 1894 3750 runt
1946 3704 2003 3749 et
2066 3695 2352 3764 perspicue
2418 3693 2782 3749 declararunt.
2821 3693 2927 3748 Sed
2981 3693 3229 3762 equidem
3291 3704 3351 3749 et

1765 3783 2120 3841 auctoritates
2179 3785 2422 3852 ipsorum
2491 3783 2748 3852 dictaque
2801 3783 3061 3850 requiro,
3135 3789 3193 3836 ut
3240 3796 3349 3851 quo

1765 3887 1923 3944 pacto
1956 3877 2068 3931 haec
2115 3875 2181 3929 de
2227 3874 2336 3930 Deo
2365 3882 2764 3944 pertractantes
2812 3872 3106 3940 accipiant,
3146 3872 3346 3927 intelli-

1764 3982 1884 4036 gam
1919 3983 1934 4021 :
1971 3977 2026 4020 et
2080 3980 2180 4020 nos
2220 3980 2434 4035 quoque
2459 3965 2611 4035 juxta
2652 3977 2874 4033 scopum
2925 3977 3144 4029 eorum,
3177 3963 3350 4019 collo-

1766 4059 1950 4123 quium
1982 4057 2085 4112 hoc
2114 4058 2494 4112 inStituamus.

1836 4147 2090 4205 THEOR.
2148 4149 2401 4205 Ecclesia:
2466 4151 2716 4204 doctores
2781 4146 2897 4200 haec
2953 4147 3050 4208 ita,
3107 4147 3184 4200 t-zi
3220 4159 3350 4200 san-

1767 4238 1928 4294 etitas
1971 4247 2058 4292 tua
2104 4252 2267 4308 supra
2340 4236 2515 4303 dixit,
2588 4236 2907 4306 accipiunt;
2983 4235 3348 4289 substantiam

1768 4330 1996 4394 scilicet,
2033 4344 2097 4385 ac
2122 4319 2382 4383 naturam
2430 4330 2497 4383 de
2547 4328 2987 4392 universalibus;
3027 4326 3346 4397 hypostasiu

1769 4429 1822 4477 et
1850 4436 2165 4493 personam,
2192 4422 2261 4477 de
2287 4421 2682 4492 singularibus.

1837 4603 1997 4669 GEN.
2035 4610 2147 4666 Hoc
2180 4610 2356 4681 ipsum
2391 4609 2526 4664 mihi
2578 4608 2644 4664 de
2699 4608 2920 4663 Patrum
2969 4607 3134 4664 dictis
3189 4623 3347 4662 ruon-

1767 4706 1931 4760 strari
1978 4706 2159 4775 cupio,
2206 4720 2270 4758 ac
2321 4703 2515 4757 deinde
2570 4703 2678 4756 Deo
2729 4702 2964 4771 prepitio
3014 4700 3252 4770 colloqui
3281 4700 3348 4755 de

1769 4793 1833 4846 iis
1869 4793 2206 4862 incipiemus,
2239 4804 2470 4862 quorum
2497 4804 2660 4844 causa
2693 4791 3067 4843 convenimus.

1837 4885 2089 4942 THEOR.
2122 4885 2241 4938 Fiat
2291 4885 2342 4938 id
2397 4897 2615 4952 quoque
2655 4886 2868 4947 quando
2917 4885 2997 4936 sic
3049 4883 3142 4937 tibi
3193 4881 3346 4937 vide-

1768 4990 1854 5036 tur
1916 4998 1929 5034 :
1992 4978 2232 5048 adeoque
2280 4977 2504 5046 prodeat
2574 4977 2628 5031 in
2704 4976 2936 5030 medium
2998 4974 3348 5030 doctissimus

1770 5087 1958 5142 reapse
1982 5072 2137 5125 divus
2166 5070 2256 5123 ille
2296 5067 2546 5123 Basilius.
2575 5067 2713 5120 Nam
2759 5067 2900 5136 ejus,
2932 5066 2994 5118 ad
3028 5065 3345 5120 Terentium

1767 5163 2077 5226 scribentis,
2127 5162 2239 5215 haec
2291 5161 2450 5215 verba
2502 5166 2676 5213 sunt:
2737 5155 2852 5210 Non
2904 5156 3042 5210 idem
3094 5171 3240 5222 esse,
3278 5158 3350 5212 de

1771 5258 1879 5314 Deo
1927 5271 2046 5311 cum
2104 5255 2398 5324 loquimur,
2455 5253 2811 5307 substantiam
2863 5258 2916 5304 et
2973 5251 3336 5321 bypostaain:

1768 5347 1926 5401 etiam
1959 5345 2082 5414 ipsi,
2119 5360 2234 5398 mea
2283 5343 2503 5411 quidem
2539 5341 2812 5409 opinione,
2847 5338 3038 5395 fratres
3078 5341 3344 5396 Occiden-

1770 5437 1903 5491 tales
1935 5436 2264 5490 indicaruut.
2295 5431 2428 5487 Nam
2460 5433 2656 5502 lingua:
2684 5447 2797 5487 suae
2841 5433 3146 5500 angustiam
3191 5447 3345 5485 reve-

1767 5519 1879 5595 ri‘t'i,
1913 5529 2085 5598 ipsum
2120 5527 2252 5581 usite
2280 5539 2473 5580 nomen
2503 5525 2684 5594 lingua
2725 5525 2910 5578 Graeca
2963 5528 3340 5589 reposuerunt,

1769 5632 1826 5679 ut
1850 5623 1894 5677 si
1921 5621 2064 5692 quod
2097 5621 2153 5675 iu
2185 5633 2348 5676 sensu
2377 5619 2668 5674 discrimen
2703 5625 2871 5679 esset,
2904 5617 2953 5669 id
2985 5615 3032 5669 ei
3059 5613 3344 5682 perspicua
