4010 6336
556 4699 557 4702 η
661 4676 892 4741 impulit,
931 4673 1024 4741 qui
1052 4673 1324 4741 opinionis
1355 4673 1649 4745 contraria
1691 4672 2059 4741 suspicionem
2089 4673 2156 4726 de
2183 4685 2243 4727 se

649 247 750 317 13!

1983 197 1986 206 ’
2079 242 2512 306 mmmam

3829 241 3936 309 13$

646 366 979 432 minimeque
1000 361 1226 417 confusa
1249 377 1440 417 vocum
1474 360 1794 417 diversitate
1816 359 2026 416 salvum
2056 371 2224 418 esset.

2343 359 2521 413 πάσει
2551 357 2662 412 τῶν
2693 358 2994 431 ὀνομάτων.
3028 360 3089 415 Ei
3121 358 3176 416 δὲ
3209 361 3290 415 δεῖ
3325 363 3415 415 καὶ
3454 360 3597 432 ἡμᾶς
3633 361 3690 414 ἐν
3723 359 3937 431 βραχεῖ

645 459 705 512 Si
767 465 952 511 tamen
1008 464 1064 509 et
1105 453 1263 508 nobis
1299 453 1589 508 indicanda
1653 454 1842 522 paucis
1899 461 2083 507 nostra
2142 463 2227 508 est

643 546 853 617 opinio,
880 545 1124 599 dicemus
1171 559 1288 597 eam
1333 543 1653 598 substantiae
1701 541 1966 596 rationem
2007 555 2129 596 esse
2157 543 2225 596 ad

647 635 983 708 hypostasin,
1033 650 1155 706 qua:
1198 635 1274 688 rei
1302 636 1607 689 communis
1645 633 1824 688 estad
1865 632 2227 703 peculiarem.

644 724 783 781 Nam
811 727 1048 797 quisque
1069 735 1315 781 nostrum
1351 737 1404 780 et
1427 727 1704 780 communi
1743 725 1952 779 ratione
1973 724 2230 781 substanv

647 816 758 877 tim,
796 815 1071 885 particeps
1115 825 1201 871 est
1232 814 1532 879 essentite;
1566 824 1623 866 et
1650 811 1721 866 ob
1765 811 2073 880 peculiares
2120 811 2228 868 sibi

649 901 1031 970 proprietates,
1058 901 1144 956 hic
1176 900 1258 955 vel
1291 901 1378 954 ilie
1410 913 1515 954 est.
1547 897 1639 953 Sic
1688 910 1742 953 et
1783 899 1880 965 ibi,
1909 899 2230 955 substantia

645 993 863 1059 quidem
921 992 1062 1047 ratio
1114 991 1423 1046 communis
1475 991 1828 1058 intelligatur,
1880 1000 1938 1044 ut
1990 992 2228 1055 bonitas,

646 1084 924 1150 divinitas,
979 1093 1072 1138 aut
1120 1085 1166 1138 si
1211 1084 1342 1153 quid
1393 1082 1575 1139 aliud:
1609 1082 1914 1152 hypostasis
1969 1097 2120 1144 vero,
2171 1083 2229 1143 in

647 1177 981 1244 proprietate
1007 1175 1370 1245 paternitatis,
1396 1184 1494 1228 aut
1514 1173 1788 1229 facultatis
1809 1174 2227 1241 sanctilicantis,

647 1266 911 1319 cernitur.
963 1265 1284 1320 Consimilia
1349 1265 1510 1319 verba
1571 1260 1699 1318 soni
1760 1264 2002 1332 ejusdem
2061 1264 2230 1323 divini

649 1357 911 1426 boniinis.
941 1356 1006 1409 atl
1038 1357 1504 1425 Amphilochium,
1536 1357 1907 1412 sanctissimae
1932 1356 2232 1413 iconiensis

647 1448 906 1504 Erclesite
931 1447 1135 1516 lumen,
1156 1449 1446 1504 scribentis
1478 1466 1494 1504 :
1527 1447 1850 1525 Substantia
1877 1458 1934 1503 et
1969 1450 2231 1518 hyposta-

647 1542 746 1604 sis,
781 1540 984 1609 inquit,
1020 1541 1093 1593 ita
1121 1535 1486 1595 diﬂerunt'nti
1509 1553 1800 1594 commune
1828 1553 1892 1595 ac
1918 1537 2226 1610 singulare:

601 1661 613 1676 ι
648 1641 801 1702 puta,
827 1645 948 1702 qua
975 1633 1235 1687 enitnalis
1257 1642 1344 1686 est
1378 1633 1444 1686 ad
1471 1648 1634 1686 unum
1668 1632 1905 1702 aliquem
1949 1633 2228 1690 hominem

2332 451 2395 506 τδ
2433 454 2566 524 ἡμῖν
2604 451 2798 506 δοκοῦν
2841 454 3040 518 εἰπεῖν,
3076 454 3253 508 ἐκεῖνο
3290 453 3546 524 ἐροῦμεν,
3580 454 3662 507 ὅτι
3703 453 3770 506 δν
3808 454 3937 523 εχει

2332 545 2490 612 λόγον
2521 545 2583 598 es
2624 545 2805 598 κοινὸν
2840 545 2977 616 πρὸς
3010 545 3072 598 τὸ
3108 545 3269 611 ῐδιον,
3303 546 3491 600 τοῦτον
3523 545 3638 616 ἔχει
3679 547 3713 617 ἡ
3758 545 3937 602 οὐσία

2334 638 2474 708 πρὸς
2518 636 2618 708 τὴν
2664 637 2986 691 ὑπόστασιν.
3013 637 3284 701 Ἕκαστος
3334 638 3443 708 γὰρ
3493 639 3650 708 ἡμῶν
3696 637 3794 692 καὶ
3851 637 3937 708 τῷ

2337 728 2500 799 κοινῷ
2532 732 2631 798 τῆς
2669 728 2860 792 οὐσίας
2903 722 3044 800 λόγῳ
3075 728 3175 805 τοῦ
3213 726 3356 782 εῖναι
3399 730 3639 801 μετέχει,
3678 731 3773 782 καὶ
3806 731 3938 792 τοῖς

2333 819 2502 874 αὑτοῦ
2541 820 2828 890 ίδιιὶιμασιν
2855 821 2883 874 ό
2914 820 3063 875 δεῖνά
3094 823 3210 874 ἐστι
3242 822 3342 888 καὶ
3367 823 3396 875 ό
3425 823 3574 900 δεῖνα
3593 837 3607 853 ·
3640 820 3788 874 οὕτω
3823 821 3938 874 κά-

2335 914 2424 965 κεῖ
2450 913 2479 964 ὁ
2513 911 2614 982 μὲν
2642 912 2744 982 τῆς
2772 912 2967 975 οὐσίας
2993 912 3149 980 λόγος
3181 913 3382 978 κοινὸς,
3413 906 3525 966 οἷον
3554 913 3588 984 ἡ
3620 911 3934 982 άγαθότης,

2335 1004 2370 1075 ὴ
2407 1003 2639 1074 θεότης,
2673 1004 2708 1076 ἢ
2743 1005 2798 1058 ει
2827 1021 2882 1058 τι
2916 1005 3081 1070 ἄλλο,
3119 1007 3308 1060 νοείτω
3334 1022 3349 1036 ·
3389 1007 3424 1076 ὴ
3461 1006 3505 1058 δ’
3527 1005 3834 1068 ὑπόστασις
3875 1005 3938 1056 ἐν

2334 1093 2414 1166 τῷ
2441 1094 2693 1165 ἰδιώματι
2716 1096 2815 1166 τῆς
2845 1097 3202 1169 πατρότητος,
3228 1097 3261 1168 ῆ
3288 1098 3385 1168 τῆς
3412 1096 3937 1169 ἁγιαστικῆςίδυνά-

2339 1203 2489 1258 μεως
2531 1186 2840 1257 θεωρεῖται.
2883 1186 2964 1241 Τά
3007 1188 3169 1258 ὃμοια
3212 1187 3269 1240 δὲ
3311 1189 3340 1240 ὸ
3382 1187 3546 1250 αὐτὸς
3592 1188 3736 1252 θεῖος
3778 1186 3937 1257 ἀνὴρ

2336 1277 2475 1348 πρὸς
2507 1277 2859 1348 ’Δμφιλόχιον
2886 1280 2975 1332 τὸν
3002 1281 3100 1351 τὴν
3126 1279 3439 1351 ἀγιωτά-την
3469 1279 3798 1351 Ἐκκλησίαν
3825 1278 3935 1332 τοῦ

2349 1369 2572 1423 Ἰκονίου
2600 1370 2917 1439 φωτίσαντα
2945 1371 3274 1426 ἐπιστέλλων
3304 1371 3470 1443 φησίν
3488 1389 3502 1402 ·
3534 1373 3705 1427 Οὐσία
3734 1371 3791 1426 δέ
3828 1372 3937 1427 καὶ

2337 1458 2640 1525 ὑπόστασις
2673 1461 2883 1533 ταύτην
2921 1462 3034 1533 ἔχει
3072 1464 3173 1534 τὴν
3210 1462 3495 1534 διαφορὰν,
3536 1464 3606 1535 ἢν
3641 1463 3704 1517 τὸ
3741 1465 3938 1518 κοινὸν

2337 1553 2475 1620 πρὸς
2513 1550 2575 1606 τὸ
2613 1552 2740 1607 καθ’
2779 1553 3034 1620 ἕκαστον,
3072 1547 3204 1620 οἷον,
3242 1554 3318 1620 ὡς
3357 1555 3471 1626 ἔχει
3505 1557 3569 1610 τὸ
3608 1547 3749 1622 ζῶον
3783 1555 3936 1626 πρὶς

2337 1644 2430 1698 τὸν
2457 1643 2605 1698 δεῖνα
2633 1644 2946 1716 ἄνθρωπον.
2975 1647 3076 1701 Διὰ
3102 1645 3262 1701 τοῦτο
3289 1648 3481 1703 οὐσίαν
3510 1647 3612 1720 μὲν
3643 1647 3774 1720 μίαν
3799 1647 3937 1702 Osti-

624 1725 811 1776 ‘rntio.
843 1721 1138 1792 Propterea
1163 1723 1523 1777 substantiam
1552 1723 1854 1780 divinitatis
1883 1737 2045 1778 unam
2063 1723 2232 1778 conii-

2343 1748 2494 1802 ιητος
2536 1733 2948 1805 ὁμολογοῦμεν,
2992 1736 3135 1792 ὥστε
3179 1737 3273 1792 τὸν
3312 1739 3407 1811 τοῦ
3451 1734 3595 1794 εἶναι
3636 1739 3798 1808 λόγον
3847 1740 3935 1811 μὴ

652 1829 828 1874 temur
862 1827 922 1872 ut
951 1810 1203 1875 essentia:
1233 1820 1374 1875 ratio
1409 1820 1634 1876 minime
1662 1820 1882 1876 diversa
1936 1819 2233 1890 reddatur:

651 1909 968 1980 bypostasin
989 1924 1124 1964 vero
1141 1910 1418 1979 singulare
1438 1911 1566 1980 quid
1593 1909 1845 1976 dicimus,
1873 1919 1934 1966 ut
1949 1910 2235 1969 inconfusa

649 2003 807 2057 lis-bi.
832 2012 889 2057 et
922 2001 1192 2073 explicata
1216 2006 1282 2058 de
1309 2003 1491 2070 Patre,
1519 2002 1680 2071 Filio,
1704 2013 2008 2076 sanctoque
2030 2003 2236 2075 Spiritu

648 2096 721 2150 sit
753 2095 921 2150 notio.
954 2095 1166 2164 Quippe
1208 2095 1254 2151 si
1285 2105 1568 2164 separatas
1607 2095 1874 2167 cujusque
1926 2103 2083 2156 notas
2129 2110 2237 2153 non

648 2190 1092 2252 consideremus,
1141 2196 1201 2241 ut
1252 2189 1660 2256 paternitatem,
1701 2197 1781 2243 .ut
1829 2188 2135 2260 tilictatem,
2178 2198 2238 2244 ut

650 2279 1184 2359 sanctiﬁcationem;
1228 2277 1326 2335 sed
1358 2280 1428 2334 de
1471 2278 1754 2334 communi
1785 2281 2010 2337 notione
2049 2293 2236 2336 essen-

651 2375 761 2441 tiaa,
795 2374 962 2428 Deum
985 2372 1347 2428 confiteamur
1373 2389 1389 2427 :
1421 2371 1538 2428 fieri
1569 2372 1720 2428 nullo
1759 2372 1930 2442 modo,
1961 2382 2143 2444 potest
2178 2382 2240 2430 ut

653 2474 800 2520 recte
831 2463 957 2520 ildei
996 2465 1140 2519 ratio
1193 2465 1474 2519 reddatur.
1525 2462 1715 2535 Itaque
1761 2479 1996 2523 necesse
2025 2474 2133 2529 est.
2167 2468 2236 2522 ad

651 2559 950 2612 commune
1013 2555 1224 2624 adjecto
1286 2555 1568 2626 peculiari,
1625 2559 1767 2611 hanc
1815 2557 1939 2613 iidei
1985 2571 2236 2613 normam

656 2646 968 2702 conﬁtendo
993 2647 1171 2716 sequi.
1207 2645 1510 2702 Commune
1535 2656 1618 2702 est
1649 2646 1929 2712 divinitas,
1965 2648 2239 2716 peculiare

651 2740 972 2809 paternitas.
1023 2738 1149 2795 Haec
1196 2743 1588 2810 coniungentes
1633 2741 1919 2797 dicamus:
1949 2735 2131 2795 Credo
2179 2739 2234 2795 in

651 2833 819 2887 Deum
838 2831 1076 2887 Patrem.
1109 2832 1318 2888 Rursus
1343 2832 1395 2886 in
1417 2831 1767 2887 confessione
1794 2830 1920 2885 Filii
1952 2830 2236 2886 consimile
2274 2901 2276 2904 ν

653 2926 768 2984 iiut,
796 2935 854 2977 et
903 2924 1180 2978 communi
1234 2923 1514 2993 peculiare
1566 2921 1886 2992 iungentes,
1938 2923 2232 2977 dicamus:

649 3015 828 3069 Credo
858 3016 910 3070 in
945 3017 1111 3070 Deum
1139 3014 1360 3071 Filium.
1393 3014 1658 3069 Similiter
1689 3023 1747 3068 et
1773 3016 1840 3069 de
1871 3006 2078 3084 Spiritu
2104 3028 2236 3067 san-

649 3115 761 3169 cto,
792 3106 976 3160 verbis
1004 3117 1372 3160 consentanea
1411 3109 1574 3161 modo
1619 3082 2231 3175 conceptis'dicamus;
2261 3082 2306 3142 (ἶ

649 3196 829 3252 Credo
867 3198 923 3250 in
954 3198 1196 3252 divinum
1223 3198 1488 3268 Spiritum
1513 3197 1663 3252 illum
1689 3207 1938 3251 sanctum
1963 3213 1980 3251 :
2009 3181 2095 3251 ita,
2117 3199 2237 3266 qui.

651 3288 778 3343 dem
814 3295 875 3343 ut
905 3289 1106 3358 ubique
1153 3295 1432 3344 servemus
1463 3290 1517 3343 in
1564 3284 1906 3345 confessione
1937 3287 2240 3344 divinitatis

652 3383 939 3448 unitatem,
996 3395 1062 3436 ac
1123 3382 1476 3437 nihilominus
1533 3395 1896 3452 personarum
1957 3381 2236 3450 peculiare

652 3473 951 3528 discrimen
999 3474 1467 3544 in-separatione
1526 3471 1946 3546 proprietatum,
1999 3489 2137 3546 quas
2185 3476 2237 3529 in

657 3565 888 3637 singulis
920 3575 1099 3620 mente
1144 3567 1512 3637 intelligimus,
1555 3565 1936 3622 confiteantur.
1961 3567 2065 3633 Qui
2112 3582 2240 3621 vero

655 3658 1015 3727 substantiam
1039 3667 1094 3714 et
1117 3658 1432 3730 bypostasin
1475 3659 1618 3714 idem
1647 3673 1770 3714 esse
1799 3655 2022 3724 dicunt,
2050 3672 2240 3729 perso-

659 3763 758 3801 nas
783 3748 982 3803 saltem
1032 3748 1278 3806 diversas
1312 3748 1474 3805 fateri
1524 3759 1816 3821 coguntur,
1847 3765 1911 3808 ac
1956 3751 2082 3805 dum
2129 3753 2243 3805 tre‘s

659 3847 978 3915 hypostases
1032 3842 1217 3899 dicere
1277 3853 1555 3910 recusant,
1617 3842 1841 3898 Sabellii
1902 3842 2082 3898 scelus
2133 3856 2241 3897 non

655 3939 871 3990 evitare
921 3936 1404 4005 deprehenduntur
1455 3952 1472 3990 :
1526 3936 1618 4005 qui
1672 3945 1730 3991 et
1783 3935 1901 4005 ipse
1963 3937 2240 3995 notionem

657 4030 798 4083 hanc
861 4029 1187 4098 plerumque
1241 4029 1618 4092 confundens,
1670 4043 1937 4098 personas
1997 4029 2244 4084 dividere

656 4118 996 4184 conabatur;
1032 4118 1275 4172 eamdem
1306 4119 1622 4189 hypostasin
1670 4118 1880 4184 dicens,
1921 4129 2083 4196 prout
2111 4131 2244 4176 usus

658 4211 922 4281 exigeret,
987 4213 1389 4267 transformari.
1417 4213 1684 4267 Caeterum
1744 4213 1790 4266 si
1829 4214 1952 4282 quis
2010 4211 2243 4268 fortasse

658 4308 967 4360 testimonia
998 4306 1170 4360 sancti
1196 4305 1372 4360 Patris
1411 4304 1590 4374 hujus,
1619 4319 1687 4359 ex
1719 4305 1966 4373 epistolis
1985 4305 2242 4376 deprom—

659 4409 772 4464 pta,
792 4411 898 4451 non
916 4399 1048 4452 satis
1066 4398 1256 4451 idonea
1288 4407 1460 4467 putet,
1479 4397 1837 4467 adjungcmus
1852 4398 1957 4451 alia
1979 4398 2045 4452 de
2066 4399 2236 4468 ipsius

2343 4410 2500 4463 τοῦδε
2533 4413 2747 4483 Πατρὸς
2781 4417 3113 4487 μαρτυρίας,

657 4489 1006 4556 expositione
1054 4487 1343 4556 peculiari,
1369 4503 1529 4556 quatn
1572 4490 1642 4555 de
1685 4487 1804 4541 iitle-
1835 4490 2160 4556 composuit,
2183 4499 2238 4542 et

662 4593 720 4633 nt
773 4583 822 4636 ei
870 4581 1261 4645 subscriberet,
1320 4579 1663 4635 Eustathium
1702 4579 1877 4650 gilium
1921 4580 2239 4636 Armenium

659 4765 938 4819 nonnullis
963 4756 1244 4831 injecerat.

735 4875 808 4928 Ea
839 4874 892 4928 in
918 4875 1258 4944 expositione
1292 4873 1481 4929 Basilii
1518 4875 1678 4929 verba
1710 4874 1828 4929 haec
1864 4882 2033 4928 sunt:
2063 4851 2248 4943 Itaque

661 4979 762 5035 par
789 4972 875 5020 est
905 4978 1002 5020 eos
1037 4976 1224 5035 aperte
1254 4965 1440 5032 fateri,
1473 4968 1616 5036 quod
1657 4967 1959 5020 secundum
1989 4980 2054 5021 ea
2085 4968 2248 5020 verba

663 5057 910 5124 credant,
940 5071 1060 5127 quae
1093 5073 1123 5112 a
1149 5055 1400 5113 Patribus
1441 5059 1642 5112 nostris
1677 5056 1872 5111 Nicaea:
1911 5066 2038 5113 sunt
2077 5070 2249 5127 espo-

661 5151 808 5217 sita,
842 5161 898 5206 et
931 5151 1162 5220 ,quidem
1214 5151 1268 5205 in
1319 5165 1382 5206 ea
1434 5151 1723 5216 sententia,
1766 5164 1886 5220 qua:
1935 5150 2146 5220 integre
2187 5149 2254 5204 de

661 5243 846 5297 verbis
873 5244 1071 5298 elucet.
1124 5241 1264 5298 Sunt
1307 5245 1477 5311 enim,
1509 5245 1603 5313 qui
1654 5253 1710 5299 et
1743 5245 1797 5298 in
1844 5245 1946 5298 hac
1987 5245 2102 5313 ipsa
2153 5245 2256 5298 title

663 5335 914 5388 veritatis
940 5337 1177 5389 sermoni
1210 5335 1457 5390 fraudem
1488 5335 1715 5403 faciunt,
1746 5343 1802 5390 et
1828 5350 1927 5403 pro
1970 5335 2128 5391 libitu
2154 5349 2258 5391 suo

666 5434 900 5478 mentem
929 5425 1216 5480 verborum
1252 5427 1306 5480 in
1328 5441 1394 5481 ea
1422 5430 1721 5496 positorum
1745 5427 2008 5483 trahunt:
2041 5431 2259 5498 quando

666 5514 950 5572 Marcellus
982 5518 1172 5584 etiam,
1222 5520 1386 5589 impie
1439 5519 1750 5591 convellens
1803 5522 2120 5592 hypostasin
2158 5521 2262 5575 Do-

668 5609 797 5662 mini
829 5614 998 5667 nostri
1019 5612 1146 5670 Jestt
1178 5612 1409 5681 Christi,
1432 5627 1667 5683 eumque
1709 5616 1913 5670 nudum
1944 5613 2263 5669 Sermonem

670 5698 892 5769 docens,
921 5717 1033 5785 prae
1057 5719 1119 5764 se
1149 5705 1294 5763 ferre
1331 5719 1498 5764 ausus
1525 5714 1631 5773 est,
1679 5705 1804 5760 hinc
1837 5719 1959 5774 ejus
1990 5705 2264 5773 opinionis

2335 1825 2609 1897 διαφόρως
2641 1829 2954 1885 ἀποδιδόναι
2974 1868 2992 1896 ,
3027 1831 3328 1886 ὑπόστασιν
3346 1810 3416 1886 δὲ
3451 1833 3799 1901 ἰδιάζουσαν,
3834 1810 3937 1889 tam

2337 1917 2642 1988 ἀσύγχυτος
2683 1919 2817 1990 ἡμῖν
2852 1921 2948 1975 καὶ
2985 1924 3372 1995 τετρανωμένη
3416 1926 3451 1996 ἡ
3492 1924 3621 1996 περὶ
3661 1924 3886 1998 Πατρδς
3914 1967 3933 1993 ,

2337 2009 2434 2064 καὶ
2467 2009 2594 2063 Υίοῦ
2613 2051 2630 2076 ,
2661 2014 2755 2066 καὶ
2785 2011 2942 2082 ἁγίου
2975 2014 3293 2086 Πνεῦματος
3321 2017 3502 2071 ἔννοια
3531 2017 3794 2089 ὑπάρχοι.
3826 2018 3935 2092 Μὴ

2337 2101 2447 2172 γὰρ
2479 2101 2746 2159 νοούντων
2776 2107 2901 2170 τοὺς
2935 2109 3358 2178 ἀφωρισμένως
3393 2109 3522 2181 περὶ
3553 2109 3788 2166 ἕκαστον
3815 2105 3936 2182 χαι

2342 2196 2650 2265 ρακτῆρας,
2680 2190 2792 2250 οἷον
2821 2199 3173 2270 πατρότητα,
3206 2201 3301 2256 καὶ
3334 2200 3591 2272 υίότητα,
3629 2200 3725 2254 καὶ
3754 2201 3936 2271 ἁγια-

2338 2287 2495 2356 σμδν,
2519 2291 2634 2343 ἀλλ’
2658 2293 2723 2345 ἐκ
2747 2296 2846 2363 τῆς
2869 2293 3058 2364 κοινῆς
3082 2293 3178 2348 τοῦ
3196 2291 3340 2349 εῖναι
3356 2296 3564 2361 ἐννοίας
3587 2296 3935 2367 ὁμολογούν-

2335 2393 2446 2433 των
2485 2380 2639 2447 Θεὸν,
2679 2385 2969 2456 ἀμήχανον
3007 2386 3178 2457 ὑγιῶς
3215 2388 3310 2442 τὸν
3348 2389 3508 2457 λόγον
3542 2389 3644 2452 τῆς
3683 2389 3935 2452 πίστεως

2314 2470 2708 2536 ὶἀποδίδοσθαι.
2741 2476 2868 2556 Χρη
2899 2477 3014 2543 οὖν,
3049 2478 3128 2550 τῷ
3159 2479 3326 2552 κοινῷ
3357 2481 3420 2535 τὸ
3453 2481 3655 2547 ἰδιάζον
3689 2499 3935 2553 προστι-

2337 2561 2552 2631 θέντας,
2580 2565 2724 2620 οὑτω
2747 2567 2846 2638 τὴν
2874 2569 3059 2626 πίστιν
3083 2573 3367 2643 ὁμολογεῖν
3389 2591 3402 2606 ·
3433 2575 3612 2629 κοινὸν
3703 2575 3933 2646 θεότης,

2338 2656 2470 2711 ῖδιον
2512 2659 2548 2727 η
2593 2660 2909 2732 πατρότης·
2957 2659 3082 2719 εῖτα
3130 2666 3504 2732 ,συνάπτοντας
3551 2668 3731 2738 λέγειν
3756 2682 3770 2697 ·
3822 2671 3936 2724 Πι-

2336 2749 2532 2802 στεύω
2561 2751 2651 2817 εις
2684 2751 2838 2806 Θεὸν
2861 2755 3131 2825 Πατέραθ
3163 2757 3258 2811 καὶ
3285 2757 3451 2813 πάλιν
3481 2761 3538 2813 ἐν
3565 2761 3631 2830 τῇ
3660 2758 3758 2814 τοῦ
3789 2758 3934 2815 nos

2336 2837 2599 2913 ὁμολογίᾳ
2654 2845 3041 2925 παραπλήσιον
3094 2851 3290 2914 ποιεῖν,
3343 2849 3439 2903 καὶ
3470 2851 3550 2919 τῷ
3590 2849 3754 2922 κοινῷ
3795 2867 3938 2907 συν-

2338 2928 2531 2988 άπτειν
2557 2933 2621 2987 τὸ
2649 2933 2804 3002 ῐδιον,
2835 2938 2931 2992 καὶ
2955 2938 3154 3007 λέγειν’
3189 2943 3290 3007 Εἰς
3319 2943 3468 2996 Θεὸν
3501 2941 3656 2997 Υιόν.
3689 2944 3935 3014 Ὀμοῗως

2339 3023 2434 3075 καὶ
2477 3025 2608 3095 περὶ
2640 3026 2739 3080 τοῦ
2783 3029 2939 3098 ἁγίου
2983 3031 3302 3103 Πνεύματος
3343 3035 3486 3090 κατὰ
3524 3035 3584 3088 τὸ
3625 3035 3935 3090 ἀκόλουθον

2338 3115 2438 3184 τῆς
2476 3116 2846 3191 ικφωνήσεως
2897 3122 2995 3194 τὴν
3049 3125 3334 3196 προφορὰν
3366 3127 3802 3197 σχηματίζοντας
3839 3129 3938 3182 λέ-

2339 3223 2457 3276 γειν
2480 3213 2776 3266 ’Πιστεύω
2808 3216 2907 3280 sic
2926 3216 2993 3268 τὸ
3017 3215 3177 3271 θεῖον
3207 3218 3450 3289 Πνεῦμα
3473 3221 3541 3274 τὸ
3566 3219 3933 3289 ᾶτιογ,ὥστε

2337 3299 2511 3353 διόλου
2563 3303 2663 3374 τὴν
2706 3305 2937 3378 ἑνότητα
2986 3307 3252 3374 σώζεσθαι
3301 3315 3358 3364 ἐν
3406 3314 3473 3384 τῇ
3517 3312 3618 3382 τῆς
3664 3314 3937 3386 θεότητος

2337 3394 2632 3466 ὁμολογίας
2672 3399 2770 3452 καὶ
2804 3399 2865 3452 τὸ
2902 3400 3012 3473 τῶν
3053 3402 3362 3474 προσώπων
3404 3405 3605 3470 ίδιάζον
3637 3408 3936 3479 ὁμολογεῖ-

2341 3488 2469 3543 σθαι
2507 3489 2568 3542 tv
2602 3487 2681 3559 τῷ
2717 3489 3008 3564 ἀφορισμῷ
3041 3496 3149 3548 τῶν
3184 3499 3315 3569 περὶ
3349 3497 3582 3553 ἕκαστον
3614 3500 3936 3572 νοουμένων

2345 3582 2677 3652 ἰδιωμάτων.
2714 3585 2779 3637 Oi
2818 3585 2875 3638 δὲ
2909 3588 3107 3641 ταύτὸν
3145 3588 3395 3658 λέγοντες
3432 3594 3620 3647 οὐσίαν
3652 3595 3749 3648 καὶ
3790 3596 3937 3651 61:6-

2343 3687 2556 3738 στασιν,
2582 3677 2985 3745 ἀναγκάζονται
3015 3681 3285 3750 πρόσωπα
3312 3685 3474 3754 μόνον
3496 3665 3785 3757 ὁμολογεῖν
3808 3689 3934 3744 διά.-

2343 3784 2506 3838 φορα,
2536 3767 2632 3819 καὶ
2663 3769 2721 3821 ἐν
2752 3767 2831 3840 τῷ
2862 3774 3250 3844 παραιτεῖσθαι
3281 3776 3465 3846 λέγειν
3494 3780 3646 3850 τρεῖς
3678 3781 3937 3838 ὑποστά-

2345 3874 2480 3923 σεις,
2511 3857 2860 3928 εὑρίσκονται
2891 3863 2965 3932 μὴ
2995 3863 3291 3933 φεύγοντες
3315 3868 3376 3922 τὸ
3405 3870 3697 3927 Σαδελλῖου
3726 3876 3934 3944 κακὸν,

2341 3948 2422 4015 δς,
2449 3951 2545 4006 καὶ
2570 3952 2733 4016 αὐτὸς
2765 3954 3034 4026 πολλαχοῦ
3066 3959 3315 4029 συγχέων
3337 3961 3436 4033 τὴν
3460 3963 3694 4032 ἔννοιαν,
3719 3967 3939 4040 ἐνεχεί-

2346 4059 2430 4112 ρει
2465 4043 2696 4115 διαιρεῖν
2728 4046 2797 4100 τὰ
2836 4050 3134 4120 πρόσωπα,
3167 4053 3267 4122 τὴν
3298 4055 3466 4126 αὐτὴν
3502 4057 3810 4114 ὑπόστασιν
3840 4063 3972 4117 li.»

2344 4152 2456 4203 γων
2507 4137 2644 4207 πρὸς
2691 4137 2792 4208 τὴν
2840 4139 3102 4196 ἑκάστοτε
3157 4149 3684 4219 παρατυγχάνουσαν
3709 4137 3938 4224 ’χρείαν

2347 4230 2948 4300 μετασχηματίζεσθαι.
2978 4236 3061 4300 ,Εἰ
3113 4236 3172 4289 δέ
3224 4255 3308 4303 τις
3359 4241 3523 4312 τυχὸν
3579 4243 3655 4315 μὴ
3710 4244 3938 4317 νομίζοι

2345 4318 2661 4391 ἀξιοχρέους
2687 4320 2830 4385 εἶναι
2856 4327 2952 4386 τὰς
2980 4328 3046 4379 ἐκ
3069 4327 3176 4381 τῶν
3201 4332 3503 4402 ἐπιστολῶν
3525 4336 3619 4389 τοῦ
3649 4338 3936 4409 παναγίιω

3144 4423 3582 4497 παραθησόμεθα
3610 4431 3704 4484 καὶ
3730 4430 3795 4497 ἐξ
3827 4431 3938 4487 i8:-

3097 4514 3332 4579 πίστεως
3374 4520 3677 4592 ἐποιήσατο
3690 4563 3707 4590 ,
3746 4540 3942 4597 παρια-

2344 4595 2618 4662 σκευάσας
2648 4600 2739 4652 τὸν
2774 4602 3056 4673 ’Δρμένιον
3087 4607 3384 4664 Εὑστάθιον
3414 4611 3763 4686 ὑπογράψαι,
3797 4595 3942 4672 ὑπό-

2341 4503 2444 4574 κῆς
2487 4505 2785 4573 ἐνιθέσεως,
2825 4508 2892 4579 ἢν
2928 4513 3058 4580 περὶ

2348 4690 2503 4743 νοιὰν
2533 4705 2641 4745 τισι
2669 4697 3085 4766 παρασχόμενον
3109 4699 3270 4773 δόξης
3297 4705 3568 4778 ἐναντίας.

2431 4862 2522 4916 Ἐν
2674 4865 2888 4919 ἐκθέσει
2936 4869 3086 4938 λέγει
3158 4875 3369 4928 ταῦτα’
3428 4878 3704 4951 Προσήκει
3748 4883 3942 4939 τοίνυν

2351 4952 2603 5025 ἐναργῶς
2625 4958 2931 5027 ὁμολογεῖν,
2959 4961 3043 5043 δτι
3064 4966 3383 5023 πιστεύουσι
3406 4971 3549 5026 κατὰ
3571 4973 3642 5027 τὰ
3674 4975 3935 5046 ῥήματα,

2465 5047 2570 5145 ὑπὸ
2629 5050 3056 5145 τῶν-ἡμετέρων
3117 5060 3381 5131 Πατέρων
3436 5064 3732 5121 ἐκτεθέντα
3763 5070 3827 5122 ἐν
3866 5076 3945 5145 τῇ

2356 5137 2592 5210 Νικαίᾳ,
2627 5143 2770 5194 κατὰ
2801 5144 2901 5214 τὴν
2955 5146 3122 5215 ὑγιῶς
3154 5151 3262 5203 ἀπὸ
3294 5154 3401 5207 τῶν
3447 5159 3718 5227 ῥημάτων
3754 5137 3943 5231 sitos:

2360 5231 2613 5326 ρσμένηνλ
2628 5231 2892 5326 διάνοιαν.
2921 5237 3042 5290 Elei.
3072 5242 3180 5310 γάρ
3209 5259 3375 5310 τινες,
3407 5247 3459 5298 oi
3488 5249 3583 5301 καὶ
3609 5249 3670 5302 ἐν
3695 5251 3836 5324 αὐτῇ
3867 5259 3945 5326 τῇ

2358 5322 2546 5375 πίστει
2591 5322 2877 5389 δολοῦντες
2907 5328 2998 5382 τὸν
3027 5329 3187 5400 λόγον
3215 5334 3316 5404 τῆς
3361 5336 3646 5409 ἀληθείας,
3694 5322 3836 5414 πρὸς

2363 5415 2572 5471 ἑαυτῶν
2607 5415 2860 5490 βούλημα
2901 5423 2992 5476 τὸν
3046 5424 3174 5479 νοῦν
3212 5417 3323 5480 τῶν
3379 5431 3438 5483 ἐν
3476 5431 3614 5504 αὐτῇ
3669 5436 3946 5506 ῥημάτων

2361 5507 2613 5574 ἕλκοντες
2630 5527 2647 5543 ο
2672 5513 2808 5567 ὅπου
2831 5532 2894 5585 γε
2926 5518 3021 5570 καὶ
3044 5519 3364 5591 Μάρκελλος
3385 5525 3693 5596 ἐτόλμησεν
3717 5527 3948 5594 άσεδῶς

2365 5603 2463 5671 τὴν
2498 5601 2798 5657 ὑπόστασιν
2839 5606 2934 5660 τοῦ
2985 5609 3198 5679 Κυρίου
3252 5614 3411 5684 ἡμῶν
3447 5615 3626 5687 Ἰησοῦ
3667 5618 3949 5691 Χριστοῦ,

2367 5693 2522 5761 ψιλὸν
2561 5695 2726 5756 αὐτὸν
2773 5699 3137 5771 ἐξηγούμενος
3186 5703 3368 5774 λόγον,
3411 5708 3619 5764 ἐκεῖθεν
3656 5691 3947 5782 προᾷἆσί-
