4010 6336
616 167 719 232 135

2042 160 2477 225 TIIEORIANI

3774 152 3892 219 135

606 279 745 336 Num
802 293 967 334 unum
1021 277 1188 333 veluti
1251 275 1509 349 quiddam
1544 273 1910 345 compositqu
1964 275 2191 346 ﬁngitis,

2303 275 2419 339 πῶς
2449 275 2516 330 ἄν
2546 290 2690 338 τινες
2723 269 3095 342 συμφρονοῖεν
3135 266 3364 346 μᾶλλον,
3389 263 3488 320 καλ
3515 263 3576 319 τὺ
3615 263 3750 318 αὐτὸ
3785 265 3898 318 λέ-

609 369 752 438 quod
797 377 909 422 tres
954 366 1134 421 vultus
1179 374 1273 422 aut
1323 367 1618 422 humanam
1671 365 1896 421 omnino
1949 364 2189 421 iormam

611 456 986 514 habcat‘H’os
1025 472 1242 528 quoque
1295 456 1684 522 reclamabitis,
1728 456 1910 512 absit:
1949 471 2048 511 nec
2097 456 2191 511 Dei

611 551 824 614 far-ient,
852 563 1208 620 quaecumque
1228 551 1445 604 tandem
1477 545 1574 601 illa
1601 555 1706 611 est,
1731 561 1967 615 unquam
1989 545 2191 611 videat,

609 640 701 710 qui
733 641 804 693 ita
837 639 1024 693 sentit.
1055 637 1195 704 Quid
1233 651 1363 706 ergo
1405 636 1552 706 (nam
1595 644 1647 692 et
1697 636 1799 691 hoc
1851 637 2194 705 interrogare

611 730 778 799 lubet)
811 737 904 784 aut
931 729 1087 786 nobis
1132 730 1451 800 hypostascs
1482 729 1743 784 denotant
1773 736 1866 781 aut
1897 728 2048 783 vobis
2074 743 2197 798 per-

612 823 803 878 sonm?
845 822 1102 876 nimirum
1154 836 1275 876 esse
1336 822 1458 884 tria,
1514 835 1636 889 qua:
1686 820 2034 886 dividantur;
2089 837 2193 874 non

613 913 841 979 naturis,
862 913 952 967 sed
979 910 1678 981 proprietatibus.0ptimc.
1701 910 1818 977 Quo
1844 922 2002 978 pacto
2026 911 2194 982 magis

614 1003 779 1073 aliqui
814 1002 1183 1066 consentiant,
1225 1010 1280 1056 et
1313 1003 1454 1057 idem
1503 1004 1706 1068 dicant,
1740 1018 1906 1072 quam
1946 1018 2068 1057 cum
2121 1002 2197 1056 ita

613 1097 870 1160 sentiunt,
903 1095 1102 1165 alioqui
1137 1097 1362 1165 syllabis
1410 1097 1801 1164 discrepantes.
1842 1095 2110 1156 Similiter
2143 1105 2198 1148 et

615 1187 666 1239 in
698 1187 943 1241 oratione
992 1202 1096 1256 qua
1147 1185 1331 1241 laudat
1386 1186 1764 1250 Athanasium,
1819 1187 2198 1241 Alexandrina:

615 1278 793 1332 lumen
825 1277 1069 1333 ecclesia:
1096 1291 1109 1336 :
1138 1277 1272 1333 Cum
1315 1280 1484 1345 enim,
1527 1279 1622 1344 ait,
1660 1293 1762 1332 una
1797 1278 2120 1344 substantia,
2145 1288 2200 1334 et

617 1379 729 1425 trcs
758 1371 1078 1440 hypostases
1107 1387 1134 1424 a
1170 1371 1325 1425 nobis
1373 1371 1460 1440 pie
1497 1371 1840 1435 dicerentur,
1883 1369 2029 1439 quod
2061 1368 2198 1424 alte-

616 1474 736 1513 rum
760 1461 1055 1515 divinitatis
1084 1469 1361 1524 naturam,
1385 1459 1617 1513 alterum
1647 1473 2002 1528 personarum
2037 1459 2195 1514 trium

616 1549 976 1618 proprietates
1002 1551 1277 1620 .declardt,
1317 1565 1380 1604 ac
1438 1550 1600 1604 simili
1647 1551 1865 1620 quidem
1923 1552 2086 1606 modo
2128 1551 2198 1608 ab

2292 385 2464 438 γοιεν,
2501 367 2536 438 ἦ
2576 365 2750 429 οὕτως
2784 363 3023 436 ἔχοντες,
3055 360 3158 415 κᾶν
3195 361 3318 423 ταῖς
3343 358 3637 422 συλλαϐαῖς
3688 358 3896 427 διαφέ-

2296 476 2502 531 ρωσιν;
2549 458 2781 527 Ὁμοίως
2833 456 2926 508 καὶ
2976 454 3034 506 ὲν
3099 447 3181 516 οἷς
3237 450 3576 521 ἐγκωμιάζει
3631 450 3725 504 τὸν
3776 448 3896 517 τῆς

2309 547 2708 618 ’Λλεξανδρέων
2757 546 3024 616 φωστῆρα
3053 542 3350 612 γενόμενον
3386 539 3730 604 Ἀθανάσιον,
3767 540 3893 592 ssi-

2297 639 2383 695 λιν
2412 639 2582 710 φησί·
2615 639 2731 709 Τῆς
2761 640 2871 707 γὰρ
2899 636 3033 707 μιᾶς
3057 634 3267 698 οὐσίας,
3294 634 3386 686 καὶ
3410 634 3520 686 τῶν
3543 632 3712 704 τριῶν
3742 632 3894 685 ὕπο-

2298 729 2539 783 στάσεων
2575 727 2888 797 λεγομένων
2924 725 3012 796 ὑφ’
3043 723 3199 794 ὑμῶν
3243 718 3490 787 εὐσεϐῶς
3527 722 3609 792 (τὸ
3633 723 3735 793 μιν
3766 721 3894 794 γὰρ

2295 821 2396 893 τὴν
2423 820 2586 893 φύσιν
2626 819 2779 889 δηλοῖ
2819 819 2918 890 τῆς
2953 818 3230 888 Θεότητος,
3273 817 3333 870 τὸ
3357 815 3415 870 δὲ
3444 816 3542 880 τὰς
3571 816 3679 869 τῶν
3708 815 3894 886 τριῶν

2301 890 2616 984 ίδῖότήτᾶς),
2649 912 2959 981 νοουμένων
2977 910 3071 964 καὶ
3091 927 3168 963 πα
3177 909 3244 980 ρὰ
3263 909 3374 972 τοῖς
3403 907 3628 970 Ἰταλοῖς
3650 905 3888 976 ὁμοίως,

2297 1004 2416 1057 ἀλλ’
2456 1004 2518 1056 οὐ
2548 1002 2866 1074 δυναμένων
2890 1001 2979 1055 διά
3006 1002 3109 1072 τὴν
3139 999 3435 1069 στενότητα
3469 999 3569 1070 τῆς
3610 995 3744 1070 παρ’
3778 998 3894 1049 αὑ-

2298 1097 2410 1158 τοῖς
2440 1093 2709 1166 γλώττης,
2740 1095 2834 1147 καὶ
2858 1094 2961 1163 τὴν
2981 1093 3090 1146 τῶν
3118 1092 3401 1163 ὀνομάτων
3435 1091 3651 1158 πενίαν,
3678 1088 3892 1145 διελεῖν

2298 1186 2406 1240 ἀπὸ
2427 1188 2524 1256 τῆς
2555 1187 2746 1250 οὐσίας
2771 1185 2869 1257 τὴν
2896 1185 3217 1250 ὑπόστασιν,
3245 1183 3343 1238 καὶ
3357 1183 3447 1238 διὰ
3463 1181 3625 1236 τοῦτο
3654 1183 3888 1236 ἀντεισο

2297 1275 2536 1344 αγούσης
2570 1275 2637 1327 τὰ
2670 1274 2958 1344 πρόσωπα,
3006 1273 3097 1328 ἵνα
3146 1274 3223 1344 μὴ
3259 1274 3418 1345 τρεῖς
3456 1272 3638 1327 οὐσίαι
3686 1289 3887 1342 παρα-

2295 1366 2580 1436 δεχοῶσιν.
2621 1365 2837 1435 Ἀμέλει
2863 1366 2965 1419 κάν
3009 1365 3087 1434 τῷ
3117 1366 3202 1428 είς
3251 1364 3323 1433 τὰ
3352 1365 3512 1418 Φῶτα
3552 1363 3697 1436 λόγῳ
3729 1363 3890 1418 οὕτω

2298 1458 2430 1528 φησί
2456 1475 2468 1488 ·
2511 1457 2647 1511 Θεοῦ
2686 1459 2743 1512 δὲ
2785 1458 2916 1511 ὅταν
2942 1458 3102 1521 εῖπω,
3134 1457 3214 1511 ἑνὶ
3246 1456 3386 1526 φωτὶ
3423 1454 3887 1528 περιηστράφθην

2297 1550 2395 1602 καὶ
2447 1548 2616 1620 τρισί.
2667 1547 2829 1619 Τρισὶ
2879 1548 2978 1619 μὲν
3031 1549 3173 1603 κατά
3223 1547 3322 1612 τὰς
3366 1548 3658 1619 ἰδιότητας,
3705 1549 3887 1618 ἤγουν

624 1638 772 1694 Italis
807 1640 1258 1711 intelligerentur,
1289 1655 1477 1694 verum
1508 1640 1576 1693 ob
1609 1641 1802 1708 lingua:
1853 1640 1995 1695 illius
2031 1654 2202 1710 angu-

2308 1640 2635 1703 ὑποστάσεις
2665 1638 3102 1713 [ὐποστάσεσιν],
3138 1642 3167 1695 ὃ
3205 1631 3318 1695 τισι
3359 1640 3512 1710 φίλον
3544 1641 3752 1706 καλεῖν,
3779 1640 3888 1694 αἵτ’

615 1732 797 1793 suam,
833 1733 1231 1801 verborumque
1271 1731 1531 1799 inopiam,
1564 1729 1880 1800 hypostnsin
1918 1729 1986 1784 ab
2015 1743 2198 1785 essen-

621 1825 690 1876 tia
724 1823 1057 1892 distinguere
1089 1839 1193 1878 non
1231 1830 1472 1892 possent,
1501 1837 1670 1892 eaque
1699 1823 1762 1877 de
1789 1836 1948 1877 causa
1976 1822 2028 1875 in
2053 1821 2197 1877 illius

619 1917 798 1968 locum
862 1929 1218 1984 personarum
1277 1914 1616 1969 induxissent
1684 1928 1903 1978 nomen,
1959 1928 2026 1967 ne
2087 1924 2198 1968 tres

618 2008 936 2062 substantia:
1001 2007 1458 2071 admitterentur,
1507 2015 1562 2060 ct
1625 2016 1840 2060 caetera.
1896 2005 2079 2060 itidem
2143 2006 2196 2060 in

621 2098 872 2153 oratione
924 2101 988 2153 de
1035 2097 1371 2164 Luminibus,
1404 2098 1623 2167 inquit:
1674 2097 1841 2151 Deum
1887 2113 2011 2152 cum
2053 2099 2198 2162 dico,

623 2203 728 2243 uno
762 2189 964 2259 pariter
1002 2201 1054 2243 et
1095 2190 1289 2260 triplici
1339 2189 1541 2244 lumine
1581 2189 1921 2259 perstringor
1953 2207 1967 2255 ;
2006 2189 2202 2258 triplici

621 2280 866 2348 quidem,
898 2290 1158 2351 quantum
1204 2280 1268 2334 ad
1304 2280 1688 2351 proprietates,
1721 2280 1835 2334 sive
1861 2280 2202 2350 bypostases,

624 2369 700 2424 uti
739 2370 957 2441 quidam
1017 2370 1290 2441 appellare
1345 2370 1569 2435 malunt,
1598 2369 1712 2425 sive
1763 2383 2028 2439 personas
2069 2370 2205 2432 (nec

624 2461 770 2514 enim
801 2441 864 2516 de
895 2463 1204 2518 nominibus
1255 2462 1656 2526 contendimus,
1699 2461 1936 2531 quandiu
1987 2463 2206 2532 syllabae

2296 1727 2392 1784 οὖν
2435 1729 2752 1801 προσώποις
2802 1731 2976 1803 (οὐδὲν
3032 1734 3140 1803 γὰρ
3188 1732 3319 1803 περὶ
3353 1733 3460 1785 τῶν
3482 1733 3765 1803 ὀνομάτων
3785 1730 3889 1796 ζυ-

2299 1822 2680 1894 γομαχοῢμεν,
2727 1823 2833 1886 ἕως
2886 1823 2952 1877 ἂν
3015 1826 3153 1894 πρὸς
3197 1823 3298 1896 τὴν
3362 1824 3535 1895 αὐτὴν
3575 1824 3788 1879 ἔννοιαν
3817 1827 3882 1879 αι

2300 1915 2565 1971 συλλαϐαὶ
2588 1917 2852 1989 φέρωσιν)
2878 1934 2896 1951 ο
2922 1917 3002 1971 ἑνὶ
3034 1917 3112 1985 δὲ,
3153 1916 3300 1972 κατὰ
3327 1917 3420 1973 τδν
3455 1917 3554 1989 τῆς
3577 1917 3766 1981 οὐσίας
3792 1917 3887 1972 λό-

2299 2024 2418 2077 γον,
2451 2009 2629 2062 είτουν
2676 2008 2950 2079 θεότητος.
2993 2009 3240 2076 Ίκανῶς,
3293 2004 3474 2079 οἶμαι,
3517 2010 3566 2062 οι
3609 2009 3887 2080 παρόντες

2299 2099 2687 2154 ιὺκλεέστατοι
2755 2100 3072 2157 διδάσκαλοι
3133 2101 3264 2172 περὶ
3329 2099 3438 2154 τῶν
3498 2101 3887 2171 προκειμένων

2299 2193 2433 2264 ἡμῖν
2485 2193 2909 2263 ὲνομοῡέτησαν,
2957 2195 3147 2259 οὐσίας
3195 2213 3255 2249 τε
3315 2196 3465 2266 πέρι,
3526 2196 3621 2251 καὶ
3664 2196 3889 2267 φύσεως

2302 2275 2661 2349 ὐποστάσεώς
2684 2303 2742 2338 τε
2772 2289 2862 2340 καὶ
2886 2286 3183 2358 προσώπου
3207 2303 3220 2316 ·
3254 2290 3443 2358 σαφῶς
3475 2306 3536 2342 τε
3561 2287 3889 2359 παραδεδώ-

2302 2391 2484 2441 κασιν,
2525 2377 2607 2429 ὃτι
2632 2376 2690 2430 αἱ
2721 2377 2820 2446 μὲν
2847 2377 2907 2430 τὸ
2935 2376 3168 2432 καθόλου
3201 2378 3563 2450 σημαίνουσιν
3584 2396 3600 2412 ·
3632 2378 3692 2433 αἱ
3718 2378 3800 2442 δὲ,
3821 2379 3892 2433 τὸ

2305 2464 2431 2518 καθ’
2466 2464 2719 2520 ἕκαστον.

626 2550 691 2602 ad
726 2551 969 2606 eamdem
1003 2553 1327 2606 sententiam
1357 2553 1625 2622 tendunt),
1657 2568 1763 2606 uno
1821 2562 2023 2620 autem,
2093 2565 2354 2622 quantum
2422 2558 2489 2611 ad
2537 2557 2883 2626 substantiae,
2935 2560 3039 2616 hoc
3100 2568 3204 2629 est,
3252 2560 3547 2615 divinitatis
3591 2557 3888 2624 rationem,

627 2643 790 2706 Satis,
840 2645 1053 2712 opinor,
1085 2643 1140 2698 hi
1203 2645 1544 2702 celeberrimi
1600 2649 1853 2702 doctores
1910 2647 1975 2701 de
2035 2647 2200 2700 rebus
2234 2649 2394 2703 modo
2433 2649 2748 2720 propositis,
2781 2652 3034 2708 nimirum
3089 2653 3157 2710 de
3226 2653 3528 2709 substantia
3562 2665 3616 2710 et
3651 2663 3882 2719 natura,

598 2737 693 2789 'de
753 2734 1025 2802 h‘ypostasi
1077 2744 1132 2787 et
1187 2749 1440 2804 persona,
1498 2737 1654 2792 nobis
1711 2737 2195 2806 prmscripserunt;
2235 2748 2528 2810 aperteque
2598 2741 2958 2812 tradiderunt,
3021 2745 3141 2801 illas
3188 2744 3507 2801 universalis
3559 2746 3889 2817 reisigniti-

625 2827 894 2880 cntionem
926 2823 1151 2893 habere,
1183 2827 1279 2881 has
1306 2827 1616 2896 singularia.

697 2917 856 2974 GEN.
896 2917 1016 3013 Jam
1048 2930 1262 3013 tempus
1294 2919 1480 3013 fuerit,
1504 2931 1563 2976 ut
1593 2923 1943 2979 auctoritates
1986 2923 2052 3013 in
2082 2939 2194 2978 me-
2222 2949 2267 3013 ο

627 3010 778 3065 dium
825 3011 1112 3081 proferas,
1167 3011 1233 3067 de
1288 3010 1486 3081 quibus
1547 3022 1860 3068 sanctorum
1915 3012 2198 3074 hominum

631 3113 865 3158 mentem
920 3103 1340 3174 perspiciamus.
1394 3101 1606 3173 Quippe
1671 3105 1738 3160 de
1797 3104 2104 3160 substantia
2149 3114 2204 3162 et

629 3205 844 3261 natura,
867 3194 934 3250 de
957 3196 1232 3267 hypostasi
1260 3205 1316 3251 et
1343 3211 1596 3266 persona.
1621 3197 2030 3264 consentimus;
2057 3196 2202 3251 nulla

631 3287 850 3358 penitus
902 3287 955 3341 in
1002 3300 1064 3342 re
1118 3288 1467 3344 dissidentes.
1523 3288 1657 3343 Nam
1710 3289 1798 3343 illa
1843 3289 1995 3358 prius
2038 3288 2200 3342 etiam

632 3396 793 3450 quam
823 3379 922 3434 abs
957 3391 1007 3436 te
1029 3381 1360 3445 dicerentur,
1388 3381 1826 3450 intelligebamus
1852 3397 1867 3436 :
1894 3381 1988 3436 sed
2016 3395 2084 3436 ex
2109 3395 2206 3436 ore

633 3481 729 3526 tuo
761 3471 982 3526 lubebat
1019 3471 1231 3540 audire,
1269 3487 1518 3544 quasnam
1564 3473 1633 3527 de
1684 3473 1768 3528 his
1819 3480 1999 3527 vestra
2054 3480 2205 3528 esset

632 3565 924 3620 sententia.
973 3562 1130 3620 Nunc
1171 3579 1300 3634 ergo
1351 3565 1540 3632 dicito,
1580 3566 1833 3636 quisnam
1888 3571 2202 3621 sanctorum

634 3655 853 3712 Patrum
887 3665 1109 3712 naturas
1139 3655 1274 3712 duas
1316 3667 1443 3728 post
1488 3658 1785 3713 unitionem
1819 3657 2095 3712 statuerit.

707 3747 962 3802 THEOR.
991 3747 1254 3814 Primum,
1283 3763 1383 3804 ceu
1405 3758 1646 3819 tempore
1671 3750 1930 3820 primum,
1950 3761 2203 3818 magnum

634 3835 782 3892 illum
813 3838 1170 3891 Athanasium
1199 3836 1445 3907 proferre
1481 3852 1580 3908 par
1622 3847 1728 3904 est,
1759 3838 1915 3908 cujus
1946 3838 2063 3892 haec
2091 3839 2204 3908 ipsa

635 3925 801 3984 verba
833 3934 959 3980 sunt
1012 3930 1063 3980 in
1109 3927 1335 3995 epistola
1369 3928 1437 3982 ad
1469 3928 1773 4000 Epictetum
1801 3928 2052 3986 Corinthi
2083 3929 2228 3999 epit

634 4033 900 4092 scopum:
937 4019 1014 4074 Ex
1053 4019 1153 4074 hoc
1181 4021 1569 4076 absurditatem
1627 4022 1930 4094 perspicere
1957 4022 2203 4093 potestis.

637 4108 697 4165 Si
733 4124 914 4166 sermo
944 4109 1105 4164 unius
1165 4120 1249 4166 est
1297 4110 1617 4166 substantiae
1669 4126 1790 4166 cum
1844 4125 2090 4182 corpore,
2139 4112 2207 4167 de

637 4209 782 4254 terra
819 4211 1065 4253 naturam
1125 4214 1279 4252 suam
1328 4199 1605 4255 habente:
1649 4199 1805 4271 sique
1849 4202 2204 4255 consubstan-

2378 2925 2438 2982 '0
2465 2928 2627 2985 ΚΑΘ.
2660 2929 2862 3000 Καιρδς
2893 2930 3015 3004 ἤδη,
3046 2930 3146 2996 τὰς
3169 2933 3395 3005 χρήσεις
3423 2933 3505 2998 εἷς
3525 2932 3691 3003 μέσον
3708 2952 3885 3006 προσο

2306 3018 2500 3086 Θεῖναι,
2527 3020 2616 3076 ῖνα
2649 3021 2715 3076 ἐκ
2740 3020 2947 3077 τούτων
2979 3009 3072 3079 τὸν
3101 3024 3228 3078 νοῦν
3291 3024 3732 3097 καταθρήσωμεν
3763 3027 3885 3083 τῶν

2306 3108 2499 3178 ἁγίων.
2544 3111 2682 3181 Περὶ
2719 3113 2829 3183 γάρ
2857 3113 3048 3178 οὐσίας
3104 3116 3202 3168 καὶ
3235 3115 3474 3183 φύσεως,
3516 3117 3885 3182 ὑποστάσεώς

2305 3214 2365 3251 τε
2395 3202 2492 3254 καὶ
2539 3200 2858 3272 προσώπου,
2896 3203 3176 3274 σύμφωνοι
3205 3205 3394 3275 ἐσμεν,
3429 3205 3554 3260 κατ’
3583 3207 3738 3261 οὐδὲν
3760 3209 3887 3263 οὐδ’

2306 3289 2442 3355 ὅλως
2467 3291 2878 3364 διαφερόμενοι.
2927 3294 3114 3351 Ταῦτα
3149 3296 3261 3367 γάρ
3298 3297 3393 3351 καὶ
3430 3297 3538 3368 πρὸ
3566 3297 3662 3352 τοῦ
3707 3314 3768 3354 σε
3802 3300 3890 3353 εῖ-

2306 3383 2450 3450 πεῖν,
2507 3383 2916 3455 ἔγινώσκομεν·
2961 3386 3080 3440 ἀλλ’
3125 3388 3474 3460 ἠθελήσαμεν
3533 3390 3769 3446 ἀκοῦσαι
3813 3394 3890 3448 ἐκ

2303 3476 2398 3530 τοῦ
2449 3476 2717 3546 στόματός
2757 3494 2874 3542 σου,
2909 3478 3026 3542 πῶς
3060 3490 3190 3533 ποτε
3232 3482 3362 3554 περὶ
3388 3483 3598 3537 τούτων
3626 3484 3886 3555 φρονεῖτε

2307 3569 2487 3638 ὑμεῖς.
2524 3568 2639 3623 Νῦν
2667 3564 2759 3623 οὖν
2787 3571 2929 3634 sine,
2960 3571 3045 3647 τίς
3068 3571 3178 3626 τῶν
3207 3573 3383 3642 ἁγίων
3403 3574 3497 3628 δύο
3516 3573 3708 3647 φύσεις
3734 3576 3891 3648 μετᾲ

2303 3659 2405 3730 τὴν
2433 3659 2626 3714 ἕνωσιν
2657 3662 3014 3732 ἐδογμάτισεν
3030 3680 3045 3729 ;

2387 3749 2444 3805 '0
2473 3752 2670 3808 ΘΕΩΡ.
2716 3753 2960 3823 Πρῶτον,
3003 3755 3080 3819 ὡς
3134 3756 3355 3828 πρῶτον
3405 3757 3482 3829 τῷ
3526 3759 3726 3832 χρόνῳ,
3782 3761 3889 3819 τὸν

2309 3845 2486 3915 μέγαν
2527 3843 2845 3899 Ἀθανάσιον
2895 3850 3335 3918 παρεισαγαγεῖν
3389 3849 3560 3915 ἄξιον,
3597 3849 3671 3916 ὡς
3701 3839 3762 3908 ὲν
3807 3857 3883 3926 τῇ

2306 3937 2442 4007 πρὸς
2459 3935 2782 4009 Ἐπίκτητον
2805 3933 3110 3994 ἐπίσκοπον
3126 3940 3398 4012 Κορίνθου
3419 3942 3677 4017 ἐπιστολῇ
3693 3945 3886 4002 τοιάδε

2307 4027 2584 4099 γράφοντα
2615 4030 2757 4083 κατὰ
2786 4030 2934 4096 λέξιν
2953 4046 2966 4060 ·
2999 4033 3109 4085 Καὶ
3138 4034 3248 4105 γάρ
3278 4036 3342 4088 ὲκ
3371 4035 3565 4090 τούτου
3591 4037 3652 4090 τὸ
3677 4038 3889 4095 ἄτοπον

2307 4119 2695 4192 Θεωρεῖνήμᾶς
2727 4121 2959 4186 ἔξεστιν.
2994 4124 3054 4177 Εί
3085 4125 3367 4195 όμοούσιος
3398 4127 3425 4180 6
3458 4128 3634 4197 Λόγος
3663 4129 3740 4201 τῷ
3772 4131 3888 4185 σῶσ-

2311 4231 2460 4282 ματι,
2503 4215 2566 4267 ἐκ
2608 4213 2710 4286 γῆς
2737 4216 2913 4285 ἔχοντι
2947 4216 3045 4288 τὴν
3084 4217 3277 4287 φύσιν·
3314 4220 3596 4292 ὁμοοὺσιος
3620 4222 3677 4276 δὲ
3713 4224 3742 4277 ὁ
3772 4224 3887 4280 Λό-

635 4291 781 4345 tialis
808 4301 892 4345 est
918 4289 1061 4344 Patri
1083 4288 1298 4356 Sermo,
1319 4289 1473 4360 juxta
1497 4291 1893 4346 confessionem
1922 4291 2147 4346 Patrum
2178 4308 2192 4346 :

2314 4322 2406 4372 γος
2432 4305 2509 4377 τῷ
2563 4308 2756 4377 Πατρὶ,
2792 4308 2939 4361 κατά
2969 4310 3069 4380 τὴν
3111 4309 3222 4363 τῶν
3263 4288 3526 4383 Πατέρων
3555 4313 3884 4384 ὁμολογίαν·

635 4382 799 4436 etiam
840 4381 954 4452 ipse
1003 4381 1162 4435 Pater
1203 4383 1363 4437 unius
1419 4383 1528 4438 erit
1567 4384 1889 4439 substantia:
1937 4400 2058 4439 cum
2087 4401 2208 4440 cor-

637 4488 767 4544 pore
814 4477 880 4531 de
931 4485 1074 4530 terra
1107 4474 1271 4548 iacto.
1313 4477 1376 4529 Et
1406 4491 1504 4530 cur
1550 4477 1770 4532 Arianis
1821 4476 2206 4549 indignamini,

640 4567 829 4623 Filium
857 4569 1162 4626 dicentibus
1182 4585 1304 4626 esse
1336 4582 1668 4639 creaturam,
1697 4588 1819 4627 cum
1865 4572 1965 4639 ipsi
1995 4575 2208 4641 dicatis,

638 4658 853 4714 Patrem
895 4661 1054 4716 unius
1085 4676 1207 4717 cum
1241 4664 1510 4719 creaturis
1535 4679 1656 4719 esse
1702 4665 2058 4720 substantiae?

709 4747 871 4806 GEN.
904 4750 1042 4817 Quid
1071 4752 1138 4806 ad
1165 4753 1485 4823 nos,dictum
1517 4753 1684 4822 istud,
1708 4755 2069 4825 philosophe?

707 4951 965 5010 THEOB.
1008 4951 1258 5007 Graviter
1307 4966 1402 5008 eos
1437 4952 1628 5022 tangit,
1649 4952 1743 5022 qui
1782 4952 1991 5019 dicunt,
2043 4967 2205 5006 unam

637 5062 759 5104 esse
783 5057 1028 5102 naturam
1064 5044 1341 5101 Sermonis
1360 5055 1417 5100 et
1448 5045 1651 5100 carnis.
1678 5051 1756 5100 Ac
1780 5045 1924 5110 vide,
1955 5046 2205 5113 obsecro,

639 5156 804 5213 quam
839 5139 1148 5196 admirabili
1210 5139 1422 5196 ratione
1479 5145 1698 5195 sanctus
1745 5138 1830 5192 vir
1877 5139 2208 5194 Athanasius

642 5236 699 5290 in
750 5234 911 5289 tertia
941 5232 1133 5302 ﬁgura
1175 5232 1548 5302 syllogismum
1595 5239 1798 5288 nectat.
1851 5228 2060 5300 Quippe
2096 5231 2206 5301 jam

631 5323 796 5381 'antea
839 5338 938 5394 pro
971 5321 1222 5378 confesso
1275 5325 1527 5388 habetur,
1582 5335 1920 5391 qumcunquc
1963 5325 2029 5377 de
2077 5325 2207 5378 sub-

642 5417 844 5472 stantia
875 5414 1104 5470 dicenda
1132 5413 1376 5479 veniant,
1419 5414 1609 5468 eadem
1641 5423 1698 5469 et
1746 5423 1956 5468 naturae
1989 5428 2208 5472 accom-

631 5493 932 5564 modanda.
969 5505 1204 5562 lloccine
1235 5507 1287 5560 iu
1316 5506 1567 5563 confesso
1593 5515 1699 5576 est,
1724 5520 1792 5562 an
1819 5507 1962 5563 non?

710 5598 867 5656 GEN.
912 5599 1143 5656 Omnino
1175 5599 1226 5655 id
1263 5599 1504 5670 quidem.

2309 4395 2594 4464 όμοούσιος
2631 4394 2782 4449 ἔσται
2833 4397 2928 4449 καὶ
2955 4397 3120 4460 αὐτὸς
3163 4399 3190 4450 ὁ
3219 4399 3408 4472 Πατὴρ
3435 4400 3512 4472 τῷ
3539 4402 3776 4473 σώματι,
3798 4405 3885 4477 τῷ

2310 4489 2376 4540 ἐκ
2433 4488 2534 4558 γῆς
2586 4489 2959 4560 γεγενημένῳ.
3020 4492 3132 4544 Καὶ
3177 4491 3228 4544 τί
3281 4493 3363 4547 ἐτι
3431 4496 3716 4565 μέμφεσθε
3764 4499 3886 4564 τοῖς

2257 4656 2259 4659 Ι
2311 4579 2637 4649 Ἀρειανοῖς,
2667 4579 2884 4648 λέγουσι
2917 4581 3009 4634 τὸν
3034 4582 3162 4635 Υίὸν
3189 4582 3419 4654 κτίσμα,
3443 4585 3690 4654 λέγοντες
3719 4587 3884 4644 αὐτοὶ

2310 4672 2405 4724 καὶ
2436 4672 2526 4724 τὸν
2564 4672 2782 4742 Πατέρα
2815 4672 3098 4744 όμοούσιον
3125 4677 3240 4739 τοῖς
3264 4678 3527 4748 κτίσμασι
3552 4695 3568 4745 ;
3635 4746 3641 4755 '

2392 4763 2451 4816 Ὀ
2482 4763 2642 4820 ΚΑΘ.
2678 4765 2788 4818 Καὶ
2814 4767 2867 4818 τί
2894 4767 3032 4838 πρὸς
3063 4767 3209 4839 ἡμᾶς
3243 4769 3276 4838 ἡ
3307 4769 3502 4840 χρῆσις
3531 4769 3698 4842 αὕτη,
3729 4771 3889 4841 φιλόο

2313 4872 2478 4923 σοφε;

2397 4949 2453 5000 '0
2478 4947 2671 5004 ΘΕΩΡ.
2697 4949 2909 5021 Σφόδρα
2939 4950 3279 5005 καθάπτεται
3302 4951 3412 5006 τῶν
3444 4953 3718 5022 λεγόντων
3745 4954 3884 5026 μίαν

2312 5039 2473 5106 φύσιν
2502 5039 2596 5093 τοῦ
2622 5042 2796 5108 Λόγου
2821 5043 2911 5095 καὶ
2941 5042 3043 5118 τῆς
3069 5043 3290 5114 σαρκός.
3325 5044 3434 5097 Καὶ
3463 5044 3565 5115 ὅρα
3613 5045 3728 5108 πῶς
3750 5045 3887 5100 θαυ-

2314 5132 2524 5201 μασίως
2554 5133 2746 5187 πλέκει
2773 5135 2862 5187 τὸν
2891 5135 3250 5206 συλλογισμὸν
3283 5138 3338 5188 ὲν
3365 5136 3535 5209 τρίτῳ
3565 5138 3812 5209 σχήματι
3852 5139 3883 5192 ὁ

2311 5227 2369 5276 ἐν
2399 5226 2574 5293 ἁγίοις
2605 5227 2943 5291 Ἀθανάσιος.
2996 5229 3452 5298 Προομολογεῖται
3479 5231 3608 5300 γάρ,
3653 5231 3737 5285 ὅτι
3780 5230 3886 5286 ὅσα

2313 5317 2441 5386 περὶ
2469 5317 2571 5385 τῆς
2618 5317 2806 5380 οὐσίας
2836 5318 3197 5390 λεχθήσεσοαι
3230 5319 3436 5389 μέλλει,
3477 5321 3651 5375 ταῦτα
3691 5322 3785 5376 καὶ
3812 5324 3886 5394 τῇ

2312 5410 2471 5478 φύσει
2505 5410 2974 5482 προσαρμοστέον.
3016 5410 3398 5484 Ὠμολόγηται,
3430 5414 3464 5483 ἢ
3494 5412 3555 5468 οὔ
3583 5430 3600 5482 ;

2396 5595 2454 5646 '0
2489 5595 2642 5648 ΚΑΘ.
2685 5595 2830 5649 Πάνυ
2866 5595 2963 5666 μὲν
2993 5593 3103 5649 οὖν.
