4010 6336
585 278 688 345 147

1996 291 2433 353 THEORIANI
2525 282 2527 285 ’

3745 285 3856 352 148

582 394 822 449 butt-ana
849 404 1059 449 natura.
1079 395 1134 449 lu
1155 398 1712 456 divinitateSahcllitts
1740 402 1959 473 quidem
1987 405 2165 459 aiebat

2285 425 2363 460 ναι
2384 424 2397 438 ·
2422 406 2516 459 (ldo
2553 406 2648 458 ἐπὶ
2686 405 2787 476 τῆς
2817 404 3072 473 θεότητος
3093 445 3109 469 ,
3140 403 3238 458 καλ⁵
3267 402 3361 456 δύο
3386 400 3478 454 ἐπὶ
3510 401 3608 470 τῆς
3636 398 3861 468 ἀνθρω-

579 501 701 540 esse
723 495 972 540 naturam
998 503 1180 552 uuam,
1212 501 1263 544 et
1289 506 1449 545 uuam
1475 493 1787 562 hypostasiu
1814 510 1829 559 ;
1856 494 2018 548 Arius
2039 510 2168 547 vero

582 587 696 634 tres
716 583 1063 650 Itypostases,
1091 597 1153 638 ac
1177 594 1289 639 tres
1310 595 1535 639 naturas
1555 585 1799 640 diversas
1833 593 1890 639 et
1915 585 2165 639 alienasa

581 687 643 729 se
679 674 933 730 invicem.
966 674 1076 732 Nos
1114 692 1242 732 vero
1279 693 1376 734 nec
1408 680 1462 734 in
1504 694 1674 733 unum
1707 680 1808 733 tria
1846 681 2170 734 commisce-

500 776 507 790 ‘
583 779 706 820 ntus
759 782 830 823 ne
877 768 1096 823 Sabellii
1165 773 1353 825 morbo
1410 772 1739 838 laboremus,
1797 789 1896 828 nec
1944 774 1997 828 in
2065 774 2165 827 tria

581 860 866 927 peregrina
928 872 982 915 et
1050 862 1221 916 aliena
1299 864 1444 919 inter
1514 880 1587 920 se
1635 866 1927 921 dividimus
1980 882 2048 920 ne
2117 868 2168 919 in

584 949 698 1005 Arii
753 950 988 1007 furorem
1049 955 1388 1022 incidamus;
1445 957 1539 1012 sed
1582 968 1829 1011 naturam
1889 973 2049 1011 unam
2114 959 2166 1011 in

582 1044 755 1098 tribus
840 1048 1224 1117 hypostasibus
1308 1052 1682 1120 prasdicamus.
1771 1052 2005 1105 Rursum
2103 1052 2169 1106 de

583 1137 959 1194 incarnatione
1025 1142 1116 1195 Dei
1196 1142 1476 1199 Sermonis
1541 1145 1692 1198 velut
1769 1158 1837 1198 ex
1904 1144 2172 1197 diametro

520 1286 521 1289 η
562 1230 726 1299 inter
752 1248 810 1287 se
841 1234 1150 1302 pugnabant
1206 1233 1486 1291 Nestorius
1513 1246 1567 1291 et
1633 1237 1920 1306 Eutyches.
1963 1235 2173 1305 Quippe

582 1322 863 1379 Nestotius
915 1325 1098 1381 aiebat
1140 1327 1277 1382 duas
1323 1338 1544 1395 naturas
1597 1338 1878 1397 separatas
1928 1338 1984 1382 et
2039 1328 2173 1382 duas

582 1431 870 1497 personas,
926 1430 982 1473 et
1037 1421 1169 1475 duos
1199 1420 1468 1484 Christos,
1516 1430 1571 1476 et
1603 1421 1739 1476 duos
1765 1420 1970 1475 Filios:
2003 1420 2171 1492 Euty-

583 1508 718 1563 ches
741 1526 870 1566 vero
905 1521 1154 1567 naturam
1199 1530 1358 1567 unam
1395 1523 1445 1567 et
1492 1529 1651 1566 unam
1688 1514 2024 1585 hypostasiu.
2064 1512 2173 1567 Nos

582 1609 765 1655 autem
796 1602 1027 1656 dicimus
1072 1618 1238 1658 unam
1279 1605 1619 1675 hypostasiu,
1665 1618 1832 1657 unum
1869 1601 2170 1665 Christum,

585 1708 751 1747 unum
786 1692 1006 1756 Filium,
1065 1696 1117 1749 in
1152 1695 1362 1749 duabus
1387 1695 1643 1765 perfectis
1676 1696 1914 1760 naturis,
1968 1694 2171 1748 divini-

584 1793 720 1850 tate,
754 1786 1002 1855 inquam,
1034 1797 1087 1841 et
1109 1788 1467 1852 humanitate,
1492 1787 1929 1856 inseparabiliter
1949 1797 2005 1842 et
2032 1787 2170 1841 citra
2206 1770 2246 1825 Β

586 1875 964 1931 confusionem
1000 1878 1183 1931 unitis.
1210 1878 1397 1948 Itaque
1438 1878 1630 1933 semita
1675 1877 1849 1933 media
1891 1877 2169 1947 regiaque,

588 1969 749 2025 sicuti
779 1970 1037 2033 diximus,
1080 1971 1318 2026 incedito
1368 1973 1841 2043 (quemadmodum
1878 1973 2173 2041 Gregm'ius

587 2061 681 2115 Ille
714 2062 1024 2132 Theologus
1075 2064 1149 2117 ait
1181 2082 1195 2118 :
1226 2048 1475 2119 Medium
1507 2081 1630 2119 cum
1680 2066 1825 2131 dico,
1887 2068 2170 2121 veritatem

587 2153 854 2225 intelligo,
879 2157 945 2210 ad
975 2172 1135 2225 quam
1162 2158 1330 2212 solam
1364 2158 1407 2212 si
1440 2159 1813 2223 respiciemus,
1837 2169 1983 2213 recte
2007 2160 2177 2213 facie-

552 2258 553 2267 ‘
597 2249 766 2315 ntus),
799 2264 896 2304 nec
933 2262 1017 2305 e~t
1052 2251 1194 2319 quod
1235 2267 1517 2304 numerum
1548 2251 1781 2306 duorum
1827 2252 2046 2305 rcformi
2073 2253 2170 2305 les.

591 2338 1052 2406 Quemadmodum
1097 2343 1263 2407 enim,
1302 2358 1423 2397 cum
1460 2345 1511 2397 iu
1541 2332 1823 2415 divinitate
1860 2326 1968 2399 trcs
2006 2347 2174 2414 hypo-

591 2439 766 2483 stases
800 2431 1051 2493 dicimus,
1078 2433 1276 2485 nullam
1311 2444 1517 2487 Natura:
1547 2435 1867 2490 tlivisimtettt
1897 2435 2126 2489 facimus
2157 2452 2172 2491 :

592 2524 671 2576 sic
698 2531 753 2576 et
781 2525 833 2576 in
871 2525 972 2579 hac
1004 2525 1427 2595 dispensatione,
1456 2543 1579 2581 cum
1616 2528 1752 2581 duas
1789 2536 2010 2581 naturas
2041 2529 2177 2580 dici-

597 2632 735 2682 mus,
792 2618 995 2669 nullaut
1026 2619 1195 2685 ipsius
1229 2621 1533 2690 Itypostasis
1569 2616 1891 2674 divisionem
1924 2620 2172 2674 facimus.

594 2712 769 2777 Atque
830 2713 930 2765 huc
978 2712 1108 2765 illud
1164 2724 1268 2780 est,
1320 2714 1462 2782 quod
1523 2714 1817 2779 Gregorius
1875 2714 2177 2781 Theolugns

597 2800 651 2854 in
684 2818 721 2861 ll
775 2805 840 2856 ad
891 2803 1210 2857 Cledonium
1242 2805 1379 2858 libro
1409 2800 1542 2859 dicit
1576 2823 1590 2857 :
1640 2806 1768 2859 ltico
1814 2816 1992 2858 autem
2029 2806 2175 2859 aliud

596 2905 760 2965 atque
781 2898 947 2958 aliud,
986 2914 1139 2953 versa
1168 2900 1285 2954 vice
1312 2908 1472 2969 atque
1501 2900 1555 2952 in
1582 2898 1848 2953 Trinitatc
1877 2914 1964 2953 res
1992 2900 2175 2952 habet.

594 2989 706 3046 Illic
736 2992 880 3045 enim
911 2992 1050 3045 alius
1079 3003 1239 3061 atque
1270 2980 1434 3053 alius.
1478 3005 1546 3044 ne
1586 2990 1907 3060 hypostases
1950 2987 2179 3041 coafun-

2270 502 2527 571 πότητος.
2562 490 2687 554 Ἐπὶ
2747 500 2845 571 μὲν
2868 499 2967 569 τῆς
2995 500 3273 568 θεότητος,
3330 499 3359 550 6
3423 496 3523 567 μὲν
3555 494 3858 557 Σαϐἐλλιος

2270 594 2424 663 ἔλεγε
2459 595 2587 663 μίαν
2616 593 2799 662 φύσιν,
2826 591 2923 645 καὶ
2948 592 3079 662 μίαν
3104 590 3404 644 ὑπόστασιν
3424 605 3439 618 ·
3473 589 3500 641 ὁ
3522 588 3578 640 δὲ
3600 586 3856 655 Ἄρειος,

2268 689 2419 757 τρεῖς
2444 686 2913 751 ὑποστάσεις,καὶ
2936 686 3087 755 τρεῖς
3112 682 3303 752 φύσεις
3329 679 3622 749 ὲκφύλους.
3654 678 3858 748 Ἡμεῖς

2268 781 2326 834 δὲ
2372 781 2498 834 οὔτε
2546 780 2628 841 είς
2678 778 2738 832 ἐν
2771 780 2840 833 τὰ
2890 780 3020 847 τρία
3042 775 3462 843 ’συναλείφομεν
3483 813 3499 835 ,
3530 773 3617 826 ἵνα.
3649 772 3723 842 μὴ
3752 768 3857 822 τοῦ

2270 874 2562 947 Σαϐελλίου
2610 872 2769 926 νόσον
2825 873 3178 940 νοσήσωμεν,
3232 867 3355 922 οὔτε
3407 865 3727 936 διαιροῦμεν
3768 864 3856 926 είς

2267 968 2396 1039 τρία
2427 966 2638 1035 ἔκφυλα
2670 968 2766 1019 καὶ
2811 964 3088 1034 ἀλλότρια,
3138 962 3227 1015 ἵνα
3268 960 3345 1030 μὴ
3382 959 3451 1012 τὰ
3492 958 3703 1027 ’Λρείου
3741 972 3859 1023 μα-

2268 1060 2485 1129 νῶμεν·
2522 1058 2659 1111 ἀλλὰ
2694 1057 2821 1127 μίαν
2868 1055 3031 1127 φύσιν
3065 1057 3126 1107 ὲν
3154 1054 3304 1124 τρισὶ
3340 1052 3691 1123 κηρύττομεν
3712 1046 3860 1098 ὑπο-

2270 1154 2517 1207 στάσεσι.
2564 1151 2734 1206 Πάλιν
2784 1151 2879 1204 ἐπὶ
2934 1150 3033 1219 τῆς
3086 1146 3560 1216 ὲνανθρωπήσεως
3586 1141 3683 1195 τοῦ
3712 1136 3859 1192 Θεοῦ

2270 1244 2448 1313 Λόγου
2472 1242 2621 1296 ὥσπε
2631 1260 2662 1312 ρ
2689 1241 2755 1295 ἐκ
2778 1240 3074 1311 διαμέτρου
3112 1237 3384 1309 ἐμάχοντο
3414 1233 3552 1304 πρὸς
3582 1231 3861 1304 ἀλλήλους

2270 1338 2372 1390 ὅτε
2397 1336 2695 1406 Νεστόριος
2725 1335 2820 1389 καὶ
2856 1336 2885 1387 6
2917 1328 3265 1401 Εὑτυχής.Ὀ
3300 1328 3399 1400 μὲν
3421 1327 3531 1397 γὰρ
3555 1323 3860 1391 Νεστόριος

2272 1428 2426 1497 ἔλεγε
2452 1427 2547 1481 δύο
2575 1427 2768 1495 φύσεις
2801 1424 3244 1494 κεχωρισμένας,
3290 1419 3386 1474 καὶ
3433 1418 3528 1471 δύο
3555 1415 3856 1484 πρόσωπα.

2272 1523 2368 1577 καὶ
2405 1521 2499 1576 δύο
2532 1521 2826 1592 Χριστοὺς,
2878 1519 2972 1571 καὶ
3030 1517 3124 1570 δύο
3156 1515 3339 1578 υἱούς·
3398 1514 3426 1565 6
3472 1511 3529 1565 δὲ
3583 1507 3859 1577 Εὑτυχὴς.

2276 1618 2406 1687 μίαν
2438 1615 2623 1685 φύσιν,
2689 1613 2785 1668 καὶ
2833 1613 2963 1682 μίαν
3021 1610 3344 1675 ὑπόστασιν.
3393 1607 3586 1674 Ἡμεῖς
3623 1603 3681 1657 δὲ
3722 1602 3862 1672 μίαν

2266 1690 2600 1771 ὑπόστασιν,
2629 1708 2725 1763 ἕνα
2752 1707 3013 1777 Χριστὸν,
3050 1705 3147 1757 ἕνα
3171 1703 3313 1755 Υξὸν⁹
3334 1703 3392 1754 ὲν
3419 1699 3514 1753 δύο
3536 1696 3741 1768 φύσεσι
3771 1713 3859 1748 τε·

2276 1804 2471 1868 λείαις,
2494 1801 2713 1870 θεότητι
2739 1798 2886 1867 λέγω
2946 1797 3042 1849 καὶ
3098 1792 3504 1865 ἀνθρωπότητι,
3532 1787 3861 1858 ἀχωρίστως

2276 1898 2367 1951 καὶ
2429 1895 2755 1966 ἀσυγχὺτως
2806 1891 3137 1961 ἡνωμέναις.
3190 1884 3396 1950 Βάδιζε
3429 1882 3521 1937 οῦν
3547 1882 3645 1953 τὴν
3678 1879 3862 1952 μέσην

2276 1990 2374 2044 καὶ
2436 1986 2751 2059 βασιλικὴν,
2797 1985 2874 2046 ὡς
2932 1982 3185 2049 εῐπομεν,
3242 1976 3432 2046 τρίϐον
3485 1972 3583 2043 (ὥς
3625 1987 3792 2042 φησιν
3832 1971 3866 2021 6

2277 2081 2541 2148 θεολόγος
2581 2077 2921 2149 Γρηγόριος·
2963 2072 3255 2141 Μεσότητα
3306 2069 3360 2119 δὲ
3394 2069 3524 2120 ὅταν
3554 2066 3713 2123 εἴπω.
3756 2061 3864 2132 τὴν

2278 2174 2536 2243 ἀλήθειαν
2568 2171 2734 2238 λέγω,
2768 2167 2905 2243 πρὸς
2931 2165 2997 2235 ἢν
3028 2163 3248 2234 βλέπειν
3302 2157 3483 2220 καλῶς
3525 2154 3724 2225 ἔχομεν
3759 2152 3865 2220 μό-

2278 2240 2423 2337 νην),
2482 2264 2558 2333 μὴ
2614 2240 2875 2330 φοϐηθεὶς
2923 2257 3013 2311 τὸν
3057 2253 3292 2324 ἀριθμὸν
3341 2252 3451 2303 τῶν
3493 2248 3608 2301 δύο.
3644 2248 3861 2312 Ὥσπερ

2278 2360 2388 2427 γὰρ
2420 2355 2517 2409 ἐπὶ·
2545 2353 2648 2422 τῆς
2707 2350 2979 2420 Θεότητος
3020 2350 3170 2418 τρεῖς
3221 2341 3552 2403 ὑποστάσεις
3582 2339 3863 2405 λέγοντες,

2277 2452 2339 2504 οὑ
2393 2448 2655 2517 ποιοῦμεν
2707 2443 2972 2512 διαίρεσιν
3006 2438 3259 2507 φύσεως·
3293 2435 3436 2489 οὑτω
3498 2433 3591 2486 καὶ
3624 2430 3717 2483 ἐπὶ
3758 2429 3866 2497 τῆς

2278 2541 2593 2611 οἰκονομίας
2624 2538 2718 2591 δύο
2763 2537 2957 2603 φύσεις
2986 2533 3261 2599 λέγοντες,
3301 2529 3361 2580 οὑ
3406 2524 3671 2594 ποιοῦμεν
3717 2521 3866 2574 διαί-

2283 2653 2434 2706 ρεσιν
2460 2631 2836 2691 ὑποστάσεως.
2868 2627 2978 2681 Kal
2996 2623 3159 2695 τοῦτο
3187 2624 3358 2686 ἐστιν,
3377 2621 3512 2686 ὅπερ
3536 2622 3565 2671 6
3596 2615 3867 2683 Θεολόγος

2281 2727 2583 2797 Γρηγόριος
2634 2725 2694 2776 ὲν
2747 2720 2825 2791 τῷ
2873 2720 3010 2789 πρὸς
3074 2715 3369 2784 Κληδόνων
3422 2710 3662 2780 δευτέρῳ
3716 2706 3867 2775 λόγῳ

2281 2820 2451 2889 φησί·
2497 2818 2659 2882 Λέγω
2692 2813 2745 2867 δὲ
2779 2812 2931 2875 ἄλλο,
2983 2807 3223 2879 ἔμπαλιν
3267 2804 3302 2875 ἢ
3339 2802 3433 2856 ἐπὶ
3478 2801 3573 2869 τῆς
3627 2798 3869 2889 Τριάδος

2284 2887 2422 2977 ἔχει.
2464 2906 2612 2958 Ἐκεῖ
2644 2906 2743 2972 μὲν
2778 2903 2888 2972 γὰρ
2943 2900 3103 2961 ἄλλος
3139 2898 3234 2949 καὶ
3284 2893 3466 2956 ἄλλος,
3525 2892 3611 2944 ἵνα
3648 2892 3721 2959 μὴ
3762 2887 3868 2949 τὰς

2284 2999 2614 3145 ὑποστῗσεις
2655 2996 2996 3064 συγχέωμεν,
3034 2991 3138 3044 οὐκ
3175 2989 3305 3043 ἄλλο
3351 2985 3409 3039 δὲ
3445 2984 3542 3039 καὶ
3595 2982 3759 3037 ἄλλο·
3805 2979 3869 3032 ἒν

2284 3092 2389 3145 γὰο
2438 3110 2468 3144 τ
2551 3090 2700 3145 τοία.
2764 3087 2857 3140 καὶ
2890 3083 3084 3138 ταυτὸν
3116 3080 3181 3145 τῇ
3217 3080 3454 3145 θεότητι.
3502 3074 3619 3128 Καὶ
3665 3071 3869 3125 σκόπει

602 3082 789 3136 damus
810 3092 857 3148 ;“³
890 3098 994 3135 non
1043 3093 1220 3136 autem
1264 3082 1411 3139 aliud
1452 3092 1620 3149 atque
1670 3080 1855 3144 aliud;
1911 3080 2034 3149 quia
2076 3079 2175 3131 tria

2285 3092 2389 3163 γὰρ
2438 3071 2509 3145 τὰ
2551 3090 2700 3160 τρία,
2764 3087 2857 3140 καὶ
2890 3083 3084 3138 ταυτὸν
3116 3080 3181 3153 τῇ
3217 3080 3454 3149 θεότητι.
3502 3074 3619 3128 Καὶ
3665 3071 3869 3125 σκόπει

600 3184 725 3227 sunt
764 3190 925 3227 unum
954 3186 1009 3228 et
1046 3175 1186 3226 idem
1240 3174 1417 3243 quoad
1461 3172 1822 3227 divinitatem.
1850 3170 2019 3225 Recte
2053 3187 2182 3225 vero

602 3268 883 3337 quamlibet:
973 3267 1158 3320 seriem
1202 3268 1489 3321 verborum
1542 3265 1783 3334 religiosi
1821 3264 1984 3331 hujus
2034 3264 2184 3316 theo-

601 3361 704 3432 logi
737 3360 1058 3415 considera:
1091 3359 1239 3423 [Νι-ο,
1274 3359 1470 3426 inquit,
1497 3354 1821 3420 lﬂClll‘iSlO,
1856 3357 1997 3408 aliud
2020 3365 2184 3423 atque

605 3452 769 3505 aliud.
816 3449 951 3503 Nam
1004 3448 1146 3501 aliud
1183 3457 1374 3500 neutro
1405 3461 1603 3516 genere
1638 3447 1900 3515 positum,
1931 3451 2180 3497 naturam

604 3543 907 3609 significat;
970 3542 1213 3608 adeoque
1254 3540 1416 3590 aliam
1449 3547 1608 3607 atque
1635 3539 1798 3601 aliam
1847 3545 2093 3589 naturam
2130 3536 2183 3587 in

599 3635 819 3690 Christo
847 3635 1001 3687 dicit.
1025 3633 1180 3687 Alius
1204 3647 1332 3685 vero
1371 3631 1642 3703 signiﬁcat
1672 3630 2007 3699 hypos'tasiu.
2059 3618 2209 3682 ldeo'

602 3727 836 3791 snlijecit
884 3744 898 3778 :
950 3725 1066 3779 Non
1100 3725 1237 3777 alius
1284 3733 1445 3791 atque
1509 3723 1669 3775 alius.
1722 3719 1909 3772 Etiam
1931 3720 2062 3773 illud
2100 3720 2188 3772 in-

604 3823 802 3886 suice:
852 3818 1012 3872 Versa
1042 3819 1161 3872 vire
1214 3827 1378 3884 atque
1435 3818 1487 3870 in
1538 3814 1808 3869 Trinitate
1838 3794 1952 3867 ’τες
2005 3812 2186 3866 habet.

606 3913 742 3966 Nam
777 3911 829 3965 in
876 3911 1145 3965 Triuitate
1187 3925 1291 3962 una
1331 3917 1522 3961 natura
1571 3890 1673 3970 est,
1714 3906 1808 3961 sed
1842 3921 1945 3958 non
2000 3906 2186 3958 itidem

606 4026 711 4062 ιιιιιι
768 4006 1094 4078 hypostasis.
1155 4006 1214 4057 lu
1243 4004 1461 4057 Christo
1499 4013 1677 4056 autem
1731 4015 1838 4053 una
1882 3998 2189 4069 hypustasis

605 4109 711 4163 est,
745 4111 799 4151 at
827 4113 935 4151 non
976 4086 1169 4151 itidem“
1199 4111 1305 4149 una
1343 4105 1557 4147 natura.
1604 4093 1715 4147 Hoc
1740 4092 1947 4146 scilicet
1971 4093 2189 4144 denotat

603 4192 767 4246 illud:
799 4188 931 4244 Vice
949 4203 1125 4241 versa.
1150 4187 1283 4240 Nam
1307 4188 1374 4240 illi
1407 4194 1600 4239 natura
1628 4200 1734 4238 uua
1757 4193 1941 4247 esl,ac
1964 4194 2074 4237 tres
2094 4184 2191 4251 hy-

605 4292 853 4352 pos-tases
883 4298 896 4333 :
924 4281 1012 4335 hic
1038 4289 1219 4333 autem
1246 4295 1349 4332 una
1377 4279 1710 4347 hypostasis,
1729 4283 1785 4330 et
1815 4274 1935 4329 dum
1957 4282 2187 4327 naturae.

677 4466 774 4521 llis
809 4465 993 4545 dictis,
1047 4462 1493 4530 religiosissimus
1538 4460 1827 4528 episcOpus
1867 4453 2185 4525 Gregorius,
2213 4429 2267 4489 D

606 4559 934 4619 sanctissimi
979 4556 1266 4613 Generalis
1298 4553 1678 4615 consobrinus.
1710 4565 1842 4605 voce
1870 4563 2061 4617 magna
2089 4562 2188 4599 ex-

604 4651 876 4705 clamabat
907 4666 921 4702 :
963 4646 1072 4717 Ego
1100 4646 1376 4699 Romanus
1408 4660 1556 4698 sum.
1623 4642 1930 4695 Auathetna
1970 4652 2075 4692 nou
2102 4635 2188 4690 di-

605 4746 750 4799 centi
768 4744 904 4798 duas
938 4742 993 4796 in
1016 4740 1231 4795 Christo
1253 4736 1512 4791 naturas!

684 4921 949 4977 Postridie
1005 4918 1443 4987 religiosissimus
1481 4914 1715 4983 Sappirii
1778 4914 2064 4979 episcopus
2092 4911 2191 4963 ad-

607 5016 759 5069 venit
788 5032 804 5067 :
848 5014 1028 5080 itaque
1062 5025 1188 5066 cum
1222 5008 1313 5062 illo
1344 5005 1628 5061 Generalis
1659 5017 1907 5059 seorsum
1950 5016 2013 5055 ea
2046 5015 2195 5055 com-

611 5106 968 5165 municabat,
1022 5118 1144 5172 qua:
1207 5101 1275 5155 de
1327 5098 1606 5167 proposita
1678 5094 1979 5164 quaestione
2052 5092 2190 5145 dicta

610 5199 859 5253 fuissent.
891 5195 1066 5249 Etiam
1112 5193 1353 5248 Ostendit
1399 5192 1447 5245 ei
1476 5201 1832 5259 quascunque
1878 5192 2190 5238 sanctorum

613 5292 891 5348 hominum
947 5289 1296 5343 auctoritates
1355 5283 1608 5346 habebat,
1654 5280 1789 5333 duas
1846 5278 1902 5332 in
1978 5276 2195 5330 Christo

614 5386 839 5438 naturas
888 5381 1202 5437 dicentium.
1238 5378 1309 5432 At
1338 5379 1403 5443 is,
1432 5373 1578 5445 quod
1616 5368 2071 5433 disertus‘esset,
2127 5369 2193 5422 ad

614 5479 821 5531 libitum
874 5490 1028 5528 Suum
1083 5487 1177 5526 eas
1232 5470 1591 5537 pervcrtebat.
1632 5467 1815 5535 Itaque
1857 5479 1980 5520 cum
2015 5460 2195 5517 Gene-

614 5570 746 5623 ralis
779 5586 903 5621 eum
951 5568 1103 5619 valde
1143 5565 1509 5623 resistentem,
1555 5577 1618 5614 ac
1656 5568 2043 5626 repugnantem
2098 5556 2195 5609 de-

614 5664 975 5731 pt'eltettdc.et
1002 5699 1015 5720 .
1074 5675 1171 5712 nos
1223 5656 1557 5713 arcessebat,
1593 5663 1647 5705 et
1680 5655 1761 5706 his
1796 5651 1973 5704 verbis
2008 5648 2196 5701 uteba-

620 5764 691 5805 '-;.'i
741 5793 750 5801 .
780 5752 966 5805 l‘vtius
998 5754 1079 5805 hii-
1113 5763 1418 5817 cp:sc0pns,
1451 5747 1541 5811 qui
1568 5760 1805 5809 [διάκορος
1830 5752 1932 5804 cst,
1960 5740 2192 5803 υυιίίιιιυὶ

2285 3186 2468 3249 καλῶς
2506 3182 2745 3250 ἑκάστην
2775 3179 2929 3243 τάξιν
2956 3175 3055 3229 τοῦ
3083 3173 3234 3245 ίεροῦ
3285 3170 3560 3236 θεολόγου.
3593 3166 3754 3233 Λέγω
3781 3164 3863 3225 δὲ,

2230 3340 2231 3343 η
2287 3281 2475 3349 φησιν,
2508 3277 2603 3328 ἐπὶ
2631 3272 2726 3327 τοῦ
2764 3269 3006 3341 Χριστοῦ
3037 3267 3166 3322 ἄλλο
3198 3265 3293 3318 καὶ
3317 3262 3466 3317 ἄλλο.
3492 3260 3567 3313 Τὸ
3591 3258 3700 3349 γὰρ
3731 3255 3873 3349 61110

2287 3346 2585 3434 οὐδετέρως
2619 3362 2922 3430 τιθέμενον,
2948 3357 3049 3427 τὴν
3078 3354 3242 3423 φύσιν
3274 3352 3447 3421 δηλοῖ,
3501 3351 3622 3417 ἤτοι
3666 3346 3871 3416 ἑτέραν

2288 3460 2384 3529 καὶ
2438 3457 2631 3525 ὲτέραν
2682 3454 2848 3523 φύσιν
2900 3452 2996 3503 ἐπὶ
3036 3448 3131 3502 τοῦ
3175 3444 3415 3516 Χριστοῦ
3463 3442 3646 3510 λέγει·
3701 3438 3764 3491 τὸ
3805 3436 3869 3491 δὲ

2288 3549 2470 3613 ἄλλος,
2501 3548 2758 3617 σημαίνει
2783 3546 2882 3613 τὴν
2912 3544 3232 3597 ὑπόστασιν.
3280 3540 3371 3591 Διὸ
3421 3536 3718 3607 ἐπήγαγεν·
3748 3530 3871 3585 Οὐκ

2288 3643 2447 3706 ἄλλος
2477 3643 2572 3694 καὶ
2597 3640 2953 3709 ᾶλλος.’”ορα
3014 3637 3071 3690 δὲ
3114 3634 3210 3689 καὶ
3260 3632 3342 3698 τὸ,
3382 3626 3731 3701 ἘμπαλιΨῆ
3772 3625 3872 3677 ἐπὶ

2289 3736 2389 3797 τῆς
2419 3734 2651 3805 Τριάδος
2684 3732 2818 3802 ἔχει.
2866 3732 2993 3784 Ἐπὶ
3043 3728 3143 3799 μὲν
3176 3726 3286 3796 γὰρ
3342 3724 3443 3793 τῆς
3499 3723 3543 3776 Τ
3550 3721 3731 3792 ριάδος
3768 3719 3872 3788 μία

2292 3826 2454 3893 φύσι;
2498 3825 2685 3883 ἐστὶν.
2718 3822 2833 3875 ἀλλ’
2871 3820 2992 3890 οὐχὶ
3046 3818 3141 3872 καλ⁸
3179 3817 3278 3887 μία
3308 3815 3647 3873 ὑπόστασις·
3681 3809 3775 3861 ἐπὶ
3810 3807 3871 3860 δὲ

2292 3920 2386 3974 τοῦ
2425 3919 2687 3989 Χριστοῦ,
2754 3917 2847 3986 μία
2908 3914 3228 3973 ὑπόστασις,
3290 3909 3407 3961 ἀλλ’
3450 3907 3572 3975 οὑχὶ
3624 3903 3720 3956 καὶ
3771 3901 3872 3971 μία

2293 4016 2480 4086 φύσις.
2515 4013 2625 4066 Kal
2648 4010 2806 4063 τοῦτό
2834 4010 2951 4061 ἐστι
2982 4008 3070 4070 τὺ,
3124 4002 3388 4074 ἔμπαλιν.
3436 4000 3591 4052 Ἐκεῖ
3623 3996 3724 4066 μὲν
3761 3995 3871 4064 γὰρ

2298 4107 2399 4176 μία
2430 4104 2613 4176 φύσις,
2655 4103 2751 4156 καὶ
2788 4102 2938 4169 τρεῖς
2978 4098 3344 4157 ὑποστάσεις·
3396 4090 3632 4159 ἐνταῦθα
3670 4087 3728 4140 δὲ
3771 4085 3874 4157 μία

2294 4199 2599 4259 ὑπόστασις
2640 4196 2735 4248 καὶ
2772 4193 2867 4247 δύο
2906 4191 3119 4262 φύσεις.

2363 4443 2586 4497 Τούτων
2650 4440 2962 4512 ῥηθέντων,
3024 4440 3053 4491 6
3111 4433 3511 4493 εὐλαϐέστατος
3574 4427 3874 4488 ἐπίσκοπος

2294 4537 2618 4608 Γρηγόριος,
2677 4535 2708 4588 6
2760 4532 2856 4585 τοῦ
2910 4529 3218 4599 ἁγιωτάτου
3285 4522 3577 4578 καθολικοῦ
3630 4518 3871 4588 ἀνεψιὸς,

2294 4631 2489 4700 ἐϐόησε
2540 4628 2697 4697 φωνῇ
2741 4624 2953 4697 μεγάλῃ
2976 4642 2990 4656 ·
3038 4621 3179 4690 Ἐγὼ
3215 4610 3491 4689 Ῥωμαῖός
3535 4616 3657 4685 εἰμι
3680 4630 3696 4646 ·
3733 4611 3868 4665 ἀνά.-

2293 4724 2439 4792 θεμα
2466 4720 2543 4790 τῷ
2576 4718 2652 4790 μὴ
2680 4717 2895 4785 λέγοντι
2948 4712 3042 4768 δύο
3065 4712 3259 4781 φύσεις
3289 4710 3348 4762 ὲν
3379 4707 3459 4779 τῷ
3481 4703 3725 4775 Χριστῷ.

2365 4904 2446 4973 Τῇ
2499 4900 2793 4971 ἐπαύριονΧ
2814 4892 2980 4969 ἦλθεν
3034 4896 3064 4947 6
3116 4890 3517 4950 εὑλαϐέστατος
3567 4884 3873 4945 ἐπίσκοπος

2297 4994 2626 5064 Σαππιρίου.
2689 4989 3115 5045 ’Δνεκοινὼσατο
3172 4982 3266 5037 οὖν
3306 4981 3458 5051 αὑτῷ
3502 4979 3532 5030 ὁ
3584 4975 3872 5038 καθολικῖις

2296 5091 2460 5159 χωρὶς
2492 5085 2647 5153 ἡμῶν
2670 5084 2736 5136 τὰ
2765 5081 3064 5151 λαληθέντοι
3097 5080 3221 5144 περὶ
3249 5076 3344 5127 τοῦ
3371 5072 3734 5142 προκειμένου
3769 5067 3875 5137 ζη-

2296 5185 2557 5248 τήματος.
2612 5176 2819 5239 Ἐδειξε
2871 5174 2927 5226 δὲ
2974 5170 3123 5237 αὑτῷ
3164 5169 3260 5221 καὶ
3315 5168 3447 5227 ὅσας
3491 5159 3605 5232 εἶχε
3646 5162 3876 5232 χρήσεις

2298 5275 2489 5341 ἁγίων,
2537 5272 2631 5323 δύο
2676 5268 2942 5337 λεγούσας
2985 5265 3176 5333 φύσεις
3219 5264 3276 5313 ὲν
3307 5261 3385 5328 τῷ
3438 5256 3681 5327 Χριστῷ.
3725 5255 3785 5307 Ὀ
3815 5255 3876 5307 δὲ

2296 5368 2615 5435 διέστρεφεν
2644 5364 2836 5427 αὑτὰς,
2879 5361 3057 5427 λόγιος
3091 5357 3188 5419 ὢν,
3217 5359 3294 5408 είς
3326 5354 3385 5406 τὸ
3407 5352 3606 5406 ἑαυτοῦ
3638 5349 3875 5419 θέλημα.

2311 5460 2396 5520 Ὠς
2429 5457 2520 5509 οὖν
2549 5450 2704 5525 εὗρεν
2735 5454 2897 5506 αὑτὸν
2926 5454 2954 5505 6
2985 5449 3273 5510 καθολικὸς
3306 5445 3551 5515 σφοδρῶς
3585 5443 3876 5511 ἐνιστάμε-

2299 5570 2389 5604 νον
2443 5550 2538 5602 καὶ
2587 5546 3033 5604 ἁντιτταλαίοντα,
3087 5538 3495 5608 μετεκαλέσατο
3552 5538 3726 5609 ἡμᾶς.
3780 5536 3878 5587 καί

2300 5660 2435 5711 φησι
2469 5642 2604 5708 πρὸς
2642 5640 2787 5706 ἡμᾶς
2811 5654 2822 5666 ·
2872 5636 2929 5687 '0
2976 5631 3172 5700 παρὼν
3217 5630 3514 5690 ἐπίσκοπος
3546 5627 3755 5693 Πέτρος
3787 5623 3879 5675 θὲ-

2301 5735 2376 5786 λει
2430 5736 2563 5798 μετὰ
2619 5729 2711 5782 σοῦ
2763 5726 3110 5793 δ;αλεχθῆν;ι
3164 5724 3290 5780 περὶ
3349 5720 3513 5785 μέσον
3568 5717 3730 5789 ἡμῶν
3784 5718 3876 5770 icui.
