4010 6336
692 303 804 373 159

2117 313 2552 374 THEORIANI

3845 318 3949 381 l60

760 420 920 477 GEN.
949 419 1362 495 Sapientissime
1391 423 1650 497 loqueris.
1682 427 1882 506 verum
1911 428 1986 482 uti
2019 435 2074 481 ιιι
2103 428 2264 492 dicis,

2423 427 2503 478 ’Ὀ
2535 423 2695 488 ΚΛΘ.
2728 423 3024 492 Σοφὼτατα
3056 426 3259 495 λέγεις.
3277 428 3418 483 Ἀλλ’
3444 429 3636 502 ὥσπερ
3659 431 3724 486 σῢ
3740 430 3945 500 λέγεις,

687 513 998 584 exemplum
1034 514 1138 569 hoc
1172 517 1507 574 hominiseo
1537 527 1746 574 tantum
1791 535 1821 574 a
1853 522 2056 576 sanctis
2083 520 2276 576 Patri--

690 609 791 662 bus
827 619 1267 678 usurpatunqut
1309 611 1645 676 ostendatur,
1693 613 2149 681 quemadmodum
2197 628 2264 667 ex

688 701 870 755 anima
907 711 962 755 et
996 715 1217 770 corpore
1256 687 1393 757 unus
1427 703 1588 757 homo
1620 715 1854 768 constet,
1904 705 1977 759 ita
2004 713 2064 760 et
2099 706 2264 760 Chri-

689 801 832 844 stum
886 808 1051 846 unum
1087 809 1150 846 cx
1184 794 1463 848 divinitate
1495 794 1938 866 humanitateque
1967 785 2217 852 constare
2245 812 2263 853 :

687 884 769 937 sic
797 895 850 938 et
879 884 995 954 ipse
1026 885 1206 939 dicere
1240 901 1480 954 possum,
1511 901 1607 940 eos
1638 889 1704 941 ad
1732 889 1836 943 hoc
1870 894 2088 946 sumere
2124 891 2266 945 istud

689 977 926 1031 hominis
973 980 1301 1046 exemplum,
1357 988 1413 1030 ut
1464 971 1776 1043 Ostendam,
1834 981 2057 1050 perinde
2107 993 2268 1050 atque

688 1065 868 1119 anima
905 1076 959 1119 et
987 1068 1377 1132 corpus'unam
1413 1067 1648 1123 hominis
1684 1077 1929 1124 naturam
1961 1070 2265 1136 absolvant,

689 1151 764 1212 uti
796 1170 1016 1212 sanctus
1044 1157 1277 1228 Cyrinus
1321 1160 1578 1228 loquitur,
1645 1163 1717 1216 ita
1764 1163 1927 1217 etiam
1957 1179 2022 1217 ex
2066 1151 2267 1220 divini-

689 1259 800 1304 tate
832 1260 993 1317 atque
1041 1250 1375 1305 humanitate
1420 1263 1668 1305 naturam
1695 1269 1856 1306 unam
1886 1268 2007 1307 esse
2051 1254 2270 1310 absolu-

689 1350 824 1405 tam,
861 1341 1046 1412 necin
1084 1343 1300 1396 homine
1345 1343 1695 1399 mutationem
1747 1353 2062 1400 naturarum
2112 1348 2269 1402 dein-

687 1445 814 1501 ceps
849 1433 1271 1501 compositarum
1301 1435 1637 1501 comitatam,
1669 1449 1764 1490 nec
1792 1436 1845 1490 in
1876 1437 2111 1491 Christo.

757 1519 1014 1577 THEOR.
1047 1523 1160 1577 Nisi
1189 1524 1519 1592 prohibitum
1546 1536 1688 1580 esset
1714 1541 1743 1578 a
1770 1527 1970 1581 sanctis
1995 1527 2267 1594 Patribus,

689 1630 756 1671 ne
785 1630 944 1668 unam
977 1615 1028 1669 in
1055 1613 1277 1688 Christo
1309 1625 1578 1691 naturam,
1609 1628 1729 1686 post
1754 1618 1953 1672 factam
1987 1620 2265 1685 unionem,

638 1693 646 1701 ’
687 1709 931 1763 dicamus
959 1725 973 1762 :
1001 1707 1252 1763 fortassis
1291 1724 1454 1765 ausus
1501 1706 1695 1764 fuisset
1728 1710 1922 1779 aliquis
1967 1693 2172 1777 itidem,
2211 1721 2270 1765 ut

693 1809 750 1853 tu
783 1799 941 1863 dicis,
984 1799 1086 1854 hoc
1119 1801 1422 1868 exemplum
1457 1803 1835 1870 interpretari;
1869 1803 1994 1856 licet
2034 1803 2148 1871 ipsa
2186 1819 2270 1858 re-
2301 1790 2342 1845 Β

690 1907 807 1946 rum
845 1900 1033 1946 natura
1080 1893 1162 1948 sic
1201 1882 1330 1947 illud
1361 1894 1533 1962 accipi
1587 1909 1694 1963 non
1729 1897 2026 1961 permittat,
2061 1896 2137 1949 uti
2172 1898 2268 1950 de-

689 1985 1102 2039 monstrabitur.
1134 1984 1288 2039 Nunc
1315 1999 1438 2040 cum
1473 1985 1607 2041 tales
1633 2001 1697 2040 ac
1727 1975 2005 2042 to‘t'sancti
2039 1989 2136 2043 viri
2168 1993 2269 2044 hoc

690 2074 1066 2142 prohibuerint
1139 2083 1398 2144 tanquam
1475 2071 2039 2146 sacrilegu'm‘(qiiae,
2095 2079 2269 2148 inquit

689 2166 848 2220 divus
893 2164 982 2218 ille
1027 2165 1365 2231 Ambrosius,
1407 2173 1616 2220 tantum
1667 2166 2008 2235 sacrilegium
2057 2167 2266 2223 inferna

690 2254 1086 2325 vomuerunt?)
1132 2260 1259 2311 ’σου
1308 2250 1452 2324 pium
1491 2242 1753 2326 recipere,
1832 2259 2069 2315 hominis
2120 2259 2266 2314 nulla

689 2357 873 2400 mente
904 2347 1113 2414 praediti
1154 2346 1339 2402 fuerit.
1537 2346 1542 2352 ’

760 2429 920 2490 GEN.
957 2437 1148 2490 Dixlsti
1184 2453 1366 2504 supra,
1402 2452 1469 2493 ne
1500 2437 1671 2506 ipsam
1714 2438 1928 2506 quidem
1960 2453 2140 2511 rerum
2171 2455 2270 2493 na-

688 2535 867 2581 turam
905 2528 1036 2596 pati,
1073 2537 1134 2581 ut
1172 2526 1250 2582 sic
1295 2529 1609 2595 accipiatur.
1659 2527 1927 2594 Quidnam
1976 2530 2138 2600 igitur
2185 2541 2269 2585 est
2304 2562 2310 2570 -

680 2615 1115 2682 impedimento?
1158 2631 1332 2687 quove
1378 2627 1542 2688 pacto
1595 2622 1787 2672 natura
1843 2634 2024 2680 rerum
2076 2619 2129 2672 in
2181 2620 2266 2673 his

645 2695 648 2698 ’
684 2701 1046 2761 adversatur?
1477 2777 1481 2780 γ

618 2794 620 2796 ’
759 2799 1014 2854 THEOR.
1048 2798 1252 2854 Natura
1285 2802 1350 2856 de
1377 2801 1774 2857 universalibus
1803 2811 1859 2856 et
1887 2801 2268 2857 communibus

689 2891 905 2955 dicitur,
944 2907 1051 2946 non
1099 2893 1165 2947 de
1199 2894 1617 2960 particularibus
1661 2902 1716 2947 et
1755 2893 2068 2947 individuis.
2095 2891 2268 2948 Hom‘o

687 2981 944 3050 quiddam
972 2989 1061 3036 est
1085 2981 1407 3036 universale.
1437 2980 1571 3035 Nam
1603 2982 1668 3036 de
1695 2982 1876 3046 Petro,
1903 2989 1957 3035 et
1986 2979 2172 3045 Paulo,
2212 2989 2289 3034 et.

2369 517 2454 570 ὅτι
2486 517 2742 586 εἴληπται
2772 519 2886 580 τοῖς
2914 512 3094 585 ἁγίοις
3117 521 3178 572 τὸ
3229 519 3326 573 τοῦ
3356 520 3645 592 ἀνθρώπου
3683 524 3951 594 παράδει-

2369 625 2488 677 γμα
2514 607 2651 679 πρὸς
2697 609 2859 674 μόνον
2887 609 2948 662 τὸ
2979 610 3173 678 δεῖξαι,
3196 612 3278 665 ὅτι
3303 611 3494 689 ὥσπερ
3521 615 3585 668 ἐκ
3643 614 3825 685 ψυχῆς
3856 620 3950 667 καὶ

2371 703 2626 772 σώματος
2655 702 2942 771 ἄνθρωπος
2965 698 3069 769 εἷς,
3101 705 3277 768 οὕτως
3308 705 3372 758 ὲκ
3404 706 3661 778 θεότητος
3711 708 3807 761 καὶ
3861 709 3950 760 άν-

2370 792 2719 862 θρωττότητος
2740 787 2820 856 εἷς
2838 793 3074 864 Χριστός
3098 808 3113 824 ⁸
3144 793 3290 847 οὔτω
3308 793 3538 863 δύναμαι
3565 793 3721 863 κάγὼ
3746 797 3947 859 εἰπεῖν,

2375 881 2460 935 ὅτι
2491 883 2570 944 είς
2599 882 2761 936 τοῦτο
2791 883 3285 952 παραλαμϐάνουσι
3318 886 3379 938 τὸ
3445 886 3800 958 παράδειγμα
3852 889 3948 940 τοῦ

2370 974 2686 1045 ἀνθρώπου,
2715 977 2797 1040 είς
2825 975 2886 1029 τὸ
2914 975 3109 1042 δεῖξαι,
3142 978 3225 1030 ὅτι
3251 964 3443 1048 ὥσπερ
3469 979 3619 1048 ψυχὴ
3655 980 3750 1032 καὶ
3785 981 3950 1050 σῶμα

2373 1069 2505 1136 μίαν
2533 1067 2825 1135 ἀνθρώπου
2845 1068 3007 1138 φύσιν
3032 1066 3393 1136 ἀπετέλεσαν,
3421 1071 3496 1134 ὣς
3524 1089 3686 1140 φησιν
3723 1074 3752 1125 ό
3789 1073 3950 1140 ἅγιος

2372 1159 2665 1231 Κύριλλος,
2692 1159 2753 1213 οὔ
2765 1179 2838 1214 τω
2871 1165 2963 1214 καὶ
2990 1163 3054 1215 ὲκ
3085 1162 3340 1233 θεότητος
3360 1164 3454 1217 καὶ
3526 1164 3953 1236 ἀνθρωπότητος

2376 1252 2475 1322 μία
2499 1253 2665 1321 φύσις
2689 1243 3049 1324 ἀπετελέσθη,
3081 1255 3176 1316 καὶ
3221 1254 3346 1308 οὔτε
3405 1258 3464 1308 ὲν
3530 1255 3608 1325 τῷ
3673 1255 3955 1326 ἀνθρώπῳ

2370 1345 2552 1416 τροπὴ
2578 1346 2687 1398 τῶν
2719 1346 2845 1414 ἑξῆς
2870 1347 3227 1400 συντεθεισῶν
3250 1350 3467 1417 φύσεων
3529 1347 3955 1421 παρηκολούθη-

2373 1454 2486 1500 σεν,
2519 1437 2644 1490 οὗτε
2673 1438 2732 1490 ἓν
2761 1438 2838 1508 τῷ
2873 1437 3115 1509 Χριστῷ.
3181 1437 3211 1508 γ’
3598 1443 3610 1453 “

2445 1528 2507 1584 '0
2545 1530 2742 1584 ΘΕΩΡ.
2769 1531 2834 1584 Et
2870 1530 2944 1600 μὴ
2966 1529 3276 1584 ἐκεκώλυτο
3304 1531 3456 1602 παρὰ
3505 1531 3618 1586 τῶν
3638 1531 3806 1599 ἁγίων
3833 1533 3956 1586 [Ια-

2372 1621 2569 1691 τέρων,
2603 1621 2665 1673 τὸ
2689 1621 2870 1690 λέγειν
2899 1621 3035 1690 μίαν
3059 1622 3153 1674 ἐπὶ
3201 1621 3297 1675 τοῦ
3357 1612 3596 1692 Χριστοῢ
3651 1623 3792 1693 μετᾶ
3850 1625 3956 1692 τὴν

2374 1713 2575 1768 ἕνωσιν
2604 1715 2792 1784 φύσιν,
2836 1712 2977 1784 ἴσως,
2997 1715 3064 1769 ἂν
3100 1716 3370 1787 ἐτόλμησὲ
3399 1733 3485 1780 τις
3510 1717 3601 1771 καὶ
3649 1717 3849 1781 οὕτως,
3877 1718 3956 1779 ὡς

2372 1807 2435 1858 σὺ
2463 1808 2592 1878 φῂς,
2620 1806 2876 1860 ἐκλαϐεῖν
2905 1807 2968 1860 τὸ
2989 1807 3350 1878 παράδειγμα
3375 1823 3392 1841 ο
3460 1807 3565 1861 κᾶν
3595 1808 3628 1878 ὴ
3656 1807 3767 1860 τῶν
3797 1825 3954 1876 κρα-

2373 1900 2606 1966 γμάτων
2645 1887 2812 1966 φύσις
2838 1885 3175 1960 οὔτως-αὑτὸ
3201 1897 3685 1967 “ἐκλαμ6άνὲσθαι’
3709 1899 3810 1952 οὐκ
3865 1901 3957 1970 ἐᾷ,

2370 1986 2446 2048 ὡς
2475 1988 2831 2056 δειχθήσεται
2867 2002 2881 2017 ⁶
2915 1982 3033 2041 νυνὶ
3067 1987 3124 2038 δὲ
3155 1987 3431 2039 τοσούτων
3460 1987 3554 2040 καὶ
3607 1987 3960 2057 τηλικούτων

2371 2078 2562 2145 ἁγίων,
2586 2078 2660 2141 ὡς
2679 2077 3021 2147 βλάσφημον,
3044 2078 3178 2146 αὑτὸ
3203 2079 3564 2132 κωλυσάντων
3588 2079 3760 2149 (ποῖος
3783 2079 3954 2150 ᾅδης,

2371 2170 2536 2239 φησὶν
2557 2170 2586 2220 ό
2615 2168 2757 2231 θεῖος
2773 2170 2828 2221 ’Δ
2841 2168 3098 2240 μΰρόσιος
3117 2209 3133 2233 ,
3163 2169 3423 2238 τοιαύτην
3443 2168 3797 2239 βλασφημίαν
3814 2169 3958 2239 ἐξή..

2374 2261 2586 2329 μεσενς)
2618 2244 2694 2324 ὡς
2722 2260 2947 2324 εὐσεϐὲς
3003 2260 3432 2333 παραδέχεσθαιι,
3472 2260 3766 2332 ἀνθρώπου
3817 2261 3959 2315 νοῦν

2370 2353 2474 2405 οὒκ
2508 2353 2746 2422 ἔχοντος,
2785 2354 2905 2406 οὐδὲ
2944 2355 3169 2423 φρένας,
3203 2356 3374 2410 ἐστίν.
3659 2343 3662 2346 ’

2451 2444 2509 2517 Ὁ
2551 2445 2723 2500 KA6.~
2748 2442 2924 2509 Εῐπας
2949 2448 3081 2511 ἄνω,
3113 2449 3196 2500 ὅτι
3217 2447 3341 2500 οὔτε
3370 2451 3402 2516 ἡ
3433 2450 3596 2518 φύσις
3640 2448 3748 2502 τῶν
3801 2465 3958 2519 πρα-

2368 2535 2798 2604 γμάτωνοῦτως
2840 2539 2903 2608 ἑᾷ
2953 2538 3421 2609 ὲκλαμὸἁνεσθαι.
3482 2542 3548 2594 Τί
3589 2541 3682 2594 οὖν
3725 2544 3847 2594 ἐστι
3894 2542 3962 2594 τδ

2369 2626 2581 2679 κωλύον
2609 2643 2624 2692 ;
2659 2628 2754 2706 xui.
2779 2627 2894 2689 πῶς
2927 2629 2959 2698 ἠ
2990 2628 3153 2709 φύσις
3180 2629 3291 2683 τῶν
3317 2630 3664 2702 πραγμάτων
3717 2633 3780 2683 ὲν
3822 2631 3960 2684 τού-

2366 2730 2481 2777 τοις
2493 2717 2801 2770 ἀντίκειται
2825 2733 2841 2784 ;
3320 2710 3324 2718 ’

2440 2806 2500 2860 '0
2526 2806 2809 2862 ΘΕΩΡ.Ἧ
2837 2808 2999 2877 φύσις
3026 2808 3121 2863 ἐπὶ
3145 2811 3255 2865 τῶν
3280 2811 3514 2866 καθόλου
3538 2812 3634 2866 καὶ
3649 2812 3845 2866 κοινῶν
3866 2811 3959 2865 λέ-

2368 2915 2550 2967 γεται,
2583 2900 2684 2953 οὐκ
2707 2902 2798 2953 ἐπὶ
2826 2901 2935 2955 τῶν
2973 2903 3218 2974 μερικῶν
3241 2905 3338 2958 καὶ
3357 2906 3598 2974 ἀτόμων,
3647 2905 3707 2958 '0
3734 2903 3828 2958 οὖν
3857 2906 3960 2958 ἄν⁹

2369 2991 2587 3062 θρωπος
2616 2993 2849 3046 καθόλου
2882 2995 3017 3050 ὲστί.
3057 2995 3212 3050 Κατὰ
3238 2995 3349 3067 γὰρ
3377 2997 3610 3067 Πέτρου,
3668 2998 3763 3050 καὶ⁵
3789 2998 3953 3050 Παύ-

688 3074 942 3128 omnibus
973 3073 1247 3143 sigillatim
1282 3075 1589 3128 hominibus
1635 3075 1978 3158 pradicatur.
2013 3073 2267 3145 Quapro-

2375 3070 2483 3151 λου,
2515 3087 2611 3140 καὶ
2643 3086 2862 3140 πάντων
2884 3087 2992 3142 τῶν
3017 3087 3159 3141 κατὰ
3204 3085 3396 3158 μέρος
3431 3088 3738 3157 ἀνθρώπων
3771 3106 3956 3157 κατη-

690 3175 809 3233 pter
853 3175 909 3219 et
941 3179 1047 3220 una
1095 3179 1282 3221 natura
1331 3167 1550 3221 dicitur.
1597 3165 1798 3221 Omnes
1831 3156 1976 3221 enim
2023 3167 2268 3222 homines

687 3269 755 3308 ex
791 3256 968 3310 anima
1002 3257 1210 3312 ratione
1240 3258 1460 3326 praedita
1505 3266 1559 3311 et
1595 3272 1824 3326 c0rpore
1863 3269 2138 3323 consram,
2161 3259 2269 3312 ho-

689 3346 958 3415 minisque
1003 3346 1372 3403 deﬁnitionem
1427 3343 1721 3417 recipiunt,
1771 3349 2026 3402 nimirum
2071 3346 2264 3414 hanc:

689 3439 906 3492 Animal
953 3439 1162 3494 ratione
1207 3431 1512 3508 prsiditum,
1555 3439 1800 3494 mortale.
1850 3439 2096 3492 Deﬁnitio
2140 3455 2266 3493 vero

692 3541 940 3584 naturam
976 3531 1051 3584 rei
1084 3531 1339 3599 subjectae
1365 3534 1717 3584 demonstrat.
1746 3530 1918 3595 Quam
1946 3531 2014 3584 ob
2046 3546 2263 3584 causam

693 3622 966 3676 individua
1002 3623 1272 3691 propriam
1306 3622 1671 3677 definitionem
1718 3637 1822 3676 non
1856 3622 2074 3676 habent.
2106 3615 2265 3676 Chri-

693 3726 811 3770 stus
840 3723 1019 3770 autem
1071 3731 1170 3769 nec
1213 3716 1540 3779 universale,
1572 3731 1669 3770 nec
1695 3731 1984 3770 commune
2012 3718 2272 3786 quiddam

692 3813 797 3864 est.
827 3807 942 3863 Una
971 3809 1222 3863 nimirum
1249 3818 1332 3863 est
1365 3809 1689 3880 hyposmsis,
1719 3826 1820 3862 una
1852 3825 2102 3878 persona,
2133 3825 2268 3879 qua-

689 3901 845 3971 sique
885 3901 1238 3956 individuum.
1273 3901 1390 3956 Non
1437 3903 1578 3956 enim
1628 3901 1717 3954 alii
1757 3901 1959 3955 Christi
2011 3912 2158 3962 sunt,
2197 3918 2264 3956 ex

687 3993 973 4049 divinitate
1005 4002 1171 4059 atque
1215 3993 1548 4047 humanitate
1593 4002 1936 4056 constantes,
1977 3993 2044 4046 de
2089 3994 2156 4046 iis
2208 4004 2266 4047 ut

689 4085 1032 4157 pradicetur.
1065 4087 1367 4155 Eapropter
1397 4101 1500 4140 una
1532 4086 1716 4153 nequit
1742 4100 1862 4140 esse
1889 4094 2097 4138 natura.
2129 4084 2261 4138 Nam

688 4171 1036 4251 pedicularis
1077 4187 1134 4232 et
1178 4177 1454 4233 individua
1506 4184 1700 4231 natura
1751 4175 1979 4244 reperiri
2029 4175 2261 4243 nequit:

686 4275 782 4330 sed
820 4279 999 4331 omnis
1051 4284 1245 4330 natura
1292 4273 1616 4329 universalis
1649 4283 1759 4338 est,
1799 4273 1974 4341 deque
2021 4271 2265 4341 pluribus

685 4367 903 4423 dicitur.
940 4365 1056 4421 Non
1089 4367 1243 4438 longe
1286 4367 1568 4422 abeamus.
1609 4364 1807 4420 Natura
1843 4365 2022 4419 divina
2071 4365 2262 4432 praedi-

684 4467 840 4515 catur
883 4457 954 4514 de
1005 4456 1187 4522 Patre,
1241 4459 1309 4513 de
1362 4455 1521 4523 Filio,
1553 4455 1850 4523 et"Spirltu
1897 4461 2132 4509 sancto:
2171 4455 2262 4508 iti-

685 4551 918 4618 demque
956 4549 1267 4619 angelorum
1296 4560 1488 4603 natura
1524 4550 1587 4602 de
1614 4544 1902 4610 Michaelo,
1928 4546 2187 4610 Gabrieli,
2208 4553 2262 4600 et

685 4642 754 4699 de
775 4641 1026 4698 ceteris:
1058 4641 1336 4696 hominum
1377 4642 1630 4710 denique,
1647 4641 1714 4694 de
1738 4639 1982 4703 Socrate,
2018 4638 2261 4698 Platone,

687 4737 755 4791 de
779 4735 1000 4804 reliquis
1027 4735 1392 4803 particulatim
1417 4733 1748 4789 hominibus.
1778 4733 2040 4786 Similiter
2060 4744 2113 4786 et
2141 4733 2258 4794 bos,

675 4835 743 4882 ,ει
786 4840 959 4894 equus
991 4824 1205 4893 aliaque
1239 4825 1389 4889 talia,
1433 4824 1499 4878 de
1544 4824 1796 4877 omnibus
1828 4824 1928 4876 sub
1971 4836 2030 4876 se
2065 4821 2262 4874 indivi-

687 4918 830 4973 duis.
864 4916 1131 4984 Quoniam
1163 4931 1294 4987 ergo
1322 4915 1784 4983 naturafquiddam
1817 4924 1900 4969 est
1930 4911 2254 4978 uniVersale,

686 5009 937 5066 Christus
977 5019 1156 5063 autem
1197 5008 1454 5078 quiddam
1493 5008 1798 5061 universale
1832 5021 1936 5060 non
1983 5014 2096 5067 est,
2153 5019 2265 5056 ma-

686 5102 886 5159 nifesto
929 5109 1098 5171 patet,
1149 5100 1395 5156 homines
1441 5110 1587 5154 recte
1641 5099 1937 5152 sentientes
1989 5111 2261 5163 nunquam

689 5195 932 5251 dicturos
966 5208 1126 5247 unam
1154 5201 1422 5246 naturam.
1453 5193 1638 5260 Itaque
1676 5205 1797 5244 cum
1829 5189 1977 5243 et‘ab
2016 5188 2127 5254 ipsa
2171 5202 2265 5238 na-

693 5296 813 5342 tura
847 5301 1050 5349 rerum,
1072 5293 1126 5340 et
1159 5302 1189 5339 a
1225 5285 1428 5340 sanctis
1466 5283 1595 5337 viris
1631 5282 1974 5337 interdictum
2006 5280 2075 5334 sit
2107 5296 2122 5336 :
2157 5293 2262 5332 non

694 5378 852 5432 modo
871 5391 1350 5447 supervacaneum,
1377 5376 1471 5430 sed
1495 5373 1654 5429 nimis
1679 5375 1855 5427 audax
1895 5387 2109 5441 quoque
2145 5386 2262 5423 mea

695 5469 857 5525 fuerit
928 5469 1202 5537 opinione,
1265 5484 1426 5523 unam
1487 5467 1540 5522 in
1610 5466 1829 5520 Christo
1873 5475 2119 5519 naturam
2182 5462 2263 5515 di-

699 5577 842 5617 cere.

666 5682 676 5691 -
775 5649 931 5706 GEN.
965 5648 1140 5705 Meum
1171 5666 1300 5705 vero
1327 5651 1564 5706 animum
1591 5651 1776 5722 Cyrilli
1805 5651 2049 5705 verberat
2082 5656 2267 5702 aucto-

710 5742 864 5808 ritas,
909 5757 1028 5798 cum
1077 5744 1198 5798 ait:
1239 5743 1353 5800 Una
1404 5757 1596 5800 natura
1646 5742 1926 5809 Sermonis
1977 5741 2265 5797 incarnati.

2369 3179 2637 3247 γορεῖται.
2670 3179 2762 3230 Διὸ
2800 3179 2894 3232 καὶ
2923 3179 3021 3246 μία
3052 3179 3216 3246 φύσις
3242 3177 3483 3247 λέγεται.
3517 3179 3726 3242 Πάντες
3750 3178 3864 3250 γὰρ
3903 3181 3957 3232 oi

2369 3268 2648 3336 ἅνθρωποι
2671 3268 2734 3321 ἐκ
2760 3269 2939 3338 ψυχῆς
2974 3269 3201 3339 λογικῆς
3236 3270 3346 3322 εἱσι
3393 3271 3489 3322 καὶ
3537 3268 3811 3338 σώματος,
3848 3273 3958 3322 καὶ

2367 3360 2459 3412 τὸν
2491 3359 2616 3427 ὅρον
2648 3360 2743 3412 τοῦ
2778 3359 3066 3426 ἀνθρώπου
3095 3360 3458 3429 ἐπιδέχονται,
3516 3361 3576 3422 ὅς
3605 3363 3741 3427 ἐστι,
3789 3361 3956 3414 Ζῶον

2367 3450 2609 3517 λογικὸν(
2630 3451 2845 3519 θνητόν,
2879 3451 2950 3502 "0
2975 3450 3031 3503 δὲ
3059 3451 3184 3519 ὅρος
3205 3453 3304 3519 τὴν
3331 3439 3493 3519 φύσιν
3518 3450 3614 3504 τοῦ
3642 3451 3956 3521 ὑποκειμέ-

2366 3560 2460 3595 νου
2489 3545 2818 3613 πράγματος
2848 3542 3017 3613 δηλοῖ.
3052 3543 3152 3595 Διὰ
3178 3543 3336 3614 τοῦτο
3363 3544 3433 3596 τὰ
3453 3545 3629 3613 ἄτομα
3651 3545 3784 3598 ἴδιον
3814 3544 3957 3615 ὅρον

2367 3634 2467 3686 οὐκ
2489 3634 2724 3704 ἔχουσιν.
2767 3635 2827 3687 Ὀ
2866 3634 2920 3688 δὲ
2949 3637 3179 3704 Χριστὸς
3227 3636 3326 3688 οὐκ
3357 3633 3473 3688 ἔστι
3527 3635 3780 3701 καθόλου,
3821 3637 3956 3690 οὒδὶ

2367 3724 2546 3776 κοινόν
2567 3741 2581 3754 ·
2619 3725 2718 3794 μία
2746 3726 2856 3794 γὰρ
2889 3725 3184 3787 ύπόστασίς
3222 3714 3357 3790 ἐστι,
3393 3727 3489 3779 καὶ
3533 3725 3594 3778 ἐν
3625 3727 3954 3797 πρόσωπον,

2367 3816 2461 3872 καὶ
2492 3815 2713 3884 ἄτομον.
2747 3816 2820 3868 Ού
2849 3817 2956 3886 γάρ
2988 3816 3127 3873 εἶσιν
3159 3816 3312 3869 ἄλλοι
3336 3817 3562 3885 Χριστοὶ
3593 3819 3658 3870 ἐκ
3683 3817 3958 3886 θεότητος

2368 3907 2461 3958 καὶ
2488 3908 2930 3977 ἀνθρωπότητος,
2960 3908 3049 3974 ἵνα
3105 3909 3227 3961 κατ’
3283 3910 3510 3962 ἐκείνων
3559 3913 3956 3982 κατηγορηθῇ.

2366 3997 2458 4048 Διὸ
2484 3997 2604 4051 οὐδὲ
2639 3997 2739 4064 μία
2765 3997 3174 4066 φύσιςδύναται
3207 3994 3371 4052 εἶναι.
3419 3999 3672 4070 ’Μερικὴν
3701 4003 3814 4069 γὰρ
3839 4005 3958 4071 φύ-

2367 4107 2477 4155 σιν,
2511 4090 2607 4143 καὶ
2627 4089 2852 4160 ἄτομον,
2887 4091 3170 4160 ἀμήχανον
3193 4093 3375 4162 εὑρεῖν
3406 4110 3419 4125 ·
3477 4091 3616 4146 ἀλλὰ
3654 4094 3808 4146 πᾶσα
3835 4093 3957 4160 φύ-

2367 4198 2452 4242 σις
2482 4179 2712 4233 καθόλου
2736 4179 2887 4242 ἐστὶ,
2912 4181 3005 4233 καὶ
3039 4172 3180 4254 κατὰ
3208 4183 3472 4236 πλειόνων
3491 4183 3733 4250 λέγεται.
3763 4183 3957 4252 Εὐθὺς

2365 4272 2534 4351 γάρῇθ
2562 4270 2683 4325 θεία
2711 4272 2876 4343 φύσις
2903 4275 3298 4342 κατηγορεῖται
3327 4273 3492 4344 ,κατὰ
3541 4274 3638 4326 τοῦ
3698 4274 3955 4346 Πατρὸς,

2367 4361 2462 4415 καὶ
2492 4361 2587 4415 τοῦ
2611 4361 2764 4426 Υίοῦ,
2791 4365 2884 4417 καὶ
2916 4362 3007 4416 τοῦ
3041 4363 3198 4437 ἁγίου
3228 4365 3592 4433 Πνεύματος.”
3633 4367 3732 4418 καὶ
3763 4368 3802 4437 ή
3828 4368 3954 4420 τῶν

2368 4454 2625 4525 ἀγγέλων
2645 4457 2830 4524 φύσις,
2868 4457 3008 4510 κατὰ
3046 4434 3291 4527 Μιχαὴλ,
3327 4459 3423 4511 καὶ
3480 4458 3748 4528 Γαϐριὴλ,
3787 4434 3800 4437 ν
3839 4463 3945 4512 καὶ

2366 4549 2478 4601 τῶν
2500 4547 2744 4603 λοιπῶνο
2779 4549 2876 4601 καὶ¹
2905 4549 2938 4614 ἡ
2976 4550 3086 4602 τῶν
3129 4548 3458 4620 ἀνθρώπων,
3516 4550 3659 4605 κατὰ
3712 4550 3957 4621 Σωκρὰο

2367 4657 2516 4704 τους.
2549 4642 2645 4693 καὶ
2666 4639 2974 4704 Πλάτωνος,
2995 4641 3217 4694 καὶτῶν
3239 4640 3379 4694 κατὰ
3410 4641 3573 4710 μέρος
3600 4640 3948 4710 ἀνθρώπων.

2379 4731 2618 4798 Ὁμοίως
2668 4732 2764 4783 καὶ
2818 4730 2965 4801 βοῦς,
3015 4731 3110 4783 καὶ
3135 4730 3325 4795 ἵππος,
3370 4731 3463 4782 καὶ
3515 4730 3758 4788 τοιαῦτα.
3801 4734 3956 4785 κατὰ

2371 4822 2592 4875 πάντων
2611 4821 2722 4874 τῶν
2751 4822 2843 4875 ὑπ’
2877 4822 3015 4875 αὐτὰ
3042 4821 3280 4890 ἀτόμων.
3340 4821 3495 4898 Ἐπεὶ
3542 4817 3636 4873 οὖν
3693 4821 3727 4890 ἡ
3778 4821 3956 4890 φύσις

2370 4913 2605 4966 καθόλου
2630 4914 2800 4975 ἐστὶν,
2824 4915 2851 4965 ό
2876 4911 2930 4965 δὲ
2962 4912 3200 4982 Χριστὸς
3233 4913 3332 4964 οὐκ
3358 4910 3474 4963 ἐστι
3505 4911 3738 4964 καθόλου
3764 4925 3776 4938 ³
3806 4912 3955 4978 πρό-

2369 5003 2551 5072 δηλον,
2575 5004 2656 5056 ὅτι
2691 5003 2791 5072 μία
2824 5003 2983 5072 φύσις
3012 5003 3154 5056 κατὰ
3222 5003 3329 5054 τῶν
3384 5001 3801 5071 εὐφρονούντων
3837 5004 3949 5055 οὐκ

2370 5105 2439 5158 ἂν
2467 5119 2596 5155 ποτε
2617 5101 2943 5172 ῥηθήσεται.
2971 5099 3130 5150 Ἐπεὶ
3152 5098 3334 5150 τοίνυν
3360 5099 3456 5150 καὶ
3494 5095 3651 5166 παρὰ
3702 5098 3809 5165 τῆς
3840 5098 3953 5164 φύ-

2373 5211 2509 5256 σεως
2539 5193 2725 5256 αὐτοῖς
2749 5191 2859 5245 τῶν
2896 5190 3261 5260 πραγμάτων,
3293 5190 3384 5240 καὶ
3416 5188 3569 5258 παρὰ
3626 5189 3736 5240 τῶν
3763 5187 3953 5255 ἁγίων

2372 5285 2702 5350 κεκώλυται,
2752 5283 2814 5335 οὐ
2850 5279 3105 5353 περιττὸν
3129 5281 3313 5348 μόνον,
3365 5280 3502 5333 ἀλλὰ
3537 5280 3633 5331 καὶ
3667 5278 3956 5348 τολμηρὸν

2371 5378 2561 5449 ἔμοιγε
2588 5377 2917 5441 τέωςδοκεῖ,
2941 5375 3070 5447 μίαν
3101 5376 3263 5445 φύσιν
3288 5375 3470 5443 λέγειν
3527 5377 3621 5429 ἐπὶ
3671 5374 3766 5427 τοῦ
3808 5375 3958 5443 Χρι-

2374 5488 2522 5523 στου.

2441 5649 2503 5701 Ὀ
2531 5646 2695 5700 ΚΛΘ.
2739 5646 2932 5698 Κλονεῖ
2956 5662 3057 5713 μου
3089 5645 3178 5696 τὸν
3204 5643 3328 5697 νοῦν
3351 5644 3384 5711 ἡ
3412 5643 3610 5711 χρῆσις
3634 5643 3727 5694 τοῦ
3758 5659 3948 5711 μακα-

2378 5739 2492 5808 ρίου
2525 5737 2821 5806 Κυρίλλου,
2858 5736 3171 5814 ήλὲγουσα,
3209 5736 3319 5786 Μία
3347 5735 3504 5794 φύσις
3554 5731 3648 5783 τοῦ
3722 5747 3950 5798 σαργωο
