3982 6326
678 277 763 338 171
2099 285 2530 345 THEORIANI
3839 298 3917 358 172

664 410 715 443 in
745 404 932 447 Sancta
979 391 1246 450 Triuitate
1293 393 1605 460 conﬁtetur,
1635 395 1834 452 deinde
1882 406 2076 451 natura
2110 399 2241 453 Ein-

2374 401 2449 470 τὴν
2483 403 2615 472 πρὸς
2650 403 2806 472 ἡμῶν
2831 403 3274 478 ὁμολογουμένην
3317 407 3666 479 ἀνθρωπίνην
3697 410 3851 478 φύσιν
3873 415 3918 461 ὲν

666 492 925 542 manuelis
967 492 1424 558 ltntnanahquam
1475 504 1573 544 nos
1617 488 1966 555 conﬁtemur,
1998 488 2080 546 'ad
2115 507 2245 546 suas

545 561 562 646 ί
665 580 777 633 illas
816 589 926 633 tres
977 592 1202 634 naturas
1247 579 1523 647 adjuncta,
1565 596 1663 650 pro
1711 566 1982 636 Trinitate
2026 593 2248 652 quater.

664 672 876 724 nionem
921 671 1037 724 ﬁeri
1094 670 1420 725 concludit:
1473 673 1677 740 Optime
1733 673 1785 726 id
1830 672 2049 741 quidem
2097 674 2247 729 facit.

2356 492 2436 560 τῷ
2473 492 2827 563 Ἒμμανουὴλ
2854 497 2974 558 ταῖς
3013 497 3179 550 αὐτοῦ
3232 497 3491 568 προσθεὶς
3540 503 3783 569 τριτταῖς
3831 505 3918 569 φύ-

2357 602 2500 645 σεσι,
2532 587 2900 656 συμπεραίνει
2931 590 3052 643 ἀντὶ
3108 590 3340 658 Τριάδος
3381 591 3620 660 τετράδα
3666 595 3918 660 γίνεσθαι,

2361 675 2565 744 ἄριστα
2593 676 2752 728 τοῦτο
2779 679 2941 732 ποιεῖ.
2969 679 3255 749 Εὑτέχνως
3285 683 3396 751 γὰρ
3436 683 3529 734 καὶ
3555 684 3917 755 ἐπιστημόνως

664 763 869 829 Quippe
905 763 1142 830 seipsum
1174 763 1468 816 artiﬁciose
1504 765 1787 832 periteque
1815 773 2028 832 separat
2050 765 2118 819 ab
2142 781 2249 820 uno

2374 768 2733 836 ιποσχοινίζει
2756 769 2950 822 ἑαυτὸν
2967 770 3059 822 τοῦ
3077 772 3241 839 μόνου
3259 772 3419 836 Θεοῦ,
3441 773 3534 825 καὶ
3556 775 3636 838 είς
3651 776 3919 828 πολυϐεἲαν

660 854 772 907 solo
807 854 932 918 Deo,
955 862 1009 906 et
1042 855 1108 906 ad
1144 854 1454 923 Opinionem
1485 855 1550 908 de
1577 854 1820 924 pluribus
1850 855 1954 910 diis
1985 854 2244 910 deﬂectit.

661 945 756 997 Sin
814 939 971 996 unam
1027 945 1329 998 divinitatis
1383 955 1628 999 naturam
1679 955 1734 1000 et
1783 947 1898 1016 ipse
1931 947 2246 1015 contitetur,

659 1039 899 1105 duasque
934 1047 1155 1090 naturas
1209 1037 1260 1089 in
1305 1035 1523 1091 Christo
1558 1053 1571 1089 :
1610 1038 1882 1092 undenant
1936 1040 1984 1093 ei
2023 1052 2243 1094 natura-

660 1146 775 1182 rum
802 1128 1090 1197 quaternio
1123 1128 1520 1195 proﬁciscatur,
1549 1128 1692 1183 scire
1721 1125 1955 1199 nequeo.
1979 1129 2089 1185 Nec
2116 1132 2245 1186 item

659 1221 772 1273 tieri
801 1229 1000 1290 potest,
1029 1227 1084 1271 ut
1105 1219 1376 1274 Trinitate
1403 1221 1818 1288 quaternionem
1846 1222 2245 1292 hypostasium,

657 1315 860 1381 alisque
890 1313 1113 1368 alterius
1147 1312 1453 1382 liypostasis
1481 1313 1801 1368 accessione
1824 1314 2147 1384 cogitemus.

726 1404 822 1459 llis
854 1404 1014 1458 dictis
1037 1444 1050 1469 ,
1077 1404 1268 1458 oculos
1299 1403 1583 1459 Generalis
1621 1406 1676 1458 in
1711 1405 1907 1477 Syrum
1936 1407 2087 1460 illum
2129 1409 2246 1478 epi-

657 1514 879 1569 scopum
912 1498 1168 1566 conjecit.
1197 1497 1444 1566 Cumque
1479 1496 1688 1552 videret
1716 1514 1839 1553 eum
1870 1499 2020 1553 vultu
2051 1501 2104 1552 in
2133 1510 2243 1553 ter-

654 1606 771 1646 ram
832 1591 1042 1656 detixo,
1076 1583 1419 1660 neqiia-qua'm
1474 1592 1776 1662 suspicere,
1831 1605 2127 1647 conversus
2178 1593 2244 1647 ad

652 1685 1052 1749 'l‘heorianuni,
1093 1685 1354 1745 innuebat
1382 1686 1454 1751 ei,
1483 1684 1695 1756 Syrum
1731 1686 1810 1739 uti
1851 1685 2144 1755 aspiceret.
2175 1686 2247 1739 At

2357 849 2837 930 ἐξοστρακίζεταί.
2879 862 2939 913 Ei
2967 862 3023 914 δὲ
3049 864 3180 932 μίαν
3221 862 3478 934 θεότητος
3536 866 3702 935 φύσιν
3752 871 3920 937 ὁμολο-

2353 954 2445 1019 γεῖ
2476 951 2570 1004 καὶ
2612 953 2799 1018 αὐτὸς,
2847 953 2939 1007 δύο
2971 955 3028 1008 δὲ
3066 955 3259 1022 φύσεις
3293 957 3384 1008 ἐπὶ
3410 956 3505 1009 τοῦ
3532 957 3796 1028 Χριστοῦ,
3837 961 3921 1010 οὑι

2351 1042 2492 1113 οἶδα,
2525 1047 2694 1100 πόθεν
2719 1047 2868 1120 αὺτῷ
2896 1048 2931 1120 ἡ
2955 1049 3154 1121 τετρὰς
3189 1052 3299 1102 τῶν
3343 1051 3561 1124 φύσεων
3618 1055 3923 1123 ἐπεισέρχεν

2353 1154 2466 1190 ται.
2510 1136 2901 1193 ’Υποστάσεων
2937 1141 2983 1193 δ’
3021 1137 3086 1195 αὖ
3135 1143 3392 1213 τετράδα,
3445 1143 3570 1215 δίχα
3621 1146 3925 1215 προσθήκης

2352 1229 2548 1300 ἐτέρας
2575 1232 2952 1299 ὑποστάσεως,
2981 1232 3080 1304 τὴν
3105 1234 3315 1305 Τριάδα
3358 1237 3522 1298 νοεῖν,
3557 1237 3858 1306 ἀμήχανον.

2423 1410 2649 1467 Τούτων
2698 1412 2843 1466 οὕτω
2902 1412 3202 1485 ῥηθέντων,
3237 1415 3265 1468 ὁ
3334 1413 3643 1476 Καϐολικὺς
3681 1414 3760 1486 τῷ
3782 1415 3926 1483 Σύρῳ

2351 1503 2640 1574 ἐπισκόπῳ
2667 1504 3002 1574 ἐνητέννισεν.
3041 1505 3131 1568 Ὠς
3155 1504 3249 1559 οὖν
3282 1504 3430 1577 ἐώρα
3477 1507 3673 1560 τοῦτον
3702 1510 3784 1569 εἰς
3836 1510 3928 1575 γῆν

2351 1595 2547 1664 ἔχοντα
2582 1595 2644 1648 τὸ
2673 1595 2830 1666 ὄμμα
2861 1596 2957 1649 καὶ
2978 1597 3248 1668 μηδαμῶς
3277 1597 3635 1661 ἀνανεύοντα,
3679 1600 3929 1670 στραφεὶς

2351 1687 2493 1757 πρὸς
2524 1686 2616 1742 τὸν
2654 1688 2991 1758 Θεωριανὸν,
3042 1690 3289 1743 ὲνένευεν
3348 1690 3500 1757 αὐτῷ
3547 1687 3748 1758 βλέψαι
3805 1688 3929 1755 πρὸς

656 1780 730 1844 is,
763 1777 962 1848 Sytum
1002 1777 1250 1838 intuitus,
1286 1775 1549 1843 subrisit;
1591 1787 1647 1832 et
1677 1777 1743 1830 ad
1779 1775 2098 1831 Generalem
2131 1779 2243 1831 ait:

2374 1777 2440 1831 τὸν
2470 1778 2664 1849 Σύρον.
2715 1779 2774 1834 '0
2821 1781 2880 1834 δέ
2929 1781 3153 1851 βλέψας,
3209 1781 3612 1852 ὑπεμειδίασεο
3652 1783 3747 1834 καί
3803 1796 3930 1848 φησι

655 1870 767 1933 Est,
801 1869 1058 1934 domine,
1088 1870 1233 1936 quod
1271 1867 1538 1937 insignem
1584 1868 1929 1922 sanctitatem
1975 1877 2125 1922 tuam
2160 1869 2246 1922 in-

657 1975 954 2034 terrogem;
1006 1969 1167 2028 teque
1217 1961 1445 2014 obsecro
1502 1973 1570 2014 ne
1619 1961 1715 2014 tibi
1785 1974 1948 2029 grave
1994 1961 2067 2014 sit
2127 1961 2246 2032 ejus

656 2053 895 2129 indicare
926 2051 1279 2106 solutionem.

722 2126 881 2198 GEN.
912 2145 968 2198 Si
1001 2144 1141 2198 Deus
1169 2143 1502 2198 intellectum
1522 2121 1665 2214 “ejus
1697 2143 1833 2199 mihi
1868 2143 2104 2210 dederit,
2135 2159 2246 2199 non

652 2238 919 2309 gravabor
959 2238 1102 2292 illam
1134 2239 1232 2292 tibi
1261 2252 1563 2310 exponere.

726 2331 982 2387 THEOR.
1019 2332 1141 2386 Sint
1196 2332 1306 2398 hic,
1338 2330 1488 2386 velut
1519 2331 1570 2384 in
1621 2331 1938 2402 hypothesi,
1977 2331 2079 2386 tria
2122 2332 2246 2402 igne

654 2431 885 2496 petiora,
907 2441 1025 2494 quae
1057 2436 1238 2480 tamen
1273 2417 1434 2478 unius
1468 2432 1679 2478 natura:
1703 2425 1834 2490 sint,
1861 2425 1978 2480 auri
2011 2423 2242 2485 scilicet,

655 2520 710 2572 Si
742 2520 933 2572 horum
964 2533 1129 2572 unum
1172 2518 1227 2584 in
1265 2519 1443 2589 ignem
1478 2517 1786 2586 conjecero,
1820 2518 1981 2588 plane
2018 2517 2247 2587 ignitum

654 2607 785 2677 illud
841 2609 1069 2661 duarum
1117 2615 1440 2658 naturarum
1498 2606 1645 2672 erit,
1681 2606 1846 2677 ignis,
1897 2605 2144 2674 inquam,
2192 2614 2246 2658 et

638 2674 795 2753 Ῑῖηιί.
851 2697 1054 2753 Deinde
1102 2698 1213 2752 hoc
1262 2696 1413 2750 unito
1468 2674 1958 2764 reliquis‘duobus
1988 2697 2243 2751 'ttecduan

644 2791 861 2862 .ignitis,
891 2792 1188 2858 interrogo,
1219 2795 1482 2860 quotnam
1506 2788 1617 2843 sint
1637 2788 1766 2856 base
1789 2786 1999 2857 ignita?
2021 2786 2244 2854 Triane,

655 2899 755 2940 ceu
797 2881 986 2952 prius?
1015 2895 1083 2934 an
1136 2888 1363 2950 propter
1422 2878 1564 2951 ignis
1615 2889 1870 2933 naturam
1920 2877 2059 2933 facta
2117 2891 2247 2933 sunt

656 2984 892 3045 quatuor
911 2972 934 3028 τ
1979 2968 1982 2969 ⁷

725 3063 887 3120 GEN.
938 3061 1110 3134 Hujus
1155 3061 1603 3134 interrogationis
1641 3061 1973 3117 solutionem
2008 3069 2247 3132 exponat
2270 3101 2315 3163 C

657 3157 894 3214 Joannes
927 3154 1377 3226 religiosissimus
1402 3155 1694 3223 episc0pus
1727 3151 2005 3208 Cessunii.

731 3248 988 3305 THEOR.
1048 3247 1187 3314 Quid
1233 3260 1363 3302 vero
1421 3247 1726 3301 sanctitatis
1790 3258 1895 3301 tuas
1957 3246 2246 3316 prudentia

658 3348 835 3404 dicit?
887 3346 1107 3419 lgnisne
1148 3353 1342 3400 natura
1379 3359 1669 3399 numerum
1719 3343 1834 3398 sive
1883 3326 2246 3413 quantitatem

659 3443 822 3497 trium
855 3440 1070 3496 illorum
1099 3437 1274 3501 auxit,
1303 3437 1528 3491 annon?

727 3531 886 3592 GEN.
916 3531 1044 3587 Mihi
1078 3531 1296 3601 quidem
1333 3545 1440 3585 non
1476 3528 1699 3585 auxisse
1728 3528 1963 3584 videtur.

730 3620 989 3677 THEOR.
1022 3620 1188 3690 Atqui
1221 3619 1373 3687 prius
1421 3620 1538 3673 haec
1571 3619 1674 3673 tria
1703 3619 1868 3673 unius
1897 3629 2058 3673 erant
2092 3629 2250 3674 natu-

659 3730 754 3780 rae,
789 3729 934 3768 nunc
965 3713 1018 3766 in
1047 3726 1156 3767 uno
1180 3713 1299 3766 dum
1329 3720 1536 3764 natura:
1567 3711 2009 3779 conspiciuntur.

730 3801 893 3859 GEN.
932 3800 1045 3856 Hoc
1076 3815 1296 3872 quoque
1329 3799 1382 3854 in
1419 3796 1672 3854 confesso
1695 3809 1805 3854 est.

733 3893 992 3951 'I'HEOB.
1021 3892 1139 3950 Non
1173 3894 1339 3964 igitur
1367 3901 1453 3946 est
1479 3905 1729 3956 necesse,
1792 3893 2095 3948 trinitatem
2127 3894 2251 3947 illo-

656 4005 782 4045 rum
807 3989 949 4060 ignis
987 3988 1037 4041 vi
1073 3987 1368 4057 potiorum,
1405 3984 1521 4038 ﬁeri
1555 3984 1994 4052 quaternionem,
2032 3995 2254 4053 prepter

661 4084 889 4137 alteram
924 4079 1068 4134 illaut
1095 4087 1373 4140 naturain,
1410 4072 1669 4128 videlicet
1703 4073 1846 4144 ignis
1874 4073 1898 4126 ’ί

730 4171 891 4230 GEN.
920 4171 1036 4226 Non
1067 4178 1154 4225 est
1180 4181 1422 4224 necesse.

734 4261 994 4325 THEOR.
1039 4258 1312 4328 lneptiunt
1351 4272 1505 4328 ergo,
1534 4257 1630 4329 qui
1673 4257 1892 4325 dicunt,
1941 4258 2254 4313 necessario

660 4358 818 4417 nobis
851 4355 1268 4425 quaternionem
1313 4364 1413 4419 pro
1461 4346 1736 4407 Trinitate
1782 4349 2171 4415 conﬁtendam,
2205 4352 2249 4404 si

663 4459 885 4505 naturas
913 4446 1050 4501 duas
1076 4444 1132 4498 in
1158 4441 1382 4498 Christo
1410 4444 1626 4505 demus.
1875 4448 1880 4455 '

739 4553 835 4610 llis
861 4551 1043 4614 dictis,
1073 4562 1304 4618 surgens
1361 4547 1454 4603 ille
1513 4545 1686 4619 Syrus
1732 4548 2050 4620 episcopus,
2106 4546 2255 4601 nullo

2349 1867 2487 1938 πρὸς
2518 1869 2610 1922 τὸν
2645 1869 2951 1924 Καθολικόν
2976 1887 2990 1901 ”
3022 1871 3294 1935 Δέσποτα,
3326 1873 3591 1942 ἐρώτημα
3634 1870 3748 1939 ἔχω
3801 1872 3931 1939 πρὸς

2349 1959 2448 2030 τὴν
2485 1959 2732 2030 μεγάλην
2783 1962 3099 2034 ἁγιωσύνην
3135 1979 3251 2028 σου,
3322 1961 3417 2015 καὶ
3475 1962 3807 2031 παρακαλῶ,
3864 1963 3931 2030 μὴ

2350 2053 2698 2124 κατοκνήτῃς
2725 2055 2904 2106 εἰπεῖν
2938 2071 3029 2122 μοι
3059 2055 3157 2122 τὴν
3184 2051 3376 2126 τούτου
3401 2052 3580 2106 λύσιν.

2433 2143 2492 2196 '0
2521 2144 2682 2199 ΚΑΘ.
2732 2144 2862 2200 Ἐὰν
2887 2148 2915 2200 ὁ
2943 2145 3075 2208 Θεὸς
3096 2146 3258 2198 δώσει
3317 2163 3408 2215 μοι
3428 2147 3526 2216 τὴν
3566 2143 3761 2198 τούτου
3800 2144 3934 2211 γνὼ-

2351 2253 2459 2302 σιν,
2510 2238 2572 2291 ού
2604 2240 2935 2307 κατοκνήσω
2972 2238 3181 2308 ταύτην
3213 2239 3390 2290 είπεῖν
3426 2254 3528 2290 σοι.

2431 2331 2492 2385 '0
2521 2330 2724 2385 ΘΕΩΡ.
2795 2332 3082 2385 Ἔστωσαν
3139 2333 3213 2396 ὡς
3264 2335 3319 2385 ὲν
3391 2330 3652 2385 ὑποθέσει
3707 2331 3936 2384 ἐνταῦθα

2343 2424 2642 2496 ῥπέρπυρα
2676 2425 2827 2494 τρία,
2863 2427 2994 2495 μιᾶς
3031 2426 3164 2480 ὄντα
3195 2428 3435 2495 φύσεως,
3495 2424 3698 2496 χρυσοῦ
3738 2425 3929 2496 δηλον-

2347 2515 2452 2572 ότι.
2523 2517 2650 2572 Ἐὰν
2679 2514 2775 2571 οὖν
2820 2517 3028 2573 τούτων
3077 2519 3135 2580 ἓν
3181 2520 3544 2588 πυρακτήσω,
3593 2518 3748 2572 ἐσται
3799 2517 3938 2571 πάν-

2347 2622 2456 2670 τως
2483 2608 2546 2662 τὸ
2575 2611 3092 2681 πεπυρακτωμένον
3121 2609 3215 2662 δύο
3252 2610 3494 2680 φύσεων,
3534 2609 3680 2677 λέγω
3732 2608 3798 2680 δὴ
3842 2628 3939 2661 τω-

2349 2700 2443 2770 ρὸς
2494 2701 2590 2753 καὶ
2639 2700 2869 2771 χρυσοῦ.
2932 2697 3067 2754 Εἶτα
3129 2699 3341 2764 ἐνώσας
3380 2700 3542 2775 τοῦτο
3580 2702 3695 2762 τοῖς
3729 2699 3942 2759 λοιποῖς

2345 2791 2468 2845 δυσὶ
2528 2793 2639 2856 τοῖς
2680 2792 2758 2863 μὴ
2805 2792 3363 2863 πεπυρακτωμένοις,
3418 2792 3610 2863 ἐρωτῶ
3644 2791 3794 2845 πόσα
3851 2791 3941 2842 νῦν

2348 2884 2457 2937 εἱσι
2489 2883 2663 2938 ταῦτα
2693 2870 2762 2945 τά
2784 2885 3082 2956 ὑπέρπυρα
3114 2901 3131 2950 ;
3178 2886 3337 2954 Τρία,
3370 2885 3447 2949 ὡς
3477 2884 3707 2956 πρώην;
3763 2885 3798 2955 ἢ
3859 2884 3946 2935 δια

2347 2973 2447 3046 τὴν
2481 2975 2644 3045 φύσιν
2677 2976 2769 3031 τοῦ
2812 2976 2986 3049 πυρὸς
3011 2976 3267 3044 ἐγένοντο
3303 2978 3548 3046 τέσσαρα
3575 2994 3591 3043 ;

2437 3067 2495 3122 '0
2546 3067 2707 3122 ΚΑΘ.
2747 3068 2952 3121 Τούτου
2987 3067 3080 3120 τοῦ
3116 3067 3481 3139 ἐρωτήματος
3526 3068 3555 3120 δ
3602 3066 3951 3121 εὐλάὸἐστοι-⁴

2351 3176 2444 3223 τος
2482 3161 2781 3224 ἐπίσκοπος
2808 3161 3141 3213 Κεσσουνίου
3177 3159 3432 3230 Ἰωάννης
3457 3158 3588 3229 εῐπῃ
3619 3159 3720 3229 τὴν
3762 3160 3951 3210 Nam.

2453 3254 2495 3306 Ο
2538 3252 2735 3307 ΘΕΩΡ.
2775 3251 2840 3306 Ἠ
2865 3251 3084 3316 σύνεσις
3115 3253 3170 3305 δὲ
3217 3253 3316 3324 τῆς
3352 3251 3669 3324 ἁγιωσύνης
3732 3270 3833 3304 σου
3894 3251 3951 3300 τί

2350 3344 2545 3413 λέγεις
2611 3345 2674 3397 Ἦ
2703 3344 2897 3414 ’φύσις
2951 3343 3048 3398 τοῦ
3109 3342 3284 3414 πυρὸς
3344 3340 3554 3414 ηὔξησε
3584 3345 3678 3396 τὸν
3704 3344 3951 3414 ἀριθμὸν

2351 3438 2470 3508 ἦτοι
2496 3438 2558 3490 τὸ
2586 3437 2750 3491 ποσὸν
2768 3438 2876 3490 τῶν
2902 3435 3095 3507 τριῶν,
3121 3435 3154 3507 ἢ
3179 3433 3240 3489 αὖ
3272 3453 3288 3504 ;

2436 3528 2496 3580 ’0
2537 3529 2698 3581 ΚΑΘ.
2740 3528 2981 3597 Ἔμοιγε
3018 3528 3154 3590 τέως
3187 3526 3357 3594 δοκεῖ,
3400 3527 3481 3580 ὅτι
3531 3519 3632 3579 οὐκ
3677 3525 3951 3597 ηὔξησεν.

2435 3620 2495 3672 '0
2524 3618 2718 3674 ΘΕΩΡ.
2773 3621 2880 3675 Καὶ
2934 3619 3045 3692 μὴν
3088 3619 3285 3690 πρώην
3339 3621 3471 3691 μιᾶς
3529 3614 3675 3690 ἦσαν
3723 3620 3951 3690 φύσεως

2352 3714 2422 3767 τὰ
2453 3715 2604 3785 τρία,
2647 3713 2766 3766 vovi.
2787 3713 2844 3766 δέ
2882 3716 2940 3767 ἐν
2966 3713 3044 3785 τῷ
3076 3713 3158 3766 ἐνὶ
3189 3713 3284 3766 δύο
3312 3712 3665 3784 καθορῶνται
3723 3715 3951 3784 φύσεις.

2436 3805 2496 3860 '0
2529 3804 2687 3859 ΚΛΘ.
2745 3804 3118 3874 Ὁμολογεῖται
3141 3803 3238 3858 καὶ
3265 3803 3444 3859 τοῦτο.

2437 3896 2497 3951 '0
2542 3896 2739 3953 ΘΕΩΡ.
2798 3898 2913 3952 Οὐκ
2938 3898 3153 3968 ἀνάγκη
3195 3896 3383 3951 λοιπὸν
3437 3895 3538 3966 τὴν
3595 3898 3792 3968 τριάδα
3839 3916 3951 3950 των

2354 3990 2692 4061 ὐπερπύρων
2723 3989 2960 4058 τετράδα
2987 3987 3244 4057 γενέσθαι
3271 3988 3364 4041 διὰ
3391 3987 3490 4059 τὴν
3523 3989 3723 4061 ἑτέραν
3755 3991 3951 4060 (puum,

2355 4079 2474 4151 ἦτοι
2506 4078 2603 4132 τοῦ
2636 4081 2849 4149 πυρός;
2915 4091 2918 4096 ·

2435 4170 2498 4224 '0
2530 4169 2693 4226 ΚΑθ.
2727 4171 2839 4226 Ούκ
2881 4173 3118 4244 ἀνάγκη.

2435 4261 2495 4316 '0
2520 4257 2717 4318 ΘΕΩΡ.
2753 4263 3232 4333 Περιττολογοῦσιν
3259 4265 3373 4336 ἄρα
3398 4264 3450 4317 oi
3502 4263 3780 4332 λέγοντες,
3848 4268 3951 4319 ’Λ-‹

2355 4358 2535 4432 νάγκη
2557 4358 2790 4429 τετράδα
2808 4360 2930 4412 ἀντὶ
2957 4359 3188 4431 Τριάδος
3216 4357 3526 4428 ὁμολογεῖν,
3554 4360 3604 4410 εί
3626 4357 3722 4411 δύο
3749 4359 3951 4428 φύσεις

2281 4448 2334 4508 D
2359 4453 2415 4505 ἐν
2449 4453 2527 4521 τῷ
2569 4451 2792 4522 Χριστῷ
2814 4451 3085 4522 δώσομεν.

2427 4541 2647 4596 Τούτων
2663 4540 2805 4596 οὕτω
2826 4542 3126 4613 ῥηθέντων,
3158 4541 3188 4595 ὁ
3221 4541 3392 4614 Σύρος
3441 4541 3746 4608 ἐπίσκοπος
3810 4547 3929 4597 ἀνα

661 4647 830 4705 verbo
888 4643 1133 4714 Prolata,
1191 4641 1475 4697 cmnaculo
1535 4657 1658 4696 cum
1704 4641 2095 4696 sacerdotibus
2141 4641 2249 4694 suis

2374 4635 2490 4698 κτὰς
2523 4634 2717 4705 ἐξῆλθε
2747 4635 2843 4688 τοῦ
2871 4635 3147 4706 ἀνωγαίου
3221 4636 3359 4706 μετὰ
3397 4636 3505 4688 τῶν
3536 4637 3729 4707 ίερέων
3753 4638 3951 4702 αὑτοῦ,

661 4751 913 4811 egressus
959 4746 1062 4791 est.
1108 4733 1492 4801 interrogatus
1545 4742 1724 4787 autem
1784 4745 1817 4785 a
1873 4730 2249 4786 sacerdotibus

2374 4724 2526 4797 ιηδὲν
2555 4725 2820 4781 ἐπειπών.
2862 4726 3194 4796 Ἐρωτηθεὶς
3227 4726 3287 4779 δὲ
3329 4726 3483 4796 παρὰ
3517 4726 3626 4780 τῶν
3659 4729 3832 4781 αὐτοῦ
3882 4732 3951 4782 li:

663 4833 797 4896 suis,
831 4841 932 4882 cur
967 4824 1098 4879 nihil
1133 4839 1257 4878 cum
1295 4822 1621 4892 philosopho
1669 4823 1885 4876 locutus
1911 4830 2060 4877 esset
2099 4839 2114 4875 :
2145 4837 2248 4875 non

662 4923 764 4978 sibi
829 4920 995 4974 licere
1047 4916 1201 4980 dixit,
1238 4914 1290 4968 in
1342 4915 1514 4967 aliena
1566 4909 1775 4984 synodo
1823 4915 1890 4967 de
1942 4911 2250 4981 hujusmodi

665 5015 829 5069 rebus
868 5008 1037 5077 loqui,
1081 5006 1198 5060 sine
1227 5006 1484 5058 mandato
1527 5005 1855 5072 patriarcha:
1887 5003 1989 5057 sui.

733 5101 886 5157 Tunc
942 5109 1244 5164 exsurgens
1299 5093 1610 5164 Stephanus
1666 5097 1855 5147 ductor
1907 5093 1981 5146 ait
2031 5110 2044 5146 :
2102 5093 2252 5163 ltogo

663 5194 1004 5248 sanctitatem
1034 5198 1270 5243 vestram
1292 5200 1349 5241 ut
1383 5202 1674 5256 parumper
1701 5203 1785 5240 me
1813 5188 2067 5243 audiatis.
2093 5185 2250 5240 Post-

593 5293 595 5298 '
662 5299 825 5355 quant
877 5282 925 5335 ei
979 5278 1134 5348 copia
1188 5278 1404 5331 dicendi
1445 5280 1565 5329 data
1619 5276 2016 5342 est:Quidam,
2054 5279 2243 5344 inquit,

663 5373 1043 5441 ludtniagister
1097 5372 1262 5438 ((Bptt
1317 5371 1601 5440 puerulum
1656 5373 2252 5438 educist't','aiebutipte

665 5471 763 5539 ipsi
787 5487 800 5523 :
821 5467 1122 5532 Diclllplm.
1159 5465 1208 5518 IS
1242 5476 1422 5520 autem
1457 5462 1676 5517 nolebat
1706 5464 1910 5518 dicere.
1939 5464 2148 5519 {Rursus
2175 5467 2252 5517 lit-

671 5566 988 5634 diu.agister
1022 5561 1204 5615 aiebat
1231 5559 1328 5629 ipsi
1355 5576 1367 5612 :
1392 5558 1699 5624 ΠίεΑΙρίια.
1740 5556 1788 5610 Is
1825 5571 1952 5611 vero
2001 5558 2253 5611 similiter

2364 4817 2526 4887 ρέων,
2551 4816 2640 4869 διὰ
2671 4818 2725 4870 τί
2754 4818 2855 4870 οὐκ
2885 4817 3154 4887 ἐλάλησάς
3179 4834 3232 4870 τι
3257 4819 3394 4888 πρὸς
3442 4819 3536 4872 τὸν
3605 4820 3919 4889 φιλόσοφον
3950 4839 3951 4882 ;

2363 4906 2516 4964 εἶπεν
2538 4912 2642 4972 ὃτι,
2679 4911 2795 4962 Οὐκ
2861 4909 3039 4974 ἔξεστί
3077 4927 3168 4979 μοι
3190 4911 3247 4961 ἐν
3275 4910 3536 4982 ἀλλοτρίᾳ
3574 4911 3782 4981 συνόδῳ
3819 4931 3897 4964 πε
3912 4915 3951 4983 pl

2359 5003 2468 5056 τῶν
2499 5002 2761 5055 τοιούτων
2795 5000 2978 5054 λαλεῖν
3011 5001 3087 5070 (l)
3120 5001 3250 5054 ἄνευ
3284 5000 3380 5054 τοῦ
3413 5002 3549 5072 ἐμοῦ
3573 5005 3944 5076 πατριάρχου

2433 5093 2523 5145 Ἑν
2551 5092 2759 5154 τούτοις
2791 5091 3030 5155 ἀναστὰς
3083 5092 3358 5162 Στέφανος
3379 5095 3408 5146 ὁ
3433 5092 3756 5158 διδάσκαλος
3788 5092 3929 5148 εἷπε

2361 5185 2678 5252 Παρακαλῶ
2731 5185 2827 5253 τὴν
2881 5182 3195 5252 ἁγιωσύνην
3230 5184 3388 5250 ὑμῶν
3431 5183 3666 5237 ἀκοῦσαί
3715 5204 3826 5254 μου
3869 5208 3951 5258 μιι

2362 5276 2516 5345 κρὸν.
2564 5275 2651 5337 Ὠς
2683 5276 2737 5327 δὲ
2779 5275 3065 5344 ἐπετράπη
3085 5274 3239 5344 αὐτῷ
3269 5274 3523 5344 λαλῆσαι,
3565 5274 3723 5329 εἷπε*
3793 5280 3951 5332 Διδάη

2363 5367 2559 5426 σκαλός
2582 5384 2664 5428 τις
2695 5366 2900 5436 ἤρξατο
2934 5365 3266 5436 μαθητεύειν
3295 5365 3605 5437 παιδάριον,
3637 5369 3734 5422 καὶ
3762 5371 3951 5439 ἐλεγει

2366 5463 2538 5533 αότῷ,
2560 5463 2695 5540 Εἰπὲ
2717 5463 2903 5532 ἄλφα.
2928 5464 3000 5514 Τὸ
3029 5462 3086 5513 δὲ
3117 5463 3216 5515 οὐκ
3251 5463 3444 5532 ἢθελεν
3475 5465 3670 5517 εἰπεῖν.
3707 5468 3818 5519 Καὶ
3868 5473 3951 5522 τῑα

2368 5559 2450 5609 λιν
2479 5562 2504 5611 ὁ
2539 5559 2859 5621 διδάσκοι).ος
2907 5556 3091 5624 ἔλεγεν
3122 5557 3306 5625 αὐτῷ.
3352 5549 3496 5608 Εἰπέ
3537 5558 3724 5625 ἄλφα.
3766 5560 3847 5612 Τὸ
3913 5563 3951 5614 (Ui

744 5742 820 5812 (ι)
851 5739 1126 5794 llactenus
1155 5735 1344 5794 editio.
1383 5736 1623 5804 Pergunt
1653 5733 1850 5790 deinde
1882 5732 2097 5790 codices
2138 5730 2402 5788 Vaticani.
