3982 6326
151 300 224 364 1η
1470 290 1930 354 DISPUTATIO
1970 289 2014 348 ῐ.

3255 270 3357 346 ut

147 413 300 480 ὁμοίως
343 406 574 462 ἐσιώπα.
630 403 763 462 Εἶτα
827 408 1219 478 ἀγανακτήσας
1274 407 1302 458 ὁ
1352 404 1672 464 διδάσκαλος

1793 400 1996 453 silebat.
2027 396 2164 451 Tum
2202 395 2581 467 ludiinagistcr
2621 392 2972 448 stomachans
3003 391 3080 447 ait
3112 393 3361 460 puerulo:

148 505 255 570 λέγει
280 501 346 570 τῷ
373 503 676 572 παιδαρίῳ,
711 501 812 554 Διὰ
855 501 910 556 τί
947 502 1009 554 οὗ
1044 501 1262 568 λέγεις;
1305 499 1379 550 Τὸ
1430 496 1488 548 δὲ
1544 497 1670 563 ἔφη,

146 594 364 663 1Ιιιιόοιῖμιιι
391 595 570 647 εἰπεῖν
595 594 785 663 ἄλφα,
825 594 912 647 ἵνα
939 594 1014 664 μή
1050 610 1120 663 με
1143 590 1463 660 ἀναγκάσῃς
1497 590 1674 641 εἰπεῖν

148 692 213 741 καὶ
235 691 291 741 τὰ
322 688 462 756 ἑξῆς.
494 687 670 740 Τοῦτο
688 688 831 755 λέγω
867 685 1044 753 κάγὼ,
1091 685 1218 738 Ἐὰν
1243 683 1674 753 ὁμολογήσωμεν

144 782 214 834 δύο
241 780 412 846 φύσεις
467 782 529 831 ἐν
581 779 659 848 τῷ
712 777 959 848 Χριστῷ,
1001 777 1216 846 ἀνάγκη
1265 775 1484 835 πάντως
1527 773 1676 842 ἡμᾶς

146 873 310 924 καὶδύο
331 872 637 942 ἐνεργείας,
659 873 754 924 καὶ
775 870 869 922 δύο
889 869 1170 939 Θελήματα
1191 870 1391 922 εἰπεῖν’
1412 867 1504 918 καὶ
1521 864 1676 917 ἔσται

146 961 250 1027 dei,
276 966 504 1034 Χριστὸς
539 965 709 1018 θέλων
755 964 850 1017 καὶ
898 966 974 1034 μὴ
1007 961 1178 1016 Θέλων
1219 961 1280 1014 τὺ
1315 959 1450 1012 αὐτὸ
1483 961 1580 1012 καὶ
1617 957 1678 1011 ἓν

148 1058 350 1125 πρᾶγμα,
389 1057 592 1120 καὶτις
632 1057 778 1127 μάχη
818 1056 942 1109 καθ’
967 1053 1164 1108 ἑαυτοῦ
1193 1053 1349 1105 ἔσται
1405 1049 1486 1120 τῷ
1545 1048 1626 1100 ἑνί
1659 1063 1674 1077 ⁸

142 1149 282 1200 ὖοὺδὲ
320 1149 395 1218 τῷ
443 1149 668 1218 τυχόντι
716 1147 993 1220 ἀνθρώπῳ
1044 1146 1324 1215 συμϐῆναι
1378 1142 1594 1213 πρέπον
1639 1142 1674 1212 ἢ

144 1241 440 1311 ἐνδεχόμενον
467 1242 613 1295 εἴποι
641 1259 726 1306 τις
754 1242 844 1296 ἄν.

192 1418 358 1472 ΘΕΩΡ.
388 1419 499 1472 Τοῦ
531 1419 784 1487 λέγοντος
807 1420 902 1474 δύο
930 1421 1059 1492 Θελή
1070 1437 1216 1490 ματα
1245 1420 1500 1491 ἀλλήλοις
1525 1420 1680 1473 ἐναν-

140 1509 374 1579 notitiem,
417 1519 516 1564 καὶ
559 1511 654 1565 δύο
707 1511 988 1582 ἐνεργείας
1056 1510 1378 1582 μαχομένας
1418 1510 1678 1581 ἀλλήλαις

141 1603 183 1652 ἐν
196 1601 259 1671 τῷ
286 1605 356 1655 ἐνὶ
384 1603 632 1674 Χριστῷ,
657 1599 701 1658 ὧ
725 1605 1038 1670 διδάσκαλε,
1067 1604 1189 1659 οὐδὲ
1218 1603 1458 1658 ἀκοῦσαι
1490 1602 1678 1664 ποσῶς

136 1694 422 1764 ἀνεχόμεθα.
458 1691 584 1765 Εἶχε
619 1699 844 1767 μὲνγὰρ
873 1697 936 1750 τὸ
951 1698 1256 1766 πεφυκέναι
1291 1695 1466 1750 Θέλειν
1491 1698 1519 1750 ὁ
1545 1713 1680 1766 σαρ-

1775 493 1887 549 Cur
1915 508 2019 548 non
2051 491 2314 563 loqueris?
2340 491 2432 560 qui
2463 489 2967 559 responditnglpha
2990 488 3172 543 dicere
3197 502 3364 557 expa-

1776 599 1960 650 vesco,
1989 597 2058 638 ne
2083 598 2170 637 me
2213 582 2470 649 deinceps
2495 592 2718 634 caateras
2750 567 2966 650 quoque
2997 579 3208 633 litteras
3234 593 3362 648 pro-

1773 675 2031 730 nuntiare
2057 687 2243 744 cOgas.
2277 673 2477 728 Eadem
2506 687 2608 742 ego
2641 673 2999 741 responsione
3040 681 3180 725 utor.
3226 667 3362 724 Nam

1777 769 1823 823 si
1849 768 1984 823 duas
2016 768 2068 822 in
2101 767 2318 822 Christo
2346 765 2644 822 fatebimur
2692 775 2947 830 naturas,
2970 778 3191 833 prorsus
3227 777 3361 831 opus

1778 863 2047 916 erit'duas
2068 875 2289 930 quoque
2315 859 2501 912 dicere
2531 857 2877 924 operationes
2909 865 2966 910 ct.
3004 857 3138 910 duas
3167 855 3362 909 volun-

1782 961 1923 1007 tates
1953 970 1966 1006 :
1992 961 2156 1021 atque
2184 951 2262 1006 ita
2286 965 2428 1004 unus
2467 949 2719 1016 idemque
2735 946 2988 1002 Christus
3020 962 3183 1000 unam
3212 961 3367 1002 eama

1779 1045 2014 1114 demque
2031 1061 2145 1100 rem
2166 1045 2310 1100 volet
2323 1053 2378 1100 et
2396 1043 2559 1104 nolet.
2579 1051 2636 1098 et
2655 1057 2828 1113 pugna
2845 1043 3090 1110 quaedam
3108 1041 3368 1096 adversus

1779 1153 1839 1192 se
1871 1138 2045 1207 ipsum
2077 1139 2171 1192 nni
2200 1138 2450 1208 subjecto
2480 1137 2586 1192 erit
2616 1154 2630 1192 :
2659 1137 2802 1205 quod
2833 1137 3048 1206 quidem
3102 1150 3170 1189 ne
3205 1135 3363 1190 cuili-

1780 1229 1870 1282 bet
1901 1230 2119 1297 quidem
2151 1229 2354 1283 homini
2387 1229 2635 1283 accidere
2669 1227 2751 1281 vel
2780 1243 3078 1298 congruum
3119 1227 3202 1281 vel
3231 1241 3360 1296 pro-

1784 1319 1961 1374 babile
1983 1320 2258 1389 quispiam
2289 1319 2508 1374 dixerit.
3337 1316 3343 1320 ’

1852 1408 2062 1465 THEB.
2109 1413 2243 1467 Eum
2274 1414 2366 1480 qui
2414 1413 2558 1467 dicat
2593 1413 2728 1467 duas
2781 1413 3011 1466 invicem
3061 1414 3366 1468 contrarias

1783 1504 2110 1569 voluntates,
2140 1512 2193 1558 et
2233 1507 2367 1560 duas
2402 1504 2682 1559 discordes
2731 1505 2783 1557 in
2837 1503 3057 1562 Christo
3090 1508 3365 1575 operatio—

1782 1615 1899 1668 nes,
1930 1610 1970 1657 ο
1993 1603 2203 1667 doctor,
2235 1617 2300 1656 ne
2331 1602 2597 1671 tantisper
2622 1603 2841 1671 quidem
2869 1604 3055 1659 audire
3073 1607 3361 1673 patiemur.

1783 1694 1918 1750 Nam
1942 1706 1996 1749 et
2052 1706 2322 1764 quatenus
2359 1697 2519 1750 homo
2547 1695 2755 1752 volendi
2792 1697 3050 1752 facultate
3078 1700 3365 1768 praeditum

135 1785 299 1848 παυθεὶς
331 1789 504 1854 Λόγος
538 1788 613 1851 ὡς
634 1788 944 1860 ἄνθρωπος,
989 1789 1070 1860 τῷ
1106 1789 1257 1860 αὑτῷ
1303 1789 1474 1861 Θεῖκῷ
1513 1789 1675 1859 Θελή-

1793 1799 1899 1843 erat
1951 1789 2292 1845 incarnatum
2330 1789 2610 1856 Verbum;
2651 1789 2742 1844 illa
2794 1800 2972 1846 tamen
3026 1807 3054 1845 a
3091 1793 3368 1849 voluntate

137 1879 579 1948 ματικινοιόμενόν
607 1895 667 1930 τε
707 1881 801 1932 καὶ
837 1879 1206 1948 τυπούμενον,
1250 1880 1351 1933 οὐκ
1399 1879 1679 1933 ἐναντιού-

136 1981 282 2030 μενον.
317 1968 386 2019 Τὸ
424 1969 535 2039 γὰρ
569 1969 781 2022 ἐκείνου
815 1970 1012 2034 θέλειν,
1053 1971 1222 2040 φησιν
1264 1972 1292 2023 ὁ
1357 1970 1497 2032 Gaio;
1545 1971 1586 2022 Γ
1591 1987 1682 2040 ρη-

134 2058 297 2125 γὸριος,
325 2062 477 2114 οὐδὲν
524 2062 843 2115 ὑπεναντίον
897 2061 1035 2132 Θεῷ,
1079 2063 1280 2116 Θεωθὲν
1334 2063 1476 2115 ὅλον.
1509 2063 1573 2115 Et
1619 2062 1678 2115 δὲ

131 2149 432 2223 τεθέωτο,τῇ
469 2153 565 2206 τοῦ
596 2154 845 2218 θεοῦντος
877 2155 1120 2225 δηλονότι
1143 2157 1392 2224 computa.
1415 2155 1674 2208 τεθέωτο⁶

131 2241 361 2306 τὸ,θεοῦν
421 2248 516 2297 καὶ
570 2246 904 2316 Θεούμενον,
964 2247 1058 2300 δύο
1116 2247 1338 2310 πάντως
1401 2247 1518 2300 ἀλλ’
1577 2248 1680 2319 οὐχ

129 2335 190 2396 ἓν,
217 2338 359 2406 εἴπερ
380 2339 489 2391 τῶν
525 2341 664 2410 πρός
687 2357 739 2392 τι
778 2343 836 2393 τό
881 2357 941 2392 τε
995 2340 1153 2393 θεοῦν
1189 2342 1284 2394 καὶ⁸
1323 2341 1382 2393 τὸ
1448 2343 1680 2412 θεούμε-

131 2441 218 2479 νον.
243 2427 315 2480 Τὰ
346 2429 400 2482 δὲ
438 2431 578 2501 πρὸς
599 2447 675 2495 τι,
700 2432 920 2494 πάντως
951 2432 1206 2502 ἀλλήλοις
1251 2433 1676 2502 συνεισάγεσθαι

128 2520 326 2586 πέφυκε,
379 2525 475 2575 καὶ
529 2523 746 2594 Θατέρῳ
773 2526 1208 2578 συνεπινοεῑσθαι
1248 2526 1508 2597 θάτερον·
1561 2523 1676 2597 εἶχε

130 2612 210 2679 μὲν
228 2610 312 2665 οὖν
339 2605 555 2685 θέλημα
593 2618 827 2686 φυσικὸν
849 2618 926 2680 ὡς
947 2618 1243 2689 ἅνθρωπος
1273 2621 1302 2672 ὁ
1327 2619 1544 2690 Σωτὴρ,
1597 2620 1678 2689 τῷ

128 2705 250 2773 αὐτῷ
285 2706 449 2778 θεῖκῷ
488 2709 762 2779 θελήματι
793 2710 1160 2781 τυπούμενον,
1202 2712 1304 2765 οὐκ
1326 2712 1679 2784 ἐναντιούμε-

128 2812 215 2846 νον·
244 2798 300 2849 οὐ
319 2800 427 2870 γὰρ
452 2804 787 2869 ἡναντίοηαι
819 2805 1134 2857 παντάπασι
1160 2804 1237 2874 τῷ
1260 2805 1402 2876 Θείῳ
1427 2805 1489 2858 τὸ
1517 2822 1678 2874 φυσι-

126 2887 219 2952 xiv,
246 2891 363 2943 ἐπεὶ
395 2894 489 2950 τὸν
525 2891 766 2963 Ποιητὴν
799 2893 1070 2946 αἰτιατέον
1101 2895 1448 2966 πεποιηκότα
1481 2896 1542 2948 τὸ
1575 2895 1680 2964 φύ-

128 2995 192 3030 σει
215 2983 537 3054 μαχόμενον.
621 3038 629 3045 ,

182 3162 436 3231 Στέφανος
462 3166 488 3218 ὁ
515 3166 836 3229 δίδασκαλος
872 3162 994 3220 εἶπε
1028 3183 1042 3198 ⁸
1089 3167 1204 3239 Τὴν
1236 3169 1367 3239 μίαν
1437 3167 1677 3223 ὑπόστα-

129 3265 195 3302 σιν
213 3252 298 3305 δύο
337 3254 520 3322 λέγειν
562 3256 814 3327 θελήσεις
868 3257 1038 3327 ἔχειν,
1072 3259 1184 3312 τῶν
1239 3259 1518 3314 ἀδυνάτων
1582 3263 1678 3315 καὶ

126 3344 394 3416 ἀμηχάνων
425 3354 523 3403 καὶ
553 3351 839 3405 ἀπιθάνων
866 3352 1010 3406 ἐστί.
1041 3352 1166 3417 Πῶς
1195 3352 1302 3424 γὰρ
1347 3353 1676 3425 μερισθήσε-

124 3452 197 3492 ται
228 3443 255 3493 ὁ
295 3439 376 3506 εἷς
401 3446 525 3520 καθ’
553 3446 779 3511 ὲαυτόν;

177 3531 356 3587 ΘΕΩΡ.
419 3536 740 3605 Ὀμολογεῖς
767 3539 858 3593 τὸν
879 3539 1119 3610 Χριστὸν
1151 3538 1409 3608 πεινῆσαι
1443 3538 1540 3591 καὶ
1591 3539 1676 3591 διο

122 3623 263 3691 ιέιῆσειι
303 3629 398 3681 καὶ
439 3629 708 3694 νυστάξαι
744 3632 840 3684 καὶ
885 3633 1174 3697 κοπιάσαι,
1223 3631 1299 3694 ὡς
1357 3634 1499 3685 κατὰ
1539 3632 1676 3701 ἀλή-

126 3712 252 3768 Θειαν
276 3718 566 3788 ἄνθρωπον
597 3720 752 3786 ὄντα,
777 3720 810 3790 ἢ
833 3720 927 3788 ob;

188 3806 239 3861 ’0
274 3811 726 3866 ΔΙΔΑΣΚΑΛΟΣ.
776 3813 900 3876 Πῶς
944 3814 1050 3884 γὰρ
1090 3812 1196 3878 ob;
1229 3813 1550 3885 Ἀνθρωπος
1577 3811 1674 3879 ὢν,

126 3903 240 3954 κατὰ
265 3906 550 3976 ἀλήθειαν,
580 3906 642 3959 οὒ
677 3907 820 3960 κατὰ
842 3907 1172 3976 φαντασίαν,
1192 3902 1305 3977 εἶχε
1336 3907 1533 3961 ταῦτα.

186 3991 239 4046 Ὀ
282 3994 482 4050 ΘΕΩΡ.
514 3997 740 4064 Λοιπὸν,
775 3999 974 4051 πεινῶν
997 3997 1156 4068 ἧθελε
1197 4000 1416 4067 φαγεῖν,
1461 4000 1557 4051 καὶ
1599 3998 1675 4050 δι-

124 4080 217 4147 ψῶν
242 4084 398 4155 ἡθελε
426 4087 597 4148 πιεῖν,
627 4087 726 4138 καὶ
757 4085 1037 4150 νυστάζων
1067 4086 1339 4153 ὕπνῶσαι,
1386 4087 1483 4140 κει
1508 4087 1676 4140 τᾶλλα

123 4173 350 4246 ὡσαύτως
379 4195 396 4245 ;

191 4267 242 4320 '0
263 4269 531 4324 ΔΙΔΔΣΚ.
551 4270 806 4324 Μάλιστα
834 4269 1015 4341 ἤθελε,
1053 4273 1144 4324 καὶ
1173 4273 1298 4326 καθ’
1337 4273 1364 4325 ὃ
1391 4273 1544 4338 Θεὸς,
1588 4274 1676 4326 ἵνα

125 4360 147 4427 ἡ
173 4362 287 4427 ἁγία
317 4363 488 4420 αὑτοῦ
513 4363 652 4433 σὰρξ
677 4363 850 4434 φάγῃ·

1702 3111 1751 3173 C

1785 1879 1966 1935 divina
2009 1879 2426 1949 permovebatur
2471 1890 2526 1936 et
2577 1881 2996 1947 informabatur,
3027 1899 3138 1939 non
3179 1895 3364 1941 autem

1786 1977 2140 2045 repugnabat.
2172 1977 2418 2047 Namque
2447 1980 2682 2033 humana
2723 1977 2994 2040 voluntas.
3023 1990 3081 2034 ut
3105 1983 3181 2036 ait
3211 1983 3367 2037 dirus

1783 2065 2244 2143 Gregorius..Deo
2277 2054 2382 2122 non
2431 2068 2846 2136 adversabatur,
2881 2072 3006 2138 quia
3061 2081 3174 2126 tota
3203 2073 3361 2128 deiti-

1782 2157 2031 2213 cahatur.
2080 2157 2235 2224 Quod
2269 2160 2314 2213 si
2367 2158 2752 2227 deiﬁcabatur,
2783 2163 2851 2215 ab
2905 2162 3107 2217 unione
3157 2165 3365 2220 scilicet

1783 2261 1904 2302 cum
1949 2249 2056 2304 Deo
2090 2249 2468 2305 deiﬂcabatur.
2503 2249 2760 2306 Jamvero
2810 2252 3071 2308 deiﬁcans
3120 2265 3175 2309 et
3206 2255 3366 2310 deiﬁ-

1783 2337 1986 2404 catum,
2016 2339 2124 2396 duo
2145 2356 2368 2410 prorsus
2390 2351 2540 2403 sunt.
2567 2357 2672 2399 non
2702 2359 2868 2397 unum
2893 2361 2908 2410 ;
2944 2347 3198 2415 quoniam
3227 2349 3368 2402 rela-

1786 2430 1879 2484 tivi
1914 2431 2129 2487 termini
2182 2442 2310 2488 sunt
2356 2433 2619 2488 deificans
2663 2443 2719 2488 et
2761 2434 3072 2490 deiﬁcatum
3107 2454 3121 2490 :
3155 2439 3366 2495 relativi

1782 2533 1960 2577 autem
1992 2525 2205 2579 termini
2231 2525 2452 2579 omnino
2484 2525 2714 2579 invicem
2745 2538 3171 2595 connectuntur,
3201 2539 3256 2586 et
3285 2532 3366 2585 al-

1784 2623 1956 2670 terum
1980 2633 2104 2671 cum
2129 2617 2301 2673 altero
2322 2619 2610 2688 cogitatur.
2634 2616 2836 2673 Habuit
2867 2620 3032 2689 igitur
3059 2607 3364 2679 naturalem

1780 2707 2112 2762 voluntatem
2143 2718 2200 2762 ιιι
2248 2709 2414 2763 homo
2453 2708 2734 2774 Servator,
2765 2710 2963 2764 divinat
2995 2713 3094 2780 ipsi
3147 2714 3366 2768 confor-

1783 2815 1950 2864 mem,
1979 2814 2086 2854 non
2139 2798 2517 2853 adversantem
2562 2817 2577 2854 :
2614 2814 2737 2853 nam
2773 2804 2935 2869 quod
2961 2804 3210 2858 naturale
3257 2817 3365 2868 est.

1780 2904 2004 2959 prorsus
2057 2889 2165 2942 Deo
2196 2903 2302 2941 non
2338 2890 2688 2955 adversatur;
2730 2890 2968 2960 alioquin
3016 2893 3246 2948 Creator
3286 2912 3368 2950 re-

1780 2981 2198 3060 prehendendus
2245 2990 2416 3047 esset,
2471 2983 2563 3052 qui
2619 2992 2811 3036 natura
2866 2984 2967 3038 sibi
3028 2989 3366 3044 contrarium

1781 3083 2042 3130 creasset.
2646 3077 2650 3080 ’
3201 3091 3204 3094 ‘

1856 3165 2165 3234 Stephanus
2195 3167 2389 3222 doctor
2417 3168 2493 3221 ait
2527 3186 2541 3222 :
2570 3166 2739 3236 Atqui
2777 3168 2828 3221 in
2873 3171 3028 3224 unica
3084 3171 3364 3241 hypostasi

1781 3257 1914 3310 duas
1950 3255 2220 3312 amrmare
2272 3259 2600 3326 voluntates,
2653 3260 3012 3330 impossibile,
3065 3254 3362 3332 inexplica-

1778 3347 1908 3412 bile,
1934 3359 1988 3403 et
2019 3345 2333 3405 incredibile
2356 3362 2460 3405 est.
2487 3351 2587 3418 Qui
2616 3352 2760 3406 enim
2799 3352 2943 3406 {ierit
2971 3365 3169 3422 potest,
3195 3363 3366 3428 utqui

1760 3456 1922 3494 unus
1955 3449 2059 3506 est,
2092 3441 2144 3494 in
2173 3456 2232 3495 se
2268 3442 2580 3496 dividatur?
2629 3479 2633 3484 -

1853 3531 2111 3586 TllEOR.
2171 3533 2454 3588 Faterisne
2510 3533 2786 3588 Christum
2839 3537 3101 3605 esurisse,
3156 3540 3364 3606 sitisSe,

1781 3626 2184 3689 dormitavisse,
2213 3636 2267 3680 et
2302 3625 2582 3692 fatigatum
2607 3641 2748 3689 esse,
2773 3633 2830 3680 ut
2856 3629 3130 3685 hominem
3152 3647 3362 3697 verum,

1780 3715 1982 3770 necne?

1853 3807 2150 3864 DOCTOR.
2180 3808 2419 3874 Quidni?
2461 3807 2632 3864 Homo
2655 3826 2820 3879 quum
2842 3822 3013 3875 esset,
3036 3813 3153 3868 hac
3181 3818 3365 3870 omnia

1777 3915 1929 3963 vere,
1959 3915 2067 3953 non
2096 3901 2392 3954 secundum
2426 3899 2794 3969 phantasiam,
2829 3901 3035 3958 habuit.

1850 3989 2321 4046 THEORIANUS.
2359 3988 2500 4045 Nunt
2551 3993 2720 4061 igitur
2767 3995 3019 4050 esuriens
3071 4000 3363 4055 comedere

1777 4086 2029 4150 volebat,
2084 4087 2274 4141 sitiens
2331 4086 2540 4142 volebat
2593 4089 2813 4152 bibere,
2863 4104 3057 4145 somno
3107 4106 3362 4160 gravatus

1779 4179 2036 4242 dormire,
2061 4189 2115 4232 et
2146 4188 2338 4232 caetera
2369 4177 2654 4233 similiter?

1770 4286 1773 4288 ·
1857 4270 2152 4325 DOCTOR.
2185 4269 2421 4325 Maxime
2454 4271 2685 4335 volebat,
2706 4271 2866 4326 etiam
2899 4285 3170 4344 quatenus
3194 4279 3358 4340 Deus,

1779 4375 2022 4420 sanctam
2050 4365 2165 4432 ejus
2188 4379 2406 4418 carnem
2434 4363 2556 4416 cibo
2590 4366 2687 4418 uti.

187 4455 238 4506 Ὀ
265 4455 464 4508 ΘΕΩΡ.
501 4454 712 4518 Ἄλλως
738 4455 996 4520 ἑξελάὁου
1044 4456 1104 4508 τὸ
1143 4458 1272 4509 καθ’
1312 4457 1365 4521 ὃ,
1424 4457 1486 4509 οὐ
1531 4457 1674 4510 κατὰ

1853 4454 2320 4511 TllEURIANUS.
2355 4456 2522 4509 Aliter
2553 4459 2821 4524 usurpasti
2854 4459 3148 4513 «lii-tionem
3181 4474 3364 4528 quate-

125 4544 171 4596 τὺ
199 4548 396 4616 κυρίως
429 4545 841 4616 σημαινόμενον
875 4545 1062 4602 αὐτοῦ.
1125 4546 1271 4615 Πλὴν
1314 4545 1519 4615 ἕψομαί
1570 4563 1671 4600 σοι.

126 4640 315 4706 Ἤθελε,
365 4642 499 4712 φὴς,
548 4641 646 4695 καὶ
698 4641 820 4695 καθ’
870 4641 897 4692 ὃ
964 4641 1098 4704 Θεὸς
1143 4643 1230 4693 ἵνα
1260 4642 1293 4710 ἡ
1349 4641 1482 4708 ἁγία.
1510 4643 1677 4695 αὐτοῦ

125 4733 234 4803 σὰρξ
259 4737 446 4807 eadm;

184 4913 236 4965 '0
255 4913 526 4968 ΔῐΔΑΣΚ.
566 4910 863 4983 Ὀρθότατα
884 4911 1086 4980 λέγεις.

187 5004 237 5057 '0
259 5006 461 5058 ΘΕΩΡ.
533 5003 596 5054 Ἥ
642 5004 781 5074 σὰρξ
847 5003 1013 5056 αὐτοῦ
1056 5003 1177 5074 ἦτοι
1233 5005 1266 5074 ή
1306 5004 1668 5073 ἀνυρωπότης

123 5097 260 5148 αὑτοῦ
286 5099 481 5167 ἠθελεν
518 5097 607 5148 ἴνα
634 5097 785 5166 φάγῃ
811 5098 844 5166 ἡ
880 5097 1078 5166 θεότης
1109 5099 1313 5164 αὑτοῦὲ

181 5192 234 5243 Ὀ
255 5189 526 5242 ΔΙΔΑΣΚ.
558 5186 656 5241 Οὔ.

185 5283 235 5336 Ὁ
262 5281 584 5352 ΘΕΩΡ.ξ⁹Η
614 5281 672 5334 δὲ
719 5280 909 5349 Θεότης
953 5278 1119 5333 αὐτοῦ
1162 5280 1353 5350 ἢθελεν
1387 5281 1474 5333 ἵνα
1525 5283 1673 5352 φάγῃ

122 5378 234 5449 αὕτη
255 5395 271 5440 ;

186 5475 236 5524 Ὁ
261 5471 533 5525 ΔΙΔΑΣΚ.
579 5470 822 5533 ’Δπαγε.

187 5567 237 5619 Ὀ
263 5565 461 5618 ΘΕΩΡ.
497 5563 640 5629 Ἀρι
662 5556 757 5612 οὖν
785 5559 837 5610 τί
877 5560 940 5610 ὲκ
959 5559 1163 5614 τούτων
1192 5563 1483 5628 συνάγεται
1509 5583 1522 5628 -,
1553 5564 1674 5616 Ὅτι

123 5657 324 5722 καὶδύο,
357 5657 455 5708 καὶ
521 5656 620 5706 οὐκ
674 5651 1090 5721 ἐναντιούμενα.
1138 5654 1202 5705 Ἥ
1244 5655 1341 5721 μὲν
1377 5655 1485 5723 γὰρ
1541 5655 1677 5725 σὰρξ

121 5749 252 5815 fﬁcia
271 5752 474 5820 φαγεῖν
500 5750 596 5799 καὶ
619 5745 907 5815 πληρῶσαι
930 5748 998 5798 τὰ
1024 5746 1324 5814 τροφοδὸχα
1352 5749 1549 5815 ἀγγεῖα
1579 5749 1675 5798 αὺ-

1782 4573 1902 4620 nus,
1921 4569 2024 4607 non
2056 4560 2233 4605 autem
2263 4551 2420 4620 jtma
2460 4549 2630 4618 ipsius
2656 4551 2826 4618 magis
2855 4557 3129 4619 proprium
3157 4556 3363 4625 signiti-

1780 4655 1986 4700 catum.
2035 4643 2394 4697 Nihilominus
2458 4643 2552 4695 tibi
2595 4643 2887 4710 obsequar.
2950 4642 3198 4708 Volebat,
3254 4651 3355 4708 ais,

1780 4741 1970 4803 etiam,
2022 4747 2289 4806 quatenus
2319 4736 2480 4800 Deus,
2515 4744 2759 4789 sanctam
2785 4737 2954 4803 ipsius
2981 4751 3200 4792 carnem
3240 4741 3363 4795 cibo

1781 4830 1897 4883 uti?

1862 4921 2162 4978 DOCTOR.
2197 4923 2527 5002 Rectissime
2553 4923 2716 4978 dicis.

1851 5013 2324 5069 THEOltIANUS.
2364 5016 2476 5084 Age
2519 5029 2644 5069 vero
2677 5030 2810 5070 caro
2840 5017 2990 5084 ejus,
3027 5019 3142 5074 sive
3169 5021 3362 5073 huma-

1782 5109 1947 5169 nitas,
1984 5107 2266 5161 volebatne
2290 5106 2627 5160 divinitatem
2657 5108 2827 5176 ipsius
2859 5109 2981 5163 cibo
3015 5112 3136 5164 uti?
3294 5122 3296 5125 '

1853 5196 2150 5252 DOCTOR.
2182 5196 2399 5250 Iiinime
2419 5197 2680 5265 gentium.

1850 5289 2108 5344 TllEOR.
2180 5289 2444 5344 Dii-initas
2501 5297 2684 5342 autem
2734 5291 2852 5361 ejus
2903 5294 3186 5348 volebatne
3247 5297 3362 5364 ipsa

1780 5381 2157 5435 manducare?
2980 5400 2992 5408 '

1851 5474 2151 5527 nocrou.
2178 5476 2382 5546 Apage.

1850 5563 2106 5620 TllEOll.
2141 5567 2278 5631 Quid
2307 5584 2438 5639 ergo
2464 5570 2589 5624 hinc
2619 5571 3004 5625 concluditur?
3027 5570 3364 5640 Nempc'duo

1780 5673 1924 5720 esse,
1990 5673 2087 5712 nec
2128 5657 2230 5710 sibi
2273 5660 2570 5715 contraria.
2626 5659 2768 5714 Caro
2812 5663 2955 5714 enim
3006 5663 3216 5714 volebat
3272 5679 3368 5716 co-

1787 5751 2027 5814 medere,
2077 5763 2176 5802 nec
2241 5763 2340 5803 sua
2399 5752 2613 5806 viscera
2681 5751 2835 5821 quasi
2898 5752 3042 5808 {ante
3112 5754 3367 5809 exinani-
