3982 6326
626 438 728 502 179

2049 458 2478 521 'l'llEOBIANI

3793 468 3894 534 180

624 555 906 611 Dominum
939 576 1042 616 non
1077 564 1296 623 cadunt.
1327 567 1462 623 Nam
1497 570 1782 627 arbitrium
1816 582 1934 641 post
1964 572 2192 628 habitam

2308 576 2405 628 καὶ
2456 577 2758 647 αἱρουμένη
2799 579 2909 648 πρὸ
2960 579 3054 635 τοῦ
3105 582 3299 651 ἑτέρου
3356 587 3415 638 τὸ
3452 588 3661 657 ἕτερον.
3721 590 3781 643 ‘0
3832 587 3894 640 δὲ

622 653 687 703 de
732 650 907 719 ignota
954 669 1014 709 rs
1065 660 1418 726 qumstiouem
1458 672 1513 716 et
1558 663 2029 728 deliberationem,
2086 665 2201 719 sive

621 746 909 800 consilium
955 761 1009 802 et
1046 750 1329 819 judicium,
1377 755 1591 811 aﬂ'eclio
1623 759 1864 826 quaadam
1909 766 1992 811 est
2021 757 2091 812 ad
2128 758 2201 822 id,

620 852 727 904 quo
752 841 818 893 de
842 839 1106 907 judicium
1144 847 1347 899 factum
1378 857 1499 904 est:
1535 860 1669 918 pest-
1691 866 1854 919 quam
1892 851 2086 906 electio
2116 867 2204 907 se-

618 931 827 997 quitur,
849 933 1076 989 alterutn
1101 952 1209 1005 pne
1240 939 1409 995 altero
1427 941 1693 1012 deligens.
1720 942 1980 998 Dominus
2000 951 2200 1001 autem.
2250 995 2255 999 .

619 1026 711 1090 qui
744 1026 919 1082 nudus
956 1029 1121 1083 homo
1156 1047 1262 1086 non
1307 1042 1408 1098 est,
1456 1034 1551 1088 sed
1597 1035 1761 1088 etiam
1812 1037 1972 1096 Dens,
2019 1042 2073 1087 et
2109 1034 2199 1101 qui

618 1118 769 1173 novit
821 1106 1036 1185 omnia;
1068 1138 1165 1179 nec
1218 1125 1664 1181 considerationis
1708 1126 1868 1181 ullius
1910 1134 2051 1195 eget,
2104 1141 2203 1179 nec

616 1216 1011 1283 inquisitionis,
1070 1232 1169 1272 nec
1228 1219 1466 1285 consilii,
1522 1234 1621 1273 nec
1676 1218 1866 1288 judicii
1916 1237 1930 1271 :
1980 1228 2037 1273 et
2093 1227 2207 1272 tum

2312 666 2519 735 Κύριος
2547 670 2609 720 οὐ
2645 668 2803 737 ψιλὸς
2845 670 3137 741 ἄνθρωπος
3169 672 3267 739 ὣν,
3302 676 3438 731 ἀλλὰ
3478 679 3571 731 καὶ
3598 679 3752 742 Θεὸς,
3795 677 3897 729 καὶ

2314 757 2493 809 πάντα
2532 759 2714 824 εἰδὼς,
2748 762 3007 832 ἀνενδεὴς
3034 763 3306 833 σκέψεως,
3345 769 3436 821 καὶ
3468 767 3775 839 ζητήσεως,
3797 770 3898 823 καὶ

2311 845 2512 916 βουλῆς
2536 850 2795 921 ὑπάρχει,
2840 854 2935 907 καὶ
2976 856 3211 924 κρίσεως
3234 873 3247 886 ·
3283 860 3381 910 καὶ.
3409 862 3658 927 φυσικῶς
3695 863 3797 932 τήν
3834 878 3897 913 τε

2310 941 2448 1009 πρὸς
2482 942 2543 995 τὸ
2577 945 2742 997 καλὸν
2782 946 2897 1017 ἔχει
2924 948 3224 1014 οἱκείωσιν,
3246 950 3346 1020 τήν
3376 969 3446 1004 τεΔ
3466 954 3602 1023 πρὸς
3630 953 3691 1006 τὸ
3718 955 3897 1007 κακον
3963 932 3969 939 ’

2308 1032 2690 1104 ἀλλοτρίωσιν.
2734 1038 2853 1092 Διά
2885 1039 3047 1093 τοῦτο
3086 1042 3371 1110 ,γνωμικὸν
3417 1044 3450 1111 ἦ
3499 1046 3896 1114 προαιρετικὸν

2312 1124 2525 1196 θέλημα
2557 1128 2650 1180 ἐπὶ
2680 1127 2775 1181 τοῦ
2831 1131 3039 1198 Κυρίου
3079 1136 3138 1185 ού
3180 1132 3437 1204 λέγομεν,
3466 1135 3606 1188 ἀλλὰ
3635 1136 3896 1203 φυσικόν.

2287 1219 2725 1287 conjunctionem
2780 1236 2903 1276 eum
2959 1223 3100 1278 bono
3153 1226 3506 1298 tiatnmliter‘
3541 1229 3722 1293 habet,
3777 1240 3898 1283 tum

615 1309 953 1364 aversionem
1009 1328 1036 1363 a
1097 1312 1258 1366 malo.
1306 1311 1647 1381 Quaprogitcr
1696 1311 2043 1367 arbitrariam
2097 1319 2192 1366 aut
2230 1310 2517 1383 eligentem
2589 1314 2922 1370 voluntatem
2999 1317 3229 1372 Domino
3281 1333 3389 1373 non
3439 1321 3747 1384 tribuimus,
3798 1325 3897 1377 sed

615 1404 944 1457 naturalem.

688 1495 824 1549 Tum
880 1496 1321 1564 religiosissimus
1370 1501 1660 1569 episcopus
1727 1501 1944 1555 Isaacus
2000 1502 2135 1554 dixit
2185 1516 2197 1552 :

616 1586 899 1643 Sulliciunt
928 1590 1043 1644 tunc
1074 1590 1138 1643 de
1170 1590 1380 1647 duabus
1410 1592 1777 1646 voluntatibus
1812 1592 2197 1657 Ennnanuelis,

600 1681 685 1733 iis
739 1680 955 1748 quidem
1006 1680 1098 1749 qui
1146 1697 1250 1734 non
1308 1686 1828 1752 coutentiose,.qu:e
1873 1684 2014 1737 dicta
2047 1692 2195 1746 sunt,

2399 1501 2458 1551 '0
2493 1500 2899 1565 εὐλαΰέστατος
2939 1504 3245 1568 ἐπίσκοπος
3282 1506 3469 1561 Ἰσαὰκ
3501 1503 3680 1560 εἶπενο
3702 1510 3904 1578 ’Δρκεῖ

2309 1592 2425 1653 τοῖς
2460 1590 2534 1662 μὴ
2562 1591 2882 1660 φιλονείκως
2908 1595 3172 1649 ἀκούουσι
3189 1597 3297 1651 τῶν
3322 1598 3599 1666 ῥηθέντων
3623 1616 3687 1650 πε
3698 1600 3753 1669 pl.
3779 1601 3900 1652 τῶν

2306 1683 2401 1737 δύο
2430 1684 2756 1753 θελημάτων
2791 1685 2887 1738 τοῦ
2927 1686 3301 1757 Ἐμμανουήλ.
3355 1690 3491 1743 Ele
3529 1691 3684 1759 ἡμῖν,
3713 1695 3765 1744 εί
3797 1710 3901 1746 κε-

614 1767 863 1825 audiunt.
899 1764 1072 1833 Nunc,
1102 1770 1147 1823 si
1180 1770 1376 1840 placet,
1412 1773 1575 1827 etiam
1614 1774 1681 1827 de
1708 1774 1941 1844 geminis
1966 1774 2192 1828 actioni-

2303 1772 2506 1842 λεύεις,
2536 1778 2632 1831 καὶ
2664 1777 2797 1847 περὶ
2825 1778 2935 1831 τῶν
2967 1778 3063 1832 δύο
3104 1780 3423 1851 ἐνεργειῶν.

612 1860 718 1916 lius
752 1862 934 1915 dicito.

686 1952 941 2009 THEOR.
976 1944 1055 2008 Ad
1081 1955 1564 2012 demonstrandum
1601 1957 1844 2013 actiones
1872 1955 2074 2012 Christi
2099 1956 2199 2012 du-

608 2046 802 2115 plices,
855 2047 996 2116 apud
1038 2061 1132 2102 vos
1170 2049 1420 2103 oratione
1468 2048 1679 2117 prolixa
1734 2064 1840 2105 non
1892 2065 2029 2119 opus
2077 2063 2201 2106 esse

611 2137 869 2205 arbitror,
925 2138 1013 2208 qui
1064 2141 1236 2195 sacris
1289 2138 1510 2195 Litteris
1541 2139 1676 2196 estis
1722 2141 1995 2196 innutriti.
2061 2140 2197 2194 Nam

610 2246 908 2300 exspuere,
962 2232 1242 2303 lutumque
1292 2232 1358 2288 de
1392 2244 1570 2302 sputo
1615 2235 1910 2301 conﬁcere,
1962 2235 2201 2303 czeciqne

608 2322 842 2390 pupulas
864 2322 1145 2391 inungere,
1178 2324 1412 2379 hominis
1431 2326 1659 2379 omnino
1682 2325 1828 2380 actio
1850 2336 1956 2381 est.
1986 2324 2199 2395 Quippe

610 2414 952 2469 divinitatem
986 2429 1254 2483 exspuere
1291 2430 1399 2470 non
1451 2415 1714 2482 dicemus,
1772 2416 1819 2470 si
1871 2431 1975 2473 non
2020 2417 2195 2472 insani

610 2506 804 2560 simus.
834 2508 902 2559 At
928 2506 1099 2560 lutum
1130 2505 1257 2560 illud
1293 2507 1346 2560 in
1381 2506 1598 2561 oculum
1626 2517 1681 2562 et
1705 2508 1883 2563 lucem
1914 2519 2197 2566 converte-

608 2609 705 2665 re,
763 2595 817 2651 id
864 2597 1132 2651 divinitati
1195 2596 1417 2651 omnino
1479 2597 1861 2654 attribuemus.
1918 2600 2193 2670 Eiusmodi

611 2689 736 2758 quis
769 2688 978 2743 infinita
1012 2691 1289 2759 reperiet,
1324 2689 1370 2744 si
1418 2692 1637 2745 oracula
1679 2690 1859 2744 divina
1915 2691 2219 2761 diligenter.

609 2781 930 2849 inspexerit.
966 2781 1080 2835 Erit
1120 2791 1300 2835 autem
1336 2796 1425 2835 res
1453 2788 1563 2835 tota
1610 2782 1891 2850 perspicua
1930 2785 1996 2836 de
2028 2780 2193 2851 gladii

609 2889 824 2944 quoque
856 2873 1138 2929 eaudentis
1161 2874 1427 2943 exemplo.
1465 2874 1595 2929 Nam
1631 2875 1677 2930 is
1710 2875 1915 2945 pariter
1959 2886 2017 2931 et
2047 2887 2196 2939 secat

607 2975 663 3021 ct
692 2968 833 3029 urit;
864 2976 1053 3034 estque
1079 2966 1242 3021 dubio
1268 2965 1457 3034 procul
1490 2966 1635 3021 ustio
1656 2966 1873 3036 quidem
1910 2982 2015 3022 non
2040 2967 2192 3032 ferri,

598 3056 705 3113 used
741 3057 877 3127 ignis
906 3075 919 3112 :
955 3057 1123 3111 sectio
1153 3072 1301 3122 vero,
1341 3072 1444 3111 non
1482 3058 1643 3125 ignis,
1674 3059 1768 3113 sed
1801 3058 1953 3114 ferri.
1991 3058 2193 3116 Eﬂecta

2387 1952 2447 2007 '0
2482 1951 2679 2005 ΘΕΩΡ.
2734 1953 2871 2021 Περὶ
2903 1953 3013 2006 τῶν
3055 1954 3151 2008 δύο
3180 1955 3474 2023 ἐνεργειῶν
3508 1956 3604 2010 τοῦ
3642 1959 3898 2028 Χριστοῦ

2302 2046 2404 2098 οὐκ
2430 2042 2585 2115 οἶμαι
2612 2044 2758 2114 ὑμᾶς
2784 2043 2996 2099 δεῖσθαι
3024 2046 3200 2113 λόγων
3227 2045 3442 2099 πολλῶν
3478 2048 3558 2110 είς
3582 2048 3897 2114 ἀπόδειξιν,

2301 2130 2433 2197 τοὺς
2470 2136 2593 2197 ταῖς
2624 2136 2799 2197 θείαις
2837 2134 3325 2205 ὲντεθραμμένους
3356 2136 3625 2204 Γραφαῖς.
3677 2137 3751 2189 Τὸ
3778 2137 3899 2206 γὰρ

2307 2221 2529 2288 πτῦσαι,
2566 2224 2659 2276 καὶ
2687 2224 2859 2293 πηλὸν
2893 2225 2958 2276 ὲκ
2995 2222 3093 2276 τοῦ
3123 2223 3450 2295 πτύσματος
3479 2226 3735 2295 ποιῆσαι.
3790 2228 3901 2280 καὶ

2300 2318 2491 2397 χρῖσαι
2521 2316 2623 2380 τὰς
2665 2316 2837 2388 κόρας
2872 2315 2971 2370 τοῦ
3022 2317 3228 2386 τυφλοῦ
3254 2356 3276 2397 ,_
3306 2316 3628 2389 ἀνθρωπίνη
3666 2319 3899 2383 πάντως

2302 2395 2451 2463 ἐστὶν
2506 2410 2784 2479 ἐνέργεια.
2847 2409 3047 2463 Πτύειν
3087 2409 3199 2481 γὰρ
3245 2395 3343 2463 οὐκ
3377 2411 3447 2465 ἂν
3484 2412 3743 2481 εἴποιμεν
3785 2415 3898 2483 τὴν

2301 2507 2557 2579 θεέτητα,
2598 2508 2755 2578 εἴπερ
2789 2508 2852 2560 οὐ
2888 2504 3247 2576 μαινοίμεθα.
3292 2504 3369 2558 Τὸ
3397 2505 3455 2559 δὲ
3489 2507 3580 2559 τὸν
3607 2506 3781 2576 πηλὸν
3807 2511 3901 2570 είς

2300 2600 2456 2669 ὄμμα
2474 2598 2568 2652 καὶ
2588 2598 2704 2668 φῶς
2736 2598 3282 2669 μετασκευάσασθαι,
3314 2597 3539 2661 πάντως
3564 2603 3631 2669 τῇ
3662 2598 3899 2669 θεότητι

2299 2693 2565 2763 δώσομεν.
2617 2692 2727 2749 Καὶ
2770 2691 2942 2762 μυρία
2996 2692 3061 2747 ἄν
3108 2708 3193 2755 τις
3256 2692 3413 2763 εὖροι
3459 2692 3716 2755 τοιαῦτα,
3767 2696 3898 2755 τοῖς

2300 2780 2473 2843 θείοις
2525 2780 2805 2851 ἐπιμελῶς
2834 2777 3099 2848 ἐγκύψας
3131 2779 3361 2848 λογίοις.
3389 2777 3587 2833 Ἔσται
3616 2779 3671 2830 δὲ
3711 2778 3898 2844 σαφὲς

2297 2873 2460 2926 τοῦτο
2489 2860 2586 2926 καὶ
2619 2871 2708 2925 διὰ
2747 2871 3203 2942 παραδείγματος
3230 2871 3331 2940 τῆς
3366 2869 3899 2941 πεπυρακτωμένης

2302 2962 2600 3033 μαχαίρας.
2625 2960 2829 3031 Τέμνει
2860 2960 2971 3028 γὰρ
3016 2958 3159 3028 α’ύτη
3204 2960 3265 3012 ὲν
3310 2957 3494 3027 ταυτῷ
3545 2957 3642 3010 καὶ
3710 2956 3896 3009 καίει.

2298 3055 2409 3107 Καὶ
2448 3053 2598 3106 ἐστιν
2628 3054 2661 3122 ἠ
2714 3053 2813 3117 μὲν
2853 3050 3052 3115 καῦσις
3093 3050 3379 3122 προδήλως
3406 3050 3468 3102 οὐ
3499 3048 3595 3102 τοῦ
3632 3048 3895 3119 σιδήρου,

609 3150 845 3215 denique
892 3148 1227 3203 diversarum
1276 3156 1595 3203 naturarum
1645 3160 1801 3217 sunt,
1854 3161 1962 3205 tam
2022 3154 2192 3208 sectio

2300 3144 2435 3199 ἀλλὰ
2465 3144 2561 3199 τοῦ
2602 3143 2878 3215 imp/59'}!
2904 3142 2961 3195 δὲ
2991 3140 3136 3210 τομὴ
3167 3142 3228 3194 οὐ
3260 3139 3357 3193 τοῦ
3389 3140 3582 3210 πυρὸς,
3607 3139 3747 3193 ἀλλά
3772 3138 3890 3191 τοῦ

609 3257 773 3311 quam
817 3242 1050 3297 adustio.
1093 3240 1295 3297 Verum
1330 3250 1552 3312 propter
1586 3242 1861 3305 unionem,
1904 3258 2008 3296 non
2057 3242 2217 3323 ignis,

607 3346 817 3389 tantum
854 3350 977 3391 esse
1005 3334 1234 3389 dicimus
1250 3335 1391 3388 hanc
1416 3336 1707 3402 ustionem,
1735 3337 1829 3391 sed
1850 3337 2015 3391 etiam
2040 3338 2187 3393 ferri.

608 3427 699 3483 Sic
722 3428 864 3481 enim
884 3427 1029 3497 loqui
1056 3427 1322 3493 solemus:
1346 3425 1458 3482 Hoc
1478 3426 1683 3482 ferrum
1706 3429 1836 3482 urit.
1864 3427 1957 3483 Sic
1979 3444 2192 3499 quoque

603 3534 722 3575 rem
749 3520 1245 3576 considerabimus:
1273 3518 1480 3575 Animae
1509 3529 1613 3585 est,
1644 3536 1844 3591 corpus
1880 3536 2037 3576 suum
2071 3525 2189 3577 ani-

603 3627 758 3665 mare
802 3626 866 3665 ac
910 3610 1205 3665 viviﬁcare.
1240 3609 1395 3677 Quod
1431 3610 1648 3679 quidem
1690 3627 1757 3666 ex
1796 3614 2077 3667 amborum
2106 3615 2188 3669 di-

607 3712 816 3772 remptn
846 3711 1010 3771 patet.
1042 3701 1175 3756 Nam
1203 3702 1382 3756 anima
1411 3711 1653 3771 tempore
1681 3706 1870 3758 mortis
1894 3720 1927 3759 a
1961 3720 2189 3775 corpore

603 3810 703 3848 suo
738 3794 1024 3860 dirempta,
1058 3808 1256 3861 corpus
1307 3804 1576 3847 mortuum
1632 3806 1831 3849 manet.
1880 3796 2013 3851 Cum
2056 3814 2188 3869 ergo

604 3888 860 3943 divinitas
885 3888 1003 3955 ejus
1030 3899 1303 3955 nunquam
1330 3899 1427 3939 nec
1456 3900 1487 3939 a
1517 3900 1744 3955 corpore
1774 3901 1876 3942 nec
1905 3890 1973 3945 ab
2005 3893 2184 3946 anima

602 3980 871 4049 dirempta
932 3976 1137 4040 interit,
1219 3992 1326 4047 quo
1378 3987 1535 4047 pacto
1586 3979 1693 4032 vim
1751 3980 1910 4034 istam
1965 3985 2182 4051 animus,

601 4072 969 4126 viviﬁcantem
1028 4070 1255 4135 scilicet,
1307 4085 1412 4125 non
1474 4070 1663 4125 habuit
1718 4071 1835 4140 ejus
1891 4076 2234 4133 divinitas?‘

600 4165 870 4219 Nimirum
905 4180 933 4217 a
965 4176 1192 4233 corpore
1228 4163 1571 4242 indirempta,
1608 4165 1766 4235 eique
1794 4168 2039 4236 copulata
2082 4172 2183 4242 hy-

598 4256 887 4323 postatice,
936 4265 1203 4309 mortuum
1255 4236 1474 4309 manere
1509 4270 1707 4325 corpus
1758 4256 1899 4315 haud
1948 4261 2179 4316 sinebat.

598 4348 808 4417 Quippe
860 4349 985 4401 dum
1038 4347 1180 4400 inest
1226 4348 1401 4400 anima
1443 4350 1681 4416 corpori,
1724 4366 2000 4421 nunquam
2050 4355 2177 4408 illud

596 4433 870 4495 mortuum
907 4450 1010 4493 est.
1057 4440 1194 4492 Nam
1238 4454 1361 4493 cum
1403 4440 1585 4494 anima
1615 4443 1685 4495 sit
1715 4442 1941 4511 spiritus
1978 4446 2177 4512 vitalis,

2300 4429 2385 4481 »ὑκ
2415 4426 2502 4480 εῐα
2536 4426 2721 4496 μένειν
2750 4426 2883 4478 αὐτὸ
2914 4424 3130 4494 νεκρόν.
3165 4423 3360 4495 Ψυχῆς
3394 4426 3504 4495 γὰρ
3530 4424 3759 4492 ἐνούσης
3800 4430 3903 4497 τῷ

596 4548 793 4602 corpus
835 4534 1009 4601 ipsum
1049 4531 1302 4595 viviﬁcat,
1343 4534 1496 4586 sicut
1532 4533 1695 4587 etiam
1728 4536 1924 4591 alicubi
1956 4539 2173 4607 sapiens

596 4628 687 4683 ille
740 4625 981 4687 Salonio,
1023 4626 1085 4677 de
1136 4624 1315 4693 impiis
1358 4625 1677 4693 quihusdam
1714 4639 1765 4682 et
1806 4630 1873 4683 de
1910 4640 2177 4685 astrrrnm

598 4718 897 4773 cultoribus
934 4717 1178 4785 loquens,
1212 4717 1349 4772 dixit
1381 4737 1394 4771 :
1430 4718 1563 4772 Luto
1591 4720 1743 4773 vilior
1783 4729 1863 4775 est
1895 4723 2002 4775 vita
2036 4725 2175 4792 ipso-

597 4830 737 4876 rum,
786 4812 1036 4882 quoniam
1089 4812 1402 4878 ignorarunt
1468 4827 1587 4864 eum
1631 4813 1721 4881 qui
1770 4812 1921 4880 ﬁnxit
1966 4830 2074 4875 eos,
2126 4828 2174 4869 et

595 4904 849 4971 cﬂicaccm
896 4902 1129 4953 animam
1166 4900 1440 4969 inspiravit
1469 4902 1563 4967 eis,
1602 4917 1664 4955 ac
1690 4902 1929 4969 spiritum
1965 4903 2174 4958 vitalem

594 4998 666 5046 eis
692 4993 879 5063 afﬂavit
907 4993 965 5045 ’5,

682 5170 840 5223 GEN.
900 5171 1226 5239 Quicunque
1286 5170 1674 5225 conscientiam
1736 5185 1887 5224 suam
1948 5173 2175 5239 pedibus

591 5261 891 5329 proculcat,
924 5263 1220 5330 praesertim
1256 5260 1308 5314 in
1353 5261 1596 5314 doctrina
1633 5260 1751 5317 ﬁdei
1785 5305 1799 5328 ,
1848 5279 1949 5317 non
1982 5265 2175 5331 dignus

590 5361 676 5405 est
722 5352 977 5420 appellari
1033 5352 1395 5405 Christianus.
1432 5352 1540 5421 Ego
1587 5368 1714 5407 vero
1762 5354 1925 5405 licunt
1974 5364 2177 5409 testenr

590 5443 868 5512 appellans
918 5442 1108 5506 fateor,
1161 5457 1244 5499 me
1283 5454 1336 5495 et
1386 5444 1623 5513 ejusdem
1675 5446 1949 5499 vobiscum
2004 5446 2173 5499 fuisse

590 5532 714 5586 ﬁdei
742 5543 796 5586 et
827 5548 971 5599 esse,
1020 5550 1082 5587 ex
1112 5548 1221 5602 quo
1265 5534 1430 5589 libros
1481 5551 1665 5591 sacros
1715 5537 1970 5606 inspexi:
2018 5537 2172 5606 cujus

588 5624 795 5677 scilicet
826 5642 883 5679 es
914 5626 1027 5694 ipse
1066 5625 1209 5685 iidei,
1251 5637 1305 5677 et
1350 5626 1401 5679 in
1442 5629 1676 5683 medium
1711 5629 1807 5693 abs
1835 5640 1887 5684 te
1922 5630 2168 5698 producti

589 5718 696 5771 divi
731 5718 935 5774 Patres.

660 5879 703 5912 ’⁵
743 5878 869 5949 Sap.
916 5895 1000 5941 κιο,
1048 5882 1123 5943 Η),
1169 5882 1249 5935 ll.

2303 3238 2556 3309 σιδήρου.
2614 3236 2726 3288 Καὶ
2778 3235 2951 3303 ἄλλης
3001 3235 3098 3287 καὶ
3138 3220 3304 3301 ἄλλης
3352 3232 3569 3301 φύσεως
3603 3232 3898 3301 ἐνέργειαι

2295 3332 2422 3403 ἦτε
2450 3329 2593 3399 τομὴ
2655 3328 2749 3382 καὶ
2782 3329 2816 3396 ἡ
2871 3314 3091 3386 καῦσις.
3140 3325 3239 3379 Διὰ
3281 3325 3339 3377 δὲ
3390 3325 3490 3393 τὴν
3544 3324 3766 3387 ἕνωσιν,
3811 3323 3901 3393 μὴ

2298 3423 2463 3493 μόνον
2494 3419 2593 3473 τοῦ
2630 3418 2805 3487 πυρὸς
2847 3413 2991 3470 εἶναι
3037 3416 3274 3485 λέγομεν
3322 3415 3423 3486 τὴν
3474 3412 3692 3479 καῦσιν,
3738 3414 3899 3467 ἀλλά

2294 3514 2389 3567 καὶ
2422 3512 2516 3565 τοῦ
2552 3496 2798 3580 σιδήρου.
2833 3508 3127 3577 Καίειγὰρ
3150 3510 3179 3561 ὁ
3204 3507 3425 3578 σίδηρος
3455 3502 3629 3571 οὗτος,
3668 3508 3894 3577 φαμέν.

2293 3606 2650 3675 Σκοπήσομεν
2670 3604 2726 3657 δὲ
2757 3602 2853 3655 καὶ
2889 3590 3063 3653 οὖτωθ
3085 3601 3281 3671 Ψυχῆς
3310 3601 3428 3653 ἐστι
3456 3600 3519 3653 τὸ
3544 3598 3753 3669 ψυχοῦν
3783 3603 3899 3653 καὶ

2291 3698 2583 3763 ζωοποιεῖν
2634 3695 2695 3749 τὸ
2748 3694 2951 3763 ἑαυτῆς
3012 3693 3212 3762 σῶμα*
3248 3694 3344 3745 καὶ
3396 3692 3556 3761 δῆλον
3608 3692 3719 3745 ἀπὸ
3780 3695 3899 3748 τοῦ
3955 3724 3957 3747 l

2290 3786 2595 3858 χωρισμοῦ.
2624 3782 3021 3853 Χωριζομὲνης
3049 3782 3159 3851 γὰρ
3177 3780 3383 3848 ταύτης
3403 3781 3545 3835 κατά
3568 3779 3659 3834 τὸν
3678 3783 3899 3850 καιρὸν
3926 3786 3941 3858 l‘

2289 3878 2385 3932 τοῦ
2421 3878 2652 3933 θανάτου
2712 3876 2819 3929 ἀπὸ
2870 3874 2965 3927 τοῦ
3013 3874 3216 3927 οἰκείου
3268 3872 3557 3943 σώματος,
3613 3873 3767 3943 μένει
3824 3876 3900 3927 τὺ

2291 3971 2453 4040 σῶμα
2495 3968 2711 4038 νεκρόν.
2758 3966 2911 4018 Ἐπεὶ
2954 3965 3051 4018 οὖν
3103 3965 3137 4035 ή
3186 3963 3380 4034 θεότης
3410 3964 3579 4018 αὐτοῦ
3610 3956 3897 4020 οὐδέποτε

2285 4064 2413 4117 οὔτε
2440 4064 2534 4116 τοῦ
2568 4061 2842 4131 σώματος,
2874 4058 2999 4112 οὔτε
3034 4060 3134 4128 τῆς
3180 4056 3363 4128 ψυχῆς
3412 4057 3710 4128 ἐχωρίσθη,
3750 4060 3899 4122 πῶς

2286 4156 2383 4227 τὴν
2411 4154 2692 4223 ἐνέργειαν
2722 4150 2930 4218 ταύτην
2960 4150 3061 4217 τῆς
3084 4149 3283 4219 ψυχῆς,
3303 4147 3363 4199 τὸ
3384 4147 3677 4216 ζωογονεῖν
3701 4166 3917 4219 φημι,

2286 4249 2387 4299 οὐκ
2425 4239 2573 4313 εἶχεν
2631 4245 2663 4313 ή
2713 4240 2908 4311 θεὸτης
2966 4238 3168 4299 αὐτοῦς
3205 4238 3348 4293 Ἀλλ’
3395 4239 3701 4311 ἀχώριστος
3734 4234 3917 4309 οὖσαξ

2284 4337 2381 4390 τοῦ
2414 4338 2694 4403 σώματος,
2736 4333 2833 4386 καὶ
2862 4331 2985 4385 καθ’
3031 4331 3331 4385 ὑπόστασιν
3384 4333 3642 4402 ἡνωμένη
3691 4334 3909 4406 auriga;

3856 4634 3899 4681 LO

3856 4625 3930 4846 Ἀ

3868 4846 3921 5083 ξι

3815 5186 3881 5229 ιζ

3815 5279 3867 5313 1'.

3819 5397 3906 5646 il

2294 4521 2530 4589 σώματι,
2560 4520 2817 4572 οὐδέποτε
2842 4518 3038 4587 νεκρὸν
3081 4517 3265 4570 ἐκεῖνο
3296 4519 3559 4587 τυγχάνει
3588 4518 3667 4571 ὗν.
3694 4521 3903 4574 Πνεῦ-

2294 4633 2367 4685 μα
2415 4616 2524 4684 γὰρ
2573 4611 2804 4677 ζωτικὸν
2844 4606 2977 4664 οὖσα
3007 4611 3039 4679 ἡ
3068 4604 3216 4679 ψυχὴ
3238 4651 3253 4675 ,
3278 4609 3563 4673 ζωοποιεῖ
3590 4611 3650 4662 τὸ
3683 4611 3899 4691 σῶμαΙὲ

2289 4708 2364 4769 ὣς
2388 4724 2492 4760 που
2517 4705 2611 4758 καὶ
2634 4705 2661 4756 ὁ
2684 4703 2851 4772 σοφὸς
2883 4703 3136 4771 Σολομὼν
3164 4701 3291 4772 περί
3330 4716 3493 4754 τινων
3528 4701 3893 4777 παρανόμων

2289 4799 2381 4851 καὶ
2439 4793 2852 4864 είδωλολατρῶν
2910 4785 3031 4845 εἷπε
3085 4808 3098 4821 ·
3164 4791 3375 4857 Πηλοῦ
3426 4793 3775 4860 ἁτιμότείος
3860 4790 3899 4852 d

2279 4892 2420 4957 βίος
2450 4888 2670 4954 αὐτῶν,
2698 4887 2730 4939 ὅ
2738 4905 2788 4939 τι
2807 4888 3124 4955 ἠγνόησαν
3142 4883 3249 4937 τόν
3266 4883 3590 4937 πλάσαντι]
3609 4886 3901 4957 αὐτοὺςς

2284 4981 2383 5034 καί
2414 4981 2520 5033 τὸν
2544 4980 2974 5047 ἐμπνεύσαντα
2994 4976 3200 5042 αὐτοῖς
3217 4975 3434 5045 ψυχὴν
3459 4977 3869 5047 ἐνεργοῦσαν
3873 4992 3903 5047 j

2284 5077 2385 5127 καί
2410 5072 2863 5142 ἐμφυσήσιιντα
2890 5070 3098 5135 αὐτοῖς
3122 5069 3361 5137 πνεῦμα
3388 5067 3656 5129 ζωτικόν.

2366 5169 2425 5221 Ὀ
2460 5169 2623 5221 ΚΛΘ.
2679 5168 2870 5228 Ὅστις
2901 5164 2960 5217 τὸ
2987 5166 3191 5217 οἰκεῖον
3239 5166 3551 5216 καταπατεί
3591 5165 3881 5229 συνειδὺῃ

2281 5264 2375 5316 καὶ
2414 5260 2651 5330 μάλιστα
2680 5262 2739 5313 ὲν
2768 5261 2882 5321 τοῖς
2924 5257 3055 5328 περὶ
3082 5258 3322 5319 πίστεως
3359 5256 3527 5325 λόγῳ,
3579 5257 3680 5308 οὐκ
3712 5257 3867 5313 ἕστο

2279 5356 2431 5419 ἄξιος
2476 5353 2763 5406 καλεῖσθαι
2800 5349 3149 5421 Χριστιανός.
3201 5346 3347 5416 Ἐγὼ
3378 5346 3434 5399 δὲ
3483 5347 3731 5416 ὁμολογῶ
3776 5352 3803 5401 ὲ

2280 5447 2401 5517 Θεῷ
2464 5446 2729 5514 μάρτυρι,
2789 5442 2872 5494 ὅτι
2924 5442 3025 5509 τῆς
3084 5437 3254 5509 αὐτῆς
3290 5440 3420 5509 ὑμῖν
3467 5439 3709 5501 πίστεως
3769 5458 3819 5495 κ

2276 5540 2427 5609 ἥμην
2462 5540 2556 5591 καὶ
2588 5540 2725 5607 εἰμὶ,
2759 5537 2945 5603 ἐξότου
2975 5538 3094 5597 ταῖς
3133 5534 3308 5596 θείαις
3353 5534 3597 5602 ἐνέκυψα
3626 5534 3875 5604 βίϐλοις

2274 5624 2341 5699 ἧς
2374 5631 2465 5682 καὶ
2492 5630 2654 5692 αὐτὸς
2688 5625 2759 5693 εἴ,
2794 5629 2888 5681 καὶ
2917 5628 2968 5683 οί
2997 5626 3149 5700 παρὰ
3187 5625 3284 5679 σοῦ
3324 5627 3405 5690 είς
3453 5625 3621 5697 μέσον
3650 5626 3810 5696 ἀχθέ

2266 5741 2361 5786 τες
2391 5722 2524 5774 θεῖοι
2561 5722 2822 5791 Πιτέρες.
