3982 6326
640 349 738 414 191

707 461 870 519 GEN.
899 461 1065 516 Recte
1095 462 1230 517 dicis
1263 483 1279 522 :
1316 463 1425 517 ﬁat.

713 555 897 624 Itaque
924 566 1090 624 caput
1119 555 1185 610 de
1220 561 1497 624 unguento
1531 555 1798 625 legentes,
1855 555 1987 611 haec
2017 558 2214 624 scripta

638 645 962 712 reperimus.
1006 643 1242 698 Rursum
1279 647 1533 714 praecepit
1571 647 1683 714 ipsa
1724 645 2030 716 Scriptura,
2068 657 2125 701 nt
2152 662 2215 702 ex

637 735 707 790 iis
732 736 867 789 oleis
907 735 1144 799 olerum,
1176 752 1296 804 quae
1326 752 1598 791 sesamum
1635 747 1851 798 vocant.
1884 750 2218 809 unguentum

636 837 884 880 nostrum
937 827 1419 892 conticiatnr,nou
1476 843 1541 882 ex
1592 829 1858 883 olivarum
1911 831 2215 887 arboribus.

634 921 814 988 Atque
867 920 971 974 hoc
1023 934 1209 988 reapse
1264 934 1450 973 verum
1486 928 1593 973 est.
1626 919 1802 974 Causa
1849 921 1925 975 rei
1961 929 2046 976 est
2081 921 2217 986 haec,

633 1011 781 1079 quod
813 1013 865 1064 in
895 1013 1282 1065 Armeniorum
1319 1012 1539 1078 regione
1577 1027 1685 1066 non
1712 1021 1840 1066 sunt
1867 1013 2060 1068 oliveta
2092 1029 2219 1083 pro-

634 1114 756 1178 pter
784 1101 931 1155 aeris
983 1103 1034 1154 in
1071 1117 1133 1154 ea
1176 1103 1397 1172 regione
1444 1101 1637 1174 frigus.
1683 1106 1874 1173 Itaque
1925 1105 2222 1178 necessitas

633 1179 750 1261 ipsa
799 1192 1007 1261 ﬂagitat
1053 1205 1108 1247 ut
1173 1196 1349 1248 oleum
1393 1195 1545 1260 illud,
1591 1195 1737 1266 quod
1772 1197 1823 1250 in
1855 1197 1967 1265 ipsa
2001 1200 2220 1267 regione

633 1284 927 1351 reperitur,
961 1286 1026 1337 ad
1063 1301 1218 1339 usum
1253 1287 1514 1356 unguenti
1541 1285 1892 1343 adhibeatur.
1921 1288 2046 1356 Qua
2077 1289 2132 1345 iu
2161 1304 2221 1344 re

635 1378 843 1431 nullum
876 1393 976 1446 ego
1004 1379 1287 1446 spirituale
1316 1380 1575 1435 delictum
1607 1380 1784 1436 video.

709 1469 964 1524 'l‘llEOR.
1002 1471 1190 1537 Miror,
1218 1471 1459 1537 domine,
1485 1485 1582 1527 cur
1607 1473 1673 1526 ad
1708 1472 2092 1545 imperatorem
2118 1473 2220 1530 hoc

631 1563 1043 1632 perscripseris.
1097 1563 1231 1616 Nam
1275 1562 1513 1633 plurima
1563 1565 1652 1620 bic
1701 1564 1901 1620 oliveta
1933 1565 2116 1631 video,
2163 1574 2222 1621 et

631 1652 850 1719 quidem
889 1653 993 1707 olei
1029 1652 1182 1708 satis.
1957 1723 1964 1728 ‘

705 1740 865 1798 GEN.
894 1742 1096 1799 Verum
1149 1745 1252 1800 ista
1285 1746 1541 1816 unguenti
1574 1747 1840 1804 confectio
1891 1749 2215 1820 principium

633 1834 823 1890 habuit
886 1836 953 1890 ad
1012 1835 1254 1890 Orientis
1315 1839 1525 1906 plagam
1569 1837 1858 1904 intimam,
1919 1841 2013 1896 ubi
2069 1842 2214 1898 nulla

630 1935 761 1980 sunt
813 1928 1013 1982 oliveta
1067 1944 1080 1980 :
1143 1929 1377 1997 indeque
1441 1921 1541 1984 nos
1605 1934 1881 2002 acceptam
1936 1945 2218 1986 servamus

630 2016 916 2071 hactenus.
1509 2041 1512 2049 υ

709 2109 918 2164 Deinde
948 2110 1143 2179 capitis
1185 2110 1427 2179 ejusdem
1471 2119 1629 2180 parte
1677 2112 1925 2181 proxima
1956 2115 2211 2182 perlecta,

632 2201 713 2255 sic
770 2200 1034 2270 scriptum
1085 2201 1394 2256 invenimus
1438 2219 1452 2257 :
1499 2201 1652 2259 Sicut
1701 2203 1888 2258 vinum
1939 2205 2216 2275 sanguinis

633 2292 839 2348 Christi
887 2292 1145 2348 materies
1178 2302 1284 2358 est,
1334 2305 1389 2349 et
1440 2293 1818 2367 cujuscunque
1863 2295 1934 2350 sit
1977 2297 2213 2363 coloris,

633 2385 800 2454 recipi
835 2383 995 2444 debet
1014 2401 1042 2452 ;.
1063 2386 1178 2440 sive
1211 2387 1447 2455 nigrum,
1473 2388 1590 2440 sive
1615 2390 1860 2464 rubrum,
1891 2389 2008 2464 sive
2034 2389 2213 2444 album

633 2474 822 2530 vinum
859 2475 1026 2529 fuerit
1061 2493 1077 2529 :
1111 2478 1372 2550 quoniam
1424 2491 1521 2547 per
1566 2463 1935 2540 ministerium,
1975 2482 2216 2538 sanctiﬁ-

631 2578 808 2629 catur,
841 2579 897 2637 et
923 2568 1128 2629 Christi
1167 2571 1220 2623 lit
1263 2571 1514 2641 sanguis.
1606 2554 1613 2558 ’

705 2659 960 2716 Τιιιςοιιι
994 2660 1313 2732 Exemplum
1359 2667 1459 2718 hoc
1487 2670 1643 2719 tuum
1693 2679 1884 2735 parum
1932 2666 2000 2721 ad
2040 2667 2211 2736 ipsam

633 2767 748 2806 rem
778 2752 1027 2821 quadrat.
1055 2751 1172 2806 Non
1200 2754 1346 2809 enim
1377 2756 1444 2809 de
1473 2755 1748 2833 coloribus
1779 2757 1936 2813 nobis
1957 2765 2042 2812 est
2069 2775 2215 2829 qua-

632 2844 762 2909 stio,
818 2845 912 2899 sed
960 2847 1027 2900 de
1063 2845 1334 2914 sutjecto,
1387 2848 1503 2902 sive
1552 2850 1803 2903 materie.
1856 2849 2005 2905 Nosti
2045 2851 2211 2919 enim,

631 2937 864 2992 diversis
903 2953 969 2992 ex
996 2939 1284 2995 arboribus
1318 2939 1500 2994 vinum
1548 2939 1686 2994 ﬁeri.
1741 2939 1876 2994 Nam
1919 2956 1984 2995 ex
2017 2942 2212 3010 pomis,

632 3039 690 3083 et
721 3031 950 3094 cerasis,
979 3041 1036 3086 et
1059 3031 1182 3086 aliis
1222 3031 1516 3095 fructibus,
1545 3043 1601 3086 et
1632 3031 2057 3105 berbis'quoque
2083 3049 2214 3088 con-

2060 353 2134 412 TI
2143 305 2495 413 [EORIANI
3805 305 3882 418 Ἠλῖ

2246 467 2301 524 Δ

2252 1398 2255 1401 ·
2324 1380 2424 1433 καὶ
2473 1379 2535 1434 οὐ
2572 1379 2816 1432 συνεῖδον
2853 1380 3079 1449 σφάλμα
3120 1377 3496 1449 πνευματικὸν
3512 1379 3570 1430 ἐν
3601 1377 3802 1446 τούτῳ.

3832 54 3903 620 i

2429 471 2471 522 0
2504 469 2663 525 ΚΑΘ.
2694 467 2774 522 Ἐὖ
2798 467 2993 537 λέγεις·
3030 469 3290 535 γενέσθω.

2393 562 2502 615 Kal.
2525 562 2852 629 ἀναγνόντες
2889 560 2950 613 τὸ
2979 561 3221 632 περὶτοῦ
3249 562 3424 633 μύρου
3453 560 3772 628 κεφάλαιον,
3807 560 3903 628 εὖσῆ

2324 671 2489 724 ρομεν
2542 653 2715 715 οὕτως
2746 670 2760 684 ·
2799 653 2967 707 Πάλιν
3017 654 3338 724 διηγόρευεν
3371 654 3404 723 ἡ
3436 654 3628 724 Γραφὴ
3663 653 3774 706 ἀπὸ
3799 646 3905 716 ubi}

2319 742 2517 798 ἐλαιῶν
2568 743 2677 796 τῶν
2721 742 2994 814 λαχάνων,
3046 745 3184 814 ὅπερ
3252 745 3496 814 σήσαμον
3544 744 3890 811 ὀνομάζουςε,

2320 834 2567 902 γίνεσθαι
2595 836 2656 888 τὸ
2702 833 2874 904 μύρον
2924 832 3124 904 ἠμῶνο
3182 833 3276 886 καὶ
3337 834 3461 902 οὐχὶ
3507 833 3617 884 ἀπὸ
3671 832 3898 899 δένδρων

2319 925 2540 980 ἐλαιῶν.
2575 927 2687 980 Kal.
2714 924 2877 978 τοῦτο
2902 924 2961 978 ὲν
2983 923 3210 994 ἀληθείᾳ
3237 924 3405 978 ἐστίν.
3441 925 3596 976 Ἐστι
3615 923 3672 975 δὲ
3700 925 3734 992 ἡ
3759 925 3900 976 alia

2319 1015 2566 1086 τοιαύτη,
2601 1014 2682 1068 ὅτι
2718 1017 2798 1076 είς
2826 1015 2924 1084 τὴν
2953 1013 3136 1084 χώραν
3171 1012 3280 1068 τῶν
3305 1013 3613 1084 Ἀρμενίων
3645 1013 3749 1065 οὐκ
3776 1013 3902 1068 είσ“τν

2323 1107 2606 1174 ὲλαιῶνες,
2635 1107 2724 1161 διὰ
2747 1108 2808 1160 τὸ
2837 1107 3044 1177 ψυχρὸν
3083 1109 3182 1177 τῆς
3221 1105 3403 1177 χώρας
3456 1106 3551 1158 τοῦ
3581 1105 3769 1172 ἀέρος·
3815 1097 3902 1160 καὶ

2319 1199 2533 1269 ἀνάγκη
2565 1198 2875 1267 πρόκειται,
2905 1198 2967 1250 τὸ
2994 1198 3174 1252 ἔλαιον
3197 1199 3395 1260 ἐκεῖνο,
3417 1198 3555 1268 ὅπερ
3586 1198 3902 1266 εὑρίσκεται

2321 1289 2402 1351 είς
2423 1288 2520 1360 τὴν
2571 1287 2777 1358 χώραν,
2813 1289 2893 1352 είς
2953 1290 3150 1359 χρῆσιν
3183 1289 3277 1342 τοῦ
3333 1288 3506 1358 μύρου
3581 1287 3917 1370 λαμὸάνειν,ξ

2403 1470 2464 1527 '0
2484 1470 2682 1524 ΘΕΩΡ.
2717 1470 3015 1545 Θαυμάζω,
3044 1471 3300 1529 δέσποτα,
3317 1470 3433 1535 πῶς
3443 1470 3602 1524 τοῦτο
3618 1470 3921 1542 γέγραφας]

2319 1564 2458 1636 πρὸς
2488 1563 2733 1635 βασιλέα.
2777 1563 2921 1634 Ὀρῶ
2965 1562 3076 1632 γάρ
3127 1563 3414 1628 πλείστους
3460 1562 3729 1625 ἑλαιῶνας
3781 1555 3923 1626 563,4

2319 1657 2409 1710 καὶ
2430 1655 2609 1712 ἔλαιον
2637 1655 2842 1709 ἱκανόν.
3281 1672 3288 1685 ι
3906 1655 3925 1718 il

2402 1748 2462 1801 '0
2490 1747 2651 1801 ΚΑΘ.
2688 1745 2833 1799 Ἀλλ’
2855 1745 2936 1808 είς
2983 1744 3084 1815 τὴν
3106 1745 3398 1815 ἐνδοτάτην
3446 1742 3744 1814 Ἀνατολὴν
3793 1742 3927 1815 ἐγΞῇ

2319 1840 2491 1910 νετοή
2527 1839 2668 1908 ἀρχὴ
2694 1839 2794 1909 τῆς
2820 1839 3165 1906 κατασκευῆς
3194 1835 3288 1888 τοῦ
3317 1837 3512 1908 μύρου,
3545 1838 3679 1889 ὅπου
3709 1835 3922 1902 ἔλα.ιόἀυί

2319 1947 2407 1995 νες
2439 1932 2540 1984 οὐκ
2583 1930 2712 1982 είσί·
2755 1929 3008 1984 κάκεῖθεν
3041 1913 3455 1998 παραλαὸόντες
3482 1929 3646 2000 ἡμεῖς
3698 1913 3922 1998 φυλάτὲ

2313 2037 2482 2093 ταμεν
2515 2021 2542 2074 ὃ
2575 2021 2968 2093 παρελάϐομεν
2999 2023 3163 2092 μέχρι
3200 2020 3296 2073 τοῦ
3323 2022 3439 2074 νῦν.

2387 2109 2522 2168 Εἶτα
2554 2115 2883 2183 ἀναγνόντες
2909 2113 2970 2165 τὸ
3028 2112 3157 2184 ἑξῆς
3208 2112 3304 2165 τοῦ
3350 2111 3650 2180 κεφαλαίου
3685 2109 3935 2190 τούτουζξ

2316 2206 2553 2277 εὕρομεν
2609 2207 2824 2269 οὕτως·
2886 2207 3116 2274 ,Ὥσπερ
3157 2204 3292 2276 ,γὰρ
3352 2203 3449 2255 τοῦ
3511 2203 3745 2272 αἵματος
3813 2199 3937 2254 τοῦη

2315 2298 2612 2369 Χριστοῦό
2663 2293 2806 2362 οἷνός
2847 2299 2998 2351 ἔστιν
3053 2295 3177 2366 ῦλη,
3243 2298 3339 2350 καὶ
3393 2296 3512 2360 οῖας
3543 2296 3659 2348 ἐστὶ
3682 2295 3913 2368 χροιᾶς,

2315 2390 2638 2454 ἀποδεκτέος
2653 2391 2789 2453 ἐστὶ,
2828 2386 2932 2444 κᾶν
2993 2389 3182 2459 μέλας,
3217 2389 3312 2443 καὶ
3341 2388 3570 2460 ἐρυθρός
3607 2390 3746 2451 ἐστι,
3808 2389 3914 2440 κᾶν

2319 2483 2531 2546 λευκόςο
2567 2483 2757 2552 ἐπειδὴ
2790 2483 2823 2554 ή
2865 2482 3180 2553 λειτουργία
3207 2482 3425 2550 άγιάζει
3454 2480 3642 2534 αὑτὸν.
3674 2481 3774 2534 καὶ
3817 2482 3904 2548 γί-

2317 2592 2467 2629 νεται
2495 2569 2638 2643 αἷμα
2683 2560 2946 2645 Χριστοῦ.
3695 2615 3702 2622 .

2397 2669 2461 2721 '0
2490 2667 2686 2720 ΘΕΩΡ.
2718 2667 2792 2720 Τὸ
2815 2665 3168 2736 παράδειγμά
3209 2681 3304 2718 σου
3327 2664 3430 2717 οὐκ
3451 2667 3568 2716 ἐστι
3597 2663 3914 2733 προσφυὲς-

2321 2759 2382 2811 οὑ
2420 2759 2528 2827 γάρ
2554 2757 2685 2827 περὶ
2709 2747 3025 2826 χρωμάτων
3045 2758 3176 2826 ἡμῖν
3199 2756 3228 2808 ὀ
3261 2754 3438 2823 λόγος,
3476 2751 3615 2807 ἀλλὰ
3647 2753 3781 2825 περὶ
3813 2752 3913 2806 τοῦ

2318 2849 2710 2920 ὑποκειμένου,
2740 2851 2862 2920 ἢτοι
2892 2849 2996 2918 τῆς
3049 2847 3204 2918 ῦλης.
3235 2844 3398 2910 Οἶδας
3441 2846 3547 2918 γὰρ
3571 2846 3653 2900 ὅτι
3691 2846 3757 2899 ἐκ
3783 2845 3915 2900 δια·

2317 2942 2501 3012 φόρων
2522 2940 2761 3011 δένδρων
2810 2939 3021 3007 γίνεται
3076 2935 3238 3000 οῐνος·
3291 2936 3505 3006 γίνεται
3546 2936 3656 3006 γάρ
3688 2936 3752 2988 ὲκ
3791 2935 3916 3004 μή-

2316 3034 2448 3099 λων,
2478 3033 2572 3086 καὶ
2596 3032 2889 3101 κερασίων,
2920 3029 3015 3086 καὶ
3042 3029 3224 3086 ἄλλων
3259 3027 3470 3094 φυτῶν,
3504 3027 3598 3081 καὶ
3621 3026 3688 3096 δὴ
3739 3025 3916 3095 βοτά-

3914 1294 3919 1416 i

3919 1440 3921 1500 1

3914 1533 3923 1614 1

3921 1638 3927 1836 ἲ

635 3118 819 3175 ﬁcitur
848 3141 860 3175 :
895 3123 990 3178 sed
1021 3124 1087 3175 ad
1121 3123 1222 3177 hoc
1251 3124 1579 3179 sacriﬁcium
1614 3139 1720 3178 non
1766 3125 2077 3191 adhibetur,
2108 3126 2212 3182 nisi

2329 3140 2448 3176 οων’
2476 3123 2590 3177 an?
2611 3123 2676 3179 οὐ
2707 3121 3045 3194 προσάγεται
3088 3121 3168 3181 είς
3214 3121 3430 3186 Θυσίαν,
3457 3117 3574 3171 ἀλλ’
3613 3116 3647 3187 ἢ
3682 3115 3856 3186 μόνον
3887 3115 3918 3164 ὁ

631 3213 898 3267 duntaxat
953 3228 1020 3267 ex
1073 3215 1182 3267 vite
1229 3215 1456 3270 factum.
1510 3215 1600 3271 Sic
1641 3224 1695 3270 et
1743 3217 1813 3270 de
1857 3217 2026 3272 oleo:
2066 3219 2212 3273 tlte:

632 3305 811 3369 lauro,
839 3306 1006 3375 junco
1040 3307 1292 3371 odorato,
1340 3317 1396 3361 et
1421 3307 1544 3362 aliis
1590 3308 1776 3363 multis
1804 3310 1981 3363 oleum
2013 3328 2028 3366 :
2058 3311 2154 3366 sed
2181 3325 2212 3364 a

633 3398 842 3453 sanctis
870 3395 1129 3452 Patribus
1155 3399 1338 3474 pleum
1368 3398 1532 3461 oliva.
1557 3400 1771 3454 caeteris
1801 3410 1883 3455 est
1908 3400 2210 3470 praelatum.

628 3475 808 3559 Atque
837 3489 940 3544 hoc
971 3491 1194 3544 cuilibet
1225 3505 1554 3561 cognoscere
1584 3491 1733 3555 licet,
1781 3503 1889 3546 tam
1931 3507 1998 3546 ex
2026 3503 2215 3549 sancto

632 3579 727 3634 illo
755 3579 1016 3650 Dionysio
1052 3582 1400 3651 Arecpagita,
1436 3596 1596 3652 quam
1637 3581 1759 3637 aliis
1784 3584 1992 3638 sanctis
2035 3585 2213 3639 bomi-

633 3672 794 3726 nibus
831 3687 935 3726 non
969 3674 1179 3742 paucis.
1210 3672 1321 3728 Nec
1356 3675 1585 3728 minoris
1616 3683 1701 3729 est
1737 3677 2002 3730 momenti
2052 3693 2214 3746 argu-

632 3775 905 3828 mentum,
932 3769 1075 3834 quod
1120 3782 1186 3820 ex
1235 3768 1351 3836 ipSu
1395 3768 1612 3822 nomine
1641 3768 1972 3822 contexitur.
2010 3769 2217 3838 Quippe

631 3861 680 3914 si
714 3859 1036 3929 simpliciter
1079 3859 1261 3914 oleum
1309 3860 1540 3921 dicatur,
1589 3874 1656 3914 ex
1709 3859 1850 3914 oliva
1879 3859 2104 3915 iactum
2137 3863 2218 3915 in-

631 3949 917 4020 telligitur.
947 3949 1015 4002 At
1041 3964 1164 4004 cum
1201 3950 1498 4014 laurioum,
1524 3950 1612 4004 vel
1637 3950 1922 4020 juuceum,
1950 3952 2035 4007 vel
2063 3967 2215 4008 sesa-

633 4043 864 4107 miuum,
895 4052 951 4096 et
985 4041 1289 4109 bujusmodi
1322 4041 1424 4095 alia
1455 4080 1470 4095 .
1502 4079 1519 4096 .
1557 4080 1573 4096 .
1612 4081 1628 4098 .
1663 4080 1678 4096 .
1709 4081 1730 4099 .
1765 4080 1782 4096 .
1811 4083 1828 4098 .
1852 4043 2215 4110 Quemadmo-

638 4137 768 4191 dum
801 4135 970 4199 enim,
1005 4135 1051 4188 si
1083 4135 1263 4187 navim
1296 4133 1501 4200 dicam,
1529 4133 1677 4188 facta
1708 4135 1774 4189 de
1801 4133 1986 4205 lignis,
2022 4136 2212 4203 clavis,

636 4237 694 4281 et
723 4227 842 4295 pice
871 4226 1025 4280 navis
1053 4225 1400 4293 intelligitur,
1425 4239 1530 4294 qua
1555 4239 1897 4294 navigamus,
1927 4242 2036 4281 non
2065 4231 2216 4282 navis

635 4320 882 4389 lapidea;
914 4320 1007 4373 scd
1036 4319 1081 4372 si
1115 4321 1296 4372 navim
1325 4317 1594 4386 lapideam
1622 4317 1932 4387 signiﬁcare
1959 4320 2212 4384 velimus,

633 4413 903 4483 lapideam
952 4411 1275 4479 adjicimus;
1326 4413 1530 4481 absque
1577 4425 1683 4482 qua
1727 4413 2028 4480 appendice
2073 4429 2211 4468 nun-

633 4525 797 4577 quam
831 4521 901 4561 ει
927 4506 1039 4561 sola
1073 4507 1225 4561 navis
1254 4505 1615 4575 appellatione
1636 4547 1652 4573 ,
1682 4504 1892 4573 lapidea
1926 4507 2080 4562 navis
2113 4509 2210 4562 in-

635 4600 908 4668 telligetur
937 4621 951 4654 :
986 4603 1175 4656 eodem
1203 4604 1360 4657 modo
1389 4601 1732 4657 statuendum
1755 4601 1819 4656 de
1841 4602 1978 4667 oleo,
2013 4613 2067 4658 et
2093 4603 2212 4659 oleo

635 4695 929 4747 sesamino.
977 4695 1315 4763 Quapropter
1352 4695 1529 4749 oleum
1560 4694 1765 4762 absque
1796 4695 2096 4764 appendice
2127 4695 2212 4750 di—

635 4793 840 4851 centes,
882 4801 948 4840 ex
978 4785 1119 4842 oliva
1169 4785 1370 4840 factum
1414 4786 1741 4854 signiﬁcant.

701 4978 863 5033 CEN.
902 4979 1012 5034 Iloc
1042 4995 1258 5048 quoque
1285 4989 1534 5032 currectu
1568 4976 1885 5031 facillimum
1920 4975 2101 5029 fuerit.

708 5072 800 5126 llis
831 5075 903 5126 ita
934 5074 1114 5136 dictis,
1151 5071 1460 5125 sacerdotes
1493 5069 1607 5138 ejus
1637 5069 1872 5136 psallere
1925 5076 2210 5136 cmperunt

637 5167 820 5236 liymni
854 5166 1146 5232 vespertini
1201 5164 1396 5219 seriem
1429 5175 1582 5216 extra
1614 5163 1926 5228 ecclesiam,
1961 5164 2026 5218 de
2060 5178 2208 5216 more

638 5256 899 5324 ipsorum.

714 5349 780 5401 Et
811 5347 1039 5402 TllEOR
1094 5347 1204 5402 Cur
1235 5357 1387 5400 extra
1418 5346 1701 5401 ecclesiam
1747 5345 2057 5401 sacerdotes
2133 5347 2207 5398 tui

640 5453 807 5508 stant,
843 5444 936 5506 ait,
982 5458 1103 5497 cum
1135 5441 1404 5508 psallunt?

711 5531 868 5587 SEN.
900 5532 1172 5599 Scriptum
1192 5543 1271 5586 est
1305 5550 1317 5584 :
1356 5531 1420 5584 In
1444 5533 1581 5585 omni
1610 5532 1723 5585 loco
1751 5529 1970 5584 dominii
1998 5529 2111 5598 ejus
2140 5530 2208 5581 ’⁷.

712 5801 749 5829 ²¹
785 5796 924 5852 l‘sai.
957 5814 1048 5858 cn,
1075 5795 1160 5848 L2'2.

2315 3216 2381 3268 ὲκ
2400 3215 2503 3284 τῆς
2533 3212 2803 3284 ἀμπέλου.
2841 3211 3001 3266 Οὕτω
3034 3211 3130 3264 καὶ
3165 3211 3260 3264 ἐπὶ
3297 3209 3393 3263 τοῦ
3446 3207 3654 3262 ἐλαίου·
3685 3207 3921 3276 γίνεται

2313 3308 2424 3380 γὰρ
2446 3308 2624 3364 ἔλαιον
2641 3308 2704 3362 ἐκ
2729 3326 2791 3362 τε
2816 3307 3046 3378 δάφνης,
3091 3308 3186 3360 καὶ
3212 3306 3418 3374 σχίνου,
3441 3303 3536 3358 καὶ
3560 3301 3738 3356 ἄλλων
3773 3303 3922 3355 πολ-

2313 3400 2440 3453 λῶψ
2481 3401 2616 3454 ἀλλὰ
2640 3399 2701 3452 τὸ
2737 3400 2836 3468 τῆς
2859 3398 3044 3462 ἐλαίας
3073 3398 3382 3468 προεκρίθη
3398 3395 3551 3468 παρὰ
3588 3393 3698 3448 τῶν
3723 3395 3919 3462 άγίων

2315 3493 2593 3562 Πατέρων.
2630 3491 2737 3544 Καὶ
2779 3489 2959 3557 ἔξεστι
3017 3490 3174 3544 τοῦτο
3221 3489 3411 3558 μαθεῖν
3468 3486 3548 3557 τῷ
3575 3485 3908 3556 βουλομένῳ

2317 3568 2500 3649 παντὶ,
2523 3585 2631 3640 ἀπό
2653 3603 2712 3640 τε
2744 3583 2839 3641 τοῦ
2868 3584 3028 3654 ἁγίου
3052 3585 3332 3637 Διονυσίου
3360 3581 3455 3638 τοῦ
3476 3581 3891 3652 Ἀρεοπαγίτου

2316 3676 2410 3730 καὶ
2432 3677 2610 3730 ἄλλων
2674 3675 2847 3744 ἁγίων
2883 3676 2984 3728 οὐκ
3034 3675 3254 3742 ὀλίγων.
3286 3675 3363 3730 Οὐ
3415 3675 3599 3745 χεῖρον
3624 3672 3679 3724 δὲ
3713 3671 3812 3723 καὶ
3847 3671 3918 3735 ἐξ

2315 3767 2481 3821 αὑτοῦ
2514 3768 2611 3820 τοῦ
2664 3767 2930 3836 ὀνόματος
2991 3765 3424 3829 κατασκευάσαι,
3502 3765 3582 3818 ὅτι
3613 3763 3674 3815 τὸ
3718 3763 3919 3816 ἔλαιον

2314 3859 2500 3919 ἁπλῶς
2546 3857 2861 3928 λεγόμενον,
2897 3857 2958 3910 τὸ
2998 3856 3058 3922 ἐξ
3111 3857 3299 3918 ἐλαίας
3341 3856 3512 3928 δηλοῖ.
3577 3854 3773 3909 Ἦνίκα
3845 3857 3915 3908 δὲ

2315 3946 2654 4016 ὼφνέλαιον,
2708 3947 2742 4017 ἢ
2799 3945 3119 4018 σχινέλαιον,
3152 3946 3188 4014 ἢ
3226 3943 3615 4016 σησαμέλαιον,
3673 3947 3770 3997 καὶ
3835 3946 3921 3996 τὰ

2314 4041 2589 4093 τοιαῦτα.
2669 4080 2682 4093 .
2762 4075 2778 4091 .
2855 4078 2870 4094 .
2948 4073 2965 4093 ο
3045 4076 3062 4091 .
3141 4077 3156 4093 .
3236 4075 3251 4091 .
3331 4075 3346 4091 .
3393 4037 3609 4106 Ὥσπερ
3638 4035 3921 4104 γάρδεαν

2317 4133 2456 4185 εῐπω
2483 4132 2636 4196 ναῦς,
2685 4132 2889 4184 νοεῖται
2924 4131 2958 4201 ἠ
2989 4130 3054 4183 ὲκ
3079 4129 3278 4195 ξύλων,
3320 4130 3418 4183 καὶ
3446 4129 3620 4199 ἥλων,
3653 4129 3748 4181 καὶ
3775 4128 3917 4181 πίσ-

2318 4242 2416 4294 σης
2448 4222 2601 4287 ναῦς,
2624 4223 2691 4275 δι’
2755 4216 2824 4292 ἦς
2881 4221 3140 4293 πλέομεν,
3167 4222 3228 4274 οὐ
3272 4222 3382 4293 μὴν
3418 4223 3620 4274 νοεῖται
3657 4222 3689 4291 ἠ
3720 4221 3786 4272 ὲκ
3807 4219 3878 4284 λί
3897 4250 3920 4260 -

2318 4316 2425 4368 οων
2456 4315 2587 4379 ναῦς
2613 4333 2626 4347 ο
2663 4315 2730 4369 ἂν
2757 4314 2813 4369 δὲ
2843 4313 2942 4385 τὴν
2980 4315 3047 4368 ὲκ
3080 4313 3246 4366 λίθων
3303 4313 3434 4366 ναῦν
3463 4312 3707 4382 σημῆναι
3740 4311 3922 4378 θελήο

2320 4427 2524 4481 σωμεν,
2563 4393 2964 4477 προστιθέαμεν
2988 4406 3072 4471 τὸ,
3102 4405 3332 4476 λιθίνηνο
3367 4405 3496 4459 άνευ
3519 4405 3576 4458 δὲ
3602 4405 3699 4475 τῆς
3727 4421 3922 4476 προρ-

2321 4503 2494 4572 θὴκης
2550 4498 2756 4568 ταύτης
2805 4499 2908 4551 οὐκ
2932 4495 2998 4551 άν
3041 4513 3174 4549 ποτε
3231 4496 3451 4566 νοηθείη
3480 4497 3549 4548 ὲκ
3581 4495 3747 4565 μόνου
3798 4496 3918 4548 τοῦ

2323 4594 2455 4659 ναῦς
2483 4591 2771 4662 ὀνόματος,
2797 4593 2830 4662 ἠ
2859 4588 3036 4660 λιθίνη
3098 4587 3230 4651 ναῦς
3259 4603 3274 4619 ο
3331 4587 3423 4640 τὺν
3482 4586 3645 4640 αὐτὸν
3694 4591 3922 4656 τρόπον

2321 4686 2418 4738 καὶ
2439 4683 2532 4736 ἰπὶ
2559 4684 2656 4735 τοῦ
2712 4682 2914 4745 ἐλαίου,
2947 4678 3043 4732 καὶ
3087 4675 3484 4749 σησαμελαίου.
3506 4674 3761 4743 μἘλαιον
3789 4675 3920 4741 ,οὖν

2321 4778 2493 4849 χωρὶς
2543 4774 2862 4844 προσθήκης
2918 4770 3193 4838 λέγοντες,
3224 4768 3283 4820 τὸ
3313 4766 3374 4832 ἐξ
3409 4764 3596 4828 ἐλαίας
3648 4764 3918 4834 δηλονάτι

2322 4871 2478 4939 διαση
2489 4868 2756 4938 μαίνουσι.

2409 4961 2469 5014 '0
2498 4958 2662 5013 ΚΑΘ.
2695 4958 2804 5010 Καὶ
2834 4956 2993 5009 τοῦτο
3029 4957 3226 5026 ῥᾷστόν
3266 4960 3382 5008 εστι
3405 4951 3793 5022 διορθωθῆναι.

2391 5056 2609 5109 Τούτων
2638 5053 2782 5106 οῦτω
2821 5053 3119 5123 ῥηθέντων,
3154 5049 3389 5118 ἤρξαντο
3421 5049 3472 5101 οἱ
3512 5049 3676 5117 ἱερεῖς
3726 5047 3916 5101 αὐτοῦ

2319 5148 2542 5216 ψάλλειν
2562 5145 2657 5198 τοῦ
2693 5142 2984 5214 ἐσπερινοῦ
3042 5143 3139 5211 τὴν
3182 5138 3509 5192 ἀκολουθίαν
3541 5137 3644 5202 ἔξω
3676 5139 3778 5204 τῆς
3819 5141 3916 5190 ἐκ·

2319 5242 2578 5309 κλησίας,
2603 5238 2742 5291 κατὰ
2781 5237 2878 5306 τὴν
2901 5236 3082 5288 αὐτῶν
3120 5233 3434 5302 συνήθειαν.

2388 5333 2494 5385 Καί
2575 5330 3018 5400 φησινὸθΕΩΡ.
3069 5327 3187 5377 Ἵνα
3238 5327 3289 5377 τί
3355 5325 3600 5378 ἵστανται
3651 5323 3755 5387 ἔξω
3801 5324 3916 5390 τῆς

2317 5425 2633 5494 ἐκκλησίας,
2664 5425 2794 5476 ὅταν
2823 5421 3097 5489 ψάλλωσιν
3125 5420 3172 5470 οἱ
3209 5419 3373 5486 ἱερεῖς
3406 5433 3499 5468 σου
3527 5434 3541 5480 ;

2401 5517 2460 5568 Ὀ
2489 5515 2650 5566 ΚΛΘ.
2682 5515 3021 5583 Γέγραπται,
3039 5513 3144 5564 Ἐν
3166 5509 3343 5562 παντὶ
3369 5507 3529 5572 τόπῳ
3550 5505 3657 5575 τῆς
3677 5504 3903 5561 δεσπο-

2318 5610 2479 5674 τείας
2509 5606 2716 5661 αὐτοῦ.
