3982 6326
688 270 783 328 1ἒῶ

2108 272 2539 334 TllEOl’tIANI
3842 266 3931 331 1Γὸ

748 386 906 440 ϋίίίΝ,
953 388 1025 440 lla
1061 389 1171 442 lial.
1207 389 1374 444 Lubet
1398 393 1541 446 enim
1567 392 1635 446 de
1658 391 1881 446 vocibus
1910 389 2256 458 quibusdam,

2431 389 2473 440 Ο
2511 385 2672 439 ΚΑΘ.
2712 384 2870 438 Οὕτω
2903 385 3162 451 γενέσθω,
3199 385 3471 456 Βούλομαι
3524 384 3632 455 γὰρ
3666 385 3933 455 ἐρωτῆσαι

679 477 729 526 in
801 493 862 530 ea
930 478 1140 542 positis,
1202 481 1556 550 interrogare.
1616 481 1722 536 Sed
1761 481 1910 548 prius
1971 489 2259 545 utrumque

679 565 873 617 Lbrum
924 567 1063 620 inter
1121 584 1180 623 se
1225 571 1590 634 conferamus,
1637 583 1692 626 et
1720 572 2018 633 videmnus,
2049 586 2116 622 an
2155 568 2258 624 sibi

683 659 1049 723 ""5hondcant
1085 677 1098 713 :
1132 662 1328 716 deinde
1381 677 1689 731 quaeramus
1738 663 1808 717 de
1868 661 1933 715 iis
1969 663 2021 714 in
2063 661 2260 729 quibus

678 745 778 797 luet
795 763 967 800 emus.

1042 841 1226 897 Sanczi
1260 845 1341 897 IV
1392 846 1601 899 concilii
1646 847 1904 912 deﬁnitio.

752 930 1035 984 Sulliceret
1069 934 1284 1000 quidem
1314 936 1377 988 ad
1411 937 1958 1006 perfectam‘pietatis
1995 937 2260 1004 (agnitio-

681 1037 801 1073 nem
835 1031 889 1073 et
922 1023 1416 1087 conﬁrmationem,
1451 1026 1552 1080 hoc
1592 1028 1861 1079 eruditum
1917 1042 1979 1077 ac
2040 1027 2261 1080 salubre

680 1114 874 1166 divina:
931 1117 1120 1178 gratiae
1172 1118 1499 1185 symbolum,
1551 1119 1692 1185 quod
1760 1130 1813 1172 et
1854 1118 2147 1185 perfectam
2195 1119 2260 1171 de

678 1203 858 1267 Patre,
882 1217 933 1259 et
968 1207 1122 1270 Filio,
1149 1216 1200 1261 et
1233 1208 1434 1278 Spiritu
1481 1222 1668 1264 sancto
1716 1212 2018 1265 doctrinam
2073 1213 2258 1275 tradit,

678 1305 732 1346 et
760 1295 1187 1351 incarnationem
1219 1299 1427 1353 Domini
1459 1300 1690 1355 fideliter
1733 1301 2130 1371 excipientibns
2165 1317 2260 1355 ex-

679 1385 847 1438 illiiCI.
883 1384 988 1438 Sed
1025 1389 1240 1456 quando
1267 1389 1363 1453 illi,
1401 1390 1490 1458 qui
1521 1391 1961 1458 praedicationem
2012 1391 2260 1444 veritatis

680 1478 900 1530 abolere
931 1490 1218 1544 conantur,
1252 1496 1347 1548 per
1377 1497 1499 1534 suas
1526 1483 1764 1537 hmreses
1789 1497 1958 1537 novas
1987 1483 2256 1551 quasdam

679 1569 958 1622 doctrinas
1005 1580 1351 1638 pepererunt,
1410 1573 1530 1626 aliis
1587 1582 1853 1640 susceptae
1902 1583 2124 1642 propter
2157 1587 2256 1626 nos

679 1661 1168 1715 administrationis
1203 1662 1498 1718 Dominicae
1541 1665 1856 1734 mysterium
1905 1676 2257 1730 corrumpere

2369 476 2498 547 περί
2552 494 2713 529 τινων
2770 477 2969 542 λέξεων
3009 480 3126 529 ἐκεῖ
3178 477 3470 546 κειμένων.
3503 475 3666 529 Ἀλλὰ
3727 477 3934 546 πρῶτον

2364 565 2746 633 ἀντιϐάλωμεν
2801 566 3088 634 ἀμφότερα
3139 565 3206 618 τὰ
3235 565 3441 633 βιϐλία,
3495 565 3593 618 καὶ
3649 565 3933 634 ἵδωμεν,ε’

2365 651 2608 715 ἐξισάζει
2633 670 2644 683 ·
2683 655 2776 704 καὶ
2812 656 2932 706 τότε
2963 657 3091 725 περὶ
3135 650 3210 708 ὧν
3231 655 3676 725 ἀμφιϐάλλομεν,
3729 657 3930 724 ἐρωτή-

2366 761 2552 812 σομεν.

2677 835 2847 901 Ὄρος
2891 834 2995 902 τῆς
3031 839 3218 906 ,ἁγίας
3252 837 3299 889 δ’
3339 837 3631 892 συνόδου.

2431 927 2633 994 Ἤρκει
2657 925 2759 994 μὲν
2787 922 2881 978 οῦν
2905 929 2982 988 εἰς
3000 928 3188 997 ἐντελῆ
3207 932 3309 998 τῆς
3335 931 3620 992 εὐσεϐείας
3645 931 3934 996 ἐπίγνωσίν

2364 1031 2423 1066 τε
2448 1015 2542 1067 καὶ
2573 1015 2889 1083 βεϐαίωσιν,
2913 1016 2972 1068 τὸ
3013 1018 3177 1085 σοφὸν
3210 1022 3307 1072 καὶ
3344 1021 3620 1092 σωτήριον
3655 1022 3818 1074 τοῦτο
3849 1025 3936 1090 τῆς

2365 1105 2516 1169 θείας
2536 1110 2761 1178 χάριτος
2783 1108 3072 1177 σύμϐολον*
3097 1113 3225 1183 περί
3247 1131 3305 1165 τε
3331 1116 3438 1184 γὰρ
3461 1114 3556 1168 τοῦ
3589 1115 3825 1184 Πατρὸς,
3851 1117 3937 1167 καὶ

2363 1198 2455 1250 τοῦ
2491 1198 2646 1263 Υἱοῦ,
2678 1201 2770 1252 καὶ
2795 1201 2889 1254 τοῦ
2914 1203 3066 1268 ἁγίου
3082 1187 3399 1274 Πνεύματος
3434 1206 3740 1262 ἐκδιδάσκει
3770 1208 3830 1259 τὸ
3851 1211 3938 1259 τέ-

2363 1288 2524 1351 λειον,
2547 1289 2642 1341 καὶ
2671 1289 2762 1342 τοῦ
2794 1291 2999 1361 Κυρίου
3022 1294 3122 1363 τὴν
3152 1295 3572 1366 ὲνανθρώπησιν
3595 1300 3708 1359 τοῖς
3737 1298 3940 1358 πιστῶς

2360 1378 2671 1448 δεχομένοις
2704 1381 3056 1450 παρίστησιν.
3086 1384 3224 1437 Ἀλλ’
3253 1387 3554 1455 ἐπειδήπερ
3588 1388 3638 1438 οἱ
3663 1388 3764 1455 τῆς
3811 1389 3943 1454 ἀλη-

2363 1469 2522 1530 θείας
2547 1469 2758 1522 ἀθετεῖν
2790 1471 3192 1540 ἐπιχειροῦντες
3219 1475 3276 1526 τὸ
3306 1476 3692 1544 κήρυγμα,διά
3721 1476 3832 1527 τῶν
3863 1478 3935 1527 oi-

2363 1561 2810 1632 κείωνιαὶρέσεων
2838 1566 2934 1626 τὰς
2967 1565 3326 1630 καινοᾳωνίας
3361 1567 3645 1629 ἀπέτεκον,
3667 1569 3715 1620 οἱ
3753 1570 3853 1636 μὲν
3882 1568 3938 1619 τὸ

2361 1651 2462 1718 τῆς
2489 1651 2555 1703 δι’
2587 1655 2732 1721 ἡμᾶς
2758 1653 2853 1705 τοῦ
2888 1655 3090 1724 Κυρίου
3118 1657 3425 1726 οἰκονομίας
3447 1663 3745 1728 μυστήριον
3778 1676 3946 1730 7:191-

679 1750 1028 1814 audentihus,
1061 1763 1116 1807 et
1146 1753 1386 1824 Deipara:
1409 1733 1609 1813 vocem,
1655 1754 1858 1824 Virgini
1915 1755 2256 1806 tribuendam

2365 1742 2610 1810 φθείρειν
2635 1745 2962 1812 τολμῶντες,
2997 1747 3091 1799 καὶ
3119 1749 3218 1818 τὴν
3247 1748 3506 1811 Θεοτόκος
3528 1752 3621 1802 ἐπὶ
3655 1749 3758 1820 τῆς
3790 1754 3944 1818 Παρ-

677 1844 1039 1913 negantibus;
1103 1846 1220 1900 aliis
1279 1846 1656 1902 confusionem
1709 1859 1766 1901 et
1827 1847 2258 1900 commistionem

679 1937 1172 2001 introduceutibus,
1198 1949 1251 1992 et
1276 1955 1436 1991 unam
1470 1955 1591 1993 esse
1619 1939 1800 1993 carnis
1855 1939 2261 2006 divinitatisque

680 2040 928 2084 naturam
999 2031 1164 2084 stulte
1237 2033 1807 2095 comminiscentibus,
1867 2032 2111 2098 adeoque
2168 2045 2261 2098 per

676 2126 824 2175 hanc
850 2122 1226 2178 confusionem
1257 2136 1563 2179 tnonstrose
1591 2124 1974 2188 statuentibus,
2024 2122 2259 2175 divinam

679 2216 953 2286 Unigeniti
990 2228 1241 2274 naturam
1275 2233 1395 2273 esse
1427 2219 1738 2288 passibilem
1770 2236 1782 2271 :
1823 2226 2109 2295 eapropter
2148 2215 2261 2268 haec

679 2324 892 2376 sancta,
933 2327 1124 2380 magna
1160 2322 1212 2365 et
1245 2311 1573 2366 universalis
1591 2312 1855 2383 synodus,
1880 2323 1977 2364 eos
2007 2307 2075 2360 ab
2111 2307 2259 2360 omni

679 2418 866 2457 contra
905 2407 1190 2457 veritatem
1223 2404 1629 2458 machinatione
1689 2402 1882 2456 volens
1943 2398 2259 2460 excludere,

680 2492 1368 2562 doctrinamquetraditam
1396 2493 1695 2564 antiquitus
1759 2492 2038 2544 immotam
2106 2502 2261 2542 asse-

685 2578 988 2650 rens,'a'nte
1013 2586 1194 2638 omnia
1231 2585 1445 2647 statuit,
1479 2593 1537 2636 ut
1567 2595 1877 2638 sanctorum
1899 2581 2004 2636 5l8
2040 2580 2260 2633 l'atrum

679 2677 814 2731 tides
846 2676 1161 2742 inconvulsa
1197 2675 1657 2746 permaneat.’Ac
1703 2686 1925 2746 propter
1989 2689 2086 2728 eos
2136 2675 2262 2745 qui-

681 2769 802 2820 dem
833 2768 924 2836 qui
955 2765 1216 2833 Spiritum
1250 2777 1502 2822 sanctum
1563 2775 1903 2836 oppugnant,
1953 2766 2259 2821 doctrinam

679 2861 744 2912 de
776 2860 1081 2913 substantia
1108 2858 1346 2928 Spiritus
1376 2874 1406 2913 a
1441 2860 1649 2914 sanctis
1685 2858 1792 2912 illis
1825 2857 1928 2913 150
1979 2857 2259 2924 Patribus,

677 2948 886 3020 aliquot
938 2957 1063 3019 post
1106 2951 1266 3006 annis
1322 2952 1375 3005 in
1441 2949 1688 3021 Augusta
1735 2950 1875 3006 urbe
1924 2953 2258 3020 congressis,

2368 1832 2524 1886 θένου
2563 1836 2748 1904 φωνὴν
2780 1838 3207 1906 ἀπαρνούμενοι,
3238 1839 3289 1890 οι
3318 1839 3374 1891 δὲ
3400 1840 3662 1908 σύγχυσιν
3685 1841 3782 1893 καλ⁵
3807 1841 3944 1906 κρᾶ-

2367 1940 2451 1976 σιν
2475 1927 2809 1994 εἰσάγοντες,
2874 1929 2972 1982 καὶ
3022 1930 3151 1998 μίαν
3191 1926 3351 2002 εἶναι,
3393 1932 3557 2000 φύσιν
3589 1933 3689 2001 τῆς
3739 1932 3946 2000 σαρκὸς

2365 2017 2460 2069 καὶ
2487 2018 2586 2087 τῆς
2619 2016 2875 2088 θεότητος
2940 2021 3375 2084 ἀναπλάττοντες
3419 2023 3686 2091 ἀνοήτως,
3717 2022 3817 2074 καὶ
3843 2039 3947 2074 πα-

2366 2105 2534 2175 θητὴν
2566 2107 2663 2160 τοῦ
2694 2109 3034 2176 Μονογενοῦς
3067 2111 3166 2180 τὴν
3196 2113 3347 2164 θείαν
3374 2113 3537 2181 φύσιν
3578 2117 3642 2183 τῇ
3678 2115 3946 2183 συγχύσει

2363 2203 2789 2270 τερατευόμενοι
2821 2219 2836 2234 ο
2870 2202 2959 2255 διὰ
2990 2204 3149 2256 τοῦτο
3192 2206 3375 2257 πᾶσαν
3405 2207 3592 2268 αὐτοῖς
3619 2205 3947 2258 ἀποκλεῖσαι

2366 2293 2504 2345 κατὰ
2537 2293 2636 2362 τῆς
2691 2293 2951 2363 ἀληθείας
3010 2297 3262 2368 μηχανὴν
3290 2297 3592 2369 βουλομένη
3626 2300 3659 2369 ἡ
3687 2300 3948 2369 παροῦσα

2364 2382 2460 2435 νῦν
2489 2383 2686 2455 αὖτηή
2726 2387 2880 2453 ἁγία,
2912 2387 3119 2460 μεγάλη
3171 2391 3268 2442 καὶ
3312 2389 3664 2459 οίκουμενικὴ
3702 2390 3950 2451 σύνοδος,

2365 2472 2425 2523 τὸ
2451 2473 2547 2525 τοῦ
2578 2475 2935 2545 κηρύγματος
2973 2477 3178 2532 ἀνωθεν
3204 2479 3501 2532 ἀσάλευτον
3523 2480 3946 2540 ἐκδιδάσκουσα,

2364 2563 2534 2636 ὥρισε
2567 2566 3029 2636 προηγουμένως,
3099 2575 3205 2638 τιη¹
3235 2570 3405 2637 ἁγίων
3436 2571 3695 2640 Πατέρων
3726 2572 3832 2640 τὴν
3866 2572 3951 2622 πί-

2366 2673 2485 2710 στιν
2515 2657 2702 2725 μένειν
2758 2658 3252 2730 ἀπαρεγχείρητον.
3311 2664 3423 2716 Καὶ
3452 2663 3541 2715 διὰ
3578 2665 3678 2732 μὲν
3712 2665 3843 2727 τοὺς
3872 2664 3950 2732 τῷ

2368 2750 2647 2820 Πνεύματι
2681 2750 2760 2821 τῷ
2790 2753 2932 2822 ἁγίῳ
2962 2754 3325 2824 μαχομένους,
3347 2756 3447 2824 τὴν
3468 2759 3678 2826 χρόνοις
3715 2757 3951 2826 ὕστερον

2365 2843 2517 2912 παρά
2549 2843 2658 2896 τῶν
2699 2845 2797 2914 τῆς
2860 2843 3251 2915 βασιλευούσης
3303 2848 3510 2909 πόλεως
3567 2848 3940 2902 συνελθόντων

2367 2935 2538 3004 ἁγίων
2567 2933 2644 3006 ρν¹
2673 2937 2934 3006 Πατέρων
2958 2938 3088 3007 περὶ
3117 2941 3214 3008 τῆς
3254 2938 3348 2990 τοῦ
3391 2939 3714 3007 Πνεύματος
3752 2943 3951 2999 οὐσίας

682 3041 931 3094 traditam
971 3042 1484 3122 conlirmat;quam
1514 3042 1588 3095 illi
1615 3042 1889 3097 universis
1935 3050 2122 3095 notam
2178 3039 2258 3096 fe-

2369 3024 2776 3094 παραδοθεῖσαν
2799 3025 3146 3079 διδασκαλίαν
3173 3029 3350 3098 κυροῖ,
3373 3030 3438 3099 ἢν
3469 3031 3667 3082 ἐκεῖνοι
3687 3036 3803 3093 τοῖς
3844 3035 3953 3085 πᾶ-

678 3139 891 3195 cerunt,
921 3145 1027 3186 non
1059 3127 1213 3201 quaSi
1250 3133 1504 3202 quiddam
1536 3131 1849 3198 aﬁerentes,
1876 3133 2021 3200 quod
2063 3130 2262 3200 priori-

677 3221 780 3277 bus
809 3223 1059 3286 deesset,
1090 3225 1184 3278 sed
1216 3239 1370 3277 suam
1413 3223 1482 3278 de
1537 3221 1743 3292 Spiritu
1799 3234 1989 3276 saneto
2053 3230 2266 3277 senten-

682 3313 813 3366 tiain
849 3314 1114 3369 adversus
1152 3315 1294 3377 illos,
1322 3314 1413 3384 qui
1462 3322 1784 3383 potestatem
1861 3310 1979 3379 ejus
2043 3311 2262 3365 abolere

675 3405 1058 3475 eonabantur,
1106 3421 1382 3461 sacrarum
1442 3405 1765 3460 Litterarum
1815 3403 2143 3459 testimoniis
2195 3402 2262 3456 il-

677 3497 1014 3553 lustrantes:
1083 3509 1306 3569 propter
1356 3514 1451 3554 eos
1505 3513 1655 3561 vero,
1707 3498 1798 3567 qui
1855 3504 2257 3550 sacramentum

679 3588 980 3644 Dominicte
1036 3589 1463 3659 dispensationis
1533 3586 1879 3643 falsariornm
1939 3601 2092 3640 inore
2136 3601 2260 3660 cor.-

679 3696 936 3751 rumpere
957 3689 1194 3745 tentant,
1220 3679 1668 3750 etimprutlenter
1728 3693 1922 3748 purum
1983 3679 2258 3732 hominem

675 3787 800 3827 esse
833 3781 1106 3843 nugantur
1156 3787 1282 3826 eum
1322 3772 1414 3840 qui
1467 3772 1535 3825 de
1577 3781 1767 3826 sancta
1831 3767 2053 3841 Virgine
2091 3767 2258 3823 Maria

677 3874 993 3932 procreatus
1028 3861 1164 3928 fuit;
1202 3861 1342 3917 beati
1374 3859 1583 3932 Cyrilli,
1614 3859 1705 3928 qui
1727 3859 2112 3915 Alexandrinae
2159 3875 2258 3927 pa-

677 3965 795 4010 stor
817 3954 1067 4008 ecclesiae
1098 3951 1222 4018 fuit,
1243 3951 1533 4024 synodales
1553 3950 1620 4003 ad
1642 3948 1955 4003 Nestorium
1979 3955 2033 4003 et
2062 3944 2259 4002 Orien-

682 4048 816 4101 tales
847 4047 1136 4114 episcopos
1172 4045 1382 4100 litteras
1432 4043 1537 4099 sibi
1567 4042 1977 4097 consentientes
2010 4039 2258 4108 amplexa

673 4148 759 4193 est
789 4156 803 4192 :
843 4146 955 4193 tum
987 4138 1056 4192 ad
1084 4136 1423 4191 Nestoriana:
1469 4134 1758 4189 dementia:
1804 4131 2256 4195 conlutationem,

679 4241 794 4284 tum
829 4231 896 4283 ad
934 4227 1437 4298 interpretationem
1501 4240 1603 4296 pro
1656 4225 1723 4281 iis
1774 4224 2104 4290 institutam,
2160 4223 2257 4291 qui

673 4323 766 4392 pio
788 4320 907 4377 zelo
928 4318 1159 4392 symboli
1177 4318 1414 4374 salubris
1430 4317 1764 4372 intellectum
1791 4314 2122 4369 desiderant.
2152 4313 2248 4366 At.

2368 3122 2451 3169 σιν
2475 3114 2806 3186 ἐγνώρισαν
2837 3116 2934 3186 οὐχ
2963 3116 3038 3179 ὣς
3074 3133 3128 3169 τι
3162 3117 3349 3172 λοιπὸν
3397 3122 3510 3183 τοῖς
3573 3121 3953 3190 προλαϐοῦσιν

2364 3209 2772 3276 ἐπεισάγοντες,
2805 3209 2944 3262 ἀλλὰ
2969 3209 3068 3280 τὴν
3103 3211 3233 3281 περὶ
3257 3210 3354 3264 τοῦ
3404 3214 3563 3281 ἁγίου
3619 3217 3952 3287 Πνεύματος

2364 3300 2547 3352 αὐτῶν
2600 3300 2833 3367 ἔννοιαν,
2894 3305 3038 3356 κατὰ
3081 3305 3191 3358 τῶν
3240 3307 3341 3376 τὴν
3399 3307 3568 3361 αὐτοῦ
3618 3310 3954 3364 δεσποτείαν

2364 3393 2580 3446 ἀθετεῖν
2618 3394 2997 3465 πειρωμένων,
3034 3397 3343 3466 Γραφικαῖς
3371 3401 3702 3471 μαρτυρίαις
3729 3403 3954 3474 τρανὼ-

2366 3501 2582 3546 σαντες·
2621 3484 2708 3537 διὰ
2731 3485 2787 3537 δὲ
2809 3486 2934 3549 τοὺς
2964 3486 3026 3537 τὸ
3044 3490 3142 3557 τῆς
3166 3489 3486 3557 οἰκονομίας
3537 3491 3955 3560 παραφθείρειν

2363 3575 2778 3648 ἐπιχειροῦντας
2807 3579 3128 3648 μυστήριον,
3151 3580 3247 3632 καὶ
3277 3580 3435 3649 ψιλὸν
3465 3581 3769 3651 ἄνθρωπον
3791 3581 3951 3654 ξεῖναι

2361 3670 2455 3722 τὸν
2505 3670 2568 3720 ἐκ
2606 3669 2706 3738 τῆς
2743 3670 2903 3736 ἁγίας
2966 3671 3246 3741 Παρθένου
3282 3673 3546 3742 τεχθέντα
3570 3675 3826 3744 Μαρίας,
3854 3679 3953 3729 ἀν-

2361 3759 2526 3821 αιδῶς
2591 3757 2992 3830 ληρωδοῦντας,
3032 3760 3131 3822 τὰς
3190 3760 3284 3812 τοῦ
3325 3761 3601 3832 μακαρίου
3641 3763 3948 3832 Κυρίλλου,

2360 3848 2456 3901 τοῦ
2515 3851 2613 3918 τῆς
2651 3849 3043 3919 Ἀλεξανδρέων
3089 3850 3421 3921 Ἐκκλησίας
3470 3852 3770 3921 γενομένου
3826 3872 3952 3907 7:0:-

2366 3940 2527 4010 μένος
2557 3941 2840 4004 συνοδικὰς
2885 3943 3173 4004 ἐπιστολὰς
3235 3943 3371 4012 πρός
3401 3961 3461 3996 τε
3488 3944 3816 4016 Νεστόριον,
3858 3950 3953 4001 καὶ

2359 4032 2485 4095 τοὺς
2517 4033 2617 4104 τῆς
2650 4033 2944 4103 ’Δνατολῆς
2994 4034 3290 4104 ἀρμοδίους
3347 4035 3518 4099 οὔσας
3565 4037 3811 4105 ἐδέξατοο
3869 4043 3953 4100 εἰς

2360 4123 2580 4194 ἔλεγχον
2606 4127 2705 4196 μὲν
2734 4126 2832 4196 τῆς
2855 4125 3147 4197 Νεστορίου
3172 4127 3615 4198 φρενοϐλαϐείας,
3643 4133 3953 4204 ἑρμηνείαν

2359 4217 2418 4270 δὲ
2460 4218 2571 4271 τῶν
2643 4218 2862 4271 εὐσεϐεῖ
2911 4219 3061 4288 ζήλῳ
3099 4220 3192 4273 τοῦ
3222 4222 3494 4292 σωτηρίου
3532 4225 3814 4293 συμϐόλου
3854 4247 3954 4280 πο-

2363 4307 2601 4361 θούντων
2633 4310 2731 4379 τὴν
2756 4309 2998 4364 ἔννοιαν·
3042 4305 3129 4374 αἷς
3183 4314 3279 4366 καὶ
3336 4313 3436 4384 τὴν
3497 4315 3796 4387 ἐπιστολὴν
3856 4320 3952 4370 τοῦ

676 4430 784 4485 que
815 4415 899 4469 his
924 4413 1214 4483 epistolam
1241 4425 1457 4480 quoque
1484 4407 1782 4464 beatissimi
1817 4408 2257 4476 sanctissimique

2364 4402 2457 4468 τῆς
2488 4402 2753 4473 μεγίστης
2791 4401 3011 4472 Ῥώμης
3045 4403 3336 4474 προέδρου,
3385 4405 3481 4458 τοῦ
3513 4412 3952 4477 μακαριωτάτου

679 4504 1073 4574 archiepiscopi
1097 4502 1317 4567 Leonis,
1351 4500 1497 4556 illius
1525 4499 1778 4553 maxima:
1824 4498 2012 4552 Romae
2069 4496 2257 4566 pra-si-

679 4597 786 4660 dis,
843 4596 910 4649 ad
948 4605 1150 4650 sancta:
1183 4595 1457 4649 memoriae
1508 4591 1831 4646 Flavianum
1892 4589 2260 4658 archiepisco-

676 4703 830 4760 pum,
873 4687 1180 4742 evertendaa
1233 4684 1638 4754 depravationis
1682 4682 2036 4751 Entychianm
2092 4695 2256 4734 causa

671 4784 959 4851 scriptam,
993 4781 1156 4836 veluti
1184 4779 1363 4846 magni
1394 4777 1536 4831 illius
1565 4775 1710 4830 Petri
1744 4773 2074 4829 confessioni
2121 4789 2258 4828 con-

676 4873 1011 4935 venientem,
1045 4883 1096 4926 et
1130 4870 1438 4925 columnam
1463 4867 1753 4935 quamdam
1779 4874 1939 4920 rectae
1976 4866 2260 4920 sententiae

682 4967 978 5036 publicam,
1006 4966 1271 5018 adversus
1303 4961 1566 5015 malarum
1612 4958 1927 5028 opinionum
1979 4965 2255 5020 auctores,

679 5058 746 5111 ad
794 5058 1094 5112 orthodoxa
1158 5055 1406 5121 dogmata
1462 5050 1808 5113 stabilienda,
1873 5049 2068 5102 merito
2129 5063 2259 5102 con-

671 5149 873 5216 junxit.
897 5148 1030 5200 Nam
1057 5157 1110 5201 et
1140 5148 1204 5199 iis
1226 5147 1337 5198 ha-c
1370 5144 1593 5212 opponit
1636 5157 1778 5206 sese,
1815 5141 1904 5207 qui
1936 5154 2254 5194 sacramen-

682 5253 792 5295 tum
829 5238 1251 5307 dispensationis
1281 5239 1332 5288 iu
1371 5241 1504 5290 duos
1539 5235 1675 5287 liltos
1713 5233 2020 5286 distrahere
2073 5232 2258 5284 nituuo

683 5343 806 5393 tur;
850 5341 902 5383 et
932 5346 1025 5383 eos
1052 5339 1195 5383 cmtu
1234 5339 1548 5381 sanctorum
1583 5324 1827 5392 expellit,
1867 5324 1957 5390 qui
2019 5323 2248 5391 passibiv

684 5426 788 5477 lcm
850 5425 1031 5476 dicere
1088 5422 1426 5474 divinitatem
1487 5418 1758 5492 Uuigeniti
1829 5417 2067 5480 audent;
2103 5426 2156 5469 et
2190 5415 2256 5468 iis

683 5517 910 5578 resistit,
939 5515 1026 5582 qui
1063 5516 1112 5565 in
1139 5514 1350 5566 duabus
1400 5511 1599 5563 Christi
1650 5510 1861 5562 naturis
1923 5507 2257 5560 commistio-

681 5624 804 5659 ncm
843 5606 922 5658 vel
951 5604 1322 5657 confusionem
1351 5601 1733 5668 cxcogitautet
1772 5613 1864 5652 eos
1899 5595 2250 5658 exterminat,

681 5703 769 5766 qui
808 5708 1076 5761 sumptam
1107 5701 1171 5751 de
1209 5696 1360 5750 nobis
1385 5681 1638 5748 servilem
1671 5689 1924 5754 fortnam,
1975 5689 2252 5745 cmiestcm

2365 4493 2459 4544 καὶ
2491 4492 2798 4559 ἀγιωτάτου
2846 4493 3285 4564 ἀρχιεπισκόπου
3307 4496 3560 4564 Λέοντος,
3589 4502 3688 4569 τὴν
3711 4507 3955 4570 γραφεί-

2365 4600 2465 4637 σαν
2496 4585 2630 4654 πρὸς
2660 4585 2752 4640 τὸν
2808 4585 2865 4637 ἐν
2892 4585 3069 4654 ἁγίοις
3121 4588 3555 4658 ἀρχιεπίσκοπον
3614 4592 3951 4661 omnium,

2360 4673 2448 4726 ἐπ’
2475 4675 2757 4745 ἀναιρέσει
2804 4676 2905 4746 τῆς
2957 4677 3217 4749 εὐτυχοῦς
3280 4682 3594 4746 κακονοίας.
3651 4683 3747 4737 ἅτε
3781 4686 3854 4757 δὴ
3885 4693 3953 4759 τῇ

2359 4763 2455 4816 τοῦ
2510 4765 2746 4834 μεγάλου
2791 4766 2997 4837 Πέτρου
3034 4768 3315 4850 ⁸ὁμολογίᾳ
3365 4770 3811 4839 συμϐαίνουσαν·
3856 4781 3954 4830 καὶ

2361 4857 2550 4925 κοινήν
2605 4875 2728 4910 τινα
2767 4857 2969 4930 στήλην
3025 4858 3334 4927 ὁρθοδοξίας
3398 4864 3541 4915 κατὰ
3575 4864 3684 4916 τῶν
3712 4867 3952 4920 κακοδος

2363 4947 2618 5012 ξούντων,
2649 4949 2876 5012 εἰκότως
2909 4951 3246 5020 συνήρμοσε,
3283 4952 3422 5021 πρὸς
3454 4953 3554 5025 τὴν
3582 4955 3691 5008 τῶν
3721 4957 3954 5028 ὸρθοδό-

2363 5040 2469 5104 ξων
2490 5041 2780 5108 δογμάτων
2826 5041 3137 5108 βεϐαίωσιν.
3187 5045 3314 5107 Τοῖς
3343 5062 3403 5098 τε
3436 5048 3545 5116 γὰρ
3576 5049 3657 5109 εἰς
3687 5047 3824 5100 Υίὸν
3851 5053 3952 5118 τὴν

2359 5135 2545 5200 δυάδα,
2581 5135 2641 5186 τὸ
2668 5138 2768 5203 τῆς
2821 5133 3132 5202 οίκονομίας
3173 5136 3406 5207 διασπᾷν
3458 5131 3806 5207 ἐπιχειροῦσι
3846 5163 3952 5210 μυ-

2361 5227 2602 5294 στήριον,
2664 5226 3227 5294 παρατάττεταιοκαὶ
3258 5229 3386 5289 τοὺς
3448 5229 3698 5298 παθητὴν
3757 5230 3952 5298 λέγετν

2359 5320 2672 5387 τολμῶντας
2707 5318 2801 5371 τοῦ
2855 5320 3191 5386 Μονογενοῦς
3259 5322 3357 5390 τὴν
3392 5321 3643 5390 θεότητα,
3676 5322 3776 5373 τοῦ
3836 5329 3949 5377 τῶν

2361 5411 2522 5478 ἱερῶν
2555 5410 2855 5462 ἀπωθεῖται
2888 5409 3169 5476 συλλόγου·
3202 5412 3424 5472 καὶτοῖς
3456 5413 3548 5463 ἐπὶ
3581 5411 3674 5464 δύο
3713 5415 3948 5482 φύσεων

2359 5502 2451 5553 τοῦ
2510 5500 2752 5568 Χριστοῦ
2805 5501 3062 5570 κρᾶσινῆ
3126 5503 3390 5571 σύγχυσιν
3433 5503 3744 5556 ἐπινοοῦσιν
3787 5510 3948 5559 civi)?-

2359 5593 2702 5645 σταταιοκαὶ
2760 5595 2886 5654 τοὺς
2933 5592 3205 5661 οὐράνιον,
3259 5593 3518 5663 ἢὲτέρας
3569 5595 3712 5654 τινὸς
3762 5597 3950 5667 ὑπάρ-

2359 5705 2478 5756 χειν
2505 5686 2693 5754 ιλὺσίας
2745 5686 2844 5756 τὴν
2877 5686 2935 5751 ἐξ
2967 5685 3123 5756 ἡμῶν
3181 5685 3482 5754 ληφθεῖσαν
3511 5687 3662 5756 αὐτῷ
3692 5688 3797 5758 τὴν
3832 5690 3950 5742 Ξού-
