3982 6326
180 186 253 247 1θῖ
1526 190 1981 251 illSi'UTATiﬂ
2028 191 2070 249 1.

175 303 247 352 λου
274 298 479 368 μορφὴν
515 298 962 369 παραπταὶοντας
995 299 1295 368 ἐξελαύνει·
1348 302 1439 355 καὶ
1474 304 1593 365 τοὺς
1627 303 1719 356 δύο

1832 315 1974 360 esse,
2010 300 2091 354 vcl
2125 300 2348 353 alterius
2380 300 2656 367 cujusdam
2694 303 3018 361 substantia:
3062 307 3322 376 delirant;
3360 328 3419 369 et

178 390 256 458 μὲν
286 389 383 457 πρὸ
406 387 507 448 τῆς
546 387 800 449 ὲνὼσεως
850 389 1041 455 φύσεις
1093 391 1188 443 τοῦ
1225 392 1433 461 Κυρίου
1460 391 1719 461 μυθεύον-

176 496 272 541 τας,
302 478 423 547 μίαν
452 474 510 528 δὲ
542 476 686 546 μετά
715 476 817 545 τὴν
844 476 1040 530 ἕνωσιν
1092 479 1557 547 ἀναπλάττοντας,
1588 483 1721 535 ἅνα-

175 569 447 640 θεματίζει.

246 701 519 769 Ἔπύμενοι
558 704 740 757 τοίνυν
773 708 885 769 τοῖς
925 706 1101 773 ἁγίοις
1150 708 1463 777 Πατράσιν,
1496 709 1589 762 ἕνα
1630 710 1727 762 καὶ

172 794 253 845 τὸν
287 792 444 844 αὑτὸν
466 794 755 864 ὁμολογεῖν
780 798 925 862 Υἱὸν,
959 799 1051 852 τὸν
1083 802 1287 869 Κύριον
1319 800 1477 870 ἡμῶν
1518 802 1726 871 Ἰησοῦν

173 882 417 951 Χριστὸν,
452 884 766 951 συμφώνως
798 888 1035 949 ἅπαντες
1066 890 1458 960 ὲκδιδάσκομεν
1479 908 1492 921 ·
1522 893 1727 946 τέλειον

172 976 254 1028 τὸν
276 974 427 1026 αὑτὸν
476 979 535 1028 ἑν
572 976 807 1046 θεότητι,
856 981 949 1031 καὶ
990 980 1199 1033 τέλειον
1232 982 1323 1033 τὸν
1350 983 1511 1036 αὐτὸν
1540 986 1597 1036 ἐν
1636 986 1730 1038 ἀν-

172 1060 492 1136 θρὼπύτητι*
544 1067 680 1121 Θεὸν
736 1069 976 1137 ἀληθῶς,
1027 1071 1123 1124 καὶ
1167 1072 1458 1141 ἄνθρωπον
1508 1074 1727 1145 ἀληθῶς

170 1158 251 1208 τὸν
273 1155 453 1221 αὐτὸν,
505 1158 573 1210 ὲκ
601 1158 783 1229 ψυχῆς
815 1158 1040 1227 λογικῆς
1073 1161 1171 1213 καὶ
1204 1158 1459 1231 σώματος
1484 1179 1496 1192 ·
1536 1165 1725 1233 ὁμοού.

172 1264 273 1301 σιον
318 1248 394 1319 τῷ
454 1249 634 1320 [Ιατρλ⁵
683 1251 826 1304 κατὰ
860 1252 1123 1322 θεότητα,
1185 1256 1279 1307 καὶ
1311 1255 1599 1325 ὀμοούσιον
1637 1257 1727 1309 τὸν

172 1340 320 1392 αὑτὸν
373 1342 508 1411 ἡμῖν
555 1341 701 1396 κατά
760 1341 859 1412 τὴν
905 1343 1339 1415 ἀνθρωπότητα·
1372 1348 1515 1401 κατά
1548 1350 1728 1400 πάντα

170 1433 334 1498 ὅμοιον
365 1433 520 1503 ἡμῖν,
556 1436 727 1502 χωρὶς
776 1436 1051 1506 ἁμαρτίας
1073 1453 1088 1467 ·
1121 1438 1228 1507 πρὸ
1258 1438 1493 1492 αἰώνων.
1523 1440 1625 1509 μὲν
1662 1441 1725 1492 ὲκ

170 1523 251 1576 τοῦ
316 1524 531 1594 Πατρδς
595 1526 929 1596 γεννηθέντα
981 1531 1120 1583 κατά
1164 1531 1263 1601 τὴν
1319 1530 1583 1602 θεότητα·
1640 1532 1727 1584 ἐπ’

1834 406 1952 457 cos,
1982 394 2071 461 qui
2098 393 2232 446 duas
2267 394 2483 461 quidem
2522 394 2728 448 Domini
2752 407 2974 451 naturas
2997 412 3120 454 ante
3154 406 3415 459 unietiem

1835 482 2171 548 fabulantur,
2200 498 2362 537 unam
2391 500 2519 539 vero
2547 499 2670 556 post
2717 493 2971 548 unionem
3017 496 3250 564 lingunt,
3286 513 3417 552 ana»

1837 573 2178 630 thematizat.

1909 700 2212 769 Sequentes
2239 716 2371 773 ergo
2398 716 2615 761 sanctos
2640 710 2761 764 illos
2790 706 3006 777 Patres,
3034 717 3273 773 universi
3293 736 3421 776 cen—

1834 805 1969 857 sona
1986 808 2116 846 voce
2133 810 2297 848 imum
2311 807 2366 849 ct
2386 800 2636 853 emudcm
2652 800 2848 855 Filium
2869 804 3155 862 Dominum
3172 824 3416 868 nostrum

1832 880 2014 937 Jesum
2042 885 2341 951 Christum,
2380 891 2743 946 confitendum
2769 911 2892 967 esse
2926 900 3184 955 docemus
3215 921 3227 955 :
3260 919 3419 958 cum-

1833 974 1954 1027 dem
1985 975 2039 1027 in
2060 976 2345 1032 divinitate
2369 980 2671 1048 perfectum
2695 989 3015 1043 etemudem
3043 993 3342 1059 perfectum
3364 1000 3417 1051 in

1835 1064 2212 1121 humanitate:
2247 1085 2373 1125 vere
2397 1071 2588 1137 Deum,
2613 1085 2666 1127 et
2700 1080 2950 1133 eumdem
2990 1099 3117 1138 vere
3148 1087 3417 1142 hominem

1832 1170 1896 1208 ex
1919 1156 2184 1224 participe
2211 1160 2439 1215 rationis
2463 1165 2641 1217 anima
2663 1182 3001 1237 corporeque
3019 1187 3363 1232 constantem
3400 1200 3416 1237 :

1831 1244 2075 1313 ejusdem
2108 1262 2231 1300 cum
2265 1248 2424 1303 Patre
2451 1256 2791 1319 substantia},
2827 1265 3126 1316 secundum
3166 1270 3417 1323 divinita-

1837 1339 1968 1395 tem,
2000 1342 2054 1386 et
2104 1338 2354 1390 eumdem
2418 1342 2699 1396 uobiscum
2766 1348 3008 1415 ejusdem
3074 1358 3418 1427 substantim,

1834 1427 2130 1478 secumlum
2165 1427 2556 1487 humanitatem
2590 1452 2603 1487 :
2632 1438 2866 1493 similem
2900 1445 3054 1499 nobis
3084 1463 3181 1516 per
3210 1454 3416 1516 Omnia,

1834 1524 2063 1583 excepto
2098 1530 2322 1584 peccato
2354 1538 2366 1574 :
2397 1534 2521 1577 ante
2548 1529 2742 1582 saecula
2779 1534 2996 1601 quidem
3026 1552 3090 1591 ex
3134 1540 3291 1596 Patre
3322 1562 3417 1613 ge-

170 1617 395 1685 ὲοχάτων
423 1616 481 1669 δὲ
514 1617 625 1670 τῶν
647 1620 871 1687 ἡμερῶν
902 1620 993 1673 τὸν
1024 1622 1191 1675 αὐτὸν
1216 1622 1285 1675 δι’
1311 1625 1484 1693 ἡμᾶς,
1523 1626 1618 1677 καὶ
1642 1626 1724 1678 διὰ

1834 1605 2028 1669 nitnm,
2084 1612 2262 1676 quoad
2321 1612 2683 1685 divinitatem,
2742 1628 3005 1681 extremis
3051 1645 3179 1683 vero
3228 1605 3445 1691 diebus.

168 1705 255 1775 τὴν
288 1708 567 1778 ἡμετέραν
603 1709 878 1779 σωτηρίαν
917 1713 981 1764 ἐκ
1033 1713 1255 1782 Μαρίας
1290 1714 1394 1784 τῆς
1444 1716 1726 1787 Παρθένου

170 1797 255 1866 τῆς
281 1796 571 1861 Θεοτόκου,
614 1800 758 1853 κατά
783 1802 882 1871 τὴν
914 1803 1343 1874 ἀνθρωπότητα,
1381 1790 1479 1860 ἕνα
1504 1810 1600 1860 καὶ
1631 1810 1725 1860 αύ-

172 1891 251 1943 τῆν
291 1890 550 1961 Χριστὸν,
598 1892 748 1959 Υίὺν,
786 1893 1011 1962 Κύριον,
1041 1895 1346 1966 Μονογενῆ,
1392 1899 1454 1950 ὲκ
1490 1899 1585 1952 δύο
1624 1899 1725 1965 φύ-

172 1997 295 2033 σεων
344 1983 694 2053 ἀσυγχύτως,
754 1987 1063 2055 ἀτρέπτως,
1120 1988 1465 2058 ἀδιαιρέτως,
1524 1992 1724 2061 ἀχωρί-

173 2090 297 2137 em;
322 2076 728 2145 γνωριζόμενον
751 2093 766 2108 ’
817 2078 1051 2149 οὐδαμοῦ
1086 2080 1187 2148 τῆς
1213 2081 1321 2136 τῶν
1356 2083 1572 2151 φύσεων
1605 2084 1725 2136 δια-

171 2167 324 2234 tried;
361 2167 732 2238 ἀνῃρημένης
777 2169 867 2222 διὰ
895 2169 995 2240 τὴν
1038 2170 1269 2235 ἕνωσιν,
1318 2172 1634 2245 σωζομένης
1670 2176 1726 2227 δὲ

172 2255 355 2324 μᾶλλον
389 2258 491 2325 τῆς
535 2258 796 2326 ἰδιότητος
828 2258 1099 2331 ἑκατέρας
1139 2262 1357 2331 φύσεως
1380 2304 1394 2328 ,
1427 2266 1523 2317 καὶ
1553 2267 1633 2329 είς
1670 2267 1727 2319 ἓν

168 2348 447 2418 πρόσωπον
494 2349 594 2402 καὶ
636 2350 767 2420 μίαν
820 2351 1122 2405 ὑπόστασιν
1153 2356 1555 2427 συντρεχούσης
1578 2373 1593 2387 ·
1628 2358 1728 2410 οὐκ

170 2442 238 2502 εἰς
261 2439 351 2493 δύο
380 2441 659 2511 πρόσωπα
691 2441 1055 2514 μεριζόμενον
1085 2438 1118 2515 ἢ
1154 2445 1565 2516 διαιρούμενον,
1611 2449 1726 2502 ἀλλ’

170 2531 251 2583 ἕνα
278 2532 369 2584 καὶ
398 2533 493 2584 τὸν
524 2533 690 2585 αὐτὸν
726 2533 853 2587 Υίὸν
880 2538 1176 2605 μονογενῆ.
1211 2536 1347 2590 Θεὸν
1371 2538 1566 2607 Λόγον,
1610 2541 1724 2593 Κύ-

171 2639 274 2693 ριον
302 2622 515 2692 Ἰησοῦν
544 2624 787 2693 Χριστόν
805 2642 819 2655 ·
853 2625 1109 2697 καθάπερ
1138 2629 1350 2682 ἄκωθεν
1375 2632 1424 2683 οἱ
1449 2632 1727 2702 προφῆται

172 2715 284 2784 περὶ
319 2713 510 2777 αὐτοῦ,
563 2716 655 2767 καὶ
680 2715 844 2777 αὐτὸς
874 2716 1022 2785 ἡμᾶς
1054 2719 1083 2770 ό
1110 2718 1318 2788 Κύριος
1357 2718 1562 2790 Ἰησοῦς
1592 2722 1729 2790 Χρι-

173 2807 286 2869 στὸς
319 2806 701 2871 ἒξεπαίδευσε,
729 2807 819 2860 καὶ
842 2807 904 2860 τὸ
929 2809 1039 2860 τῶν
1071 2810 1334 2881 ιῐατέρων
1363 2810 1523 2880 ήμῶν
1547 2828 1729 2883 παραε-

169 2898 350 2952 δέδωκε
423 2898 719 2969 σύμὼλον.
802 2900 1021 2953 Τούτων
1087 2902 1269 2955 τοίνυν
1336 2904 1475 2971 μετὰ
1539 2905 1724 2975 πάσης

172 2990 494 3060 πανταχόθεν
520 2991 811 3062 ἀκριϐείας
847 3009 907 3045 τε
956 2993 1050 3045 καὶ
1073 2992 1376 3062 ἐμμελείας
1408 2994 1540 3063 παρ’
1570 2997 1728 3065 ἡμῶν

170 3083 649 3147 διατυπωθάντων,
704 3085 908 3154 ὥρισεν
956 3085 991 3154 ἡ
1046 3082 1179 3152 ἀγία
1229 3090 1324 3137 καὶ
1367 3085 1727 3157 οικονμενικὴ

172 3174 397 3239 σύνοδος,
427 3177 627 3246 ἑτέραν
659 3176 845 3229 πίστιν
883 3176 1075 3246 μηδενὶ
1111 3176 1317 3242 ἐξεῖναι
1344 3180 1666 3250 προφέρειν,
1693 3180 1724 3251 ἢ

172 3266 515 3337 συγγράφειν,
548 3268 583 3337 ἢ
621 3266 953 3333 συντιθέναι,
1000 3269 1034 3340 ἢ
1087 3273 1329 3341 φρονεῖν,
1374 3273 1406 3342 ἢ
1450 3272 1728 3327 διδάσκειν

172 3364 399 3432 ἑτέρους.
454 3363 600 3426 Τοὺς
642 3362 701 3416 δὲ
747 3362 1068 3433 τολμῶντας
1119 3364 1153 3433 ἢ
1191 3365 1499 3420 συντιθέναι
1538 3369 1727 3423 πίστιν

174 3456 368 3524 ἑτέραν,
407 3455 581 3524 ἤγουν
619 3454 1001 3524 προκομίζειν,
1054 3454 1088 3524 ἢ
1122 3454 1413 3521 διδάσκειν,
1464 3457 1500 3528 ἦ
1546 3476 1729 3527 παρα-

172 3546 348 3620 διδόναι
374 3547 568 3616 ἕτερον
597 3544 871 3615 σύμϐολον
902 3548 1018 3609 τοῖς
1050 3546 1333 3601 ἐθέλουσιν
1363 3549 1725 3620 ἐπιστρέφειν

176 3618 573 3707 εἱς-ἐπίγνωσιν
609 3637 872 3708 ἀληθείας
902 3637 962 3701 ἐξ
994 3638 1374 3709 Ἑλληνισμοῦ,
1421 3640 1453 3708 ἢ
1504 3618 1727 3693 Ἰουδαῖ-

176 3731 312 3802 epsit,
345 3734 519 3801 ἤγουν
547 3730 609 3795 ἐξ
628 3731 893 3802 αἱρέσεως
918 3731 1017 3800 τῆς
1034 3730 1448 3800 οίασδηποτοῧν,
1475 3732 1723 3801 τούτους,

173 3826 212 3876 εἰ
242 3825 331 3895 μὲν
359 3823 476 3878 εἷεν
504 3823 799 3876 ιπίσκοποι
826 3823 860 3894 ἢ
912 3821 1169 3899 κληρικοὶ
1187 3864 1203 3889 ,
1237 3823 1558 3893 ἀλλοτρίους
1585 3823 1726 3880 εἶναι

173 3916 280 3978 τοὺς
314 3916 655 3977 ἐπισκόπους
701 3913 801 3983 τῆς
847 3912 1156 3980 ἐπισκοπῆς
1179 3929 1193 3943 ·
1245 3916 1340 3966 καὶ
1373 3916 1501 3978 τοὺς
1531 3916 1729 3987 κληρι-

176 4008 304 4072 τοὺς,
333 4008 676 4079 τοῦκλήρσυ
697 4021 713 4037 ο
746 4007 795 4059 εί
825 4005 882 4058 δὶ
918 4004 1243 4074 μονάζοντες
1295 4006 1327 4077 ἦ
1367 4006 1550 4061 λαῖκοὶ
1589 4004 1723 4077 εἷεν,

175 4097 659 4169 ἀναθεματίζεσθαι
684 4096 908 4158 αὐτούς.

237 4225 384 4279 Ἐπεὶ
408 4225 474 4278 δὲ
504 4222 827 4293 ἀνεγνώσθη
864 4224 892 4276 ὁ
918 4221 1076 4294 ὅρος,
1123 4223 1217 4276 καὶ
1243 4224 1310 4277 τὰ
1343 4224 1524 4293 βιϐλία
1571 4227 1726 4296 εύρέ-

1831 1700 2084 1754 eumdem
2114 1716 2336 1773 prepter
2359 1723 2478 1773 nos,
2507 1722 2561 1763 et
2618 1702 2851 1769 salutem
2905 1730 3167 1789 nostram,
3232 1738 3413 1779 natum

1832 1804 1897 1841 ex
1960 1789 2125 1843 Maria
2175 1794 2390 1862 Virgine
2443 1797 2698 1868 Deipara,
2750 1809 3053 1864 secundum
3107 1815 3415 1869 humanita-

1833 1889 1939 1932 tem
1972 1897 1984 1933 :
2019 1897 2182 1934 unum
2213 1896 2267 1938 et
2301 1890 2551 1944 eumdem
2619 1895 2898 1952 Christum
2956 1899 3176 1969 Filium,
3234 1909 3414 1961 Dolui-

1833 1985 1981 2034 num,
2020 1972 2391 2043 Unigenitum,
2424 1982 2515 2049 qui
2541 1982 2752 2040 duabus
2780 2004 2843 2041 ex
2879 1994 3091 2048 naturis
3113 1997 3245 2050 citra
3283 2015 3413 2052 cou-

1833 2058 2124 2127 fusiouem,
2163 2071 2541 2135 mutationem,
2584 2075 2932 2144 divisionem,
2988 2088 3412 2155 scparationem,

1832 2154 2190 2222 agnoscitur;
2278 2174 2617 2228 nequaquam
2696 2175 3012 2225 naturarum
3097 2154 3413 2233 discrimine

1831 2255 2053 2313 propter
2109 2248 2363 2302 unionem
2415 2254 2652 2316 sublato,
2726 2260 2821 2313 sed
2869 2262 3151 2333 utriusque
3206 2279 3415 2325 naturae

1834 2337 2165 2405 proprietate
2215 2341 2363 2394 salva
2420 2345 2621 2411 potius,
2679 2359 2731 2401 et
2793 2350 2844 2403 iu
2894 2368 3056 2405 unam
3124 2372 3411 2425 personam

1832 2443 2104 2499 unamque
2130 2434 2444 2501 hypostasin
2468 2448 2736 2492 coeunte:
2773 2456 2879 2495 non
2911 2446 2962 2497 in
2993 2448 3128 2502 duas
3152 2465 3413 2518 personas

1830 2518 2159 2590 discerptum
2195 2524 2278 2577 vel
2309 2526 2567 2593 divisum,
2600 2531 2694 2583 sed
2735 2548 2901 2587 unum
2946 2548 3000 2590 et
3033 2542 3281 2596 eumdem
3322 2544 3411 2598 Fi-

1832 2608 1963 2662 lium
1990 2612 2299 2681 unigenam,
2331 2615 2498 2670 Deum
2529 2617 2870 2688 Sermonem,
2904 2624 3190 2684 Dominum
3228 2630 3411 2687 Jesum

1830 2698 2153 2757 Christum:
2215 2703 2361 2760 sicut
2413 2707 2543 2763 olim
2579 2721 2732 2767 vates
2760 2715 2826 2770 de
2867 2718 3006 2785 ipso,
3043 2727 3098 2775 et
3145 2722 3260 2792 ipse
3313 2742 3412 2781 nos

1832 2789 2093 2848 Dominus
2116 2793 2275 2851 Jesus
2297 2798 2553 2856 Christus
2580 2805 2804 2871 erudiit,
2829 2817 2884 2861 et
2931 2789 3243 2880 symbolum
3274 2815 3406 2872 illud

1830 2880 2049 2939 Patrum
2086 2899 2397 2943 nostrorum
2429 2895 2672 2950 tradidit.
2705 2896 2801 2953 llis
2829 2914 2959 2971 ergo
2982 2918 3108 2957 cum
3136 2909 3285 2962 omni
3312 2925 3412 2964 uu-

1831 2976 1993 3046 dique
2021 2981 2373 3037 accuratioue
2420 2985 2812 3060 diiigentiaque
2866 3010 2895 3047 a
2940 2997 3097 3051 nobis
3157 3002 3410 3068 sancitis,

1830 3082 1985 3124 saera
2010 3078 2066 3126 et
2094 3074 2421 3131 universalis
2454 3081 2693 3147 synodus
2748 3083 3011 3154 decrevit,
3064 3093 3267 3146 nemini
3327 3094 3412 3149 fas

1828 3174 1953 3217 esse
1984 3162 2145 3219 ﬁdem
2196 3166 2357 3221 aliam
2389 3169 2657 3238 proferre,
2694 3175 2777 3229 vel
2808 3176 2859 3230 in
2925 3177 3134 3236 litteras
3184 3182 3411 3250 referre,

1831 3254 1914 3308 vel
1948 3269 2297 3326 componere,
2329 3260 2413 3315 vel
2444 3263 2722 3333 amplecti,
2756 3268 2840 3323 vel
2891 3271 3029 3325 alios
3069 3272 3287 3329 docere.
3350 3277 3410 3331 Si

1830 3347 1921 3414 qui
1945 3361 2077 3402 vero
2098 3348 2303 3405 fuerint
2330 3353 2447 3407 ausi
2478 3355 2640 3410 fidem
2707 3358 2870 3415 aliam
2928 3363 3011 3417 vel
3059 3378 3410 3436 componere,

1798 3436 1945 3493 'sive
1976 3438 2242 3507 proferre,
2272 3444 2356 3498 vel
2378 3446 2597 3514 docere,
2631 3450 2714 3503 vel
2772 3450 2919 3506 aliud
2983 3453 3049 3507 iis
3104 3458 3406 3525 symbolum

1833 3527 2069 3594 tradere,
2125 3531 2216 3600 qui
2275 3533 2342 3586 de
2399 3538 2742 3606 paganismo.
2782 3540 2899 3595 sive
2945 3540 3249 3608 Judaismo.
3292 3548 3410 3602 sive

1829 3630 1975 3674 secta
2004 3635 2348 3693 quacumque
2385 3628 2633 3685 veritatis
2678 3630 2743 3684 ad
2796 3633 3127 3702 agnitionem
3172 3652 3230 3691 se
3280 3653 3410 3692 cou-

1831 3720 2045 3767 vertere
2072 3714 2258 3769 volunt
2289 3735 2302 3771 :
2336 3732 2451 3782 eos,
2477 3722 2520 3773 si
2557 3720 2760 3777 fuerint
2789 3725 3033 3793 episcopi
3066 3729 3147 3781 vel
3195 3729 3407 3795 clerici,

1829 3808 1940 3856 tam
1971 3804 2039 3857 ab
2065 3806 2441 3875 episcoporum
2502 3824 2667 3879 quam
2699 3813 3027 3870 clericorum
3081 3820 3274 3874 ordine
3321 3835 3408 3874 re-

1830 3907 2045 3963 movet;
2091 3897 2174 3952 sin
2208 3901 2484 3967 monachi,
2513 3902 2598 3959 vel
2637 3905 2761 3960 laici
2793 3905 3019 3973 fuerint,
3067 3913 3406 3968 anathemati

1828 3990 2018 4043 statuit
2047 4004 2166 4044 esse
2189 3991 2492 4059 subiectos.

1904 4206 2267 4279 Posteaquam
2304 4209 2519 4270 concilii
2551 4211 2832 4268 decretum
2863 4218 3148 4271 recitatum
3192 4219 3404 4283 fuisset,

175 4313 323 4386 θησαν
348 4314 704 4381 ὲξισάζοντα,
752 4312 813 4366 τό
843 4329 903 4365 τε
942 4312 1311 4382 Ἀρμηνικὸν,
1356 4317 1452 4367 καὶ
1488 4315 1549 4367 τὸ
1592 4316 1722 4369 Ῥω-

1831 4311 1994 4370 atque
2019 4300 2158 4356 liber
2184 4301 2507 4357 Armenicus
2539 4303 2787 4360 Romano
2820 4312 3150 4377 respondere
3210 4312 3404 4379 depre-

178 4405 369 4474 μαῐκδν,
395 4405 497 4460 καὶ
525 4405 584 4459 αἱ
618 4402 699 4474 τῷ
725 4400 1017 4474 Καθολικῷ
1061 4403 1319 4458 δοκοῦσαι
1364 4400 1594 4472 ἀσαφεῖς
1626 4407 1723 4459 αύ-

175 4493 251 4548 sub
275 4497 452 4562 λέξεις
485 4495 707 4566 μετρίαι
740 4493 900 4548 οὖσαι
936 4494 1131 4563 ικανῆς
1173 4497 1512 4566 τετυχήκασι
1548 4513 1723 4567 σαφη-

175 4583 539 4651 νῑῐας,εῐπενδ
559 4585 869 4657 Θεωριανδς
898 4583 1035 4654 πρὸς
1067 4584 1158 4639 τὸν
1190 4586 1515 4640 Καθολικάν.
1534 4586 1721 4657 Ὁρᾷς.

178 4678 423 4748 ἁγιώτατα
451 4677 710 4745 δέσποτα,
758 4678 842 4730 δτι
872 4677 982 4729 τῶν
1007 4675 1084 4748 χλ¹
1126 4678 1402 4748 θεοφόρων
1462 4678 1603 4731 Πατέ
1613 4695 1723 4747 ρων

178 4772 297 4835 θεῖος
330 4772 519 4842 χορὸς,
580 4770 689 4823 τῶν
748 4770 806 4821 ὲν
834 4768 1225 4838 Χαλκηδονέων
1282 4769 1435 4822 πόλει
1484 4786 1723 4839 συναγη-

176 4865 453 4933 γερμένων,
512 4862 576 4916 οὒ
613 4863 774 4931 μόνον
816 4860 967 4914 οὐδὲν
1018 4862 1123 4926 ἔξω
1154 4862 1257 4928 τῆς
1289 4862 1400 4915 τῶν
1431 4862 1722 4931 δογμάτων

176 4956 444 5027 ὀρθότητος
489 4954 790 5026 λελάληκεν
837 4954 872 5025 ἢ
908 4954 1280 5023 πεφρόντικεν,
1318 4953 1433 5006 ἀλλ’
1470 4953 1588 5006 οὐδὲ
1618 4953 1722 5005 κᾶν

180 5048 261 5119 μιᾷ
282 5048 423 5113 λέξει
460 5049 588 5119 ξένῃ
638 5048 718 5110 είς
778 5046 875 5117 τὴν
926 5044 1142 5098 ἔκθεσιν
1182 5044 1275 5097 τοῦ
1329 5045 1475 5096 Οείου
1525 5044 1719 5095 τούτου

176 5141 281 5210 ὅρου
327 5144 622 5213 ἐχρήσατο.
670 5124 960 5212 τετήρηκε
995 5141 1102 5210 γὰρ
1151 5142 1249 5209 τήν
1276 5157 1334 5193 τε
1378 5140 1560 5191 πίστιν
1610 5138 1719 5191 τῶν

178 5234 266 5302 πρὸ
293 5233 456 5287 αὐτοῦ
486 5234 661 5301 ἁγίων
689 5233 1089 5303 Πατέρσιιννκαὶ
1121 5232 1261 5284 αύτά
1279 5230 1343 5300 δὴ
1368 5230 1435 5283 τά
1471 5233 1715 5301 ῥήματα.

178 5324 286 5386 Καὶ,
306 5328 353 5379 εἰ
370 5326 640 5391 κελεύεις,
664 5324 825 5391 δείξω
854 5341 956 5390 σοι,
983 5326 1046 5377 ἐκ
1078 5325 1248 5376 ποίων
1273 5323 1721 5394 προγενεστέρων

179 5412 311 5467 θείων
335 5418 597 5486 Πατέρων
648 5418 761 5479 τοῖς
807 5412 1099 5486 μακαρίοις
1141 5415 1357 5478 τούτοις
1401 5414 1567 5477 θείοις
1609 5417 1721 5468 Πα-

180 5507 347 5575 τράσιν
370 5510 582 5579 ἑκάστη
609 5509 756 5573 λέξις
799 5508 893 5563 τοῦ
924 5509 1052 5580 ὅρου
1080 5511 1273 5562 τούτου
1326 5507 1715 5577 παρείληπται.

182 5599 234 5650 ΔΞ
262 5601 470 5669 πλείους
504 5603 617 5674 γὰρ
657 5600 841 5655 αὐτῶν
881 5601 989 5655 ἀπὸ
1034 5599 1143 5655 τῶν
1181 5598 1259 5669 τῷ
1307 5598 1563 5669 μακαρίῳ
1609 5599 1720 5650 Κυ-

1829 4398 2067 4453 heusus:
2120 4396 2488 4467 satisessent
2543 4400 2781 4470 denique
2848 4403 3138 4456 declaratzc
3185 4406 3404 4464 concilii

1828 4502 2009 4552 voces,
2043 4502 2174 4543 sane
2201 4488 2536 4554 tolerabiles,
2570 4505 2690 4561 quae
2716 4492 2965 4547 Generali
3005 4495 3128 4548 visze
3185 4495 3405 4550 fuerant

1824 4579 2088 4645 obscurae,
2166 4580 2508 4637 Theoriauus
2588 4585 2735 4638 hisce
2820 4584 3139 4639 Geueraletu
3209 4590 3403 4643 verbis

1826 4669 2228 4741 compellabat:
2261 4671 2442 4734 Vides,
2486 4675 2837 4730 sanctissime
2894 4678 3131 4742 domine,
3183 4692 3399 4733 sacrum

1827 4765 1975 4818 illum
2028 4781 2229 4823 castqu
2280 4768 2384 4822 630
2437 4766 2746 4822 divinorum
2806 4767 3054 4833 Patrum,
3105 4772 3155 4824 in
3206 4774 3403 4842 Oppido

1826 4855 2254 4915 Chalcedenensi
2304 4869 2783 4930 congregatoruiu,
2849 4874 2954 4913 non
3036 4862 3195 4915 modo
3268 4866 3431 4916 nihil

1826 4948 1980 5006 extra
2018 4953 2325 5019 dogmatum
2355 4952 2737 5006 rectitudinem
2764 4951 2847 5004 vel
2878 4952 3117 5006 locutum
3147 4970 3287 5017 esse,
3316 4959 3397 5006 \‘t'i

1826 5046 2084 5107 sensisse,
2139 5046 2233 5097 sed
2290 5060 2355 5096 ne
2401 5058 2503 5096 una
2559 5043 2781 5112 quidem
2836 5044 3397 5112 pcregrina'Vnt-eznl

1829 5137 1988 5205 hujus
2031 5135 2195 5187 divini
2244 5134 2448 5187 det-reti
2500 5137 2895 5203 expositionem
2932 5152 3113 5189 usum.
3170 5135 3300 5189 Nam
3346 5146 3399 5186 et.

1828 5228 1984 5281 fidem
2012 5226 2228 5279 Patrum
2267 5241 2325 5279 se
2360 5227 2626 5295 majorum
2653 5237 2812 5282 :etate
2856 5227 3098 5291 retinuit,
3165 5239 3218 5281 et
3286 5229 3399 5296 ipa

1782 5320 2037 5389 ‘quoqne
2074 5317 2257 5372 verba.
2306 5316 2603 5372 Ostendam
2655 5334 2781 5372 vero
2806 5319 2925 5379 tibi,
2984 5321 3026 5373 si
3084 5320 3281 5388 placet,
3334 5338 3395 5373 cx

1823 5411 2019 5479 quibus
2062 5409 2461 5479 autiquiorilnts
2489 5410 2898 5465 divisl’atrihus
2932 5412 2984 5463 hi
3023 5412 3162 5465 beati
3211 5411 3403 5465 Patris

1824 5516 2011 5557 vocem
2044 5504 2341 5572 quamlibet
2375 5504 2536 5572 hujus
2569 5503 2770 5558 decreti
2815 5505 3171 5571 sumpserint.
3238 5505 3400 5559 (Ioni-

1826 5595 2005 5666 plures
2025 5595 2247 5665 quidem
2279 5605 2429 5652 certe
2468 5596 2533 5653 de
2564 5595 2749 5667 Cyrilli
2787 5597 3195 5652 commentariis
3244 5593 3402 5650 usur-
