3982 6326
650 274 752 335 2.5

1972 326 1977 333 .
2029 273 2463 335 ΤΠΕΟΒΙΑἪ

3766 276 3873 337 Ξὶῦ

647 398 852 444 rantes.
906 388 1085 453 Quare
1127 386 1390 460 et.animi
1455 389 1616 443 vestri
1662 389 1916 445 seandalo
1964 390 2211 459 percussi

2333 391 2590 455 ἳᾶνοντες.
2640 395 2729 445 Διὸ
2774 394 3218 458 ὲςκανδαὶίζεσθε
3260 396 3350 447 τὸν
3395 392 3519 445 νοῦν
3561 392 3653 445 καὶ
3696 392 3877 461 ὑμεῖς.

647 489 796 545 sunt,
828 480 951 534 dum
970 494 1068 535 nos
1094 477 1380 549 Eutycltcti
1413 479 1637 550 ejusque
1663 480 1987 535 asseclarum
2012 480 2210 550 dogma

650 586 836 629 tenere
897 573 1183 641 putaretis,
1241 572 1331 641 qui
1373 586 1533 626 unam
1578 582 1827 627 naturam
1855 587 2021 642 pravo
2047 590 2209 629 sensu

651 674 923 721 asserunt.
948 662 1327 717 Verumtamen
1364 679 1425 719 ex
1456 664 1556 719 liae
1578 664 1826 731 colloquii
1871 660 2213 720 ventilation'e

655 755 852 808 nudata
893 763 975 809 est
1030 755 1313 824 palamque
1370 755 1614 810 convicta
1645 756 1913 824 utrimque
1943 757 2211 810 mentien-

648 848 781 900 tium
833 845 1055 911 falsitas,
1105 846 1305 915 prodiit
1353 846 1407 899 in
1459 846 1635 901 lucem
1682 845 1903 913 veritas,
1954 846 2214 914 planeque

649 936 890 991 constitit
944 945 1055 990 tum
1107 951 1202 991 vos
1252 951 1280 989 a
1313 936 1625 991 Nestoriana
1668 937 1949 1003 divisione,
1978 948 2086 992 tum
2116 952 2214 991 nos

650 1027 721 1081 ab
776 1026 1111 1096 Eutycltiana
1174 1024 1490 1081 confusione
1537 1026 1697 1096 longe
1726 1026 2210 1082 abessezinvicem

650 1129 847 1183 autem,
878 1132 976 1186 per
1031 1116 1121 1171 Dei
1152 1117 1401 1187 gratiam,
1438 1116 1666 1185 proximi
1707 1116 1804 1171 visi
1839 1131 2043 1182 sumus,
2072 1116 2212 1185 quod

653 1210 848 1264 attinet
900 1209 966 1262 ad
1015 1208 1324 1278 dogmstum
1375 1208 1771 1262 rectitudinem.
1830 1206 1934 1260 Sed
1957 1208 2211 1275 quoniam

652 1300 818 1355 vestri
866 1299 1075 1368 imperii
1116 1306 1373 1368 petestas,
1416 1312 1537 1366 qua
1578 1297 1861 1353 sacerdotii
1908 1297 2215 1353 libertatem

650 1391 904 1461 protegit,
958 1388 1101 1459 genti
1155 1396 1353 1443 nostra
1420 1388 1487 1442 ab
1568 1387 1861 1443 inﬁdelium
1933 1389 2217 1457 tyrannide

650 1493 832 1551 erepta
863 1489 967 1545 est,
998 1479 1199 1535 ideirco
1231 1492 1382 1534 meus
1426 1493 1641 1550 quoque
1673 1478 2015 1549 pontiﬁcatus
2045 1480 2225 1545 patrio

652 1575 768 1631 solo
798 1590 859 1629 ac
887 1577 1013 1630 sede
1040 1574 1315 1644 depulsus,
1342 1573 1396 1628 in
1422 1573 1596 1629 aliena
1615 1575 1831 1644 regione
1858 1574 2216 1645 periclitatur.

655 1666 1012 1733 Quamobrem
1060 1678 1231 1735 neque
1285 1664 1340 1719 in
1384 1664 1634 1735 praesenti
1677 1664 2056 1720 Armeniorum
2105 1667 2219 1736 epi-

653 1758 801 1826 se0pi
856 1766 911 1811 et
944 1757 1193 1812 doctores
1221 1769 1401 1812 coram
1460 1756 1676 1820 adsunt.
1717 1771 1892 1826 neque
1930 1758 2055 1813 licet
2102 1758 2219 1815 sine
2246 1727 2293 1787 Β

654 1850 845 1905 horum
898 1849 1133 1921 generali
1162 1847 1392 1904 concilio
1429 1848 1675 1919 quaesitui
1720 1859 1903 1904 vestro
1958 1862 2217 1920 quantum

654 1956 788 2010 opus
817 1949 901 1995 est
936 1940 1278 2009 respondere,
1305 1954 1377 1995 ne
1408 1954 1505 2009 pro
1549 1941 1841 1997 concordia
1863 1954 2051 1997 ansam
2084 1941 2221 1995 Inul-

658 2033 890 2102 tiplieem
925 2030 1209 2088 discordia
1260 2032 1469 2096 demus,
1509 2045 1682 2100 neque
1722 2031 2087 2086 inconstanter
2119 2030 2220 2084 ali—

656 2124 783 2191 quid
838 2122 1201 2187 absurdumve
1252 2120 1552 2191 loquamur.
1605 2120 1770 2191 Igitur
1808 2120 1952 2175 haud
2012 2132 2220 2176 rectum

661 2215 793 2273 mibi
820 2215 992 2269 visum
1043 2222 1148 2278 est,
1173 2227 1294 2273 cum
1324 2212 1387 2267 iis
1418 2218 1623 2266 tantum
1678 2212 1768 2282 qui
1798 2213 1941 2267 circa
1979 2227 2064 2267 me
2097 2222 2223 2267 sunt

657 2306 988 2370 hominibus,
1036 2306 1103 2358 de
1143 2305 1243 2358 hac
1293 2304 1606 2374 gravissima
1633 2304 1997 2358 controversia
2036 2303 2222 2359 defen-

657 2401 860 2453 sionem
890 2396 1149 2461 seribere,
1180 2396 1329 2466 prius
1345 2411 1505 2466 quam
1536 2396 1591 2451 in
1614 2396 1926 2452 Armeniam
1952 2412 2221 2469 magnam,

658 2490 768 2544 imo
814 2497 869 2544 et
926 2488 982 2543 in
1041 2488 1281 2557 reliquas
1309 2488 1455 2543 orbis
1511 2497 1691 2559 partes
1718 2488 1933 2544 nuntios
1956 2489 2223 2554 miserim,

659 2590 990 2650 cunctosque
1047 2568 1423 2634 Armeniorum
1462 2580 1731 2649 sapientes
1766 2580 2224 2650 congregaverim,

659 2686 951 2742 coramque
994 2671 1127 2741 ipsis
1154 2680 1389 2726 vestram
1442 2671 1581 2728 hanc
1616 2671 1681 2727 de
1715 2671 1820 2728 ﬁde
1862 2682 1915 2728 et
1944 2672 2226 2742 disciplina

661 2760 915 2817 Ecclesiae
941 2760 1289 2831 quaestionem
1318 2762 1656 2830 exposuerim
1692 2779 1707 2816 :
1739 2761 1879 2831 quod
1927 2777 2049 2817 cum
2113 2762 2226 2829 ﬁet,

550 2910 555 2915 ε
662 2852 912 2922 equidem
958 2867 1308 2937 onttnesmeos
1324 2854 1850 2921 eonatns,studium,
1876 2854 2225 2920 voluntatem,

661 2960 904 3014 operam,
942 2944 1421 3010 adhortationem,
1480 2946 1589 3001 vim
1615 2946 1846 3017 exempli
1916 2947 2113 3017 ipsam,
2171 2947 2226 3000 in

2313 484 2622 552 νομίζοντες
2657 490 2802 555 ἡμᾶς
2838 488 3141 556 ὁμόφρονας
3174 483 3315 541 εἶναι
3343 485 3439 538 τοῦ
3475 484 3746 554 Εὖτυχοῦς
3786 483 3884 535 καὶ

2312 575 2419 629 τῶν
2464 577 2583 647 μετ’
2608 579 2793 642 αὐτοῦ,
2836 579 2946 630 τῶν
2983 578 3252 646 λεγόντων
3297 576 3425 646 μίαν
3466 574 3625 644 φύσιν
3668 573 3879 634 κακῶς.

2314 667 2457 736 Πλὴν
2486 670 2549 721 ὲκ
2576 671 2674 738 τῆς
2706 670 2930 739 ἐρεύνης
2960 670 3163 738 ταύτης
3226 665 3521 736 ἐγυμνώοη
3550 666 3645 718 καὶ
3673 666 3887 716 ἀπεκαο

2311 759 2488 829 λύφθη
2513 762 2545 826 ἡ
2570 761 2753 829 ἀπάτη
2779 761 2874 828 τῆς
2902 759 3253 828 ψευδολογίας
3282 756 3583 826 ἑκατέρων,
3608 758 3703 807 καὶ
3728 752 3887 806 ἐδιώ-

2311 850 2443 921 χθη,
2477 852 2572 903 καὶ
2603 851 2811 920 φανερὰ
2841 850 3063 917 γέγονεν
3091 850 3125 920 ἠ
3155 847 3383 917 ἀλήθεια
3402 886 3418 911 ,
3449 845 3545 899 καὶ
3573 843 3886 914 ἐστερεὼοη

2310 943 2393 996 ὅτι
2432 943 2651 1012 μακρὰν
2682 941 2773 1008 ἀφ’
2796 940 2947 1009 ὑμῶν
2979 942 3123 993 ἐστιν
3152 940 3187 1010 ἡ
3216 936 3310 990 τοῦ
3332 935 3643 1022 ⁸Νεστορίου
3675 934 3888 997 διαίρε-

2314 1049 2419 1097 σις,
2465 1033 2560 1085 καὶ
2600 1033 2691 1101 ἀφ’
2725 1030 2881 1101 ἡμῶν
2924 1032 2953 1101 ἢ
2996 1030 3092 1083 τοῦ
3141 1028 3418 1098 Εὐτυχοῦς
3458 1026 3747 1096 σύγχυσις,
3797 1022 3893 1075 καὶ

2315 1124 2544 1195 πλησίον
2571 1122 2813 1193 ἀλλήλων
2839 1123 3140 1191 γεγόναμεν
3165 1125 3232 1192 τῇ
3267 1120 3523 1191 ὀρθότητι
3547 1118 3654 1170 τῶν
3678 1114 3894 1183 δογμά-

2314 1233 2422 1270 των
2441 1258 2456 1283 ,
2488 1218 2672 1287 χάριτι
2696 1216 2790 1269 τοῦ
2821 1214 2976 1269 Θεοῦ.
3008 1214 3226 1283 Ἐπειδὴ
3256 1212 3313 1265 δὲ
3343 1215 3373 1266 ό
3405 1211 3593 1282 θρόνος
3620 1210 3719 1279 τῆς
3750 1209 3893 1277 ὑμε-

2314 1310 2480 1379 τέρας
2510 1308 2819 1375 βασιλείας,
2854 1308 2945 1375 ἀφ’
2969 1300 3027 1360 οὗ
3059 1307 3092 1376 ὴ
3123 1307 3220 1376 τῆς
3250 1302 3664 1374 ἀρχιερωσύνης
3692 1298 3896 1353 αὐθεν-

2314 1401 2405 1455 τία
2434 1401 2783 1471 κρατύννται,
2811 1400 3091 1470 ἀφῄρηται
3119 1398 3226 1451 ἀπὸ
3252 1396 3345 1449 τοῦ
3378 1396 3567 1463 γένους
3598 1391 3755 1462 ἡμῶν
3787 1389 3899 1442 ἀπὸ

2317 1492 2415 1561 τῆς
2442 1490 2753 1561 τυραννίδος
2780 1492 2890 1543 τῶν
2920 1487 3233 1558 ἀλλοφύλων
3250 1528 3266 1554 ,
3293 1486 3384 1540 διὰ
3408 1484 3567 1538 τοῦτο
3597 1486 3692 1536 καὶ
3721 1484 3756 1551 ἡ
3790 1481 3895 1548 ἀρ-

2318 1581 2623 1653 χιερωσύνη
2665 1582 2823 1654 ἡμῶν
2867 1581 3095 1652 ἐδιώχθη
3138 1579 3247 1633 ἀπὸ
3288 1579 3387 1648 τῆς
3427 1576 3661 1648 πατρίου
3707 1572 3898 1642 χώρας

2320 1676 2414 1727 καὶ
2440 1674 2533 1727 τοῦ
2566 1674 2775 1745 θρόνου,
2806 1672 2899 1727 καὶ
2928 1676 3009 1735 είς
3038 1671 3326 1740 ἀλλοτρίαν
3354 1667 3539 1739 χώραν
3570 1662 3902 1724 κλυδωνίζε-

2318 1784 2407 1820 ται
2456 1765 2812 1837 παροικοῦσα.
2854 1763 2944 1830 Ἐξ
2985 1759 3053 1835 ἦς
3098 1762 3277 1825 αἰτίας
3323 1762 3425 1814 οὐκ
3474 1758 3672 1829 ἔχομεν
3723 1755 3901 1822 ἐγγὺς

2320 1861 2456 1931 πρὸς
2489 1861 2549 1912 τὸ
2584 1859 2756 1930 παρὸν
2786 1860 2911 1921 τοὺς
2947 1858 3226 1928 ἀρχιερεῖς
3262 1857 3359 1908 καὶ
3394 1846 3750 1910 διδασκάλους
3785 1846 3903 1899 τῶν

2332 1951 2633 2021 Ἀρμενίων
2656 1965 2668 1982 ·
2710 1949 2805 2002 καὶ
2846 1950 3015 2021 χωρὶς
3048 1948 3149 2016 τῆς
3186 1946 3297 1999 τῶν
3336 1946 3555 1999 πάντων
3591 1937 3903 2009 συμόολῆς,

2322 2039 2637 2094 ἀνένδεκτόν
2678 2040 2793 2091 ἐστι
2828 2036 3039 2091 τελείαν
3074 2035 3258 2089 δοῦναι
3290 2030 3584 2100 ἀπολογίαν
3615 2027 3695 2097 τῷ
3727 2042 3907 2096 προσ-ο

2320 2132 2561 2201 τάγματι
2597 2132 2692 2184 τοῦ
2739 2129 3051 2201 ζητήματος
3119 2126 3306 2196 ὑμῶν,
3351 2126 3439 2178 ἶνα
3484 2123 3560 2194 μὴ
3602 2120 3726 2177 ἀντὶ
3769 2118 3909 2172 ἑνώ-

2324 2240 2482 2287 σεως,
2521 2223 2809 2291 διαφόρους
2854 2222 3035 2285 αίτίας
3082 2217 3409 2289 παρέξωμεν
3452 2210 3759 2286 χίυρισμοῦ,
3808 2208 3911 2262 καὶ

2324 2318 2712 2387 σεσαλευμένοι
2747 2317 2839 2369 καὶ
2872 2314 3151 2368 ἀλλόκοτοι
3184 2311 3417 2380 γενῶσιν
3448 2308 3496 2361 oi
3533 2308 3679 2375 λόγοι
3713 2303 3907 2375 ἡμῶν.

2325 2409 2423 2461 Διὶ
2454 2407 2612 2459 τοῦτο
2645 2406 2745 2459 οὐκ
2780 2404 3127 2475 ἐνδεχόμενον
3161 2400 3337 2464 ἔδοξεν
3370 2399 3503 2468 ἡμῖν
3543 2393 3684 2465 μετά
3724 2390 3913 2462 μόνων

2324 2500 2433 2553 τῶν
2464 2500 2595 2569 παρ’
2623 2499 2767 2567 ἡμᾶς
2805 2496 3013 2568 γράψαι
3052 2494 3149 2565 τὴν
3185 2490 3487 2559 ἀπολογίαν
3523 2488 3615 2541 τοῦ
3648 2484 3912 2538 τοιούτου

2330 2589 2567 2660 μεγάλου
2596 2587 2926 2659 ζητήματος,
2956 2586 3146 2656 μέχρις
3170 2584 3239 2637 ἂν
3263 2578 3670 2655 ἀποστείλωμεν
3696 2576 3781 2637 είς
3810 2574 3916 2638 τὴν

2332 2682 2575 2751 μεγάλην
2603 2680 2894 2750 Ἀρμενίαν
2914 2718 2930 2743 ,
2961 2679 3055 2732 καὶ
3084 2678 3163 2741 είς
3190 2678 3297 2729 πᾶν
3329 2674 3494 2745 μέρος
3518 2672 3617 2739 τῆς
3645 2667 3919 2735 οἰκουμέο

2328 2790 2456 2841 νης,
2485 2774 2580 2826 καὶ
2612 2769 3025 2842 ὲπισυνάξωμεν
3054 2770 3299 2831 ἅπαντας
3329 2768 3455 2829 τοὺς
3486 2758 3568 2823 οἷς
3598 2764 3715 2813 ἐστι
3745 2758 3921 2811 δύνα-

2332 2882 2425 2935 μις
2460 2863 2654 2933 σοφίας
2688 2863 3036 2933 Ἀρμενίους,
3075 2861 3171 2914 καὶ
3206 2858 3437 2911 ἐνώπιον
3476 2852 3657 2908 αὐτῶν
3697 2849 3923 2920 προθήο

2333 2970 2513 3025 σωμεν
2540 2955 2632 3007 τὸν
2665 2954 2797 3023 παρ’
2823 2953 2975 3021 ὑμῶν
3005 2950 3341 3021 ζητούμενον
3374 2946 3504 3013 περὶ
3535 2944 3636 3013 τῆς
3666 2938 3922 2999 πίστεως

663 3052 734 3090 eo
778 3036 1052 3092 collocabo
1109 3048 1167 3091 ut
1206 3038 1408 3093 amoris
1457 3038 1629 3093 mutui
1667 3039 1923 3109 pacisque
1948 3039 2093 3093 inter
2128 3052 2225 3093 nos

2333 3048 2425 3101 καὶ
2460 3047 2561 3116 τῆς
2597 3046 2805 3110 τάξεως
2840 3045 2940 3116 τῆς
2973 3042 3302 3112 Ἐκκλησίας
3340 3039 3520 3121 λόγον,
3559 3033 3695 3104 ἐμοῦ
3735 3050 3926 3086 κατα-

666 3130 1029 3184 instattranda:
1055 3138 1243 3184 auctor
1267 3128 1365 3184 sim
1401 3146 1415 3182 :
1449 3128 1697 3185 viJelicet
1724 3141 1899 3185 utnos
1927 3128 2224 3195 vobiscum,
2251 3163 2256 3168 -

666 3222 757 3290 qui
795 3220 1001 3289 priores
1030 3222 1133 3276 hoc
1153 3220 1393 3290 spiritale
1420 3220 1614 3276 bonum
1643 3222 1757 3277 ﬁeri
1781 3222 2032 3287 eurastis,
2063 3222 2236 3276 beati-

668 3315 852 3369 tudine
876 3313 963 3369 ilia
992 3314 1333 3383 paciﬁcorum
1358 3314 1503 3385 digni
1526 3314 1717 3381 simus,
1751 3329 1910 3385 quam
1936 3315 1992 3370 in
2054 3314 2232 3370 Evan-
2298 3301 2317 3323 ³

666 3406 806 3473 gelio
835 3406 1081 3463 Christus
1133 3405 1405 3476 promisit.
1428 3407 1691 3473 Quoniam
1722 3423 1852 3463 vero
1877 3408 2030 3463 missi
2057 3423 2087 3462 a
2115 3423 2231 3462 ma-

669 3497 947 3566 gnitudine
974 3507 1062 3550 tua
1093 3495 1191 3550 viri
1218 3495 1639 3564 postulaverunt,
1669 3506 1886 3550 utnunc
1909 3497 2071 3551 etiam
2101 3497 2227 3552 bro-

672 3603 792 3642 vcm
846 3587 1078 3657 aliquem
1106 3586 1308 3655 scripto
1334 3600 1636 3641 sermonem
1655 3586 1731 3654 .de
1760 3596 1943 3641 nostra
1975 3586 2030 3641 in
2064 3588 2228 3643 rebus

671 3678 792 3731 ﬁdei
820 3677 1084 3732 sententia
1117 3677 1184 3731 ad
1240 3685 1480 3731 sanctam
1530 3676 1861 3745 maiestatem
1893 3687 2036 3730 tuam
2057 3678 2235 3733 mitte-

670 3784 873 3834 remus,
906 3768 958 3821 id
1004 3780 1136 3822 sane
1158 3766 1405 3832 fecimus,
1434 3766 1574 3821 haud
1600 3766 1711 3821 fere
1742 3770 1961 3831 nostris,
1988 3768 2082 3822 sed
2111 3783 2237 3823 san-

672 3870 879 3914 (torum
912 3860 1001 3928 qui
1031 3868 1155 3914 ante
1173 3857 1573 3929 separationem
1605 3859 1787 3915 vixere
1810 3860 2087 3915 doctorum
2112 3875 2237 3915 ver-

667 3953 755 4005 bis
779 3962 1011 4008 utentes.

2335 3139 2712 3209 ναγκάξοντος
2739 3137 2834 3191 καὶ
2864 3136 3283 3196 ἐπισπεύδοντος
3310 3118 3411 3186 καὶ
3434 3127 3543 3183 οἷον
3570 3123 3929 3194 ἀγωνιζομέ-

2334 3248 2425 3285 νου
2458 3229 2553 3283 καὶ
2584 3228 3035 3300 προθυμουμένου
3068 3226 3164 3280 καὶ⁵
3191 3221 3552 3295 ποδηγοῦντος
3582 3217 3783 3278 αὐτοὺς
3822 3213 3930 3267 καὶ

2334 3321 2766 3394 παροτρύνοντος
2795 3322 2872 3384 είς
2903 3321 2963 3373 τὸ
2993 3319 3163 3373 αἴτιον
3192 3317 3289 3386 τῆς
3322 3315 3544 3384 ἀγάπης
3574 3312 3667 3364 καὶ
3697 3310 3805 3378 τῆς
3843 3308 3930 3358 εί-

2336 3413 2505 3483 ρήνης
2524 3428 2540 3443 ⁸
2570 3412 2643 3475 ὼς
2680 3412 2745 3465 ἂν
2774 3413 2869 3465 καὶ
2903 3412 3064 3481 ἡμεῖς
3101 3408 3220 3479 μεθ’
3245 3407 3397 3477 ὑμῶν
3426 3405 3533 3457 τῶν
3564 3400 3931 3466 πρωταιτίων

2333 3503 2427 3558 τοῦ
2473 3502 2712 3557 τοιούτου
2756 3500 3127 3573 πνευματικοῦ
3172 3497 3400 3567 ἀγαθοῦ,
3444 3494 3765 3561 ἀξιωθῶμεν
3819 3488 3928 3542 τοῦ

2336 3592 2684 3665 μακαρισμοῦ
2708 3592 2817 3647 τῶν
2839 3591 3190 3664 είρηνοποιῶν
3211 3588 3302 3643 τοῦ
3326 3584 3735 3657 ὲπηγγελμένου
3759 3579 3933 3651 παρὰ

2333 3683 2429 3736 τοῦ
2463 3683 2722 3754 Χριστοῦ.
2756 3683 2908 3735 Ἐπεὶ
2942 3683 2999 3735 δὲ
3036 3683 3085 3735 oi
3123 3679 3273 3750 παρὰ
3302 3679 3402 3748 τῆς
3440 3674 3592 3747 ὑμῶν
3626 3669 3933 3743 μεγαλειό-

2334 3788 2496 3842 τητος
2529 3772 2919 3836 ἀποσταλέντες
2954 3770 3222 3843 ἐζήτησαν
3262 3769 3454 3839 μικρόν
3489 3781 3610 3818 τινα
3644 3762 3739 3815 καὶ
3774 3761 3937 3831 πρὸς

2336 3863 2399 3915 τὸ
2433 3864 2608 3934 παρὸν
2636 3863 2790 3932 λόγον
2821 3863 3097 3935 ἔγγραφον
3128 3861 3223 3913 καὶ
3261 3860 3387 3930 περὶ
3415 3857 3512 3926 τῆς
3549 3853 3787 3913 πίστεως
3824 3849 3937 3901 τοῦ

2340 3955 2608 4027 ἡμετέρου
2635 3956 2902 4025 δόγματος
2931 3952 3299 4022 ἀποσταλῆναι
3333 3950 3465 4021 πρὸς
3495 3947 3593 4017 τὴν
3622 3944 3784 4013 ἁγίαν
3823 3941 3936 4013 βα-

674 4046 875 4101 σιλεὶαν
910 4061 1003 4098 σου
1023 4084 1036 4109 ,
1072 4043 1231 4097 τοῦτο
1266 4041 1643 4113 πεποιήκαμεν
1675 4043 1774 4097 οὐκ
1809 4042 1901 4112 ἀφ’
1926 4043 2086 4115 ἡμῶν
2105 4081 2123 4111 ,
2157 4042 2270 4096 ἀλλ’
2306 4045 2415 4101 ἀπὸ
2438 4048 2543 4102 τῶν
2569 4050 2818 4119 χρήσεων
2856 4045 2963 4100 τῶν
3003 4044 3175 4113 ἁγίων
3197 4040 3532 4098 διδασκάλων
3553 4038 3652 4106 τῆς
3684 4034 3939 4106 Ἐκκληο

675 4139 793 4202 σίας
819 4138 926 4190 τῶν
958 4136 1062 4207 πρὸ
1088 4135 1180 4189 τοῦ
1209 4133 1511 4206 χωρισμοῦ.

744 4230 1072 4287 Conﬁtentur
1107 4229 1287 4297 itaque
1317 4226 1831 4283 consubstantialem
1854 4236 1909 4283 et
1948 4229 2243 4305 increatam

677 4331 917 4378 sanctam
964 4320 1302 4386 Trinitatem,
1351 4319 1407 4373 in
1437 4327 1546 4374 tres
1598 4318 1915 4375 distinctam.
1960 4335 2243 4390 personas.

678 4428 891 4483 unaque
949 4422 1138 4466 natura
1172 4420 1225 4465 et
1254 4410 1535 4465 divinitate
1573 4411 1934 4480 coujunetam,
1965 4412 2106 4467 haud
2134 4412 2244 4467 cir-

682 4506 1068 4575 cumscriptam
1122 4513 1227 4557 tcm
1238 4516 1366 4572 pore
1395 4543 1410 4567 ,
1436 4517 1613 4571 neque
1641 4514 2000 4570 cessaturam,
2024 4504 2107 4559 vel
2131 4506 2244 4559 eui-

683 4602 813 4652 libet
863 4595 1147 4651 mutationi
1171 4594 1487 4660 obnoxiam,
1510 4605 1567 4648 ut
1593 4605 1787 4650 creata:
1807 4605 2013 4650 natura:
2045 4596 2242 4651 solut.

676 4694 840 4744 Pa'er
908 4697 990 4743 est
1065 4687 1354 4755 ingenitus,
1415 4687 1609 4756 quippe
1657 4701 1692 4753 a.
1714 4687 1929 4741 nemine
1975 4702 2244 4742 manans:

683 4782 849 4833 Filius
896 4792 924 4830 a
974 4778 1129 4830 Patre
1169 4777 1381 4845 genitus
1405 4776 1839 4840 ineorporaliter,
1873 4786 1929 4828 ut
1958 4791 2025 4829 ex
2063 4786 2245 4830 mente

683 4871 899 4923 verbum
946 4886 961 4922 :
1015 4869 1245 4936 Spiritus
1321 4882 1352 4920 a
1410 4866 1568 4920 Patre
1639 4854 2249 4934 incomprehensibiliter

686 4961 1213 5027 inscrtttnbilitcrque
1247 4960 1559 5027 procedens.
1589 4956 1718 5011 Sine
1764 4957 2026 5026 principio
2048 4957 2243 5024 Pater;

686 5072 715 5107 ιι
760 5054 920 5107 Patre
979 5062 1155 5106 autem
1204 5062 1425 5121 experte
1464 5048 1710 5120 principii
1761 5050 1967 5117 Filius;
2015 5051 2250 5121 itemque

689 5144 920 5211 Spizitus
978 5144 1251 5212 ingenitus
1314 5142 1431 5196 sine
1479 5142 1756 5210 principio,
1818 5143 1970 5209 cujus
2005 5143 2079 5197 rei
2111 5145 2249 5197 ratio

687 5249 861 5301 neque
890 5242 1068 5287 mente
1091 5234 1334 5301 intelligi,
1364 5234 1728 5303 nequelingua
1760 5236 2016 5304 explicari
2043 5244 2247 5305 potest:

691 5340 794 5377 una
845 5324 1111 5383 voluntas.
1148 5340 1252 5376 una
1295 5324 1397 5385 vis,
1440 5340 1543 5377 una
1597 5326 1829 5394 potentia
1865 5342 2044 5380 :unus
2071 5340 2245 5379 rerum

687 5420 921 5470 ninnium
975 5415 1163 5482 factor,
1216 5432 1354 5470 unus
1402 5417 1662 5483 provisor,
1692 5418 1839 5486 cujus
1861 5418 2025 5483 gloria
2052 5418 2244 5473 caelum

686 5510 739 5563 te
763 5509 951 5577 Iusque
999 5508 1251 5577 repletur.
1309 5508 1629 5563 Novissitnis
1654 5518 1831 5562 autem
1869 5509 2073 5575 diebus,
2113 5524 2249 5563 unus

691 5601 753 5651 de
799 5609 980 5652 sanrta
1012 5598 1297 5663 Triuitate,
1332 5598 1499 5651 Filius
1569 5613 1782 5665 nempe,
1815 5599 2027 5653 volente
2068 5598 2264 5668 Patre,

693 5699 743 5742 τι
769 5699 953 5744 sumo
987 5686 1188 5759 qpirftu
1220 5700 1559 5760 tit.mpvt';t"lt‘,
1590 5690 1653 5744 ευ]
1689 5690 1973 5745 [numnam
2003 5701 2245 5747 naturam

2426 4232 2823 4303 Ὀμολογοῦμεν
2850 4231 2981 4300 γοῦν
3033 4227 3316 4297 ὁμοούσιον
3350 4225 3447 4279 καὶ
3478 4223 3774 4293 ἀγέννητον
3820 4222 3940 4291 τὴν

2350 4324 2509 4391 ἁγίαν
2546 4323 2753 4393 Τριὰδα
2796 4324 2855 4374 ὲν
2883 4321 3029 4391 τρισὶ
3076 4317 3462 4388 διαιρουμένην
3510 4315 3631 4376 ταῖς
3676 4312 3941 4365 ὑποστά-

2353 4429 2491 4475 σεσι,
2533 4414 2625 4464 καὶ
2675 4413 2753 4473 είς
2809 4412 2937 4480 μίαν
2970 4409 3133 4478 φύσιν
3177 4408 3273 4459 καὶ
3317 4405 3547 4474 θεότητα
3592 4401 3940 4471 ἑνουμένην,

2351 4506 2452 4557 οῦκ
2494 4506 2789 4574 είργμένην
2835 4505 2895 4555 ὲν
2938 4501 3115 4571 χρόνῳ
3156 4500 3277 4552 οὐδὲ
3304 4497 3615 4570 παυομένην
3649 4495 3682 4565 ἢ
3717 4510 3944 4564 τρεπο-

2355 4599 2522 4669 μένην
2550 4599 2625 4661 ὠς
2670 4596 2903 4667 γενητὴν
2947 4596 3128 4664 φύσιν.
3173 4594 3233 4646 Ὀ
3279 4590 3469 4657 Πατὴρ
3507 4589 3837 4656 ἀγέννητος,
3870 4588 3939 4639 οὔ

2352 4692 2458 4761 γὰρ
2504 4692 2568 4743 ἐκ
2607 4707 2772 4753 τινος,
2801 4690 2881 4741 ὅτι
2927 4688 2985 4753 ἐξ
3029 4685 3273 4748 οὐδενός·
3320 4685 3350 4739 ό
3388 4682 3514 4743 Υίὸς
3558 4678 3820 4749 γεννητὸς
3870 4681 3944 4730 ἐκ

2352 4782 2443 4834 τοῦ
2499 4781 2731 4849 Πατρὸς,
2772 4780 3080 4848 ἀσωμάτως
3118 4776 3195 4839 ὼς
3243 4776 3399 4842 λόγος
3448 4775 3513 4825 ὲκ
3550 4770 3642 4825 νοῦ
3669 4787 3684 4802 ο
3729 4770 3833 4823 καὶ
3871 4772 3946 4824 τὸ

2354 4872 2576 4940 Πνεῦμα
2617 4871 2944 4941 ἐκπορευτδν
2984 4871 3049 4922 ὲκ
3084 4868 3178 4920 τοῦ
3229 4864 3443 4935 Πατρδς
3483 4862 3945 4932 ἀνεξερευνήτως

2299 5006 2303 5010 ,
2354 4960 2449 5010 καὶ
2476 4960 2880 5027 ἀκατανοήτως.
2917 4958 3184 5025 ’Δναρχος
3239 4956 3268 5007 ὁ
3309 4951 3519 5022 Πατὴρ,
3567 4953 3659 5005 καὶ
3710 4952 3779 5004 ἐκ
3825 4951 3941 5004 τοῦ

2355 5053 2593 5121 ἁνάρχου
2623 5052 2832 5120 Πατρὺς
2860 5050 2889 5103 ό
2920 5049 3043 5111 Υίός
3065 5065 3079 5077 θ
3114 5052 3210 5100 καὶ
3239 5047 3301 5100 τὸ
3339 5043 3565 5114 Πνεῦμα
3601 5046 3944 5111 ἀγεννήτως

2356 5144 2447 5195 καὶ
2482 5142 2732 5211 ἀνάρχως
2784 5141 2877 5195 καὶ
2921 5141 3321 5209 ἀκαταλήπτως
3369 5138 3468 5208 νῷ,
3521 5137 3613 5191 καὶ
3662 5138 3944 5207 ἀρῤήτως

2354 5234 2499 5302 λόγῳ
2521 5249 2533 5260 ·
2557 5233 2614 5284 ἒν
2648 5231 2857 5303 θέλημα
2886 5234 2976 5285 καὶ
3011 5232 3110 5298 μία
3142 5230 3371 5299 δύναμις
3404 5230 3498 5283 καὶ
3525 5228 3623 5298 μία
3662 5228 3904 5291 ἐξουσία
3925 5247 3944 5262 θ

2356 5320 2437 5387 εἷς
2468 5326 2697 5395 ποιητὴς
2723 5327 2831 5377 τῶν
2860 5326 3049 5388 ὄντων,
3076 5326 3187 5381 καὶ.
3210 5325 3291 5386 είς
3322 5314 3626 5394 προνοητὴς
3674 5320 3944 5387 πάντων,

2356 5414 2418 5473 οὗ
2443 5420 2656 5487 πλήρης
2685 5420 2712 5470 ό
2736 5418 2958 5488 cupavo;
2985 5417 3075 5469 καὶ
3107 5418 3139 5486 ἡ
3168 5417 3236 5484 γῆ
3262 5416 3359 5485 τῆς
3392 5415 3571 5483 δόξης.
3613 5414 3733 5465 Ἐπ’
3756 5414 3949 5483 ἐσχά-

2355 5528 2461 5561 των
2483 5510 2537 5562 δὲ
2561 5509 2665 5560 τῶν
2689 5506 2927 5577 ἡμερῶν,
2959 5508 2986 5558 ὁ
3019 5502 3097 5569 εἷς
3127 5507 3226 5575 τῆς
3261 5506 3422 5572 ἁγίας
3452 5502 3681 5573 Τριάδος
3708 5503 3740 5555 ὁ
3765 5503 3943 5568 Υἱὸς,

2358 5599 2575 5668 εὐδοκία
2606 5596 2697 5649 τοῦ
2732 5597 2939 5668 Πατρός
2973 5599 3065 5648 καὶ
3100 5596 3387 5665 συνεργείᾳ
3418 5592 3512 5647 τοῦ
3544 5591 3700 5660 ἀγίου
3748 5593 3945 5646 "vati.

2359 5708 2527 5764 ματος
2560 5689 2801 5743 ἔκκλινεν
2823 5690 2900 5753 εὶς
2930 5686 3027 5757 τὴν
3062 5688 3331 5758 ἡμετέραν
3354 5686 3516 5758 φύσιν
3542 5685 3629 5741 διὰ
3654 5682 3754 5755 τὴν
3786 5686 3946 5755 ἡμι-
