3982 6326
696 270 801 332 919

2094 268 2514 330 ΓΙΙΕΟΙΠΛΝΙ

2548 159 2563 188 ι

3841 276 3941 339 2‘20

697 383 859 436 Vrrbi
903 391 1144 435 naturam
1179 382 1362 436 subire
1394 380 1725 450 passionem.
1756 379 2071 447 Rursusque
2098 381 2264 434 dicit:

2385 383 2620 450 πάσχειν,
2653 381 2800 434 πᾶσά
2826 397 2940 443 πως
2963 381 3175 449 ἀνάγκη
3200 383 3263 450 τῇ
3292 381 3385 434 τοῦ
3408 382 3580 450 Λόγου
3610 385 3764 451 φύσει
3799 403 3934 456 συμ-

701 475 850 540 Quod
887 477 1032 526 aiunt
1091 472 1413 534 adversarii,
1474 473 1521 526 si
1577 488 1679 525 una
1743 481 1824 525 est
1876 482 2067 525 natura
2109 470 2270 525 Verbi

705 568 1009 629 iuc;iruata,
1031 567 1186 633 plane
1211 573 1430 618 neressc
1453 574 1535 616 est
1556 564 1988 618 cummistioucm
2012 562 2274 616 accidisse

703 667 755 709 ct
819 656 1223 715 confusionem,
1293 655 1570 708 deminuta
1659 655 1822 708 veluti
1877 670 1939 707 ac
1997 653 2273 707 subtracta

705 750 938 802 hominis
994 750 1045 801 in
1101 747 1320 802 Christo
1360 757 1586 809 natura;
1647 748 1698 800 Ιιὶ
1768 747 1946 801 denuo
2002 747 2274 815 ignorant,

707 843 830 892 dum
887 847 1030 894 recta
1088 840 1447 906 dis=orqnent,
1500 855 1659 891 uuam
1716 853 1899 892 revera
1957 852 2076 891 esse
2112 837 2273 892 Verbi

706 935 1042 988 inrarnatant
1079 944 1346 986 naturain.
1368 931 1506 984 Tum
1533 933 1720 998 paucis
1740 931 2044 1000 interiectis
2072 930 2274 985 dictum

710 1045 866 1081 suum
924 1027 1186 1093 exemplis
1229 1025 1472 1080 declarat
1509 1043 1521 1076 :
1565 1026 1678 1078 t‘iou
1737 1025 1906 1084 enim.
1960 1024 2156 1093 inquit,
2224 1021 2279 1076 id

710 1119 1240 1188 tantummodoquod
1276 1128 1464 1171 natura
1490 1135 1588 1172 sua
1617 1117 1844 1185 simplex
1883 1126 1987 1181 cst,
2013 1114 2280 1168 veraciter

711 1229 874 1266 mnnu
925 1213 1155 1272 dicitur;
1209 1226 1393 1263 verum
1431 1211 1479 1262 id
1529 1210 1690 1262 etiam
1735 1213 1798 1262 de
1837 1210 1900 1262 iis
1952 1207 2280 1278 praedicatur

712 1322 831 1374 qua:
870 1320 962 1372 per
993 1303 1440 1371 compositionem
1496 1302 1861 1372 conglutinata
1893 1311 2057 1365 sunt;
2098 1300 2280 1369 cujus-

714 1397 857 1450 modi
918 1407 1000 1450 est
1051 1393 1210 1451 homo
1260 1412 1327 1450 ex
1381 1409 1607 1463 corpore
1659 1395 1948 1462 animaque
2004 1403 2277 1454 constans.

712 1504 832 1556 qme
905 1497 1030 1542 sunt
1087 1487 1301 1555 quidem
1386 1486 1747 1554 hcterogcnea
1792 1500 1990 1554 τιιθιιιιθ
2050 1483 2280 1537 invicem

711 1579 1229 1641 rousubstantialia,
1295 1578 1462 1631 nihilo
1514 1586 1692 1630 tamen
1743 1577 1918 1631 minus
1971 1575 2280 1641 conjuncta,

713 1674 926 1726 unicam
989 1671 1222 1724 hominis
1273 1681 1522 1723 naturam
1561 1670 1830 1734 elliciuut;
1875 1681 2182 1736 quanquam
2227 1667 2280 1720 in

713 1763 1120 1831 compositionis
1150 1761 1358 1816 ratione
1389 1760 1695 1814 dill'erentia
1731 1760 1888 1823 inest,
1934 1757 2002 1811 ob
2032 1769 2278 1811 naturam

717 1857 928 1908 illarum
953 1870 1130 1907 rerum
1162 1869 1280 1922 qutc
1309 1855 1374 1907 ad
1401 1853 1654 1906 unionem
1678 1851 2030 1906 conveniunt.
2056 1849 2282 1904 Frustra

716 1948 878 2016 igitur
909 1958 1029 1999 sunt
1065 1947 1154 2015 qui
1191 1948 1362 2008 aiunt,
1405 1945 1545 2015 quod
1576 1945 1620 1999 si
1655 1961 1758 1999 una
1791 1944 1860 1999 sit
1893 1953 2084 1997 natura
2120 1940 2282 1996 Verbi

715 2040 1022 2102 incantata,
1079 2051 1300 2105 prorsus
1358 2036 1668 2090 commistio
1735 2035 1871 2088 facta
1906 2033 2284 2102 luissetatquc

721 2129 1015 2192 concretio,
1064 2137 1322 2194 tanquam
1355 2128 1631 2179 deminuta
1682 2136 1843 2193 atque
1885 2124 2158 2179 subtracta
2190 2122 2285 2176 ho-

718 2222 881 2276 minis
935 2230 1123 2274 natura
1170 2237 1182 2272 :
1227 2233 1399 2284 neque
1441 2217 1584 2271 enim
1641 2217 2010 2283 deminuitur,
2063 2223 2122 2270 ut
2179 2212 2281 2283 ipsi

715 2313 888 2375 aiunt,
938 2323 1109 2378 neque
1161 2307 1523 2364 subtrahitur.
1575 2305 1738 2359 Multa
1794 2305 1894 2358 alia
1931 2305 1982 2358 in
2035 2303 2280 2360 eamdem

716 2399 1038 2456 sententiam
1071 2399 1212 2453 dicta
1243 2408 1351 2450 tum
1405 2397 1543 2464 apud
1577 2404 1823 2450 sanctum
1857 2393 2138 2464 Cyrillum,
2167 2400 2281 2446 tum

716 2496 855 2563 apud
888 2493 1022 2547 alios
1045 2493 1294 2546 doctores
1326 2488 1732 2558 deprehendere
1753 2497 1860 2542 est.
1895 2486 2036 2539 Idem
2069 2485 2282 2550 doctor,

715 2589 804 2655 qui
860 2585 1176 2639 divisionem
1256 2581 1594 2636 ulerentibus
1656 2579 1890 2638 obstitit.
1948 2586 2138 2631 contra
2191 2591 2284 2631 eos

717 2690 932 2743 quoque
969 2675 1061 2742 qui
1119 2672 1338 2726 unicam
1393 2669 1732 2724 allirmabant
1789 2665 2073 2722 confusam
2123 2675 2284 2719 natu-

720 2781 856 2829 ram,
891 2764 1020 2818 dicit
1051 2765 1106 2818 in
1138 2762 1310 2831 prima
1335 2761 1564 2830 epistola
1598 2777 1612 2813 :
1645 2757 2068 2813 Cunsiderantes
2095 2755 2282 2828 igitur,

720 2869 778 2912 ut
803 2859 932 2922 dixi,
975 2854 1364 2910 incarnationis
1413 2853 1702 2914 rationem,
1733 2849 1868 2906 duas
1917 2850 2158 2904 videmus
2191 2862 2286 2901 na-

722 2961 874 3003 turas
923 2949 1066 3003 inter
1105 2963 1165 3002 se
1212 2945 1532 3002 convenisse
1579 2959 1677 3013 per
1712 2942 1968 2996 unionem
2005 2941 2284 3008 insepara-

721 3040 900 3104 bilem,
955 3037 1240 3094 inconfuse
1299 3046 1353 3090 et
1404 3032 1935 3089 inconvertibiliter:
1989 3045 2111 3083 nam
2156 3043 2286 3084 caro

721 3132 908 3200 utique
939 3145 1064 3184 caro
1092 3139 1194 3192 est,
1236 3141 1340 3182 non
1374 3124 1648 3188 divinitas,
1683 3137 1986 3192 quanquam
2018 3120 2108 3176 Dei
2141 3120 2284 3174 facta

721 3235 976 3282 ομιοτιΐιι.
1033 3222 1265 3275 Verbum
1335 3217 1536 3288 pariter
1593 3215 1734 3270 Deus
1787 3223 1912 3279 est,
1968 3229 2072 3268 non
2134 3227 2283 3280 caro,

719 3326 1028 3383 quanquam
1089 3309 1229 3363 idem
1265 3322 1363 3375 per
1415 3305 1733 3362 mconomia:
1769 3305 2088 3374 mysterium
2124 3301 2192 3357 ad
2225 3316 2286 3358 se

720 3418 937 3456 carnem
989 3399 1290 3453 transtulit.
1355 3395 1630 3465 Pauluque
1683 3400 1805 3463 post
1837 3393 1912 3446 ait
1959 3390 2281 3458 :Quantum

721 3494 884 3562 igitur
917 3491 1248 3559 cogitatione
1288 3487 1525 3555 solisque
1560 3485 1752 3538 animae
1778 3482 1949 3538 oculis
1976 3481 2284 3550 perspicere

723 3586 985 3639 rationem
1049 3583 1172 3636 licet
1230 3596 1335 3650 qua
1407 3577 1726 3647 Unigcnitus
1785 3575 2110 3630 humanatus
2172 3582 2276 3635 est.

723 3678 856 3730 duas
902 3690 1022 3728 esse
1054 3683 1276 3727 naturas
1310 3671 1487 3724 unitas
1518 3669 1744 3722 dicimus
1767 3708 1783 3733 ,
1817 3681 1980 3720 unum
2009 3664 2283 3720 Christum

725 3764 918 3818 Filium
951 3773 1003 3816 cl.
1035 3763 1340 3823 Dominum,
1367 3759 1597 3814 Verbum
1627 3758 1718 3812 Dei
1748 3759 2094 3810 humanatmn
2121 3764 2286 3822 atque

723 3855 1086 3907 incarnatum.

793 3970 910 4024 Jam
944 3985 1063 4022 cum
1091 3966 1204 4021 liccc
1228 3966 1383 4021 ellata
1424 3965 1748 4035 theologiam
1791 3973 2029 4018 nostram
2065 3974 2287 4032 prorsus

730 4071 940 4131 regant,
978 4076 1075 4112 nos
1109 4061 1358 4112 videlicet
1391 4057 1654 4127 ejusmodi
1696 4055 1924 4110 ducibus
1958 4057 2010 4107 in
2043 4053 2287 4108 veritatis

729 4155 834 4218 τίει,
869 4169 985 4220 qua:
1029 4151 1096 4205 ad
1130 4150 1293 4204 Deum
1338 4149 1508 4210 ducit,
1557 4157 1792 4208 utentes,
1830 4155 1973 4199 recte
2007 4145 2284 4214 libereque

729 4245 1085 4311 tbeologicum
1153 4252 1396 4294 nostrqu
1461 4253 1770 4294 sermonem
1824 4236 2022 4306 duplici
2075 4236 2288 4289 ratione

728 4333 1055 4403 proferimus
1087 4347 1102 4384 ;
1134 4346 1323 4399 nempe
1373 4345 1534 4382 unam
1593 4329 1753 4383 Verbi
1783 4338 2046 4381 naturam
2109 4328 2290 4380 incar-

2377 474 2586 528 6αίνειν
2632 474 2692 526 τὸ
2731 473 2917 534 πάθος.
2961 474 3069 526 Καὶ
3113 473 3276 526 πάλιν
3322 473 3500 541 λέγει’
3541 476 3661 529 Ὅτι
3697 477 3943 545 λέγουσιν

2375 566 2424 617 oi
2453 565 2880 634 ἐναντιούμενοι,
2908 565 2957 617 εί
2996 563 3096 634 μία
3138 565 3301 630 φύσις
3329 564 3422 617 τοῦ
3455 566 3629 634 Λόγου
3660 583 3942 635 σεσαρκω-

2380 658 2538 727 μένη,
2592 656 2741 710 πᾶσά
2783 673 2897 718 πως
2939 656 3152 726 ἀνάγκη
3188 656 3369 721 λέγειν
3427 657 3639 727 φυρμὸν
3692 659 3944 727 γενέσθαι

2377 748 2473 802 καὶ
2507 749 2826 819 σύγκρασιν,
2882 749 3208 818 μειουμένης
3246 747 3435 819 ὥσπερ
3473 750 3565 802 καὶ
3608 750 3943 804 ὑποκλεπτο-

2381 840 2548 911 μένης
2580 841 2682 910 τῆς
2726 839 3014 909 ἀνθρώπου
3055 840 3269 907 φύσεως
3319 840 3376 892 ὲν
3428 840 3614 911 αὐτῷ·
3669 843 3945 912 ἠγνόησαν

2379 932 2540 985 πάλιν
2573 933 2623 984 oi
2649 932 2718 984 τά
2754 931 2889 1001 ὀρθά
2922 932 3356 1002 διαστρέφοντες,
3388 933 3470 985 ὅτι
3503 934 3627 987 κατ’
3682 934 3947 1004 ἀλήθειαν

2379 1025 2494 1076 ἐστι
2532 1023 2631 1093 μία
2672 1023 2833 1091 φύσις
2879 1022 2971 1075 τοῦ
3017 1024 3191 1090 Λόγου
3242 1017 3660 1096 σεσαρκωμένη.
3693 1026 3802 1080 Καὶ
3835 1029 3946 1097 μετ’

2377 1115 2534 1184 ὀλίγα
2562 1116 2840 1186 δηλοποιεῖ
2881 1116 2972 1168 διὰ
3023 1117 3482 1186 παραδειγμάτων
3529 1118 3619 1171 τὸν
3657 1118 3816 1187 λόγον
3841 1136 3854 1149 ·
3891 1121 3947 1172 οὐ

2379 1206 2489 1277 γὰρ
2519 1206 2614 1259 ἐπὶ
2640 1207 2817 1276 μόνων
2843 1207 2954 1260 τῶν
2977 1206 3165 1261 ἁπλῶν
3187 1209 3323 1262 κατά
3352 1209 3450 1278 τὴν
3472 1210 3633 1278 φύσιν
3659 1209 3716 1263 ἓν
3737 1211 3950 1279 ἀληθῶς

2377 1298 2619 1367 λέγεται,
2658 1297 2794 1351 ἀλλά
2828 1299 2921 1351 καὶ
2949 1299 3043 1351 ἐπὶ
3068 1300 3179 1352 τῶν
3223 1303 3363 1352 κατά
3405 1300 3653 1354 σύνθεσιν
3683 1303 3954 1370 συνηγμὺ

2381 1407 2506 1453 νων,
2561 1390 2743 1442 ὁποῖόν
2789 1407 2841 1442 τι
2875 1390 3066 1460 χρῆμά
3110 1392 3260 1444 ἐστιν
3293 1392 3322 1443 ὁ
3359 1392 3644 1461 ἄνθρωπος
3678 1395 3742 1445 ἐκ
3772 1393 3951 1461 ψυχῆς

2382 1483 2475 1535 καὶ
2508 1482 2780 1552 σώματος,
2816 1482 3093 1552 ἑτεροειδῆ
3139 1482 3237 1552 μὲν
3277 1482 3342 1535 τὰ
3383 1484 3625 1548 τοιαῦτα,
3660 1487 3752 1537 καὶ
3789 1485 3952 1553 am-

2381 1575 2494 1636 λοις
2524 1575 2621 1644 οὐχ
2652 1573 2933 1642 ὁμοούσια,
2971 1574 3239 1628 ἑνωθέντα
3284 1592 3350 1642 γε
3381 1575 3512 1644 μὴν,
3555 1576 3652 1647 τὴν
3695 1579 3825 1646 μίαν
3863 1580 3952 1630 ἀν-

2385 1663 2605 1734 θρώπου
2634 1665 2796 1733 φύσιν
2840 1665 3199 1730 ἀπετέλεσαν,
3247 1666 3352 1720 κᾶν
3379 1670 3494 1727 τοῖς
3521 1671 3619 1738 τῆς
3655 1671 3950 1732 συνθέσεως

2385 1758 2562 1827 λόγοις
2589 1759 2875 1830 ἑνυπάρχῃ
2924 1758 2985 1812 τὸ
3024 1759 3282 1828 διάφορον
3316 1760 3457 1812 κατὰ
3513 1761 3614 1832 τὴν
3657 1765 3821 1832 φύσιν
3849 1767 3952 1816 τῶν

2383 1852 2463 1913 είς
2498 1851 2725 1920 ἑνότητα
2769 1850 3334 1920 συγκεκομισμένων..
3361 1851 3813 1922 Περιττολογοῦσι
3845 1855 3954 1905 τοὶ-

2383 1960 2479 1996 νυν
2506 1943 2556 1995 οί
2591 1941 2864 2010 λέγοντες,
2898 1942 2974 2005 ὡς
3004 1943 3160 2012 εἴπερ
3191 1944 3276 2014 εῐη
3305 1941 3400 1996 τοῦ
3445 1945 3620 2012 Λόγου
3663 1947 3827 2013 φύσις
3859 1946 3953 2015 μία

2388 2036 2806 2105 σεσαρκωμένη,
2847 2024 3043 2104 πάντη·
3080 2051 3142 2088 τε
3183 2037 3277 2088 καὶ
3321 2035 3537 2099 πάντως
3576 2036 3762 2090 ἕποιτο
3795 2038 3865 2091 ἂν
3895 2038 3952 2088 τὸ

2385 2127 2599 2196 φυρμὸν
2622 2126 2877 2196 γενέσθαι
2911 2127 3006 2179 καὶ
3034 2125 3357 2198 σύγκρασιν,
3388 2126 3463 2189 ὡς
3496 2128 3830 2196 μειουμένης
3860 2128 3952 2179 καὶ

2383 2219 2868 2290 ύποκλεπτομένης
2915 2219 3015 2285 τῆς
3063 2218 3355 2290 ἀνθρώπου
3398 2219 3610 2290 φύσεως
3633 2237 3659 2296 ἰ
3685 2220 3809 2275 οὔτε
3848 2224 3950 2289 γὰρ

2387 2310 2713 2382 μεμείωται,
2759 2308 2906 2375 οὔτε,
2942 2309 3125 2374 καθώς
3173 2327 3355 2380 φησιν,
3390 2311 3808 2365 ύποκλέπτεται.
3847 2312 3953 2364 Καὶ

2383 2403 2520 2458 ἀλλα
2551 2403 2722 2456 πολλά
2749 2403 2848 2473 τῆς
2878 2403 3046 2466 αὐτῆς
3070 2403 3285 2468 ἑννοίας
3314 2404 3462 2474 παρά
3484 2421 3543 2457 τε
3576 2404 3650 2474 τῷ
3676 2405 3820 2473 ἀγίῳ
3848 2405 3954 2456 Κυ-

2390 2494 2554 2564 ρίλλῳ
2591 2495 2684 2547 καὶ
2717 2495 2928 2566 ἑτέροις
2959 2493 3305 2558 διδασκάλοις
3345 2495 3494 2548 ἐστιν
3528 2495 3727 2565 εὑρεῖν.
3767 2497 3826 2547 ’0
3865 2495 3954 2546 ati-

2384 2584 2490 2648 τὸς,
2524 2583 2865 2648 διδάσκαλος,
2923 2583 2981 2644 ὃς
3037 2585 3132 2637 καὶ
3185 2585 3406 2638 ἀντεῖπε
3459 2584 3594 2654 πρὸς
3645 2586 3771 2646 τοὺς
3822 2585 3954 2637 διαί-

2389 2693 2538 2745 ρεσιν
2570 2675 2877 2740 ποιοῦντας,
2904 2676 3002 2729 καὶ
3041 2676 3177 2745 πρὸς
3209 2677 3334 2740 τοὺς
3359 2676 3501 2731 κατά
3544 2677 3811 2747 σύγχυσιν
3860 2677 3952 2746 τὴν

2388 2768 2517 2837 μίαν
2549 2766 2712 2835 φύσιν
2739 2767 3025 2834 λέγοντας,
3061 2767 3206 2844 λέγει
3248 2770 3306 2821 ὲν
3332 2771 3396 2838 τῇ
3429 2767 3621 2841 πρώτῃ
3657 2769 3916 2837 ἐπιστολῇ
3937 2784 3951 2798 ο

2397 2856 2737 2919 Ἐννοοῦντες
2761 2856 2962 2921 τοίνυν,
2992 2857 3068 2921 ὡς
3122 2857 3274 2926 ἔφην,
3317 2857 3408 2911 τὸν
3455 2858 3553 2928 τῆς
3603 2857 3954 2930 ἑνανθρωπή-

2389 2965 2524 3011 σεως
2583 2948 2807 3019 τρόπον,
2873 2947 3090 3018 ὁρῶμεν
3143 2949 3225 3002 ὅτι
3285 2948 3378 3002 δύο
3446 2949 3634 3018 φύσεις
3692 2950 3954 3019 συνῆλθον

2387 3037 2646 3108 ἀλλήλαις
2693 3037 2816 3092 καθ’
2857 3038 3053 3092 ἒνωσιν
3089 3037 3459 3091 ἀδιάσπαστον
3506 3037 3832 3109 ἁσυγχύτως
3864 3039 3955 3091 καὶ

2390 3127 2704 3197 ἀτρέπτως·
2729 3130 2762 3199 ἡ
2806 3128 2913 3200 γὰρ
2942 3130 3099 3202 σὰρξ,
3141 3129 3276 3199 σάρξ
3309 3131 3424 3182 ἐστι
3450 3129 3544 3183 καὶ
3568 3130 3628 3183 ού
3657 3110 3875 3201 θεότης,
3907 3132 3956 3182 εί

2387 3222 2484 3275 καὶ
2519 3219 2709 3288 γέγονε
2761 3218 2896 3272 Θεοῦ
2936 3219 3110 3290 σάρξ·
3150 3221 3347 3286 ὁμοίως
3382 3220 3474 3270 καὶ
3504 3219 3531 3271 ὁ
3586 3219 3761 3286 Λόγος
3815 3220 3951 3280 Θεός

2386 3315 2505 3367 ἐστι
2561 3312 2653 3366 καὶ
2682 3312 2742 3365 ού
2773 3310 2928 3381 σὰρξ,
2966 3313 3016 3364 εἰ
3062 3311 3156 3364 καὶ
3196 3311 3333 3365 ίδίαν
3366 3311 3661 3381 ἐποιήσατο
3687 3311 3790 3380 τὴν
3823 3312 3957 3380 σάρ-

2386 3421 2460 3459 κα
2510 3401 2890 3473 οίκονομικῶς.
2955 3402 3062 3454 Καὶ
3119 3401 3236 3472 μετ’
3303 3402 3460 3468 ὀλίγα
3503 3401 3692 3469 λέγει·
3743 3402 3958 3455 Οὐκοῦν

2390 3497 2489 3568 μὲν
2518 3497 2642 3549 ὅσον
2683 3489 2816 3565 ἧκεν
2864 3495 2944 3556 εἰς
2988 3493 3196 3546 ἔννοιαν
3239 3495 3328 3546 καὶ
3369 3495 3447 3556 εἰς
3501 3495 3661 3563 μόνον
3706 3493 3772 3546 τὸ
3827 3496 3957 3562 όρᾷν

2386 3593 2499 3653 τοῖς
2529 3590 2629 3658 τῆς
2667 3587 2846 3657 ψυχῆς
2884 3586 3096 3656 δμμασι
3132 3585 3251 3638 τίνα
3291 3587 3488 3654 τρόπον
3537 3584 3958 3656 ἐνηνθρώπτισεν

2388 3684 2416 3735 ὁ
2463 3682 2795 3749 Μονογενὴς,
2851 3678 2943 3731 δύο
2990 3679 3090 3738 τὰς
3143 3676 3336 3746 φύσεις
3382 3672 3525 3730 εἷναί
3587 3693 3770 3746 φαμεν
3830 3678 3959 3730 tw-

2390 3771 2596 3833 θείσας,
2633 3769 2729 3822 ἕνα
2777 3767 3014 3839 Χριστὸν
3054 3769 3182 3822 Υίὸν
3215 3769 3307 3821 καὶ
3336 3767 3543 3837 Κύριον
3568 3767 3660 3820 τὸν
3694 3767 3793 3821 τοῦ
3825 3767 3958 3821 Θεοῦ

2389 3864 2560 3929 Λόγον
2593 3862 3090 3931 ἐνανθρωπήσαντα
3119 3859 3210 3913 καὶ
3237 3859 3677 3929 σεσαρκωμένον.

2465 3956 2531 4006 ’Λ
2565 3953 2628 4020 δὴ
2660 3952 2947 4022 γνώρισμά
2979 3953 3086 4004 είσι
3118 3953 3183 4022 τῇ
3237 3952 3486 4022 ἡμετέρ,ι
3526 3952 3709 4023 τελείᾳ
3752 3952 3919 4022 σοφίᾳ

2388 4051 2612 4113 τούτους
2653 4047 2744 4102 οῦν
2770 4048 2998 4117 ὁδηγοὺς
3054 4048 3272 4115 ἔχοντες
3325 4047 3421 4100 καὶ
3477 4047 3639 4117 ἡμεῖς
3690 4048 3832 4118 πρὸς
3862 4047 3956 4117 τὴν

2387 4143 2487 4210 τῆς
2513 4139 2771 4209 ἀληθείας
2802 4139 2921 4190 ὁδὸν
2949 4137 3047 4208 τὴν
3076 4137 3313 4206 ἄγουσαν
3343 4139 3422 4199 είς
3462 4138 3552 4190 τὸν
3594 4138 3746 4202 Θεὸν,
3782 4137 3958 4209 ὀρθῶς

2391 4236 2486 4287 καὶ
2515 4231 2837 4302 ἐλευθερίως
2866 4231 3108 4301 φέρομεν
3137 4232 3216 4292 εἰς
3237 4228 3433 4299 διπλῆν
3474 4228 3708 4298 θεωρίαν
3749 4231 3846 4282 τὸν
3877 4229 3960 4281 λό-

2391 4342 2507 4394 γον,
2543 4323 2672 4393 μίαν
2701 4322 2949 4389 λέγοντες
2982 4325 3144 4391 φύσιν
3168 4319 3263 4373 τοῦ
3295 4321 3470 4388 Λόγου
3507 4321 3957 4389 σεσαρκωμένην,

733 4433 910 4476 natam
938 4423 1188 4488 dicimus,
1230 4422 1524 4476 secundum
1569 4430 1811 4474 sanctum
1845 4419 2128 4488 Cyrillum,
2165 4432 2282 4486 pro-

2391 4417 2530 4470 κατὰ
2556 4416 2648 4469 τὸν
2696 4413 2850 4483 ἅγιον
2877 4412 3165 4485 Κύριλλον,
3217 4411 3308 4466 διὰ
3335 4415 3436 4482 τὴν
3470 4413 3708 4483 ἄρρητον
3733 4411 3954 4472 ἕνωσιν,

729 4528 848 4585 pter
883 4514 1205 4569 ineﬂabilem
1240 4515 1522 4580 unionem;
1559 4525 1611 4566 et
1639 4512 1774 4566 duas
1797 4526 2010 4581 quoque
2035 4509 2286 4576 dicimus,

728 4611 1020 4664 secundum
1069 4614 1313 4660 sanctum
1357 4604 1705 4675 Gregorium,
1744 4613 1964 4673 propter
1997 4601 2288 4656 invariabi-

729 4701 832 4754 Ictu
883 4709 1194 4754 naturarum
1251 4695 1444 4749 divina:
1497 4705 1552 4748 et
1605 4695 1851 4748 humana:
1900 4692 2286 4747 conditionem.

730 4793 823 4849 Sic
849 4793 990 4846 enim
1020 4791 1192 4846 sancti
1217 4789 1405 4844 Patres
1433 4801 1582 4840 arma
1607 4786 1829 4854 jttSlilitc
1856 4801 1958 4839 non
1998 4783 2288 4853 simplicia,

730 4885 823 4939 sed
860 4883 1150 4949 utrimque,
1193 4881 1373 4944 idest,
1425 4880 1614 4932 dextra
1656 4880 1984 4945 sinistraque
2025 4874 2288 4929 cmdcntia

729 4991 996 5050 gerentes,
1030 4989 1084 5031 ιιι
1111 4977 1178 5029 ait
1210 4975 1496 5042 Apostolus
1513 4975 1554 5040 ⁸,
1580 4975 1790 5025 Λιὶιιιιω
1824 4971 2040 5040 quidem
2094 4969 2287 5022 distin-

731 5071 896 5144 ctioni
946 5079 1175 5134 natura,
1210 5067 1572 5129 Sabelliannm
1621 5067 1673 5117 in
1711 5063 1976 5116 Trinitatc
2031 5063 2287 5115 unitatem

733 5173 938 5215 natura:
989 5167 1377 5229 opprmcrunt,
1427 5157 1557 5223 quin
1611 5164 1785 5207 tamen
1841 5152 2054 5205 unicam
2108 5163 2290 5220 perso-

733 5268 858 5308 nam
915 5258 1216 5306 asserercut
1253 5289 1265 5301 .
1303 5248 1664 5302 Sabellianam
1701 5259 1828 5298 vero
1871 5257 2114 5311 persoum
2167 5243 2289 5296 uui-

735 5357 918 5409 tatem,
962 5345 1159 5397 Ariana
1202 5355 1551 5411 personarum
1593 5336 1940 5392 distinctione
1975 5333 2290 5405 prun-gare-

739 5445 888 5500 runt,
913 5437 985 5488 ita
1024 5447 1203 5488 tamen
1259 5441 1313 5486 ut
1362 5429 1756 5486 distinctionem
1787 5413 2080 5497 quamlibet
2120 5425 2290 5479 unica:

738 5538 944 5581 naturae
968 5528 1033 5579 ab
1069 5525 1304 5580 ECtiCSia
1335 5536 1558 5594 prorsus
1584 5519 1907 5590 cxpulcrint.
1943 5517 2174 5588 Parique
2213 5531 2293 5570 ra-

808 5713 826 5742 ²
852 5709 890 5764 ll
923 5709 1047 5765 Cur.
1083 5724 1156 5774 τι,
1191 5708 1240 5758 7.

2387 4507 2612 4572 καὶδύο,
2647 4507 2787 4559 κατά
2809 4505 2900 4558 τὸν
2928 4505 3080 4570 ἆγιον
3112 4505 3409 4575 Γρηγὸριον
3441 4502 3532 4556 τὸν
3560 4501 3847 4571 Θεολόγον,
3872 4503 3955 4556 διὰ

2385 4600 2445 4652 τὺ
2471 4598 2899 4668 ἀκαινοτόμητον
2933 4598 3026 4649 καὶ
3055 4595 3436 4664 ἀμετάϐλητον
3465 4593 3575 4646 τῶν
3608 4594 3831 4662 φύσεων
3859 4593 3956 4662 τῆς

2384 4707 2444 4744 τε
2467 4690 2614 4753 θείας
2649 4691 2744 4743 καὶ
2773 4690 2873 4757 τῆς
2910 4687 3254 4759 ἀνθρωπίνης
3279 4705 3292 4718 ·
3331 4689 3392 4740 ού
3429 4691 3705 4760 μονομερῆ
3735 4690 3955 4760 ἔχοντες

2386 4783 2452 4836 τὰ
2476 4783 2616 4834 ὅπλα
2659 4781 2760 4848 τῆς
2785 4779 3154 4850 δικαιοσύνης,
3202 4777 3339 4831 ἀλλά
3370 4777 3520 4842 δεξιά
3561 4780 3654 4832 καὶ
3684 4781 3953 4849 ἀριστερά

2389 4872 2529 4924 κατά
2585 4871 2677 4924 τὸν
2721 4872 3082 4924 ’Λπόστολονο
3135 4871 3276 4924 κατά
3313 4871 3414 4941 μὲν
3469 4871 3570 4941 τῆς
3633 4873 3953 4942 διαιρέσεως

2400 4963 2611 5034 Ἀρείου
2641 4966 2738 5033 τῆς
2771 4963 2862 5015 ἐπὶ
2905 4964 3004 5032 τῆς
3031 4963 3279 5032 φύσεως,
3315 4963 3413 5032 τῆς
3447 4965 3677 5034 Τριάδος
3703 4967 3808 5035 τὴν
3840 4968 3954 5018 livo-

2387 5073 2526 5126 τητα
2557 5054 2652 5108 τοῦ
2697 5054 2987 5108 Σαδελλίσυ
3037 5057 3145 5109 τῶν
3189 5056 3407 5125 φύσεων
3451 5055 3712 5123 τιθέντες,
3772 5059 3955 5112 καὶτὸ

2394 5149 2520 5219 μίαν
2549 5149 2728 5215 λέγειν
2766 5149 3065 5202 ὑπόστασιν
3091 5147 3495 5219 ἀπορρίψαντες
3519 5162 3537 5178 °
3587 5147 3732 5202 κατὰ
3759 5149 3821 5202 δὲ
3856 5149 3952 5216 τῆς

2394 5243 2522 5310 μιᾶς
2556 5241 2905 5302 ὑποστάσεως
2937 5239 3030 5292 τοῦ
3067 5239 3377 5304 Σαὸελλίου,
3411 5240 3510 5312 τὴν
3551 5240 3819 5310 διαίρεσιν
3856 5242 3952 5294 τῶν

2393 5332 2743 5385 ὑποστάσεων
2773 5331 2865 5382 τοῦ
2906 5331 3116 5401 Ἀρείου
3145 5330 3529 5397 ἀντιτιθέντες,
3565 5334 3659 5386 xui.
3687 5331 3788 5402 τὴν
3811 5333 3952 5384 διαί-

2395 5441 2542 5494 ρεσιν
2570 5424 2669 5492 τῆς
2702 5424 2830 5492 μιᾶς
2861 5423 3073 5492 φύσεως
3105 5423 3401 5494 πρόρριζον
3445 5424 3552 5478 ἀπὸ
3583 5423 3684 5494 τῆς
3719 5423 3845 5478 Ἐκιι
3860 5426 3954 5494 λη-

2392 5515 2514 5574 σίας
2545 5513 2978 5575 ἀνασπάσαντες.
3021 5514 3255 5580 ὐμοίως
3295 5517 3389 5569 καὶ
3426 5515 3524 5583 τὴν
3559 5514 3827 5584 σύγχυσιν
3856 5513 3948 5568 τοῦ
