3982 6326
697 288 805 350 223i

3910 86 3941 210 'l

2102 296 2534 367 TllEORlANI
3839 309 3926 374 ﬁt

770 397 1110 470 Paucahrcc
1161 403 1213 456 in
1265 405 1531 471 prmsetiti,
1591 421 1654 461 ex
1687 407 1872 462 multis
1904 424 2024 478 qua
2054 410 2269 463 dicenda

2453 409 2625 465 Τοῦτο
2654 410 2839 466 τοίνυν
2859 411 3039 481 ὀλίγον
3069 412 3206 484 πρὸς
3258 413 3318 468 τὸ
3346 416 3518 487 παρὸν
3548 417 3610 470 ἐκ
3635 419 3832 490 μέρους
3853 425 3930 475 tat-

698 503 1036 558 supererant,
1099 494 1297 549 dictata
1360 506 1484 550 sunt
1525 499 1591 552 ab
1626 501 1823 569 exiguo
1857 499 2154 570 lnnnilique
2193 501 2277 554 in-

696 584 854 646 genio
908 595 1094 639 nostro
1160 588 1482 657 intirmaque
1529 592 1801 657 doctrina,
1858 592 1924 644 ad
1987 593 2274 648 sublimem

697 674 1016 740 sapientiam
1057 688 1316 743 vestram,
1380 691 1433 733 Ill
1495 685 1806 736 summatim
1869 683 2130 753 intelligat
2171 685 2275 739 Ar-

695 764 952 816 mr-niacat
1002 765 1256 822 ECt‘lEhiiB
1306 769 1447 822 circa
1487 772 1643 824 tidem
1678 774 1744 826 de
1786 783 1970 828 sancta
2010 774 2275 830 'l‘rinitate

695 863 746 905 et
781 856 846 909 de
877 857 1076 912 Christi
1111 861 1486 916 incarnatione
1516 864 1726 917 [irinum
1769 866 1966 935 dogma
2002 884 2016 919 :
2060 867 2269 922 licebit-

694 961 799 1011 que
831 947 986 1002 vobis
1021 965 1351 1017 cngnnscere
1382 969 1409 1006 a
1447 966 1598 1023 parte
1653 964 1862 1015 totum:
1913 958 2073 1012 veluti
2126 958 2272 1013 tenui

696 1038 1026 1107 minimoque
1063 1042 1165 1094 ribi
1213 1057 1438 1110 potusve
1471 1056 1655 1114 gustu,
1706 1065 1733 1100 a
1793 1049 1994 1102 salubri
2051 1049 2272 1102 noxium

693 1129 1006 1184 discernere
1042 1133 1184 1186 licet.
1222 1134 1540 1189 Absolutum
1596 1154 1724 1192 vero
1788 1140 2274 1210 plenissimumun

693 1231 981 1276 tractatum
1014 1226 1078 1278 de
1110 1229 1497 1282 controversiis
1553 1230 1826 1296 omnibus,
1895 1231 2093 1299 quibus
2135 1230 2277 1284 invi-

692 1330 808 1368 cem
833 1315 1181 1383 dissidemus,
1231 1329 1654 1390 quantacunque
1691 1324 1770 1377 Ine
1811 1333 1957 1388 sunt,
1985 1334 2104 1392 post
2138 1340 2273 1379 con—

691 1418 986 1475 gregalam,
1024 1419 1079 1462 ut
1131 1425 1288 1478 supra
1347 1413 1607 1480 diximus,
1645 1410 1950 1485 synolum,
2005 1420 2072 1471 ad
2121 1429 2271 1474 tuam

689 1509 962 1566 potentem
992 1510 1350 1573 sanctamque
1382 1506 1720 1574 maiestatem
1753 1508 2076 1565 scribemus.
2181 1525 2186 1530 ‘

761 1707 836 1762 De
892 1713 1014 1767 vitae
1078 1723 1258 1768 autem
1308 1726 1532 1771 -nostra:
1582 1718 1818 1783 casibus,
1890 1731 2111 1790 propter
2166 1721 2270 1777 loci
2307 1750 2346 1806 Β

687 1811 1118 1873 temporumque,
1173 1807 1225 1860 in
1275 1807 1468 1874 quibus
1507 1810 1761 1875 vivimus,
1800 1813 2168 1882 asperitatem,
2215 1826 2270 1870 et

687 1895 752 1946 de
794 1911 973 1948 rerum
1032 1898 1462 1953 necessariarum
1518 1901 1721 1969 inepia,
1778 1912 1952 1968 deque
2008 1906 2268 1962 molestiis

686 1985 993 2055 longinqua:
1045 1997 1244 2044 nostra:
1299 1993 1575 2057 stationis,
1631 1993 1720 2060 qui
1775 1995 1826 2048 in
1880 1997 2056 2052 medio
2088 1999 2266 2054 taber-

689 2079 998 2132 naculorum
1035 2081 1209 2134 Cedar
1236 2098 1538 2150 versamur,
1580 2087 1779 2140 certior
1809 2087 1899 2140 ﬂet
1927 2101 2116 2145 sancta
2151 2106 2268 2151 nta-

683 2169 855 2236 jestas
893 2181 979 2225 tua
1018 2173 1085 2225 ab
1116 2173 1182 2227 iis
1227 2175 1318 2240 qui
1354 2176 1492 2230 bane
1519 2187 1759 2232 nostram
1781 2179 2076 2248 epistolam
2120 2182 2270 2237 defe—

687 2269 816 2316 runt
872 2265 1211 2328 oratoribus;
1251 2268 1355 2334 {qui
1387 2280 1441 2322 et
1490 2284 1674 2324 coram
1708 2282 1890 2326 vestra
1943 2276 2268 2333 celsitudine

687 2368 751 2407 ac
787 2356 1156 2424 magnitudine
1201 2373 1363 2424 parva
1424 2370 1608 2415 nostra
1670 2379 1892 2420 munera
1933 2367 2147 2437 sistent,
2180 2371 2265 2425 ni-

687 2445 880 2499 mirum
952 2453 1065 2502 tres
1121 2449 1380 2504 Arabiros
1446 2466 1616 2520 equos
1674 2463 1728 2508 et
1781 2471 1942 2511 arcus
2000 2458 2268 2514 liusnliti-

684 2550 777 2590 eos
810 2553 825 2590 :
863 2553 984 2608 quas
1041 2539 1141 2594 etsi
1203 2557 1288 2596 res
1337 2543 1542 2613 exiguae
1594 2555 1741 2611 sunt,
1796 2549 2024 2618 mystice
2085 2560 2265 2607 tamen

687 2628 996 2698 signiﬁcant
1049 2631 1164 2687 fore
1227 2644 1283 2686 nt
1327 2637 1589 2692 ascendas
1624 2652 1785 2707 super
1814 2656 1982 2710 equos
2031 2651 2172 2708 tuos,
2213 2652 2268 2699 et

631 2714 650 2743 ι’
685 2719 918 2774 hostium
954 2730 1168 2777 tuortnn
1208 2740 1366 2780 arcus
1395 2738 1648 2782 conteras
1677 2744 1691 2782 :
1725 2730 1980 2784 nimirum
2019 2744 2079 2786 ut
2104 2747 2267 2789 verus

687 2809 1002 2868 Emmanuel
1040 2814 1336 2872 invisibiles
1370 2826 1691 2888 potestates,
1750 2824 1830 2877 sic
1882 2833 1937 2875 tu
1990 2824 2263 2882 visibilem

687 2905 900 2960 illorum
957 2907 1064 2960 vim
1118 2909 1384 2974 reprimas
1431 2911 1518 2979 qui
1569 2911 1866 2968 Ecclesiam
1912 2927 2267 2986 oppugnant:

686 3005 850 3061 atque
876 2997 951 3050 ita
981 2996 1125 3066 digni
1151 2997 1466 3067 ciliciamur,
1503 3009 1560 3056 ut
1590 3011 1643 3057 te
1664 3004 1717 3057 in
1742 3003 1946 3060 Christi
1972 3005 2063 3062 Dei
2092 3007 2265 3080 gloria

687 3088 969 3145 videamus
1001 3091 1204 3162 tibique
1234 3094 1588 3160 gratulemur.

686 3179 1017 3252 Rescriptum
1042 3185 1363 3239 sanctissimi
1389 3188 1709 3256 patriarcha
1725 3190 1929 3246 domini
1959 3193 2266 3260 Michaelis,

755 3274 1181 3344 philosophorum
1217 3283 1465 3347 supremi,
1500 3285 1569 3334 ad
1593 3268 1902 3350 prrrdiclunt
1947 3289 2266 3354 generalem,

760 3369 970 3421 nomine
1023 3372 1248 3437 potentis
1285 3373 1562 3444 sanctique
1607 3375 1939 3444 imperatoris
1972 3379 2142 3434 nostri
2170 3378 2270 3436 d0-

760 3459 889 3512 mini
923 3459 1188 3515 Jlanuelis
1225 3463 1431 3518 datum.
2193 3477 2213 3504 π

757 3653 999 3722 Epistola
1035 3665 1149 3721 tua,
1180 3656 1461 3714 Generalis
1493 3659 1966 3726 reverenilissime,
2004 3662 2067 3715 ad
2095 3662 2264 3730 maje-

688 3753 882 3800 statetn
917 3763 1088 3801 meam
1127 3750 1299 3804 delata
1337 3760 1440 3816 est,
1481 3767 1707 3820 meaque
1728 3756 1970 3822 potentia
2001 3741 2268 3822 comperit

688 3839 740 3892 te
763 3840 989 3908 justitize
1015 3842 1154 3894 viam
1184 3844 1508 3914 agnovisse;
1554 3855 1629 3909 et,
1670 3857 1727 3898 ut
1763 3847 1837 3899 ait
1881 3845 2182 3917 Scriptura,
2216 3859 2269 3904 te

688 3933 1008 3998 discipulum
1039 3951 1161 3991 esse
1193 3937 1393 3992 faelum
1426 3939 1575 4007 regni
1612 3941 1897 4004 etelorum,
1923 3941 2268 4013 similemque

690 4029 893 4084 honini
951 4018 1297 4097 negotiatori,
1341 4035 1430 4100 qui
1461 4034 1528 4087 de
1559 4032 1813 4088 thesauro
1866 4049 1964 4088 suo
2017 4033 2162 4089 nova
2213 4045 2270 4089 et

692 4131 874 4176 vetera
937 4122 1179 4191 profert'
1207 4140 1220 4176 :
1253 4125 1452 4195 quippe
1509 4125 1598 4192 qui
1647 4125 1923 4195 primariis
1959 4126 2270 4200 divinisque

690 4215 1057 4283 apostolorum
1089 4219 1437 4272 consentiens
1499 4229 1664 4287 atque
1715 4218 2104 4286 obtemperans
2152 4228 2268 4273 tra-

690 4305 1005 4367 ditionibus,
1047 4305 1262 4360 Patrum
1313 4323 1530 4377 quoque
1577 4309 1878 4376 posteriora
1932 4319 2139 4364 statuta
2172 4324 2265 4364 caa

692 4412 1000 4466 nomnnqne
1037 4399 1350 4466 prrescripta
1380 4400 1576 4453 sectari
1613 4399 1923 4456 ttecreristi.
1958 4401 2268 4473 Accendisti

2377 503 2583 558 δέδοται
2614 504 2722 557 ἀπὸ
2740 505 2833 558 τοῦ
2854 505 3112 576 πενιχροῦ
3139 509 3233 561 καὶ
3256 508 3510 572 εὐτελοῦς
3535 511 3689 579 ἡμῶν
3723 513 3836 574 νοις
3854 513 3934 570 καὶ

2377 599 2478 668 τῆς
2506 599 2766 663 ἀσθενοῦς
2795 601 2954 670 ἡμῶν
2984 603 3175 672 σοφίας
3198 607 3263 674 τῇ
3290 605 3531 677 ὑμετέρᾳ
3559 605 3835 677 ὑπερτάτη
3859 624 3932 658 σοι·

2378 693 2478 763 φίᾳ
2503 709 2517 723 ·
2547 693 2623 755 ὡς
2658 694 2724 747 ἂν
2753 695 2924 766 νοήσῃ
2963 694 3349 764 κεφαλαιωδῶς
3392 680 3453 749 τὸ
3482 698 3582 768 τῆς
3621 696 3943 763 Ἐκκλησίαςι

2375 785 2485 837 τῶν
2530 785 2828 854 Ἀρμενίων
2853 791 3075 856 στερεὸν
3103 788 3278 856 δόγμα
3309 790 3389 852 είς
3416 789 3513 858 τὴν
3542 789 3722 842 πίστιν
3747 789 3843 856 τὴν
3869 789 3943 852 ei;1

2375 877 2475 948 τὴν
2506 879 2668 946 ἁγίαν
2704 878 2911 947 Τριάδα
2964 880 3056 932 καὶ
3091 882 3170 943 είς
3200 881 3298 950 τὴν
3346 881 3667 950 οἰκονομίαν
3697 881 3795 934 τοῦ
3823 881 3932 950 Χρι-

2379 970 2505 1022 στοῦ
2529 986 2544 1001 ·
2576 973 2671 1023 καὶ
2696 970 2924 1024 δύνασθε
2959 971 3226 1042 γνωρίσαι
3256 971 3364 1025 ἀπὸ
3394 970 3490 1026 τοῦ
3511 973 3713 1042 μέρους
3740 974 3802 1024 τδ
3825 975 3931 1034 πᾶν,

2376 1063 2565 1134 ὥσπερ
2601 1065 2707 1118 ἀπὸ
2751 1065 2852 1134 τῆς
2886 1067 3086 1137 μικρᾶς
3111 1069 3204 1118 καὶ
3256 1067 3554 1136 οὑδαμινῆς
3605 1067 3933 1132 ἀπογεύσεως

2375 1157 2471 1225 τῆς
2502 1156 2812 1228 βρώσεωςῆ
2843 1159 2943 1228 τῆς
2972 1158 3203 1222 πόσεως,
3240 1161 3335 1212 καὶ
3362 1159 3424 1212 τὸ
3475 1158 3740 1229 βλαϐερὸν
3772 1161 3858 1210 καὶ
3887 1159 3936 1212 rb

2379 1249 2456 1320 μὴ
2489 1250 2749 1304 τοιοῦτον.
2809 1252 2913 1304 Τὸν
2946 1253 3001 1304 δὲ
3027 1250 3229 1304 τέλειον
3259 1252 3353 1306 κα)⁵
3389 1251 3768 1320 πληρέστατον
3798 1251 3936 1318 λόγον

2377 1341 2503 1410 περὶ
2536 1342 2754 1394 πάντων
2786 1341 2895 1394 τῶν
2928 1340 3261 1410 ζητημάτων
3307 1343 3409 1412 τῆς
3447 1343 3611 1412 μέσον
3643 1341 3802 1412 ἡμῶν
3833 1344 3936 1395 ἀνι-

2377 1434 2623 1502 σότητος,
2677 1435 2776 1504 ὅση
2815 1432 2883 1486 ἂν
2911 1435 3009 1486 καὶ
3041 1433 3125 1504 εἴη
3183 1433 3347 1506 αῦτη,
3400 1437 3458 1486 ἐν
3500 1437 3565 1504 τῇ
3615 1434 3831 1499 συνάξει
3855 1436 3937 1503 τῆς

2377 1526 2622 1589 συνόδου,
2663 1525 2739 1590 ὡς
2798 1525 3006 1579 ἄνωθεν
3056 1527 3298 1596 εἴρηται,
3354 1526 3604 1596 δώσομεν
3663 1529 3940 1598 ἐγγράφως

2374 1619 2606 1673 ἐνώπιον
2634 1620 2734 1690 τῆς
2765 1622 3034 1690 κραταιᾶς
3065 1622 3160 1674 καὶ
3189 1621 3353 1689 ἁγίας
3396 1621 3674 1692 βασιλείας
3711 1640 3828 1679 σου.

2447 1713 2584 1783 Περὶ
2611 1714 2667 1767 δὲ
2702 1714 2813 1766 τῶν
2849 1714 3122 1783 βιωτικῶν
3181 1717 3631 1786 συναντημάτων,
3693 1716 3799 1768 ὑπὸ
3853 1714 3942 1784 τῆς

2380 1807 2752 1877 σκληρότητος
2781 1807 2877 1860 τοῦ
2908 1808 3074 1862 τόπου
3110 1809 3203 1862 καὶ
3233 1809 3326 1863 τοῦ
3380 1809 3571 1880 καιροῦ
3601 1809 3660 1861 ἐν
3689 1803 3733 1876 ᾧ
3767 1811 3940 1878 ἐσμεν,

2321 1943 2325 1958 .
2371 1901 2462 1954 καὶ
2492 1901 2594 1969 τῆς
2626 1902 2937 1972 στερήσεως
2971 1901 3079 1954 τῶν
3102 1903 3444 1970 ἀναγκαίων.
3497 1901 3588 1956 καὶ
3629 1902 3728 1969 τῆς
3792 1904 3943 1968 ἀγαν-

2370 1995 2658 2064 ακτήσεως
2687 1993 2786 2062 τῆς
2818 1995 3051 2048 ἐνταῦθα
3081 1998 3297 2065 μακρᾶς
3325 1997 3618 2064 παροικίας
3649 1995 3809 2064 ἡμῶν
3830 2013 3947 2048 κατ-ε

2369 2086 2662 2140 οικούντων
2707 2088 2766 2138 ἐν
2825 2086 2974 2157 μέσῳ
3031 2086 3142 2140 τῶν
3177 2088 3554 2157 σκηνωμάτων
3583 2087 3798 2158 Κηδὰρ,
3855 2104 3947 2156 μα-

2371 2179 2652 2249 θήσεταιή
2684 2177 2815 2244 ἁγία
2843 2178 3089 2249 βασιλεία
3119 2196 3213 2232 σου
3259 2180 3412 2249 παρά
3459 2179 3568 2232 τῶν
3599 2179 3933 2248 διακομισάν-

2367 2287 2476 2324 των
2504 2271 2597 2339 ἀφ’
2625 2271 2782 2340 ἡμῶν
2840 2271 2939 2341 τὴν
2984 2270 3264 2342 παροῦσαν
3321 2273 3542 2342 γραφὴν
3590 2272 3700 2325 τῶν
3742 2273 3942 2344 βραχει-

2372 2361 2548 2432 μίων·
2602 2361 2802 2424 οἵτινες
2834 2362 2929 2415 καὶ
2984 2361 3219 2415 ἐνώπιον
3251 2366 3349 2431 τῆς
3406 2363 3562 2435 ὑμῶν
3614 2363 3946 2434 ὑψηλότητος

2368 2457 2464 2510 καὶ
2497 2456 2921 2527 μεγαλειότητος
2951 2457 3180 2528 φέρουσί
3217 2476 3270 2512 τι
3294 2457 3389 2527 ἀφ’
3422 2459 3600 2528 ἡμῶν,
3630 2460 3804 2531 ἤγουν
3829 2450 3947 2530 τρία

2381 2548 2648 2619 Ἀραὸικὰ
2679 2547 2850 2616 ἄλογα
2882 2549 2979 2604 atati.
3007 2548 3236 2616 τοξάρια
3267 2549 3680 2620 μουσουλιτικὰ,
3711 2548 3873 2604 ἅτινα
3903 2547 3949 2602 εί.

2369 2640 2466 2693 καὶ
2489 2639 2687 2711 μικρόν
2715 2640 2768 2693 τί
2800 2641 2959 2705 εἰσιν,
2990 2639 3106 2692 ἀλλ’
3134 2640 3226 2694 οὖν
3267 2639 3559 2710 μυστικὸν,
3591 2641 3675 2694 ὅτι
3716 2639 3949 2712 ἐπισήσῃ

2369 2735 2464 2787 ἐπὶ
2495 2734 2624 2798 τοὺς
2670 2733 2871 2796 ἵππους
2927 2751 3020 2789 σου
3058 2734 3153 2787 καὶ
3193 2734 3494 2808 συντρίψῃς
3531 2739 3600 2790 τὰ
3657 2733 3792 2799 τόξα
3848 2733 3949 2786 τῶν

2367 2821 2582 2894 ἐχθρῶν
2618 2840 2710 2876 σου
2731 2840 2745 2855 ·
2771 2822 2961 2893 ὥσπερ
2994 2824 3021 2876 ό
3052 2823 3257 2894 ἀληθὴς
3283 2823 3634 2895 Ἐμμανουὴλ
3659 2823 3763 2894 τὴν
3794 2825 3949 2894 ἀόρα-

2368 2926 2459 2970 τον
2487 2917 2736 2985 δύναμιν,
2769 2916 3024 2972 οὕτωκαὶ
3058 2918 3123 2970 σὺ
3156 2918 3254 2987 τὴν
3280 2917 3486 2988 όρατὴν
3516 2917 3627 2971 τῶν
3651 2916 3949 2990 πολεμούν-

2367 3027 2480 3062 των
2541 3011 2869 3080 Ἐκκλησίαν
2905 3027 2919 3042 ’
2980 3011 3075 3066 καὶ
3140 3011 3507 3082 ἀξιωθείημεν
3565 3013 3694 3066 ἰδεῖν
3740 3030 3803 3067 σε
3861 3012 3949 3067 καὶ

2297 3101 2339 3159 C
2375 3105 2811 3176 ἀγαλλιασθῆναι
2840 3108 2918 3170 είς
2953 3105 3112 3174 δόξαν
3156 3105 3398 3178 Χριστοῦ
3438 3107 3530 3160 τοῦ
3559 3105 3718 3160 Θεοῦ.

2387 3199 2784 3267 Ἀντίγριιμμα
2850 3199 2997 3266 πρὸς
3056 3198 3272 3254 τοῦτον
3320 3199 3427 3253 τὸν
3477 3197 3812 3252 Καθολικδν
3843 3191 3951 3250 τοῦ

2439 3293 2768 3362 ἀγιωτάτου
2810 3292 3178 3361 πατριάρχου
3214 3292 3401 3360 κύρου
3443 3291 3686 3360 Μιχαὴλ
3720 3289 3800 3362 t5)
3853 3289 3951 3344 τοῦ

2440 3386 2761 3455 γεγονότος
2810 3383 3042 3438 ὑπάτου
3076 3383 3192 3438 τῶν
3221 3383 3593 3453 φιλοσόφων,
3619 3381 3855 3451 τραφὲν
3877 3381 3951 3445 ὡς

2438 3479 2508 3532 ἐκ
2542 3478 2867 3546 προσώπου
2898 3477 3003 3530 τοῦ
3023 3477 3305 3544 κραταιοῦ
3332 3475 3429 3529 καὶ
3455 3475 3627 3544 ἁγίου
3648 3472 3826 3544 ἡμῶν
3843 3475 3951 3542 ,ϐαι

2441 3571 2660 3636 σιλέως
2690 3570 2874 3639 κύρου
2901 3569 3189 3636 Marcone!
3228 3569 3328 3639 (6).

2450 3663 2516 3716 Ἦ
2553 3661 2739 3733 γραφή
2771 3677 2869 3713 σου
2900 3659 3246 3730 ἀπεκομίσθη
3291 3662 3360 3731 τῇ
3391 3657 3643 3731 βασιλείᾳ.
3677 3675 3808 3728 μου,
3848 3656 3951 3710 Κα-

2371 3755 2552 3810 θολικὲ
2579 3752 2903 3824 τιμιώτατα,
2938 3753 3034 3805 καὶ
3085 3751 3303 3820 ἐπέγνω
3326 3751 3387 3803 τὸ
3427 3751 3628 3825 κράτος
3678 3751 3848 3822 ἡμῶν
3877 3751 3951 3803 ὅτι

2368 3848 2470 3918 τὴν
2490 3847 2590 3914 τῆς
2620 3843 2973 3915 δικαιοσύνης
3005 3843 3255 3912 ἐπέγνως
3281 3843 3418 3906 ὁδὸν,
3449 3843 3708 3919 καὶκατὰ
3725 3843 3790 3896 τὸ
3815 3842 3951 3913 ἱερὸν

2370 3939 2551 4006 λόγιον
2573 3935 2962 4008 ἐμαθητεύθης
2991 3938 3057 4005 τῇ
3113 3934 3364 4007 βασιλείᾳ
3393 3935 3502 3988 τῶν
3532 3935 3811 4008 οὐρανῶν,
3871 3937 3951 3990 καὶ

2370 4029 2551 4091 ἔοικας
2580 4026 2852 4097 ἀνθρώπῳ
2883 4027 3237 4100 οἰκοδεσπότῃ
3269 4028 3332 4080 ἐκ
3360 4027 3458 4080 τοῦ
3487 4027 3766 4100 θησαυροῦ
3793 4027 3951 4083 αὑτοῦ

2372 4121 2579 4176 παλαιὰ
2612 4124 2704 4174 καὶ
2738 4121 2902 4174 καινὰ
2935 4117 3273 4184 ἐκόάλλοντι,
3296 4122 3390 4174 καὶ
3431 4124 3551 4184 ταῖς
3589 4121 3840 4192 πρώταις
3868 4123 3951 4175 καῚ

2371 4213 2543 4277 θείαις
2561 4213 2947 4275 ἀποστολικαῐς
2964 4211 3272 4279 συμφωνῶν
3303 4213 3395 4266 καὶ
3413 4214 3678 4283 ἑπόμενος
3713 4215 3951 4285 παραδό-

2373 4321 2513 4370 σεσι,
2530 4304 2623 4358 ναὶ
2637 4306 2736 4375 μὲν
2755 4303 2872 4356 ἀλλ’
2885 4303 3011 4356 οὐδὲ
3030 4302 3140 4356 τῶν
3157 4305 3662 4377 πατροπαραδότων
3677 4308 3776 4360 καὶ
3795 4306 3951 4360 ὐστό·

2374 4415 2483 4468 ρων
2501 4396 2874 4466 θεσμοθεσιῶν
2902 4398 2996 4449 καὶ
3043 4396 3186 4467 ὅρων
3203 4398 3472 4468 ὑπερόρια
3498 4398 3742 4468 βαδίζειν
3767 4402 3951 4474 αἱρού-

689 4489 832 4541 enim
888 4490 939 4542 itt
975 4490 1323 4544 meditatione
1355 4500 1442 4543 ttta
1487 4491 1685 4559 ignem,
1736 4490 2173 4561 calcfaciensque
2211 4502 2267 4546 et

2380 4508 2558 4562 μενος.
2604 4489 2941 4554 Ἐξέκαυσας
2999 4488 3106 4560 γὰρ
3132 4491 3189 4542 ἐν
3237 4492 3304 4559 τῇ
3331 4489 3531 4564 μελέτῃ
3560 4508 3656 4544 σου
3693 4491 3833 4563 πῦρ,
3869 4497 3951 4546 sul

691 4581 981 4648 exp'orans
1021 4583 1072 4635 in
1110 4582 1326 4637 Christo
1373 4599 1502 4638 vero
1534 4583 1640 4638 Deo
1673 4597 1723 4636 et
1752 4585 2044 4657 servatore
2079 4595 2267 4640 nostro

693 4688 999 4728 sermonem
1047 4685 1218 4741 tuum,
1259 4685 1405 4730 recte
1437 4675 1753 4738 attenuasti,
1784 4676 2127 4748 spiritalique
2157 4676 2269 4731 fore

696 4765 816 4818 naci
864 4765 1130 4820 tradidisti
1165 4783 1178 4819 :
1207 4777 1260 4819 et
1307 4768 1350 4821 si
1385 4768 1512 4835 quid
1545 4769 1718 4822 inerat
1752 4768 2100 4837 splendorem
2125 4770 2270 4824 veri-

694 4851 822 4906 tatis
838 4851 1156 4918 obscnrans,
1178 4855 1358 4908 divina
1382 4855 1594 4910 ﬂamma
1613 4859 2023 4926 exeoquendum
2045 4859 2269 4926 curasti;

691 4944 833 5008 quod
877 4959 1067 5014 reapse
1121 4948 1291 5001 instar
1319 4948 1453 5001 aridi
1496 4951 1752 5002 sarmenti
1786 4951 2129 5004 combustum
2162 4960 2268 5006 est.

689 5035 808 5090 Jam
843 5039 890 5092 si
941 5040 1066 5107 quid
1115 5040 1287 5094 adhuc
1314 5043 1595 5108 ep?3tolatn
1641 5051 1784 5096 tuam
1813 5051 2016 5096 attente
2046 5044 2272 5112 inspici-

692 5142 845 5185 entes
897 5131 1126 5187 fortasse
1169 5132 1412 5200 oﬂ‘endit,
1457 5134 1507 5188 id
1551 5151 1764 5206 quoque
1815 5143 1919 5189 tuae
1967 5135 2275 5191 severitatis

764 5282 785 5312 ³
818 5279 1009 5334 Matth.
1047 5296 1163 5344 χιιι,
1192 5282 1278 5337 52.

769 5394 848 5472 (5)
889 5398 1114 5453 Michael
1157 5399 1320 5472 hujus
1367 5398 1600 5460 nominis
1633 5397 1844 5459 tertius,
1872 5415 2030 5472 quem
2081 5402 2271 5456 eodem

697 5470 856 5523 titulo
910 5473 1138 5536 supremi
1205 5470 1835 5539 philosophantur(qua:
1885 5470 1984 5522 fuit
2043 5473 2276 5538 dignitas

701 5542 969 5612 palatina)
998 5545 1166 5594 donat
1206 5537 1372 5594 etiam
1416 5537 1741 5612 Ephremius
1793 5556 1819 5612 a
1873 5557 1957 5594 me
2003 5537 2180 5597 editus
2219 5543 2272 5597 in

699 5609 1408 5679 catalogopattiarrltat'um
1434 5611 1528 5676 Cp.
1562 5625 1612 5662 v.
1653 5609 1843 5665 10‘20‘2.

623 5682 627 5688 ’
770 5685 847 5749 (61
878 5684 1078 5746 Prima,
1111 5692 1168 5735 ut
1201 5682 1304 5745 iatn
1337 5681 1469 5745 dixi,
1501 5680 1758 5751 Mannelis
1783 5681 2008 5748 epistola
2042 5683 2276 5751 pertinet

707 5753 774 5806 ad
810 5756 1044 5826 primam
1103 5753 1546 5822 disputationem.
1587 5750 1832 5807 Secunda
1895 5754 2008 5808 ιιωο
2047 5750 2274 5809 euistola

2369 4581 2630 4652 πυρώσας
2669 4583 2762 4635 καὶ
2804 4580 3106 4648 δοκιμάσας
3140 4581 3231 4633 τὸν
3280 4583 3338 4634 ἐν
3357 4581 3580 4651 Χριστῷ
3605 4583 3682 4651 τῷ
3711 4584 3951 4656 ἀληθινιῖ

2371 4673 2492 4742 Θεῷ
2523 4673 2618 4726 καὶ
2647 4672 2863 4740 Σωτῆρι
2906 4669 3066 4740 ἡμῶν
3123 4668 3306 4736 λόγον,
3360 4668 3537 4738 ὀρθῶς
3590 4668 3951 4738 ἐξελέπτυνας

2377 4768 2470 4822 καὶ
2501 4769 2567 4836 τῇ
2600 4765 2945 4835 πνευματικῇ
2994 4755 3194 4832 χωνείᾳ
3254 4761 3613 4830 παρέδωκας·
3653 4762 3750 4815 καὶ
3814 4765 3874 4816 ετ
3915 4781 3940 4814 τ

2380 4860 2480 4928 τῆς
2508 4857 2766 4926 ἀληθείας
2801 4855 3148 4925 λαμπρότητι
3185 4852 3495 4924 ζοφοποιῶν
3533 4855 3944 4925 παραμέμικτο

2382 4949 2653 5012 ἐξέδωκας
2681 4951 2747 5018 τῇ
2780 4947 2968 4999 καύσει
3026 4946 3126 5015 τῆς
3179 4945 3236 4998 ἐν
3267 4947 3349 4998 σοὶ
3386 4944 3670 5012 θειοτάτης
3731 4947 3951 5016 δοκιμα-

2383 5043 2526 5105 σίας,
2572 5041 2665 5104 καὶ
2693 5037 3036 5109 ὲξετεφρώθη
3089 5037 3164 5099 ὡς
3196 5036 3474 5106 φρύγανον
3504 5035 3951 5107 εὑκατάπρηστο·

2383 5135 2436 5188 εῐ
2462 5152 2513 5186 τι
2544 5133 2599 5185 δέ
2634 5149 2735 5184 που
2773 5135 2868 5184 καί
2923 5130 3312 5184 ὑπολέλειπται
3340 5129 3419 5198 τῷ
3465 5134 3951 5200 περιεσκεμμένοι

2384 5402 2673 5469 respondet
2716 5399 2927 5455 Nerseti
2961 5399 3049 5467 qui
3080 5398 3386 5472 scripserat
3426 5395 3492 5472 ad
3529 5395 3671 5472 itnp._
3699 5404 3827 5472 post
3867 5396 3947 5472 pri

2385 5466 2526 5525 main
2574 5466 3014 5544 disputationem.
3080 5466 3173 5522 Est
3209 5466 3559 5544 autent‘htet:
3589 5466 3817 5544 publica
3861 5467 3947 5528 epi

2381 5544 2545 5596 stola.
2575 5535 2704 5595 Nam
2748 5543 2972 5610 privatae
3013 5555 3106 5593 seu
3157 5535 3825 5614 arcanae(conﬁdentiali)
3863 5544 3951 5614 tun

2380 5606 2877 5682 iu~peratoristurtt
2927 5612 3248 5681 patriarcha:
3299 5608 3541 5676 cpistola:
3582 5606 3723 5660 infra
3764 5606 3951 5662 recita

2379 5684 2600 5740 buntur.
