3982 6326
633 2713 643 2719 -
741 2683 970 2741 Romani
1004 2683 1261 2754 epistola,
1311 2697 1473 2754 quam
1528 2683 1862 2738 orthodoxize
1906 2685 2156 2740 columen
2213 2686 2316 2740 Ec-

713 291 820 354 ΞΞἹ
2115 291 2318 354 ἹἮΕΟ

2421 290 2548 350 ΑΝΙ
3852 280 3944 342 22%

715 398 1002 456 mendacia
1055 398 1213 454 nobis
1263 400 1551 472 vobisque,
1585 393 1646 454 iit
1675 395 1990 471 scripsisti,
2039 396 2291 452 obtruse-

2421 396 2631 465 Ξεόἧρος
2660 395 2750 449 καὶ
2797 393 2825 446 ό
2858 392 3046 448 τούτου
3075 393 3340 465 σύμφρων
3369 391 3667 462 Τιμόθεοςο
3701 389 3945 461 οἰχέσθω·

691 505 872 562 (runt.
907 493 1090 562 Neque
1123 508 1253 547 vero
1301 509 1400 549 nos
1446 492 1790 548 homiuicolze
1817 489 2067 546 Nestorio
2098 504 2288 545 assen-

2421 507 2494 542 ·αν
2555 489 2603 539 οἱ
2648 489 2744 550 τὰς
2789 486 3144 556 ψευδολογίας
3183 485 3346 555 ήμῶν
3396 482 3812 552 καθοριζόμενοι
3863 484 3959 568 καί

657 585 667 600 ‘
717 586 909 646 timur.
946 601 1114 655 prava
1143 587 1260 658 ejus
1292 586 1549 654 opinione
1580 585 1781 647 amati,
1831 592 1890 638 ut
1937 584 2075 638 duas
2125 582 2289 636 unius

2421 580 2568 650 ημῶν,
2602 578 2791 650 ὥσπερ
2824 579 3066 649 ἔγραψας
3091 594 3105 606 ·
3164 577 3266 647 οὐχ
3299 578 3461 646 ἡμεῖς
3489 573 3796 646 φρονοῦμεν
3823 573 3892 633 ὡς
3923 577 3946 624 ὸ

715 677 929 732 Christi
978 692 1247 747 personas
1297 676 1606 731 orthodoao
1635 675 1877 746 dogmati
1924 688 2288 744 oggeramus:

2421 670 2855 742 ινθρωπολάτρης
2900 670 3192 741 Νεστόριος
3213 669 3278 739 τῇ
3306 667 3568 746 κακονοίᾳ
3607 665 3800 718 τούτου
3829 680 3941 716 συν-

720 771 815 824 sed
853 784 1021 824 unum
1049 769 1333 824 Christum
1367 767 1695 824 conﬁtemur
1725 765 2013 822 Dominum
2047 773 2101 820 et
2123 764 2289 819 Deum

2421 764 2754 833 ιπαγόμενοι,
2789 765 2884 816 καὶ
2916 762 3010 816 δύο
3056 758 3385 823 ὑποστάσεις
3417 760 3511 815 ἐπὶ
3537 759 3632 812 τοῦ
3677 759 3800 820 ὲνδς
3830 759 3949 824 Χρι-

721 870 996 925 nostrum,
1049 861 1104 913 in
1155 875 1260 913 una
1327 873 1560 928 persona
1594 868 1715 927 post
1763 857 2021 910 unionem
2074 869 2294 925 quoque

2421 852 2523 906 ττοῦ
2557 853 2632 924 τῷ
2663 852 2928 924 ὀρθοδόξω
2958 849 3287 921 πληρώματι
3317 850 3780 922 παρεισφέροντες
3803 863 3817 877 ·
3847 847 3949 899 ἀλλ’

721 952 1089 1015 adorandum,
1125 950 1338 1004 duabus
1371 965 1565 1019 nempe
1598 951 1812 1002 naturis
1864 949 1965 1002 sub
2019 962 2123 1001 una
2175 961 2298 1012 per-

2421 942 2765 1012 μμολογοῦμεν
2794 944 2885 995 τὸν
2922 941 3017 995 ἕνα
3046 942 3282 1012 Χριστὸν
3335 943 3430 994 καὶ
3460 940 3662 1009 Κύριον
3706 937 3801 990 καὶ
3833 935 3953 988 Θεὸν

719 1059 858 1100 sona
889 1043 1330 1113 inseparabiliter
1355 1041 1747 1110 inconfuseque
1772 1039 1963 1104 unitis,
1993 1055 2058 1094 ex
2082 1038 2296 1094 duabus

2421 1036 2560 1107 ip.th
2582 1038 2639 1088 ὲν
2671 1037 2770 1107 μιᾷ
2807 1035 3104 1088 ὑποστάσει
3135 1035 3228 1086 καὶ
3277 1033 3417 1101 μετὰ
3446 1031 3542 1102 τὴν
3570 1030 3764 1083 ἕνωσιν
3798 1045 3952 1096 προσ-

718 1139 944 1206 inquain
1000 1135 1212 1190 naturis
1258 1144 1312 1188 et
1364 1134 1418 1188 in
1467 1132 1723 1188 duabus:
1763 1131 1971 1186 naturis
2020 1132 2299 1186 enimvero

2421 1129 2751 1200 ιυνούμενον,
2801 1129 2910 1181 τῶν
2939 1128 3031 1181 δύο
3088 1127 3305 1196 φύσεων
3366 1126 3445 1189 είς
3486 1123 3615 1195 μίαν
3668 1122 3959 1175 ὑπόστασιν

720 1229 929 1298 pollere
956 1228 1167 1280 duabus
1193 1227 1358 1280 etiam
1392 1235 1515 1298 post
1556 1225 1815 1279 unionem
1853 1223 2132 1280 Christum
2161 1222 2299 1277 dici-

2421 1221 2709 1273 ;νωθεισῶν
2758 1219 3078 1290 ἁχωρίστως
3132 1206 3226 1272 καὶ
3259 1217 3607 1285 ἀσυγχύτως,
3657 1215 3720 1266 ὲκ
3753 1212 3849 1265 δύο
3877 1212 3959 1278 φύ-

725 1334 851 1373 mus
885 1327 1050 1386 alque
1079 1316 1378 1371 credimus.

2421 1327 2543 1363 τεων
2574 1311 2669 1362 καὶ
2696 1313 2752 1376 ἐν
2781 1310 2895 1374 δύο,
2933 1311 3027 1362 καὶ
3047 1309 3139 1362 δύο
3168 1308 3361 1378 φύσεις
3388 1307 3483 1360 καὶ
3511 1304 3648 1375 μετά
3667 1305 3768 1372 τὴν
3781 1303 3959 1355 ἕνωσιν

2401 1405 2492 1455 τὶν
2520 1403 2752 1476 Χριστὸν
2786 1397 2951 1463 εἶναι,
2985 1403 3078 1454 καὶ
3104 1401 3356 1466 λέγοντες
3391 1399 3489 1452 καὶ
3518 1397 3889 1457 πιστεύοντες.

801 1495 932 1549 Tute
985 1495 1154 1565 igitur
1206 1495 1530 1549 reverentia;
1581 1494 1788 1563 scripta
1841 1493 1908 1547 ad
1965 1494 2302 1565 maiestatem

2487 1494 2552 1546 Ἠ
2584 1492 2683 1563 μὲν
2731 1492 2826 1546 οὖν
2856 1493 3010 1560 παρά
3040 1493 3139 1561 τῆς
3183 1492 3281 1561 σῆς
3326 1489 3642 1560 τιμιότητος
3696 1489 3959 1556 γραφεῖσα

731 1602 907 1642 meam
940 1587 1064 1642 ﬁdei
1112 1587 1402 1657 expositio,
1439 1588 1582 1641 lecta
1620 1601 1649 1640 a
1698 1587 1856 1642 nobis
1886 1597 1990 1652 est,
2040 1588 2306 1656 plenaque

2421 1585 2502 1638 ιαὶ
2543 1583 2912 1638 ἀποσταλεῖσα
2964 1585 3029 1653 τῇ
3089 1582 3340 1653 βασιλείᾳ
3399 1580 3557 1652 ἡμῶν
3588 1580 3687 1648 τῆς
3736 1578 3959 1640 πίστεως

731 1679 1014 1749 sapientiae
1072 1689 1127 1734 et
1184 1678 1428 1732 veritatis
1475 1678 1628 1741 visa,
1695 1693 1870 1748 neque
1922 1679 1990 1734 ab
2050 1677 2306 1734 Ecclesiae

2421 1674 2644 1740 ἑκθεσις,
2663 1673 3060 1742 ύπανεγνὼσθη
3083 1672 3220 1742 αὐτῇ
3255 1672 3347 1724 καὶ
3375 1669 3522 1734 ἔδοξε
3547 1669 3760 1738 πλήρης
3784 1670 3959 1734 σοφίας

733 1780 935 1827 nostra:
979 1770 1082 1825 fide
1118 1770 1332 1824 discors
1381 1777 1478 1823 aut
1523 1768 1701 1834 devia,
1755 1772 2057 1838 praesertim
2111 1771 2158 1826 si
2189 1770 2306 1840 ejus

2421 1769 2506 1820 irai.
2550 1765 2808 1836 ἀληθείας
2835 1806 2850 1831 ,
2892 1767 2986 1818 καὶ
3013 1763 3114 1831 τῆς
3146 1763 3426 1834 ἡμετέρας
3455 1761 3620 1829 ἁγίας
3647 1755 3959 1828 Ἐκκλησίας

735 1881 891 1920 mens
916 1879 979 1918 ac
1021 1862 1273 1917 veritatis
1295 1876 1508 1916 summa
1538 1862 1921 1916 consideretur
1952 1880 1965 1916 :
1999 1877 2305 1933 quanquam

2421 1861 2508 1913 ›ὺκ
2551 1858 2960 1930 ἀλλοτριόφρων
3024 1856 3148 1910 οὐδὲ
3199 1854 3561 1925 ἁσύνδρομος,
3617 1853 3713 1908 καὶ
3777 1853 3959 1922 μᾶλλον

734 1954 1033 2018 aliquando
1073 1953 1245 2008 dictio
1293 1954 1454 2019 ejus,
1508 1968 1632 2023 quae
1687 1954 1845 2009 nobis
1907 1964 1992 2009 est
2045 1954 2306 2020 insolita,

2421 1949 2552 2004 ιιατά
2581 1965 2643 2017 γε
2669 1948 2762 2002 τὸν
2792 1948 2919 2002 νοῦν
2972 1949 3064 2001 καὶ
3095 1947 3193 2017 τὴν
3219 1947 3319 2016 τῆς
3362 1944 3625 2017 ἀληθείας
3672 1943 3959 2015 ἀκρίδειακη

737 2045 999 2116 legentem
1035 2043 1275 2098 vellicat.
1317 2042 1451 2096 Nam
1498 2042 1643 2113 quod
1682 2050 1890 2097 natura:
1926 2057 2037 2097 suae
2060 2044 2312 2114 proprie-

2421 2043 2459 2095 εί
2510 2042 2606 2096 καὶ
2653 2041 2711 2093 ἐν
2762 2057 2868 2093 τινι
2901 2041 2932 2111 ἠ
2966 2038 3114 2104 λέξις
3138 2039 3408 2110 -τραχύνει
3450 2039 3552 2108 τὴν
3595 2028 3770 2109 ἀκοὴν
3804 2038 3890 2090 διὰ
3919 2035 3959 2088 τί

736 2145 902 2190 tatem
955 2132 1346 2189 immutabilem
1399 2129 1908 2201 inconver'samque,
1973 2134 2137 2188 etiam
2188 2137 2310 2204 post

2421 2133 2614 2205 ταύτης
2644 2133 2913 2202 ἀσύνηθες
2946 2146 2961 2162 ⁸
2995 2131 3232 2202 ὑποψίαν
3262 2130 3371 2201 γὰρ
3404 2132 3590 2184 πᾶσαν
3622 2131 3905 2199 περιαιρεῖ
3943 2127 3959 2195 i

739 2226 994 2281 unionem
1058 2226 1348 2280 retinuerit
1398 2223 1632 2279 humana
1667 2225 1975 2280 substantia
2023 2225 2140 2289 illa,
2188 2241 2309 2298 quas

2421 2229 2508 2297 τῆς
2535 2227 2694 2296 ἀγίας
2718 2227 2812 2281 καὶ
2839 2225 3223 2296 οἰκουμενικῆς
3254 2226 3522 2297 τετάρτης
3554 2221 3778 2277 συνόδου
3800 2239 3959 2290 παρῶ

735 2320 804 2374 de
840 2317 1136 2389 purissima
1163 2329 1217 2373 et
1242 2317 1595 2372 sanctissima
1630 2313 1852 2386 Virgine
1893 2314 2121 2386 Deipara
2148 2332 2313 2371 sum-

2421 2320 2570 2390 Βοχὴ,
2601 2320 2749 2389 καὶὴ
2787 2318 2993 2388 ταύτης
3045 2317 3326 2387 ὁμολογία,
3364 2315 3462 2370 καὶ
3503 2317 3535 2386 ὴ
3568 2313 3660 2368 τοῦ
3714 2316 3773 2368 ὲν
3806 2314 3959 2382 άγίοη

740 2418 830 2481 pta
886 2409 1026 2476 fuit,
1083 2424 1298 2464 omnem
1355 2408 1495 2463 tollit
1540 2407 1964 2473 ,dubitationem
2018 2418 2223 2463 sancta
2259 2418 2314 2466 et

2421 2412 2651 2482 μεγάλου
2674 2411 2900 2473 Λέοντος
2921 2411 3079 2480 πάπα
3105 2409 3326 2479 Ῥώμης
3345 2405 3658 2477 ἐπιστολῆς,
3683 2407 3754 2477 ἢν
3780 2405 3959 2475 στήληγ

2413 2503 2724 2574 ὀρθοδοξίας
2769 2502 2801 2571 ὴ
2847 2501 2970 2556 καθ’
3005 2502 3151 2571 ἡμᾶς
3183 2501 3318 2568 ἁγία
3363 2499 3664 2569 Ἐκκλησία
3709 2500 3806 2553 καὶ⁵
3847 2498 3959 2550 diva"

2417 2614 2555 2668 μασε
2588 2599 2681 2649 καὶ
2708 2594 2966 2663 ὀνομάζει
2995 2594 3088 2648 καὶ
3120 2593 3182 2646 οὐ
3218 2591 3455 2646 παύεται
3488 2591 3856 2661 όνομάζουσα,
3891 2591 3959 2642 καῖ

2413 2689 2476 2741 τὸ
2504 2687 2868 2741 ἀναλλοίωτον
2895 2687 2989 2738 καὶ
3018 2685 3433 2758 ἀμετάτρεπτον
3458 2683 3560 2751 τῆς
3586 2683 3724 2746 ιδίας
3763 2682 3959 2752 φύσεως

2419 2779 2602 2847 μεῖναι
2639 2776 2738 2831 καὶ¹
2771 2776 2911 2845 μετὰ
2935 2775 3042 2847 ,τὴν
3076 2775 3274 2830 ἕνωσιν
3315 2776 3376 2828 τὸ
3403 2777 3467 2846 ἐκ
3499 2774 3600 2841 τῆς
3629 2774 3959 2844 ἀνθρωπίνη

2414 2868 2602 2932 οὐσίας
2633 2867 2981 2938 προσληφθὲν
3015 2867 3080 2920 ὲκ
3106 2868 3205 2937 τῆς
3228 2867 3614 2938 παναχράντου
3644 2869 3743 2920 καὶ
3777 2866 3959 2935 ὑπερσ-

2415 2959 2540 3028 γίας
2577 2949 2859 3030 Παρθένου
2899 2958 2996 3011 καὶ
3045 2958 3413 3030 Θεομήτορος.
3457 2961 3725 3029 Κρεῖττον
3755 2958 3822 3012 δέ
3875 2961 3959 3010 ἐστ

2419 3049 2513 3101 καὶ
2538 3048 2721 3116 λέγειν
2764 3046 2860 3101 καὶ
2897 3047 3146 3118 «γράφειν
3184 3047 3267 3100 ὅτι
3317 3048 3375 3100 ὲν
3409 3049 3476 3117 τῇ
3520 3044 3644 3099 καθ’
3686 3045 3959 3098 ὑπόστασκ

2424 3140 2653 3213 ἀρρήτῳ
2686 3129 2903 3203 ἑνώσεί,
2931 3137 3027 3194 καὶ
3059 3138 3199 3210 μετὰ
3233 3139 3332 3210 τὴν
3361 3138 3558 3192 ἕνωσιν
3605 3137 3959 3208 ἀμετάϐλητα

2417 3235 2512 3286 καὶ
2539 3233 2837 3303 ἄτρεπτον,
2866 3230 3191 3302 ἀδιαιρέτως
3221 3232 3316 3284 καὶ
3347 3231 3684 3301 άχωρίστως.
3706 3229 3765 3283 αι
3798 3230 3959 3300 φύσει.

2417 3312 2665 3392 ἔμειναν,
2690 3320 2824 3392 παρ’
2852 3321 2881 3374 ὃ
2903 3320 2964 3374 τὸ
2987 3319 3205 3390 ἔμεινεν
3239 3318 3628 3389 ἀμετάϐλητος
3671 3321 3707 3389 η
3745 3318 3863 3371 τῶν
3896 3315 3959 3386 qui

2421 3431 2561 3466 σεων
2623 3415 2961 3484 φανέρωσις.
3000 3411 3408 3481 Ὀνομαστικῶς
3444 3409 3554 3482 γὰρ
3589 3410 3685 3464 καὶ
3733 3411 3800 3463 οὐ
3837 3423 3959 3480 περι

2418 3504 2735 3575 φραστικῶς
2771 3503 2842 3557 τά
2868 3503 2998 3573 περὶ⁵
3025 3502 3135 3555 τῶν
3161 3501 3451 3573 δογμάτων
3489 3502 3595 3572 χρὴ
3634 3501 3905 3570 λέγεσθαί
3936 3517 3959 3550 ττ

2417 3597 2511 3650 καὶ
2541 3595 2874 3666 γράφεσθαι,
2901 3596 2998 3649 καὶ
3027 3594 3232 3665 μᾶλλον
3257 3597 3319 3647 ἐν
3349 3595 3588 3655 ἐκείναις
3627 3596 3752 3656 ταῖς
3785 3594 3959 3664 χῶραι

2422 3689 2516 3741 καὶ
2544 3690 2658 3751 τοῖς
2686 3687 2875 3752 τόποις
2916 3686 3049 3740 ἔνθα
3081 3686 3142 3738 τὸ
3184 3685 3485 3756 ἀμφίϐολον
3520 3685 3862 3750 ὑπονοεῖται,
3905 3701 3959 3737 κα

2420 3783 2479 3836 τὺ
2515 3781 2835 3851 ἀμφίμαχον
2871 3777 3264 3834 ὑποπτεύεται.
3299 3780 3396 3830 ‘Ex
3433 3777 3527 3832 δύο
3557 3777 3744 3830 τοίνυν
3775 3778 3959 3848 φύσεω

2419 3874 2604 3941 λέγειν
2635 3871 2728 3925 τὸν
2756 3871 3016 3942 Χριστὸν,
3054 3869 3150 3934 ita}.
3200 3870 3260 3923 ιν
3304 3868 3425 3923 δυσὶ
3475 3868 3700 3938 φύσεσι,
3755 3871 3857 3924 καὶ
3903 3874 3959 3924 δύ

2421 3964 2612 4035 φύσεις
2631 3963 2722 4016 τὸν
2739 3962 2922 4028 αὑτὸν,
2947 3960 3238 4031 ὀρθότητος
3268 3960 3470 4032 πάσης,
3498 3960 3593 4013 καὶ
3611 3960 3959 4030 ἀποστολικῆ

740 2503 1095 2557 (ecumenicts
1140 2511 1350 2572 quarta:
1385 2499 1573 2572 synodi
1623 2499 1869 2554 doctrina
1904 2499 2130 2570 ejusque
2176 2516 2312 2556 con-

738 2592 926 2656 fessio,
963 2607 1063 2647 nec
1113 2606 1218 2646 non
1252 2592 1442 2660 magni
1465 2592 1606 2646 inter
1644 2599 1860 2648 sanctos
1892 2590 2102 2652 Leonis
2156 2593 2316 2663 Papae

736 2774 907 2829 clesia
975 2784 1158 2828 nostra
1217 2788 1432 2842 semper
1488 2774 1798 2845 appellavit.
1860 2772 2028 2829 Porro
2079 2778 2313 2846 quodin

740 2866 1080 2936 hypostatica
1121 2865 1378 2922 ineffabili
1425 2867 1648 2933 unione,
1705 2868 1813 2923 imo
1864 2876 1918 2925 et
1954 2876 2075 2938 post
2116 2866 2314 2924 factam

741 2957 863 3013 sine
915 2957 1217 3010 mutatione
1271 2956 1355 3012 vel
1387 2957 1743 3013 conversione
1785 2958 2062 3022 unionem,
2111 2966 2316 3014 natura:

745 3048 874 3119 ipse
907 3047 1314 3102 iudivisibiliter
1350 3057 1406 3103 et
1431 3048 1866 3117 inseparabiliter
1891 3057 2168 3116 maneant,
2202 3064 2314 3105 me-

744 3141 852 3194 lius
888 3139 964 3206 id,
993 3140 1233 3208 inquam,
1260 3153 1289 3192 a
1326 3140 1482 3194 nobis
1502 3139 1700 3194 dicitur
1735 3139 2122 3208 scribiturque,
2152 3151 2313 3208 quam

740 3232 889 3302 quod
925 3246 1022 3285 vos
1048 3230 1232 3298 dicitis
1267 3240 1579 3285 naturarum
1616 3229 1885 3286 mansisse
1923 3228 2318 3286 immutabilem

740 3331 798 3378 et
839 3323 1309 3379 inconvertibilem
1360 3322 1752 3378 ostensionem.
1790 3321 2006 3377 Etenim
2048 3324 2319 3378 accuratis

745 3412 950 3477 verbis,
987 3427 1092 3466 non
1138 3412 1572 3481 periphrasticis,
1607 3414 1672 3466 de
1706 3412 2048 3483 dogmatibus
2091 3411 2318 3483 loquen-

747 3506 873 3558 dum
903 3511 985 3557 est
1016 3513 1177 3572 atque
1211 3503 1585 3570 scribendum,
1619 3504 1674 3557 in
1702 3503 1770 3560 iis
1797 3504 2102 3575 praesertim
2137 3506 2320 3575 regio—

745 3595 908 3649 nibus
939 3594 1159 3659 locisve,
1197 3594 1288 3648 ubi
1317 3593 1629 3664 ambiguum
1660 3593 1792 3664 quid
1837 3595 2199 3664 suspicamur,
2236 3595 2319 3651 vel

749 3687 803 3740 in
836 3687 1268 3740 controversiam
1312 3685 1500 3740 vocari
1536 3685 1799 3741 videmus.
1855 3685 1994 3756 Ergo
2041 3685 2316 3742 Christum

746 3777 933 3830 dicere
961 3791 1026 3830 ex
1064 3777 1270 3830 duabus
1297 3774 1528 3841 naturis,
1573 3785 1628 3830 et
1669 3777 1722 3830 in
1748 3775 1961 3832 duabus
1987 3778 2218 3842 naturis,
2265 3784 2321 3832 et

744 3868 884 3922 duas
909 3868 1198 3922 habentem
1235 3877 1477 3933 naturas,
1503 3867 1555 3922 id
1582 3869 1796 3922 demum
1826 3869 2188 3924 orthodoxum
2214 3879 2316 3938 est,

653 3981 658 3986 ·
744 3971 803 4015 et
846 3958 1218 4027 apostolorum
1273 3957 1604 4027 Patrumque
1640 3958 1839 4028 regula:
1874 3959 2132 4029 apprime
2183 3974 2320 4014 cou-

748 4066 992 4107 sonum:
1028 4065 1186 4105 secus
1241 4061 1368 4104 vero
1422 4050 1469 4103 si
1527 4058 1648 4118 post
1701 4050 1955 4104 unionem
1990 4065 2097 4103 una
2152 4051 2205 4103 ln
2257 4065 2318 4106 eo

2421 4058 2514 4112 καὶ
2545 4055 2818 4126 πατρικῆς
2854 4051 3244 4123 ἀκριϐολογίας
3292 4051 3554 4121 ἐχόμενον
3585 4065 3601 4080 ·
3631 4051 3695 4104 τὸ
3738 4052 3799 4105 δὲ
3857 4071 3959 4122 μετξ

747 4143 1079 4212 praedicetur
1111 4151 1329 4206 natura,
1364 4139 1418 4195 id
1463 4139 1749 4195 manifeste
1779 4151 1970 4194 contra
2013 4151 2216 4195 rectam
2266 4150 2318 4196 et

2421 4147 2520 4218 τὴν
2545 4146 2740 4199 ἕνωσιν
2773 4145 2867 4198 ἐπὶ
2892 4141 2987 4196 τοῦ
3016 4141 3183 4194 αὐτοῦ
3215 4144 3344 4211 μίαν
3372 4141 3534 4209 φύσιν
3564 4141 3959 4213 ἁνακηρύττειι

745 4248 780 4287 a
812 4231 1068 4287 Patribus
1123 4233 1377 4287 traditam
1427 4233 1729 4286 doctrinam
1769 4231 1828 4285 ﬁt
1865 4248 1881 4287 :
1919 4234 2020 4287 etsi
2074 4234 2318 4308 nonnulli

2425 4237 2711 4308 προδήλως
2736 4238 2802 4307 τῇ
2835 4233 3310 4305 πατροπαραδότῳ
3334 4229 3463 4304 δόξῃ
3498 4232 3873 4286 ἐναντιοῦται·
3899 4236 3959 4287 xi

745 4323 966 4381 Student
999 4312 1292 4393 praetentis
1336 4323 1527 4377 nescio
1562 4334 1700 4391 quos
1740 4320 2033 4377 obtendere
2055 4359 2073 4387 ,
2121 4332 2177 4377 et
2201 4322 2318 4378 falsi

2426 4328 2602 4382 ὲθέλει
2630 4345 2715 4391 τις
2739 4327 2919 4389 αίτίας
2948 4325 3315 4380 ἀναπλάττειν
3355 4325 3511 4388 τινάς
3531 4363 3545 4390 ,
3579 4323 3675 4377 καὶ
3701 4324 3764 4378 τδ
3795 4327 3959 4396 πικρξ

749 4418 1021 4490 d0gmatis
1057 4416 1460 4473 deformitatem
1499 4416 1684 4471 colore
1720 4414 1903 4485 aliquo
1932 4416 2174 4470 imbuere
2195 4431 2318 4471 ver-

2425 4421 2522 4491 τῆς
2569 4418 2918 4489 ψευδοδοξίας
2968 4416 3357 4487 ὲπιχρωννύειν
3390 4416 3479 4469 διὰ
3505 4416 3808 4487 χρωμῄτου
3853 4419 3959 4472 τινὰ

749 4510 942 4567 borum
995 4507 1483 4580 persuasibilium,
1537 4521 1658 4575 qua:
1709 4507 1877 4576 recipi
1935 4521 2157 4577 prorsus
2209 4524 2315 4564 non

2423 4502 2922 4573 πειθανοπλαστίας
2969 4508 3441 4579 δυσπαραδέκτου,
3490 4508 3578 4562 διά
3623 4510 3686 4561 τὸ
3729 4509 3959 4581 δυσχερέ

2341 3108 2384 3165 C

748 4613 984 4672 queunt,
1033 4610 1254 4671 promer
1305 4600 1614 4669 hujusmodi
1661 4599 1919 4653 doctrina:
1953 4599 2133 4652 varias
2178 4599 2318 4654 sale-

750 4696 878 4749 bras
925 4704 981 4748 et
1035 4696 1455 4748 invenustatem.
1517 4690 1627 4745 Cur
1676 4691 1821 4746 enim
1870 4703 2004 4760 opus
2047 4702 2130 4746 est
2183 4691 2322 4746 hanc

751 4801 943 4842 ausam
981 4787 1151 4840 stulto
1181 4785 1358 4839 errori
1391 4784 1667 4852 praebere,
1714 4784 2162 4855 occasionemque
2214 4801 2320 4840 non

754 4882 1113 4950 incongruam
1145 4880 1212 4933 iis
1243 4877 1461 4942 oﬂerre,
1494 4877 1587 4945 qui
1612 4877 1854 4947 spurium
1885 4879 2076 4947 dogma
2106 4889 2319 4932 sectan-

753 4980 843 5024 tur
894 4979 1056 5039 atqne
1111 4968 1378 5023 tuentur?
1408 4967 1540 5033 Quae
1579 4969 1769 5022 horum
1815 4968 2073 5035 colorum,
2117 4980 2170 5023 et
2191 4985 2320 5024 con-

755 5075 1022 5118 tortorum
1073 5073 1538 5132 argumentorum,
1593 5075 1657 5116 ac
1706 5063 1869 5118 veluti
1914 5065 2318 5117 excusationum

752 5155 1004 5212 utilitas?
1037 5159 1144 5210 Aut
1182 5171 1277 5209 cur
1307 5155 1662 5210 laborandum
1694 5165 1778 5209 est
1811 5165 2030 5225 propter
2063 5156 2202 5210 hanc
2226 5171 2323 5209 va-

759 5265 884 5305 nam
957 5258 1012 5302 et
1081 5247 1473 5300 infructuosam
1525 5231 2122 5299 icircumlocutiunem?
2172 5244 2323 5300 Sicut

753 5342 899 5396 enim
956 5349 1170 5409 Oportet
1213 5337 1373 5392 corde
1427 5341 1649 5392 credere
1698 5338 1764 5390 ad
1810 5336 2098 5405 jusmiam,
2149 5352 2323 5406 neque

754 5433 995 5489 absurdo
1025 5431 1208 5500 aliquo
1242 5433 1481 5499 cogitatu
1531 5437 1766 5482 tuentem
1800 5429 2076 5497 polluere;
2118 5430 2189 5482 ita
2226 5444 2322 5497 pur

754 5535 839 5580 est
868 5524 1050 5592 lingua
1085 5534 1302 5590 quaque
1325 5520 1389 5572 ad
1421 5521 1649 5572 salutem
1681 5520 1954 5585 conﬁteri,
1982 5531 2035 5572 et
2065 5536 2135 5574 ne
2159 5521 2322 5575 verbo

753 5617 972 5685 quidem
1014 5625 1168 5669 tenus
1203 5619 1294 5665 aut
1323 5611 1551 5681 syllaba,
1589 5611 1703 5665 sive
1749 5613 2043 5666 scribimus
2085 5614 2200 5665 sive
2240 5613 2324 5666 lo-

755 5713 998 5780 qttimur,
1053 5706 1290 5762 dictione
1343 5704 1418 5760 uti
1481 5718 1600 5774 quae
1650 5706 1894 5761 scandali
1944 5705 2162 5761 occasio
2213 5706 2319 5772 sit;

2419 4606 2519 4675 τῆς
2546 4604 2641 4656 τοῦ
2679 4602 2924 4656 τοιούτου
2953 4601 3112 4669 λόγου
3155 4599 3583 4671 παρεισαγωγῆς
3630 4600 3730 4654 καὶ
3777 4601 3959 4671 mei

2427 4712 2549 4766 μου.
2582 4694 2680 4757 Τίς
2727 4695 2834 4764 γὰρ
2884 4695 2919 4766 ἡ
2974 4693 3186 4762 ἀνάγκη
3241 4691 3444 4745 διδόναι
3495 4692 3682 4763 χώραν
3738 4694 3887 4758 ὅλως
3933 4711 3959 4746 τ

2428 4789 2652 4858 ἀτοπίᾳ,
2674 4789 2767 4840 καὶ
2783 4785 2956 4857 λαϐὴν
2977 4787 3076 4839 οὐκ
3095 4785 3265 4855 ἀγενῆ
3278 4785 3353 4850 τῷ
3367 4785 3503 4854 πρὸς
3531 4785 3628 4854 τὴν
3661 4788 3959 4855 κακοδοξία

2421 4877 2624 4948 ταύτην
2657 4877 2992 4930 άντιθεοῦντι
3011 4878 3103 4929 κα)⁸
3121 4875 3478 4944 άντιλὲγοντις
3503 4875 3594 4928 καὶ
3617 4875 3834 4932 δεῖσθαι
3857 4897 3959 4948 χρυ

2425 4959 2609 5041 μάτων
2625 4971 2718 5022 καὶ
2731 4987 2795 5022 πε
2805 4969 3099 5036 ιθανάγκης
3115 4969 3208 5021 καὶ
3223 4969 3346 5020 ἅντε
3356 4969 3623 5039 πιφορῶν,
3639 4969 3737 5020 καὶ
3750 4971 3909 5036 ἀγων

2423 5064 2511 5118 διὰ
2533 5066 2634 5133 τὴν
2663 5064 2878 5116 εἰκαίαν
2907 5062 3001 5115 καὶ
3023 5062 3285 5131 ἀσυντελῆ
3309 5061 3514 5130 ταύτην
3536 5061 3959 5132 παρεισπλοκήν

2428 5159 2643 5226 Ὠσπερ
2676 5157 2782 5227 γὰρ
2809 5157 2928 5208 δέον
2964 5155 3158 5224 καρδίᾳ
3212 5155 3291 5218 είς
3338 5153 3682 5224 δικαιοσύνην
3733 5156 3959 5209 πιστεύε

2427 5248 2574 5308 σθαι,
2612 5246 2704 5297 καὶ
2738 5246 2813 5313 μὴ
2839 5243 3157 5313 χραίνεσθαι
3184 5243 3324 5294 κατὰ
3346 5241 3468 5296 νοῦν
3491 5259 3598 5294 τινι
3627 5242 3875 5311 νοήματι
3910 5259 3959 5300 κε

2427 5340 2818 5406 ἀπηχεστάτῳ,
2847 5334 2988 5387 οὕτω
3013 5334 3249 5403 καθῆκον
3284 5335 3376 5385 καὶ
3416 5332 3636 5403 γλώσσῃ
3677 5336 3764 5396 είς
3817 5351 3959 5402 ctuti

2431 5433 2553 5502 ρίαν
2582 5428 2890 5497 ὁμολογεῖν,
2927 5429 3021 5478 καὶ
3055 5428 3131 5496 μὴ
3161 5427 3214 5478 δὲ
3253 5426 3414 5495 μέχρι
3446 5425 3604 5491 λόγου
3650 5427 3751 5476 καὶ
3795 5429 3959 5480 milia

2425 5522 2535 5573 σῶν
2567 5519 2840 5588 συνθήκης
2892 5520 2984 5570 καὶ
3037 5520 3356 5587 προσφορᾶς
3390 5516 3651 5584 πρόξενον
3687 5520 3959 5575 σκανδαὶς

2427 5613 2577 5683 ῥῆμα
2617 5610 2921 5679 προΐεσθαι,
2968 5609 3061 5660 καὶ
3087 5607 3527 5679 άπερρεύγεσθαι
3560 5606 3719 5659 τοῦτο
3750 5611 3838 5673 είς
3884 5615 3959 5661 επ]

2432 5702 2700 5771 σκιασμὺν
2735 5702 2827 5753 τοῦ
2863 5698 3119 5770 λαμπροῦ
3147 5699 3241 5753 καὶ
3270 5695 3562 5768 διαφανοῦς
3582 5697 3959 5776 τῆςὴἀποστολ
