3982 6326
144 239 227 303 229

1415 230 1879 296 DiSl’UTATlO
1922 228 2004 291 ῐῐ.

3243 233 3353 300 230

145 361 223 428 ﬁt;
267 356 355 409 καὶ
402 353 678 424 πατρικῆς
729 348 1081 413 διδασκαλίας
1118 348 1319 417 φωτός.
1377 350 1474 400 Διὶ
1519 345 1572 400 τί
1611 345 1667 398 δὲ

1775 360 1949 414 neque
1979 342 2280 414 quidquam
2309 350 2590 408 cructarc,
2621 342 2768 413 quod
2807 342 3147 414 splendidam
3190 357 3354 420 atquc

142 453 252 511 ὅλως
298 446 521 508 ἑαυτοὺς
576 445 670 497 τὸν
723 447 907 514 τοῖχον
959 442 1206 511 ἀλείφειν
1252 438 1672 506 ἐκϐιαζόμεθας

151 539 448 605 Ἐξαλείψω
474 537 605 606 γὰρ,
638 540 793 605 φησι,
830 535 937 588 τὸν
980 533 1188 602 τοῖχον
1219 534 1317 586 καὶ
1367 533 1474 585 τὸν
1514 531 1677 585 ἀλεί-

143 648 299 702 φοντα
325 630 513 684 αὐτόν
538 644 552 658 ·
600 629 851 682 τουτέστι
887 628 949 680 τὸ
987 626 1180 695 ψεῦδος
1233 625 1329 678 καὶ
1374 623 1467 675 τὸν
1514 619 1678 676 τοῦτο

142 726 398 796 προσάγειν
473 724 567 776 καὶ
647 719 1058 789 συγκαλύπτειν
1131 719 1407 773 ἐθέλοντα.
1453 718 1673 783 ’Δπαγε

143 819 287 884 λέγειν
315 815 479 879 οὕτω,
527 814 576 866 εί
607 813 811 882 φαῦλον
854 811 914 864 τὸ
963 811 1144 879 λέγειν
1195 810 1327 881 μίαν
1377 807 1540 878 φύσιν
1581 806 1676 859 ἐπὶ

142 905 337 977 Χριστοῦ
375 923 388 937 ·
423 904 578 968 ἅπαξ
623 903 956 974 ἀποϐληθὶν,
1001 903 1248 973 ερριφθω
1300 903 1356 964 ὲς
1403 890 1673 969 κόρακας,

145 995 477 1066 συγχωσθήτω
530 995 607 1065 τῷ
664 995 836 1065 λήθης
893 993 1074 1063 βυθῷ,
1124 993 1253 1064 μηδ’
1307 993 1436 1061 ἄχρι
1487 989 1675 1059 φωνῆς

143 1093 204 1150 si;
253 1088 383 1156 ἀέρα
463 1087 647 1159 μάτην
717 1087 988 1157 λυομένης
1074 1084 1480 1156 παρενοχλείτω
1554 1087 1674 1147 ταῖς

147 1183 317 1242 ἀκοαῖς.

197 1444 338 1515 Τρεῖς
369 1446 426 1498 ei
461 1446 726 1503 ἀνωτάτω
755 1448 902 1514 δόξαι
937 1448 1067 1520 περὶ
1119 1449 1220 1521 τῆς
1271 1450 1520 1516 ινὼσεως
1564 1452 1674 1506 τῶν

142 1537 185 1588 ιν
209 1536 407 1606 Χριστῶ
466 1536 686 1604 φύσεων
716 1538 1152 1610 κατεϐλήθησαν,
1187 1542 1518 1614 διαιρετικὴ.
1544 1562 1677 1613 συγ-

1756 456 1758 458 τ
1777 437 2125 505 perspicuam
2157 434 2527 504 apostolorum
2548 432 2880 504 Petrumque
2895 438 3158 493 doctrinm
3178 438 3354 495 lucem

1775 529 2051 581 obscuret.
2101 526 2211 579 Cur
2266 538 2461 581 manus
2497 536 2716 581 nostras
2746 525 2815 580 ad
2844 525 3210 582 dealbandum
3255 543 3356 598 pa-

1777 619 1966 673 rielern
2023 630 2161 686 pene
2213 616 2416 671 invitas
2464 615 2840 686 impellimus!
2879 617 3013 673 Cum
3070 618 3354 687 Scriptum

1776 709 1921 764 dicat
1947 729 1960 764 :
1991 707 2102 778 Ego
2129 723 2336 761 murum
2362 724 2480 761 cum
2503 724 2562 762 eo
2580 708 2669 778 qui
2702 708 2841 763 hunc
2863 709 3070 764 dealbat
3098 711 3277 764 delebo
3300 713 3352 777 ’ς

1777 787 2120 856 mendacium
2173 800 2425 863 scilicet,
2478 815 2599 854 cum
2685 815 2751 854 eo
2803 801 2896 870 qui
2951 801 3005 855 id
3062 803 3355 884 obii-odere

1776 894 2007 947 latenter
2057 893 2270 947 nititur.
2320 890 2523 947 Omitte
2574 891 2764 962 igitur,
2816 892 3253 961 quandoquidem
3301 893 3352 947 id

1777 984 1971 1039 falsum
2008 994 2115 1048 est,
2155 999 2314 1036 unam
2347 983 2552 1036 Christi
2599 993 2849 1037 naturam
2888 986 3090 1038 dicere.
3129 967 3353 1054 Elque-

1779 1077 1924 1128 niam
1962 1076 2012 1128 id
2049 1075 2214 1128 semel
2249 1073 2528 1142 explosum
2566 1083 2673 1138 est,
2717 1076 2876 1128 abeat
2904 1091 3035 1130 sane
3069 1077 3120 1128 iit
3154 1077 3350 1130 malum

1779 1183 1914 1228 rem.
1940 1167 2230 1221 oblivionis
2258 1165 2423 1221 ﬂuctu
2451 1176 2726 1236 mergatur
2750 1182 2765 1221 :
2797 1168 3028 1238 denique
3052 1168 3103 1224 id
3130 1183 3196 1222 ne
3219 1172 3357 1224 vorc‘

1777 1259 1996 1328 quidem
2028 1269 2211 1325 tenus,
2268 1273 2389 1329 quae
2442 1258 2498 1313 in
2553 1274 2736 1313 aerem
2787 1258 2994 1315 frustra
3043 1263 3352 1329 evanescit,

1776 1363 1937 1405 aures
1985 1348 2243 1404 offendat.

1850 1439 1986 1494 Tres
2013 1441 2141 1494 olim
2169 1441 2236 1494 de
2284 1451 2605 1495 naturarum
2645 1442 2697 1496 in
2737 1441 2957 1498 Christo
2994 1446 3195 1501 unione
3224 1463 3354 1503 sen-

1778 1532 1960 1587 tentias
1993 1532 2150 1586 dicta:
2181 1542 2332 1594 sunt.
2366 1532 2651 1593 divisionis
2686 1535 2957 1600 videlicet,
2993 1537 3351 1606 confusionis,

145 1630 324 1699 ιντικὴ,
344 1631 439 1683 καὶ
471 1630 507 1699 ἡ
534 1632 736 1702 κυρίως
772 1631 1007 1700 ἑνωτικὴ
1037 1633 1306 1705 λεγομένη
1335 1651 1348 1666 ·
1379 1637 1434 1688 αἱ
1462 1639 1556 1705 μὲν
1579 1636 1669 1691 οὖν

1776 1633 1830 1678 et
1855 1623 1974 1692 ejus
2001 1637 2120 1694 quae
2143 1623 2381 1678 maxime
2408 1625 2612 1679 unitiva
2644 1625 2787 1680 dicta
2819 1637 2905 1681 est
2933 1645 2946 1680 :
2976 1642 3204 1697 quarum
3233 1634 3352 1686 dure

142 1686 212 1771 θύο
232 1686 403 1774 παισὶν
433 1686 736 1792 αἰρετίκῶν
763 1686 1235 1794 ὲπαίχθη¹σανοκαί
1259 1686 1666 1792 σέαιξέήσιθωσαν.

1775 1714 1984 1782 priores
2039 1712 2310 1768 haereticis
2363 1713 2646 1769 illuseruut
2696 1724 2749 1768 et
2785 1731 2918 1771 sane
2953 1718 3196 1772 illutlant.
3234 1720 3354 1774 Pri-

145 1809 226 1861 Kal
248 1807 337 1880 τὴν
367 1810 467 1880 μὶν
497 1811 726 1883 πρώτην
775 1814 1050 1884 patentem
1098 1817 1393 1888 Νεστόριος
1422 1821 1451 1872 ὁ
1489 1820 1669 1890 παρά-

143 1912 290 1964 φορος,
311 1898 402 1951 καὶ
423 1899 529 1968 τὴν
551 1901 762 1953 οίκείαν
791 1900 954 1954 ὠδῖνα
987 1903 1298 1972 περιεπεπω
1320 1946 1335 1970 ,
1373 1907 1468 1959 καὶ
1502 1923 1672 1960 κατα-

144 1989 329 2043 στὰσθω
373 1991 454 2064 τίς
503 1991 633 2063 ᾅδου
666 1992 965 2064 βάραθρον,
1005 1997 1101 2049 καὶ
1133 1997 1550 2064 συγκαθιζέσθω
1591 1998 1669 2070 τῷ

145 2081 274 2149 πατρὶ
293 2080 382 2134 τοῦ
405 2081 636 2150 ψεύδους
666 2085 840 2140 Σατάν
873 2102 888 2118 ’
932 2087 1031 2155 τὴν
1060 2087 1116 2140 δὲ
1172 2088 1432 2160 δευτέραν
1471 2091 1672 2160 ἐχέτω-

145 2183 218 2222 σαν
250 2170 577 2242 συγχιωσαν
628 2174 807 2227 αὐτῶν
849 2176 910 2228 τὸ
936 2175 1240 2244 λογιστικὸν
1295 2179 1389 2233 καὶ
1443 2181 1668 2249 σκότους

144 2260 413 2330 πληροῦσαν
448 2263 701 2336 Eii-auxi};
735 2267 830 2320 xei
877 2269 1170 2338 Διόσκορος
1211 2272 1262 2323 oi
1315 2273 1668 2344 παράφρονες

146 2355 264 2425 καὶὴ
293 2358 414 2427 περὶ
441 2358 646 2422 αὐτοὺς
664 2360 1202 2434 κακοδαιμονεστάτη
1232 2368 1667 2438 ὀμήγυρις,ἒντι

145 2447 332 2514 πρᾶγμα
362 2447 520 2502 νόθον
544 2451 928 2524 φανταζομένη
961 2455 1056 2508 καὶ
1086 2457 1528 2525 ἀναπλάττουσα,
1572 2463 1668 2516 καὶ

148 2535 190 2585 ἐν
223 2537 546 2612 οὒόοποτέρῳ
597 2542 708 2594 τῶν
757 2544 1046 2612 ὲνωμένων
1111 2547 1367 2618 καθαρῶς
1416 2550 1478 2604 τὸ
1536 2551 1668 2606 ῐδιον

146 2628 457 2696 ἁποσὼζουσα
485 2646 502 2665 ⁸
539 2634 605 2696 ἃς
641 2636 783 2689 καὶὸ
825 2636 933 2690 τῶν
984 2638 1144 2692 θείων
1201 2641 1460 2711 Πατέρων
1497 2645 1667 2699 κατά-

147 2721 266 2791 λογος
292 2728 466 2793 καλῶς
496 2729 672 2782 ποιῶν
698 2729 991 2784 ἀποϐαλὼν
1024 2733 1225 2797 ἱκανῶς
1261 2735 1664 2807 ἑστηλίτευσεν.

155 2812 202 2867 Ἠ
226 2816 273 2868 a
300 2817 453 2890 τρίτη
489 2820 800 2891 ἀσύγχυτός
847 2839 903 2875 τε
956 2823 1052 2875 καὶ
1086 2823 1389 2894 ἀδιαίρετος
1414 2826 1523 2880 τῶν
1574 2828 1668 2881 δύο

146 2899 317 2966 φύσεων
364 2906 584 2972 Evenere,
633 2905 740 2964 οίδε
779 2910 878 2980 μιν
928 2911 995 2965 τὰ
1041 2912 1312 2966 ἑνωθέντα
1363 2915 1668 2982 summa»;

1775 1821 1916 1858 mam
1949 1805 2176 1860 insanus
2214 1805 2282 1861 de
2327 1820 2427 1860 suo
2462 1809 2689 1864 cerebro
2727 1805 3011 1867 Nestorius
3058 1812 3214 1880 fudit,
3255 1816 3347 1886 qtti

1773 1897 1962 1966 utique
2009 1908 2225 1968 partum
2261 1913 2419 1953 suum
2465 1899 2667 1968 foveat,
2722 1903 2792 1957 ab
2827 1887 2999 1973 eoque
3048 1905 3099 1960 in
3149 1906 3347 1966 inferni

1771 1988 2091 2043 barathrum
2123 1990 2496 2071 pertrahatur,
2549 1992 2731 2062 ibique
2769 2008 2890 2048 cum
2939 1999 3207 2054 mendacii
3255 2016 3353 2071 pa-

1775 2089 1926 2133 rente
1975 2068 2192 2135 diabolo
2241 2083 2448 2138 sedeat.
2488 2080 2799 2140 Secundam
2852 2087 3089 2144 habeant
3137 2068 3348 2147 sibivad

1773 2170 1972 2224 mentis
2005 2176 2239 2239 propria:
2280 2171 2657 2229 confusionem
2703 2173 3112 2246 cmcitatemque
3163 2181 3351 2236 vertor-

1772 2261 1870 2316 des
1899 2260 2174 2334 Eutyches
2195 2273 2358 2333 atque
2383 2265 2676 2320 Dioscorus
2700 2280 2821 2320 cum
2851 2282 2946 2322 sua
2977 2269 3348 2327 infelicissima

1773 2363 1964 2420 secta,
2012 2356 2105 2425 qui
2161 2358 2404 2425 spurium
2455 2358 2646 2427 dogma
2703 2359 2809 2413 sibi
2853 2359 3234 2418 confinxerunt
3285 2379 3350 2418 ac

1781 2449 2173 2516 procuderunt,
2219 2452 2424 2518 quique
2472 2450 2649 2528 neutri
2711 2460 3025 2506 naturarum
3072 2455 3346 2509 unitarnm

1772 2539 1914 2606 parti
1975 2540 2363 2610 proprietatem
2418 2557 2572 2596 suam
2637 2554 2986 2600 conservant.
3049 2545 3349 2616 Utramque

1765 2625 1974 2697 jamdiu
2019 2631 2346 2686 sententiam
2376 2635 2611 2704 synodus
2637 2645 2949 2690 sanctorum
2980 2637 3198 2691 Patrum
3225 2653 3350 2706 pro-

1771 2721 1994 2789 scripsit
2050 2731 2220 2792 atque
2268 2723 2573 2777 infamavit.
2616 2723 2802 2778 Tertia
2838 2741 2956 2794 quae
3003 2728 3342 2784 inconfusam

1773 2808 2174 2880 indivisamque
2202 2813 2433 2867 duarum
2471 2825 2785 2868 naturarum
2835 2817 3083 2873 unionem
3117 2822 3344 2886 asserit,

1772 2899 2183 2968 coniunctorum
2241 2905 2430 2974 utique
2481 2907 2856 2975 subjectorum
2907 2908 3162 2966 immotas
3220 2927 3349 2981 pro-

150 2990 295 3059 ῐχοντα
322 2997 464 3051 κατὰ
513 2998 614 3070 τὴν
657 3000 838 3054 αὐτῶν
891 3002 1154 3073 ἰδιότητα,
1184 3005 1273 3060 διὰ
1302 3007 1364 3061 τὸ
1396 3008 1666 3079 ἄτρεπτον

1774 2996 2033 3066 prietates
2058 3007 2366 3064 conservat,
2399 3009 2623 3069 propter
2659 3015 2848 3057 eorum
2879 3002 3343 3062 inconvertibilem

150 3085 218 3146 re).
236 3086 579 3144 ἀναλλοίωτον
599 3105 617 3122 ο
657 3093 850 3158 κοινῶς
881 3094 938 3147 δὲ
969 3094 1141 3152 ταῦτα
1171 3098 1288 3162 ἑνὸς
1322 3094 1464 3153 εἶναι
1494 3103 1661 3168 ποιεί,

148 3173 195 3226 δι’
220 3178 370 3249 αὐτὴν
407 3181 465 3234 δὲ
506 3182 608 3253 τὴν
645 3185 939 3256 ούσιότητα
984 3185 1183 3242 ἕνωσιν
1234 3205 1248 3219 ·
1282 3190 1359 3253 ὠς
1407 3186 1548 3246 εἶναι
1597 3194 1666 3248 τὰ

150 3266 223 3332 μὲν
241 3275 431 3341 κυρίως
454 3274 570 3327 (die
601 3275 853 3348 θατέρου,
892 3278 1047 3331 κοινὰ
1084 3278 1180 3334 τοῦ
1205 3281 1351 3335 ὃλοψ
1380 3282 1452 3336 τὰ
1482 3283 1539 3338 δὲ
1570 3284 1665 3338 τοῦ

147 3360 237 3415 ὅλου
250 3367 407 3428 κοινὰ,
427 3366 661 3437 θατέρου
681 3369 808 3436 rem,
836 3371 922 3424 διὰ
940 3372 1038 3444 τὴν
1057 3373 1114 3425 ὲν
1130 3372 1342 3447 θατέρῳ
1362 3375 1668 3447 ἀσύγχυτον

151 3452 362 3524 ἰδιότητα.
431 3459 490 3512 '0
545 3461 647 3528 μὲν
692 3457 785 3528 οὖν
821 3463 922 3533 τῆς
967 3464 1230 3535 ἀληθείας
1272 3467 1432 3536 λόγος
1472 3469 1535 3522 τὸ
1569 3469 1666 3540 μὲν

150 3545 302 3600 ταδτδν
326 3551 464 3604 κατὰ
490 3553 592 3622 τὴν
624 3553 921 3608 ὑπόστασιν
943 3552 1073 3622 οἶδε,
1115 3557 1259 3612 κατὰ
1288 3559 1346 3612 δὲ
1372 3560 1470 3631 τὴν
1502 3560 1668 3631 φύσιν

151 3637 195 3688 τὸ
220 3639 404 3712 ἕτερον.
445 3644 613 3698 Ἀλλὰ
642 3649 754 3709 τοῖς
786 3647 881 3702 ἐπὶ
909 3648 1150 3720 Χριστοῦ
1180 3651 1311 3720 μίαν
1335 3652 1498 3722 φύσιν
1530 3655 1668 3723 μετὰ

152 3728 224 3800 τὴν
244 3732 419 3789 ἕνωσιν
445 3737 721 3805 λέγουσιν,
755 3741 782 3793 ὀ
803 3741 1005 3811 τρόπος
1037 3742 1302 3812 συνῆκται
1327 3745 1424 3813 τῆς
1471 3745 1669 3815 ἀνακύ-

153 3838 274 3890 σιως,
309 3829 396 3881 καὶ
424 3829 537 3883 τῶν
564 3830 782 3898 φύσεων
807 3832 869 3886 οὐ
895 3833 1260 3904 περισώζεται
1299 3835 1360 3888 τὸ
1387 3835 1666 3908 διάφορον.

154 3915 229 3968 adv
245 3919 380 3972 αὐτοὶ
406 3924 480 3990 μὴ
513 3922 676 3976 τοῦτο
696 3923 976 3980 ἐθέλωσιν.
1006 3925 1170 3980 Ὀθεν
1192 3929 1284 3980 ἐπὶ
1307 3927 1403 3980 τοῦ
1428 3928 1667 3999 Χριστοῦ

151 4007 218 4057 τοῦ
248 4007 366 4065 Θεοῦ
413 4013 669 4083 Σωτῆρος
715 4016 873 4086 ἡμῶν
925 4017 1056 4087 μίαν
1105 4019 1269 4087 φύσιν
1301 4019 1481 4089 λέγειν
1526 4020 1668 4090 μετὰ

152 4097 223 4166 τὴν
237 4099 433 4170 ῑνωσιν,
471 4104 747 4176 σφαλερόν
777 4123 833 4159 τε
869 4107 965 4161 καὶ
999 4107 1364 4165 ἐπικίνδυνον.

204 4280 292 4336 Καὶ
317 4284 525 4354 ψευδῶς
550 4286 647 4341 καὶ
685 4286 916 4356 ἀμαθῶς
965 4287 1014 4341 oi
1059 4287 1216 4342 τοῦτο
1259 4285 1666 4359 φληναφοῦντες

1769 3087 2263 3160 invariabilemque
2298 3092 2567 3145 rationem
2604 3109 2618 3145 :
2660 3106 2846 3146 verum
2899 3092 3156 3146 idiomata
3195 3109 3346 3150 com-

1769 3182 1951 3233 munia
2006 3181 2097 3236 uni
2141 3179 2302 3244 facit,
2353 3190 2410 3236 et
2458 3182 2510 3237 in
2556 3183 2860 3238 substantia
2913 3183 3030 3254 ipsa
3085 3186 3342 3242 unionem

1767 3269 2013 3338 agnoscit
2041 3284 2056 3323 :
2092 3269 2166 3326 ita
2199 3279 2258 3324 ut
2288 3283 2410 3338 quae
2442 3281 2570 3325 sunt
2608 3272 2828 3342 propria
2859 3272 3194 3340 alterutrius,
3215 3290 3344 3332 vere

1767 3360 1866 3413 toti
1905 3361 2036 3414 liaut
2069 3361 2418 3427 communia;
2454 3373 2508 3417 et
2537 3377 2658 3432 quae
2695 3363 2791 3419 toti
2839 3368 3143 3421 communia
3189 3378 3338 3432 sunt,

1768 3465 1830 3506 ea
1865 3452 2083 3522 propria
2114 3451 2350 3509 evadant
2389 3454 2746 3524 alterutrius;
2801 3468 3024 3528 propter
3059 3460 3341 3529 utriusque

1768 3542 2116 3598 inconfusam
2161 3546 2575 3616 proprietatem.
2625 3546 2803 3602 Verax
2853 3549 3018 3617 igitur
3073 3552 3339 3618 doctrinm,

1768 3636 1908 3704 quod
1937 3651 2104 3690 unum
2136 3646 2240 3698 est,
2277 3651 2524 3705 personae
2555 3637 2785 3711 tribuit;
2817 3642 2959 3708 quod
2993 3642 3152 3696 duale
3175 3682 3191 3707 ,
3241 3657 3341 3696 na-

1769 3735 1924 3782 tura.
1956 3730 2025 3782 At
2059 3745 2188 3809 vero
2221 3729 2348 3796 illis,
2381 3730 2473 3800 qui
2509 3745 2670 3784 unam
2693 3729 2907 3786 Christi
2944 3743 3192 3788 naturam
3221 3743 3340 3803 post

1772 3819 2030 3874 unionem
2073 3819 2280 3886 dicunt,
2330 3816 2670 3876 confusionis
2717 3822 2934 3893 quidem
2977 3825 3119 3880 ratio
3167 3828 3340 3881 conli-

1770 3914 1934 3979 citur,
1968 3919 2288 3965 naturarum
2320 3921 2501 3971 autem
2534 3912 2864 3993 differentia,
2902 3915 3115 3972 etiamsi
3160 3917 3209 3971 id
3238 3918 3343 3974 mi-

1771 4007 1916 4060 nime
1944 4004 2134 4069 velint,
2162 4005 2323 4073 perit.
2366 4004 2555 4072 Itaque
2590 4005 2794 4061 Christi
2822 4005 2914 4060 Dei
2945 4022 3009 4062 ac
3033 4007 3340 4068 Servatoris

1769 4096 1943 4152 nostri
1982 4109 2143 4150 unam
2176 4106 2422 4151 naturam
2459 4106 2577 4166 post
2625 4097 2882 4153 unionem
2916 4099 3124 4166 dicere,
3173 4100 3341 4158 lubri~

1767 4201 1890 4243 cum
1922 4188 2395 4258 periculosumque
2425 4198 2528 4243 est.

1837 4279 2008 4336 Porro
2061 4280 2312 4350 imperite
2348 4281 2630 4349 falsoque,
2683 4280 2734 4334 hi
2777 4281 2870 4350 qui
2923 4285 2994 4336 ita
3047 4296 3337 4354 nugantur,

158 4373 475 4443 προσφέρουσι
517 4374 610 4428 τὸν
644 4375 931 4444 ἄνθρωπον
964 4377 1045 4439 είς
1074 4376 1450 4447 παράδειγμα.
1482 4376 1545 4430 '0
1568 4378 1666 4447 μὲν

1774 4371 2084 4440 exemplum
2121 4369 2452 4429 abhomine
2491 4378 2766 4439 sumptum
2811 4382 3096 4440 oggerunt.
3136 4373 3342 4430 Huma-

158 4466 236 4535 γὰρ
279 4466 558 4540 ἄνθρωπος
612 4465 868 4529 σύνθετος
919 4467 1020 4537 μία
1069 4469 1233 4537 φύσις
1285 4469 1666 4535 ἀποτελεῖται,

159 4549 302 4622 ἐπειδὴ
333 4552 440 4605 τῶν
482 4551 545 4617 ἐξ
589 4545 663 4606 ὧν
712 4553 974 4624 συνετέθη
1017 4553 1145 4617 τοὺς
1175 4555 1369 4622 λόγους
1421 4558 1517 4610 καὶ
1565 4557 1665 4621 τὰς

159 4639 399 4709 ὀνομασίας
455 4641 664 4710 κυρίως
719 4643 821 4695 οὐκ
874 4643 1230 4715 ιπιδέχεται·
1269 4646 1332 4698 οὐ
1377 4647 1486 4716 γὰρ
1517 4646 1666 4700 ἐστιν

160 4730 292 4785 εἰπεῖν
315 4735 391 4788 ὅτι
429 4736 458 4788 ό
499 4733 786 4805 ἄνθρωπος
816 4737 1024 4807 κυρίως
1053 4737 1198 4807 ψυχή
1227 4753 1286 4790 τε
1322 4737 1356 4809 ἢ
1387 4738 1546 4810 σῶμα
1575 4740 1667 4793 λέ-

160 4831 308 4883 τεται·
348 4823 469 4877 οὔτε
513 4823 620 4894 μὴν
665 4824 794 4888 τοὺς
831 4825 1023 4893 λόγους
1066 4822 1317 4900 [κυρίως]
1371 4830 1447 4899 (7)
1488 4831 1670 4884 ἐπιδέ-

163 4922 296 4975 χεται,
320 4914 420 4967 κᾶν
458 4914 764 4986 ψυχὴν’καὶ
801 4914 960 4985 σῶμα
993 4917 1300 4985 κεκτῆσθαι
1323 4919 1564 4988 λέγεται.
1613 4923 1671 4976 '0

161 4996 197 5047 δὲ
214 5002 265 5072 δὴ
285 5004 506 5076 Χριστὸς
536 5006 666 5071 Θεὸς
690 5007 870 5080 ήμῶν,
895 5007 1305 5077 συντεθειμένος
1335 5014 1397 5063 ὲκ
1420 5011 1670 5081 θεότητος

163 5104 202 5141 τε
222 5095 297 5146 καὶ
324 5097 740 5169 ἁνθρωπότητος
764 5137 780 5163 ,
815 5102 908 5152 καὶ
939 5099 1037 5162 τὰς
1063 5100 1362 5170 ὀνομασίας
1403 5103 1496 5153 καὶ
1545 5104 1672 5166 τοὺς

163 5179 312 5252 λόγους
335 5189 442 5243 τῶν
471 5190 530 5255 ἐξ
575 5185 650 5244 ὧν
678 5191 943 5263 συνετέθη
991 5192 1206 5260 φύσεων
1240 5193 1554 5262 ἐπιδέχεται
1593 5209 1608 5224 ⁶
1645 5197 1674 5248 ὁ

213 5325 433 5404 ‘Ezeeh.
472 5345 602 5398 xm,
642 5331 732 5385 14.

214 5445 274 5514 (η
316 5448 368 5501 1η
421 5459 604 5503 vetere
659 5449 822 5517 hujus
884 5450 1065 5517 operis
1115 5449 1301 5503 codice
1355 5446 1656 5515 Vaticano,

168 5529 336 5583 propter
365 5520 656 5573 abscissam
683 5533 868 5585 oram,
909 5536 1071 5573 unum
1109 5520 1300 5573 saltem
1343 5522 1660 5574 vocabulum

169 5588 301 5658 periit.
327 5587 377 5641 In
410 5593 708 5645 recentiore
755 5598 934 5643 autem
978 5589 1220 5658 ejusdem
1251 5589 1428 5658 operis
1475 5592 1664 5644 codice

171 5651 258 5709 Vat.
283 5661 330 5712 lit
359 5661 548 5716 ibidem
579 5662 788 5726 lacuna,
823 5651 1473 5730 relicto'spatioio."Uttdc
1501 5675 1663 5730 appa-

1770 4477 1898 4516 nnrn
1930 4462 2126 4531 quippe
2157 4461 2518 4531 compositum
2561 4477 2664 4514 una
2714 4469 2907 4515 natura
2952 4478 3075 4518 esse
3123 4467 3340 4532 dicitur,

1771 4554 1897 4622 quia
1930 4569 2134 4620 rerum,
2168 4554 2313 4608 unde
2359 4563 2675 4607 concretum
2712 4562 2829 4620 est,
2874 4556 3260 4625 appelationes
3288 4570 3342 4616 ct

1773 4647 1994 4701 nomina
2048 4646 2189 4700 haud
2242 4647 2459 4715 proprie
2492 4647 2729 4716 recipit:
2763 4661 2938 4717 neque
2982 4651 3124 4704 enim
3178 4651 3340 4706 homo

1773 4738 1992 4807 proprie
2024 4738 2205 4790 anima
2234 4737 2316 4790 vel
2357 4752 2552 4806 corpus
2589 4738 2786 4793 dicitur
2820 4757 2834 4793 :
2875 4756 3048 4807 neque
3095 4741 3191 4796 has
3240 4758 3339 4812 ap-

1773 4829 2092 4898 pellationes
2125 4828 2340 4896 proprie
2367 4831 2577 4899 recipit,
2610 4831 2825 4884 etiamsi
2850 4832 3088 4885 animam
3133 4844 3187 4887 et
3219 4849 3338 4889 cor-

1769 4937 1869 4990 pus
1905 4923 2104 4976 habere
2137 4922 2357 4975 dicitur.
2391 4919 2640 4974 Christus
2668 4930 2848 4975 autem
2884 4921 3025 4977 Deus
3057 4933 3238 4978 noster
3270 4939 3335 4979 ex

1769 5015 2052 5068 divinitate
2075 5025 2235 5078 atque
2259 5013 2596 5067 humanitate
2619 5023 2855 5078 constat,
2875 5025 2931 5067 et
2954 5015 3340 5083 appellationes

1769 5122 1832 5161 ac
1867 5107 2086 5160 nomina
2120 5117 2458 5168 naturarum,
2491 5120 2555 5159 ex
2605 5104 2801 5174 quibus
2840 5115 3078 5169 constat,
3104 5107 3334 5177 recipit:

1772 5199 1886 5266 ipse
1915 5197 2058 5252 cnim
2088 5207 2171 5251 est
2200 5196 2343 5250 Deus
2369 5207 2420 5251 et
2451 5199 2641 5263 homo,
2679 5197 2776 5252 has
2816 5199 3201 5266 appellationes
3240 5214 3336 5252 na-

1770 5462 1874 5511 ret,
1937 5447 2292 5502 recentiorem
2346 5447 2490 5501 hunc
2541 5448 2872 5516 exscriptum
2918 5447 3084 5501 fuisse
3124 5451 3190 5502 ab
3244 5449 3334 5502 illo

1771 5520 2096 5588 antiquiore,
2124 5526 2178 5570 et
2207 5516 2424 5588 quidem
2450 5518 2559 5588 jam
2613 5518 2800 5571 leviter
2839 5518 2985 5571 lieso.
3042 5518 3175 5570 Hinc
3202 5535 3331 5572 sane

1770 5586 2028 5657 cootigit,
2062 5597 2118 5638 ut
2145 5587 2286 5640 nulla
2335 5587 2465 5640 mihi
2520 5586 2809 5642 lectionqu
2865 5589 3096 5642 varietas
3136 5589 3192 5642 in
3231 5591 3334 5644 hoc

1771 5661 1940 5714 altero
1978 5657 2270 5726 exemplari
2304 5671 2361 5711 se
2390 5657 2665 5711 obtulerit.
