3982 6326
615 301 717 368 2531

2037 301 2466 365 THEORIANI

3773 303 3876 368 232

615 420 872 474 turaliter
923 432 1141 489 gerens.
1201 415 1315 470 Non
1371 415 1540 485 igitur
1585 430 1708 472 eum
1755 414 2042 488 quisquam
2098 432 2203 470 una

2316 416 2474 477 αὐτὸς
2506 415 2616 485 γάρ
2657 414 2773 468 ἐστι
2814 414 2909 469 καὶ
2947 415 3080 479 Θεὸς
3112 416 3205 469 καὶ
3239 414 3529 486 ἄνθρωπος
3556 418 3717 484 φύσει
3755 421 3876 481 τοὺς

615 513 820 583 pollere
869 521 1065 564 natura
1115 511 1284 573 dicat,
1344 524 1519 579 neque
1555 525 1716 564 unam
1771 518 1896 580 post
1946 510 2200 564 unionem

617 604 851 658 allirmet
905 613 1179 656 naturam.
1261 602 1492 670 Insuper
1545 601 1785 655 hominis
1850 617 1957 656 una
2010 610 2202 654 natura

617 694 839 760 dicitur,
874 697 1002 763 quia
1036 696 1102 746 de
1135 692 1317 748 multis
1345 693 1542 746 atomis
1574 691 1877 759 subjectum
1912 691 2028 761 ejus
2055 707 2204 745 cont-

618 787 862 855 ponitur,
894 801 1016 855 qua:
1044 786 1210 837 atomi
1251 785 1458 839 idcirco
1497 784 1751 838 humana:
1795 790 2005 837 naturas
2037 782 2203 850 parti-

620 877 768 944 cipes
797 891 916 929 esse
941 876 1238 928 dicuntur:
1275 891 1436 943 quam
1494 891 1606 929 rem
1646 875 1712 929 de
1762 872 1981 930 Christo
2029 888 2205 943 neque

620 969 804 1022 dit-ere
845 969 971 1022 licet
1010 983 1181 1035 neque
1214 969 1477 1037 cogitate.

1634 1098 1651 1126 Ι

691 1241 802 1304 Age
837 1253 964 1290 vero
1000 1247 1053 1290 et
1109 1237 1285 1305 ipsum
1330 1243 1578 1288 sanctum
1618 1231 1880 1303 Cyrillum
1918 1231 1971 1284 in
2021 1223 2205 1286 multis

621 1332 735 1386 suis
771 1331 1110 1400 diversisque
1145 1328 1370 1398 scriptis
1402 1328 1791 1395 comperimus,
1829 1325 1992 1380 sicuti
2037 1327 2202 1380 etiam

620 1425 929 1480 reverentia
959 1433 1043 1476 tua
1072 1424 1123 1476 in
1155 1423 1296 1477 datis
1329 1423 1395 1491 ad
1430 1425 1767 1487 maiestatem
1802 1435 1977 1474 meam
2007 1417 2204 1473 litteris

620 1517 973 1588 signiﬁcavit,
1023 1517 1162 1570 duas
1198 1515 1252 1568 in
1284 1514 1507 1568 Christo
1537 1521 1656 1581 post
1690 1512 1945 1567 unionem
1983 1519 2205 1565 naturas

622 1609 922 1679 praedicare
957 1619 1125 1678 atque
1159 1608 1374 1662 docere.
1413 1604 1524 1660 Cur
1562 1607 1707 1659 hunc
1749 1604 2204 1659 contradictionis

623 1701 788 1756 veluti
822 1701 1223 1762 accusabimus,
1260 1700 1489 1753 dicendo
1517 1698 1766 1760 eumdem
1797 1712 1960 1751 unam
1989 1711 2206 1766 quoque

2305 506 2502 575 λόγους
2526 507 2734 560 τούτων
2766 508 3174 577 ἐπιδεχόμενος.
3226 509 3341 561 Οὐκ
3378 509 3486 576 ἄρα
3509 511 3637 578 μιᾶς
3668 510 3878 578 φύσεως

2305 595 2469 647 αὐτον
2490 597 2608 665 ἐρεῖ
2641 612 2727 658 τις
2753 595 3170 652 ἀποτελεῖσθαι.
3229 596 3260 665 ἢ
3319 597 3452 665 μίαν
3505 596 3666 665 φύσιν
3715 592 3875 660 εἶναι,

2308 687 2449 758 μετά
2508 689 2609 756 τὴν
2661 688 2878 739 ἕνωσιν.
2937 689 3050 740 Καὶ
3089 687 3263 748 ἄλλως
3298 679 3354 740 δὲ
3389 691 3416 741 ό
3446 688 3734 757 ἄνθρωπος
3786 689 3879 757 μία

2261 780 2272 786 ’
2306 779 2470 849 φύσις
2499 778 2742 847 λέγεται,
2771 780 2859 831 διὰ
2891 779 2950 830 τὸ
2982 779 3193 832 πολλῶν
3227 780 3445 848 ἀτόμων
3476 781 3626 848 αὐτῷ
3659 783 3880 833 ὑποκει-

2309 872 2457 941 μένῳ
2513 871 2973 941 κατηγορεῖσθαι,
3037 871 3132 922 καὶ
3163 872 3371 923 τούτων
3437 872 3513 933 ὡς
3566 873 3665 940 τῆς
3713 875 3881 940 αὐτῆς

2307 959 2460 1030 αὐτῷ
2495 962 2904 1014 κοινωνούντων
2944 960 3164 1030 φύσεως
3193 962 3452 1029 λέγεσθαι
3483 977 3497 992 ·
3532 963 3668 1032 ὅπερ
3695 963 3796 1014 οὐκ
3823 965 3883 1014 ἄν

2306 1070 2393 1115 τις
2440 1052 2585 1106 εἴποι
2610 1055 2702 1106 ἐπὶ
2732 1053 2826 1106 τοῦ
2848 1054 3111 1124 Χριστοῦ,
3141 1053 3264 1106 οὐδὲ
3292 1054 3533 1116 διανοίας
3567 1054 3883 1106 ἀναπλάσαι

2307 1146 2632 1216 κινήμασιν.

2389 1238 2548 1291 Ἐπεὶ
2583 1239 2639 1290 δὲ
2674 1240 2768 1292 καὶ
2803 1241 2830 1293 ὁ
2869 1241 2928 1293 ὲν
2979 1243 3158 1306 ἁγίοις
3207 1242 3483 1302 θειότατος
3527 1241 3801 1309 Κιριλλος
3831 1243 3884 1293 ὲν

2261 1330 2523 1393 ιπολλοῖς
2574 1332 2670 1384 καὶ
2721 1331 3001 1402 διαφόροις
3054 1333 3165 1384 τῶν
3211 1334 3376 1387 αὐτοῦ
3433 1334 3885 1404 συγγραμμάτων

2307 1425 2651 1493 εὑρίσκεται,
2679 1425 2756 1486 ὡς
2788 1425 2884 1478 καὶ
2917 1426 2951 1495 ἡ
2989 1427 3056 1495 σὴ
3097 1426 3353 1495 τιμιότης
3398 1427 3456 1478 ὲν
3499 1425 3576 1494 τῷ
3622 1426 3761 1495 πρὸς
3792 1426 3886 1494 τὴν

2311 1517 2598 1586 βασιλείαν
2657 1517 2818 1586 ἡμῶν
2870 1517 3239 1571 ἀποσταλέντι
3299 1518 3433 1587 παρ’
3483 1518 3654 1588 αὐτῆς
3706 1519 3889 1587 ὲδηλο-

2309 1611 2507 1683 ποίησε
2547 1611 2879 1682 γράμματι,
2932 1611 3028 1664 δύο
3087 1612 3281 1682 φύσεις
3337 1617 3480 1682 μετὰ
3531 1616 3633 1676 τὴν
3691 1614 3888 1666 ἕνωσιν

2309 1701 2707 1772 ἀνακηρύττων
2741 1702 2838 1754 καὶ
2865 1702 3137 1756 διδάσκων
3169 1704 3260 1756 ἐπὶ
3294 1703 3538 1772 Χριστοῦ
3561 1744 3575 1768 ,
3605 1704 3694 1757 διά
3727 1703 3889 1756 ποίαν

624 1793 923 1848 aﬂirmasse
971 1799 1091 1862 post
1145 1791 1400 1845 unionem
1456 1805 1581 1846 esse
1635 1789 1938 1844 naturam?
1975 1788 2205 1844 Prorsus

2316 1795 2494 1848 αἰτίαν
2537 1794 2970 1863 ὲναντιοφωνίας
3029 1794 3192 1847 δώσει
3237 1812 3322 1858 τις
3373 1795 3672 1865 πρόφασιν,
3714 1795 3890 1863 λέγων

622 1887 765 1940 enim
800 1884 917 1938 sire
945 1881 1207 1952 Cyrillum
1240 1881 1342 1936 hoc
1378 1882 1432 1935 in
1466 1890 1784 1936 transcursu
1807 1918 1824 1945 ,
1880 1889 1939 1933 ut
1971 1881 2206 1946 videtur,

623 1975 827 2031 dixisse
890 1984 1052 2042 atque
1107 1973 1400 2041 scripsisse
1453 1972 1786 2028 credendum
1838 1980 1956 2038 est;
2000 1973 2117 2026 sive
2163 1973 2210 2027 is

623 2069 851 2122 abusive
880 2077 1127 2120 naturam
1153 2079 1251 2134 pro
1277 2079 1505 2135 persona
1531 2064 1738 2132 posuit,
1771 2073 1828 2118 ut
1852 2065 2025 2133 ipsum
2057 2064 2208 2132 alibi,

625 2161 865 2227 itemque
895 2173 960 2210 ex
986 2156 1228 2210 classicis
1253 2155 1507 2210 Patribus
1533 2155 1688 2219 alios,
1723 2154 1920 2210 fecisse
1967 2155 2206 2222 scimus;

626 2253 742 2306 sive
784 2264 958 2303 unam
984 2258 1237 2302 naturam
1281 2248 1346 2301 de
1383 2246 1588 2302 Christi
1638 2247 1925 2301 divinitate
1967 2262 2211 2317 pronun-

628 2342 801 2404 tiavil,
840 2341 913 2395 ita
949 2352 1125 2394 tamen
1167 2348 1225 2392 ut
1274 2339 1570 2392 humanam
1602 2352 1816 2409 quoque
1865 2338 2206 2392 demonstra-

629 2438 788 2499 verit,
826 2434 955 2488 dum
1011 2433 1220 2486 addidit
1251 2433 1587 2484 incantatam
1623 2446 1642 2482 :
1676 2433 1790 2484 sive
1840 2430 2074 2499 denique
2125 2445 2212 2484 se-

631 2528 866 2581 cundum
903 2525 1065 2578 alium
1094 2524 1341 2592 quemvis
1377 2537 1599 2576 sensum
1624 2520 2079 2589 intellectumque
2121 2529 2214 2574 aut

633 2616 951 2672 meonomiaa
1005 2614 1271 2668 rationem
1330 2613 1405 2666 ita
1457 2612 1667 2666 locutus
1697 2620 1783 2666 est
1826 2612 1909 2664 vir
1951 2622 2208 2677 sanctus;

631 2713 857 2776 minime
888 2709 939 2763 id
977 2717 1124 2761 certe
1145 2706 1214 2760 ob
1249 2705 1634 2760 intirmandam
1671 2713 1835 2758 recta:
1864 2703 1986 2760 ﬁdei
2009 2704 2211 2758 doctri-

634 2818 786 2866 nam,
822 2808 876 2853 et
926 2797 1246 2853 scandalum
1297 2796 1670 2865 repugnantia
1708 2795 1811 2850 sibi
1839 2795 2211 2863 excitandum,

632 2896 781 2950 fecit.
833 2892 965 2948 Cum
1011 2906 1141 2962 ergo
1185 2889 1385 2945 veritas
1427 2889 1708 2957 explorata
1755 2888 1845 2955 sit,
1879 2888 1934 2941 in
1983 2902 2214 2958 eamque

630 3001 824 3041 omnes
878 2984 1051 3038 sancti
1105 2981 1299 3037 Patres
1349 2983 1711 3050 doctoresque
1770 2982 1967 3045 nostri,
2015 2995 2209 3056 magna

2317 1887 2418 1940 τὸν
2456 1886 2622 1940 αὐτὸν
2671 1886 2765 1938 καὶ
2799 1886 2930 1956 μίαν
2954 1885 3127 1952 φύσιν
3162 1886 3344 1951 λέγειν
3371 1887 3464 1940 ἐπὶ
3506 1887 3702 1940 τούτου
3748 1885 3892 1956 μετά

2312 1979 2412 2051 τὴν
2441 1978 2763 2047 σάρκωσιν;
2796 1979 3024 2040 Πάντως
3050 1979 3160 2045 γὰρ
3201 1979 3234 2049 ἢ
3267 1979 3360 2032 τὸν
3405 1979 3649 2033 τοιοῦτον
3694 1978 3891 2032 τούτου

2314 2067 2851 2162 λόγονῇπαραδράμτρ
2872 2068 2948 2131 ὼς
2979 2068 3158 2162 ἔδοξεν
3179 2070 3376 2140 ἐκείνῳ
3406 2071 3642 2141 ρηθέντα
3690 2088 3750 2123 τε
3795 2069 3893 2123 καὶ

2315 2156 2690 2228 γραφέντα,ἢ
2739 2156 3332 2230 καταχρηστικὼτερον
3383 2159 3738 2230 ἐκλαϐομένῳ
3797 2160 3894 2224 τὴν

2314 2248 2477 2318 φύσιν
2531 2245 2656 2299 ἀντὶ
2713 2248 3095 2312 ὑποστάσεως,
3148 2248 3224 2311 ὼς
3271 2248 3366 2302 καὶ
3399 2249 3562 2312 αὐτὸς
3587 2242 3893 2312 ἔν’ἆλλοις,

2313 2340 2411 2393 καὶ
2461 2337 2612 2392 ἄλλοι
2664 2338 2775 2391 τῶν
2817 2338 2998 2406 ἁγίων
3035 2339 3307 2408 ἐκκρίτων
3351 2341 3702 2410 εὑρίσκονται
3747 2342 3896 2396 οῦτω

2313 2429 2674 2500 ποιήσαντες*
2722 2428 2754 2497 ἢ
2809 2429 2909 2498 τὴν
2951 2429 3081 2497 μίαν
3131 2429 3290 2498 φύσιν
3347 2433 3442 2485 ἐπὶ
3493 2434 3893 2502 τῆςίθεότητος

2313 2520 2410 2574 τοῦ
2441 2519 2683 2598 Χριστοῦ
2721 2521 2992 2593 είρηκότι,
3045 2523 3138 2576 καὶ
3193 2526 3610 2597 παραστήσαντι
3644 2530 3742 2581 καὶ
3787 2529 3892 2597 τὴν

2312 2611 2664 2684 ἀνθρωπίνην
2697 2614 2756 2667 ἐν
2800 2614 2875 2684 τῷ
2920 2617 3222 2684 ἐπαγαγεῖν
3258 2619 3337 2682 τὸ,
3376 2621 3854 2689 σεσαρκωμένην
3878 2637 3890 2650 '

2312 2705 2345 2776 ἢ
2378 2707 2474 2761 καὶ
2502 2708 2602 2778 τὴν
2650 2707 2820 2789 ἀλλην
2858 2710 2980 2764 τινὰ
3015 2710 3226 2765 ἔννοιαν
3262 2713 3357 2766 καὶ
3406 2714 3687 2785 ἐπιϐολὴν,
3734 2715 3766 2786 ἢ
3802 2718 3898 2769 καὶ

2309 2802 2512 2873 τρόπον
2547 2803 2888 2872 οἰκονομίας,
2921 2805 3014 2872 ἀφ’
3047 2798 3115 2876 ἦς
3157 2805 3359 2875 ταύτην
3391 2805 3492 2877 τὴν
3524 2807 3708 2875 φωνὴν
3743 2810 3894 2878 εἰρη-

2313 2897 2468 2950 κέναι
2509 2897 2600 2949 τὸν
2631 2897 2808 2965 ἅγιον,
2857 2899 2958 2950 οὐκ
3008 2899 3086 2960 είς
3134 2899 3536 2970 παρενόχλησιν
3573 2900 3667 2953 τοῦ
3722 2903 3895 2973 ὀρθοῦ

2310 2987 2471 3054 λόγου
2511 2987 2613 3056 τῆς
2660 2988 2948 3051 εὐσεϐείας
2976 2989 3182 3058 ταύτην
3214 2990 3728 3059 προϐαλεῖται,ικαὶ
3765 2994 3896 3046 καθ’

634 3091 838 3133 sanctae
875 3077 964 3131 Dei
1004 3074 1262 3129 Ecclesia:
1317 3073 1557 3135 lumina,
1605 3072 1953 3140 conspirent,
2006 3072 2205 3125 fruatra

2316 3078 2507 3132 ἑαυτοῦ
2561 3081 2860 3136 σκάνδαλον
2920 3083 3176 3153 άνεγερεῖ
3230 3083 3587 3148 διαστάσεως.
3643 3086 3897 3158 Φανεροῦ

627 3174 740 3245 jam
774 3171 1028 3241 objicitur
1050 3179 1212 3238 atque
1239 3167 1549 3222 obtruditur
1575 3167 1964 3236 tuordicusque
1993 3175 2207 3220 tenetur

636 3265 847 3331 vocula,
871 3279 989 3332 quae
1012 3261 1340 3327 Ecclesiam,
1365 3259 1416 3314 id
1445 3265 1551 3325 est,
1577 3275 1743 3314 unum
1760 3257 1965 3314 Christi
1987 3273 2205 3327 corpus,

637 3358 896 3413 discindit
927 3370 988 3409 ac
1020 3354 1223 3407 lacerat
1253 3367 1269 3407 :
1301 3351 1602 3420 praesertim
1629 3366 1753 3406 cum
1787 3350 1876 3405 illa
1891 3351 2094 3405 «ocula
2139 3366 2208 3404 ex

631 3451 754 3504 aliis
789 3447 970 3501 multis
1001 3444 1198 3514 corrigi
1234 3444 1425 3512 possit,
1458 3457 1634 3512 neque
1673 3442 2039 3513 pOSteriorum
2070 3452 2209 3496 tem-

632 3558 824 3611 porum
864 3542 1054 3595 Patres
1095 3536 1394 3606 quidquam
1425 3536 1751 3591 turbaverit.
1800 3535 1995 3589 Nostra
2048 3534 2211 3602 igitur

637 3636 811 3702 pietas
863 3631 1037 3686 datori
1098 3631 1343 3683 omnium
1392 3627 1659 3681 bonorum
1691 3626 1805 3680 Deo
1843 3626 2046 3695 gratias
2076 3627 2210 3696 agit,

635 3727 726 3794 qui
765 3725 911 3793 pacis
961 3722 1116 3776 nobis
1171 3731 1335 3787 atque
1374 3718 1590 3772 unionis
1624 3718 1770 3774 fores
1803 3720 2039 3788 aperuit.
2075 3717 2212 3772 Pro-

634 3817 777 3872 fecto
807 3817 852 3869 is
884 3815 1231 3869 concordiam
1268 3813 1409 3865 hanc
1443 3821 1620 3864 tecum
1661 3826 1758 3880 per
1789 3821 1956 3865 temet
2000 3812 2210 3874 initam,

635 3924 756 3977 qua:
804 3907 867 3960 ad
899 3914 1124 3961 cunctos
1166 3914 1471 3958 coastaueos
1524 3911 1644 3956 tuos
1695 3901 1899 3970 tibique
1941 3901 2214 3971 subjectos

636 4000 921 4068 pontiﬁces
977 3997 1398 4062 universumque
1444 4008 1662 4064 gregem
1722 3995 2003 4061 pertinet,
2065 3992 2208 4047 felici

638 4094 785 4145 exitu
818 4087 1135 4154 coronabit;
1181 4086 1504 4156 plenamque
1534 4089 1590 4140 e't
1619 4085 1734 4140 sine
1761 4086 1863 4139 ulla
1892 4090 2214 4154 exceptione

639 4184 901 4236 unitatem
963 4180 1357 4235 sententiarum
1414 4176 1649 4241 etlieiet,
1707 4177 1774 4230 ad
1828 4177 1911 4231 sui
1972 4177 2214 4230 nominis

638 4276 863 4343 glutiatti
893 4280 946 4325 ct
983 4269 1272 4324 invisibilis
1304 4267 1476 4322 hostis
1515 4266 1897 4334 ignominiam.

2315 3170 2425 3239 γὰρ
2452 3171 2606 3236 ὄντος
2630 3173 2724 3226 τοῦ
2752 3173 3011 3246 ἀληθοῦς,
3039 3175 3138 3229 καὶ
3174 3176 3396 3230 πάντων
3421 3178 3532 3231 τῶν
3569 3180 3744 3247 ἁγίων
3776 3182 3896 3236 Πα-

2314 3264 2494 3334 τέρων
2529 3265 2628 3318 καὶ
2669 3265 3006 3320 διδασκάλων
3039 3268 3200 3338 ἡμῶν
3235 3269 3342 3321 τῶν
3373 3269 3628 3338 μεγάλων
3669 3273 3903 3343 φωστῆ-

2318 3372 2427 3425 ρων
2462 3355 2565 3424 τῆς
2595 3357 2756 3423 ἁγίας
2789 3357 2883 3409 τοῦ
2923 3357 3058 3410 Θεοῦ
3099 3357 3422 3428 Ἑκκλησίας
3454 3361 3900 3429 συμφωνούντων

2314 3448 2397 3509 εἰς
2427 3445 2606 3510 τοῦτο,
2648 3449 2902 3518 περιττὸν
2955 3447 3035 3509 τὸ,
3096 3448 3223 3516 μίαν
3279 3448 3440 3518 ῥῆσιν
3473 3451 3553 3510 είς
3600 3450 3760 3520 ῥῆξιν
3804 3450 3904 3503 καὶ

2317 3537 2666 3608 διασπασμὸν
2688 3539 2783 3590 τοῦ
2820 3539 2939 3602 ἐνὸς
2970 3538 3222 3608 σώματος
3247 3542 3346 3608 τῆς
3371 3540 3467 3593 τοῦ
3494 3541 3734 3609 Χριστοῦ
3781 3543 3904 3595 Ἐκ-

2315 3629 2566 3695 κληαίας,
2593 3628 2907 3699 δυναμένην
2939 3631 3032 3684 καὶ
3063 3632 3235 3684 ταῦτα
3261 3632 3324 3684 ὲκ
3359 3631 3576 3686 πολλῶν
3598 3633 3698 3704 τὴν
3731 3632 3905 3704 Osph-

2316 3717 2478 3770 πείαν
2525 3718 2798 3788 δέχεσθαι,
2848 3721 2944 3773 καὶ
2978 3720 3086 3774 τῶν
3118 3723 3192 3793 μή
3223 3740 3345 3775 τινα
3397 3723 3506 3775 τῶν
3547 3721 3778 3792 ὕστερον
3812 3723 3903 3775 ἑλ-

2317 3809 2521 3862 θόντων
2557 3812 2819 3881 Πατέρων
2862 3812 3294 3882 διαταράξασαν,
3352 3813 3754 3885 προϐάλλεσθαι
3805 3818 3905 3867 καὶ

2292 3903 2679 3972 προσφέρειν,
2710 3908 2802 3957 καὶ
2855 3905 3076 3974 ἔχεσθαι
3124 3907 3327 3976 ταύτης
3381 3907 3476 3960 καὶ
3519 3907 3594 3978 μὴ
3630 3907 3903 3976 μεθίστα-

2323 3993 2470 4046 σθαι.
2498 3995 2829 4065 Εὐχάριστεῖ
2851 3992 2945 4049 οὖν
2980 3999 3014 4066 η
3039 3998 3280 4066 ἡμετέρα
3311 3998 3564 4052 εὐσέϐεια
3587 4000 3664 4067 τῷ
3692 3999 3907 4058 παντὸς

2321 4087 2530 4154 ἀγαθοῦ
2573 4088 2761 4156 δοτῆρι
2807 4089 2926 4158 Θεῷ
2972 4089 3051 4158 τῷ
3086 4091 3185 4159 ήδη
3228 4089 3408 4143 λύοντι
3440 4091 3539 4154 τὰς
3567 4092 3764 4154 ὠδῖνας
3796 4092 3904 4161 τῆς

2321 4179 2481 4247 ἡμῶν
2506 4180 2731 4248 εἰρήνης
2763 4183 2858 4232 καὶ
2888 4181 2987 4249 τῆς
3018 4182 3268 4244 ἐνώσεως
3290 4199 3302 4212 ·
3331 4181 3391 4244 ὃς
3421 4183 3518 4236 καὶ
3546 4183 3645 4254 τὴν
3675 4182 3771 4236 διὰ
3801 4183 3902 4236 σοῦ

2324 4271 2419 4322 καὶ
2464 4270 2603 4337 μετὰ
2648 4268 2744 4320 σοῦ
2798 4273 3122 4339 συμφωνίαν
3164 4273 3345 4343 πάσης
3389 4274 3488 4344 τῆς
3529 4275 3668 4327 κατὰ
3708 4275 3770 4326 σὲ
3807 4277 3908 4328 καὶ

626 4366 743 4417 ὐπὸ
774 4364 831 4414 σὲ
863 4362 1146 4431 ἱεραρχίας
1177 4360 1272 4413 καί
1293 4360 1529 4430 ποίμνης
1554 4357 1965 4428 τελεσφορήσει,
1998 4357 2093 4409 καὶ
2121 4358 2219 4428 τὴν
2260 4361 2514 4429 ὁμόνοιαν
2543 4363 2917 4432 ἀπεργάσεται
2946 4364 3352 4436 ὲντελεστάτην,
3378 4367 3470 4418 καὶ
3530 4367 3669 4420 κατά
3729 4369 3908 4439 μηδὲν

638 4462 700 4513 τὸ
740 4455 952 4517 ἐλλιπὲς
990 4455 1242 4525 ἔχουσαν,
1275 4455 1355 4517 είς
1386 4454 1546 4521 δόξαν
1578 4454 1673 4506 τοῦ
1706 4454 1864 4522 ἁγίου
1900 4453 2065 4507 αὐτοῦ
2096 4455 2385 4524 ὀνόματος,
2406 4457 2500 4509 καὶ
2528 4457 2792 4528 αἰσχύνην
2829 4459 2924 4512 τοῦ
2958 4461 3198 4530 ἀοράτου
3227 4461 3442 4531 ὲχοροῦ.
3594 4444 3604 4452 ’

1215 4549 1649 4605 DISPUTATIO.

714 4656 864 4706 Anno
895 4651 961 4705 ab
985 4648 1118 4705 orbe
1151 4647 1368 4702 condito
1408 4643 1568 4707 6680,
1615 4646 1706 4714 qui
1741 4656 1860 4698 erat
1906 4659 2078 4697 anuus
2114 4646 2208 4698 tri-

641 4746 873 4800 cesimus
925 4750 1044 4813 post
1071 4738 1353 4809 imperium
1386 4745 1697 4807 susceptum
1735 4751 1764 4788 a
1812 4736 2060 4805 piissimo
2108 4737 2208 4790 itii-

714 4904 812 4974 (ιε)
839 4903 995 4954 Anno
1020 4896 1224 4974 Christi
1254 4896 1415 4949 ms.

717 4964 962 5043 (“Ergo
991 4972 1208 5043 biennio
1231 4979 1349 5034 post
1377 4966 1606 5035 primam
1628 4964 2075 5043 disputationem,
2101 4983 2220 5043 quas

643 5046 696 5098 in
722 5035 922 5098 Graeco.
938 5053 1083 5094 textu
1109 5039 1306 5090 dicitur
1329 5049 1447 5089 acta
1474 5051 1616 5087 anno
1649 5038 1925 5102 regnantis
1955 5035 2219 5090 Manuclis

648 5117 905 5167 vicesimo
936 5122 1147 5171 octavo,
1178 5108 1279 5161 etsi
1314 5109 1569 5159 mendose
1599 5109 1650 5158 in
1680 5106 1868 5157 Latina
1904 5105 2215 5160 Leunclavii

643 5184 1086 5248 interpretatione
1113 5177 1277 5245 (Bibl.
1306 5173 1420 5228 PP.
1443 5174 1692 5248 Paris._t.
1720 5175 1760 5248 Ι,
1794 5177 1992 5246 ι)..459)
2016 5178 2214 5230 dicitur

644 5245 843 5306 deciuio
892 5261 1091 5302 octavo.
1145 5249 1331 5300 Obiter
1383 5256 1558 5298 autem
1598 5246 1681 5297 hic
1712 5245 1941 5300 observo
1975 5262 2213 5300 canones

645 5338 857 5391 quoque
887 5320 1174 5391 chronicos
1201 5316 1469 5391 Samuelis
1500 5315 1744 5391 ᾼινιιειιίἱ
1779 5317 2027 5368 Aniensis
2055 5318 2213 5386 (quos

643 5388 743 5461 ego
773 5388 898 5444 oliui
940 5389 1223 5443 Mediolani
1262 5388 1800 5461 edidt)__aliquatttunt
1825 5401 1950 5461 esse
1996 5401 2215 5452 pertur-

643 5455 818 5524 batos,
855 5463 990 5527 apud
1026 5476 1161 5526 quos
1195 5458 1399 5526 primus
1425 5455 1668 5509 Nersetis
1698 5457 2021 5522 patriarchm
2044 5472 2218 5510 annus

644 5526 988 5599 componitur
1040 5544 1162 5580 cum
1220 5528 1488 5599 Manuelis
1541 5526 1876 5599 ἱιιιιιηιιιιιιο
1939 5529 2216 5579 ῑτιιεδίηιο

642 5597 853 5669 quinto.
897 5597 1083 5669 Neque
1115 5611 1289 5650 tamen
1441 5610 1593 5669 error
1637 5597 1891 5648 editionis
1934 5609 2214 5662 utcmest;

645 5666 875 5738 namque
907 5684 988 5721 est
1027 5666 1315 5722 Vaticanus
1347 5666 1614 5718 Samuelis
1648 5669 1810 5717 codex
1842 5669 2217 5738 rArnzcutaeus

651 5737 838 5794 tertius
864 5756 982 5793 cum
1022 5740 1158 5792 libto
1200 5755 1319 5791 tneo
1355 5749 1578 5804 prorsus
1605 5737 1898 5791 sonit-util.
1948 5738 2052 5791 Sed
2084 5738 2213 5804 quid

2243 4553 2298 4612 D

2950 4556 3276 4638 AlAAEZIX.

2401 4648 2491 4700 Ἐν
2524 4645 2634 4698 ἔτει
2679 4645 2787 4697 ἀπὸ
2833 4644 3065 4706 κτίσεως
3097 4646 3302 4713 κόσμου
3358 4652 3530 4714 ,ςχπς
3578 4646 3636 4698 ἐν
3679 4645 3796 4699 ἔτει
3849 4650 3906 4699 δὲ

2319 4740 2629 4808 τριακοστῷ
2666 4737 2746 4808 (8)
2771 4738 2867 4807 τῆς
2899 4738 3334 4808 αὐτοκρατορίας
3366 4739 3460 4791 τοῦ
3490 4743 3547 4792 ἐν
3578 4739 3906 4808 βασιλεῦσιν

2331 4912 2470 4967 Opus
2497 4895 2917 4967 estSamuelem
2950 4912 3206 4966 arguere,
3254 4898 3410 4966 cujus
3447 4900 3588 4954 ratio
3617 4914 3668 4952 tn
3704 4896 3906 4956 recen-

2329 4966 2510 5021 sendis
2555 4966 2817 5019 Mauuelis
2857 4970 3012 5020 annis
3055 4984 3276 5035 prorsus
3316 4986 3342 5019 λ
3379 4970 3653 5023 communi
3681 4973 3906 5024 ratione

2327 5037 2594 5090 discedit?
2617 5037 2767 5103 Apud
2799 5052 2922 5108 eum
2958 5033 3101 5108 enim
3129 5033 3359 5092 'Manuel
3393 5048 3579 5106 regnat
3611 5041 3774 5094 anuis
3806 5044 3908 5108 46,

2327 5109 2591 5172 incipiens
2613 5110 2680 5157 ab
2708 5122 2849 5158 anno
2872 5107 2968 5159 Ch.
3003 5107 3168 5170 “35;
3199 5110 3337 5176 apttd
3368 5109 3501 5161 alios
3529 5118 3702 5161 autem
3733 5107 3908 5163 chro-

2325 5177 2630 5244 nographos
2689 5188 2878 5244 regnat
2929 5178 3086 5230 annis
3119 5179 3184 5230 57
3220 5193 3340 5229 cum
3373 5179 3619 5241 dimidio,
3655 5180 3723 5231 ab
3753 5195 3908 5235 anno

2323 5248 2482 5300 1143.
2517 5248 2636 5298 Alio
2669 5248 2826 5298 tnodo
2855 5259 3044 5313 pet-cat
3083 5247 3443 5300 Leuuelavins
3472 5249 3599 5299 dum
3633 5252 3698 5299 ad
3729 5265 3906 5301 vnea-

2324 5318 2503 5371 bultttu
2533 5319 3042 5385 πορφυρογέννητος
3074 5329 3298 5370 annotat
3332 5335 3343 5369 :
3379 5316 3654 5385 l’orphyra
3699 5322 3905 5383 palatii

2323 5404 2509 5439 nomen
2542 5390 2594 5438 in
2623 5403 2723 5454 quo
2755 5390 3030 5452 pariebant
3058 5390 3328 5455 Augustw.
3366 5386 3460 5439 Est
3488 5404 3648 5440 ειιιιιιι
3674 5392 3910 5442 notissi-

2325 5474 2468 5508 mum
2503 5458 2581 5508 sic
2614 5460 2792 5522 potius
2827 5461 3122 5524 appellatos
3154 5459 3425 5526 principes
3455 5474 3545 5524 qut
3571 5460 3637 5509 de
3667 5475 3906 5523 parente

2324 5528 2625 5596 imperante
2676 5543 2918 5593 Concepit
2953 5531 3171 5594 natique
3215 5540 3390 5579 etaut.
3439 5527 3682 5594 Denique
3713 5529 3908 5580 Letttt—

2319 5598 2526 5651 clarius
2557 5597 2785 5648 nescivit
2833 5597 3120 5664 Ῥωμαίων
3157 5598 3324 5649 κουλά
3374 5597 3768 5666 (Ιίοιιηιιυιίιιιι
3807 5615 3910 5648 ca-

2319 5670 2535 5721 stellutn
2569 5669 2706 5734 quod
2736 5669 3035 5720 Orientales
3065 5672 3418 5734 pronuntiant
3447 5667 3680 5733 liomela)
3709 5682 3906 5719 arceat

2320 5737 2487 5793 fuisse
2543 5741 2608 5790 ad
2664 5738 3014 5806 EUphI-atetn,
3068 5739 3133 5792 ad
3176 5753 3332 5806 quctn
3368 5741 3543 5794 locum
3583 5737 3908 5805 patriarcha
