3982 6326
662 155 764 219 24⁸7

2093 171 2524 232 ΤΗΕΟΗΙΛΝΙ

3791 173 3896 235 258

733 268 989 328 TllEOR.
1027 273 1085 328 Si
1127 274 1448 331 traditiones
1477 279 1613 348 ejus,
1646 291 1703 332 ut
1736 280 1894 346 dicis,
1927 283 2226 337 custodire-

2399 285 2598 338 ΘΕΩΡ.
2654 287 2712 336 Εἰ
2742 287 2838 348 τὰς
2881 288 3090 341 ἐκείνου
3126 287 3582 370 παραδόσειςηὼς
3611 283 3738 357 et};
3770 286 3895 354 ἐφυ-

662 359 764 421 tis,
809 375 1146 433 nequaquam
1191 366 1445 422 Patribus
1482 369 1951 426 'adversaremini.
1993 371 2226 428 Prorsus

658 452 802 505 enim
873 469 1045 524 nuper
1109 457 1306 512 audisti
1378 461 1647 528 prolatum
1717 478 1747 516 a
1818 463 1974 518 nobis
2044 465 2224 534 magni

661 545 942 600 Athanasii
979 549 1371 617 testimonium,
1401 553 1603 609 inferos
1635 568 1730 610 eos
1763 555 2101 626 appellantis,
2133 557 2226 627 qui

660 630 898 687 Verbum
943 643 1000 690 et
1034 652 1251 691 carnem
1290 639 1475 695 dicunt
1516 657 1676 696 unam
1720 655 1968 699 naturam
2014 662 2027 700 :
2071 663 2224 701 eum-

657 726 887 794 demque
916 727 1131 783 Patrem
1170 747 1297 785 mox
1328 733 1618 801 dicentem,
1646 737 1946 805 quamlibet
1973 741 2223 795 haeresim

655 816 936 885 impietate
978 835 1074 875 vos
1124 823 1483 892 superavisse.
1517 824 1704 897 Neque
1747 843 1878 884 vero
1927 839 1978 885 te
2029 833 2226 902 pudeat

654 909 904 964 convinci
938 925 967 963 a
999 912 1175 976 nobis,
1200 929 1429 983 quorum
1461 919 1730 973 mundana
1759 919 1972 974 fortuna
2004 932 2056 974 et
2083 922 2227 976 litte-

656 1010 844 1056 ratura
877 1004 1021 1058 nulla
1052 1013 1155 1071 est,
1182 1009 1274 1062 sed
1304 1009 1451 1063 illum
1486 1013 1657 1082 cogita
1684 1022 1859 1069 vatem
1887 1013 2224 1085 Balaamum,

652 1097 744 1165 qui
776 1112 835 1151 se
861 1098 942 1152 vel
971 1097 1037 1152 ab
1069 1100 1220 1154 asina
1254 1103 1449 1173 corrigi
1486 1120 1679 1172 passus
1709 1115 1814 1161 est.

724 1276 817 1331 His
841 1277 1153 1349 disputatis,
1179 1282 1254 1336 ait
1277 1282 1526 1340 Generali
1551 1287 1821 1344 Atmanus
1845 1306 1860 1345 :
1890 1289 2001 1360 Ego
2027 1306 2224 1346 arcana

649 1369 748 1423 fari
774 1371 988 1438 nescio;
1016 1389 1180 1428 unum
1208 1375 1311 1430 hoc
1337 1378 1476 1441 scio,
1498 1388 1552 1433 te
1577 1380 1886 1450 imperatori
1911 1384 2222 1452 scripsisse,

651 1472 705 1517 et.
749 1464 935 1520 verbis
985 1467 1146 1520 etiam
1201 1469 1593 1538 signiﬁcavisse
1647 1489 1743 1542 per
1791 1474 1933 1529 hunc
1982 1476 2223 1532 sodalem

655 1568 831 1606 meum
878 1554 1262 1625 philosophum
1311 1561 1404 1630 qui
1457 1577 1671 1617 mecum
1718 1564 1890 1619 adest.
1934 1563 2222 1635 Propterea

651 1658 748 1698 ceu
783 1644 848 1699 ad
881 1647 1183 1702 confectum
1217 1653 1491 1719 negotium
1521 1655 1666 1719 veni,
1702 1670 1809 1709 non
1848 1656 1914 1710 ad
1947 1658 2224 1726 discepta-

655 1739 878 1792 tionem.
910 1739 1061 1810 Rogo
1091 1741 1273 1812 igitur,
1305 1760 1436 1798 num
1467 1759 1527 1800 ea
1561 1762 1682 1816 quas
1713 1747 2026 1815 imperatori
2057 1750 2228 1819 signi—

655 1829 854 1894 ﬁcasti,
889 1841 1006 1885 rata
1042 1834 1280 1888 habeas?
1313 1837 1396 1891 sin
1433 1837 1630 1902 minus,
1661 1849 1849 1908 aperte
1880 1840 1932 1895 id
1966 1841 2136 1908 dicas,
2169 1852 2227 1898 ut

654 1934 1020 1985 revertamur.
1056 1927 1181 1984 Haec
1212 1931 1496 1988 audientes
1528 1936 1695 1989 verba
1733 1935 1807 1990 illi
1841 1937 2105 2008 episcOpi,
2134 1940 2227 2010 qui

647 2019 761 2084 jam
793 2028 952 2073 antea
984 2020 1174 2077 offensi
1208 2033 1366 2079 erant
1390 2023 1668 2093 Generali,
1699 2018 2014 2086 tumultuari
2048 2046 2228 2103 cmpe-

650 2119 798 2175 runt,
837 2111 1198 2184 invicemque,
1236 2124 1292 2168 ut
1340 2119 1572 2187 proximi
1622 2130 1811 2188 erant,
1845 2122 2027 2179 dicere
2079 2144 2115 2180 :-
2145 2124 2225 2182 En

651 2217 776 2255 vera
808 2218 1002 2274 reapse
1029 2215 1157 2260 sunt
1182 2222 1300 2275 quae
1329 2217 1490 2283 antea
1519 2210 1849 2270 audivimus.
1873 2213 2028 2269 Brevi
2064 2216 2227 2286 igitur

650 2295 805 2364 lapso
833 2303 1100 2366 tempore,
1127 2307 1179 2352 et
1206 2298 1315 2365 iam
1344 2303 1976 2370 decrescentetumultu,
2005 2321 2223 2363 manum

653 2387 942 2444 intendens
977 2391 1363 2464 silentiumque
1394 2395 1640 2452 indicens
1675 2396 1985 2464 Generalis,
2020 2402 2094 2457 ait
2123 2418 2221 2457 no-

656 2483 739 2537 bis
780 2499 794 2536 :
845 2481 1015 2538 llodie
1056 2485 1275 2553 quidem
1313 2489 1448 2544 satis
1482 2489 1771 2545 verborum
1806 2491 2041 2561 emuxit;
2075 2509 2226 2551 rece-

655 2577 766 2630 ttite
795 2575 908 2646 jam
942 2580 1008 2632 ad
1043 2580 1283 2648 requiem
1321 2597 1337 2638 :
1382 2597 1572 2639 rursus
1608 2584 1755 2639 enim
1787 2599 1885 2641 vos
1916 2587 2226 2645 audiemus.

653 2664 761 2724 Nos
796 2683 928 2740 ergo
956 2670 1310 2728 recessimus.

725 2853 861 2907 Exin
917 2867 1112 2910 novem
1148 2855 1264 2910 dies
1297 2855 1681 2922 decurrerunt,
1713 2857 1845 2928 quin
1885 2857 2088 2928 aliquid
2132 2874 2229 2914 no-

2253 1616 2302 1675 B

2330 375 2573 444 λάττετε,
2604 377 2833 430 ἐναντίοι
2877 381 2986 441 τοῖς
3027 378 3305 449 Πατράσιν
3336 378 3435 430 οὐκ
3464 375 3530 430 ἄν
3581 373 3697 443 ἦτε.
3737 375 3898 444 Ἀκή-

2331 486 2462 532 κοας
2481 470 2699 532 πάντως
2728 471 2829 540 τὴν
2858 470 3085 543 ἔναγχος
3112 471 3413 542 παρ’ήμῶν
3441 468 3898 538 παραδειχοεῖσαν

2330 562 2528 632 χρῆσιν
2565 562 2657 616 τοῦ
2687 564 2925 633 μεγάλου
2945 563 3294 628 Ἀθανασίου,
3330 563 3449 625 πῶς
3480 561 3615 633 ᾅδην
3644 561 3893 627 ὠνόμασε

2327 657 2453 717 τοὺς
2486 655 2744 722 λέγοντας
2769 656 2860 710 τὸν
2882 657 3055 726 Λόγον
3079 657 3174 710 καὶ
3195 657 3294 724 τὴν
3330 655 3513 725 σάρκα
3537 653 3670 719 μίαν
3707 653 3895 720 φύσιν·

2330 747 2423 800 καὶ
2451 746 2566 809 πῶς
2601 765 2732 818 φησι
2767 748 3166 820 παρακατιώνο
3203 765 3221 797 ι
3255 749 3442 823 Πάσης
3474 746 3589 815 γὰρ
3637 743 3901 813 αἱρέσεως

2279 907 2282 912 _
2330 836 2493 890 πλέον
2520 837 2601 901 είς
2633 837 2891 891 ἀσέϐειαν
2913 835 3277 904 ὲξεκλίνατε.»
3308 837 3422 889 Καὶ
3479 835 3553 905 μὴ
3608 833 3903 902 αἰσχυνθῇς

2329 927 2424 998 ὑφ’
2478 922 2668 998 ήμῶνξ
2689 929 3068 1004 ἐλεγχόμενος,
3135 930 3245 982 τῶν
3269 929 3409 982 κατὰ
3506 928 3599 980 τὸν
3665 927 3781 998 βίον
3810 927 3903 978 καὶ

2325 1020 2419 1072 τὸν
2449 1018 2610 1089 λόγον
2635 1020 2790 1074 οὐδὲν
2821 1021 3014 1086 ὄντων,
3041 1019 3160 1074 ἀλλ’
3188 1019 3533 1090 ἐνθυμήθητι
3558 1017 3654 1072 τδν
3706 1017 3902 1088 μάντιν

2327 1113 2536 1167 ἐκεῖνον
2575 1112 2670 1166 τὸν
2708 1113 2938 1167 παλαιὸν
2970 1113 3223 1182 Βαλαὰμ,
3264 1112 3325 1175 ὃς
3358 1111 3452 1166 καὶ
3482 1110 3584 1181 τῆς
3635 1109 3758 1164 δνου
3813 1108 3904 1160 τόν

2327 1191 2548 1274 ἔλεγχον
2568 1205 2851 1268 ἀσπασίως
2885 1204 3125 1270 ἐδέξατο.

2397 1297 2616 1350 Τούτων
2651 1295 2794 1350 οὕτω
2815 1295 3111 1366 ῥηθέντων,
3144 1298 3173 1349 6
3195 1295 3464 1367 Ἀτμάνος
3502 1311 3625 1348 ειπε
3655 1293 3795 1360 πρὸς
3813 1292 3903 1343 τὸν

2326 1385 2649 1440 Καθολικόν.
2663 1384 2806 1454 Ἐγὼ
2823 1386 3179 1456 κεκρυμμένα
3203 1387 3385 1454 λέγειν
3405 1386 3504 1438 οὐκ
3525 1379 3664 1436 οῖδα·
3683 1382 3742 1435 ἓν
3760 1378 3905 1447 οῖδα,

2324 1480 2408 1532 δτι
2429 1479 2676 1550 ἔγραψας
2695 1478 2830 1549 πρὸς
2847 1479 2939 1532 τὸν
2967 1479 3212 1549 βασιλέα,
3232 1479 3327 1533 καὶ
3343 1477 3607 1547 ἀγράφως
3621 1477 3906 1545 έμήνυσαξ

2327 1572 2465 1643 πρὸς
2492 1573 2654 1626 αὐτὸν
2689 1572 2779 1626 διὰ
2807 1571 2900 1626 τοῦ
2961 1573 3262 1642 συντρόφου
3321 1587 3423 1641 μου
3463 1570 3558 1623 τοῦ
3610 1568 3907 1639 φιλοσόςρου

2328 1666 2387 1719 ὃν
2416 1659 2585 1728 οἶδας.
2615 1664 2724 1718 Καὶ
2755 1663 2842 1718 διὰ
2871 1664 3037 1718 τοῦτο
3059 1661 3225 1735 ἦλθον
3257 1663 3350 1718 νῦν
3389 1663 3472 1725 είς
3502 1659 3737 1733 πρᾶγμα
3769 1660 3908 1713 ἑτοι-

2332 1773 2451 1824 μον,
2470 1757 2570 1810 οὐκ
2586 1756 2664 1818 είς
2680 1755 3193 1827 διαλέξεις.⁹Ερωτῶ
3209 1751 3304 1809 οὖν
3328 1764 3386 1809 σε
3404 1757 3451 1808 εί
3475 1753 3648 1818 θέλεις
3673 1754 3908 1820 ποιῆσαι

2327 1846 2364 1900 ἃ
2384 1846 2663 1914 ὲμήνυσας
2695 1842 2772 1913 τῷ
2801 1842 3035 1914 βασιλεῖ’
3067 1845 3115 1897 εἰ
3142 1844 3200 1897 δὲ
3233 1844 3468 1916 μὴ,είπὲ
3496 1845 3627 1914 ἡμῖν
3651 1839 3908 1913 φανερῶς

2331 1936 2418 1988 ἵνα
2446 1932 2897 2004 ὑποστρέψωμεν.
2927 1933 3149 1987 Τούτων
3168 1933 3448 2003 -κατήκοοι
3492 1932 3600 1985 τῶν
3631 1931 3908 2004 ῥημάτων

2329 2023 2618 2092 γεγονότες
2663 2023 2710 2075 οἱ
2767 2023 3372 2094 προσκανδαλισθέντες
3430 2023 3718 2093 ἀρχιερεῖς
3758 2022 3908 2074 κατὰ

2327 2115 2420 2169 τοῦ
2462 2113 2795 2180 Καθολικοῦ,
2849 2114 3086 2186 ἤρξαντο
3141 2114 3495 2184 θορυϐεῖσθαι
3552 2112 3650 2167 καὶ
3718 2112 3911 2180 λέγειν

2327 2209 2557 2269 ἕκαστος
2587 2205 2724 2276 πρὸς
2776 2204 2868 2260 τὸν
2923 2204 3151 2274 ἔγγιστα
3198 2205 3406 2260 αὐτοῦ·
3461 2207 3669 2268 Ὄντως
3724 2203 3909 2274 ἀληθῆ

2329 2301 2466 2352 είσιν
2492 2298 2527 2353 ἀ
2547 2297 2888 2367 ἀκηκόαμεν.
2923 2279 3148 2366 ’ὀλίγης
3183 2296 3278 2350 οὖν
3305 2297 3454 2368 ὧρας
3482 2297 3911 2366 διαγενομένης,

2327 2391 2424 2445 καὶ
2455 2389 2688 2460 θορύϐου
2704 2387 2903 2458 μικροῦ
2931 2374 3258 2458 γενομένου,
3281 2388 3630 2450 Κατασείσας
3648 2391 3715 2459 τῇ
3732 2390 3909 2460 χειρὶ,

2330 2482 2423 2538 καὶ
2457 2483 2617 2552 σιγᾷν
2639 2482 3198 2552 παρακελευσάμενος
3228 2484 3256 2535 6
3277 2471 3584 2548 Καθολικδς
3611 2476 3733 2535 εἷπε
3769 2483 3913 2553 πρὸς

2329 2577 2476 2646 ἡμᾶς
2495 2590 2509 2605 ο
2542 2573 2794 2644 Σήμερον
2824 2571 2993 2626 πολλὰ
3025 2571 3382 2643 διελέχθημεν
3405 2589 3420 2603 ο
3451 2571 3692 2640 ὑπάγετε
3714 2570 3914 2624 λοιπὸν

2331 2666 2426 2719 καὶ
2476 2663 2856 2735 ἀναπαύθητε,
2916 2664 3011 2717 καὶ
3068 2662 3257 2719 ἄλλοτε
3314 2663 3476 2717 πάλιν
3541 2663 3916 2734 ,ἀκουσόμεθα

2332 2759 2360 2811 ύ
2368 2758 2484 2828 μῶν
2498 2796 2513 2812 .
2542 2755 2892 2826 ’Δπήλοομεν
2924 2755 3232 2826 τοιγαροῦν.

2404 2849 2631 2903 Ἔκτοτε
2661 2847 2727 2901 ’δὲ
2768 2846 3072 2918 ,παρῆλθον
3126 2847 3333 2917 ἡμέραι
3378 2845 3540 2900 ἐννέα
3602 2846 3700 2899 καὶ
3752 2843 3916 2898 οὐδὲν

654 2947 740 3001 his
766 2945 1048 3002 Generalis
1073 2947 1429 3017 signiﬁcaret,
1447 2948 1535 3018 qtti
1563 2949 1632 3003 ob
1659 2950 2035 3019 aegritudinem
2062 2951 2223 3004 animi

2337 2941 2602 3012 ἐμήνυσεν
2629 2939 2806 3009 ήμτνδ
2830 2936 3154 3001 Καθολικδς,
3185 2935 3530 3004 λυπούμενος
3548 2936 3602 2989 δὲ
3633 2936 3746 2989 οὐδ’
3771 2935 3919 2998 ὅλως

654 3053 880 3108 prorsus
930 3037 1148 3108 publico
1197 3037 1518 3106 abstinebat.
1558 3039 1751 3096 Sciens
1794 3055 1922 3096 vero
1969 3044 2230 3096 Atmanus

657 3132 802 3201 quod
835 3120 905 3184 ob
939 3129 1211 3200 proditum
1245 3139 1516 3186 secretum
1554 3131 1645 3185 ille
1681 3141 1967 3198 mereret,
1993 3142 2047 3187 et
2087 3133 2230 3202 quod

659 3223 868 3278 homini
906 3222 1164 3287 maxime,
1196 3220 1289 3291 qui
1324 3221 1374 3275 id
1410 3221 1762 3292 patefecerat,
1788 3222 2030 3279 olIensus
2065 3233 2229 3288 esset,

657 3326 934 3371 convento
965 3314 1219 3370 Generali
1246 3315 1320 3369 ait
1347 3333 1361 3370 :
1388 3315 1526 3369 Puto
1550 3317 2070 3396 sanctitatem‘tuam
2098 3318 2230 3371 mihi

655 3408 844 3472 irasci,
868 3406 964 3462 scd
997 3405 1270 3461 immerito
1300 3424 1313 3461 :
1339 3406 1482 3476 quod
1516 3406 1659 3461 enim
1685 3418 1742 3463 tu
1773 3408 2052 3463 arbitraris
2082 3423 2233 3463 arca-
2281 3471 2288 3481 γ

659 3517 815 3568 num,
846 3501 896 3556 id
930 3515 1028 3571 per
1054 3499 1368 3554 universam
1401 3498 1724 3554 Romaniam
1757 3493 1882 3554 trita
1917 3499 2096 3555 fabula
2126 3510 2229 3555 est.

659 3594 892 3666 Scripsit
915 3594 1058 3648 enim
1088 3592 1189 3648 hoc
1214 3593 1414 3648 sodalis
1441 3607 1596 3648 meus
1624 3592 1677 3647 in
1704 3591 2092 3663 disputatione,
2114 3609 2232 3664 quae

657 3689 796 3743 lecta
835 3686 935 3740 fuit
968 3699 1152 3741 coram
1192 3683 1401 3754 synodo
1445 3692 1610 3755 atque
1648 3683 1704 3737 in
1742 3684 1973 3754 palatio,
2004 3684 2236 3755 ejusque

661 3777 993 3850 exemplaria
1027 3777 1149 3849 plus
1180 3786 1399 3832 centum
1434 3788 1564 3832 sunt
1593 3776 1885 3846 descripta,
1914 3776 1984 3830 ita
2020 3783 2079 3830 ut
2111 3779 2233 3831 uni-

664 3887 820 3928 Versa
868 3871 1134 3926 Bouiania
1183 3884 1271 3924 res
1322 3867 1639 3922 innotuerit.
1682 3866 1815 3922 Sine
1859 3881 2020 3922 causa
2068 3868 2234 3939 igitur

666 3964 796 4020 mihi
827 3963 1112 4028 irasceris,
1145 3977 1267 4018 cum
1302 3963 1430 4015 mihi
1464 3961 1648 4030 potius
1673 3962 2024 4030 expostulare
2055 3973 2230 4018 tecum

659 4059 823 4114 liceat
847 4097 862 4122 ,
894 4056 1038 4125 quod
1074 4071 1162 4110 me
1191 4055 1444 4126 gentilem
1487 4061 1642 4108 tuum
1676 4062 1731 4109 et
1761 4053 1815 4109 in
1854 4053 1958 4110 fide
1989 4055 2231 4111 sodalem

664 4165 777 4204 rem
825 4147 1091 4204 celaveris
1131 4160 1292 4216 quam
1340 4145 1630 4214 peregrino
1678 4145 1884 4200 homini
1931 4146 2233 4203 revelabas.

2331 3030 2549 3104 προῄει.
2591 3030 2756 3094 Γνοὺς
2775 3029 2834 3083 δὲ.
2857 3032 2886 3083 6
2903 3029 3172 3101 Ἀτμάνος
3190 3029 3273 3083 ὅτι
3293 3028 3381 3082 διὰ
3404 3027 3468 3081 τδ
3515 3028 3915 3098 φανερωθῆναι

2329 3124 2391 3176 τὸ
2423 3123 2725 3195 μυστήριον
2753 3121 3033 3188 λυπεῖται,
3071 3121 3168 3174 καὶ
3193 3121 3279 3172 ὅτι
3307 3121 3432 3173 κατ’
3491 3117 3659 3174 αὑτοῦ
3703 3118 3920 3189 μᾶλλον

2333 3216 2590 3269 λυπεῖται
2621 3213 2718 3267 τοῦ
2753 3211 3193 3284 φανερώσαντος,
3209 3210 3406 3280 ἀνῆλθε
3439 3210 3575 3280 πρὸς
3603 3211 3698 3264 τὸν
3729 3210 3921 3264 Καθο-

2327 3307 2480 3360 λικδν
2511 3306 2606 3360 καί
2638 3303 2931 3376 φησιπρδς
2951 3303 3116 3356 αὐτόν
3140 3319 3156 3334 ·
3201 3302 3606 3372 Ὑπολαμϐάνω
3637 3303 3722 3354 ὅτι
3789 3304 3924 3356 κατ’

2331 3399 2466 3470 ὲμοῦ
2495 3399 2749 3450 λυπεῖται
2777 3397 2812 3465 ἠ
2841 3393 3124 3465 ἀγιωσύνη
3158 3411 3293 3459 σου,
3339 3392 3457 3446 ἀλλ’
3507 3393 3608 3446 οὐκ
3659 3393 3783 3444 ἐστι
3839 3395 3924 3446 δί-

2331 3509 2488 3546 καιον
2515 3507 2532 3524 ο
2562 3490 2589 3543 ὃ
2624 3489 2733 3558 γὰρ
2767 3489 2831 3542 σὺ
2895 3488 3192 3558 μυστήριον
3249 3485 3398 3557 ἔχειν
3476 3486 3920 3556 ὑπολαμϐάνεις,

2330 3586 2542 3654 πᾶσαή
2579 3581 2858 3653 Ῥωμανία
2920 3580 3214 3649 κωμῳδίαν
3265 3579 3401 3650 ἔχει.
3497 3579 3748 3650 Ἔγραψε
3805 3583 3925 3651 γὰρ

2332 3679 2493 3732 τοῦτο
2520 3679 2546 3730 6
2576 3675 2879 3746 σύντροφός
2916 3691 3017 3743 μου
3039 3673 3099 3726 ὲν
3126 3675 3195 3744 τῇ
3225 3671 3484 3738 διαλέξει,
3509 3673 3634 3744 ἥτις
3660 3673 3926 3741 ἀνεγνὼ-

2335 3771 2439 3837 σϐη
2471 3767 2565 3820 ἐπὶ
2598 3767 2821 3819 συνόδου
2860 3761 2956 3817 καὶ
2984 3763 3078 3815 ἐπὶ
3111 3761 3402 3824 παλατίου,
3456 3760 3552 3814 καὶ
3585 3761 3926 3832 μετεγράτρη
3970 3817 3971 3820 η

2333 3863 2392 3913 έν
2415 3859 2776 3928 ἀντιγράφοις
2805 3857 3067 3910 ἐπέκεινα
3107 3855 3216 3907 τῶν
3245 3853 3464 3918 ἑκατὸν,
3522 3855 3620 3913 καὶ
3661 3855 3927 3921 γνωστὸν

2333 3953 2551 4022 ἐγένετο
2585 3952 2670 4019 ἐφ’
2690 3951 2784 4019 ὅλῃ
2814 3952 2881 4020 τῇ
2918 3949 3218 4019 Ῥωμανίᾳ.
3251 3949 3364 4004 Οὐκ
3391 3946 3629 4016 εὐλόγως
3653 3946 3747 3999 οὖν
3763 3947 3928 4018 λυπῇ

2333 4045 2458 4098 κατ’
2485 4042 2619 4113 ἐμοῦ
2645 4060 2660 4073 ο
2689 4041 2801 4110 ἐγὼ
2829 4039 3034 4111 μᾶλλον
3092 4037 3294 4108 ὀφείλω
3348 4037 3572 4100 δικαίως
3615 4037 3928 4105 λυπεῖσθαι

2336 4137 2482 4189 κατὰ
2532 4132 2624 4185 σοῦ
2655 4133 2738 4185 ὅτι
2776 4125 3100 4202 ἀπέκρυψας
3129 4128 3290 4182 ⁴τοῦτο
3318 4130 3414 4181 ἀπ’
3443 4129 3578 4199 ἐμοῦ
3619 4129 3716 4182 τοῦ
3783 4133 3936 4201 ὀμο-

664 4243 732 4297 Ει
774 4243 990 4312 quidem
1035 4240 1084 4296 εἰ
1131 4239 1223 4294 uni
1267 4239 1399 4294 mihi
1443 4238 1679 4292 conﬁsus
1719 4236 1931 4304 fuisses,
1965 4238 2231 4296 incolume

2342 4227 2510 4296 φύλου
2555 4225 2652 4278 καὶ
2699 4223 2997 4294 όμοπίστου
3049 4239 3167 4287 σου,
3217 4223 3311 4274 καὶ
3371 4222 3732 4291 ἀπεκάλυψας
3777 4225 3930 4278 αὐτὸ

664 4349 925 4390 arcanum
968 4342 1130 4395 esset,
1163 4346 1338 4399 neque
1378 4339 1438 4384 ut
1477 4344 1624 4383 nunc
1658 4328 1712 4382 in
1754 4327 1947 4399 vulgus
1984 4329 2233 4385 disserui-

665 4437 873 4479 mttunt.

736 4604 938 4658 Novem
996 4602 1157 4671 igitur
1208 4599 1496 4670 praeteritis
1542 4599 1766 4666 diebus,
1814 4599 1966 4654 misit
2011 4597 2080 4650 ad
2136 4613 2236 4651 nos

665 4697 946 4751 Generalis
965 4695 1278 4763 episc0pum
1297 4690 1620 4760 Gregorium
1645 4691 2031 4745 consobrinum
2054 4703 2239 4752 suum,
2271 4677 2276 4680 “

669 4802 1029 4856 cognomento
1069 4799 1320 4854 parvum,
1356 4782 1591 4852 itemque
1635 4783 1949 4850 episcopum
1999 4779 2237 4832 lsaacum

670 4892 724 4937 et
755 4883 1032 4937 doctorem
1067 4878 1428 4947 Stephanum,
1461 4875 1549 4944 qui
1585 4874 1713 4927 mihi
1747 4873 2098 4944 (Theoriano)
2130 4872 2240 4942 pri-

672 4981 798 5028 vato
845 4972 898 5025 in
947 4970 1249 5037 colloquio,
1283 4965 1643 5038 prmsentibus
1686 4966 1849 5020 etiam
1899 4966 2134 5017 Atmano
2185 4972 2238 5014 et

673 5066 991 5135 presbytero
1038 5060 1328 5122 Michaele,
1359 5058 1611 5112 dixerunt
1646 5075 1660 5110 :
1700 5056 1980 5126 Signiﬁcat
2010 5054 2104 5130 tibi
2140 5054 2237 5106 do-

675 5158 858 5212 minus
893 5162 1106 5218 noster,
1134 5167 1193 5208 se
1226 5153 1322 5207 tibi
1355 5161 1413 5205 ut
1440 5152 1670 5205 honesto
1702 5151 1818 5203 viro
1851 5158 1903 5202 ct
1941 5146 2242 5202 christiano

676 5233 956 5306 secretum.
987 5245 1409 5301 concredidissev
1436 5253 1692 5310 tanquam
1745 5241 1857 5294 Deo
1903 5259 1916 5292 :
1966 5248 2017 5293 te
2062 5250 2240 5292 autem

678 5342 781 5394 sibi
848 5338 1166 5408 promisisse
1227 5334 1431 5388 nemini
1499 5343 1856 5401 praeterquam
1926 5327 2240 5399 imperatori

678 5435 970 5486 dicturum.
999 5430 1149 5484 Nunc
1181 5439 1233 5482 te
1259 5428 1415 5480 ﬁdem
1448 5428 1632 5480 arcani
1665 5425 1890 5494 fregisse
1924 5425 2098 5493 palam
2128 5432 2241 5486 est;

749 5551 857 5619 (18)
915 5547 1236 5624 Armeniaca
1283 5546 1468 5624 {leg/ia.
1525 5543 1621 5600 llic
1681 5555 1857 5598 autem
1913 5540 2124 5596 Ncrseti
2184 5542 2232 5594 in

678 5622 1034 5693 patriarchatu
1067 5622 1345 5672 successit.

2343 4319 2628 4385 ἀλλογενεῖ
2655 4316 2834 4385 ἀνδρί.
2866 4315 2928 4367 Εἰ
2963 4314 3071 4384 γὰρ
3092 4313 3216 4382 ἐμοὶ
3244 4313 3392 4381 μόνῳ
3439 4314 3794 4386 .ὲθὰρῤησας,
3854 4311 3928 4386 ἦν

2344 4412 2411 4465 ἂν
2437 4412 2516 4463 ἔτι
2548 4411 2869 4481 μυστήριον,
2898 4409 2992 4460 καὶ
3021 4408 3120 4459 ούκ
3177 4407 3243 4459 ἂν
3277 4405 3579 4478 διεγνὼσθη
3625 4409 3804 4460 πᾶσιν
3847 4409 3931 4472 ὡς

2343 4504 2463 4558 νῦν.

2414 4594 2811 4665 Παρελθουσῶν
2841 4593 2936 4646 οὖν
2961 4593 3068 4646 τῶν
3090 4593 3244 4646 ἐννέα
3303 4590 3547 4663 ἡμερῶν,
3618 4590 3929 4645 ἀπέστειλε

2343 4687 2480 4756 πρὸς
2509 4688 2658 4755 ἡμᾶς
2698 4686 2787 4738 τὸν
2827 4686 3127 4738 ἐπίσκοπον
3189 4683 3495 4753 Γρηγόριον
3543 4681 3634 4734 τὸν
3690 4683 3932 4752 ἀνεψιῗιν
3970 4709 3971 4714 η

2341 4778 2503 4832 αὐτοῦ
2535 4779 2628 4830 τὸν
2658 4778 2873 4847 Μικρὸν
2915 4775 3051 4845 (18),
3083 4777 3180 4829 καὶ
3215 4776 3305 4828 τὸν
3352 4777 3656 4828 ἐπίσκοπον
3718 4776 3931 4829 ἰσαάκ

2339 4871 2434 4924 καὶ
2499 4869 2591 4922 τὸν
2621 4869 2941 4923 διδάσκαλον
2977 4869 3271 4935 Στέφανον,
3317 4868 3516 4930 οἵτινες
3552 4862 3706 4920 εἷπον
3770 4870 3928 4941 πρός

2341 4981 2408 5033 με
2462 4964 2572 5032 (19)
2625 4962 2745 5015 κατ’
2809 4963 2963 5025 ἰδίαν,
3014 4963 3298 5030 παρόντων
3348 4962 3444 5013 καὶ
3490 4960 3585 5013 τοῦ
3637 4961 3932 5030 ’Δτμάνου

2344 5058 2438 5109 καὶ
2477 5056 2570 5108 τοῦ
2605 5056 2762 5108 παπᾶ
2792 5054 3008 5123 Μιχαήλ
3034 5068 3052 5084 ο
3094 5053 3151 5106 ’0
3201 5051 3469 5122 δεσπότης
3524 5051 3681 5119 ἡμῶν
3716 5055 3934 5122 μηνύει

2349 5169 2431 5203 σοι
2480 5153 2560 5201 ὅτι
2594 5148 2704 5214 ἐγὼ
2735 5146 3122 5214 ἐνεπιστεύϐην
3176 5162 3275 5209 σοι,
3306 5143 3384 5206 ὠς
3435 5142 3588 5214 καλῷ
3636 5144 3935 5213 ἀνθρώ-τεῳ

2347 5243 2441 5294 καὶ
2482 5241 2572 5302 ὡς
2614 5238 2950 5306 Χριστιανῷ,
3012 5237 3312 5306 μυστήριον
3346 5233 3421 5297 ὡς
3472 5235 3567 5288 ἐπὶ
3613 5233 3774 5286 Θεοῦ·
3833 5239 3938 5288 καὶ

2349 5332 2411 5382 σὺ
2485 5328 2789 5396 ύπεσχέοης
2864 5344 2952 5395 μοι
3018 5326 3207 5394 μηδενὶ
3277 5326 3454 5377 εἰπεῖν
3513 5324 3546 5393 ἢ
3604 5324 3753 5394 μόνῳ
3848 5328 3934 5394 τῷ

2351 5420 2606 5489 βασιλεῖ·
2647 5420 2738 5470 καὶ
2770 5419 2868 5469 οὐκ
2931 5416 3204 5484 ἐφύλαξας
3258 5415 3357 5485 τὴν
3429 5416 3752 5484 ὑπόσχεσιν,
3829 5420 3936 5471 καὶ

2416 5539 2526 5606 (l0)
2569 5537 2701 5589 llznc
2735 5545 2916 5596 aperte
2949 5533 3352 5606 cognoscimus,
3385 5532 3709 5606 scriptorem
3750 5534 3934 5602 hujus

2355 5602 2566 5678 (pioque
2597 5606 2842 5660 secundm-
2873 5603 3247 5673 disputationis
3275 5602 3658 5657 Thcorianum‘.
