3982 6326
157 173 263 234 249

160 297 254 354 οῦκ
296 297 556 367 ἐποίησας
577 333 588 342 -~
618 297 800 362 καλῶς
835 311 850 328 ⁶

158 397 203 447 οἱ
234 392 506 460 Ἀρμένιοι
536 390 672 462 πρὸς
707 391 827 460 ἐμὲ,
854 392 948 444 καὶ
978 392 1085 444 elo‘:
1116 394 1516 464 τεταραγμένοι
1549 412 1564 426 ·
1618 397 1715 448 καὶ

157 487 244 538 διὰ
306 485 461 538 τοῦτο
490 485 750 550 ὑπέμεινε
785 483 1060 547 παντελῶς
1097 485 1128 552 ἡ
1167 485 1423 549 ὑπόθεσις
1475 488 1575 556 τῆς
1629 489 1715 540 ὲν-

158 581 354 640 ώσεως.
397 577 455 629 Ὀ
481 577 535 628 δὲ
567 575 871 647 Θεωριανὺς
899 571 1018 628 εἷπε
1048 576 1187 646 πρὸς
1215 577 1713 640 αὑτούςΤινὼσκω

156 671 235 721 ὅτι
266 669 481 737 γραφὴν
516 666 838 719 ἀπέστειλεν
864 670 890 720 ὀ
926 667 1227 731 Καθολικδς
1278 667 1345 722 δι’
1383 666 1520 738 ἐμοῦ
1575 671 1711 739 πρὸς

157 761 504 829 τὸνβασιλέα
548 758 1018 830 ἐσφραγισμένην,
1067 762 1151 830 ἢν
1208 761 1302 813 καὶ
1358 761 1567 826 ἀνέγνω
1621 778 1711 831 μοι

156 852 293 904 κατὰ
326 851 492 920 μόνας
526 865 541 879 ⁵
573 850 832 917 γινώσκω
859 852 942 904 ὅτι
1009 853 1103 904 καὶ
1151 851 1416 920 ἀγράφως
1469 853 1717 923 ἐμήνυσα

151 946 214 998 δι’
238 942 371 1012 ἐμοῦ
400 943 533 1012 πρὸς
559 945 652 996 τὶν
685 941 911 1012 βασιλέα
941 943 1066 1008 περὶ
1119 944 1217 1012 τῆς
1245 943 1487 1006 ἐνώσεως
1511 959 1527 974 ·
1583 947 1711 1013 ὀμο-

152 1035 292 1102 λογῶ
321 1037 398 1088 ὅτι
433 1037 527 1087 καὶ
560 1033 902 1104 παρήγγειλὲ
969 1052 1058 1102 μοι
1115 1036 1302 1104 μηδενὶ
1375 1037 1549 1110 εἰπεῖν
1612 1034 1709 1103 τὴν

152 1127 367 1196 γραφὴν
396 1125 565 1196 ἀλλ⁹ῆ
590 1125 668 1196 τῷ
696 1124 930 1194 βασιλεῖ,
963 1124 1061 1178 καὶ
1117 1127 1241 1188 τοὺς
1293 1125 1486 1192 λόγους
1543 1126 1708 1180 αὑτοῦ

153 1219 333 1271 εἰπεῖν
361 1217 507 1286 αὐτῷ
545 1217 836 1286 μυστικῶς
864 1233 878 1246 °
915 1217 1009 1270 καὶ
1037 1218 1114 1281 ὼς
1175 1218 1505 1288 ὑπεσχέθην,
1569 1218 1711 1272 οὕτω

149 1313 241 1363 καὶ
277 1309 568 1377 πεποίηκα,
607 1309 703 1359 καὶ
730 1307 972 1375 ἐφύλαξα
996 1309 1095 1378 τὴν
1126 1310 1552 1379 επαραγγελίαν.
1601 1309 1710 1369 Καὶ

148 1403 308 1453 τοῦτο
337 1401 489 1468 δῆλον
518 1401 573 1465 ἐξ
600 1393 673 1452 ὧν
703 1399 883 1467 μέλλω
905 1401 1112 1467 λέγειν.
1140 1401 1356 1454 Ἔδωκα
1387 1402 1465 1471 τῷ
1498 1402 1712 1473 βασιλεῖ

150 1494 248 1564 τὴν
272 1492 490 1562 γραφὴν
511 1491 990 1562 ἐσφραγισμένην·
1025 1487 1181 1545 εἷπον
1205 1492 1276 1546 τὰ
1317 1493 1541 1564 ῥήματα
1609 1512 1708 1564 μυοη

151 1590 373 1651 στικιῖκ,
413 1589 571 1642 μόνου
604 1588 701 1640 τοῦ
755 1587 1043 1652 λογοθὲτου
1098 1587 1526 1656 παρισταμένου.
1607 1589 1710 1640 Ἕκ

1487 183 1946 247 DISPUTATIO
1987 185 2069 249 II.

904 298 998 352 xui.
1060 298 1156 354 νῦν
1212 301 1709 375 ἐσκανδαλίσθησαν

1820 305 1961 372 quod
2001 304 2200 359 factum
2243 302 2359 372 ipse
2400 302 2672 374 vituperat
2717 319 2734 359 :
2775 317 2905 361 ecce
2945 303 3087 359 enim
3122 305 3383 370 Armenii,

3276 192 3387 255 950

1818 395 1916 460 ait,
1949 395 2079 448 mihi
2113 393 2300 450 odensi
2336 401 2484 459 sunt,
2518 401 2573 448 et
2602 394 2790 450 turbas
2823 395 2986 460 cient.
3018 394 3380 461 Quamobrem

1819 487 2039 542 unionis
2073 487 2348 555 negmiutn
2380 487 2542 556 plane
2573 474 2949 556 refriguit.Ad
2983 488 3097 542 haec
3125 485 3384 540 Theoria-

1822 591 1925 629 nus
1954 577 2027 629 ait
2059 596 2073 630 :
2106 575 2322 630 Memini
2352 592 2381 630 a
2412 577 2659 630 Generali
2692 575 2823 630 mihi
2859 576 3085 630 traditas
3117 576 3183 630 ad
3219 576 3384 644 impe-

1823 676 2055 721 ratorem
2109 667 2318 722 litteras
2365 653 2705 735 obsignatas,
2755 681 2892 734 quas
2949 666 3080 720 mihi
3132 665 3382 735 privatim

1815 757 2130 826 pra‘legerat
2181 775 2195 810 :
2251 757 2507 821 memini,
2553 757 2731 810 verbis
2777 770 2996 825 quoque
3045 755 3385 824 significasse

1814 846 2124 916 imperatori
2167 848 2234 903 de
2283 849 2484 902 unione
2527 863 2620 916 per
2665 863 2750 902 me
2790 865 2803 901 :
2847 849 3023 902 fateor
3065 847 3196 901 mihi
3242 862 3377 915 pra:-

1810 951 2023 1006 ceptum
2074 955 2103 992 a
2153 939 2405 994 Generali
2454 942 2658 1007 fuisse,
2723 949 2780 994 ut
2833 940 3032 994 nemini
3083 940 3379 1007 quidquam

1813 1028 1915 1082 nisi
1954 1030 2269 1096 imperatori
2302 1031 2369 1085 de
2402 1031 2488 1085 his
2519 1031 2715 1086 litteris
2751 1031 3009 1094 dicerem,
3043 1040 3098 1085 et
3130 1040 3186 1083 ut
3219 1032 3380 1082 verba

1813 1119 1984 1189 ipsius
2013 1132 2228 1177 secreto
2259 1121 2324 1176 ad
2357 1121 2738 1192 imperatorem
2773 1123 3054 1177 referrem.
3084 1121 3193 1190 Ego
3229 1136 3380 1173 verm

1814 1221 1872 1264 ut
1905 1211 2302 1282 spoponderam
2346 1214 2421 1269 ita
2463 1215 2569 1285 egi,
2601 1225 2655 1268 et
2698 1216 3026 1285 promissum
3071 1213 3195 1267 feci.
3231 1213 3382 1278 Quod

1819 1312 1878 1358 ut
1901 1303 2296 1370 demonstrem,
2325 1305 2400 1358 rei
2431 1316 2596 1376 gesta:
2622 1306 2816 1362 seriem
2846 1319 3178 1377 expromam.
3211 1303 3382 1357 Litte-

1813 1385 2262 1463 ras‘impcratori
2297 1395 2608 1466 obsignatas
2643 1397 2833 1450 tradidi
2874 1415 2886 1450 :
2925 1395 3211 1450 commissa
3249 1410 3382 1447 mete

1822 1483 1946 1539 fidei
1971 1486 2132 1539 verba
2166 1495 2380 1541 secreto
2411 1487 2654 1540 conclavi
2685 1487 2820 1550 dixi,
2849 1503 2955 1540 uno
2987 1495 3197 1539 astante
3230 1487 3379 1551 logo-

1817 1578 1986 1629 theta.
2019 1577 2282 1643 Deinceps
2318 1592 2446 1631 vero
2481 1577 2963 1632 circutnscribeudi
3001 1579 3380 1644 imperatowm

150 1694 271 1728 τοτε
313 1677 559 1742 ἐξουσίαν
613 1677 714 1729 οὐκ
759 1673 904 1745 εῐχον
959 1675 1274 1746 περιορίσαι
1327 1678 1420 1730 τὸν
1465 1677 1709 1747 βασιλεα.

1819 1667 2046 1720 facultas
2084 1668 2212 1721 mihi
2250 1684 2352 1722 non
2392 1668 2516 1732 fuit,
2553 1678 2715 1738 atque
2749 1667 3076 1737 impediendi
3112 1668 3380 1720 volentem

151 1769 246 1822 καὶ
277 1768 524 1820 κωλῦσαι
550 1769 714 1820 αὑτὸν
777 1768 1104 1838 βουλόμενον
1164 1768 1402 1832 ἐξειπεῖν
1454 1770 1588 1822 αὐτὸ
1645 1771 1712 1838 τῇ

144 1858 469 1928 Ἐκκλησία,
500 1858 530 1926 ἢ
560 1863 626 1928 τῇ
662 1859 952 1929 συγκλήτῳ
1000 1859 1092 1911 καὶ
1124 1863 1192 1931 τῇ
1223 1860 1382 1930 βουλῇ
1411 1859 1596 1915 αὐτοῦ.
1653 1859 1715 1912 El

144 1949 345 2012 δ’ῐσως
380 1951 576 2018 ἀπορεῖ
607 1949 963 2013 ὀ.Καθολικὸς
1025 1949 1142 2012 πῶς
1182 1951 1284 2002 οὐκ
1336 1949 1570 2017 ἐφύλαξε
1655 1951 1716 2003 τὸ

147 2045 448 2114 μυστήριον
478 2047 505 2096 ὀ
539 2042 816 2111 βασιλεὺς,
864 2044 1166 2109 γινώσκετε
1199 2045 1496 2107 ὅτιπάντες
1526 2044 1714 2114 σχεδὸν

143 2137 280 2203 πλὴν
301 2136 396 2189 τοῦ
424 2135 684 2206 βασιλέως
713 2133 896 2203 ἔλεγον
921 2135 1003 2188 ὅτι
1030 2136 1130 2188 οὐκ
1161 2135 1309 2189 ἐστιν
1353 2139 1381 2189 ὀ
1413 2135 1714 2198 Καθολικδς

144 2227 432 2295 ἄνθρωπος
481 2226 662 2296 ὀρθὸς,
717 2226 814 2280 καὶ
875 2226 1136 2281 οὐδέποτε
1190 2226 1559 2299 παραδέξεται
1615 2226 1712 2297 τὴν

140 2319 379 2372 ἕνωσιν·
431 2321 752 2391 διαστρέφει
801 2317 911 2389 γὰρ
974 2320 1075 2382 τὰς
1135 2319 1287 2383 Θείας
1345 2319 1567 2390 Γραφὰς
1618 2322 1714 2373 καὶ

139 2411 555 2482 τεαρερμηνεύει
579 2413 660 2474 είς
680 2410 741 2464 τὸ
767 2411 968 2463 οίκεῖον
994 2408 1266 2481 βούλημα,
1329 2411 1425 2464 καὶ
1463 2412 1710 2482 ῥήμασιν

142 2510 238 2573 μὲν
255 2504 487 2559 ἕπεσθαι
539 2506 653 2568 τοῖς
685 2503 863 2570 ἁγίοις
892 2507 1170 2574 ὁμολογεῖ,
1210 2505 1357 2576 ἔργῳ
1388 2505 1445 2558 δὲ
1499 2504 1710 2569 τούτοις

139 2594 463 2652 ἀντίκειται.
499 2593 558 2645 ’0
589 2591 646 2646 δὲ
673 2592 934 2662 βασιλεὺς
957 2596 1072 2656 τοῖς
1107 2592 1285 2647 ταῦτα
1311 2594 1569 2663 λέγουσιν
1611 2596 1709 2648 ἁν-

134 2686 326 2752 ςέλεγε
357 2685 555 2753 πάντη,
581 2683 671 2757 διὰ
699 2683 797 2754 τὴν
821 2683 989 2752 τιμὴν
1011 2683 1144 2750 γοῦν
1178 2682 1271 2735 τοῦ
1292 2683 1618 2748 Καθολικοῦ,
1640 2685 1709 2738 τὰ

137 2781 463 2848 γράμματα.
494 2777 605 2831 Καὶ
638 2776 796 2846 δῆλον
820 2777 882 2843 ἐξ
907 2769 983 2830 ὧν
1002 2775 1100 2829 νῦν
1140 2777 1334 2829 πλατεῖ
1360 2777 1590 2845 στόματι
1621 2779 1710 2830 λέ-

136 2885 327 2935 mum
355 2870 402 2924 οί
441 2866 700 2937 Ῥωμαῖοι
721 2868 923 2931 πάντες
951 2869 1142 2937 σχεδον
1168 2869 1308 2938 ὑπὲρ
1337 2867 1432 2921 τοῦ
1471 2868 1708 2921 Καθολι-

137 2957 233 3013 τιιοῦ
259 2979 272 2992 ν
294 2959 713 3030 ὑπογράψαντες
744 2955 837 3014 οὖν
861 2961 913 3012 oi
928 2959 1188 3030 ῥηθέντες
1241 2959 1467 3025 ἐξεῖπον
1510 2961 1705 3017 ταῦτα.
1733 2975 1776 3038 C

147 3050 208 3102 Ὅ
235 3051 296 3103 δι
320 3048 480 3120 θυμῷ
496 3049 558 3102 τὸ
584 3047 749 3102 πλέον
772 3048 956 3118 ἀφεὶς,
990 3048 1220 3116 ἐξέϐαλε
1269 3050 1360 3103 τὸν
1390 3051 1702 3118 Θεωριανὸν

133 3142 214 3212 τῷ
245 3142 388 3204 tim;
420 3143 521 3212 τῆς
555 3141 850 3205 αίτιάσεως
869 3159 884 3173 ·
913 3142 1011 3196 καὶ
1037 3144 1103 3213 τῇ
1137 3142 1268 3212 ἑξῆς
1301 3143 1705 3213 μετεκαλέσατο

135 3233 283 3300 ἡμᾶς
301 3229 445 3301 πρὸς
479 3229 579 3299 τὴν
614 3231 852 3293 σύνοδον.
884 3231 978 3283 καί
998 3248 1133 3300 φησι
1161 3232 1300 3299 πρὸς
1329 3234 1476 3301 ἡμᾶς
1504 3248 1522 3264 ·
1570 3233 1704 3302 Περὶ

135 3323 243 3374 τῶν
276 3325 339 3374 ἐν
376 3320 602 3391 Χριστῷ
626 3319 721 3373 δύο
745 3323 960 3390 φύσεων
984 3322 1080 3375 καὶ
1096 3321 1218 3376 τότε
1245 3322 1351 3385 καὶ
1372 3325 1468 3376 νῦν
1504 3324 1704 3386 ἱκανῶς

132 3414 503 3484 διελέχθημεν
532 3428 549 3445 ο
583 3413 708 3466 ἐπεὶ
727 3413 783 3467 δέ
815 3415 849 3484 ἡ
873 3413 968 3467 τοῦ
1032 3414 1300 3483 βασιλέως
1357 3416 1546 3487 γραφὴ
1607 3417 1704 3468 καὶ

134 3507 262 3577 περὶ
293 3506 476 3561 ἀλλων
500 3505 820 3573 κεφαλαίων
847 3506 997 3574 λέγει
1025 3507 1176 3576 ἡμᾶς
1229 3504 1608 3577 διαλεχθῆναι,
1653 3508 1704 3561 εἰ

134 3597 394 3651 κελεύετε
426 3601 626 3662 εἰπεῖν,
662 3599 834 3668 ἡδέως
862 3599 1016 3670 ὑμῶν
1036 3600 1402 3670 ἀκουσόμεθα.

202 3690 397 3744 ΘΕΩΡ.
424 3689 734 3760 Ἑμάθομεν
759 3673 888 3762 [ὅτι]
915 3694 972 3743 ἐν
999 3693 1114 3752 τοῖς
1148 3690 1318 3754 θείοις
1368 3691 1703 3762 μυστηρίοις

130 3775 273 3834 οἶνον
293 3779 664 3846 προσάγουσιν
689 3781 736 3830 oi
771 3778 1074 3849 ’Δρμένιοι,
1140 3778 1285 3849 ὕδωρ
1313 3780 1466 3850 αὐτῷ
1496 3781 1572 3851 μὴ
1614 3800 1705 3852 μι-

128 3870 359 3939 γνύντες
384 3885 400 3902 ⁸
429 3869 734 3941 βουλόμεθα
758 3871 950 3941 μαθεῖν
977 3871 1142 3927 πόθεν
1185 3864 1342 3925 τοῦτο
1372 3873 1699 3943 παρέλαϐον.

205 3965 372 4019 ΚΑΘ.
425 3964 488 4018 '0
521 3964 666 4027 θεῖος
690 3965 1086 4035 Χρυσόστομος
1134 3968 1194 4020 ἐν
1242 3970 1310 4038 τῇ
1366 3968 1700 4039 ὀγδοηκοστῇ

134 4055 364 4127 πέμπτῃ
386 4055 576 4127 ὁμιλίᾳ
599 4055 694 4110 τοῦ
720 4056 863 4109 κατά
885 4057 1165 4112 Ματθαῖον
1194 4059 1528 4129 Εὐαγγελίου
1562 4059 1707 4114 οὕτω

131 4147 318 4214 φησίν
354 4165 375 4198 ε
408 4140 565 4209 τίνος
638 4146 828 4199 hast
859 4145 958 4217 οὐχ
976 4145 1123 4219 ὕδωρ
1168 4145 1344 4213 ἔπιεν,
1376 4151 1492 4204 ἀλλ’
1539 4147 1705 4216 οῖνον,

131 4235 410 4298 ἀναστάς
440 4233 646 4304 ’Δλλην
674 4237 904 4309 αἵρεσιν
939 4236 1181 4305 πονηρὰν
1227 4239 1527 4310 πρόρριζον
1577 4241 1708 4292 ἀνα-

133 4327 282 4378 σπῶν
312 4342 330 4357 ⁸
365 4327 489 4379 ἐπεὶ
514 4327 623 4396 γάρ
654 4328 762 4380 είσί
785 4345 931 4389 τινες
957 4328 1014 4384 ἐν
1049 4330 1161 4392 τοῖς
1198 4332 1524 4400 μυστηρίοις
1552 4332 1703 4384 ὕδατι
1737 4311 1782 4368 D

129 4416 485 4488 κεχρημένοι,
542 4419 756 4481 δεικνὺς
804 4419 886 4471 ὅτι
945 4419 1038 4472 καὶ
1088 4421 1248 4488 ἡνίκα
1294 4419 1355 4473 τὸ
1408 4422 1706 4492 μυστήριον

134 4509 444 4577 παρέδωκε,
475 4509 573 4561 καὶ
625 4510 788 4579 ἡνίκα
811 4510 1049 4572 ἀναστὰς
1069 4512 1240 4580 χωρὶς
1273 4513 1585 4583 μυστηρίων
1613 4515 1705 4582 ψι-

129 4600 228 4667 lira
252 4600 540 4672 τράπεζαν
591 4601 939 4671 παρετίθετο,
1001 4602 1130 4670 οἴνῳ
1184 4604 1399 4674 ἐχρῆτο.
1441 4623 1459 4656 ι
1538 4605 1703 4677 Ὀρᾷς

128 4693 210 4744 ὅτι
229 4693 476 4760 πονηρὰν
497 4692 710 4761 αἵρεσιν
741 4682 999 4759 ὀνομάζει
1029 4692 1091 4744 τὺ
1124 4693 1426 4763 κεχρῆσθαι
1464 4696 1614 4750 ὕδατι
1644 4699 1702 4748 ἐν

125 4787 237 4846 τοῖς
264 4784 434 4846 θείοις
463 4785 815 4856 μυστηρίοιςς
851 4785 962 4839 Καὶ
987 4785 1151 4856 πάλιν
1169 4803 1186 4817 ο
1227 4805 1246 4838 ι
1266 4787 1361 4841 Ἐκ
1385 4789 1479 4840 τοῦ
1509 4791 1704 4858 γεννή-

132 4877 514 4946 ματοςςφησὶ,
549 4874 651 4943 τῆς
703 4876 949 4943 ἀμπέλου
973 4892 987 4906 ⁸
1035 4877 1279 4946 ἄμπελος
1314 4879 1370 4931 δέ
1405 4876 1570 4946 οἶνον,
1602 4881 1700 4952 οὐχ

128 4968 308 5039 ὕδωρ.
377 4968 560 5037 γεννᾷ.
613 4987 633 5019 ι
691 4967 758 5021 Τί
817 4968 1008 5020 τούτου
1064 4969 1245 5037 ζητεῖς
1287 4973 1698 5041 φανερώτερονς

127 5061 287 5113 Ἀλλὰ
323 5060 418 5111 καὶ
448 5061 507 5111 ὲν
528 5060 594 5127 τῇ
624 5058 956 5127 ὀγδοηκοπῆ
997 5060 1226 5131 πέμπτῃ
1275 5062 1458 5133 ὁμιλίᾳ
1514 5059 1594 5126 είς
1638 5065 1699 5116 τὸ

127 5153 265 5204 κατᾶ
294 5150 553 5218 Ἰωάννην
585 5149 937 5220 Εὑαγγέλιον,
966 5153 1044 5213 είς
1102 5151 1184 5214 τὺ,
1217 5151 1508 5217 Ἐξῆλθεν
1555 5150 1699 5223 αἷμα

128 5239 426 5305 παιῦδωρ.
452 5238 597 5291 οὕτω
640 5237 840 5308 φησίνο
875 5257 892 5290 ι
931 5240 1041 5309 Οὐχ
1064 5238 1252 5303 ἁπλῶς
1297 5242 1416 5293 οὺδέ
1453 5243 1528 5305 ὡς
1575 5243 1698 5296 ἐτυ-

128 5350 220 5401 χεν
243 5327 409 5385 αὗται
445 5333 719 5401 προῆλθον
746 5333 804 5384 αἱ
826 5313 1166 5400 ⁵πηγαὶξόιλλ⁹
1193 5334 1380 5404 ἐπειδὴ
1423 5336 1482 5399 ἐξ
1519 5337 1698 5406 ἀμφο-

125 5425 300 5491 τέρων
331 5423 537 5475 τούτων
566 5423 600 5490 ἡ
643 5420 942 5488 Ἐκκλησία
971 5420 1288 5475 συνίσταται
1316 5439 1329 5452 ο
1368 5423 1460 5474 καὶ
1517 5425 1696 5476 ίσασιν

122 5522 168 5569 εἰ
194 5515 742 5583 μυσταγωγούμενοι,
779 5513 846 5567 δι’
878 5514 1073 5577 ὖόλτος
1103 5515 1560 5583 ἁναγεννὼμενοι.
1623 5517 1694 5568 δι’

129 5612 362 5678 αἵματος
391 5607 486 5660 καὶ
518 5607 717 5678 cupito;
748 5606 1075 5678 τρεφόμεθα,
1112 5607 1284 5678 ἀρχὴν
1326 5608 1592 5677 λαμϐάνει
1627 5611 1694 5661 τὰ

1783 1775 1786 1778 ’
1818 1760 1872 1812 id
1899 1759 2080 1814 dicere
2108 1760 2382 1827 Ecclesiae,
2406 1763 2620 1816 senatui
2647 1761 2986 1828 concilioque
3019 1774 3133 1813 suo.
3162 1759 3308 1823 Quod
3337 1757 3380 1808 si

1819 1851 1956 1905 forte
1983 1852 2262 1906 Generalis
2285 1869 2427 1922 aegre
2455 1853 2557 1907 sibi
2594 1854 2904 1922 persuadet,
2933 1853 3204 1919 quomodo
3231 1865 3380 1904 arca-

1821 1958 1950 1996 num
1989 1942 2286 2012 imperator
2316 1959 2422 1998 non
2457 1945 2878 2004 causervaverit.
2910 1944 3068 1997 velim
3103 1943 3204 1996 hoc
3236 1942 3379 1995 scia-

1817 2035 1919 2100 tis,
1953 2045 2178 2089 cnnctos
2227 2034 2340 2090 fere
2389 2035 2526 2104 apud
2574 2051 2704 2100 nos,
2739 2044 2971 2105 excepto
3024 2036 3380 2101 imperatore.

1814 2126 2190 2180 orthodoxiam
2239 2127 2519 2183 Generalis
2567 2128 2880 2198 negavisse,
2928 2142 3100 2196 neque
3143 2142 3264 2180 eum
3315 2125 3380 2179 ad

1819 2217 2074 2272 unionem
2112 2233 2461 2272 accessurum
2495 2219 2842 2273 existimasse
2877 2237 2892 2273 :
2929 2218 3187 2288 pervertit
3214 2217 3380 2282 enim,

1813 2308 2062 2372 aiebant,
2097 2307 2309 2361 divinas
2351 2306 2618 2373 Litteras,
2655 2307 2900 2376 falsaque
2946 2309 3381 2376 interpretatione

1813 2393 1880 2446 ad
1917 2407 2075 2445 suum
2119 2393 2330 2447 libitum
2370 2394 2536 2447 trahit
2572 2413 2584 2450 :
2623 2403 2677 2449 et
2709 2407 2967 2450 oretcntts
3000 2396 3214 2466 quidem
3252 2411 3380 2449 san-

1812 2492 1927 2536 ctos
1968 2480 2156 2536 Patres
2194 2485 2388 2541 sectari
2429 2485 2657 2551 dictitat,
2686 2501 2746 2540 re
2784 2494 2963 2539 autem
2998 2501 3123 2539 vera
3165 2485 3250 2538 his
3288 2483 3383 2537 ad-

1812 2584 2085 2626 versatur.
2118 2570 2324 2639 Quibus
2365 2575 2659 2643 imperator
2698 2576 3140 2630 criminatoribus
3179 2573 3380 2628 litteras

1811 2660 2096 2718 Generalis
2158 2663 2331 2732 palam
2391 2665 2660 2734 opposuit.
2712 2663 2848 2719 Hinc
2902 2681 3037 2734 ergo
3082 2673 3231 2733 patet
3283 2680 3380 2719 cur

1809 2769 1953 2810 nunc
1985 2758 2167 2810 cuncti
2205 2757 2316 2810 fere
2351 2756 2579 2810 Romani
2618 2773 2716 2826 pro
2748 2757 2998 2812 Generali
3045 2767 3151 2809 tam
3195 2765 3382 2824 aperte

1809 2847 2114 2916 loquantur.
2133 2847 2308 2916 Atque
2330 2848 2468 2902 hanc
2487 2847 2775 2913 Theoriani
2807 2850 3172 2902 narrationem
3197 2848 3376 2901 caeteri

1809 2947 1941 2999 socii
1988 2946 2297 3000 testimonio
2337 2960 2435 2999 suo
2477 2943 2847 2999 ﬁrmaverunt.
2882 2945 3058 3011 Quare
3096 2944 3378 2998 Generalis

1808 3034 2036 3089 multum
2068 3037 2132 3091 de
2164 3037 2242 3090 ira
2275 3037 2576 3101 remittens,
2607 3037 2837 3089 haclutn
2865 3036 3089 3089 absolvit
3124 3036 3377 3088 crimina-

1807 3127 1952 3181 tione
1981 3127 2370 3182 Tbeorianum.
2403 3127 2780 3196 Subsequente
2810 3136 2985 3180 autem
3017 3127 3102 3178 die
3132 3126 3281 3179 nobis
3310 3127 3376 3180 ad

1804 3217 2069 3287 synodum
2099 3219 2304 3272 vocatis
2326 3220 2410 3272 ait
2439 3237 2454 3275 :
2492 3220 2565 3274 De
2595 3221 2801 3274 duabus
2829 3220 3045 3288 quidem
3079 3219 3130 3271 in
3161 3218 3377 3275 Christo

1805 3309 2016 3364 naturis
2050 3318 2104 3364 et
2136 3310 2262 3364 olim
2298 3319 2351 3365 et
2381 3326 2522 3365 nunc
2553 3309 2757 3365 dictum
2793 3312 2920 3364 satis
2954 3323 3035 3364 est
3070 3328 3083 3365 :
3121 3311 3376 3378 quoniam

1806 3416 1937 3458 vero
1969 3402 2310 3471 imperatoris
2344 3386 2595 3473 epistola,
2629 3412 2686 3456 ut
2717 3405 2780 3456 de
2815 3404 2937 3457 aliis
2969 3417 3184 3471 quoque
3210 3402 3369 3466 capi-

1809 3492 1936 3547 tulis
1965 3494 2301 3562 disputemus
2328 3505 2534 3562 monet,
2554 3497 2598 3551 si
2619 3495 2748 3564 quid
2779 3495 2929 3550 vobis
2961 3495 3143 3549 dicere
3173 3493 3374 3562 placet,

1808 3581 2040 3638 libenter
2066 3585 2370 3641 audiemus.

1885 3686 2144 3742 TIIEOB.
2185 3689 2437 3745 Relatum
2468 3691 2625 3747 nobis
2645 3701 2750 3756 est,
2777 3690 3067 3746 Armenios
3099 3691 3151 3743 in
3182 3689 3378 3745 divinis

1811 3781 2096 3852 mysteriis
2147 3782 2330 3836 vinum
2361 3782 2578 3848 offerre,
2607 3797 2746 3852 aqua
2778 3797 2896 3836 non
2934 3782 3189 3837 admista.
3224 3780 3376 3836 Scire

1807 3888 2053 3935 avemus,
2082 3871 2228 3926 unde
2255 3873 2309 3928 id
2346 3874 2604 3927 traditum
2633 3871 2966 3941 acceperint.

1883 3963 2041 4020 GEN.
2084 3963 2251 4020 Divus
2283 3962 2706 4035 Chrysostomus
2742 3964 3071 4034 octogesima
3103 3964 3289 4033 quinta
3318 3963 3375 4018 in

1818 4053 2057 4108 Ilalthaei
2093 4052 2446 4124 Evangelium
2479 4053 2701 4107 homilia
2733 4053 2812 4108 sic
2835 4054 2950 4107 ait:
2990 4073 3010 4106 ι
3042 4053 3151 4109 Cur
3182 4068 3210 4105 a
3243 4068 3378 4107 con-

1813 4148 1960 4202 vivio
1987 4162 2217 4216 surgens
2247 4147 2393 4202 haud
2426 4161 2622 4216 aquam
2655 4146 2750 4201 sed
2783 4147 2964 4201 vinum
2999 4147 3174 4201 bihit?
3203 4144 3377 4200 Nimi-

1809 4256 1930 4294 rum
1974 4246 2034 4293 ut
2082 4253 2303 4308 pravam
2356 4239 2514 4292 aliam
2560 4239 2813 4292 haresim
2856 4237 3101 4294 funditus
3153 4238 3371 4292 deleret.

1811 4329 2082 4395 Quoniam
2113 4331 2258 4382 enim
2293 4338 2425 4384 sunt
2455 4329 2706 4383 nonnulli
2737 4330 2828 4400 qui
2860 4345 2994 4397 aqua
3020 4329 3074 4382 in
3100 4327 3374 4398 mysteriis

1809 4431 2057 4489 utuntur,
2093 4420 2490 4476 demonstravit
2517 4421 2571 4475 in
2617 4431 2958 4474 antecessum
2990 4422 3244 4474 Dominus
3267 4460 3285 4488 ,
3313 4435 3374 4474 se

1811 4523 1868 4569 et
1906 4530 2035 4568 cum
2072 4514 2388 4584 mysterium
2431 4515 2533 4568 hoc
2578 4513 2918 4578 institueret,
2953 4523 3007 4566 et
3033 4528 3153 4566 cum
3182 4527 3376 4566 exsur-

1807 4621 1960 4674 gens.
1992 4603 2231 4675 seposito
2262 4606 2522 4674 mysterio
2543 4645 2560 4668 ,
2585 4618 2927 4657 communem
2963 4618 3199 4657 mensam
3221 4603 3375 4657 ubi-

1806 4698 1985 4759 beret.
2007 4697 2134 4751 vino
2166 4695 2334 4750 fuisse
2362 4710 2543 4750 nsum.
2581 4714 2601 4747 ι
2637 4693 2835 4749 Viden’
2865 4703 2924 4748 ut
2953 4695 3113 4749 divus
3152 4710 3368 4762 pravam

1805 4791 2053 4844 haresim
2081 4789 2337 4857 appellat,
2373 4802 2528 4857 aqum
2557 4789 2608 4840 in
2639 4787 2840 4842 divinis
2874 4788 3141 4856 mysteriis
3175 4784 3372 4838 nsum?
3457 4785 3462 4790 ’

1805 4882 2150 4950 Rursusque:
2174 4899 2192 4932 ι
2225 4877 2296 4934 Ex
2321 4881 2900 4950 genitnine,ait,vitis:
2921 4879 3045 4933 vitis
3064 4889 3368 4932 autemnon

1802 4985 2042 5039 aquam,
2089 4970 2184 5022 sed
2221 4971 2400 5021 vinum
2456 4969 2644 5037 gignit.
2679 4986 2698 5018 ι
2755 4967 2892 5033 Quid
2947 4969 3120 5020 adhuc
3170 4968 3367 5021 clarius

1805 5060 2093 5130 postulas?
2154 5057 2260 5113 Sed
2308 5059 2452 5112 enim
2509 5059 2726 5113 homilia
2771 5074 2986 5128 quoque
3037 5059 3366 5126 octogesima

1800 5155 1996 5216 quinta
2041 5151 2094 5205 in
2145 5149 2372 5205 Joannis
2422 5150 2814 5219 Evangelium,
2868 5166 3032 5218 super
3061 5152 3207 5204 dicto
3253 5151 3366 5213 illo,

1803 5243 1982 5297 Exivit
2017 5243 2237 5314 sanguis
2275 5254 2322 5295 et
2352 5236 2622 5311 aqua,'sic
2669 5243 2741 5295 ait
2772 5258 2786 5295 :
2831 5260 2850 5293 ι
2889 5241 3003 5296 Non
3036 5243 3236 5295 frustra
3269 5259 3364 5295 no.-

1806 5351 1911 5404 que
1941 5351 2067 5389 casn
2105 5337 2289 5405 aliquo
2321 5336 2500 5389 fontes
2547 5334 2599 5388 hi
2635 5335 2989 5403 prodierunt,
3021 5339 3110 5390 sed
3143 5339 3267 5404 quia
3299 5354 3377 5399 ex~

1796 5429 1884 5502 his
1914 5428 2178 5482 ambobus
2209 5427 2488 5495 consurgit
2515 5425 2776 5480 Ecclesia.
2816 5427 3004 5481 Sciunt
3041 5429 3256 5491 initiati,
3295 5446 3359 5482 ex

1797 5533 1937 5586 aqua
1993 5517 2335 5585 regenerati,
2369 5517 2633 5585 sanguine
2678 5526 2734 5570 et
2771 5531 2934 5570 carne
2980 5519 3204 5578 alimur;
3260 5521 3360 5570 Iu-c

1797 5623 1878 5666 cst
1903 5610 2277 5679 mysteriorum
2313 5608 2548 5675 initium,
2572 5617 2627 5662 ut
2656 5623 2777 5664 cunt
2807 5608 2873 5663 ad
2903 5610 3188 5664 verendum
3211 5609 3355 5662 illum
