3982 6326
149 396 238 456 $37
1476 384 1937 450 DISPUTATIO
1975 383 2054 442 Π.

3257 373 3363 436 258

151 505 282 568 θεος,
313 504 398 556 καὶ
428 504 454 553 ὁ
493 503 664 573 μέγας
703 501 1007 565 Βασίλειος,
1043 500 1336 570 ἐγγράφως
1369 499 1467 569 τὴν
1503 515 1697 570 μυστι-

1817 497 1940 551 l‘nm
1966 495 2138 550 sancti
2163 493 2352 549 Patres
2372 490 2700 561 Carthagine
2723 473 3033 561 congregati
3064 487 3144 543 sic
3172 487 3375 542 diserto

155 593 239 663 κήν
269 595 569 662 ἱερουργίαν
599 591 1067 662 παραδεδωκότες,
1095 589 1237 642 οὕτω
1268 587 1507 640 τελειοῦν
1541 589 1598 639 ὲν
1628 590 1693 658 τῇ

1821 589 1970 643 oculi
2025 595 2171 649 sunt,
2210 600 2402 654 nempe
2451 594 2510 636 ιιι
2562 585 2614 636 in
2669 581 2938 637 sacriticio
2989 579 3120 634 nihil
3177 589 3374 649 praeter

153 682 258 749 θείᾳ
287 681 584 751 λειτουργίᾳ
614 681 676 732 τὸ
721 680 860 750 ἱερὸν
893 681 1147 751 ποτήριον
1179 679 1236 742 ἐξ
1270 678 1458 741 ὓδατος
1492 677 1584 729 καὶ
1616 679 1695 729 σί-

154 787 232 820 νου
268 769 601 824 ἑκδεδώκασι.
643 770 752 821 Καὶ
794 770 843 822 oi
883 763 940 821 ἔν
981 770 1308 840 Καρθαγένῃ
1350 767 1696 829 συνελθόντες

155 863 282 927 ᾰγιοι
328 863 558 931 Πατὲρες
603 862 745 914 οὕτω
789 862 967 932 ῥητῶς
998 860 1454 931 ἐπεμνήσθησαν,
1506 860 1594 912 ἵνα
1644 859 1702 912 ὲν

156 954 254 1014 τοῖς
292 954 452 1019 ἁγίοις
497 954 663 1023 μηδὲν
707 954 866 1006 πλέον
906 955 996 1006 τοῦ
1049 953 1300 1022 σώματος
1345 952 1436 1004 καὶ
1475 952 1706 1020 αἵματος

154 1044 237 1094 τοῦ
279 1046 467 1114 Κυρίου
515 1045 938 1116 προσενεχθείη,
982 1047 1056 1109 ὼς
1102 1047 1193 1098 καὶ
1236 1044 1397 1106 αὐτὸς
1440 1046 1468 1096 ό
1511 1044 1713 1112 Κύριος

157 1137 436 1206 παρέδωκε,
464 1138 742 1190 τουτέστιν
767 1138 932 1207 ἄρτου
960 1139 1052 1190 καὶ
1077 1139 1222 1190 οἴνου
1255 1136 1406 1191 ὓδατι
1439 1134 1712 1206 μεμιγμέ-

155 1246 254 1281 νου.
294 1228 352 1280 Εἴ
385 1247 465 1292 τις
503 1227 596 1282 οὖν
634 1231 931 1292 ἐπίσκοπος
972 1231 1004 1299 ἢ
1051 1229 1416 1299 πρεσῦύτερος
1459 1229 1532 1299 μὴ
1571 1227 1712 1282 κατὰ

151 1320 241 1388 τὴν
281 1322 667 1391 παραδοθεῖσαν
709 1323 812 1382 ὑπὸ
845 1324 952 1374 τῶν
991 1322 1306 1374 ἀποστόλων
1342 1321 1496 1387 τάξιν
1539 1321 1707 1383 ποιεῖ,

152 1412 235 1461 καὶ
263 1410 398 1481 ὕδωρ
425 1411 549 1481 οῐνῳ
581 1413 657 1481 μὴ
693 1413 910 1482 μιγνὺς,
943 1413 1083 1466 οὕτω
1113 1412 1209 1482 τὴν
1238 1413 1507 1483 ἄχραντον
1539 1413 1705 1481 προσ-

153 1500 264 1566 άγει
305 1501 508 1568 θυσίαν,
549 1503 917 1573 καθαιρείσθω
954 1503 1023 1566 ὡς
1064 1504 1266 1566 ἀτελῶς
1303 1503 1365 1555 τὸ
1405 1503 1703 1572 μυστήριον

151 1595 536 1660 καταγγέλλων,
574 1590 671 1648 καὶ
710 1595 969 1658 καινίζων
1002 1596 1069 1648 τά
1112 1595 1532 1665 παραδιδόμενα.
1569 1593 1700 1646 Ἰδοὺ

151 1683 239 1734 καὶ
266 1684 398 1754 αὕτη
427 1689 455 1755 ή
487 1688 701 1757 μεγάλη
727 1690 822 1740 καὶ⁵
848 1688 1199 1758 οίκουμενικὴ
1228 1687 1340 1758 (21)
1370 1686 1585 1749 σύνοδος
1616 1701 1702 1753 γι-

1800 694 1999 746 corpus
2051 687 2106 732 et
2157 675 2478 744 sanguinem
2530 671 2744 726 Domini
2777 671 3089 737 oll‘erretur,
3126 680 3185 723 ut
3224 671 3372 740 ipsc-

1760 802 1764 806 λ
1804 777 1913 822 met
1956 768 2217 847 Dominus
2247 767 2488 828 tradidit,
2535 764 2586 818 id
2626 774 2708 818 est
2737 765 2891 831 panis
2932 771 2987 816 et
3019 764 3202 816 vinum
3235 777 3373 830 aqua

1807 859 2058 915 admista.
2088 857 2144 912 Si
2179 858 2302 926 quis
2326 872 2454 926 ergo
2479 857 2766 924 episcopus
2797 864 2886 906 aut
2913 853 3214 923 presbyter,
3239 867 3374 903 con-

1811 957 1895 1002 tra
1939 949 2193 1002 traditum
2243 949 2308 1000 ab
2350 948 2610 1013 apostolis
2656 947 2901 1001 ordinem
2955 947 3146 1014 egerit,
3199 944 3249 997 id
3296 951 3379 996 est

1813 1040 1860 1096 si
1907 1042 2110 1094 omissa
2146 1053 2300 1108 aqua:
2329 1053 2450 1093 cum
2499 1040 2623 1092 vino
2663 1038 2918 1094 mistione
2975 1035 3378 1090 immaculatatn

1813 1125 2044 1187 hostiam
2082 1130 2360 1195 obtulerit,
2414 1130 2746 1199 deponatur;
2798 1137 2985 1198 utpote
3027 1126 3120 1196 qui
3174 1127 3376 1193 imper-

1810 1223 2010 1277 fectum
2045 1221 2366 1291 mysterium
2417 1219 2649 1290 peragit,
2690 1229 2744 1272 et
2782 1219 2934 1272 novis
2980 1217 3142 1271 rebus
3184 1223 3372 1268 contra

1810 1321 2050 1366 veterem
2081 1309 2426 1384 traditionem
2462 1310 2660 1364 studet.
2689 1309 2765 1362 En
2797 1308 2910 1363 haec
2934 1322 3146 1376 quoque
3181 1319 3374 1375 magna

1812 1410 1866 1457 et
1895 1405 2233 1459 mcumenica
2281 1402 2519 1473 synodus
2555 1401 2828 1470 liturgiam
2868 1399 3059 1454 Jacobi
3110 1398 3377 1467 agnoscit,

1809 1505 1974 1554 quam
1999 1502 2062 1546 tu
2094 1492 2336 1561 ignoras.
2387 1491 2630 1545 Admitte
2681 1491 2846 1560 igitur
2881 1499 2959 1544 tot
2990 1497 3380 1554 tantorumque

1810 1592 2120 1636 sanctorum
2149 1581 2369 1635 Patrum
2397 1581 2802 1648 testimonium;
2836 1595 3011 1650 neque
3031 1581 3144 1650 jam
3174 1580 3379 1633 diutius

1811 1688 1876 1741 de
1908 1687 2008 1741 hoc
2044 1687 2281 1753 capitulo
2311 1687 2472 1741 verba
2511 1674 2796 1761 faciamus.

149 1772 334 1828 νώσκει
355 1777 448 1847 τὴν
470 1777 812 1850 λειτουργίαν
834 1778 928 1831 τοῦ
953 1779 1244 1845 Ἰακώϐου,
1269 1780 1335 1850 ἣν
1359 1779 1424 1832 σὺ
1451 1779 1663 1847 ἀγνοεῖς
1682 1792 1698 1808 ο
1738 1776 1917 1842 δέδεξο
1951 1779 2045 1833 οὗν
2075 1782 2184 1833 τῶν
2209 1779 2481 1833 τοσούτων
2544 1778 2640 1832 καὶ
2683 1770 3039 1852 ’τηλικούτων
3068 1779 3237 1848 ἁγίων
3267 1779 3380 1832 Πα-

145 1872 312 1941 τέρων
338 1873 430 1943 τὴν
461 1875 766 1943 μαρτυρίαν
787 1891 800 1905 ⁸
833 1877 925 1929 καὶ
957 1876 1119 1930 πλέον
1149 1879 1274 1947 περὶ
1301 1875 1412 1928 τῶν
1442 1875 1696 1929 τοιούτων
1735 1876 2047 1944 κεφαλαίων
2080 1876 2154 1944 μὴ
2185 1876 2450 1945 εἴπωμεν.

212 1966 367 2020 ΚΑΘ.
401 1966 542 2035 Ἐγὼ
573 1967 782 2031 πάντας
810 1968 1031 2032 τούτους
1059 1969 1132 2030 ὡς
1161 1969 1258 2022 ἕνα
1290 1968 1575 2038 ἄνθρωπον
1605 1967 1703 2039 ἔχω

1886 1967 2049 2022 GEN.
2092 1967 2202 2038 Ego
2243 1970 2339 2021 hos
2366 1981 2577 2025 omnes.
2613 1968 2789 2023 instar
2811 1968 2975 2022 unius
3022 1967 3255 2022 hominis
3285 1968 3381 2022 ha‘

145 2053 421 2123 γράψαντα
447 2055 506 2108 τὸ
534 2055 713 2124 ἑαυτῷ
742 2057 1168 2128 παριστάμενον.

210 2231 401 2286 ΘΕΩΡ.
433 2233 570 2296 Τοὺς
601 2234 976 2304 τοποτηρητὰς
1002 2229 1098 2288 τοῦ
1124 2234 1395 2306 μακαρίου
1425 2236 1582 2290 πάπα
1605 2237 1703 2306 τῆς

142 2321 370 2385 παλαιᾶς
425 2322 687 2393 Ῥώμης,
750 2324 848 2376 καὶ
909 2323 1001 2376 τὸν
1050 2325 1701 2389 Κωνσταντινουπόλεως,

141 2414 230 2464 καὶ
263 2413 684 2485 Ἀλεξανδρείας,
737 2415 830 2466 τὸν
866 2413 1222 2485 Ἀντιοχείας,
1254 2418 1350 2470 καὶ
1404 2418 1494 2471 τὸν
1535 2417 1703 2486 Ἱερο-

146 2505 413 2575 σολύμων,
463 2507 553 2559 καὶ
599 2505 890 2571 τοσούτους
943 2507 1129 2574 ἁγίους
1176 2508 1447 2578 Πατέρας,
1477 2510 1571 2563 καὶ
1611 2509 1702 2562 τὸν

143 2596 360 2662 βασιλέα
393 2596 790 2661 Ἰουστινιανδν,
842 2599 1049 2660 πάντας
1078 2597 1301 2662 τούτους
1350 2599 1426 2662 ὡς
1478 2600 1571 2652 ἕνα
1606 2600 1702 2653 ἄν-

141 2689 351 2757 θρωπον
377 2689 550 2757 Exue;
576 2688 634 2741 σὲ
658 2688 736 2754 δὲ,
772 2689 867 2742 ἕνα
894 2690 1043 2754 ὄντα,
1076 2693 1459 2763 οίκουμενικῆς
1484 2694 1702 2747 συνόδου

142 2780 419 2846 κρείττονά
443 2796 498 2831 τε
541 2781 634 2832 καὶ
665 2781 1110 2851 ἁσςεαλέστερονς

208 2871 364 2924 ΚΑΘ.
394 2868 559 2924 Εῐπόν
582 2890 684 2937 σοι,
722 2873 908 2926 οὐδένα
945 2876 1148 2927 τούτων
1169 2876 1418 2946 δέχομαι.

204 2957 396 3009 ΘΕΩΡ.
442 2958 581 3026 Ἐγὼ
609 2960 837 3028 δύναμιν
873 2960 1040 3031 ἄλλην
1070 2963 1170 3014 οὐκ
1217 2963 1326 3032 ἔχω
1382 2963 1560 3034 ἀλλ’ἢ
1602 2964 1702 3028 τὰς

140 3048 484 3111 διδασκαλίας
523 3050 629 3101 τῶν
659 3050 830 3116 ἁγίων
864 3051 1122 3120 Πατέρων
1154 3051 1250 3105 καὶ
1288 3051 1356 3105 τὰ
1411 3055 1701 3124 συγγράμ-

142 3156 312 3204 ματα·
347 3139 599 3208 θαύματα
633 3141 741 3211 γὰρ
782 3141 1115 3212 ἐργάσασθαι
1146 3143 1467 3213 ἁμαρτωλός
1495 3144 1570 3197 ὢν
1602 3147 1702 3198 οὑκ

143 3231 327 3297 laxum,
365 3231 452 3281 ἵνα
483 3230 724 3298 θαύμασι
761 3235 854 3284 καὶ
911 3234 1158 3303 σημείοις
1200 3234 1369 3288 πείθω
1401 3236 1527 3298 τοὺς
1553 3237 1702 3290 ἀντι·

1812 2059 1937 2125 beo,
1967 2061 2060 2131 qui
2093 2063 2246 2115 suam
2277 2062 2542 2131 privatam
2574 2062 2902 2116 sententiam
2934 2062 3138 2132 scripto
3189 2073 3380 2132 protu-

1811 2151 1959 2206 lerit.

1881 2239 2135 2298 TllEOR.
2165 2240 2372 2312 Ergone
2390 2241 2595 2312 legatos
2613 2241 2755 2297 beati
2778 2242 2935 2311 Papa:
2956 2244 3152 2298 veteris
3169 2242 3379 2312 Rerum,

1809 2333 2154 2402 patriarchas
2183 2322 2869 2403 Constantinopolitanum,
2921 2335 3376 2398 Alexandrinum,

1808 2424 2233 2491 Antiochennm,
2277 2427 2848 2496 Hierosolymitanum,
2891 2435 2970 2480 tot
3018 2437 3234 2481 sanctos
3276 2427 3378 2481 Pa-

1810 2523 1942 2581 tres,
1984 2515 2348 2572 Iustinianum
2393 2519 2772 2588 impcratorem
2805 2529 3074 2585 ,‘omnes,
3129 2519 3376 2588 inquam,

1809 2607 1912 2662 hos
1955 2593 2315 2662 instar’unius
2363 2608 2601 2664 hominis
2635 2607 2840 2664 habes?
2875 2618 3039 2664 temet
3072 2624 3201 2664 vero
3223 2649 3238 2674 ,
3286 2611 3378 2677 qui

1809 2714 1954 2755 unus
1988 2714 2067 2764 es,
2092 2700 2426 2754 meumcnica
2457 2700 2659 2770 synodo
2689 2700 3264 2770 potinrem‘minnsque
3291 2715 3378 2755 era

1698 2861 1704 2867 ἢ
1811 2788 1923 2842 rori
1956 2788 2247 2842 obnoxium
2279 2803 2401 2843 esse
2427 2787 2751 2842 arbitraris?

1879 2878 2038 2932 GEN.
2096 2877 2214 2932 Jam
2263 2878 2358 2932 tibi
2410 2878 2564 2940 dixi,
2595 2879 2786 2931 horum
2836 2877 3038 2932 nemini
3083 2877 3376 2947 obsequor.

1880 2971 2279 3041 THEOR.'Ego
2305 2987 2451 3037 vero,
2486 2972 2604 3026 aliis
2635 2972 2839 3026 viribus
2888 2986 2994 3027 non
3031 2987 3150 3026 sum
3181 2973 3381 3026 instru-
3433 2987 3442 2997 ’

1810 3074 1951 3131 cttis,
2005 3081 2168 3134 quam
2230 3073 2547 3118 sanctorum
2608 3061 2829 3117 Patrum
2890 3065 3156 3117 doctrinis
3215 3072 3379 3130 atque

1808 3158 1959 3212 libris
1991 3158 2292 3212 :miracula
2327 3157 2476 3212 enim
2509 3162 2745 3225 patrare,
2784 3169 2904 3208 cum
2954 3155 3054 3208 sim
3098 3164 3376 3224 peccator,

1811 3261 2053 3316 nequeo;
2086 3256 2143 3301 ut
2170 3245 2427 3317 prodigiis
2467 3245 2677 3304 scilicet
2710 3253 2872 3312 atque
2916 3245 3087 3313 signis
3120 3247 3378 3298 adversa-

137 3323 428 3384 πίπτοντας
451 3338 465 3352 ο
512 3323 575 3375 ἂν
606 3318 698 3375 οὖν
727 3325 838 3387 τοῖς
867 3323 1046 3393 λόγοις
1081 3328 1141 3379 οὐ
1177 3327 1342 3400 πείθῃ
1369 3329 1478 3383 τῶν
1513 3329 1702 3402 θεοφό-

1817 3339 1918 3392 rios
1949 3351 2275 3413 expuguem.
2319 3333 2437 3390 Nisi
2486 3343 2543 3388 tu
2595 3349 2725 3402 ergo
2785 3343 3099 3387 sanctorum
3155 3331 3374 3387 Patrum

142 3427 244 3478 ρων
271 3411 502 3476 statim,
546 3413 725 3484 μάτην
765 3414 900 3484 πρὸς
927 3414 1070 3487 ὑμᾶς
1109 3419 1434 3474 κεκοπίακα.

209 3590 369 3645 ΚΑΘ.
423 3592 702 3674 Ἐάσωμεν
735 3593 796 3646 τὸ
835 3578 965 3665 περὶ
1002 3595 1092 3650 τοῦ
1139 3596 1328 3662 ὕδατος
1359 3599 1604 3672 ζήτημα·
1638 3600 1700 3654 οὐ

139 3683 244 3751 γὰρ
273 3683 407 3751 πρὸς
446 3683 542 3753 τὴν
571 3687 755 3737 πίστιν
780 3687 1103 3742 ἀντίκειται,

206 3774 396 3824 ΘΕΩΡ.
429 3776 638 3845 Σφόδρα
676 3778 824 3830 ἐστὶν
859 3780 1154 3846 ἀναγκαῖον
1178 3797 1193 3812 °
1225 3781 1352 3837 ἄνευ
1379 3785 1488 3854 γὰρ
1532 3774 1700 3838 αὑτοῦ

137 3864 313 3917 τελεία
348 3865 455 3935 (2‘2)
482 3869 758 3936 ἱερουργία
792 3871 850 3922 ού
875 3871 1100 3936 γίνεται.

208 3957 367 4009 ΚΑΘ.
404 3959 526 4010 Ἐὰν
548 3959 640 4012 οὖν
665 3959 792 4032 Im;
824 3962 985 4027 ἄλλας
1015 3965 1258 4035 χρήσεις,
1283 3965 1362 4028 είς
1393 3966 1558 4035 μέσον
1585 3969 1701 4022 είσ-

137 4049 568 4114 κομιζέσθωσαν.
624 4053 625 4056 “
1133 4091 1137 4093 .

205 4138 398 4190 ΘΕΩΡ.
439 4141 502 4191 Τί
537 4159 626 4209 μοι
653 4141 713 4195 τὸ
743 4144 928 4212 κέρδος
978 4147 1043 4198 ὲκ
1088 4146 1182 4198 τοῦ
1225 4147 1425 4210 πολλὰς
1470 4165 1700 4218 παρεισ-

136 4233 287 4296 άγειν
311 4232 555 4302 χρήσεις,
574 4235 694 4287 ἐπεὶ
717 4236 920 4300 ταύτας
939 4238 1000 4291 οὐ
1027 4240 1340 4311 παραδέχη;
1363 4241 1555 4311 Ὅμως
1579 4243 1702 4296 ι’δω-

139 4336 254 4387 μεν,
283 4323 333 4372 εἰ
361 4323 527 4388 δοκεῖ,
557 4325 609 4377 τί
644 4328 772 4395 περὶ
823 4328 1012 4382 τούτου
1040 4330 1068 4382 ὁ
1116 4329 1340 4401 Νύσσης
1396 4334 1703 4404 Γρηγόριος

135 4412 473 4480 φυσιολογῶν
515 4414 830 4485 δογματίζει
888 4408 1376 4488 περικαλλέστατα.
1427 4423 1518 4477 Ἐν
1567 4425 1703 4492 γοῦν

134 4495 211 4564 τῷ
235 4501 588 4570 κατηχητικῷ
605 4502 746 4573 λόγῳ
775 4497 835 4556 οὗ
863 4507 895 4576 ή
918 4509 1111 4578 ἁρχὴ,‹
1134 4509 1194 4561 Ὀ
1222 4510 1318 4579 τῆς
1341 4515 1703 4582 κατηχήσεως

135 4588 288 4655 λόγος
317 4591 618 4658 ἀναγκαῖος
662 4595 759 4663 μέν
786 4597 901 4672 ἐστι
931 4600 1043 4661 τοῖς
1068 4602 1432 4670 προεστηκόσι
1462 4603 1554 4658 τοῦ
1594 4623 1701 4675 μυε-

137 4679 362 4750 στημίου
386 4681 483 4750 τῆς
510 4683 811 4748 εὐσεϐείας,
834 4704 853 4738 ι
889 4670 1059 4758 ’φησίν
1091 4689 1223 4760 (25)·
1250 4692 1488 4764 ιὨσπερ
1517 4670 1625 4765 γὰρ
1654 4695 1704 4746 oi
1738 4670 1780 4726 υ

136 4768 463 4838 δηλητήριον
480 4769 545 4822 δι’
565 4771 861 4845 ἐπιϐουλῆς
871 4776 1124 4841 λαϐόντες
1149 4779 1293 4850 ἄλλῳ
1317 4783 1592 4854 φαρμάκῳ
1605 4784 1703 4856 τὴν

135 4858 462 4932 φθοροποιὸν
490 4862 722 4932 δύναμιν
751 4864 981 4920 ἔσϐεσαν
1010 4869 1137 4942 (χρὴ
1159 4871 1215 4924 δὲ
1249 4872 1374 4925 καθ’
1405 4876 1700 4945 ὁμοιότητα

135 4951 227 5003 τοῦ
250 4951 501 5024 ὀλεθρίου
537 4958 630 5009 καὶ
652 4957 712 5009 τὸ
742 4958 1080 5031 ἁλεξιτήριον
1106 4963 1255 5026 ἐντὸς
1275 4965 1390 5018 τῶν
1413 4967 1510 5019 ἀνθ
1520 4968 1696 5037 ρωπί-

134 5061 238 5096 νων
273 5045 531 5111 γενέσθαι
592 5049 936 5120 σπλάγχνων,
992 5053 1068 5117 ὡς
1124 5055 1189 5108 ἂν
1227 5056 1310 5129 διί
1332 5049 1558 5110 ἐκείνων
1612 5059 1701 5129 ἐφ’

135 5136 278 5187 ᾰπαν
341 5142 770 5209 καταμερισθείη
822 5143 881 5196 τὸ
947 5146 1107 5215 σῶμα
1161 5149 1192 5216 ή
1238 5123 1332 5200 rei?
1371 5123 1694 5218 βοηθοῦντος

131 5228 411 5299 δύναμιςγ
443 5231 584 5283 οὕτω
606 5232 701 5284 τοῦ
724 5234 1026 5299 διαλύοντος
1054 5240 1150 5308 τὴν
1179 5239 1341 5307 φύσιν
1372 5242 1528 5311 ήμῶν
1558 5245 1692 5296 ἁπο-

211 5369 322 5451 (21',
364 5370 832 5451 καταχρηστικῶς
866 5378 1133 5444 generalis
1166 5378 1362 5432 dicitur
1394 5379 1508 5434 ltmc
1537 5395 1698 5451 syno-

132 5441 234 5492 dus
261 5440 750 5510 Carthaginiensis.

202 5512 316 5578 (ὶέ)
365 5508 601 5580 lnteilige
645 5514 1020 5583 imperfectum
1056 5518 1384 5574 sacriﬁcium
1430 5522 1497 5575 ad
1531 5521 1691 5576 ritum

133 5583 272 5646 quod
298 5584 528 5644 ‘attinet,
569 5596 676 5633 non
706 5584 772 5636 ad
801 5589 876 5639 rei
906 5591 1217 5643 essentiam.

202 5650 316 5717 (‘25)
362 5651 688 5718 Sequentem
721 5652 947 5721 Nysseni
985 5667 1270 5712 tractatum
1327 5675 1392 5714 ex
1446 5661 1699 5715 vaticano

133 5718 422 5792 Theortani
477 5722 665 5775 codice
716 5718 970 5792 profero;
1011 5741 1132 5779 nam
1179 5728 1485 5784 l’arisacus
1522 5742 1697 5785 textus

132 5806 159 5838 ιι
204 5791 449 5845 .ilorelito
473 5794 680 5846 'edilus
718 5791 1168 5864 illagitiosissintis‘
1224 5802 1432 5855 metttlis
1484 5813 1693 5864 scatet;

1808 3431 2157 3486 sermonibus
2189 3427 2515 3499 acquiescis,
2561 3440 2662 3499 ego
2708 3425 2912 3482 frustra
2960 3424 3102 3498 apud
3155 3438 3250 3481 vos
3299 3427 3379 3478 la-

1808 3522 2020 3577 boravi.
2165 3558 2169 3563 σ
2688 3593 2696 3597 _

1873 3610 2034 3669 GEN.
2056 3611 2379 3669 Omittamus
2413 3611 2551 3666 hanc
2575 3611 2638 3665 de
2656 3625 2791 3681 aqua
2809 3610 3183 3681 qumstioncm,
3206 3623 3380 3680 neque

1805 3708 1950 3758 enim
1991 3706 2122 3758 tides
2159 3706 2244 3759 hic
2274 3704 2526 3759 violatur.

1875 3793 2127 3849 THEOR.
2173 3793 2283 3849 lmo
2315 3810 2402 3850 res
2431 3790 2678 3866 capitalis
2707 3802 2811 3860 est,
2839 3793 2957 3848 sine
3005 3807 3107 3865 qua
3141 3792 3377 3864 perfecta

1802 3885 2018 3957 liturgia
2045 3901 2150 3942 non
2182 3887 2381 3941 evadit.

1878 3975 2039 4031 GEN.
2099 3975 2247 4029 Aﬂer
2303 3975 2488 4048 igitur,
2518 3975 2563 4029 si
2607 3989 2744 4045 quas
2783 3973 2948 4029 habes
2986 3983 3266 4044 praetcrea,
3325 3975 3377 4028 in

1805 4065 2039 4119 medium
2075 4065 2456 4135 auctoritates.

1874 4155 2132 4211 TllEOB.
2170 4155 2310 4222 Quid
2357 4155 2486 4209 mihi
2511 4155 2622 4225 jam
2651 4156 2871 4226 prodest
2915 4155 3111 4210 multas
3144 4158 3379 4211 auctori-

1805 4256 1944 4305 tates
1975 4239 2324 4314 coacervare,
2367 4249 2640 4319 siquidem
2678 4250 2775 4310 has
2800 4263 2905 4304 non
2943 4248 3187 4318 recipis?
3223 4249 3377 4301 Nihi-
3468 4301 3471 4303 ι

1805 4340 2036 4394 lominus
2073 4340 2378 4405 videamus,
2408 4341 2453 4394 si
2482 4339 2682 4408 placet,
2717 4337 2846 4408 quid
2897 4339 2997 4393 hac
3031 4352 3194 4407 super
3231 4339 3375 4407 Nys-

1803 4445 1969 4486 senus
2003 4429 2304 4501 Gregorius
2340 4429 2772 4500 elegantissime,
2803 4439 3018 4497 sumpto
3049 4444 3076 4481 ιι
3111 4429 3378 4482 naturali-

1805 4522 1906 4578 bus
1933 4524 2094 4576 rebus
2142 4520 2413 4590 exemplo,
2447 4520 2664 4576 doceat.
2714 4518 2762 4573 ls
2819 4519 2984 4590 igitur
3032 4519 3085 4572 in
3124 4521 3374 4573 oratione

1807 4613 2168 4676 catechetica,
2199 4610 2356 4679 cujus
2407 4599 2672 4666 initiu‘m:
2715 4628 2734 4662 ι
2792 4610 3136 4665 Catechetica
3195 4612 3372 4664 oratio

1807 4700 2117 4761 necessaria
2174 4714 2259 4759 est
2310 4703 2418 4759 illis
2473 4704 2565 4774 qui
2607 4703 2863 4773 religioso
2913 4703 3171 4774 mysterio
3222 4718 3376 4772 pra:—

1803 4806 1950 4862 sunt,
2003 4815 2022 4848 ι
2063 4796 2143 4852 sic
2177 4796 2296 4850 ait:
2337 4813 2358 4848 ι
2413 4793 2587 4851 Sicuti
2633 4797 2774 4851 enim
2819 4797 2908 4865 qui
2943 4810 3210 4851 venenum
3251 4797 3374 4849 dolo

1803 4887 2032 4958 alicujus
2061 4897 2434 4956 sumpserunt,
2463 4887 2568 4942 alio
2599 4887 2996 4942 medicamento
3033 4885 3368 4941 mortiferam

1803 4979 1910 5033 vim
1943 4978 2294 5046 exstinguunt
2343 4978 2529 5049 (porro
2569 4984 2784 5046 oportet
2830 4976 2970 5030 sicut
3023 4976 3261 5041 exitiale,
3298 4977 3371 5030 ita

1805 5068 1968 5122 etiam
2000 5067 2237 5121 salutare
2267 5066 2720 5120 medicamentum
2754 5064 2965 5118 admitti
2999 5065 3139 5119 intra
3162 5065 3371 5118 viscera

1807 5158 2058 5223 hominis,
2083 5165 2141 5209 ιιι
2179 5172 2244 5212 ex
2273 5157 2409 5226 ipsis
2433 5156 2795 5211 distribuatur
2822 5155 2875 5208 in
2909 5157 3218 5218 universum
3251 5171 3372 5210 cor-

1803 5261 1904 5319 pus
1949 5249 2202 5303 salutaris
2240 5249 2379 5318 vis);
2428 5249 2499 5302 ita
2551 5261 2672 5302 cum
2709 5247 2760 5302 id
2802 5249 3198 5317 gustaveritnus
3225 5248 3370 5318 quod

1804 5399 1871 5436 ne
1923 5385 2049 5452 quid
2080 5383 2251 5437 dicam
2283 5385 2347 5438 de
2374 5385 2708 5437 invenustate
2735 5395 2947 5452 quoque
2970 5380 3174 5435 Latinae
3203 5379 3373 5436 inter-

1806 5455 2147 5521 pretationis,
2190 5470 2352 5522 quam
2387 5469 2538 5521 aeque
2573 5453 2815 5506 funditus
2841 5453 3002 5506 debui
3051 5457 3366 5506 retortnare.

1804 5525 2147 5593 Caeleroquin
2192 5540 2290 5593 ego
2326 5535 2506 5577 textus
2537 5524 2667 5577 editi
2712 5536 2931 5576 errores
2955 5522 3039 5573 vix
3075 5522 3240 5593 semel
3274 5530 3369 5573 aut

1807 5591 2360 5660 iterum,’speciminis
2382 5608 2566 5656 causa,
2590 5595 2640 5646 in
2662 5593 2882 5647 scholiis
2909 5594 3041 5645 meis
3064 5591 3363 5659 appel!aho.

1807 5663 2115 5716 Desiderari
2157 5679 2286 5718 vero
2333 5663 2538 5730 aliquot
2578 5665 2720 5732 apud
2750 5679 2848 5716 nos
2895 5673 3164 5732 remmota
3210 5675 3367 5712 nemo

1805 5736 2064 5856 ﬁniretur;
2099 5736 2300 5789 etenim
2322 5750 2382 5790 ea
2415 5730 2754 5788 Theorianus
2778 5744 2834 5786 ut
2857 5734 3134 5802 proposito
3156 5730 3366 5783 inutttta

1844 5813 2063 5856 ett-axit.

1844 5805 2063 5858 etraxit.
