3982 6326
624 251 724 315 2'“

695 362 853 418 G‘EN.
889 360 980 415 Dic
1022 359 1328 429 perspicue,
1358 368 1541 425 ecqua:
1569 352 1678 408 sint
1702 368 1767 406 cx
1804 352 1888 405 his
1923 351 2198 420 capitulis,
2232 361 2272 412 Α

626 455 818 522 quibus
865 448 1138 519 sepositis,
1174 462 1272 500 nos
1318 451 1497 498 tamen
1534 442 1599 497 ad
1637 442 1900 509 integram
1939 439 2187 492 unionem

628 540 939 609 excipient?

696 625 951 681 TIIEUR.
984 622 1116 677 Puto
1156 622 1291 689 quod
1343 630 1395 673 tu
1447 618 1605 672 sicuti
1657 626 1920 671 tuutntnet
1950 616 2189 669 animum

626 715 965 784 exploratum
1024 714 1209 777 habes,
1242 713 1312 765 ita
1362 711 1670 764 voluntates
1701 723 1914 776 quoque
1959 708 2197 759 subdito-

627 822 743 859 rum
771 803 1041 873 pervides,
1068 803 1339 870 probeque
1374 800 1513 854 nosti
1561 798 1817 867 quidnam
1863 811 1928 848 ex
1980 796 2064 849 his
2094 795 2189 847 ad-

628 898 845 951 tnissnri
884 897 1013 961 sint,
1038 896 1232 963 quidve
1261 908 1443 948 secus.
1480 892 1657 957 Quare
1689 900 1743 943 tu
1777 890 1978 959 potius,
2014 888 2055 941 si
2089 887 2189 948 vis,

548 976 553 979 M
629 986 805 1040 iudica
831 985 983 1047 mihi,
1019 998 1263 1053 quaenam
1297 981 1565 1034 Armeniis
1597 981 1779 1049 gravia
1806 981 1975 1032 visunt
2007 977 2070 1030 iri
2098 992 2191 1044 pn-

627 1085 727 1136 tes.
762 1091 949 1143 qtueve
1000 1073 1407 1142 nunquam-sibi
1458 1072 1772 1142 persuaderi
1825 1070 2032 1141 passuri
2061 1068 2189 1121 sint.

698 1166 855 1223 GEN.
886 1166 1096 1222 Nescio.
1133 1166 1385 1219 Fortasse
1408 1166 1652 1234 quatdam
1687 1164 1815 1216 tnilti
1849 1162 2193 1224 videbuntur,

628 1262 693 1313 de
726 1260 920 1327 quibus
954 1258 1110 1311 aliter
1133 1258 1369 1327 synodus
1401 1255 1755 1309 existimabit.

697 1349 955 1404 'l‘llEOii.
990 1349 1043 1403 Si
1080 1362 1156 1411 ttt,
1188 1349 1277 1417 qui
1309 1357 1469 1417 caput
1517 1362 1595 1412 es,
1629 1348 1731 1401 hoc
1774 1346 2013 1414 ignoras,
2045 1359 2190 1413 quo-

629 1446 791 1498 modo
831 1459 929 1513 ego
976 1442 1068 1511 qui
1101 1456 1192 1511 pes
1232 1456 1371 1500 sum.
1412 1441 1519 1493 imo
1547 1442 1613 1493 tte
1646 1454 1739 1508 pes
1776 1438 2019 1507 quidem,
2054 1440 2193 1507 apud

627 1537 992 1589 Romanorum
1024 1536 1309 1603 synodum.
1345 1535 1485 1600 quod
1530 1546 1687 1602 rogas
1722 1540 2052 1600 compertum
2086 1531 2189 1585 ha-

548 1658 551 1663 -
627 1626 822 1703 licam?
857 1627 1208 1681 Nihilominus
1266 1627 1575 1693 conjectatts
1630 1622 2186 1692 dicull'l.‘C'dpilulltttl

1957 237 1960 240 ’
2028 196 2456 303 Titiseniam
3760 239 3852 301 279

2389 346 2447 399 '0
2478 344 2634 399 ΚΛΘ.
2680 344 2811 398 Εἰπὲ
2863 346 2995 415 ἡμῖν
3026 344 3297 415 φανερῶς,
3322 345 3370 397 εἰ
3393 346 3504 400 ἐστι
3525 348 3726 404 τούτων
3762 356 3856 407 τῶν

2306 437 2619 505 κειραλαίων
2666 435 2807 501 τινὰ,
2852 431 2926 489 ὧν
2974 436 3141 506 χωρὶς
3187 436 3617 508 δέξονται’ἠμᾶς
3669 442 3746 505 εἰς
3780 460 3852 495 τε·

2299 527 2450 578 λείαν
2490 527 2704 578 ἕνωσιν.

2386 619 2445 671 '0
2477 617 2672 671 ΘΕΩΡ.
2707 616 3106 684 Ὑπολαμϐάνω
3137 618 3218 669 ὅτι
3246 615 3434 685 ὥσπερ
3470 618 3757 684 γινώσκεις
3802 621 3855 674 σὺ

2307 712 2405 781 τὴν
2427 710 2657 780 καρδίαν
2690 726 2806 771 σου,
2855 708 3026 770 οὕτως
3058 709 3345 775 γινώσκεις
3400 710 3493 761 καὶ
3533 710 3641 760 τῶν
3675 712 3776 762 ὑπὸ
3807 712 3855 761 σὲ

2301 803 2604 875 ἀρχιερέων
2626 802 2684 853 τὸ
2715 802 2946 869 θέλημα,
2967 800 3061 853 καὶ
3088 798 3377 867 γινώσκεις
3402 801 3523 853 τίνα
3548 801 3750 853 τούτων
3780 802 3856 854 δέ-

2302 894 2503 959 ξονται,
2542 894 2633 946 καὶ
2660 893 2777 945 τίνα
2799 891 2858 944 οὗ
2882 909 2895 923 ·
2920 893 3032 957 καὶ,
3068 893 3116 943 εί
3137 892 3400 955 κελεύεις,
3435 890 3555 942 εἰπὲ
3600 894 3731 960 ἡμῖν
3753 892 3857 944 τίνι

2298 985 2504 1038 τούτων
2538 987 2647 1045 τοῖς
2692 984 3003 1054 Ἀρμενίοις
3048 984 3193 1035 δοκεῖ
3238 981 3495 1051 φορτικὰ,
3539 984 3631 1033 καὶ
3678 984 3777 1034 οὐκ
3804 982 3859 1035 ἂν

2308 1077 2616 1129 συνέλθοιεν
2647 1075 2784 1127 ὥστε
2810 1071 3219 1141 παραδέξασθαι
3252 1074 3414 1127 αὐτά.

2399 1167 2458 1221 Ὀ
2495 1168 2653 1221 ΚΑθ.
2696 1167 2807 1220 Οὐκ
2842 1162 2989 1218 οἷδα²
3020 1165 3151 1225 ἴσως
3175 1163 3435 1217 δοκοῦντα
3464 1164 3586 1236 ἐμοί
3613 1180 3766 1227 τινα,
3804 1166 3859 1231 τῇ

2307 1260 2513 1329 συνόδῳ
2545 1261 2606 1311 οὐ
2633 1258 2770 1321 δόξει
2801 1256 2995 1320 οὕτως.
3211 1304 3220 1312 ,
3248 1300 3252 1304 .
3612 1318 3627 1324 _

2392 1356 2450 1405 '0
2487 1352 2762 1406 ΘΕΩΡ.Σὺ
2801 1345 3008 1420 κεφαλὴ
3045 1352 3141 1415 ὢν,
3179 1352 3391 1420 ἀγνοεῖς
3412 1350 3592 1416 τοῦτο,
3619 1352 3739 1412 πῶς
3763 1350 3863 1417 ἐγὼ

2286 1446 2440 1507 ’ποῦς
2464 1445 2538 1497 ὣν
2570 1444 2664 1511 τῆς
2711 1442 2861 1511 παρὰ
2904 1442 3037 1494 τῶν
3062 1428 3350 1511 Ῥωμαίων
3397 1442 3640 1508 συνόδου,
3678 1441 3863 1512 μᾶλλον

2303 1536 2360 1588 δὲ
2390 1535 2510 1587 οὐδὲ
2540 1533 2695 1597 ποῦς,
2727 1533 2965 1600 δύναμαι
2998 1534 3205 1601 γ.ὦναι
3226 1532 3431 1586 τοῦτοὸ
3463 1534 3706 1604 ἐρωτᾷςς
3732 1532 3865 1604 Πλὴν

2304 1623 2702 1694 στοχαζόμενος
2733 1623 2900 1674 εἴπω·
2942 1625 3001 1674 τὸ
3041 1625 3138 1691 τῆς
3186 1623 3540 1692 προϐλήσεως
3572 1621 3863 1690 κεφάλαιον

628 1718 756 1773 illud
791 1720 856 1772 de
884 1715 1161 1771 Generalis
1190 1714 1468 1775 electione,
1496 1712 1719 1765 honoris
1744 1709 1875 1779 ergo
1898 1719 2062 1778 atque
2089 1710 2197 1762 uti-

2310 1718 2487 1787 ἀφορᾷ
2514 1717 2593 1778 εἰς
2627 1716 2795 1787 τιμὴν
2838 1718 2930 1769 καὶ
2960 1715 3231 1783 ὠφέλειαν
3264 1717 3361 1784 σὴν
3394 1715 3615 1767 καὶτῶν
3645 1716 3785 1783 μετὰ
3812 1714 3866 1765 σὲ

624 1809 794 1864 litatis
821 1819 923 1864 ture
945 1817 997 1861 et
1026 1806 1432 1883 Succedentiotn
1464 1802 1811 1858 Generaliuttt
1838 1803 2196 1871 perscriptum

628 1914 712 1956 est
744 1920 758 1956 :
788 1915 1017 1970 namque
1054 1900 1119 1953 ad
1174 1900 1319 1953 sedis
1364 1898 1720 1952 atabilitatem
1776 1894 2195 1963 firmitatemque

627 2001 854 2062 spectat,
875 1994 1000 2060 quia
1028 1992 1138 2045 haec
1162 1972 1499 2043 defensorem
1530 2000 1777 2043 sanetum
1813 1986 2192 2055 imperatorem

628 2084 1057 2139 nancisceretur.
1099 2081 1325 2135 Romani
1378 2091 1579 2142 tamen,
1615 2088 1673 2131 ut
1700 2088 1858 2154 puto,
1896 2078 2003 2131 vim
2042 2078 2195 2131 vobis

628 2176 681 2231 itt
709 2176 811 2230 hoc
859 2172 1003 2229 haud
1038 2171 1237 2226 facient
1268 2171 1399 2227 :sed
1439 2185 1505 2224 ne
1548 2172 1603 2223 in
1634 2159 1930 2239 quastione
1975 2167 2194 2243 quidem

2305 1807 2664 1862 Καθολικῶνο
2724 1808 2801 1870 είς
2856 1808 3115 1860 σύστασιν
3166 1807 3274 1877 γὰρ
3319 1808 3411 1859 τοῦ
3470 1806 3661 1878 θρόνου
3713 1806 3865 1859 τοῦτό

2303 1901 2420 1952 ἐστι
2476 1900 2571 1952 καὶ
2620 1896 2902 1968 διαμονὴν,
2963 1898 3037 1960 ὡς
3072 1897 3356 1967 μέλλοντος
3392 1895 3539 1965 ἔχειν
3568 1895 3865 1967 δεφένσορα

2302 1991 2394 2042 τὸν
2427 1990 2651 2060 βασιλέα
2676 1989 2768 2042 τὸν
2789 1988 2943 2056 ἀγιον
2965 2006 2979 2020 ·
3010 1990 3102 2042 καὶ
3141 1985 3295 2059 οἶμαι
3321 1991 3466 2058 ὑμᾶς
3490 1990 3568 2051 εἰς
3593 1987 3753 2042 τοῦτο
3773 1989 3867 2043 οῦκ

2304 2080 2727 2147 ἀναγκάσουσιν’
2752 2078 2867 2132 ἀλλ’
2898 2079 3017 2132 οὐδὲ
3046 2082 3173 2149 περὶ
3198 2080 3305 2132 τῶν
3335 2078 3561 2150 ἀζύμων
3593 2077 3868 2149 βιάσουσιν

2304 2174 2481 2242 ὑμᾶς,
2502 2174 2597 2226 ὲάν
2629 2173 2709 2235 είς
2741 2172 2810 2225 τὰ
2845 2172 2980 2226 ἄλλα
3006 2173 3318 2243 συνέλθητε.

628 2270 695 2324 de
722 2266 938 2336 Azytnis
972 2278 1067 2317 vos
1096 2270 1308 2333 cogent,
1342 2262 1387 2315 si
1434 2271 1581 2315 certe
1612 2262 1679 2314 de
1724 2261 1935 2314 cmteris
1963 2262 2378 2318 consenseritis.

699 2357 855 2414 (SEN.
890 2355 1012 2411 llarc
1046 2356 1227 2410 omnia
1270 2354 1334 2406 ad
1375 2352 1565 2423 synodi
1598 2351 1965 2421 cognitionem
2015 2350 2197 2419 perfe—

628 2466 745 2507 raut
772 2468 784 2504 :
810 2457 865 2503 et
888 2463 1007 2502 cum
1027 2448 1228 2515 legatos
1256 2458 1406 2499 meos
1429 2442 1495 2498 ad
1525 2445 1725 2513 regiam
1753 2445 1939 2497 urbem
1964 2442 2197 2507 mittam,

630 2543 835 2610 scripto
866 2539 1179 2609 significabo
1215 2547 1323 2590 tuttt
1357 2546 1548 2591 vestra:
1581 2535 1787 2600 synodo
1822 2543 1936 2588 tum
1972 2533 2137 2588 etiam
2167 2550 2195 2585 ιι

629 2632 740 2688 Deo
773 2641 1032 2686 coronato
1064 2627 1375 2697 imperatori
1416 2626 1795 2697 qttazvadtnissa
1818 2622 2023 2680 fuerint
2052 2626 2199 2692 capi-

631 2726 741 2779 tula
771 2734 962 2794 etquae
990 2736 1168 2785 secus,
1201 2718 1468 2788 simulque
1489 2734 1685 2774 causas
1708 2718 1949 2787 aperiam
1975 2725 2196 2785 propter

630 2831 770 2888 quas
800 2816 981 2883 aliqua
1012 2812 1243 2867 fortasse
1275 2812 1551 2881 repudiata
1582 2809 1800 2865 fuerint.
1833 2810 1899 2864 Et
1927 2810 2034 2863 nisi
2069 2825 2199 2879 pra-

629 2915 732 2963 Vus
755 2905 1032 2962 hominum
1065 2904 1233 2959 hostis
1263 2903 1470 2958 daemon
1505 2917 1754 2970 magnum
1786 2902 1886 2956 hoc
1920 2902 2195 2971 negotium

2386 2353 2444 2408 Ὀ
2464 2354 2625 2409 ΚΛΘ.
2647 2355 2834 2409 Ταῦτα
2857 2353 3034 2409 πάντα
3056 2355 3316 2425 προθήσω
3342 2355 3570 2409 ἐνώπιον
3603 2358 3703 2426 τῆς
3743 2376 3869 2412 συν-

2302 2443 2424 2497 όῗου
2448 2460 2460 2474 ⁸
2493 2445 2587 2498 καὶ
2619 2446 2746 2499 ὅταν
2782 2445 2961 2515 μέλλω
3006 2445 3327 2498 ἀποστεῖλαι
3377 2449 3757 2516 τοποτηρητάς
3795 2451 3869 2511 είς

2306 2536 2404 2606 τὴν
2430 2535 3206 2605 βασιλεύουσαν,δηλοποιήσω
3238 2522 3526 2607 ἐγγράφως
3558 2541 3623 2607 τῇ
3654 2556 3713 2591 τε
3738 2540 3873 2609 ἁγίᾳ

2306 2627 2507 2697 συνόδῳ
2538 2628 2632 2678 καὶ
2657 2626 2735 2696 τῷ
2767 2627 3052 2694 θεοστεφεῖ
3100 2626 3313 2696 βασιλεῖ
3340 2632 3408 2680 τὰ
3436 2628 3869 2699 παραδειχθέντα,

2304 2719 2398 2771 καὶ
2425 2718 2522 2789 μὴ,
2551 2720 2823 2788 κεφάλαια
2844 2735 2857 2751 ⁸
2907 2721 3013 2782 καὶ,
3034 2718 3189 2771 δώσω
3224 2721 3320 2772 καὶ
3350 2718 3447 2783 τὰς
3487 2723 3666 2783 αἰτίας
3702 2721 3775 2775 δι’
3808 2723 3877 2786 ἃς

2302 2812 2370 2863 τὰ
2405 2810 2479 2881 μὴ
2505 2811 2916 2882 παραδεχθέντα
2950 2815 3009 2864 0")
3056 2812 3470 2881 παραδέχομαι·
3506 2814 3601 2867 καὶ
3641 2816 3689 2867 εί
3721 2815 3754 2867 ὁ
3780 2832 3877 2867 πο-

2306 2902 2471 2971 νηρὸς
2502 2884 2597 2953 καὶ
2657 2900 3039 2972 μισάνθρωπος
3089 2900 3298 2970 δαίμων
3350 2901 3411 2953 οὐ
3467 2904 3875 2972 παρεμποδίσει

630 2997 1032 3062 disturbaverit,
1059 2996 1124 3049 ad
1157 3008 1251 3049 nos
1276 2992 1494 3063 quidem
1527 2992 1669 3062 quod
1704 2993 1897 3048 attinet
1927 2992 2028 3061 (sic
2056 2991 2196 3045 Deus

2310 2992 2453 3045 τουτὶ
2480 2994 2541 3046 τὸ
2571 2993 2714 3061 μέγα
2739 2992 2964 3064 χρῆμα,
2995 2991 3053 3055 ἐξ
3084 2992 3361 3063 ἡμετέρας
3389 2992 3590 3061 αἰτίας,
3623 2994 3722 3047 σὺν
3754 2995 3878 3064 Θεῷ

636 3087 893 3161 adjuvet)
935 3102 1038 3142 non
1070 3086 1411 3155 itnpetlietur.
1445 3083 1672 3154 Oportet
1702 3084 1846 3138 enim
1884 3096 2060 3153 neque
2103 3097 2201 3137 nos

633 3193 844 3235 summo
868 3177 991 3248 jure
1015 3191 1197 3244 agere,
1222 3190 1395 3253 neque
1422 3175 1548 3229 item
1580 3188 1693 3237 vos,
1723 3172 1993 3242 siquidem
2031 3174 2199 3226 unio-

633 3284 756 3325 nem
806 3267 1111 3336 excipiatis;
1142 3267 1235 3321 sed
1290 3266 1344 3320 in
1378 3265 1700 3335 quibusdam
1748 3264 2050 3334 indulgere,
2083 3280 2203 3333 quae

634 3358 795 3414 fidem
830 3372 933 3413 non
966 3356 1165 3411 violant
1197 3374 1211 3410 :
1242 3356 1437 3427 quippe
1460 3357 1655 3410 rituum
1677 3355 1978 3410 differentia
2016 3359 2198 3410 eccle-

637 3438 1005 3515 siasticorutn,
1040 3450 1310 3505 hominem
1359 3464 1387 3502 a
1445 3447 1756 3503 Christiana
1806 3449 2064 3517 religione
2097 3467 2201 3503 non

637 3544 939 3598 submovet.
994 3538 1145 3595 Nunc
1193 3555 1345 3605 vero,
1388 3543 1433 3596 sl
1488 3541 1685 3609 placet,
1718 3541 1950 3596 reditum
1992 3552 2199 3611 parate.

635 3632 765 3687 Post
789 3631 935 3687 enim
963 3632 1259 3687 discessum
1298 3641 1557 3697 vestrum,
1592 3633 1656 3685 ad
1690 3646 1838 3686 meos
1860 3646 2048 3694 omnes
2076 3636 2198 3701 epi-

634 3738 825 3792 scopos
853 3723 1105 3789 scribam,
1136 3731 1194 3777 ut
1225 3720 1302 3773 vel
1333 3721 1430 3790 ipsi
1470 3722 1707 3786 veniant,
1734 3722 1818 3778 vel
1847 3722 2052 3793 legatos
2072 3725 2201 3778 tuit-

638 3824 774 3879 tattt,
808 3822 1069 3882 quotquot
1098 3814 1278 3883 gravis
1308 3826 1469 3865 causa
1502 3810 1568 3865 ad
1608 3812 1876 3883 synodum
1905 3814 2200 3869 convenire

637 3906 904 3975 prohibet.
942 3902 1113 3958 l‘orro
1162 3918 1298 3973 opus
1324 3913 1407 3957 est
1454 3911 1513 3956 ut
1551 3918 1650 3972 ego
1677 3904 1891 3959 unionis
1924 3907 2201 3975 negotium

636 4012 741 4050 non
773 3998 891 4051 sine
917 3994 1157 4049 Albaniae
1186 3996 1438 4049 Generali
1472 3996 1762 4064 transigam
1797 4013 1810 4049 :
1836 3996 1923 4050 hic
1943 3996 2086 4050 enim
2113 4012 2202 4051 se—

639 4086 759 4138 detn
780 4082 1023 4153 Gregorii
1051 4082 1190 4137 illius
1222 4084 1419 4137 insidet
1443 4084 1531 4151 qui
1556 4084 1730 4136 sancti
1753 4081 2001 4153 Gregorii
2036 4098 2202 4152 nepos

636 4175 760 4235 fuit,
793 4174 846 4226 itt
892 4174 1141 4226 Armenia
1196 4186 1408 4241 magna,
1449 4173 1668 4241 quic’utn
1716 4174 1847 4226 mihi
1879 4174 2200 4243 spiritalium

640 4261 975 4329 negotiorum
1012 4270 1266 4328 perpetua
1314 4261 1624 4312 communio
1668 4270 1773 4323 est,
1812 4261 1883 4313 ita
1916 4272 1972 4314 ut
2013 4271 2203 4315 neuter

640 4352 812 4405 inscio
841 4352 1009 4404 altero
1040 4352 1328 4419 quidquam
1372 4359 1516 4417 agat.
1558 4350 1654 4405 Est
1702 4360 1885 4406 autem
1932 4352 2071 4407 inter
2105 4368 2203 4407 nos

640 4444 982 4499 intervallum
1011 4444 1112 4497 iter
1140 4443 1431 4507 mensium,
1468 4451 1523 4495 ut
1557 4456 1702 4506 reor,
1747 4445 1932 4496 trium.

712 4728 967 4785 THEOR.
1022 4727 1374 4795 Quandouam
1433 4727 1699 4798 synodum
1764 4735 2052 4780 coacturus
2108 4725 2207 4779 es?

644 4822 880 4893 Tempus
907 4823 1051 4877 enim
1093 4822 1310 4877 definite
1361 4822 1515 4875 nobis
1561 4819 1839 4887 designari
1876 4826 2116 4888 Oportet,
2151 4822 2208 4871 tit

644 4917 956 4985 imperatori
989 4925 1042 4968 et
1076 4914 1331 4968 Ecclesiae
1363 4914 1749 4982 significemus.

650 5176 888 5235 siasticis
932 5177 1063 5230 viris
1109 5176 1209 5230 hac
1237 5174 1433 5228 virtute
1481 5174 2021 5239 convenientissima;
2054 5173 2208 5242 cujus

650 5251 725 5303 rei
792 5247 1068 5299 t-tttttulare
1126 5243 1430 5314 testimonia
1487 5259 1590 5297 non
1651 5247 1893 5299 interest.
1933 5244 2209 5314 Sylvester

649 5327 793 5373 certe
822 5315 862 5368 ll
902 5317 952 5368 itt
1005 5316 1201 5368 celebri
1250 5316 1315 5366 ad
1350 5312 1404 5365 S.
1441 5313 1769 5381 Stephanum
1821 5312 1999 5382 regem
2053 5313 2203 5367 Bulla

651 5392 781 5443 nihil
826 5391 889 5440 de
924 5388 1162 5440 caelibatu
1216 5387 1362 5437 dtcit.
1398 5384 1536 5436 ltlctn
1572 5399 1694 5436 vero
1744 5385 1795 5437 in
1849 5399 2098 5438 sermone
2138 5386 2203 5436 ad

650 5460 931 5525 epist-opus
986 5456 1160 5524 (apud
1216 5453 1585 5507 Mabillonium
1630 5456 1826 5507 Attecd.
1896 5454 1982 5507 ed.
2054 5469 2199 5513 nov.,

649 5524 704 5601 ι),
742 5528 836 5580 lOi
864 5529 880 5595 )
926 5527 1081 5601 verba
1110 5525 1443 5601 Pattlinltnl'lts
1469 5525 1645 5601 uxoris
1675 5526 1747 5576 vir
1779 5524 2202 5601 iitteraiiterexo

651 5594 829 5667 plnal,
864 5594 931 5649 ne
968 5598 1209 5663 ltigatnus
1243 5594 1315 5669 (id
1348 5596 1558 5669 estqui
1585 5595 1791 5669 duabus
1820 5595 2205 5662 uxoribusjatn

651 5664 917 5723 iit-iunctis
953 5664 1454 5735 t'npttlatus'luctit)
1498 5664 1561 5715 ad
1610 5666 1977 5734 episcopatum
2015 5679 2176 5719 ascen

2302 3081 2467 3150 λέγω,
2499 3083 2597 3135 οὐκ
2629 3080 3112 3151 ἑμποδισθήσεται.
3159 3081 3251 3133 Δεῖ
3282 3082 3389 3157 γὰρ
3422 3084 3559 3152 μήτε
3593 3084 3746 3153 ἡμᾶς
3778 3085 3882 3153 τῆς

2305 3174 2447 3242 ἄγαν
2476 3174 2764 3245 ἀκριϐείας
2802 3175 2938 3244 μήτε
2975 3174 3119 3243 ὑμᾶς
3145 3172 3244 3243 τὴν
3278 3173 3477 3226 ἕνωσιν
3510 3172 3883 3243 βουλομένους

2303 3262 2627 3333 ἀντέχεσθαι
2648 3302 2665 3329 ,
2700 3262 2838 3326 ἀλλά.
2864 3280 2987 3317 τινα
3013 3264 3278 3335 παρορᾷν,
3316 3262 3416 3315 ὅσα
3456 3263 3555 3332 τὴν
3587 3264 3779 3318 πίστιν
3817 3264 3883 3317 οὺ

2305 3337 2689 3425 παβαϐλάπτει
2709 3368 2725 3384 ·
2752 3351 3047 3423 ωνηθειῶν
3079 3352 3187 3424 γὰρ
3208 3354 3469 3423 διαφορὰν
3487 3353 3886 3422 ἐκκλησιαστι-

2305 3449 2441 3513 κῶν,
2486 3446 2775 3519 ἄνθρωπον
2821 3446 2916 3499 τοῦ
2964 3447 3399 3518 Χριστιανισμοῦ
3440 3448 3541 3500 οὐκ
3574 3447 3883 3519 ἀλλοτριοϊ.

2304 3538 2420 3592 Νῦν
2446 3534 2559 3604 οὖν,
2582 3538 2630 3590 εί
2651 3537 2923 3602 κελεύετε,
2959 3537 3066 3591 ἀπὸ
3095 3537 3188 3590 τοῦ
3220 3537 3312 3592 νῦν
3348 3539 3707 3609 ἐτοιμάσθητε
3735 3541 3883 3611 πρὸς

2307 3632 2691 3702 ὑποστροφήν·
2754 3632 2851 3685 καὶ
2911 3630 3047 3702 μετά
3110 3632 3209 3702 τὴν
3278 3633 3428 3701 ὑμῶν
3496 3631 3885 3704 ἀναχώρησιν,

2305 3722 2503 3794 γράψω
2534 3723 2671 3792 πρὸς
2698 3722 2944 3785 ἅπαντας
2993 3723 3119 3785 τοὺς
3165 3722 3331 3792 ἐμοὺς
3373 3724 3669 3793 ἀρχιερεῖς,
3700 3723 3734 3793 ἢ
3794 3725 3885 3777 ῖνα

2306 3815 2462 3868 αὐτοὶ
2494 3812 2744 3877 ἔλθωσιν,
2798 3812 2830 3882 ἢ
2866 3814 3243 3882 τοποτηρητάς
3298 3810 3888 3877 ἀποστείλωσιν,”ὄσοι

2304 3905 2551 3977 δηλονότι
2578 3907 2645 3959 δι’
2671 3904 2975 3973 ἀναγκαίας
3007 3906 3188 3968 αἰτίας
3217 3906 3296 3968 είς
3324 3906 3423 3975 τὴν
3450 3906 3670 3958 σύνοδον
3692 3924 3890 3977 παρα-

2304 3998 2557 4066 γενέσθαι
2602 3998 2660 4049 οὐ
2689 3998 2966 4051 δύνανται.
3005 3995 3146 4064 Ἐγὼ
3176 3997 3231 4049 δὲ
3282 3996 3418 4061 πρὸς
3450 3997 3694 4067 ἀνάγκης
3740 3998 3893 4065 μετά

2304 4090 2398 4143 τοῦ
2434 4087 2738 4143 Καθολικοῦ
2769 4088 2864 4141 τοῦ
2908 4088 3109 4141 Ἀλὸἀκ
3136 4088 3248 4158 (50)
3298 4088 3401 4161 ,τὴν
3434 4089 3628 4140 ἕνωσιν
3666 4084 3893 4151 ταύτην

2307 4183 2520 4251 ποιήσω
2537 4196 2550 4209 ·
2582 4174 2739 4243 οὗτος
2765 4182 2873 4248 γὰρ
2899 4180 3086 4249 ἐπέχει
3116 4181 3207 4232 τὸν
3230 4179 3419 4250 θρόνον
3451 4181 3485 4231 Γ
3493 4179 3763 4251 ρηγορίου
3789 4182 3894 4233 τοῦ
3942 4210 3943 4225 ι

2310 4272 2535 4341 ὲγγὸνου
2572 4272 2663 4325 τοῦ
2702 4272 2858 4339 ἁγίου
2899 4271 3203 4341 Γρηγορίου
3245 4271 3343 4339 τῆς
3392 4272 3634 4341 μεγάλης
3676 4272 3897 4342 Ἀρμε-

2312 4363 2450 4427 νίας,
2478 4364 2571 4415 atat
2595 4350 2678 4415 ἀεί
2710 4363 2875 4432 ἐσμεν
2907 4364 2965 4413 ἐν
2982 4363 3100 4423 ταῖς
3131 4364 3525 4430 πνευματικαῖς
3561 4362 3895 4424 ὑποθέσεσι,

2314 4455 2406 4507 καὶ
2454 4452 2605 4505 οὐδὲν
2655 4439 2787 4521 ἄτερ
2838 4452 3080 4521 ἀλλήλων
3134 4450 3416 4520 ποιοῦμεν.
3458 4453 3612 4504 Ἐστι
3646 4453 3704 4506 δὲ
3757 4455 3898 4507 66ιῦ
3942 4516 3943 4519 η

2312 4545 2587 4613 διάστημα
2639 4545 2732 4597 ἀπ’
2780 4542 3028 4596 ἐντεῦθεν
3075 4543 3177 4606 ένοις
3233 4544 3349 4595 ἐκεῖ
3398 4542 3495 4613 οὐχ
3525 4539 3690 4614 ἦττον
3721 4540 3901 4613 οἶμαι

2319 4633 2503 4707 μηνῶν
2542 4635 2726 4704 τριῶν,

2396 4729 2455 4781 '0
2482 4726 2677 4780 ΘΕΩΡ.
2700 4726 2807 4779 Καὶ
2844 4729 2973 4779 πότε
3006 4727 3218 4797 μέλλεις
3244 4728 3464 4799 ποιῆσαι
3496 4728 3591 4799 τὴν
3610 4728 3859 4784 σύνοδον
3888 4748 3904 4796 ;

2320 4818 2511 4872 Δοῦναι
2544 4818 2653 4887 γὰρ
2688 4819 2817 4885 ἡμῖν
2854 4818 3089 4884 ὀφείλεις
3128 4821 3391 4888 ὀνομαστὶ
3422 4819 3513 4873 τὸν
3548 4821 3781 4891 καιρὸν,
3812 4824 3908 4876 ἴνα

2319 4912 2454 4979 πρὸς
2480 4910 2569 4960 τὸν
2611 4907 2833 4977 βασιλέα
2874 4910 2963 4961 καὶ
3010 4908 3111 4980 τὴν
3153 4910 3479 4980 Ἐκκλησίαν
3525 4910 3681 4964 τοῦτο
3732 4914 3907 4981 γνῶ-

2322 5016 2576 5072 ρισωμεν.

2315 5175 2439 5249 dat;
2478 5174 2758 5245 allegorice
2788 5191 2935 5241 vero,
2979 5194 3044 5233 tte
3072 5178 3358 5249 episcopus
3387 5190 3509 5249 post
3556 5183 3943 5242 catholicum

2316 5248 2530 5324 dogma,
2562 5248 3132 5324 senSttttt__h2ercticuni_
3157 5248 3370 5324 sumat;
3389 5248 3606 5307 scilicet
3633 5265 3700 5307 ut
3728 5260 3916 5314 unius

2318 5316 2613 5390 uxo_ri_s,__id
2651 5316 3048 5390 est_Ecc|esiat,
3084 5319 3167 5372 vir
3190 5320 3504 5387 appelletur.

2393 5385 2502 5463 (50)
2536 5385 2835 5463 Deorigine
2858 5392 3164 5463 Armeniaci
3192 5385 3590 5463 patriarchntus
3613 5392 3920 5463 Albanize,

2312 5460 2399 5523 qui
2434 5458 2701 5529 secundus
2727 5462 2865 5511 inter
2892 5458 3288 5525 palrtat'chatus
3306 5461 3589 5517 Armenios
3618 5458 3921 5529 dignitate

2311 5534 2447 5604 erat,
2483 5524 2673 5604 legesis
2704 5524 2916 5604 doctum
2946 5544 3100 5604 Opus,
3133 5530 3233 5604 cui
3262 5530 3449 5583 titulus
3492 5549 3507 5586 :
3552 5524 3923 5600 (ἰοιιιίεεηάιο

2312 5596 2507 5648 sturico
2548 5596 2603 5667 di
2633 5599 2874 5651 memorie
2918 5599 3276 5667 cronulogiclte
3310 5602 3637 5655 concerttenrt'
3666 5596 3735 5658 llr
3784 5613 3923 5661 reii-

2313 5666 2461 5735 gt‘ouc
2494 5682 2520 5719 e
2550 5666 2602 5720 In
2638 5669 2833 5723 morale
2872 5671 3006 5723 dcflu
3041 5666 3263 5723 nastoue
3291 5672 3537 5738 Ανιιιεηιι,
3563 5683 3603 5729 ι.
3642 5673 3723 5743 ll,
3764 5692 3831 5747 p.
3866 5682 3926 5736 9.
