3982 6326
585 303 588 305 ‘
657 287 762 370 275

2058 323 2100 380 Τ
2111 321 2480 387 ιΙΕυΙὶὶᾹΝΙ

3753 335 3857 396 2723

653 420 760 478 tur,
787 414 1148 481 pet'diﬂicilcm
1175 421 1520 489 sponsionem
1545 425 1708 482 facit?
1731 427 1880 484 [laud
1905 433 2004 485 sibi
2023 445 2176 501 postu

2307 461 2411 508 σιν,
2451 447 2578 499 ὅταν
2624 447 2874 516 βασιλεὺς
2916 447 3115 500 δέδοικε
3151 432 3248 516 τίῆν
3318 445 3700 515 συκοφαντίαν,
3764 446 3857 497 καὶ

650 500 727 554 lat
760 501 1050 572 longaevam
1076 509 1262 577 vitam,
1286 523 1410 581 puta
1434 517 1845 588 quingentorum
1866 523 1946 577 vel
1971 525 2199 593 amplius

653 603 943 658 annorum,
984 597 1068 651 vel
1101 599 1336 656 universi
1367 604 1514 660 orbis
1550 607 1989 676 dominationem,
2028 629 2202 683 neque

587 690 590 693 '
647 681 789 736 aliud
818 685 1106 756 quidquam
1135 691 1364 758 Optabile
1395 703 1485 748 aut
1508 697 1845 765 admirabile,
1877 701 1968 755 sed
2001 681 2200 759 adver-

567 843 569 846 ,
645 789 740 830 sus
766 776 1068 833 calumnias
1092 781 1365 838 hominum
1393 786 1795 857 defensionem;
1828 807 1988 862 quam
2021 795 2065 848 si
2099 797 2200 849 im-

650 875 866 934 petret,
915 871 1168 926 mandata
1229 871 1321 930 Dei
1383 890 1720 934 servaturum
1785 897 1843 938 se
1909 886 2194 954 promittit.

647 955 939 1028 Maximum
972 975 1159 1031 reapse
1198 964 1456 1021 malorum
1503 969 1771 1026 calumnia
1815 983 1930 1039 est;
1972 976 2196 1045 ideoque

643 1060 795 1103 meus
829 1049 920 1124 illa
951 1054 1192 1121 apprime
1222 1057 1532 1125 prophetica
1557 1068 1610 1114 et
1640 1063 1837 1131 regalis
1869 1064 2006 1122 hanc
2034 1080 2198 1135 expa-

646 1137 1071 1210 vebat,‘ueque
1130 1146 1190 1199 se
1245 1147 1312 1200 ab
1368 1163 1431 1201 ea
1490 1159 1662 1206 tutum
1702 1154 1867 1208 totius
1918 1155 2064 1226 regni
2112 1155 2194 1209 sui

641 1229 846 1286 viribus
876 1234 1118 1300 crdehat,
1149 1237 1239 1306 qui
1263 1232 1590 1310 ca-te'roquin
1619 1244 1859 1321 victoriis
1899 1246 2196 1301 innumeris

639 1323 1076 1390 potitus'fuerat.
1116 1327 1287 1386 Mater
1329 1332 1472 1385 enim
1513 1335 1892 1390 scaiidalorum
1924 1336 2192 1409 calumnia

639 1412 864 1468 inﬁnitis
918 1417 1079 1472 malis
1123 1421 1307 1474 orbem
1361 1421 1538 1477 obruit
1572 1431 1618 1479 ':
1695 1423 1892 1481 fratres
1963 1427 2194 1494 invicem

638 1494 916 1570 distrahit,
948 1517 1198 1576 parentes
1236 1523 1267 1563 a
1306 1510 1520 1579 liberis,
1580 1515 1679 1570 hos
1724 1531 1752 1569 a
1799 1518 2129 1584 parentibus,
2163 1533 2192 1572 a

639 1592 855 1649 dilectis
888 1597 1143 1652 uxoribus
1188 1602 1359 1656 viros.
1409 1601 1615 1671 Quippe
1661 1604 1760 1658 hoc
1801 1605 2189 1662 validissimum

635 1679 833 1737 diaboli
869 1694 1028 1754 atque
1060 1689 1485 1758 antiquissimum
1521 1694 1682 1749 telum
1725 1705 1829 1763 est,
1862 1698 2000 1753 unde
2027 1700 2189 1754 etiam

636 1786 834 1828 nomen
869 1775 1135 1834 homicida
1162 1779 1253 1836 ille
1278 1790 1466 1838 nactus
1497 1795 1582 1840 est
1612 1801 1626 1838 :
1659 1801 1834 1856 neque
1863 1789 2005 1843 enim
2048 1790 2189 1844 aliud

635 1863 989 1921 calumniator
1037 1868 1303 1940 signiﬁcat
1360 1888 1519 1942 quam
1570 1877 1864 1932 diabolum.
1913 1877 2192 1935 Neminem

632 1954 928 2021 quamlibet
949 1962 1297 2017 rcverendum
1323 1971 1599 2022 reveretur
1623 1967 1867 2034 Satanas,
1892 1970 2194 2025 honorabili

528 2083 535 2090 .
633 2042 893 2101 honorem
915 2050 1142 2120 denegat
1163 2053 1338 2108 audax
1364 2055 1450 2110 ille
1468 2065 1520 2112 et
1544 2059 1977 2127 procacissimus.
1993 2060 2193 2128 Quam-

632 2125 816 2190 obrem
858 2138 1107 2194 inimicus
1138 2156 1205 2198 ne
1236 2146 1527 2202 venerabili
1545 2125 1773 2216 quidem
1813 2149 1962 2206 Patri
2008 2163 2191 2208 nostro

630 2226 977 2283 sanctissimo
1026 2230 1273 2288 Generali
1325 2238 1605 2306 pepercit,
1657 2255 1816 2310 quem
1874 2252 2191 2300 reverentur

630 2321 817 2390 angeli
863 2330 1116 2393 tauquam
1166 2342 1322 2383 suum
1368 2333 1760 2399 azmulatorem,
1807 2337 1898 2406 qui
1948 2340 2187 2408 ipsorum

628 2423 809 2466 mores
855 2412 1001 2469 luteo
1059 2415 1114 2470 in
1166 2431 1391 2493 corpore
1442 2421 1642 2477 imitari
1694 2412 1975 2480 contendit
2026 2445 2040 2482 :
2093 2430 2188 2483 sed

626 2507 808 2554 vetere
848 2516 947 2558 suo
987 2504 1274 2563 adversum
1319 2495 1466 2565 illum
1501 2512 1626 2578 telo,
1654 2513 1920 2570 calumnia
1957 2517 2185 2585 scilicet,

625 2602 758 2646 usus
782 2600 888 2647 est.
915 2594 1106 2650 Audivi
1134 2599 1278 2655 enim
1311 2599 1539 2657 furtivos
1558 2606 1916 2671 quorumdam
1937 2621 2188 2668 sermun-

623 2678 774 2734 culos
808 2682 1196 2754 dictitantium,
1244 2692 1385 2760 quod
1432 2703 1642 2749 secreto
1683 2695 1964 2754 Geueralis
2015 2701 2183 2770 impe-

621 2775 790 2826 ratori
817 2773 1224 2844 signiﬁcaverit,
1257 2795 1314 2835 se
1339 2791 1585 2851 quartam
1617 2784 1883 2856 synodum
1920 2790 2180 2860 recipere,

620 2867 784 2928 atque
816 2863 880 2917 ad
935 2862 1208 2924 Romanas
1255 2880 1436 2938 partes
1466 2875 1743 2942 accedere,
1787 2879 1899 2934 sive
1939 2883 2180 2938 Armenii

617 2964 917 3036 sequantur
950 2957 1063 3012 sive
1089 2974 1265 3015 secus.
1309 2960 1384 3032 ‘Et
1421 2965 1520 3020 has
1553 2968 1766 3034 quidem
1798 2971 2015 3035 fraudes
2042 2975 2180 3043 apud

2303 537 2440 605 ὑπὲρ
2467 538 2558 592 τοῦ
2581 539 2921 608 λυτριυθῆναι
2946 540 3174 612 ταύτης,
3196 539 3485 606 νῦπὸσχεσιν
3539 540 3680 588 ποιεῖ
3728 536 3858 588 δυσ-

2302 627 2672 698 κατόρθωτονς
2727 630 2798 682 Οὐ
2854 630 3005 696 ζητεῖ
3059 623 3202 698 ζωὴν
3257 628 3641 697 μακροήμερον
3716 626 3855 677 ὲτῶν

2302 720 2667 773 πεντακοσίων
2698 721 2729 789 ἢ
2763 720 3038 784 πλειόνων,
3061 721 3095 791 ἢ
3125 720 3222 788 τῆς
3245 719 3370 782 ὅλης
3400 718 3728 785 οἰκουμένης
3752 716 3853 781 τὴν

2300 811 2595 880 βασιλείαν,
2634 814 2743 867 οὐδ’
2767 813 2894 866 ἄλλο
2926 831 2979 866 τι
3007 813 3113 866 τῶν
3148 813 3436 880 ἐπαράτων
3485 811 3579 863 καὶ
3635 810 3856 876 θαυμα-

2301 899 2461 962 στῶν,
2495 899 2628 952 ἀλλὰ
2669 895 3035 966 ’συκοφαντίας
3097 897 3395 968 ἀνθρώπων
3453 896 3853 964 ἀπολύτρωσιν,

2299 991 2391 1043 καὶ
2421 991 2542 1043 ἀντὶ
2565 990 3087 1059 ταύτης.φυλάττειν
3141 990 3239 1052 τὰς
3299 989 3518 1048 ἐντολὰς
3565 987 3658 1038 τοῦ
3715 985 3854 1037 Θεοῦ

2298 1077 2708 1145 ἐπαγγέλλεται.
2749 1079 2952 1140 Ὀντως
3001 1077 3266 1146 πάμμεγα
3299 1076 3483 1127 κακῶν
3518 1077 3550 1142 ἡ
3577 1090 3854 1141 συκοφαν-

2296 1167 2382 1219 τία
2411 1181 2425 1196 ·
2455 1167 2548 1219 καὶ
2580 1167 2666 1219 διὰ
2695 1166 2850 1220 τοῦτο
2886 1169 2914 1219 6
2963 1166 3444 1234 προφητικὼτατος
3499 1164 3591 1217 καὶ
3641 1162 3854 1232 βασιλι-

2297 1259 2533 1321 κώτατος
2575 1258 2698 1320 νοῦς
2725 1258 2928 1318 ἐκεῖνος
2971 1256 3157 1309 ἐδεδίει
3187 1256 3377 1326 αύτὴν,
3404 1255 3476 1323 μὴ
3530 1253 3669 1305 πάνυ
3720 1252 3860 1318 03,6-

2299 1349 2407 1420 ρῶν
2452 1350 2567 1402 κατ’
2629 1350 2796 1417 αὐτῆς
2844 1347 2928 1416 ἐφ’
2975 1347 3102 1417 ὅλην
3149 1347 3243 1416 τὴν
3299 1344 3574 1415 βασιλείαν
3597 1343 3788 1404 αὐτοῦ,
3828 1345 3857 1394 ὀ

2299 1440 2463 1507 μυρία
2515 1439 2891 1509 κατωρθωκὼς
2948 1439 3043 1492 καὶ
3100 1433 3853 1511 στήσαχάνδραγαθήματα.

2295 1530 2588 1598 Γεννητικὴ
2619 1529 2727 1598 γὰρ
2758 1530 3067 1585 σκανδάλων
3094 1532 3124 1598 ἡ
3157 1527 3511 1595 συκοφαντία,
3547 1527 3642 1578 καὶ
3677 1521 3856 1592 ἑσμοῦ

2296 1619 2480 1671 κακῶν
2503 1617 2601 1684 τὴν
2619 1619 2940 1688 οἰκουμένην
2957 1617 3340 1685 ἐμπίμπλησιν
3358 1631 3371 1645 ·
3403 1615 3668 1682 διίστησιν
3699 1610 3860 1663 ἁδελ-

2225 1757 2264 1809 B
2294 1709 2428 1776 φοὺς
2456 1708 2550 1760 ἀπ’
2586 1707 2848 1781 ἀλλήλων,
2900 1710 3076 1777 γονεῖς
3131 1707 3356 1770 τέκνων,
3411 1703 3574 1809 τέκνα
3620 1702 3854 1809 varicosi,

2293 1797 2490 1867 ἄνδρας
2519 1799 2900 1868 περιποθήτων
2927 1797 3218 1858 συνευνῶν,
3247 1797 3320 1858 ὡς
3335 1795 3644 1881 -πρὸχειρον
3681 1791 3883 1881 ὅπλον.

2291 1884 2385 1938 τοῦ
2416 1887 2664 1940 διαϐόλου
2695 1888 2787 1940 καὶ
2821 1887 3176 1957 ἀρχαιότατον
3212 1884 3270 1949 ἐξ
3302 1878 3363 1936 οὗ
3420 1884 3512 1937 καὶ
3566 1882 3664 1949 τὴν
3702 1881 3857 1933 ἐπω-

2288 1980 2486 2049 νυμίαν
2511 1981 2538 2032 6
2570 1979 3015 2050 ἀνθρωποκτόνος
3043 1978 3313 2045 ἐκτήσατο
3335 1992 3349 2007 ο
3377 1976 3436 2028 ού
3460 1974 3569 2043 γὰρ
3599 1973 3730 2026 ἄλλο
3753 1971 3857 2039 δη-

2288 2069 2410 2124 λοῦν
2444 2069 2617 2122 ἐθέλει
2646 2069 2707 2120 τὺ
2737 2070 2835 2138 τῆς
2871 2067 3232 2135 συκοφαντίας
3259 2066 3452 2134 ὄνομα.
3509 2063 3624 2116 ἀλλ’
3655 2063 3690 2132 ἦ
3754 2063 3856 2143 τὸν

2287 2161 2555 2215 διάϐολον.
2589 2161 2701 2215 Ούκ
2738 2161 2969 2214 αἰδεῖται
2994 2161 3046 2212 τί
3069 2158 3175 2212 τῶν
3214 2157 3395 2219 αἰδοῦς
3426 2156 3592 2220 ἀξίων
3619 2155 3854 2206 6211:1-

2289 2255 2406 2314 νᾶς,
2447 2252 2513 2307 τὰ
2537 2253 2636 2321 τῆς
2660 2253 2824 2321 τιμῆς
2853 2253 2976 2317 ἄξια
3021 2251 3081 2304 οὔ
3109 2250 3264 2318 τιμᾷ,
3291 2246 3645 2316 ἀναίσχυντός
3671 2245 3854 2304 ἐστιν,

2288 2343 2545 2412 αὐθάδης,
2604 2342 2926 2411 πάντολμος.
2973 2341 3072 2394 Διά
3130 2339 3287 2392 τοῦτο
3329 2337 3448 2391 ούδέ
3509 2335 3600 2389 τοῦ
3655 2333 3856 2401 τιμίοι.

2287 2434 2495 2503 Harpe;
2525 2434 2682 2504 ἡμῶν
2710 2432 2802 2486 τοῦ
2865 2431 3167 2502 ἀγιωτάτρυ
3229 2428 3533 2482 Καθολικοῦ
3585 2425 3859 2496 ἐφείσατο

2285 2531 2312 2581 6
2351 2526 2561 2598 ἐχθρὸς,
2585 2526 2645 2579 ὃν
2667 2525 2941 2580 αἰδοῦνται
2973 2523 3067 2576 καὶ
3102 2521 3326 2589 ἄγγελοι
3351 2521 3425 2582 ὡς
3454 2519 3636 2580 αὐτοῖς
3676 2516 3856 2585 ἁμιλ-

2285 2618 2542 2687 λώμενον,
2577 2617 2669 2671 καὶ
2703 2617 2798 2686 τὴν
2824 2615 3048 2670 ἐκείνων
3098 2610 3376 2684 διαγωγὴν
3405 2612 3463 2663 ἐν
3492 2610 3698 2679 πηλίνῳ
3739 2607 3856 2661 σώ-

2288 2727 2419 2780 ματι
2495 2707 2838 2779 κατορθῶσαι
2897 2703 3305 2776 φιλονεικοῦντα
3334 2720 3347 2735 θ
3392 2701 3527 2756 ἀλλά
3574 2698 3855 2754 καὶκκαϋ

2283 2804 2448 2856 αὐτοῦ
2482 2801 2559 2870 τῷ
2584 2799 2797 2870 ἀρχαίῳ
2826 2795 2991 2854 αὐτοῦ
3019 2796 3166 2868 ὅπλῳ
3193 2798 3257 2867 τῇ
3293 2793 3628 2863 συκοφαντίᾳ
3672 2792 3855 2861 sm-

2284 2909 2434 2946 σατο.
2469 2893 2718 2945 Ἤκουσα
2777 2891 2884 2959 γάρ
2941 2905 3104 2941 τινων
3149 2884 3645 2956 ὑποψιθυριζόντων
3689 2881 3783 2934 ὅτι
3825 2883 3857 2933 6

2285 2982 2581 3046 Καθολικδς
2608 2983 2846 3053 ἐμήνυσε
2899 2978 3076 3050 λάθρα
3133 2967 3269 3047 πρὸς
3317 2976 3692 3046 τὸνβασιλέα,
3765 2976 3857 3051 ὅτι

616 3047 715 3097 vos
745 3053 934 3100 contra
985 3045 1305 3106 Generalem
1338 3054 1504 3110 draco
1533 3059 1740 3115 nexuit.
1781 3061 1985 3118 Rursus
2029 3065 2182 3121 nobis

2286 3075 2518 3144 Δέχομαι
2580 3073 2679 3143 τὴν
2730 3071 2996 3142 τετάρτην
3059 3070 3296 3133 σύνοδον,
3353 3067 3449 3120 καὶ
3483 3065 3700 3119 ἀπὸτοῦ
3750 3065 3856 3118 νῦν

544 3198 552 3204 ,
618 3135 759 3191 hanc
783 3137 1404 3210 calumniamimposuit,
1444 3148 1586 3216 quod
1607 3165 1729 3204 eum
1756 3152 1926 3220 ipsum
1960 3137 2173 3211 lucreti-

617 3241 742 3279 rrum
767 3242 859 3294 per
879 3228 1186 3285 universam
1205 3232 1520 3289 Romaniam
1545 3240 1992 3306 dictitaremus.0
2015 3246 2172 3301 Sata-

615 3330 699 3370 nas
713 3316 1129 3386 improbitatem!
1153 3318 1282 3388 Qui’s
1298 3327 1438 3394 apud
1460 3342 1556 3382 nos
1577 3328 1893 3388 cheralcm
1911 3335 2176 3400 haereseos

615 3406 979 3474 insimularet,
1017 3426 1175 3480 quem
1208 3428 1306 3485 ego
1352 3418 1756 3500 sanctissimum
1810 3425 1863 3478 in
1934 3426 2174 3496 disputa-

617 3498 764 3554 tione
807 3503 1006 3570 scripta
1045 3505 1326 3575 appellavi,
1367 3523 1485 3578 quas
1526 3512 1581 3564 in
1617 3498 1822 3581 palatio
1867 3530 1930 3571 ac
1973 3525 2176 3588 synodo

615 3589 750 3644 lecta
781 3589 900 3654 fuit.
942 3608 1008 3648 ex
1038 3611 1143 3662 qua
1181 3597 1306 3652 licet
1349 3603 1674 3656 contrariam
1707 3621 1927 3671 prorsus
1965 3605 2177 3663 'calum-
2210 3591 2213 3599 1

617 3681 893 3738 niantihus
942 3687 1267 3742 sententiam
1308 3690 1592 3746 coniicere.
1641 3693 1747 3748 Sed
1800 3697 1913 3751 ha-c
1959 3701 2174 3767 quidem

617 3768 958 3826 machinatus
992 3782 1076 3827 est
1101 3775 1250 3844 pacis
1277 3783 1332 3830 et
1362 3778 1664 3834 concordiae
1688 3781 1878 3846 hostis,
1910 3785 2000 3852 qui
2032 3798 2176 3842 recte

615 3856 775 3912 factis
828 3874 1044 3929 semper
1077 3862 1414 3920 adversatur.
1450 3864 1560 3921 Nos
1594 3883 1720 3923 vero
1768 3868 2088 3927 G'eneralem
2124 3886 2177 3930 et

615 3958 861 4004 sanctum
897 3949 1204 4019 iudicamus
1247 3963 1300 4010 et
1352 3957 1630 4013 dicimus:
1680 3975 1854 4029 neque
1883 3964 2174 4033 quidquam

614 4051 731 4120 ipse
765 4053 832 4107 ad
857 4055 1254 4123 imperatorem,
1297 4068 1492 4125 praeter
1535 4061 1639 4116 hoc
1678 4064 1896 4132 scripsit
1941 4084 1955 4120 :
2005 4068 2174 4132 Quam

613 4153 704 4198 tua
734 4146 987 4215 majestas
1014 4149 1127 4203 vult
1154 4143 1432 4216 unionem,
1473 4168 1570 4208 nos
1596 4169 1810 4224 quoque
1836 4157 2088 4214 volumus
2113 4176 2176 4217 ac

611 4241 1078 4308 peraptamusret
1122 4254 1242 4294 cmn
1287 4242 1551 4310 synodum
1587 4256 1828 4301 nostram
1877 4250 2176 4307 celebrabi-

615 4341 734 4380 mus
760 4369 772 4392 ,
826 4328 1120 4400 legatorum
1157 4332 1485 4400 rmajestatis
1529 4345 1632 4390 ture
1671 4352 1953 4403 sermones
1989 4358 2169 4398 coram

2298 3168 2566 3234 Ῥωμαῖος
2611 3165 2824 3234 ἔσομαι,
2887 3163 2989 3217 κάν
3041 3179 3102 3215 τε
3174 3161 3396 3229 ἕψονται
3453 3160 3502 3211 οἱ
3536 3156 3854 3226 Ἀρμένιοι,

2283 3260 2386 3314 κάν
2438 3276 2496 3313 τε
2561 3260 2654 3312 καὶ
2707 3258 2805 3326 μή.
2863 3255 2972 3310 Καὶ
3026 3254 3197 3307 ταῦτα
3259 3252 3359 3322 μὲν
3417 3250 3538 3304 κατ’
3605 3248 3779 3319 αὐτοῦ
3825 3251 3856 3301 6

2286 3351 2575 3422 μισόκαλος
2627 3349 2951 3420 ἐτεκτῄνατο
2988 3347 3240 3417 δράκωνο
3303 3343 3425 3397 καθ’
3466 3340 3616 3412 ἡμῶν
3657 3341 3715 3391 δέ
3764 3341 3852 3393 ὅτι

2280 3446 2372 3499 τὸν
2413 3439 2714 3499 Κιίθολικδν
2755 3440 3027 3510 αἱρετικὸν
3065 3437 3320 3507 ἐλέγομεν
3363 3436 3421 3488 ἐν
3477 3433 3573 3504 ὅλῃ
3600 3433 3666 3500 τῇ
3706 3431 3851 3484 Ῥω-

2285 3537 2481 3606 pan/Ea"
2532 3533 2577 3587 ὣ
2631 3533 2731 3600 τῆς
2768 3533 2967 3595 κακίας
3023 3529 3116 3583 τοῦ
3154 3528 3404 3582 Σατανᾶί
3464 3524 3585 3586 Πῶς
3647 3522 3852 3593 ἤθελον

2240 3628 2243 3629 ⁷
2282 3629 2556 3698 αἱρετικὸν
2585 3627 2754 3678 εἰπεῖν
2807 3624 2898 3677 τὸν
2933 3621 3243 3697 Καθολικὺν,
3294 3619 3354 3672 ὃν
3398 3619 3455 3670 ἐν
3501 3619 3565 3686 τῇ
3606 3615 3858 3681 διαλέξει

2284 3716 2585 3784 ἁγιώτατον
2621 3716 2997 3786 ἐμαρτύρησα,
3025 3715 3149 3784 ἥτις
3171 3709 3486 3779 ἀνεγνώσθη
3526 3710 3619 3762 ἐπὶ
3670 3708 3860 3761 παλα-

2283 3809 2396 3863 τίου
2445 3809 2578 3862 κάπὶ
2637 3804 3034 3874 συνόδουςπαὶ
3095 3803 3335 3866 ἐναντίος
3391 3802 3553 3864 αὐτὸς
3603 3801 3662 3851 ἐν
3702 3800 3854 3871 αὐτῇ

2282 3901 2603 3972 ἐλεγχθῆναι
2635 3917 2649 3930 ·
2683 3897 2845 3952 Ἀλλά
2871 3897 3041 3950 ταῦτα
3092 3895 3190 3965 μὲν
3225 3880 3493 3948 ὑῖπέὸαλεν
3533 3893 3562 3944 6
3601 3891 3702 3959 τῆς
3773 3893 3859 3942 εἰς

2286 3996 2450 4066 ρήνης
2479 3995 2572 4046 καὶ
2609 3992 2706 4060 τῆς
2739 3987 2971 4061 ὁμο-δίας
2996 3987 3207 4060 ἐχθρὸς,
3246 3986 3304 4048 δς
3343 3986 3429 4039 ἀεὶ
3458 3986 3576 4047 ταῖς
3606 3983 3859 4048 ἀγαθαῖς

2245 4139 2248 4145 ,
2283 4084 2543 4155 πράξεσιν
2572 4084 2973 4138 ἀντιτάσσεται.
3026 4079 3169 4133 Ἀλλ’
3209 4079 3367 4147 ἡμεῖς
3417 4074 3705 4145 μέν’άγιον
3754 4073 3858 4126 τὸν

2283 4174 2592 4239 Καθολικδν
2624 4174 2716 4225 καὶ
2741 4173 2938 4242 ἔχομεν
2963 4171 3059 4223 καὶ
3090 4168 3436 4238 ὀνομάζομεν
3461 4183 3474 4197 ·
3543 4165 3635 4217 καὶ
3676 4165 3859 4226 αὐτὸς

2283 4263 2432 4316 οὐδὲν
2455 4261 2580 4317 ἄλλο
2611 4267 2748 4330 πρὸς
2778 4259 2867 4311 τὸν
2898 4257 3120 4328 βασιλέα
3161 4255 3399 4326 ἔγραφεν
3421 4251 3537 4305 ἀλλ’
3583 4252 3614 4322 ἢ
3640 4251 3816 4306 τοῦτο
3839 4269 3855 4284 ⁸

2289 4375 2306 4407 ι
2337 4355 2490 4408 Ἐπεὶ
2517 4355 2552 4422 ἡ
2579 4354 2710 4421 ἁγία
2741 4349 2987 4420 βασιλεία
3016 4365 3109 4401 σου
3151 4345 3325 4400 ἐθέλει
3359 4348 3459 4416 τὴν
3498 4344 3717 4403 ἕνωσιν,
3760 4343 3860 4395 θέ-

581 4418 861 4473 .sistemus
894 4435 908 4485 ;
937 4429 987 4475 et
1013 4423 1154 4491 quod
1193 4423 1332 4479 Deus
1361 4435 1565 4480 rectum
1603 4441 1724 4483 esse
1777 4430 2175 4487 demonstrave-

2286 4447 2446 4515 λομεν
2471 4449 2562 4498 καὶ
2591 4441 2958 4517 ἐπιὶποθοῧμεν
2989 4440 3194 4507 αὑτήν·
3252 4437 3344 4490 καὶ
3400 4437 3527 4489 ὅταν
3572 4434 3667 4487 σὺν
3720 4434 3858 4502 Θεῷ

610 4512 702 4575 rit,
747 4512 1040 4578 faciemus;
1087 4515 1263 4586 idquc_
1286 4527 1452 4571 totum
1493 4522 1696 4588 potenti
1736 4523 2004 4592 majestati
2072 4537 2173 4581 tuae

610 4615 709 4669 per
762 4612 977 4660 nostros
1035 4607 1307 4662 antistites
1369 4609 1824 4678 significabimus.
1888 4613 2012 4670 llmc
2079 4632 2175 4684 per

611 4693 876 4763 scriptum
906 4694 1183 4753 cheralis
1218 4699 1560 4769 signiﬁcavit.
1594 4701 1702 4756 Pax
1728 4712 1908 4758 autem
1936 4704 2028 4760 Dei
2053 4723 2175 4776 quae

611 4795 835 4854 superat
880 4801 1096 4843 omnem
1145 4803 1385 4853 sensum,
1418 4807 1577 4861 quam
1607 4805 1660 4847 et
1706 4793 1801 4849 Dei
1833 4810 1954 4852 esse
1987 4797 2177 4855 didici-

613 4891 753 4943 mus,
783 4885 838 4934 et
885 4866 1038 4947 cujus
1086 4877 1226 4936 Deus
1295 4881 1410 4951 ipse
1469 4881 1609 4937 Deus
1657 4894 1756 4949 est,
1794 4901 2018 4957 qumque
2062 4891 2173 4960 ipsa

615 4966 758 5022 Deus
785 4977 890 5036 est,
918 4979 1172 5040 tanquam
1203 4972 1255 5026 in
1288 4987 1422 5041 pace
1457 4973 1549 5028 Dei
1577 4975 1770 5042 nostri,
1803 4993 1931 5031 suos
1957 4979 2173 5048 quidem

615 5058 802 5114 hostes
838 5050 891 5114 in
922 5072 1184 5116 aeternum
1223 5065 1567 5131 exterminct,
1601 5079 1871 5123 amatores
1899 5079 2078 5123 autem
2117 5073 2170 5125 in

614 5147 828 5205 Christo
853 5149 980 5207 Jrsu
1016 5153 1241 5208 Domino
1266 5169 1329 5210 ac
1356 5171 1480 5211 vero
1517 5156 1627 5213 Deo
1661 5169 1844 5214 nostro
1877 5163 2172 5217 concordes

612 5249 809 5295 servet.
1889 5262 1896 5269 ’

2280 4536 2379 4604 τὴν
2419 4534 2688 4604 ἡμετέραν
2714 4533 3031 4601 ποιήσωμεν
3060 4528 3296 4590 σύνοδον,
3325 4527 3452 4588 τοὺς
3500 4523 3696 4592 ’λόγους
3736 4526 3861 4576 τῶν

2283 4625 2586 4695 ἀνθρώπων
2620 4623 2720 4690 τῆς
2747 4619 3029 4688 βασιλείας
3079 4635 3173 4670 σου
3219 4618 3300 4679 είς
3353 4615 3515 4684 μέσον
3565 4612 3858 4682 προθήσο-

2288 4734 2388 4786 μν
2420 4732 2432 4745 ·
2467 4717 2560 4768 καὶ
2593 4715 2728 4784 ὅπερ
2753 4715 2779 4765 ὁ
2801 4713 2931 4774 Θεὸς
2964 4711 3092 4779 ἡμῖν
3125 4709 3230 4760 ἀπο
3244 4705 3450 4780 [δείξει]
3486 4705 3645 4757 καλὸν
3677 4700 3861 4769 εἶναι,

2284 4805 2604 4872 ποιήσομεν,
2641 4801 2733 4854 καὶ
2772 4800 3084 4868 δηλώσομεν
3112 4797 3286 4850 πάντα
3311 4794 3699 4894 διζήμετέρινιὶ
3744 4794 3861 4894 ἀρ.-

2281 4893 2508 4963 χιερέων
2528 4894 2593 4960 τῇ
2622 4889 2861 4961 κραταιᾷ
2888 4887 3137 4958 βασιλείᾳ
3154 4903 3271 4938 σου.
3315 4902 3333 4935 ι
3367 4881 3555 4935 Ταῦτά
3611 4879 3764 4931 είᾶιν
3819 4879 3856 4933 ἃ

2280 4984 2568 5056 ἐγγράφως
2623 4983 2892 5051 ἐμήνυσεν
2947 4981 2974 5031 6
3029 4977 3348 5074 Καθολικός.
3391 4971 3606 5074 ;ΗΛδὲ-
3640 4973 3855 5074 εἰρήνῃ

2279 5073 2372 5125 τοῦ
2399 5073 2535 5124 Θεοῦ
2565 5073 2597 5140 ἡ
2628 5070 2965 5138 ὑπερέχουσα
2990 5065 3165 5119 πάντα
3187 5063 3332 5125 νοῦν,
3384 5061 3452 5132 ἢν
3476 5059 3608 5111 Θεοῦ
3666 5075 3735 5109 τε
3774 5059 3853 5110 εἷ·

2281 5183 2367 5218 ναι
2421 5163 2707 5232 ἀκούομεν,
2775 5159 2869 5212 κοιλ⁵
2926 5154 2991 5229 ἦς
3035 5157 3167 5209 Θεὸν
3205 5155 3296 5207 τὸν
3325 5154 3477 5212 Θεὸν,
3529 5151 3620 5204 καὶ
3663 5150 3858 5220 αὑτὴν

2281 5257 2432 5320 Θεὸν,
2467 5255 2538 5316 ὡς
2579 5256 2635 5307 ἐν
2662 5258 2726 5323 τῇ
2753 5255 2940 5322 εἰρήνῃ
2967 5250 3058 5302 τοῦ
3093 5248 3226 5302 Θεοῦ
3249 5247 3427 5316 ἡμῶν,
3453 5246 3571 5306 τοὺς
3609 5241 3712 5312 μὲν
3759 5247 3858 5312 ἐχ-

613 5325 776 5396 θροῦς
800 5330 972 5399 αὐτῆς
1006 5332 1087 5394 είς
1110 5331 1262 5396 τέλος
1289 5335 1604 5401 καταϐαλεῖ,
1665 5339 1962 5409 φρουρήσει
2001 5341 2057 5393 δέ
2125 5342 2248 5404 τοὺς
2289 5344 2576 5411 φιλοῦντας
2614 5342 2782 5411 αὐτὴν
2818 5341 2875 5391 ἐν
2912 5343 2977 5410 τῇ
3017 5339 3184 5408 αὐτῆς
3224 5337 3466 5407 ὁμονοίᾳ,
3516 5334 3859 5432 ὲνγΧριστῷ

611 5419 787 5493 Ἰησοῦ
823 5422 900 5492 τῷ
933 5423 1122 5494 Κυρίῳ
1146 5425 1240 5476 καὶ
1266 5425 1505 5496 ἀληθινῷ
1534 5427 1651 5498 Θεῷ
1679 5429 1855 5498 ἡμῶν.

677 5518 838 5576 GEN.
881 5517 974 5572 His
1001 5518 1179 5583 dictis,
1216 5519 1493 5575 cheralis
1533 5524 1649 5580 ait:
1697 5524 1972 5580 Neminem
2025 5528 2163 5596 frugi

612 5611 863 5679 ignorare
919 5609 1194 5674 arbitror,
1259 5611 1398 5679 quod
1447 5616 1596 5685 origo
1659 5617 1876 5671 malitim
1942 5633 2164 5686 serpens

612 5702 1040 5760 Christianorum
1102 5703 1350 5761 unionem
1401 5715 1644 5776 spectare
1706 5724 1812 5764 non
1863 5711 2090 5765 sustinet
2146 5728 2157 5763 :

2357 5527 2416 5578 '0
2456 5525 2612 5578 ΚΛΘ.
2643 5524 2856 5577 Τούτων
2885 5521 3024 5575 οὕτω
3057 5522 3351 5591 ῥηθέντων,
3372 5517 3524 5575 εἶπεν
3545 5525 3570 5574 ὁ
3603 5521 3859 5579 Καθολι-

2273 5619 2369 5681 κός
2387 5631 2397 5642 ·
2428 5618 2630 5670 Οὖεένα
2656 5615 2763 5668 τῶν
2788 5611 2843 5666 εὖ
2873 5613 3209 5683 φρονούντων
3250 5615 3462 5679 ἀγνοεῖν
3489 5609 3660 5682 οἶμαι,
3704 5616 3800 5669 ὅτι
3826 5622 3859 5672 δ

2273 5709 2572 5778 ὀρχέκακος
2609 5707 2728 5780 ὃξις
2781 5706 3016 5777 καθορᾷν
3050 5707 3108 5759 τ’)
3153 5705 3305 5775 φέρει
3343 5703 3442 5776 τὴν
3501 5706 3691 5759 ἕνωσιν
3723 5710 3848 5765 τῶν
