3982 6326
678 201 784 265 279

870 312 1147 385 Confessio
1173 320 1297 389 ﬁdei
1334 322 1609 383 Generalis
1652 328 2045 391 Jacobitarum.

748 492 1057 563 Credimus,
1102 507 1286 556 sancte
1330 501 1655 575 imperator,
1702 522 1864 579 atque
1920 503 2243 573 conﬁtemur

678 582 916 646 Patrem.
950 586 1175 654 Filium,
1199 599 1254 645 et
1287 603 1533 650 sanctum
1560 596 1844 667 Spiritum,
1872 619 2036 660 unum
2070 608 2240 663 Deum

676 690 886 738 rerum,
920 678 1071 734 initio
1105 696 1169 737 ac
1199 683 1303 739 ﬁne
1333 697 1606 744 carentem
1643 694 1775 747 etin
1806 696 2022 752 nomine
2050 708 2242 756 sancto

674 764 793 831 ejus
818 767 1181 838 baptizamur,
1204 777 1503 831 secundum
1527 781 1890 849 apostolorum
1916 785 2240 854 doctrinam,

676 870 836 922 quam
883 873 914 912 a
962 862 1144 917 veraci
1204 864 1427 923 doctore
1475 872 1696 928 auribus
1745 875 1860 930 suis
1911 891 2243 948 acceperunt

677 946 892 1003 dicente
923 950 1054 1019 ipsis
1081 970 1096 1007 :
1132 952 1336 1012 Euntes
1358 960 1537 1016 docete
1574 979 1751 1019 omnes
1779 968 2023 1035 populos,
2046 946 2241 1038 impli-

677 1050 858 1094 zantes
891 1059 979 1098 eos
1008 1046 1061 1097 in
1084 1049 1290 1103 nomine
1314 1048 1516 1121 Patris,
1538 1063 1587 1108 et
1614 1054 1767 1121 Filii,
1795 1070 1841 1111 et
1861 1062 2035 1115 sancti
2063 1062 2241 1127 Spiri-

677 1135 783 1183 tus.
817 1130 919 1196 Qui
958 1136 1263 1203 crediderit,
1290 1151 1341 1194 et
1386 1142 1682 1211 baptizatus
1703 1147 1883 1217 fuerit,
1912 1152 2240 1220 salt'abit'ur;

676 1224 920 1291 quivere
959 1244 1062 1281 non
1110 1231 1394 1289 crediderit
1433 1240 1870 1295 condemnabitttr
1899 1242 1966 1298 “.
2012 1244 2242 1315 Recepi-

677 1326 800 1368 mus
822 1327 1007 1407 autem
1040 1328 1095 1376 et
1124 1323 1361 1395 amplexi
1386 1326 1577 1386 humus
1618 1347 1722 1389 nos
1757 1334 2098 1407 maioresque
2146 1354 2244 1394 no-

680 1404 779 1457 stri
822 1404 966 1463 hanc
1001 1408 1181 1477 ﬁdem,
1219 1428 1450 1486 eamque
1478 1421 1818 1490 retinemus.
1845 1404 2077 1495 proque
2122 1428 2253 1499 ipsa

676 1498 973 1563 periculum
1000 1504 1232 1572 quodvis
1270 1509 1340 1563 ab
1366 1510 1451 1577 iis,
1482 1513 1573 1584 qui
1611 1531 1709 1571 nos
1741 1520 2027 1589 tyrannide
2056 1522 2241 1593 oppri-

674 1598 847 1654 munt,
901 1597 1314 1663 perepetimur:
1365 1612 1421 1657 et
1470 1605 1799 1664 immobilem
1850 1625 2237 1671 conservemus

673 1680 795 1736 ﬁdei
818 1682 1181 1745 deﬁnitionem
1202 1694 1494 1750 secundum
1516 1713 1839 1756 consensum
1870 1709 1924 1757 et
1954 1705 2239 1760 conﬁrma-
2272 1674 2312 1732 Β

673 1768 872 1827 tionem
894 1774 1139 1833 divorum
1163 1790 1582 1856 sanctorumque
1604 1789 1826 1847 Patrum
1860 1792 2234 1852 Nicanorum:

681 1858 894 1918 Patrem
922 1868 1353 1938 omnipotentem
1385 1880 1753 1946 agnoscimus,
1793 1882 1992 1941 Ftlium
2024 1887 2073 1941 ei
2100 1902 2237 1944 con-

672 1952 1081 2045 substantialem
1112 1966 1493 2033 praedicamus,
1525 1969 1784 2039 Spiritum
1818 1964 2063 2033 sanctum
2089 1976 2238 2045 ejus-

674 2044 795 2100 dem
827 2058 1033 2107 nntura:
1063 2067 1185 2109 cum
1235 2056 1396 2115 Patre
1423 2074 1489 2116 ac
1536 2061 1677 2119 Filio
1728 2066 2069 2133 conﬁtemur,
2118 2044 2239 2125 tres

674 2137 1025 2207 liypostases,
1070 2161 1230 2201 unam
1282 2152 1676 2221 substantiam,
1730 2172 1893 2215 unam
1945 2172 2235 2229 naturam,

674 2245 836 2286 unam
888 2234 1837 2318 divinitatem.Paterestgenerans,
1874 2254 2088 2323 genitus
2144 2254 2232 2310 Fi-

673 2323 803 2415 lius,
821 2324 1055 2399 Spiritus
1082 2335 1398 2399 procedens.
1422 2337 1536 2393 Non
1569 2344 1780 2399 exstitit
1806 2345 1970 2399 Pater
2001 2358 2127 2402 ante
2147 2348 2235 2415 Fi-

673 2413 823 2480 lium_
854 2432 1027 2485 neque
1054 2420 1181 2476 item
1218 2434 1344 2481 ante
1366 2425 1667 2506 Spiritum;
1692 2434 1784 2489 sed
1814 2439 2109 2491 secundum
2142 2413 2231 2493 do-

672 2509 898 2563 ctrinam
948 2510 1467 2589 allirmationemque
1508 2522 1754 2596 Gregorii
1798 2526 2058 2600 Theologi
2103 2532 2240 2586 alio-

676 2613 900 2667 rumque
924 2604 1198 2660 veracium
1227 2608 1630 2680 magistrorum,
1666 2616 1823 2670 simul
1857 2616 2039 2682 Pater,
2076 2622 2236 2676 simul

670 2688 861 2755 Filius,
893 2692 1051 2747 simul
1092 2694 1330 2767 Spiritus
1358 2711 1600 2758 sanctus.
1635 2706 1872 2762 Generat
1918 2708 2084 2765 Pater
2114 2713 2236 2775 sine

672 2790 945 2849 tempore,
1001 2784 1119 2842 sine
1164 2789 1466 2859 principio;
1522 2794 1763 2865 gignitur
1813 2797 1981 2855 Filius
2030 2800 2236 2873 absque

644 2878 913 2941 tempore
947 2888 965 2940 ;
1002 2879 1247 2946 procedit
1286 2879 1523 2952 Spiritus
1568 2886 2029 2947 inenarrabiliter.
2059 2892 2235 2950 Unum

671 2972 797 3015 sunt
828 2966 1164 3032 prmcedente
1186 2982 1347 3024 omne
1377 2986 1549 3027 savum
1575 2985 1790 3043 natura;
1832 2979 2235 3049 incomparabi-

671 3050 739 3104 lis
776 3066 1006 3122 natura;
1039 3055 1126 3111 hic
1152 3068 1237 3113 est
1285 3060 1422 3117 Deus
1466 3075 1671 3130 noster,
1709 3067 1883 3135 factor
1921 3074 2229 3141 angelorum

671 3145 909 3199 omnium
941 3157 1103 3217 atque
1141 3150 1444 3219 hominum,
1476 3157 1765 3215 visibilium
1799 3176 1977 3217 rerum
2012 3175 2065 3220 et
2092 3167 2233 3221 invi-

673 3234 911 3325 sibilium
961 3255 977 3293 :
1026 3239 1186 3309 huius
1235 3246 1544 3319 substantia
1598 3260 1681 3304 est
1731 3252 2022 3308 intermina
2069 3265 2233 3325 atque

673 3322 905 3395 inﬁnita,
924 3343 1161 3399 praesens
1178 3325 1449 3403 omnibus,
1473 3342 1673 3397 nemini
1696 3322 2196 3413 comprehensibilis
2215 3367 2230 3405 :

672 3418 957 3475 credimus
974 3436 1113 3489 esse,
1148 3440 1324 3497 neque
1356 3437 1531 3485 tamen
1566 3434 1919 3504 intelligimus
1946 3441 2072 3508 quid
2103 3442 2176 3496 sit
2217 3461 2230 3497 :

673 3525 796 3564 nam
831 3512 1145 3570 inscribitur
1168 3518 1381 3588 quidem
1417 3521 1471 3575 in
1507 3534 1687 3580 mente
1718 3536 1770 3581 et
1797 3529 1970 3583 anima
1992 3572 2005 3590 .
2039 3542 2233 3587 cuncta

675 3612 856 3656 autem
885 3604 940 3658 iu
970 3620 1028 3659 se
1059 3608 1174 3675 ipso
1205 3612 1481 3679 continet;
1517 3616 1587 3671 ab
1614 3620 1871 3675 omnibus
1898 3623 1946 3675 ei
1990 3623 2236 3681 adoratio

672 3695 920 3750 debetur.
957 3696 1061 3753 Sed
1092 3699 1238 3756 enim
1284 3707 1530 3771 quamvis
1581 3707 1788 3764 inﬁnita
1825 3710 1876 3765 in
1924 3715 2098 3769 sacris
2141 3715 2235 3769 Li-

672 3786 785 3840 liris
815 3790 1113 3860 theologica
1150 3795 1326 3849 oratio
1351 3808 1454 3863 εει,
1493 3814 1611 3867 quae
1638 3802 2234 3872 incomprehensibilem

673 3877 841 3931 Deum
904 3879 1125 3943 laudat,
1178 3885 1270 3954 qui
1326 3902 1425 3957 pro
1478 3904 1577 3945 suo
1634 3893 1973 3964 beneplacito
2030 3908 2233 3954 tantam

681 3972 764 4023 sui
796 3976 1153 4043 cognitionem
1181 3983 1444 4036 creaturis
1463 3980 1766 4054 impeditus
1778 3998 1860 4041 est
1880 3998 2135 4057 quantam
2157 3993 2237 4048 hae

674 4078 865 4131 capere
901 4077 1186 4137 poterant;
1222 4087 1320 4127 nos
1342 4082 1521 4129 tamen
1556 4089 1669 4130 rem
1693 4079 2020 4138 brevissime
2046 4084 2099 4139 in
2134 4084 2236 4139 hac

675 4152 961 4211 Trinitatis
1011 4161 1356 4231 expositione
1402 4167 1717 4237 attigimus,
1774 4180 1833 4226 ut
1866 4172 2003 4229 .ltinc
2048 4165 2232 4233 vestra

674 4248 933 4316 sapientia
978 4251 1098 4305 ﬁdei
1130 4264 1325 4309 nostra:
1347 4270 1698 4321 cognosceret
1725 4261 2120 4319 rectitudinem.

745 4526 896 4591 Quod
942 4535 1119 4581 autem
1157 4528 1453 4597 attinetfad
1498 4547 1746 4600 magnum
1781 4544 2091 4602 mysterium
2134 4536 2237 4588 ltu—

676 4620 877 4673 manati
908 4630 1125 4689 propter
1164 4631 1401 4677 nostram
1432 4625 1659 4696 salutem
1698 4626 1853 4680 Verbi
1887 4629 2240 4694 (incarnatio-
2266 4650 2271 4663 κέ

678 4727 798 4764 nem
826 4711 968 4779 dice)
998 4712 1137 4779 quod
1157 4726 1309 4765 suam
1344 4718 2109 4787 revelatitdemonstravitquc
2132 4734 2245 4771 ma-

677 4804 1029 4869 gnitudinem,
1060 4805 1130 4858 ita
1165 4806 1454 4860 credimus.
1493 4807 1825 4865 COnﬁtcmur
1865 4812 2005 4880 quod
2039 4826 2105 4863 ex
2142 4812 2237 4863 in-

674 4895 1023 4964 comparabili.
1059 4905 1259 4950 sancta:
1292 4898 1570 4955 Trinitatis
1613 4911 1824 4967 natura,
1866 4903 2077 4957 una'de
2105 4904 2237 4956 ado-

678 4986 865 5037 ramiis
900 4984 1277 5054 ltypostasibus
1302 4997 1521 5043 sanctus
1549 4988 1717 5045 Filius
1743 4990 1810 5045 de
1841 5002 2026 5046 sancto
2054 4991 2235 5056 Patre,

677 5092 771 5130 sua
844 5074 1126 5148 Patrisque
1182 5090 1234 5134 et
1282 5079 1513 5150 Spiritus
1570 5082 1866 5148 voluntate,
1932 5084 2240 5163 novissimis

680 5169 1011 5236 temporibus
1060 5178 1277 5239 propter
1317 5180 1555 5227 nostram
1599 5173 1825 5228 salutem
1855 5176 2132 5229 descendit
2175 5177 2241 5230 de

570 5322 573 5325 _
634 5312 639 5317 ,
676 5260 851 5322 cmlis,
886 5260 1250 5331 Itabitavitque
1283 5261 1340 5316 in
1370 5274 1571 5319 sancta:
1604 5264 1835 5335 Virginis
1859 5264 2038 5320 Maria:
2066 5276 2237 5335 utero,

678 5350 971 5404 secundum
1011 5352 1153 5405 edita
1182 5354 1246 5406 de
1270 5353 1373 5407 hoc
1405 5370 1600 5421 magno
1641 5356 1898 5427 mysterio
1926 5358 2235 5427 prophetica

681 5440 951 5507 vaticinia,
988 5442 1333 5511 suscepitque
1370 5444 1597 5500 carnem
1642 5454 1820 5501 mente
1853 5453 1907 5501 et
1956 5449 2128 5500 anima
2157 5448 2239 5501 iu-

747 5614 795 5648 “
819 5615 985 5701 Marc.
1014 5633 1123 5682 an,
1155 5618 1243 5682 13,
1276 5619 1362 5674 16.

2094 227 2525 313 mmmam

3802 261 3896 325 2ἰο

2427 346 2741 419 Ὅμολογία
2772 351 2880 422 τῆς
2910 356 3167 423 πίστεως
3206 360 3312 414 τοῦ
3347 359 3680 418 Καθολικοῦ
3722 367 3835 419 τῶν

2944 427 3311 485 Ἰακωϐιτῶν.

2414 529 2770 602 Πιστεύομεν,
2811 536 2933 602 ᾆγιε
2980 537 3221 607 βασιλεῦ,
3275 543 3372 596 καὶ
3417 544 3791 617 ὁμολογοῦμεν
3826 553 3901 613 είς

2345 622 2586 692 Πατέρα,
2621 629 2716 677 καὶ
2739 626 2889 688 Υἰὸν,
2921 631 3013 681 καὶ
3044 632 3198 698 ἆγιον
3215 634 3461 703 Πνεῦμα,
3495 639 3589 691 ἕνα
3616 639 3750 693 Θεὸν
3776 645 3889 711 άλη-

2344 708 2509 777 θινὸν,
2582 716 2718 782 μήτε
2764 715 2936 789 ἀρχὴν
2990 719 3181 789 ἔχοντα
3217 726 3353 792 μήτε
3378 725 3549 790 τέλος,
3588 732 3678 781 καὶ
3718 733 3776 783 ὲν
3828 708 3897 797 si;

2344 802 2565 871 ὀνόματι
2591 805 2672 874 τῷ
2715 806 2857 877 άγίῳ
2903 809 3065 862 αὑτοῦ
3111 811 3560 885 ἐϐαπτίσθημεν,
3611 821 3754 873 κατὰ
3813 824 3899 887 τὴν

2344 895 2703 967 ἀποστολικῆν
2730 895 3075 955 διδασκαλίαν
3103 903 3134 975 ἢ
3157 905 3395 977 ἢκουσαν
3421 909 3515 962 καὶ
3536 908 3741 979 ἔμαθον
3758 915 3897 983 παρά

2342 985 2437 1040 τοῦ
2482 987 2739 1059 ἀληθινοῦ
2776 990 3097 1047 διδασκάλου
3126 996 3375 1061 εἰπόντος
3420 999 3632 1061 αὐτοῖς·
3683 1005 3899 1071 Πορεὺ-
3950 1018 3951 1027 ‘

2343 1074 2548 1140 θέντες
2576 1079 2994 1145 μαθητεύσατε
3022 1083 3219 1138 πάντα
3244 1084 3316 1139 τὰ
3352 1085 3496 1154 ἔθνη
3518 1089 3899 1157 βαπτίζοντες

2340 1167 2563 1233 αὐτοὺς
2588 1171 2675 1235 είς
2716 1170 2782 1224 τὸ
2817 1170 3000 1240 ὄνομα
3020 1173 3125 1227 τοῦ
3175 1176 3428 1243 Πατρός,
3478 1177 3575 1230 καί
3609 1179 3716 1232 τοῦ
3748 1178 3895 1241 Υίοῦ.

2341 1258 2440 1312 καί
2470 1258 2575 1313 τοῦ
2604 1261 2776 1331 ἁγίου
2806 1264 3167 1331 Πνεύματος.
3199 1266 3254 1317 '0
3281 1270 3618 1336 πιστεύσας
3644 1269 3745 1324 καί
3795 1272 3899 1335 ,ϐα-

2342 1350 2631 1418 πτισθείς.
2658 1352 2994 1421 σωθήσεται
3018 1373 3032 1387 ·
3067 1359 3101 1409 ό
3122 1356 3191 1408 δὲ
3221 1357 3591 1427 ἀπιστήσας,
3634 1377 3901 1430 κατακρι-

2340 1439 2608 1507 θήσεται.
2663 1443 2993 1512 Ἐιῖεξάμεϐα
3036 1446 3093 1499 δὲ
3135 1446 3231 1501 καὶ
3289 1449 3693 1521 ἐπιστεύσαμεν
3747 1453 3900 1520 ἡμεῖς

2340 1531 2434 1591 καὶ
2460 1532 2511 1585 οί
2546 1533 2778 1604 πατέρες
2801 1535 2958 1605 ἡμῶν
2980 1536 3189 1607 ταύτην
3218 1538 3317 1609 τὴν
3338 1540 3523 1593 πίστιν
3569 1543 3665 1595 καὶ
3701 1542 3893 1612 ἐπέχοα

2343 1639 2467 1689 μεν,
2495 1624 2592 1677 καὶ
2629 1624 2765 1697 ὑπὲρ
2797 1626 2969 1696 αὐτῆς
2999 1628 3176 1682 πάντα
3213 1629 3460 1684 κίνδυνον
3515 1632 3898 1704 ὑπερφέρομεν

2340 1714 2405 1765 ὲκ
2460 1714 2677 1767 πάντων
2718 1715 2826 1768 τῶν
2883 1716 3288 1785 τυραννούντων
3315 1720 3499 1791 ἡμᾶς·
3557 1721 3653 1773 καὶ
3695 1722 3900 1789 ἀμετα-

2340 1802 2561 1876 κίνήτον
2607 1805 2801 1876 ἔχομεν
2856 1806 2948 1860 τὸν
2991 1809 3116 1878 ὅρον
3178 1810 3278 1879 τῆς
3330 1810 3567 1876 πίστεως
3616 1813 3759 1865 κατά
3808 1812 3899 1882 τὴν

2338 1896 2533 1951 ἕνωσιν
2583 1899 2677 1951 καὶ
2748 1898 3036 1969 βεϐαίωσιν
3091 1898 3199 1953 τῶν
3249 1900 3527 1973 θεοφόρων
3588 1904 3683 1955 καὶ
3734 1904 3899 1981 άγίηων

2339 1988 2601 2060 Πατέρων
2655 1990 2764 2043 τῶν
2822 1992 2879 2043 ἑν
2918 1991 3127 2062 Νικαίᾳ
3154 2010 3168 2023 ο
3204 1991 3295 2045 τὸν
3344 1992 3563 2063 Πατέρα
3592 1994 3899 2062 παντοκρά-

2336 2096 2472 2149 τορα
2527 2081 2985 2151 ἐπιγινώσκομεν,
3054 2085 3151 2137 καὶ
3205 2084 3334 2138 Υίὸν
3385 2084 3670 2155 ὁμοούσιον
3738 2084 3897 2139 αὑτοῦ

2338 2172 2702 2242 κηρύττομεν,
2736 2174 2833 2227 καὶ
2859 2175 3086 2246 Πνεῦμα
3114 2176 3270 2246 άγιον
3301 2178 3541 2247 ὁμοφυὲς
3574 2177 3786 2245 Πατρδς
3810 2178 3899 2229 καὶ

2337 2262 2468 2316 Υἱοῦ
2511 2264 2905 2334 ὁμολογοῦμεν.
2957 2268 3118 2337 Τρεῖς
3165 2269 3517 2343 ὑποστάσεις,
3574 2269 3672 2338 μία
3721 2269 3898 2329 οὐσία,

2340 2353 2440 2423 μία
2474 2354 2656 2422 φύσις,
2708 2356 2800 2407 καὶ
2850 2354 2947 2424 μία
2981 2356 3203 2425 θεότηςο
3240 2356 3431 2427 Πατὴρ
3453 2358 3755 2425 γεννήτωρ.
3780 2356 3899 2415 Υἱὸς

2337 2443 2616 2512 γεννητὸς,
2658 2445 2751 2497 καὶ
2792 2444 3015 2511 Πνεῦμα
3062 2432 3411 2515 ἔκπορευτόν.
3455 2445 3533 2499 Οὐ
3581 2446 3901 2515 προϋπῆρχε

2337 2534 2526 2606 Πατὴρ
2548 2535 2700 2597 Υίοῦ,
2725 2535 2839 2587 ἀλλ’
2869 2535 2989 2589 οὐδὲ
3032 2536 3300 2607 πρότερόν
3332 2539 3450 2590 ἐστι
3509 2534 3605 2588 τοῦ
3653 2534 3902 2604 Πνεύμα-

2336 2641 2463 2689 τος,
2515 2624 2649 2678 ἀλλὰ
2699 2626 2839 2679 κατὰ
2885 2626 2983 2696 τὴν
3046 2626 3394 2682 διδασκαλίαν
3455 2628 3548 2682 καὶ
3613 2628 3900 2698 βεϐαίωσιν

2336 2716 2643 2787 Γρηγορίου
2667 2718 2761 2771 τοῦ
2796 2719 3061 2787 Θεολόγου
3093 2721 3188 2773 καὶ
3217 2720 3325 2773 τῶν
3370 2720 3575 2788 ἑτέρων
3630 2718 3899 2788 ἀληθινῶν

2335 2808 2690 2871 διδασκάλων,
2721 2811 2803 2863 ὅτι
2825 2810 2941 2878 ἅμα
2964 2812 3175 2883 Πατὴρ,
3203 2813 3318 2879 ἅμα
3362 2812 3504 2879 Υἱὸς,
3537 2813 3651 2881 ἃμα
3679 2811 3897 2878 Πνεῦμα

2338 2898 2494 2966 ἅγιον
2520 2916 2535 2930 ·
2567 2899 2733 2969 γεννᾷ
2760 2900 2790 2951 6
2820 2900 3009 2969 Πατὴρ
3030 2900 3295 2970 ἀχρόνως,
3324 2899 3575 2969 ἀνάρχως
3598 2918 3613 2931 ·
3644 2901 3899 2967 γεννᾶται

2261 3007 2303 3065 C
2334 2990 2362 3042 6
2393 2990 2520 3053 Υίδς
2549 2990 2792 3061 ἁχρόνως
2819 3007 2833 3020 ·
2871 2991 2962 3043 καὶ
2982 2990 3347 3061 ἐκπορεύεται
3378 2991 3437 3044 τὸ
3468 2989 3698 3071 Πνεῦμα
3720 2990 3899 3055 ἀνεξεο

2338 3082 2635 3154 ρευνήτως.
2700 3082 2799 3149 Ἕν
2842 3083 2946 3141 εἰσι
3012 3082 3079 3152 τῇ
3128 3083 3440 3152 προαιωνίῳ
3480 3080 3680 3151 φύσει,
3743 3079 3899 3150 φύσις

2335 3174 2703 3243 ἀσύγκριτος’
2752 3175 2912 3236 αὑτός
2958 3176 3109 3228 ἔστιν
3158 3176 3186 3227 6
3246 3174 3381 3237 Θεὸς
3425 3173 3605 3243 ἡμῶν,
3657 3172 3902 3243 ιποιητὴς
3950 3236 3951 3239 η

2335 3268 2552 3320 πάντων
2587 3267 2834 3333 ἀγγέλων
2867 3266 2962 3320 καὶ⁸
3005 3265 3325 3336 ἀνθρώπων,
3362 3266 3572 3330 ὁρατῶν
3604 3265 3701 3318 κα)⁸
3733 3265 3902 3334 ἀορά-

2335 3374 2444 3411 των
2462 3374 2474 3387 ·
2506 3352 2659 3420 οὗτός
2681 3358 2830 3411 ἐστιν
2856 3358 3162 3430 ἀπέραντος
3192 3358 3287 3412 καὶ
3317 3357 3572 3427 ἀόριστος
3599 3359 3665 3426 τῇ
3715 3356 3896 3426 οὐσίᾳ,

2336 3450 2503 3517 ἐγγύς
2532 3452 2646 3502 ἐστι
2679 3451 2792 3513 τοῖς
2820 3452 2978 3513 πᾶσι,
3010 3450 3105 3503 καὶ
3128 3449 3519 3518 ἀκατάληπτος
3555 3450 3671 3505 τοῖς
3719 3450 3856 3501 πᾶσι
3886 3464 3899 3477 ’

2339 3535 2669 3606 πιστεύομεν
2692 3537 2772 3589 ὅτι
2813 3537 2981 3599 ἐστὶν,
3023 3536 3083 3588 οὐ
3112 3535 3594 3603 καταλαμϐάνεται
3634 3533 3694 3585 δὲ
3746 3534 3808 3587 τὸ
3853 3532 3903 3584 τί

2338 3625 2453 3675 ἐστι
2476 3638 2490 3654 ·
2527 3622 2927 3700 περιγράφεται
2959 3619 3059 3692 μὲν
3097 3621 3300 3691 μεταξὺ
3333 3620 3425 3674 νοῦ
3454 3623 3545 3673 καὶ
3576 3620 3778 3690 ψυχῆς.
3802 3637 3904 3691 χω-

2340 3719 2426 3785 ρεῖ
2458 3714 2515 3767 δὲ
2540 3716 2597 3766 ὲν
2632 3714 2779 3784 αὐτῷ
2813 3712 2953 3785 [βοά.
2983 3712 3168 3785 αὑτῇ.]
3195 3713 3263 3765 τά
3295 3712 3493 3790 πάντα,
3546 3714 3904 3782 χρεωττεῖτιι

2335 3806 2391 3859 δὲ
2425 3804 2574 3874 αὒτῷ
2618 3804 2988 3876 προσκύνησις
3034 3806 3099 3856 ὲκ
3129 3804 3370 3857 πάντων.
3406 3803 3549 3857 Ἀλλ’
3575 3804 3624 3856 εί
3675 3802 3780 3872 μιν
3812 3801 3903 3856 καὶ

2306 3902 2307 3905 “
2338 3897 2564 3963 ἄπειρός
2602 3896 2750 3947 ἐστιν
2782 3897 2809 3946 6
2829 3899 2925 3962 τῆς
2950 3882 3229 3961 Θεολογῖας
3252 3892 3410 3960 λόγος
3443 3875 3515 3945 ’ὲν
3564 3894 3676 3955 τοῖς
3727 3892 3903 3957 ἁγίοις

2340 3988 2563 4056 βίϐλοις,
2587 3987 2615 4040 6
2643 3985 2881 4051 δοξάζων
2910 3985 3072 4038 αὑτὸν
3121 3985 3211 4038 τὸν
3250 3982 3659 4051 ἀκατάληπτον,
3720 3982 3903 4045 καθὼς

2338 4080 2597 4150 εὐδόκησε
2646 4081 2894 4147 μετέχειν
2941 4066 3053 4139 τοῖς
3111 4077 3372 4144 κτίσμασι
3424 4075 3524 4144 τῆς
3550 4073 3744 4134 ἑαυτοῦ
3771 4074 3905 4142 γνώ-

2340 4188 2479 4234 σεως
2511 4171 2835 4240 μετέδωκεν,
2859 4170 2981 4221 ὅσον
3010 4170 3208 4238 χωρεῖν
3252 4167 3536 4237 ἠδύναντο,
3577 4165 3691 4219 ἀλλ’
3748 4167 3904 4235 ἡμεῖς

2339 4265 2398 4315 ἐν
2428 4261 2749 4332 βραχυτάτῳ
2784 4259 2953 4313 ταῦτα
2982 4259 3397 4328 τεθείκαμενὲν
3418 4257 3494 4326 τῷ
3520 4256 3645 4326 περὶ
3675 4256 3905 4327 Τριάόος

2264 4334 2503 4423 ι)λ6γῳ,
2552 4353 2639 4404 ἵνα
2695 4351 2755 4415 ἐξ
2806 4350 2986 4403 αὐτῶν
3020 4348 3303 4419 καταλάϐῃ
3358 4350 3392 4419 ἡ
3437 4348 3680 4425 ὑμετέρα
3743 4348 3904 4415 σοφία

2342 4443 2440 4513 τὴν
2467 4443 2567 4511 τῆς
2592 4442 2869 4511 ἡμετέρας
2903 4442 3137 4502 πίστεως
3168 4439 3471 4509 ὀρθότητα.“

2424 4534 2562 4604 Περὶ
2584 4534 2642 4587 δὲ
2674 4533 2768 4585 τοῦ
2801 4532 3037 4603 μεγάλου
3064 4530 3364 4601 μυστηρίου
3394 4528 3489 4583 τοῦ
3518 4530 3903 4599 οἰκονομηοένο

2344 4647 2437 4691 τος
2470 4628 2559 4679 διὰ
2599 4628 2697 4695 τὴν
2749 4626 3025 4695 ἡμετέραν
3065 4623 3338 4692 σωτηρίαν
3362 4663 3377 4687 ,
3421 4624 3521 4693 τῆς
3552 4616 3903 4692 ὲνανθρωπή-

2349 4736 2487 4782 σεως
2540 4717 2682 4785 λέγω
2733 4712 2825 4770 τοῦ
2879 4715 3095 4781 Λόγου,
3146 4713 3242 4766 τοῦ
3299 4712 3755 4781 ἀποκαλύψαντος
3814 4712 3904 4763 καὶ

2343 4809 2620 4873 δείξαντος
2675 4807 2773 4874 τὴν
2832 4804 3026 4857 ἑαυτοῦ
3091 4805 3512 4874 μεγαλειότητα,
3570 4803 3903 4871 πιστεύομεν

2344 4900 2537 4962 οὕτως.
2582 4895 2985 4966 ὐμολογοῦμεν
3013 4896 3094 4947 ὅτι
3125 4897 3187 4946 ὲκ
3212 4894 3307 4963 τῆς
3339 4892 3668 4962 ἀσυγκρκίτου
3690 4893 3903 4964 φύσεως

2347 4995 2442 5063 τῆς
2473 4970 2635 5059 ἁγίαξ
2662 4989 2893 5057 ’τριάδος
2928 4988 3025 5058 μία
3072 4986 3184 5039 τῶν
3231 4985 3623 5053 προσκυνητῶν
3668 4984 3903 5036 ὑποστά-

2352 5100 2491 5135 σεων
2523 5083 2550 5131 6
2583 5081 2713 5142 Υἱὸς
2740 5081 2767 5130 6
2801 5079 2977 5145 ἅγιος,
3009 5078 3037 5131 6
3068 5078 3132 5128 ὲκ
3159 5077 3251 5129 τοῦ
3280 5075 3437 5141 ἁγίου
3473 5074 3708 5143 Πατρδς,
3752 5076 3903 5127 εὐδο-

2343 5174 2439 5243 κία
2473 5170 2640 5226 αὑτοῦ
2672 5188 2732 5221 τε
2767 5167 2983 5221 καὶτοῦ
3031 5164 3243 5234 Πατρὸς
3282 5164 3381 5218 καὶ
3422 5162 3517 5219 τοῦ
3559 5162 3901 5233 Πνεῦματος.

2342 5265 2399 5316 ὲν
2444 5262 2691 5333 ἐσχάτοις
2717 5261 2927 5330 καιροῖς
2973 5257 3060 5311 διὰ
3110 5256 3208 5327 τὴν
3241 5255 3397 5335 ήμῷν
3433 5254 3710 5323 σωτηρίαν
3764 5271 3899 5307 κατ·

2344 5356 2508 5426 ἦλθεν
2565 5357 2629 5406 ὲκ
2706 5351 2815 5405 τῶν
2866 5348 3133 5419 οὐρανῶν,
3194 5349 3289 5401 καὶ
3346 5349 3655 5416 ἐσκήνωσεν
3724 5349 3785 5399 ἐν
3834 5347 3900 5414 τῇ

2347 5448 2531 5518 μήτρα
2556 5445 2656 5515 τῆς
2687 5443 2846 5512 ἁγίας
2881 5440 3160 5511 Παρθένου
3196 5440 3414 5511 Μαρίας
3444 5440 3583 5492 κατὰ
3617 5437 3719 5502 τὰς
3765 5452 3897 5509 προ·

3790 5632 3805 5671 1
