3982 6326
672 293 779 355 283

2078 307 2508 368 THEORIANI
2541 374 2546 386 ,

3782 305 3880 367 284

682 403 797 469 ipse
836 413 888 457 ct
936 403 1079 462 Deus
1113 419 1296 465 noster
1325 411 1570 485 Philippo
1604 415 1804 470 dixerat
1839 435 1851 472 :
1893 417 2058 472 Tanto
2109 430 2236 472 tem-

2342 418 2475 490 Θεὲς
2527 419 2703 488 ἡμῶν
2730 417 2866 490 πρὸς
2899 418 2991 472 τὸν
3032 417 3296 471 Φίλιππον
3329 417 3516 486 εἴρηκε
3545 433 3558 447 ο
3593 414 3882 471 Τοσοῦτον

671 509 796 562 pore
825 497 1083 550 uobiscum
1135 517 1271 560 sum.
1300 514 1347 557 et
1395 506 1624 559 nondum
1663 512 1941 576 cognovisti
1975 528 2074 576 me,
2113 513 2236 567 Plii-

672 583 857 653 lippe?
895 587 998 651 Qui
1029 590 1152 644 r‘"it
1206 609 1306 656 me,
1342 596 1470 648 vidit
1507 610 1554 649 et
1588 598 1796 654 Patrem
1825 619 1993 655 meum
2015 605 2081 658 ".
2119 603 2234 660 Non

673 676 820 738 quod
858 674 1086 730 Verbum
1126 680 1331 750 absque
1356 698 1518 738 carne
1571 687 1814 741 viderent
1852 689 2098 756 apostoli,
2139 691 2234 746 sed

673 763 798 830 quia
867 757 1444 836 incarnalum‘Deum,
1505 786 1562 829 ut
1597 793 1756 832 unum
1814 780 2233 850 indivisumque,

672 869 700 909 8
722 870 755 916 ιι
797 856 1027 911 ilicabat.
2188 931 2191 933 _

747 935 1016 998 Punici-ea
1050 959 1294 1014 pastores
1318 951 1384 1005 ab
1408 953 1594 1021 angelo
1615 956 1891 1011 nuntiante
1910 960 2188 1014 audierunt
2216 979 2232 1017 :

681 1032 857 1087 Natus
895 1046 970 1090 est
1001 1039 1329 1096 uobis/mdia
1357 1041 1604 1097 Servatur
1627 1047 1690 1100 ".
1720 1047 1826 1100 Vos
1858 1065 2068 1119 quoque
2104 1053 2237 1106 fate-

675 1125 804 1175 mini
850 1125 1139 1182 humanam
1174 1141 1421 1186 naturam
1461 1135 1601 1189 baud
1628 1154 1748 1193 esse
1785 1140 2145 1206 Servatorem,
2184 1154 2238 1198 et

672 1213 910 1269 divinam
956 1229 1202 1274 naturam
1238 1225 1356 1276 sine
1389 1241 1552 1281 carne
1605 1229 1660 1282 iu
1711 1233 1903 1284 mundo
1952 1247 2059 1286 non
2117 1248 2237 1287 esse

673 1317 852 1359 natam
889 1326 902 1362 :
937 1323 1180 1374 superest
1213 1313 1372 1380 igitur
1401 1325 1456 1370 ut
1479 1317 1820 1373 Servatorem
1854 1322 2030 1388 ipsum
2058 1325 2238 1390 appel-

674 1394 843 1448 lemus
873 1401 963 1466 qlti
1009 1402 1073 1456 de
1111 1400 1328 1470 Virgine
1360 1418 1513 1462 natus
1547 1421 1648 1463 est.
1684 1411 1826 1465 Unus
1869 1427 1898 1467 a
1938 1415 2092 1467 nobis
2118 1432 2238 1471 cre-

676 1486 821 1541 ditur
845 1489 980 1556 ipse,
1009 1491 1161 1560 juxta
1184 1497 1304 1551 fidei
1329 1497 1696 1554 deﬁnitionem
1717 1518 1742 1554 a
1772 1505 1969 1557 sanctis
1989 1505 2236 1562 Patrihus

677 1575 728 1628 in
761 1576 968 1646 Spiritu
1009 1593 1197 1638 sancto
1233 1584 1424 1639 Nicaeae
1453 1589 1797 1659 cengregatis
1821 1594 2036 1656 editam,
2081 1596 2236 1650 Jesns

676 1665 948 1730 Christus,
993 1672 1320 1740 unigenitum
1369 1675 1624 1744 Verbum,
1679 1685 1855 1738 lumen
1903 1688 1966 1738 de
2009 1676 2228 1749 luniine.

675 1756 816 1818 Deus
838 1776 994 1817 verus
1017 1763 1083 1817 de
1114 1763 1221 1819 Deo
1251 1783 1398 1824 vero.
1443 1769 1718 1841 Velimque
1756 1791 1848 1828 vos
1879 1778 2043 1843 probe
2071 1782 2232 1844 scire,
2269 1755 2308 1807 Β

668 1846 794 1902 Iesu
822 1867 1016 1907 nomen
1055 1871 1159 1910 non
1196 1859 1260 1911 de
1289 1860 1463 1913 divina
1494 1868 1862 1921 tantummodo
1889 1881 2076 1923 natura
2106 1873 2232 1936 dici,

670 1941 762 1993 sed
798 1941 864 1995 de
901 1944 1181 2000 incarnato
1219 1947 1345 2013 Deo,
1380 1951 1468 2017 qui
1501 1964 1584 2007 est
1624 1953 1780 2012 Jesus
1812 1958 2074 2014 Christus.
2116 1963 2230 2017 Alia

672 2029 897 2096 plurima
925 2021 1049 2097 stiut
1078 2035 1128 2088 in
1161 2037 1357 2092 divinis
1393 2039 1706 2110 Scripturis,
1746 2062 1865 2115 qute
1892 2050 2079 2121 dogma
2109 2069 2232 2122 pro-

674 2119 799 2171 bant
823 2139 836 2186 ;
862 2124 960 2178 sed
996 2140 1092 2178 nos
1118 2141 1286 2194 pauca
1317 2129 1428 2184 haec
1466 2137 1622 2186 verba
1650 2137 1796 2190 vobis
1829 2119 2142 2206 obtulimus,
2177 2153 2234 2197 ut

672 2217 1015 2279 cognoscatis
1046 2233 1146 2272 nos
1169 2219 1537 2289 inculpabiles,
1566 2239 1686 2279 cum
1720 2228 1889 2297 ipsum
1917 2232 2235 2287 confitemur

671 2317 830 2355 unam
869 2320 989 2359 esse
1041 2308 1391 2378 hypostasim,
1433 2315 1482 2369 id
1514 2326 1594 2370 est
1633 2333 1790 2371 unam
1823 2320 2023 2376 Christi
2077 2333 2233 2378 uatu-

669 2413 805 2452 ram.
831 2399 961 2454 Nam
995 2403 1059 2456 de
1090 2413 1284 2459 caetero
1317 2408 1517 2465 scimus
1545 2421 1599 2465 et
1622 2415 1911 2484 credimus,
1933 2434 1997 2471 ex
2025 2417 2232 2474 duabus

670 2487 843 2556 ipsum
874 2507 999 2551 esse.
1035 2495 1338 2561 incoul'use,
1385 2500 1632 2567 indivise,
1695 2507 2119 2575 immutabiliter,
2152 2512 2236 2563 in-

668 2582 1110 2640 convertibiliter.
1152 2585 1315 2642 ilunc
1362 2591 1633 2666 credimus
1660 2603 1813 2651 vetus
1850 2597 2024 2653 {melus
2078 2615 2230 2656 com-

670 2670 919 2739 plevisse,
950 2675 1117 2744 ‘juxta
1172 2681 1552 2747 prophetarum
1601 2687 1877 2741 vaticinia.
1938 2690 2077 2744 Idem
2110 2707 2230 2746 cor-

670 2779 801 2831 pore
829 2766 1186 2824 circumcisus
1218 2781 1322 2837 est,
1379 2777 1520 2844 quod
1551 2787 1735 2833 nostro
1781 2782 1956 2836 simile
1987 2785 2230 2838 circum-

673 2854 875 2910 ferebat
902 2862 1140 2928 passioni
1174 2861 1460 2919 obnoxium
1498 2872 1725 2924 mortale
1754 2880 1806 2925 et
1828 2878 2177 2944 corruptibile
2214 2894 2227 2930 :

588 2943 596 2951 '
675 2964 977 3018 quanquam
1019 2966 1208 3007 revera
1243 2972 1346 3010 non
1387 2958 1524 3022 sivit
1556 2975 1774 3017 carnem
1821 2981 1970 3019 suam
1995 2943 2232 3035 experiri

668 3039 1094 3110 corruptionem.
1133 3042 1330 3101 Eadem
1360 3049 1415 3102 in
1464 3066 1627 3107 carne
1674 3054 1956 3124 jcjtmavit,
2004 3067 2234 3114 tentato-

671 3146 784 3184 rem
815 3137 1110 3203 superavit,
1133 3138 1391 3194 miracula
1420 3143 1748 3214 virtutesque
1772 3149 2024 3215 patravit,
2044 3164 2235 3217 passus

669 3233 776 3287 est,
811 3226 1138 3296 crucciixus,
1197 3243 1460 3297 mortuus,
1493 3237 1756 3303 sepultus,
1807 3239 1960 3292 tertia
2007 3241 2238 3310 denique

672 3316 758 3370 die
793 3321 1106 3375 resurrexit.

745 3513 878 3579 Quia
907 3532 1035 3571 vero
1065 3521 1302 3574 nonnulli
1334 3536 1360 3574 a
1387 3524 1539 3576 nobis
1571 3525 1898 3589 existimant,
1927 3526 2235 3583 Passiouem

586 3661 588 3663 ,
671 3607 936 3662 divinitati
972 3612 1205 3676 obtrudi,
1246 3615 1384 3680 quod
1419 3615 1556 3667 absit
1605 3629 1660 3668 ut
1695 3634 1925 3684 unquam
1961 3620 2235 3685 dicamus;

673 3699 759 3752 aio
795 3710 953 3764 'nos,
1011 3712 1169 3771 prout
1224 3704 1418 3759 divinrc
1477 3705 1768 3772 Scripturae
1816 3709 2009 3772 solent,
2059 3712 2238 3763 dicere

678 3789 843 3844 licum
880 3807 1092 3860 passum
1123 3803 1175 3848 et
1205 3805 1498 3860 mortuum,
1540 3796 1694 3852 sicuti
1738 3807 1791 3851 et
1843 3798 2040 3852 Paulus
2073 3812 2237 3855 testa-

673 3889 778 3947 tur,
832 3885 925 3938 sed
979 3888 1030 3938 in
1063 3902 1226 3941 carne
1271 3889 1539 3952 humana;
1574 3893 1734 3944 veluti
1778 3903 1994 3945 sanctus
2024 3908 2236 3962 quoque

672 3971 903 4030 Basilius
937 3977 1224 4046 Cappadox
1263 3981 1337 4031 ait
1366 3997 1380 4033 :
1431 3977 1601 4034 Sicuti
1665 3968 1862 4035 ferrum
1895 3982 1996 4050 igni
2030 3967 2285 4048 unitur,‘

672 4067 800 4133 qnin
827 4075 1006 4121 tamen
1048 4069 1185 4138 ignis
1213 4085 1298 4132 ea,
1349 4087 1468 4140 qum
1501 4071 1726 4137 ferrum,
1789 4075 2042 4140 patiatur.
2097 4075 2235 4128 Rur-

671 4174 768 4212 sus
817 4159 976 4214 sicuti
1037 4162 1214 4216 auima
1266 4163 1578 4231 incorpore
1620 4166 1808 4233 recipit
1866 4167 2234 4221 iulirmitatum

673 4250 976 4317 passiones,
1037 4251 1255 4317 famem,
1287 4263 1538 4319 mortem,
1580 4256 1708 4323 quin
1747 4264 1921 4310 tamen
1964 4258 2139 4310 anima
2171 4259 2237 4311 ab

673 4339 758 4394 his
789 4342 1044 4410 patiatur,
1070 4344 1191 4409 quia
1228 4344 1487 4411 spiritalis
1512 4356 1565 4399 et
1599 4347 2017 4417 incorruptibilis
2048 4358 2234 4400 natura

2300 521 2306 524 '
2338 511 2564 578 χρόνον
2614 512 2745 579 μεθ’
2793 509 2958 578 ὑμῶν
3011 512 3148 579 ειμι,
3207 508 3304 562 καὶ
3352 509 3463 560 οὐκ
3507 507 3765 572 ἔγνωκάς
3790 527 3881 575 με,

2337 602 2635 665 «mimae,-
2679 601 2731 651 '0
2758 599 3026 666 ἑωρακὼς
3090 597 3214 663 ἐμὲ,
3245 597 3466 665 ἑώρακε
3504 598 3611 649 τὸν
3638 597 3880 665 Πατέρα.

2339 694 2449 760 Οὐχ
2481 695 2559 744 ὅτι
2586 692 2675 744 τὸν
2703 691 2876 759 Λόγον
2917 693 3043 745 ἀνευ
3091 694 3286 759 σαρκὸς
3341 688 3607 760 ἐθεώρουν
3655 690 3705 741 οἱ
3758 690 3884 743 ἀπό·

2340 783 2536 847 στολοι,
2579 783 2710 835 ἀλλά
2747 783 2836 834 τὸν
2869 779 3290 850 σεσαρκωμένσν
3342 778 3476 830 Θεὸν
3528 778 3604 842 ὡς
3649 779 3741 830 ἕνα
3792 780 3880 830 καὶ

2339 874 2637 941 ἀμέριστον
2661 872 2874 942 ἐδήλου.

2411 963 2531 1016 Ἔτι
2557 963 2613 1015 δὲ
2647 965 2696 1015 0i
2753 960 3019 1036 ποιμένες
3061 949 3164 1013 ὑπὸ
3200 959 3293 1014 τοῦ
3337 960 3572 1028 ἀγγέλου
3606 961 3886 1027 εὐαγγελι-

2337 1054 2552 1124 ζόμενοι
2579 1055 2774 1123 ἤκουον
2805 1069 2818 1084 ο
2848 1052 3144 1108 Γεννᾶται
3173 1053 3316 1120 ἡμῖν
3341 1053 3606 1121 σήμερον
3640 1051 3841 1117 Σωτήρ
3871 1069 3883 1083 -

2337 1148 2432 1201 καὶ
2460 1148 2617 1215 ὑμεῖς
2658 1148 2987 1216 μαρτυρεῖτε
3020 1146 3106 1198 ὅτι
3145 1147 3176 1214 ή
3210 1145 3531 1214 ἀνθρωπίνη
3570 1142 3733 1211 φύσις
3780 1143 3887 1194 Σω-

2334 1245 2438 1314 τὴρ
2474 1245 2574 1296 οὐκ
2619 1242 2761 1307 ἐστι,
2799 1243 2894 1296 καὶ
2943 1243 2974 1310 ἡ
3009 1241 3128 1293 θεία
3162 1246 3324 1308 φύσις
3366 1241 3493 1293 ἀνευ
3537 1239 3740 1308 σαρκὸς
3792 1238 3884 1289 οὐκ

2337 1336 2641 1407 ἐγεννήθη·
2678 1335 2864 1391 λοιπὸν
2921 1335 3015 1389 ἕνα
3075 1337 3300 1403 Σωτῆρα
3353 1331 3516 1386 αὐτὸν
3568 1330 3756 1384 καλεῖν
3802 1327 3885 1379 τὸν

2337 1430 2666 1498 γεννηθέντα
2721 1432 2784 1483 ὲκ
2834 1419 2934 1498 τῆς
2994 1426 3292 1497 Παρθένου.
3365 1425 3503 1477 Ἕνα
3563 1420 3885 1488 πιστεύομεν

2337 1522 2501 1573 αὐτὸν
2556 1523 2714 1574 κατὰ,
2746 1520 2834 1572 τὸν
2881 1522 3005 1586 ὅρον
3053 1518 3154 1584 τῆς
3203 1518 3440 1578 πίστεως
3472 1515 3564 1567 τὸν
3599 1513 3889 1566 ἐκτεθέντα

2337 1610 2441 1661 ὑπὸ
2480 1609 2586 1662 τῶν
2617 1610 2675 1660 ὲν
2709 1609 2848 1676 ἁγίῳ
2872 1607 3146 1672 Πνεύματι
3179 1605 3575 1672 ἀθροισθέντων
3600 1604 3657 1654 ὲν
3686 1601 3890 1670 Nimia

2336 1699 2509 1764 ἁγίων
2552 1695 2813 1766 Πατέρων
2838 1712 2850 1724 ⁸
2899 1695 3101 1763 Ἰησοῦς
3129 1695 3360 1763 Χριστὸς
3379 1691 3673 1762 μονογενὴς
3696 1690 3887 1756 Λόγος,

2341 1790 2456 1857 φῶς
2495 1792 2559 1842 ὲκ
2591 1788 2790 1856 φωτὸς,
2845 1787 2975 1847 Θεὸς
3024 1785 3276 1856 ἀληθινὸς
3331 1785 3394 1836 ὲκ
3441 1782 3574 1835 Θεοῦ
3610 1781 3887 1849 ἀληθινοῦ.

2343 1882 2450 1934 Καὶ
2480 1880 2656 1940 καλῶς
2686 1878 2981 1947 γινώσκετε
3009 1878 3090 1930 ὅτι
3121 1876 3180 1928 τὸ
3228 1875 3434 1945 Ἰησοῦς
3471 1874 3638 1942 ὄνομα
3670 1872 3773 1924 οὐκ
3805 1872 3892 1923 ἐπὶ

2337 1971 2402 2037 τῇ
2432 1967 2550 2036 θεῖα
2581 1966 2741 2035 φύσει
2770 1966 2902 2033 μόνῃ
2951 1963 3311 2032 ὁμολογεῖται,
3341 1961 3459 2014 ἀλλ’
3495 1961 3585 2013 ἐπὶ
3631 1959 3767 2010 Θεὸν
3815 1975 3894 2009 σεο

2341 2058 2715 2127 σαρκωμένον,
2753 2056 2811 2116 ὃς
2843 2056 2989 2107 ἐστιν
3021 2052 3226 2120 Ἰησοῦς
3267 2051 3521 2120 Χριστός.
3573 2052 3679 2102 Καὶ
3729 2049 3892 2117 ἔτερα

2340 2149 2572 2202 πλεῖστά
2606 2149 2744 2198 εἰσιν
2777 2148 2833 2199 ὲν
2865 2147 2984 2210 ταῖς
3011 2144 3184 2205 θείαις
3215 2142 3458 2212 Γραφαῖς
3487 2141 3643 2194 τοῦτο
3666 2139 3892 2211 δηλοῦν-

2337 2256 2442 2292 τα·
2475 2236 2650 2290 ταῦτα
2705 2237 2771 2288 τά
2823 2233 3076 2302 ὀλιγοστά
3132 2233 3351 2305 ῥήματα
3393 2233 3704 2313 ἠνέγκαμεν
3745 2233 3892 2300 ὑμῖν,

2339 2332 2479 2401 πρὸς
2552 2328 2612 2382 τὸ
2667 2329 2870 2396 γνῶναι
2917 2328 3000 2380 ὅτι
3053 2325 3220 2378 ἀθῶοί
3278 2327 3444 2394 ἐσμεν
3506 2321 3894 2392 ὁμολογοῦντες

2337 2424 2499 2479 αὐτὸν
2535 2421 2663 2491 μίαν
2695 2419 3014 2483 ὑπόστασιν,
3043 2419 3208 2488 ἤγουν
3248 2416 3377 2485 μίαν
3406 2415 3592 2483 φύσιν,
3631 2413 3724 2466 τὸν
3766 2415 3895 2482 Χρι-

2340 2514 2486 2565 στόν.
2538 2510 2648 2564 Καὶ
2695 2510 2804 2580 γὰρ
2835 2508 3177 2578 γινώσκομεν
3207 2506 3299 2560 καὶ
3340 2505 3671 2574 πιστεύομεν
3699 2507 3789 2558 ὅτι
3835 2507 3895 2555 ἐκ

2335 2604 2429 2658 δύο
2473 2602 2622 2656 ἐστὶν
2673 2601 2998 2670 ἀσυγχύτως
3032 2600 3129 2653 καὶ
3163 2597 3481 2669 ἀμερίστως
3541 2597 3635 2651 καὶ
3683 2596 3895 2665 ἀμετα-

2336 2698 2548 2768 6λήτως
2577 2693 3146 2766 καὶάμετατρέπτως.
3188 2690 3391 2743 Τοῦτον
3433 2687 3766 2756 πιστεύομεν
3798 2686 3898 2754 τὴν

2338 2788 2578 2843 παλαιὰν
2629 2787 3052 2858 πεπληρωκέναι
3102 2783 3244 2837 κατὰ
3276 2782 3376 2844 τὰς
3421 2781 3759 2850 προρρήσεις
3792 2776 3898 2829 τῶν

2340 2877 2657 2947 προφητῶν,
2695 2876 2786 2927 καὶ
2834 2872 3174 2944 περιετμήθη
3219 2871 3296 2939 τῷ
3334 2867 3573 2938 σώματι,
3630 2865 3698 2937 [ὃ]
3758 2864 3898 2949 καθά

2338 2973 2432 3024 καὶ
2479 2970 2542 3024 τὸ
2589 2968 2862 3040 ἡμέτερον
2924 2963 3169 3033 παθητὸν
3248 2961 3440 3031 Θνητὸν
3509 2959 3602 3013 καὶ
3658 2956 3900 3026 φθαρτὸν

2337 3064 2524 3132 ἐφόρει
2563 3077 2575 3089 ⁶
2614 3062 2707 3114 καὶ
2764 3058 2873 3111 οὐδ’
2927 3054 3259 3124 ἐγκατέλιπε
3310 3054 3412 3124 τὴν
3465 3049 3658 3104 ἑαυτοῦ
3711 3049 3902 3120 σάρκα

2340 3155 2466 3208 ἰδεῖν
2493 3152 2794 3222 διαφθοράν
2827 3167 2840 3181 ο
2878 3149 2970 3204 καὶ
3001 3149 3059 3201 ὲν
3107 3149 3243 3217 αὐτῇ
3277 3148 3343 3216 τῇ
3377 3143 3539 3213 σαρκὶ
3595 3138 3904 3210 νηστεύσας

2337 3251 2432 3301 καὶ
2466 3244 2782 3317 πειρασθεὶς
2825 3245 2917 3297 καὶ
2952 3243 3180 3311 νικήσας
3232 3239 3452 3292 ἐτέλεσε
3487 3236 3748 3304 θαύματα
3807 3233 3900 3284 καὶ

2336 3339 2617 3406 δυνάμεις,
2643 3337 2737 3389 καὶ
2763 3334 2984 3398 ἔπαθεν,
3010 3329 3353 3403 ἐσταυρώθη,
3379 3328 3668 3390 ἀπέθανεν,
3693 3324 3904 3392 ἐτάφη,

2337 3429 2428 3480 καὶ
2458 3415 2656 3495 ἀνέστη
2696 3425 2895 3493 τριήμε
2907 3439 3018 3492 ρος.
3701 3417 3707 3426 ’

2420 3519 2572 3572 Ἐπεὶ
2591 3517 2647 3570 δὲ
2673 3512 2772 3569 ὧδέ
2799 3533 2944 3578 τινες
2976 3514 3096 3566 καθ’
3119 3511 3278 3582 ἡμῶν
3302 3506 3788 3578 ὑπολαμϐάνουσιν
3823 3504 3902 3555 ὅτι

2338 3611 2507 3671 πάθος
2558 3612 2624 3680 τῇ
2675 3609 2887 3678 θεότητι
2934 3605 3319 3677 προσάγομεν,
3363 3603 3500 3677 ὅπερ
3558 3598 3630 3667 μὴ
3684 3598 3902 3663 γένοιτο

2337 3701 2470 3768 ἡμῖν
2527 3696 2743 3764 λέγεινί
2797 3695 2915 3748 ἀλλ’
2977 3694 3165 3760 ὥσπερ
3222 3692 3316 3744 καὶ
3352 3691 3407 3744 αἱ
3459 3690 3598 3741 θεῖαι
3655 3686 3902 3756 Γραφαι,

2337 3789 2478 3842 οὕτω
2505 3790 2757 3856 λέγομεν,
2792 3789 2876 3840 ὅτι
2906 3785 3074 3839 ἔπαθε
3119 3784 3248 3845 Θεὸς
3277 3783 3370 3836 καὶ
3409 3779 3700 3842 ἀπέθανεν,
3753 3775 3902 3826 καθὰ

2338 3880 2430 3932 καὶ
2491 3879 2699 3939 Παῦλος
2774 3878 3061 3946 μαρτυρεῖ,
3127 3873 3242 3927 ἀλλ’
3307 3875 3362 3925 ὲν
3435 3875 3499 3941 τῇ
3566 3868 3893 3936 ἀνθρωπίνῃ

2338 3973 2524 4040 σαρκὶ,
2567 3971 2708 4023 καθά
2736 3987 2866 4035 φησι
2903 3970 2996 4020 καὶ
3049 3969 3076 4020 6
3120 3967 3274 4034 ἆγιος
3329 3962 3607 4022 Βασίλειος
3659 3961 3902 4011 Καππα-

2337 4063 2541 4123 δοκίας,
2576 4079 2591 4111 ι
2637 4058 2832 4121 Καθὼς
2856 4060 2882 4110 6
2904 4057 3143 4125 σίδηρος,
3168 4055 3365 4120 λέγων,
3390 4051 3468 4119 τῷ
3498 4051 3631 4118 πυρὶ
3653 4048 3901 4106 ἑνοῦται,

2337 4154 2432 4205 καὶ
2464 4153 2524 4204 06
2555 4151 2615 4202 τὸ
2650 4150 2760 4219 πῦρ
2793 4149 2996 4218 πάσχει
3048 4147 3147 4199 ὅσα
3208 4145 3300 4198 καὶ
3344 4143 3587 4212 σίδηρος.
3615 4158 3632 4190 ι
3685 4137 3903 4197 Ἀλλ-ως

2336 4261 2394 4296 τε
2457 4242 2596 4296 καθά
2650 4241 2797 4312 ψυχὴ
2837 4242 2895 4294 ὲν
2940 4225 3152 4306 σώματι
3206 4237 3420 4305 δέχεται
3473 4236 3541 4285 τὰ
3592 4229 3744 4298 πάθη
3793 4228 3902 4280 τῶν

2339 4334 2659 4397 ἀσθενειῶν,
2691 4334 2782 4386 τὸν
2815 4331 2995 4402 λιμὸν,
3031 4331 3124 4384 καὶ
3162 4330 3251 4380 τὸν
3283 4327 3534 4388 θάνατον,
3574 4323 3668 4374 καὶ
3709 4321 3904 4374 οὐκέτι

670 4443 798 4500 est;
842 4424 920 4492 sit:
971 4450 1089 4488 cum
1124 4434 1289 4490 Paulo
1322 4436 1554 4490 fatemur
1608 4438 1771 4504 Deum
1834 4448 2054 4492 mortem
2104 4455 2233 4508 gus-

2341 4429 2371 4496 ή
2405 4425 2555 4498 ψυχὴ
2583 4425 2648 4478 ὲκ
2677 4423 2885 4477 τούτων
2924 4422 3148 4491 πάσχει,
3188 4421 3320 4472 διότι
3353 4414 3700 4486 πνευματικὴ
3733 4413 3903 4508 φ-ύσις

673 4535 838 4592 tasse,
876 4527 1004 4596 quin
1055 4527 1172 4595 ejus
1204 4529 1458 4583 divinitas
1521 4531 1812 4598 quidquam
1851 4545 2002 4598 passa
2058 4531 2234 4585 fuerit.

2334 4519 2449 4570 ἐστὶ
2478 4519 2570 4570 καὶ
2602 4517 2895 4585 ἄφθαρτος,
2931 4512 3074 4567 οὕτω
3105 4513 3241 4582 μετὰ
3277 4510 3486 4562 Παύλου
3521 4504 3902 4575 ὁμολογοῦμεν

670 4616 841 4671 Porro
869 4616 1066 4672 sufﬁcit
1117 4620 1477 4691 nobisntagni
1528 4620 1690 4689 hujus
1737 4621 1834 4674 viri
1873 4622 2234 4674 testimonium

2337 4611 2414 4663 ὅτι
2470 4608 2601 4669 Θεὸς
2651 4609 2917 4672 ἐγεύσατο
2957 4603 3210 4661 θανάτου,
3266 4598 3398 4678 μηδ’.
3420 4598 3557 4659 ὅλως
3609 4593 3904 4658 παθούσης

2371 4701 2393 4709 .-
2536 4702 2548 4709 .
2631 4699 2654 4709 η
2717 4698 2738 4709 Α
2791 4699 2802 4709 ι
3038 4697 3074 4709 ε.
3190 4695 3204 4709 ι
3301 4695 3315 4709 ο
3371 4695 3394 4709 υ
3472 4695 3484 4708 η
3515 4708 3556 4709 γέ
3609 4706 3616 4709 .
3675 4684 3834 4709 AT---
3879 4688 3899 4709 ι

670 4707 821 4778 (quin
851 4709 1006 4778 plura
1035 4687 1360 4779 scrutemur)
1400 4687 1490 4778 qui
1548 4687 1718 4778 usque
1753 4710 1816 4762 ad
1879 4710 2093 4763 tertium
2124 4725 2236 4766 cce-

2337 4701 2432 4770 τῆς
2491 4699 2658 4752 αὑτοῦ
2715 4698 2991 4767 θεότητος.
3038 4695 3245 4756 Ἱκανὸς
3293 4695 3423 4763 ἡμῖν
3469 4695 3617 4744 ἐστιν
3670 4687 3835 4750 οὗτος

671 4799 801 4867 ium,
834 4808 889 4853 ut
921 4810 1122 4866 narrat,
1163 4802 1402 4856 Sublatus
1451 4803 1656 4856 audivit
1708 4800 2023 4874 ineffabilia.
2065 4799 2237 4854 Simul

671 4894 1016 4950 meminimus
1051 4909 1080 4947 a
1139 4903 1325 4949 sancto
1384 4893 1547 4948 Paulo
1586 4907 1925 4948 communem
1985 4903 2228 4946 naturam
2268 4943 2270 4945 ,

671 4985 927 5053 appellari
955 4994 1007 5039 et
1045 4987 1312 5054 propriam
1342 5003 1356 5039 :
1387 4987 1602 5055 prepria
1649 5002 1774 5040 vero
1836 4996 2028 5039 natura
2063 4987 2236 5055 hypo-

671 5077 862 5130 stasim
891 5076 1179 5147 signiﬁcat.
1218 5078 1564 5148 Nequaquam
1608 5078 1771 5148 igitur
1794 5078 2043 5143 dicimus,
2065 5077 2229 5130 Deum

671 5169 946 5222 communi
999 5180 1189 5225 natura
1242 5171 1449 5224 unitum
1506 5185 1628 5225 esse
1685 5173 1931 5224 humana:
2005 5178 2229 5223 natura}.

671 5260 825 5324 Quod
874 5261 972 5315 nisi
1031 5262 1102 5315 ita
1154 5263 1266 5327 sit,
1326 5273 1432 5317 tota
1485 5263 1722 5316 Trinitas
1767 5265 1859 5317 toti
1911 5263 2231 5316 humanitati

671 5349 817 5402 unita
886 5351 1106 5417 fuisset;
1159 5369 1278 5407 cum
1327 5365 1512 5407 contra
1585 5369 1772 5422 reapse
1806 5353 1854 5407 in
1889 5353 2099 5423 propria
2133 5368 2230 5404 ua-

675 5449 793 5494 tura
844 5441 1078 5497 Verbum
1114 5444 1450 5514 hypostatice
1501 5447 1651 5500 carni
1688 5446 1894 5499 unitum
1938 5445 2122 5498 fuerit.
2169 5443 2234 5497 Et

673 5548 771 5588 vos
829 5549 1063 5606 quoque,
1099 5537 1175 5591 uti
1219 5553 1274 5594 se
1337 5554 1421 5593 res
1460 5539 1638 5600 habet,
1696 5555 1758 5592 cx
1813 5537 2017 5594 duabus
2074 5553 2231 5591 unam

758 5689 804 5723 “
841 5687 997 5746 Joan.
1037 5691 1239 5760 χιγ,-9.
1318 5693 1359 5722 ’⁷
1401 5693 1537 5749 Luc.
1569 5709 1627 5760 ιι,
1667 5693 1748 5748 ll.

2341 4794 2512 4864 μέγας
2540 4793 2618 4855 εἰς
2659 4791 2986 4862 μαρτυρίαν,
3039 4789 3066 4840 6
3115 4787 3208 4840 xui.
3265 4785 3369 4846 ἕως
3417 4782 3600 4852 τρίτου
3653 4778 3900 4850 ούρανοῦ

2339 4885 2566 4951 ἀναὸἀς,
2618 4886 2712 4939 καὶ
2751 4884 2821 4937 τὰ
2857 4883 3070 4955 ἄρρητα
3121 4878 3360 4940 ἀκούσας
3414 4875 3508 4929 τοῦ
3561 4875 3768 4935 εἰπεῖν,
3824 4871 3900 4930 ὡς

2339 4980 2551 5050 εἴρηκε,
2595 4977 2690 5032 καὶ
2723 4976 2887 5030 πλέον
2919 4975 2993 5046 μὴ
3025 4975 3273 5045 ἐρευνᾷν.
3304 4972 3407 5024 Σὺν
3441 4967 3648 5030 τούτοις
3690 4965 3905 5029 ὑπομι-

2343 5075 2660 5143 μνήσκομεν
2729 5072 2812 5124 ὅτι
2865 5071 2892 5123 ό
2949 5070 3105 5136 ἅγιος
3174 5066 3388 5128 Παῦλος
3471 5062 3656 5129 κοινὴν
3731 5059 3902 5128 φύσιν

2340 5165 2520 5241 [φησι]
2577 5168 2669 5220 καὶ
2719 5165 2895 5233 ιδικήν
2923 5180 2935 5193 ο
2972 5162 3065 5214 καὶ
3094 5158 3235 5228 ἰδικὴ
3277 5158 3376 5227 μὲν
3415 5155 3577 5225 φύσις
3612 5151 3717 5220 τὴν
3763 5149 3903 5203 67:6-

2337 5277 2527 5314 στασιν
2581 5258 2750 5327 δηλοῖ.
2798 5254 2995 5309 Οὐκέτι
3053 5248 3146 5305 οὖν
3195 5251 3426 5318 λέγομεν
3480 5250 3562 5300 ὅτι
3609 5247 3674 5313 τῇ
3736 5247 3899 5310 κοινῇ

2338 5355 2497 5422 φύσει
2538 5349 2718 5418 ὴνώθη
2771 5350 2799 5400 6
2847 5346 2978 5408 Θεὸς
3022 5346 3085 5414 τῇ
3141 5341 3455 5410 ἀνθρωπίνῃ
3503 5335 3684 5405 φύσει.
3749 5333 3816 5384 Ei.
3857 5331 3914 5420 δ’.

2337 5445 2396 5496 οὑ
2435 5442 2508 5512 μὴ
2530 5441 2721 5505 οὕτως,
2753 5437 3105 5509 εὑρεθήσεται
3135 5434 3209 5495 ὡς
3237 5433 3318 5483 ὅτι
3345 5430 3440 5499 ὅλη
3482 5430 3514 5496 ἡ
3546 5425 3675 5493 ἀγῐα
3721 5423 3904 5493 Τριάς

2339 5535 2435 5606 ὅλῃ
2487 5535 2553 5604 τῇ
2608 5529 2992 5603 ἀνθρωπότητι
3043 5525 3223 5597 ήνὼθη
3251 5538 3266 5555 ⁸
3298 5522 3410 5575 ἀλλ’
3446 5521 3502 5572 ὲν
3554 5516 3695 5585 ἰδικῇ
3737 5513 3906 5583 φύσει
