3982 6326
674 290 780 353 283

2079 306 2509 367 THEORIANI
2541 373 2548 384 κ

3785 304 3883 366 284

683 401 799 466 ipse
837 411 890 454 ct
937 401 1080 460 Deus
1115 416 1297 463 noster
1326 410 1572 484 Philippo
1605 414 1806 469 dixerat
1840 434 1852 470 :
1895 415 2060 470 Tanto
2111 429 2237 471 tem-

2344 417 2477 488 Θεὲς
2529 417 2705 488 ἡμῶν·
2731 416 2868 488 πρὶς
2900 417 2993 471 τὸν
3034 416 3298 470 Φίλιππον
3330 416 3518 486 εἴρηκε
3547 432 3560 446 ’
3593 413 3884 470 Τοσοῦτον

673 507 798 560 pore
826 495 1085 549 uobiscum
1137 515 1272 559 sum.
1301 513 1349 555 et
1396 505 1625 556 nondum
1665 511 1943 575 cognovisti
1977 527 2076 574 me,
2114 512 2238 566 Plii-

673 582 858 652 lippe?
895 585 1000 650 Qui
1030 588 1153 641 ruit
1208 607 1308 655 me,
1343 595 1472 646 vidit
1509 609 1556 648 ει
1589 597 1797 653 Patrem
1827 617 1995 654 meum
2017 604 2083 658 “.
2121 602 2236 660 Non

675 674 821 737 quod
859 672 1088 728 Verbum
1127 678 1333 748 absque
1358 696 1520 735 carne
1573 686 1816 740 viderent
1854 690 2100 755 apostoli,
2141 691 2236 745 sed

674 763 799 828 quia
868 756 1446 834 iuraruatum‘Deum,
1507 785 1564 828 ut
1599 792 1758 830 unum
1815 779 2235 850 indivisumque,

673 867 702 907 s
723 869 756 915 ει
797 854 1028 909 itirabat.

749 931 1016 996 P-zutcrca
1052 958 1296 1011 pastores
1319 950 1386 1002 ab
1409 953 1595 1020 angelo
1616 955 1893 1010 nuntiante
1911 959 2189 1013 audierunt
2218 978 2234 1016 :

683 1031 858 1086 Natus
896 1044 972 1087 est
1003 1038 1330 1094 uobis'hodie
1360 1041 1605 1096 Servatur
1629 1046 1692 1098 ".
1721 1046 1828 1099 Vos
1859 1064 2070 1118 quoque
2105 1052 2239 1105 fate-

676 1122 805 1174 mini
851 1123 1140 1181 bumanatn
1175 1141 1423 1185 naturam
1463 1134 1602 1187 haud
1630 1152 1750 1190 esse
1787 1138 2146 1205 Servatorem,
2186 1153 2240 1197 et

673 1211 910 1267 divinam
957 1227 1203 1273 naturam
1239 1223 1357 1275 sine
1390 1239 1554 1279 carne
1607 1227 1661 1280 in
1712 1231 1904 1282 mundo
1954 1246 2061 1284 non
2119 1247 2238 1286 esse

675 1315 853 1358 natam
891 1324 904 1360 :
938 1321 1181 1373 superest
1213 1311 1373 1379 igitur
1402 1323 1457 1368 ut
1479 1314 1822 1372 Servatorem
1855 1320 2032 1386 ipsum
2060 1324 2240 1388 appel-

675 1393 844 1447 lemus
875 1399 964 1464 qui
1010 1399 1075 1454 de
1113 1397 1330 1469 Virgine
1361 1417 1514 1460 natus
1548 1419 1650 1462 est.
1685 1409 1828 1464 Unus
1871 1426 1899 1466 a
1940 1413 2093 1466 nobis
2119 1431 2239 1469 cre-

677 1485 822 1539 ditur
847 1489 982 1555 ipse,
1011 1489 1162 1558 juxta
1185 1495 1305 1548 fidei
1330 1496 1696 1552 definitionem
1718 1516 1743 1553 a
1774 1505 1970 1556 sanctis
1990 1503 2237 1561 Patribus

679 1573 729 1626 in
763 1574 968 1644 Spiritu
1011 1592 1198 1637 sancto
1235 1582 1425 1638 Nicaeae
1455 1587 1798 1657 cettgrcgatis
1822 1592 2037 1655 editam,
2083 1595 2237 1648 Jesus

677 1663 950 1729 Christus,
994 1671 1321 1739 unigenitum
1371 1673 1626 1743 Verbum,
1681 1683 1856 1736 lumen
1903 1687 1967 1737 de
2011 1674 2230 1748 lumine.

677 1754 817 1812 Deus
839 1774 995 1843 verus
1018 1761 1084 1815 de
1115 1761 1222 1818 Deo
1252 1780 1399 1822 vero.
1443 1767 1718 1839 Velitnque
1758 1789 1849 1827 vos
1880 1777 2044 1841 probe
2072 1781 2233 1843 scire,
2270 1753 2308 1806 Β

670 1844 795 1900 Jesu
823 1841 1017 1905 nomen
1056 1869 1159 1908 non
1197 1858 1261 1910 de
1291 1858 1464 1912 divina
1495 1867 1862 1919 tantummodo
1890 1880 2077 1922 natura
2107 1873 2233 1935 dici,

671 1939 763 1991 sed
799 1939 864 1993 de
901 1942 1182 1998 incarnato
1219 1945 1346 2012 Deo,
1381 1949 1469 2016 qui
1503 1962 1585 2005 est
1626 1952 1781 2010 Jesus
1813 1957 2075 2013 Christus.
2116 1962 2230 2016 Alia

672 2027 897 2093 plurima
926 2019 1050 2096 stiut
1079 2033 1128 2086 iu
1162 2035 1358 2091 divinis
1394 2038 1707 2108 Scripturis,
1747 2061 1866 2114 qua;
1893 2049 2080 2120 dogma
2110 2067 2233 2120 pro-

675 2116 800 2170 bant
824 2137 836 2184 ;
862 2122 961 2176 sed
996 2138 1092 2176 nos
1119 2139 1287 2192 pauca
1318 2127 1429 2183 haec
1467 2135 1624 2185 verba
1651 2135 1798 2189 vobis
1830 2116 2142 2204 obtulimus,
2179 2152 2235 2196 ut

673 2215 1015 2277 cognoscatis
1047 2231 1147 2271 nos
1169 2218 1687 2288 inculpabiles,~cum
1721 2227 1889 2296 ipsqu
1917 2231 2236 2286 confitemur

672 2315 832 2356 unam
870 2319 990 2358 esse
1041 2306 1392 2376 bypostasim,
1434 2313 1483 2368 id
1515 2325 1595 2369 est
1635 2331 1791 2370 unam
1823 2319 2023 2375 Christi
2077 2332 2233 2376 natu-

669 2412 806 2449 rain.
832 2397 962 2452 Nam
996 2402 1059 2455 de
1091 2413 1285 2458 αιτιοι-ο
1318 2406 1518 2463 scimus
1547 2421 1600 2464 et
1622 2414 1911 2482 credimus,
1935 2432 1998 2470 ex
2026 2417 2232 2473 duabus

671 2485 844 2554 ipsum
875 2506 1000 2549 esse,
1037 2494 1338 2559 incenfuse,
1385 2498 1633 2566 indivise,
1696 2505 2120 2574 immutabiliter,
2152 2511 2235 2562 in-

668 2581 1111 2639 convertibiliter.
1153 2583 1316 2640 nunc
1363 2590 1634 2664 credimus
1661 2602 1814 2649 vetus
1851 2596 2026 2652 foedus
2079 2614 2232 2654 com-

671 2668 919 2738 plevisse,
952 2674 1118 2742 ’juxta
1172 2679 1553 2744 prophetarum
1601 2685 1878 2740 vaticinia.
1939 2689 2078 2743 Idem
2110 2705 2230 2745 cor-

671 2778 802 2829 pore
829 2764 1187 2822 circumcisus
1218 2779 1322 2835 est,
1380 2775 1521 2843 quod
1552 2785 1736 2832 nostro
1782 2781 1957 2835 simile
1988 2783 2230 2837 circum-

674 2852 875 2908 ferebat
902 2860 1141 2926 passioni
1175 2859 1461 2917 obnoxium
1499 2869 1725 2922 mortale
1755 2878 1806 2923 et
1828 2876 2178 2942 corruptibile
2214 2891 2228 2928 :

587 2941 597 2949 ’
675 2962 978 3016 quanquam
1020 2964 1209 3006 revera
1244 2970 1347 3008 non
1388 2957 1525 3019 sivit.
1557 2975 1775 3015 carnem
1821 2979 1970 3018 suam
2001 2968 2233 3034 experiri

669 3038 1095 3108 corruptionem.
1133 3041 1330 3099 Eadem
1361 3047 1416 3100 in
1464 3064 1628 3106 carne
1675 3052 1957 3122 jcjunavit,
2004 3066 2235 3113 tentato-

672 3145 783 3182 rcm
816 3135 1110 3202 superavit,
1133 3136 1391 3192 miracula
1420 3141 1749 3211 virtutesque
1773 3148 2024 3214 patravit,
2045 3163 2236 3216 passus

669 3231 776 3285 est,
812 3225 1138 3293 cruccﬂxus,
1183 3241 1461 3295 mortuus,
1494 3235 1757 3301 sepultus,
1808 3238 1960 3292 tertia
2008 3239 2238 3310 denique

673 3315 758 3369 die
793 3319 1107 3374 resurrexit.

746 3511 878 3577 Quia
907 3529 1036 3570 vero
1065 3519 1302 3572 nonnulli
1334 3535 1360 3573 a
1388 3523 1540 3575 nobis
1571 3524 1898 3589 existimant,
1927 3524 2236 3582 Passiouem

670 3605 937 3660 divinitati
971 3609 1205 3674 obtrudi,
1247 3613 1384 3679 quod
1420 3613 1557 3666 absit
1605 3628 1659 3666 ut
1695 3633 1925 3682 unquam
1961 3620 2235 3690 dicamus;

673 3697 760 3750 aio
795 3708 952 3762 'nos,
1010 3711 1168 3770 prout
1224 3703 1419 3757 divinze
1478 3703 1769 3771 Scriptura-
1817 3709 2010 3771 Stiietll,
2059 3711 2238 3762 dicere

678 3788 843 3842 licum
880 3805 1092 3858 passum
1123 3801 1176 3846 et
1206 3803 1499 3859 mortuum,
1541 3798 1694 3850 sicuti
1738 3806 1790 3850 et
1843 3798 2040 3851 Paulus
2073 3811 2238 3854 testa-

672 3886 778 3945 tur,
831 3884 924 3936 sed
979 3887 1030 3937 in
1064 3900 1226 3939 carne
1272 3888 1539 3950 humana;
1573 3891 1735 3942 veluti
1777 3901 1994 3944 sanctus
2024 3906 2236 3961 quoque

672 3969 902 4028 Basilius
937 3974 1225 4045 Cappadox
1263 3979 1336 4030 ait
1367 3995 1380 4032 :
1432 3976 1601 4033 Sicuti
1666 3967 1863 4034 ferrum
1895 3982 1997 4049 igni
2030 3967 2285 4048 unitur,’

672 4065 799 4132 quin
827 4073 1006 4119 tamen
1048 4068 1184 4136 ignis
1213 4084 1298 4130 ea,
1348 4085 1468 4138 qua‘.
1501 4069 1726 4136 ferrum,
1789 4073 2042 4140 patiatur.
2097 4074 2234 4127 Rur-

671 4171 768 4211 sus
816 4159 976 4213 sicuti
1037 4160 1214 4214 anima
1266 4161 1578 4230 incorpore
1620 4165 1808 4232 recipit
1865 4166 2234 4220 inﬁrmitatqu

672 4249 975 4316 passiones,
1036 4249 1255 4315 famem,
1287 4261 1538 4317 mortem,
1580 4254 1708 4322 quin
1747 4263 1920 4309 tamen
1963 4257 2138 4309 anima
2171 4257 2238 4310 ab

673 4339 757 4393 bis
788 4341 1043 4408 patiatur,
1070 4343 1190 4408 quia
1229 4343 1487 4410 spiritalis
1513 4355 1565 4397 et
1599 4346 2017 4415 incorruptibilis
2048 4358 2235 4400 natura

2303 511 2566 577 ’χρόνον
2616 511 2746 578 μεθ’
2794 508 2960 577 ὑμῶν
3012 511 3150 578 ειμι,
3208 508 3305 561 καὶ
3353 509 3464 559 οὐκ
3508 506 3768 571 ἔγνωκάς
3792 526 3882 574 με,

2340 601 2636 664 «ﬁnio-me;
2680 600 2732 651 Ὀ
2760 599 3028 665 ἑωρακὼς
3092 597 3215 663 ἐμὲ,
3247 595 3468 664 ἑώρακε
3505 596 3612 648 τὸν
3641 597 3882 665 Πατέρα.

2341 693 2450 759 (ὶὺχ
2483 693 2561 744 ὅτι
2588 691 2677 743 τὸν
2705 691 2878 758 Λόγον
2917 692 3044 745 ἄνευ
3093 693 3288 758 σαρκὸς
3342 687 3609 759 ἐθεώρουν
3657 689 3707 741 οἱ
3761 691 3886 742 ἀπέ-

2342 782 2538 846 στολοι,
2580 782 2711 834 ἀλλὰ
2749 782 2837 834 τὸν
2871 778 3292 850 σεσαρκωμένον
3343 777 3476 830 θεὸν
3529 777 3605 842 ὡς
3649 779 3744 830 ἕνα
3795 779 3881 830 καὶ

2340 873 2638 940 ἀμέριστον
2663 871 2875 942 ἐδήλου.

2412 962 2533 1016 ΙἘτι
2559 961 2615 1014 δὲ
2648 964 2697 1015 οἱ
2754 960 3020 1035 ποιμένες
3062 960 3166 1013 ὑπὸ
3201 959 3294 1012 τοῦ
3338 959 3573 1028 ἀγγέλου
3608 961 3887 1027 εὐαγγελι-

2338 1054 2554 1123 ζόμενοι
2581 1055 2775 1122 ἢκουον
2806 1068 2819 1083 ·
2849 1051 3144 1107 Γεννᾶται
3174 1052 3318 1119 ἡμῖν
3342 1053 3607 1120 σήμερον
3642 1050 3843 1116 Σωτήρ
3872 1068 3885 1083 ’

2339 1148 2434 1200 καὶ
2461 1147 2618 1214 ὑμεῖς
2659 1147 2989 1216 μαρτυρεῖτε
3020 1145 3107 1197 ὅτι
3146 1146 3177 1214 ἠ
3211 1143 3532 1214 ἀνθρωπίνη
3572 1141 3735 1210 φύσις
3781 1143 3889 1194 Σω-

2336 1244 2439 1313 τὴρ
2476 1244 2576 1295 οὑκ
2621 1241 2763 1306 ἐστι,
2799 1241 2896 1295 καὶ
2944 1243 2974 1309 ἡ
3009 1240 3129 1293 θεία
3163 1246 3324 1308 φύσις
3366 1241 3494 1292 ἄνευ
3538 1238 3743 1307 σαρκὸς
3794 1237 3886 1288 οὐκ

2339 1335 2642 1406 ἐγεννήθη·
2679 1333 2865 1390 λοιπὸν
2921 1335 3017 1388 ἕνα
3076 1336 3301 1403 Σωτῆρα
3353 1331 3517 1386 αὑτὸν
3569 1330 3758 1383 καλεῖν
3803 1326 3887 1379 τὸν

2339 1429 2667 1498 γεννηθέντα
2721 1430 2785 1481 ὲκ
2836 1417 2936 1497 τῆς
2995 1426 3292 1497 Παρθένου.
3366 1425 3504 1476 Ἕνα
3564 1420 3887 1488 πιστεύομεν

2339 1521 2503 1572 αὑτὸν
2559 1521 2701 1572 κατὰ
2747 1519 2835 1571 τὸν
2881 1522 3006 1585 ὅρον
3054 1517 3156 1584 τῆς
3204 1517 3441 1578 πίστεως
3473 1515 3566 1567 τὸν
3601 1513 3890 1565 ἐκτεθέντα

2339 1610 2442 1660 ὑπὸ
2481 1608 2588 1661 τῶν
2618 1609 2676 1659 ὲν
2710 1607 2848 1675 ἁγίῳ
2875 1606 3147 1672 [Ινεύματι
3180 1604 3575 1671 ἀθροισθέντων
3601 1604 3657 1655 ὲν
3687 1601 3891 1669 Nimia

2337 1697 2511 1764 ἁγίων
2553 1694 2813 1766 Πατέρων
2839 1711 2851 1723 ·
2901 1695 3102 1763 Ἰησοῦς
3129 1695 3361 1763 Χριστὸς
3380 1691 3674 1761 μονογενὴς
3697 1690 3889 1757 Λόγος,

2343 1789 2456 1856 φῶς
2497 1790 2560 1841 ὲκ
2592 1787 2791 1854 φωτὸς,
2845 1787 2976 1847 Θεὸς
3025 1784 3278 1855 ἀληθινὸς
3333 1785 3394 1836 ἑκ
3442 1782 3575 1836 Θεοῦ
3611 1781 3888 1850 ἀληθινοῦ.

2345 1881 2452 1933 Καὶ
2481 1879 2657 1939 καλῶς
2687 1877 2982 1946 γινώσκετε
3010 1877 3090 1929 ὅτι
3122 1875 3182 1928 τὸ
3229 1874 3436 1944 Ἰησοῦς
3471 1874 3640 1942 ὄνομα
3670 1872 3775 1924 οὑκ
3806 1872 3894 1922 ἐπὶ

2338 1970 2403 2036 τῇ
2433 1966 2552 2036 θείᾳ
2582 1965 2742 2034 φύσει
2771 1964 2903 2032 μόνη
2952 1963 3312 2031 ὁμολογεῖται,
3341 1960 3461 2014 ἀλλ’
3495 1961 3586 2013 ἐπὶ
3632 1959 3769 2010 Θεὸν
3816 1975 3895 2009 σε·

2341 2057 2715 2126 σαρκωμένον,
2754 2055 2811 2116 ὃς
2844 2055 2990 2106 ἐστιν
3023 2051 3227 2120 Ἰησοῦς
3268 2051 3522 2120 Χριστός.
3574 2052 3680 2102 Καὶ
3731 2049 3894 2117 ἕτερα

2340 2147 2573 2201 πλεῖστά
2607 2147 2744 2198 εἰσιν
2778 2147 2833 2198 ἐν
2866 2146 2984 2208 ταῖς
3011 2143 3185 2204 θείαις
3216 2142 3459 2212 Γραφαῖς
3487 2141 3644 2194 τοῦτο
3667 2139 3893 2210 δηλοῦν-

2338 2256 2443 2291 ταο
2475 2235 2651 2289 ταῦτα
2705 2237 2772 2288 τὰ
2824 2233 3077 2301 ὀλιγοστὰ
3133 2233 3351 2304 ῥήματα
3395 2233 3705 2313 ἠνέγκαμεν
3745 2233 3894 2300 ὑμῖν,

2339 2331 2480 2400 πρὸς
2553 2328 2613 2381 τὸ
2668 2328 2871 2394 γνῶναι
2918 2327 3001 2380 ὅτι
3053 2325 3220 2377 ἀθῶοι
3279 2327 3444 2393 ἐσμεν
3507 2321 3895 2392 ὁμολογοῦντες

2338 2423 2499 2478 αὑτὸν
2535 2421 2664 2490 μίαν
2696 2419 3014 2482 ὑπόστασιν,
3045 2419 3209 2487 ἧγουν
3249 2415 3378 2485 μίαν
3407 2415 3592 2482 φύσιν,
3632 2413 3724 2465 τὸν
3767 2414 3896 2482 Χρι-

2340 2513 2486 2564 στόν.
2539 2509 2648 2564 Καὶ
2696 2509 2805 2580 γὰρ
2835 2508 3178 2577 γινώσκομεν
3209 2506 3299 2559 καὶ
3341 2505 3671 2574 πιστεύομεν
3701 2507 3790 2558 ὅτι
3835 2507 3896 2554 ἐκ

2335 2603 2430 2656 δύο
2474 2601 2622 2654 ἑστιν
2674 2600 2998 2670 ἀσυγχύτως
3033 2601 3130 2652 καὶ
3163 2596 3482 2668 ἀμερίστως
3541 2596 3636 2650 καὶ
3683 2596 3896 2664 ἀμετα-

2337 2697 2549 2767 ϐλήτως
2578 2696 2672 2748 καὶ
2695 2693 3147 2765 ἀμετατρέπτως.
3189 2690 3392 2742 Τοῦτον
3433 2687 3767 2756 πιστεύομεν
3799 2686 3900 2754 τὴν

2339 2788 2578 2842 παλαιὰν
2630 2786 3052 2857 πεπληρωκέναι
3103 2783 3244 2836 κατὰ
3277 2782 3376 2843 τὰς
3421 2781 3759 2850 προρρήσεις
3793 2776 3900 2828 τῶν

2340 2875 2658 2945 προφητῶν,
2696 2876 2786 2926 καὶ
2835 2871 3174 2944 περιετμήθη
3220 2870 3296 2939 τῷ
3334 2867 3572 2938 σώματι,
3630 2864 3698 2937 [ὃ]
3759 2864 3899 2949 καθὰ

2339 2972 2433 3024 καὶ
2479 2970 2543 3023 τὸ
2591 2967 2862 3039 ἡμέτερον
2924 2963 3169 3033 παθητὸν
3249 2960 3440 3031 θνητὸν
3509 2959 3602 3012 καὶ
3657 2956 3902 3026 φθαρτὸν

2338 3063 2525 3132 ἐφόρει
2564 3076 2576 3089 ·
2615 3061 2707 3114 καὶ
2765 3058 2874 3110 οὐδ’
2928 3054 3260 3124 ἐγκατέλιπε
3311 3053 3412 3123 τὴν
3466 3049 3659 3104 ἑαυτοῦ
3712 3048 3903 3119 σάρκα

2341 3155 2468 3207 [δεῖν
2495 3151 2794 3220 διαφθοράν
2828 3166 2840 3180 ·
2878 3148 2971 3203 καὶ
3001 3148 3060 3200 ὲν
3107 3149 3244 3216 αὑτῇ
3278 3148 3343 3216 τῇ
3378 3143 3539 3212 σαρκὶ
3595 3137 3905 3209 νηστεύσας

2338 3251 2432 3300 καὶ
2466 3243 2783 3317 πειρασθεὶς
2826 3244 2918 3296 καὶ
2953 3242 3180 3310 νικήσας
3233 3238 3452 3291 ἐτέλεσε
3487 3235 3749 3302 θαύματα
3807 3233 3901 3283 καὶ

2336 3338 2617 3406 δυνάμεις,
2643 3336 2738 3389 καὶ
2764 3333 2984 3397 ἔπαθεν,
3009 3329 3353 3402 ἐσταυρώθη,
3379 3327 3669 3390 ἀπέθανεν,
3693 3323 3904 3391 ὶτάφη,

2338 3427 2429 3480 καὶ
2459 3415 2656 3495 ἀνέστη
2696 3425 2895 3493 τριήμε
2907 3439 3018 3492 ρος.
3703 3417 3706 3424 ’

2421 3518 2572 3570 Ἐπεὶ
2592 3517 2648 3569 δὲ
2674 3511 2773 3568 ὧδέ
2799 3532 2944 3577 τινες
2975 3513 3096 3566 καθ’
3119 3511 3278 3581 ἡμῶν
3302 3506 3789 3578 ὑπολαμϐάνουσιν
3823 3504 3903 3555 εει

2339 3611 2508 3670 πάθος
2559 3611 2624 3679 τῇ
2675 3607 2887 3677 Θεὸτητι
2935 3605 3319 3676 προσάγομεν,
3363 3603 3500 3675 ὅπερ
3559 3597 3631 3666 μὴ
3684 3599 3904 3664 γένοιτο

2338 3701 2471 3767 ἡμῖν
2528 3695 2743 3764 λέγεινῐ
2798 3694 2915 3748 ἀλλ’
2977 3693 3165 3760 ὥσπερ
3222 3691 3407 3744 καὶαι
3459 3689 3598 3741 θεῖαι
3656 3686 3902 3755 Γραφαὶ,

2337 3770 2478 3842 οὑτω
2505 3789 2758 3856 λέγομεν,
2792 3788 2875 3839 ὅτι
2907 3784 3074 3838 ἔπαθε
3118 3783 3248 3844 Θεὸς
3276 3783 3370 3835 καὶ
3409 3779 3700 3841 ἀπέθανεν,
3753 3775 3902 3826 καθὰ

2338 3881 2431 3931 καὶ
2491 3878 2699 3939 Παῦλος
2775 3877 3060 3945 μαρτυρεῖ,
3127 3872 3242 3926 ἀλλ’
3307 3875 3363 3924 ἐν
3435 3874 3499 3940 τῇ
3567 3867 3894 3935 ἀνθρωπίνη

2339 3973 2524 4040 σαρκὶ,
2567 3969 2709 4022 καθά
2737 3986 2867 4034 φησι
2903 3970 2996 4019 καὶ
3050 3968 3077 4019 6
3108 3966 3274 4032 ’ἆγιος
3329 3961 3607 4021 Βασίλειος
3659 3961 3904 4010 Καππα-

2337 4062 2541 4123 δοκίας,
2576 4079 2592 4110 ι
2637 4058 2832 4120 Καθὼς
2856 4059 2882 4109 6
2904 4056 3144 4125 σίδηρος,
3168 4053 3364 4119 λέγων,
3389 4050 3467 4118 τῷ
3497 4050 3630 4117 πυρὶ
3653 4048 3902 4106 ἑνοῦται,

2338 4153 2432 4204 καὶ
2464 4152 2524 4203 οὑ
2554 4151 2616 4201 τὸ
2650 4149 2760 4218 πῦρ
2794 4148 2996 4218 πάσχει
3049 4147 3147 4198 ὅσα
3208 4144 3300 4196 καὶ
3344 4143 3587 4212 σίδηρος.
3615 4157 3632 4190 ι
3684 4137 3904 4197 "ante;

2336 4260 2394 4295 τε
2457 4241 2597 4296 καθὰ
2650 4241 2797 4312 ψυχὴ
2838 4242 2896 4294 ὲν
2940 4224 3152 4305 σώματι
3206 4235 3420 4304 δέχεται
3473 4235 3541 4284 τὰ
3593 4229 3743 4298 πάθη
3793 4228 3903 4279 τῶν

2339 4333 2659 4397 ἀσθενειῶν,
2691 4333 2782 4385 τὸν
2815 4330 2994 4401 λιμὸν,
3030 4330 3124 4383 καὶ
3161 4329 3251 4380 τὸν
3283 4327 3534 4388 θάνατον,
3573 4323 3667 4375 καὶ
3709 4321 3905 4374 οὑκέτι

670 4441 798 4498 est;
842 4422 921 4489 sie
971 4449 1089 4487 cum
1123 4433 1289 4489 Paulo
1322 4435 1554 4489 fatemur
1609 4436 1772 4503 Deum
1833 4448 2053 4492 mortem
2105 4453 2233 4508 gus-

2341 4428 2371 4495 ἡ
2405 4424 2554 4496 ψυχὴ
2584 4425 2647 4477 ἐκ
2677 4422 2884 4476 τούτων
2924 4421 3148 4491 πάσχει,
3171 4419 3320 4477 ,διότι
3353 4419 3699 4485 πνευματικὴ
3733 4419 3904 4480 φύσις

672 4534 838 4591 lasso,
875 4526 1004 4595 quin
1055 4526 1171 4594 ejus
1204 4528 1457 4582 divinitas
1521 4529 1813 4597 quidquam
1850 4545 2002 4598 passa
2057 4530 2234 4584 fuerit.

670 4615 840 4670 Porro
870 4614 1066 4671 sullicit
1117 4618 1476 4691 nobismagni
1527 4619 1690 4688 hujus
1736 4621 1834 4673 viri
1872 4622 2234 4674 testimonimu

670 4705 821 4777 (quin
851 4708 1006 4777 plura
1035 4710 1359 4779 scrutemur)
1400 4710 1489 4778 qui
1547 4724 1718 4777 usque
1753 4709 1816 4762 ad
1879 4709 2093 4762 tertium
2124 4724 2239 4765 cm-

671 4798 800 4864 lum,
833 4807 889 4852 ut
920 4809 1121 4866 narrat,
1162 4801 1402 4855 sublatus
1450 4802 1656 4855 audivit
1707 4799 2023 4873 ineffabilia.
2064 4799 2236 4854 Simul

671 4893 1016 4948 meminimus
1051 4908 1080 4946 a
1139 4902 1324 4948 sancto
1384 4892 1546 4947 Paulo
1586 4907 1925 4946 communem
1984 4902 2228 4945 naturam
2269 4941 2272 4944 .

671 4984 927 5052 appellari
955 4993 1007 5037 et
1045 4985 1312 5052 propriam
1342 5001 1355 5036 :
1386 4986 1601 5054 propria
1649 5001 1774 5039 vero
1836 4995 2028 5038 natura
2063 4986 2235 5054 bypo-

670 5076 861 5128 stasitn
890 5075 1178 5145 signiﬁcat.
1218 5075 1564 5147 Nequaquam
1609 5077 1770 5146 igitur
1794 5077 2043 5142 dicimus,
2065 5077 2228 5130 Deum

670 5167 945 5220 communi
998 5177 1189 5222 natura
1242 5169 1448 5223 unitum
1505 5185 1628 5223 esse
1684 5171 1930 5223 humanae
2004 5177 2228 5223 naturze.

670 5258 824 5322 Quod
873 5259 972 5313 nisi
1031 5261 1102 5314 ita
1154 5261 1266 5326 sit,
1326 5271 1432 5315 tota
1485 5262 1723 5316 Trinitas
1767 5264 1858 5316 toti
1911 5262 2230 5316 humanitati

670 5348 816 5400 unita
885 5349 1106 5416 fuisset;
1158 5367 1278 5406 cum
1327 5363 1512 5405 contra
1585 5368 1771 5421 reapse
1806 5353 1854 5406 in
1889 5352 2098 5422 propria
2133 5367 2229 5403 na-

674 5448 792 5493 tura
843 5439 1078 5496 Verbum
1113 5443 1450 5512 hypostatice
1500 5446 1651 5498 carni
1687 5445 1894 5498 unitum
1938 5444 2122 5498 fuerit.
2169 5442 2234 5496 Et.

673 5545 770 5587 vos
829 5548 1062 5604 quoque,
1098 5536 1174 5590 uti
1218 5551 1274 5592 se
1336 5553 1421 5591 res
1460 5538 1639 5599 habet,
1695 5554 1758 5591 cx
1813 5537 2016 5593 duabus
2073 5552 2230 5590 unam

756 5688 804 5721 “
841 5686 996 5744 Joan.
1037 5690 1239 5758 XIV,'9.
1319 5691 1359 5721 "
1401 5691 1538 5747 Luc.
1569 5708 1626 5759 tt,
1666 5692 1748 5747 ll.

2334 4519 2450 4570 ἐστὶ
2479 4518 2570 4569 καὶ
2602 4516 2895 4584 ἄφθαρτος,
2930 4512 3073 4566 οὕτω
3105 4512 3242 4581 μετὰ
3277 4510 3486 4562 Παύλου
3521 4503 3904 4575 ὁμολογοῦμεν

2334 4610 2414 4662 ὅτι
2470 4607 2601 4668 Θεὸς
2651 4608 2917 4672 ἐγεύσατο
2956 4602 3210 4660 θανάτου.
3266 4598 3399 4678 p.136"
3421 4598 3557 4659 ὅλως
3609 4593 3904 4658 παθούσης

2334 4701 2432 4769 τῆς
2490 4699 2657 4752 αὑτοῦ
2715 4698 2991 4766 θεότητος.
3039 4695 3245 4756 Ἱκανὸς
3293 4695 3424 4763 ἡμῖν
3468 4694 3618 4744 ἐστιν
3670 4684 3835 4750 οὗτος
3876 4688 3903 4737 6

2340 4793 2513 4864 μέγας
2540 4792 2617 4854 εἱς
2659 4791 2986 4860 μαρτυρίαν,
3038 4788 3066 4840 6
3115 4787 3208 4840 καλ.
3265 4784 3369 4845 ἕως
3417 4782 3601 4852 τρίτου
3653 4778 3900 4850 ούρανοῦ

2339 4884 2565 4950 ἀναϐὰς,
2618 4885 2712 4937 καὶ
2752 4883 2820 4936 τὰ
2856 4883 3069 4954 ἄρρητα
3121 4878 3360 4940 ἀκούσας
3414 4874 3509 4929 τοῦ
3561 4875 3766 4935 εἰπεῖν,
3824 4871 3901 4930 ὡς

2339 4979 2552 5048 εἴρηκε,
2595 4977 2690 5031 καὶ
2723 4976 2886 5029 πλέον
2918 4974 2992 5046 μὴ
3025 4974 3272 5044 ὲρευνᾷν.
3304 4971 3407 5023 Σὺν
3440 4967 3648 5029 τούτοις
3689 4965 3905 5029 ὑπομι-

2342 5074 2659 5142 μνήσκομεν
2729 5071 2811 5123 ὅτι
2864 5071 2891 5123 ό
2949 5069 3104 5136 ἆγιος
3173 5065 3387 5128 Παῦλος
3471 5061 3656 5129 κοινὴν
3730 5058 3903 5127 φύσιν

2339 5165 2520 5240 [φησὶ]
2576 5167 2670 5218 καὶ
2718 5164 2894 5232 ιδικήν
2923 5180 2934 5192 ·
2971 5161 3064 5214 καὶ
3094 5158 3235 5228 ιδικὴ
3277 5157 3376 5227 μὲν
3415 5155 3578 5224 φύσις
3612 5151 3715 5220 τὴν
3761 5149 3903 5202 ὑπό-

2337 5277 2527 5314 στασιν
2581 5258 2750 5326 δηλοῖ.
2798 5254 2995 5308 Οὑκέτι
3052 5247 3145 5304 οὖν
3195 5250 3426 5318 λέγομεν
3479 5250 3562 5299 ὅτι
3608 5246 3674 5313 τῇ
3735 5247 3900 5310 κοινῇ

2337 5353 2497 5421 φύσει
2537 5348 2718 5418 ἡνώθη
2770 5349 2799 5399 6
2847 5345 2978 5407 Θεὸς
3021 5346 3084 5414 τῇ
3141 5340 3455 5409 ἀνθρωπίνῃ
3502 5335 3682 5404 φύσει.
3748 5333 3815 5384 Εἰ
3857 5332 3913 5420 δ’.

2337 5445 2395 5495 οὑ
2435 5442 2508 5511 μὴ
2530 5440 2721 5504 οὑτως,
2752 5437 3104 5508 εὑρεθήσεται
3134 5433 3208 5495 ὡς
3235 5433 3317 5483 ὅτι
3345 5430 3439 5498 ὅλη
3481 5429 3514 5496 ἡ
3546 5424 3673 5492 ἀγῐα
3720 5423 3904 5492 Τριὰς

2339 5535 2434 5606 ὅλῃ
2487 5535 2554 5604 τῇ
2607 5528 2991 5602 ἀνθρωπότητι
3042 5525 3222 5596 ἠνώθη
3250 5537 3266 5554 ⁶
3297 5521 3409 5574 ἀλλ’
3445 5520 3501 5572 ὲν
3553 5515 3694 5584 ἰδικῇ
3735 5513 3907 5583 φύσει
