3982 6326
702 298 808 362 283

2109 325 2538 388 THEORIANI
2570 395 2575 405 ,

3810 334 3899 397 281

710 409 826 474 ipse
865 420 917 464 ct
965 411 1108 470 Deus
1143 428 1325 475 noster
1355 422 1599 498 Philippo
1634 429 1833 484 dixem!
1868 450 1880 486 :
1922 432 2088 488 Tanto
2139 447 2236 489 tem

2371 437 2504 507 Θεὸς
2556 439 2732 508 ἡμῶν·
2759 439 2895 511 πρὸς
2927 440 3020 495 τὸν
3061 441 3326 496 Φίλιππον
3358 443 3545 512 εἴρηκε
3574 461 3588 474 ο
3622 442 3899 501 Τοσοῦτον

699 515 825 567 pore
853 504 1112 558 uobiscum
1163 526 1299 571 sum.
1328 525 1376 567 et
1424 519 1652 571 nandum
1692 527 1970 590 cognovisti
2004 544 2102 592 me,
2141 530 2265 584 Plii-

699 589 884 659 lippef
922 594 1026 659 Qui
1056 599 1180 652 cidit
1234 619 1334 666 me,
1369 607 1498 659 vidit
1535 623 1582 662 et
1615 589 1823 669 Patrem
1852 633 2020 671 meum
2043 589 2109 675 η’.
2146 620 2262 678 Νοιι

700 682 847 745 quod
885 681 1114 738 Verbum
1153 689 1358 771 absque
1383 709 1545 749 carne
1599 700 1841 755 viderent
1879 707 2126 771 apostoli,
2167 709 2261 763 sed

699 771 824 835 quia
893 769 1470 847 inrarnalum‘Deum,
1533 799 1588 842 ut
1623 806 1782 846 unuut
1840 795 2259 868 indivisumque,

697 874 726 914 Β
747 877 780 922 α
822 863 1052 918 ilit‘abat.

773 940 1040 1006 Ptzutcrca
1075 969 1319 1022 pastores
1343 963 1410 1016 ab
1433 966 1618 1033 angelo
1640 970 1916 1026 nuntiante
1934 976 2213 1031 audierunt
2241 997 2257 1034 :

705 1038 882 1094 Nam:
919 1054 995 1097 est
1025 1048 1353 1106 uobis'hodie
1382 1053 1628 1109 Servatur
1651 1060 1715 1113 ".
1745 1061 1850 1115 Vos
1882 1080 2092 1135 quoque
2128 1069 2262 1123 fate-

698 1130 828 1181 mini
874 1132 1162 1191 humanum
1197 1152 1445 1197 naturam
1485 1147 1624 1201 haud
1652 1166 1772 1206 esse
1809 1154 2168 1223 Servatorem,
2208 1171 2262 1216 et

695 1219 932 1276 divinam
979 1237 1225 1284 naturam
1261 1235 1379 1287 sine
1411 1252 1576 1292 carne
1628 1242 1682 1294 in
1734 1247 1926 1298 mundo
1976 1263 2082 1301 non
2141 1265 2260 1305 esse

696 1323 874 1366 natam
912 1333 925 1369 :
959 1331 1202 1382 superest
1235 1323 1394 1390 igitur
1423 1336 1478 1382 ut
1500 1327 1842 1387 Servatorem
1876 1337 2053 1402 ipsum
2081 1342 2260 1406 appel-

696 1400 864 1455 lemus
895 1408 984 1474 qui
1031 1410 1094 1464 de
1133 1409 1350 1480 Virgine
1381 1430 1534 1473 natus
1568 1433 1669 1476 est.
1705 1424 1848 1479 Unus
1961 1430 2113 1484 nobis
2139 1449 2259 1487 cre-

697 1492 842 1547 ditur
866 1497 1001 1564 ipse,
1030 1499 1181 1568 juxta
1205 1506 1324 1560 fidei
1349 1508 1716 1566 definitionem
1737 1531 1763 1568 a
1793 1521 1990 1572 sanctis
2010 1521 2257 1579 Patribus

697 1580 748 1634 iu
781 1582 987 1653 Spiritu
1029 1603 1217 1648 sancto
1253 1593 1444 1650 Nicaea!
1473 1600 1817 1671 cungrcgatis
1841 1608 2056 1672 editam,
2101 1612 2256 1667 Jcsns

695 1671 968 1738 Christus.
1013 1681 1340 1750 unigenitum
1389 1686 1644 1757 Verbum,
1699 1697 1874 1752 lumen
1922 1703 1985 1754 de
2029 1692 2248 1766 lumine.

694 1762 834 1820 Deus
856 1783 1012 1824 verus
1035 1771 1101 1826 de
1133 1773 1240 1829 Deo
1270 1792 1417 1834 vero.
1461 1781 1736 1854 Velitnque
1776 1804 1867 1842 vos
1898 1794 2062 1858 probe
2090 1798 2250 1861 scire,
2288 1773 2326 1825 Β

686 1851 812 1908 Iesu
840 1873 1034 1915 nomen
1073 1879 1176 1918 non
1213 1869 1278 1921 de
1307 1870 1481 1925 divina
1512 1883 1879 1934 tantummodo
1907 1896 2094 1939 natura
2124 1890 2250 1954 dici,

687 1947 779 1999 sed
815 1947 881 2002 de
917 1951 1198 2034 incaruato
1235 1957 1362 2024 Deo,
1397 1962 1485 2028 qui
1519 1975 1601 2019 est
1642 1966 1798 2025 .lesus
1829 1973 2091 2030 Christus.
2133 1980 2246 2034 Alia

688 2035 912 2101 pluriuva
941 2029 1065 2096 Stlut
1095 2044 1143 2096 itt
1177 2046 1374 2103 divinis
1409 2050 1723 2123 Scripturis,
1763 2077 1882 2129 qua:
1908 2065 2096 2136 dogma
2125 2085 2248 2138 pro-

690 2124 814 2178 bant
839 2145 850 2192 ;
877 2131 976 2184 sed
1011 2148 1107 2186 nos
1133 2149 1302 2202 pauca
1333 2139 1444 2196 haec
1482 2149 1639 2199 verba
1666 2150 1812 2204 vobis
1845 2154 2157 2222 obtulimus,
2193 2171 2249 2214 ut

687 2224 1029 2284 cognoscatis
1061 2242 1161 2281 nos
1183 2229 1552 2301 inculpabiles,
1582 2252 1701 2292 cum
1735 2242 1904 2310 ipsum
1932 2249 2250 2304 confitemur

686 2323 845 2362 unam
883 2328 1003 2367 esse
1055 2316 1406 2388 hypostasim,
1448 2325 1497 2380 id
1529 2339 1608 2382 est
1648 2346 1804 2385 unam
1837 2335 2036 2392 Christi
2090 2350 2247 2394 natu-

683 2419 818 2457 ram.
845 2405 975 2462 Nam
1008 2411 1072 2465 de
1104 2424 1297 2469 cmtero
1331 2419 1530 2476 scimus
1560 2434 1612 2478 et
1635 2429 1924 2498 credimus,
1947 2448 2010 2486 ex
2039 2434 2245 2492 duabus

682 2493 856 2561 ipsum
887 2515 1008 2554 esse
1049 2504 1350 2571 iucoufuse,
1397 2510 1645 2580 indivise,
1708 2520 2132 2591 itnmutabiliter,
2164 2529 2248 2581 in-

680 2590 1123 2650 convertibiliter.
1165 2595 1327 2652 iiunc
1374 2603 1646 2677 credimus
1673 2617 1825 2665 vetus
1862 2611 2037 2669 foedus
2091 2590 2243 2672 com-

681 2676 930 2745 plcvisse,
962 2683 1128 2752 ‘juxta
1183 2691 1564 2756 prophetarum
1613 2701 1889 2756 vaticinia.
1950 2705 2089 2760 Idem
2121 2724 2241 2763 cor-

681 2785 812 2836 pore
839 2773 1197 2834 circumcisus
1228 2791 1332 2847 est,
1390 2789 1532 2856 quod
1561 2800 1746 2847 nostro
1792 2796 1967 2851 simile
1998 2800 2240 2854 circum-

683 2860 884 2917 ferebat
913 2870 1150 2935 passioui
1184 2871 1470 2930 obnoxium
1508 2885 1735 2937 mortale
1764 2894 1815 2939 et
1837 2894 2187 2959 corruptibile
2224 2911 2236 2947 :

597 2948 606 2956 ’
684 2970 986 3025 quanquam
1029 2974 1217 3017 revera
1253 2983 1356 3020 non
1397 2969 1534 3032 sivit~
1566 2988 1784 3030 carnem
1830 2995 1979 3034 suam
2010 2986 2242 3050 experiri

677 3047 1103 3116 corruptionem.
1141 3051 1338 3111 Eadem
1369 3060 1424 3113 in
1473 3078 1636 3120 carne
1683 3067 1965 3138 jejunavit,
2013 3047 2243 3131 tentato-

680 3152 791 3191 rcm
823 3146 1117 3212 superavit,
1141 3148 1399 3205 miracula
1428 3155 1756 3226 virtutesque
1780 3165 2032 3229 patravit,
2052 3181 2243 3234 passus

676 3239 783 3293 est,
818 3234 1145 3304 cruccflxus,
1191 3253 1468 3308 .mortuus,
1501 3249 1763 3315 sepultus,
1815 3255 1968 3307 tertia
2015 3257 2245 3327 denique

679 3323 764 3377 die
799 3329 1113 3384 resurrexit.

751 3519 883 3585 Quia
912 3539 1041 3580 vero
1070 3531 1306 3584 nonnulli
1339 3547 1365 3585 ιι
1393 3536 1545 3588 nobis
1577 3539 1903 3604 existimant,
1933 3541 2240 3600 Passiouetu

675 3613 941 3670 divinitati
976 3620 1209 3685 obtrudi,
1250 3626 1388 3690 quod
1424 3627 1561 3679 absit
1609 3642 1663 3681 ιιι
1699 3649 1930 3698 unquam
1966 3636 2239 3703 dicamus;

677 3705 764 3757 aio
799 3716 956 3771 'nos,
1014 3722 1172 3780 prout
1227 3715 1422 3770 divina:
1481 3717 1772 3785 SCl‘lplUl'il!
1820 3725 2013 3788 Sttleltl,
2063 3729 2241 3780 dicere

681 3795 846 3851 llcum
883 3814 1094 3867 passum
1125 3813 1178 3857 et
1209 3815 1501 3872 mortuum,
1543 3811 1697 3864 sicuti
1741 3821 1793 3866 et
1845 3814 2042 3867 Paulus
2076 3828 2240 3872 testa-

674 3894 780 3952 tur,
833 3893 927 3945 sed
981 3896 1032 3947 in
1066 3911 1228 3950 carne
1274 3900 1541 3964 humana;
1576 3906 1737 3957 veluti
1779 3917 1996 3960 sanctus
2026 3924 2238 3979 quoque

674 3977 904 4037 Basilius
939 3983 1226 4055 Cappadox
1265 3991 1338 4042 ait
1367 4008 1381 4044 :
1433 3989 1602 4046 Siculi
1668 3983 1864 4049 ferrum
1897 3997 1998 4064 igni
2031 3977 2287 4066 unitur,’

673 4073 800 4139 quin
828 4082 1007 4129 tamen
1049 4079 1185 4146 ignis
1214 4095 1298 4142 ea.
1349 4098 1468 4151 qum.
1502 4083 1726 4151 ferrum,
1790 4089 2042 4154 patiatur.
2098 4091 2235 4144 [iur-

672 4180 768 4218 sus
817 4167 976 4222 sicuti
1037 4171 1214 4226 anima
1266 4174 1319 4227 in
1352 4189 1578 4244 corpore
1619 4179 1808 4247 recipit
1865 4181 2234 4238 inlirmitatum

673 4257 975 4323 passiones,
1036 4259 1254 4326 famem,
1286 4274 1537 4332 mortem,
1580 4269 1707 4336 quin
1746 4278 1920 4326 tamen
1963 4274 2138 4327 anima
2170 4277 2237 4328 ab

672 4346 757 4401 his
787 4349 1042 4416 patiatur,
1069 4354 1189 4418 quia
1227 4356 1486 4422 spiritalis
1511 4369 1563 4412 et
1597 4361 2016 4431 iucorruptibilis
2046 4376 2233 4418 natura

2269 3111 2310 3169 Ο

2330 531 2592 596 ’χρόνον
2642 533 2773 600 μεθ’
2822 531 2986 600 ὑμῶν
3039 535 3176 602 ειμι,
3235 534 3331 587 καὶ
3380 536 3491 587 οὐκ
3535 535 3898 604 ἕν’ωκάςμεν

2366 621 2662 685 φι’.1ιππε;
2707 622 2758 673 Ὀ
2786 621 3054 688 ἑωρακὼς
3117 622 3241 687 ἐμὲ,
3273 623 3494 691 ἑώρακε
3532 624 3639 676 τὸν
3667 627 3897 694 Πατέρα.

2366 712 2476 779 (ιύχ
2508 714 2587 764 ὅτι
2613 712 2702 764 τὸν
2731 714 2903 780 Λόγον
2943 716 3069 768 ἄνευ
3118 718 3314 784 σαρκὸς
3368 715 3635 787 ἐθεώρουν
3682 719 3732 769 οἱ
3784 721 3901 773 ἀπόο

2367 802 2563 866 στολοι,
2605 803 2736 856 ἀλλὰ
2773 804 2862 856 τὸν
2896 803 3316 874 σεσαρκωμένον
3369 804 3501 856 Θεὸν
3554 805 3630 870 ώς
3674 807 3767 859 ἕνα
3817 810 3896 860 καὶ

2364 893 2662 960 ἀμέριστον
2687 894 2899 964 ἐδήλου.

2436 982 2556 1036 Ἔτι
2582 983 2638 1035 δὲ
2672 985 2720 1036 ot
2778 983 3044 1059 ποιμένες
3085 985 3189 1037 ὑπὸ
3224 985 3318 1038 τοῦ
3362 987 3597 1054 ἀγγέλου
3631 989 3901 1056 εὐαγγελι-

2361 1073 2576 1143 ζόμενοι
2604 1075 2798 1143 ἤκουον
2829 1091 2842 1106 ·
2871 1075 3167 1131 Γεννᾶται
3197 1077 3340 1145 ἡμῖν
3365 1079 3630 1146 σήμερον
3664 1080 3860 1146 Σωτήρ
3887 1098 3899 1113 ο

2361 1168 2455 1220 καὶ
2484 1167 2640 1234 ὑμεῖς
2682 1171 3010 1239 μαρτυρεῖτε
3043 1170 3129 1221 ὅτι
3168 1171 3200 1238 ἡ
3233 1170 3554 1241 ἀνθρωπίνη
3593 1170 3756 1238 φύσις
3803 1173 3902 1224 Σω-

2357 1263 2461 1332 τὴρ
2497 1265 2597 1316 οὐκ
2642 1263 2784 1327 ἐστι,
2821 1265 2917 1318 καὶ
2965 1266 2996 1333 ἡ
3031 1264 3151 1318 θεία
3185 1271 3346 1333 φύσις
3388 1267 3516 1319 ἀνευ
3559 1267 3763 1336 σαρκὸς
3814 1268 3899 1318 οὐκ

2359 1355 2663 1427 ἐγεννήθη·
2701 1357 2886 1412 λοιπὸν
2942 1357 3038 1411 ἕνα
3097 1360 3322 1428 Σωτῆρα
3375 1358 3538 1413 αὐτὸν
3589 1359 3777 1412 καλεῖν
3823 1357 3900 1408 τὸν

2359 1450 2687 1518 γεννηθέντα
2741 1452 2805 1504 ὲκ
2856 1441 2956 1520 τῆς
3016 1451 3313 1521 Παρθένου.
3386 1451 3523 1503 Ἕνα
3584 1449 3900 1518 πιστεύομεν

2358 1541 2522 1591 αὑτὸν
2577 1543 2720 1594 κατά
2767 1542 2855 1593 τὸν
2901 1545 3026 1608 ὅρον
3074 1542 3176 1609 τῆς
3224 1543 3461 1605 πίστεως
3493 1542 3585 1595 τὸν
3620 1543 3904 1595 ἐκτεθέντα

2357 1629 2460 1680 ὑπὸ
2499 1629 2606 1681 τῶν
2636 1630 2695 1681 ὲν
2729 1629 2867 1697 ἁγίῳ
2894 1630 3166 1696 Πνεύματι
3199 1630 3594 1697 ἀθροισθέντων
3619 1633 3676 1683 ὲν
3705 1631 3904 1699 Nimis

2355 1718 2529 1783 ἁγίων
2571 1716 2831 1788 Πατέρων
2858 1734 2870 1746 ·
2919 1718 3121 1786 Ἰησοῦς
3148 1720 3380 1788 Χριστὸς
3398 1719 3692 1788 μονογενὴς
3716 1719 3902 1786 Λόγος,

2360 1809 2474 1875 φῶς
2514 1810 2578 1862 ὲκ
2609 1809 2808 1875 φωτὸς,
2863 1810 2994 1870 Θεὸς
3042 1810 3295 1879 ἀληθινὸς
3350 1811 3412 1862 ὲκ
3459 1810 3592 1863 Θεοῦ
3628 1809 3900 1878 ἀληθινοῦ.

2361 1901 2468 1952 Καὶ
2497 1899 2674 1960 καλῶς
2704 1899 2999 1968 γινώσκετε
3027 1901 3108 1953 ὅτι
3139 1900 3198 1953 τὸ
3247 1900 3452 1970 Ἰησοῦς
3489 1901 3657 1970 ὄνομα
3687 1901 3791 1953 οὐκ
3822 1902 3907 1952 ἐπὶ

2354 1990 2419 2055 τῇ
2449 1987 2568 2056 θεία
2598 1987 2758 2054 φύσει
2787 1987 2919 2055 μόνῃ
2968 1987 3328 2055 ὁμολογεῖται,
3357 1987 3477 2040 ἀλλ’
3512 1989 3602 2040 ἐπὶ
3648 1987 3785 2039 Θεὸν
3832 2005 3906 2039 σε·

2356 2078 2730 2145 σαρκωμένον,
2770 2077 2827 2138 ὃς
2860 2079 3005 2129 ἐστιν
3039 2077 3242 2144 Ἰησοῦς
3283 2078 3537 2146 Χριστός.
3590 2080 3696 2131 Καὶ
3747 2078 3906 2146 ἕτερα

2355 2168 2588 2222 πλεῖστά
2622 2169 2760 2219 εἰσιν
2793 2169 2849 2220 ὲν
2882 2169 2999 2232 ταῖς
3026 2167 3200 2230 θείαις
3231 2167 3473 2237 Γραφαῖς
3502 2169 3659 2222 τοῦτο
3681 2169 3905 2240 δηλοῦν-

2352 2276 2457 2310 ταν
2490 2256 2666 2310 ταῦτα
2721 2258 2786 2310 τὰ
2839 2257 3091 2324 ὀλιγοστά
3147 2259 3365 2328 ῥήματα
3409 2260 3719 2341 ἠνέγκαμεν
3760 2263 3906 2329 ὑμῖν,

2353 2351 2493 2420 πρὸς
2566 2349 2626 2402 τὸ
2682 2350 2885 2416 γνῶναι
2932 2351 3014 2402 ὅτι
3067 2349 3234 2402 ἀθῶοί
3293 2353 3458 2420 ὲσμεν
3520 2351 3907 2419 ὁμολογοῦντες

2351 2443 2512 2497 αὑτὸν
2548 2441 2677 2511 μίαν
2709 2441 3027 2506 ὑπόστασιν,
3058 2443 3222 2511 ἧγουν
3262 2441 3391 2511 μίαν
3420 2443 3605 2510 φύσιν,
3645 2441 3737 2494 τὸν
3781 2443 3908 2512 Χρι-

2353 2533 2498 2584 στόν.
2551 2531 2661 2585 Καὶ
2709 2531 2817 2602 γὰρ
2848 2531 3190 2602 γινώσκομεν
3221 2532 3312 2585 καὶ
3353 2533 3684 2602 πιστεύομεν
3713 2536 3803 2587 ὅτι
3849 2537 3907 2584 ἐκ

2347 2622 2442 2676 δύο
2485 2623 2634 2676 ἑστὶν
2685 2623 3010 2693 ἀσυγχύτως
3045 2625 3142 2676 καὶ
3175 2623 3493 2694 ἀμερίστως
3553 2624 3648 2678 καὶ
3695 2625 3907 2694 ἀμετα-

2347 2717 2560 2787 ϐλήτως
2589 2717 2683 2770 καὶ
2707 2716 3158 2787 ἀμετατρέπτως.
3200 2715 3403 2769 Τοῦτον
3444 2715 3779 2785 πιστεύομεν
3810 2716 3910 2784 τὴν

2349 2808 2589 2862 παλαιὰν
2640 2809 3063 2880 πεπληρωκέναι
3113 2809 3254 2862 κατὰ
3287 2809 3386 2870 τὰς
3432 2809 3770 2878 προρρήσεις
3804 2806 3909 2858 τῶν

2349 2897 2668 2966 προφητῶν,
2705 2898 2796 2949 καὶ
2845 2897 3183 2968 περιετμήθη
3230 2896 3306 2965 τῷ
3343 2894 3582 2966 σώματι,
3640 2893 3708 2965 [6]
3770 2894 3909 2978 καθὰ

2348 2991 2442 3043 καὶ
2489 2991 2552 3044 τὸ
2600 2990 2871 3060 ἡμέτερον
2933 2988 3178 3058 παθητὸν
3259 2987 3448 3058 θνητὸν
3518 2987 3611 3040 καὶ
3667 2985 3912 3056 φθαρτὸν

2346 3083 2533 3152 ἐφόρει
2572 3097 2584 3110 '
2623 3083 2715 3136 καὶ
2773 3081 2882 3133 οὐδ’
2937 3079 3268 3148 ἐγκατέλιπε
3319 3080 3420 3150 τὴν
3473 3077 3667 3131 ἑαυτοῦ
3721 3077 3913 3149 σάρκα

2349 3174 2475 3226 ίδεῖν
2502 3173 2802 3243 διαφθοράν
2835 3189 2848 3203 ⁸
2886 3172 2978 3226 καὶ
3009 3173 3068 3225 ἐν
3115 3174 3250 3243 αὐτῇ
3285 3175 3350 3242 τῇ
3386 3171 3547 3239 σαρκὶ
3603 3167 3915 3238 νηστεύσας

2345 3270 2438 3320 καὶ
2473 3265 2791 3338 πειρασθείς
2833 3267 2924 3319 καὶ
2960 3267 3188 3334 νικήσας
3239 3264 3458 3317 ἐτέλεσε
3495 3264 3757 3331 θαύματα
3816 3262 3911 3312 καὶ

2342 3359 2623 3426 δυνάμεις,
2650 3358 2744 3410 καὶ
2770 3356 2990 3420 ἔπαθεν,
3016 3355 3360 3428 ἐσταυρώθη,
3386 3355 3674 3418 ἀπέθανεν,
3699 3353 3914 3421 ἐτάφη,

2343 3447 2434 3499 καὶ
2464 3435 2661 3516 ἀνέστη
2702 3447 3024 3515 τριήμερος.
3707 3445 3712 3454 ’

2426 3539 2576 3590 Ἐπεὶ
2597 3538 2653 3590 δὲ
2679 3533 2778 3590 ὧδέ
2805 3555 2949 3600 τινες
2980 3538 3101 3590 καθ’
3124 3536 3283 3606 ἡμῶν
3307 3533 3797 3605 ὑπολαμϐάνουσιν
3832 3534 3913 3585 εει

2343 3631 2512 3690 πάθος
2563 3632 2628 3700 τῇ
2679 3629 2892 3699 θεότητι
2939 3629 3323 3700 προσάγομεν,
3367 3629 3504 3697 ὅπερ
3562 3625 3634 3695 μὴ
3685 3627 3915 3692 γένοιτο

2341 3721 2474 3786 ἡμῖν
2531 3716 2747 3785 λέγεινί
2801 3717 2919 3770 ἀλλ’
2981 3717 3169 3784 ὧσπερ
3226 3718 3320 3769 καὶ
3355 3718 3410 3769 αἱ
3462 3717 3601 3768 θεῖαι
3658 3716 3912 3784 Ι“ραφαῖ,

2340 3808 2481 3861 οὕτω
2508 3809 2761 3877 λέγομεν,
2795 3810 2878 3862 ὅτι
2910 3808 3077 3861 ἔπαθε
3121 3808 3251 3870 Θεὸς
3280 3809 3372 3860 καλ⁴
3412 3807 3703 3871 ἀπέθανεν,
3757 3806 3912 3856 καθά

2340 3899 2433 3950 καὶ
2493 3899 2701 3960 Παῦλος
2777 3901 3063 3969 μαρτυρεῖ,
3129 3898 3245 3951 ἀλλ’
3309 3901 3365 3951 ὲν
3438 3903 3502 3967 τῇ
3569 3896 3902 3964 ἀνθρωπίνῃ

2341 3993 2526 4060 σαρκὶ,
2569 3991 2710 4044 καθά
2738 4009 2868 4057 φησι
2905 3994 2998 4043 καὶ
3051 3993 3078 4044 6
3122 3992 3276 4058 ἆγιος
3330 3989 3609 4050 Βασίλειος
3661 3990 3912 4040 Καππα-

2338 4081 2542 4143 δοκίας,
2577 4099 2592 4130 ι
2638 4080 2833 4143 Καθὼς
2857 4083 2883 4133 ὁ
2906 4081 3144 4150 σίδηρος,
3169 4079 3366 4145 λέγων,
3391 4079 3468 4146 τῷ
3499 4079 3631 4146 πυρὶ
3654 4078 3911 4136 ἑνοῦται,

2338 4173 2432 4223 καὶ
2465 4173 2524 4223 ού
2555 4172 2616 4222 τὸ
2650 4171 2760 4240 πῦρ
2795 4171 2997 4241 πάσχει
3049 4171 3147 4223 ὅσα
3209 4171 3300 4222 καὶ
3345 4170 3587 4240 σίδηρος.
3615 4187 3632 4218 ι
3685 4167 3913 4228 ’Δλλως

2336 4280 2393 4315 τε
2456 4261 2597 4316 καθά
2650 4263 2796 4334 ψυχὴ
2838 4265 2896 4317 ὲν
2941 4248 3152 4330 σώματι
3206 4261 3420 4331 δέχεται
3473 4263 3541 4312 τὰ
3592 4259 3744 4328 πάοη
3797 4259 3913 4310 τῶν

2337 4355 2658 4418 ἀσθενειῶν,
2690 4355 2781 4407 τὸν
2814 4353 2994 4424 λιμὸν,
3030 4355 3123 4407 καὶ
3161 4355 3250 4405 τὸν
3283 4353 3534 4417 θάνατον,
3573 4352 3666 4403 καὶ
3708 4351 3913 4403 οὐκέτι

669 4449 796 4506 ost;
840 4431 919 4498 sit:
969 4459 1088 4496 cutn
1123 4443 1287 4500 Paulo
1320 4447 1552 4502 fatemur
1607 4451 1769 4518 Deum
1831 4465 2051 4509 mortem
2102 4472 2231 4526 gus-

2346 4448 2369 4515 ἠ
2404 4445 2552 4518 ψυχὴ
2582 4446 2646 4498 ὲκ
2675 4445 2882 4499 τούτων
2923 4445 3146 4515 πάσχει,
3169 4445 3319 4503 ,διότι
3352 4443 3697 4513 πνευματικὴ
3733 4443 3913 4510 φύσις

670 4541 835 4600 tassc,
873 4535 1002 4604 quin
1053 4537 1169 4604 ejus
1202 4540 1455 4595 divinitas
1518 4544 1810 4612 quidquam
1847 4561 1999 4614 passa
2055 4548 2231 4603 fuerit.

667 4621 838 4678 Porro
867 4624 1062 4680 sufﬁcit
1113 4629 1473 4702 nobismagni
1523 4633 1687 4702 hujus
1733 4636 1830 4688 viri
1869 4639 2231 4692 testimonium

667 4713 817 4783 (quin
848 4717 1002 4784 plura
1031 4722 1355 4791 scrutemur)
1396 4723 1485 4790 qui
1543 4738 1714 4791 usque
1748 4725 1812 4777 ad
1875 4726 2089 4780 tertium
2120 4743 2234 4783 caa-

667 4804 796 4872 lum,
829 4815 885 4860 ut
916 4819 1116 4875 narrat,
1158 4812 1397 4867 sublatus
1445 4815 1651 4868 audivit
1703 4814 2018 4889 ineffabilia.
2060 4817 2232 4873 Simul

667 4901 1010 4956 meminimus
1046 4918 1074 4955 a
1133 4913 1320 4958 sancto
1379 4905 1542 4960 Paulo
1581 4922 1919 4961 communem
1979 4920 2223 4962 naturam

665 4992 921 5060 appellari
949 5002 1001 5046 et
1039 4997 1307 5062 propriam
1336 5013 1349 5048 :
1381 5000 1596 5066 prepria
1642 5016 1768 5054 vero
1830 5013 2022 5055 natura
2057 5004 2229 5072 hypo-

664 5083 855 5136 stasim
884 5084 1172 5154 significat.
1211 5087 1557 5158 Nequaquam
1602 5091 1763 5161 igitur
1787 5093 2036 5159 dicimus,
2058 5094 2221 5148 Deum

663 5176 938 5229 communi
991 5187 1181 5233 natura
1235 5181 1441 5234 unitum
1498 5198 1620 5238 esse
1677 5186 1923 5239 humana:
1997 5195 2221 5242 natura}.

663 5266 817 5329 Quod
865 5269 964 5322 nisi
1023 5271 1093 5324 ita
1146 5272 1258 5337 sit,
1318 5283 1424 5328 tota
1477 5275 1714 5330 Trinitas
1759 5280 1850 5332 loti
1903 5279 2222 5334 humanitati

663 5355 808 5408 unita
876 5357 1097 5425 fuisset;
1150 5378 1269 5417 cum
1319 5377 1504 5418 contra
1577 5383 1762 5436 reapse
1797 5368 1845 5421 iu
1880 5370 2090 5438 propria
2125 5385 2220 5421 na-

665 5455 784 5500 tura
834 5447 1068 5505 Verbum
1104 5453 1441 5523 hypostaticc
1491 5461 1641 5513 carui
1678 5460 1884 5513 unitum
1928 5461 2112 5515 fuerit.
2159 5460 2224 5514 Et

663 5553 761 5594 vos
819 5557 1052 5613 quoque,
1089 5547 1165 5600 uti
1208 5563 1265 5604 se
1327 5565 1411 5603 res
1450 5551 1628 5613 habet,
1685 5570 1748 5606 cx
1803 5553 2006 5609 duabus
2064 5571 2221 5608 unum

746 5696 792 5729 ’θ
831 5695 984 5754 Joan.
1027 5701 1228 5768 χιγ,-9.
1307 5703 1348 5732 ’⁷
1391 5703 1527 5760 Luc,
1558 5722 1615 5773 ιι,
1655 5707 1736 5762 ll.

2332 4539 2447 4590 ἐστὶ
2476 4539 2568 4590 καὶ
2600 4537 2893 4606 ἄφθαρτος,
2928 4536 3071 4591 οὕτω
3103 4539 3239 4608 μετὰ
3275 4537 3484 4588 Παύλου
3519 4533 3912 4603 ὁμολογοῦμεν

2331 4629 2411 4682 ὅτι
2467 4628 2598 4690 Θεὸς
2648 4629 2915 4694 ἐγεύσατο
2954 4628 3207 4686 θανάτου.
3263 4625 3396 4705 ptuli”
3418 4626 3554 4687 ὅλως
3606 4622 3913 4688 παθούσης

2331 4721 2428 4790 τῆς
2487 4721 2654 4773 αὑτοῦ
2711 4719 2987 4789 θεότητος.
3035 4720 3241 4782 Ἱκανὸς
3289 4721 3420 4790 ἡμῖν
3465 4722 3614 4772 ἐστιν
3667 4713 3840 4781 οὗτος
3883 4720 3912 4768 6

2336 4814 2508 4883 μέγας
2535 4813 2613 4876 είς
2655 4815 2982 4883 μαρτυρίαν,
3034 4813 3062 4864 6
3111 4812 3204 4865 καὶ
3261 4811 3365 4872 ἕως
3413 4810 3596 4879 τρίτου
3650 4809 3910 4879 ούρανοῦ

2334 4906 2560 4971 ἀναϐὰς,
2613 4907 2706 4959 καὶ
2747 4907 2815 4959 τὰ
2851 4906 3065 4978 ἄρρητα
3116 4904 3355 4966 ἀκούσας
3409 4903 3504 4957 τοῦ
3556 4905 3767 4964 εἰπεῖν,
3827 4903 3909 4962 ὡς

2333 5000 2545 5069 εἴρηκε,
2589 4999 2684 5053 καὶ
2717 4998 2880 5051 πλέον
2913 4998 2986 5069 μὴ
3019 4999 3267 5069 ὲρευνᾷν.
3299 4998 3402 5050 Σὺν
3435 4995 3643 5058 τούτοις
3684 4995 3915 5060 ὑπομι-

2336 5094 2653 5162 μνήσκομεν
2722 5093 2804 5146 ὅτι
2857 5094 2884 5146 6
2943 5093 3099 5160 ἅγιος
3168 5091 3381 5155 Παῦλος
3465 5090 3650 5158 κοινὴν
3727 5089 3912 5157 φύσιν

2332 5185 2513 5260 [φησὶ]
2569 5188 2662 5240 καὶ
2711 5187 2888 5255 ίδικήν
2916 5203 2928 5216 ο
2965 5186 3057 5238 καὶ
3087 5183 3228 5254 ίδικὴ
3269 5185 3370 5253 μὲν
3409 5183 3571 5251 φύσις
3606 5180 3710 5248 τὴν
3761 5179 3914 5234 ὑπό-

2329 5297 2519 5332 στασιν
2573 5279 2742 5348 δηλοῖ.
2790 5277 2987 5331 Ούκέτι
3045 5272 3138 5329 οὖν
3188 5276 3418 5344 λέγομεν
3472 5277 3554 5327 ὅτι
3602 5275 3666 5342 τῇ
3731 5279 3909 5343 κοινῇ

2329 5373 2488 5440 φύσει
2529 5370 2710 5440 ήνώθη
2761 5372 2790 5422 6
2839 5368 2970 5431 Θεὸς
3013 5371 3076 5438 τῇ
3133 5367 3446 5435 ἀνθρωπίνῃ
3494 5363 3674 5432 φύσει.
3745 5363 3818 5416 Ei
3863 5364 3924 5453 δ’.

2328 5464 2386 5514 οὑ
2425 5462 2498 5531 μὴ
2521 5461 2711 5526 οὕτως,
2743 5460 3096 5530 εὑρεθήσεται
3125 5458 3200 5520 ὡς
3227 5459 3308 5509 ὅτι
3336 5456 3431 5526 ὅλη
3473 5457 3505 5524 ἡ
3538 5453 3666 5521 ἁγία
3715 5453 3914 5524 Τριὰς

2329 5554 2424 5626 ὅλῃ
2477 5555 2543 5624 τῇ
2597 5551 2981 5624 ἀνθρωπότητι
3033 5549 3212 5620 ήνώθη
3240 5563 3257 5580 ο
3287 5548 3400 5601 ἀλλ’
3436 5548 3492 5600 ὲν
3544 5545 3685 5614 ίδικῇ
3731 5545 3918 5614 φύσει
