3982 6326
643 228 743 291 271

645 431 837 498 quibus
884 425 1157 496 sepositis,
1192 438 1291 477 nos
1337 428 1516 476 tamen
1552 420 1617 475 ad
1655 421 1917 487 integram
1958 417 2205 470 unionem

646 516 958 585 excipient?

714 599 1135 658 TllEUR.‘Pnto
1174 599 1309 665 quod
1361 606 1413 650 tu
1464 596 1623 649 sicuti
1674 604 1938 649 tuummet
1968 593 2206 646 animum

644 692 983 761 exploratum
1042 691 1227 754 babes,
1260 690 1330 742 ita
1380 689 1687 741 voluntates
1719 701 1932 753 quoque
1976 686 2214 737 subdito-

645 798 761 836 rum
786 780 1059 849 pervides,
1086 780 1357 847 probeque
1392 777 1531 831 nosti
1579 776 1834 843 quidnam
1881 789 1945 825 ex
1998 773 2081 827 his
2111 773 2207 825 ad-

648 875 863 928 missuri
902 873 1031 938 sint,
1056 873 1250 940 quidve
1279 886 1460 924 secus.
1498 869 1675 934 Quare
1706 878 1761 921 tu
1795 868 1995 936 potius,
2031 866 2073 919 si
2106 865 2207 926 vis,

565 952 573 957 δ
647 962 1001 1024 iudicamihi,
1037 975 1280 1030 quaenam
1314 958 1583 1012 Armeniis
1614 958 1797 1027 gravia
1824 958 1993 1011 visum
2024 955 2087 1008 iri
2116 970 2209 1022 pu-

645 1062 745 1112 tes.
780 1068 967 1121 «μιαιιέ
1018 1050 1424 1119 uunqnaursibi
1476 1050 1790 1119 persuaderi
1843 1047 2049 1119 passuri
2078 1046 2206 1098 sint.

715 1143 872 1199 GEN.
904 1143 1114 1198 Nescio.
1150 1142 1402 1196 Fortasse
1426 1144 1669 1211 quendam
1704 1141 1832 1193 mihi
1866 1138 2209 1201 videbuntur,

646 1237 711 1289 tle
744 1236 937 1303 quibus
972 1234 1128 1289 aliter
1151 1235 1387 1304 synodus
1418 1232 1772 1287 existim-abit.

714 1326 973 1381 TllEOit.
1008 1326 1061 1380 Si
1097 1338 1173 1388 tu,
1205 1326 1294 1394 qui
1327 1334 1487 1394 caput
1534 1339 1612 1389 es,
1646 1325 1748 1378 hoc
1792 1323 2030 1391 ignoras,
2063 1336 2206 1391 quo.

646 1422 808 1475 modo
849 1436 947 1489 ego
993 1419 1085 1488 qui
1118 1433 1209 1488 pes
1250 1432 1389 1477 sum,
1428 1418 1536 1470 imo
1564 1431 1630 1470 ne
1663 1431 1756 1485 pes
1793 1415 2035 1485 quidem,
2071 1416 2209 1485 apud

645 1513 1009 1566 Romanorum
1042 1512 1326 1580 synodum.
1363 1512 1501 1577 qttod
1547 1523 1703 1579 rugas
1739 1517 2068 1577 compertum
2102 1508 2205 1562 ha-

564 1634 567 1637 π
644 1602 839 1679 licam?
874 1603 1225 1657 Nihilominus
1282 1604 1592 1669 conjectans
1648 1600 1845 1654 dicunt.
1898 1599 2203 1669 Capitulnm

1976 216 1979 217 ⁷
2046 220 2473 281 TllEORlANl
3777 218 3869 281 272

714 338 872 394 GEN.
907 337 998 392 Dic
1040 336 1345 406 perspicue,
1376 346 1559 402 ecqua:
1587 330 1697 386 sint
1720 346 1785 384 ex
1822 330 1906 384 his
1940 329 2216 399 capitulis,
2249 338 2291 391 Α

2406 325 2465 377 '0
2496 323 2652 377 ΚΛΘ.
2698 323 2828 382 Εἰπὲ
2881 324 3013 393 ἡμῖν
3044 323 3314 394 φανερῶς,
3339 324 3387 376 εί
3409 324 3522 379 ἔστι
3544 326 3743 383 τούτων
3780 334 3873 387 τὼν

2323 415 2637 482 κεφαλαίων
2683 414 2825 480 τινὰ,
2869 409 2943 467 ὧν
2991 415 3158 484 χωρὶς
3204 414 3634 487 δέξονταιήμᾶς
3686 422 3764 483 εἰς
3799 439 3868 474 τε·

2317 505 2467 556 λείαν
2508 505 2721 557 ἕνωσιν.

2404 597 2462 649 Ὁ
2494 596 2689 650 ΘΕΩΡ.
2724 595 3124 662 Ὑπολαμϐάνω
3154 596 3235 647 ὅτι
3262 594 3451 664 ὥσπερ
3487 597 3775 663 γινώσκει;
3818 600 3872 653 σὺ

2324 690 2423 760 τὴν
2444 688 2674 758 καρδίαν
2706 705 2822 749 σου,
2872 686 3042 748 οὕτως
3075 687 3362 753 γινώσκεις
3417 688 3510 740 καὶ
3549 688 3659 739 τῶν
3692 690 3794 741 ὑπὸ
3823 691 3872 741 σὲ

2318 781 2625 852 ἀρχιερέων
2643 780 2701 831 τὸ
2731 781 2962 847 θέλημα,
2984 778 3077 830 καὶ
3104 777 3393 846 γινώσκεις
3419 780 3541 832 τίνα
3566 779 3766 833 τούτων
3798 780 3873 833 δέ·

2319 873 2521 937 ξονται,
2559 872 2650 923 καὶ
2676 871 2793 923 τίνα
2816 869 2875 922 οὔ
2899 887 2912 902 ⁸
2936 870 3049 935 καὶ,
3084 872 3133 923 εί
3154 869 3417 933 κελεύεις,
3452 869 3572 921 εἰπὲ
3616 873 3748 939 ἡμῖν
3770 871 3874 923 τίνι

2315 962 2521 1015 τούτων
2554 965 2665 1024 τοῖς
2708 962 3025 1032 ’Λρμενίοις
3064 961 3210 1012 δοκεῖ
3255 959 3511 1029 φορτικὰ,
3556 962 3649 1011 καὶ
3695 962 3794 1013 οὐκ
3820 960 3875 1014 ἂν

2325 1054 2633 1107 συνέλθοιεν
2660 1053 2800 1105 ὥστε
2828 1049 3235 1119 παραδέξασθαι
3268 1052 3430 1106 αὐτά.

2416 1144 2475 1198 Ὃ
2511 1145 2670 1198 ΚΑΘ.
2713 1145 2824 1198 Οὐκ
2859 1140 3005 1196 οῖδα·
3036 1143 3167 1203 ἴσως
3191 1141 3450 1195 δοκοῦντα
3480 1143 3603 1214 ἐμοί
3630 1160 3783 1206 τινα,
3820 1144 3876 1209 τῇ

2324 1238 2530 1305 συνόδῳ
2563 1238 2623 1289 οὐ
2650 1237 2787 1299 δόξει
2818 1234 3011 1297 οὕτως.
3228 1282 3236 1290 ,
3264 1277 3269 1281 .
3630 1296 3643 1303 Α

2410 1333 2467 1383 '0
2504 1330 2777 1384 ΘΕΩΡ.Σὺ
2817 1324 3024 1398 κεφαλὴ
3062 1329 3157 1393 ὢν,
3195 1330 3407 1398 ἀγνοεῖς
3429 1328 3609 1395 τοῦτο,
3636 1331 3755 1391 πῶς
3780 1328 3879 1396 ἐγὼ

2304 1423 2457 1484 ’ποῦς
2480 1423 2555 1475 ὣν
2586 1422 2681 1489 τῆς
2727 1420 2877 1489 παρὰ
2920 1420 3052 1472 τῶν·
3078 1406 3367 1489 Ῥωμαίων
3413 1421 3656 1487 συνόδου,
3693 1420 3879 1491 μᾶλλον

2320 1513 2377 1566 δὲ
2407 1512 2526 1565 οὐδὲ
2556 1510 2711 1574 ποῦς,
2744 1510 2982 1578 δύναμαι
3015 1512 3221 1579 γ.ὦναι
3242 1510 3401 1564 τοῦτο
3419 1511 3459 1564 δν
3478 1512 3720 1582 ἐρωτᾷςς
3746 1511 3881 1583 Πλὴν

2321 1601 2717 1671 στοχαζόμενος
2749 1601 2916 1651 εῖπωι
2958 1602 3017 1652 τὸ
3057 1603 3155 1668 τῆς
3201 1602 3557 1671 προόλήσεως
3588 1599 3880 1669 κεφάλαιον

645 1694 773 1749 illud
809 1696 873 1748 dc
900 1692 1178 1748 Generalis
1207 1691 1484 1752 electione,
1514 1688 1735 1742 honoris
1761 1686 1891 1755 ergo
1914 1696 2079 1755 atque
2105 1687 2213 1739 nti-

2324 1695 2503 1765 ἀφορᾷ
2530 1694 2609 1756 είς
2643 1694 2811 1764 τιμὴν
2854 1695 2947 1746 καὶ
2977 1693 3247 1761 ὠφέλειαν
3280 1695 3377 1763 σὴν
3409 1693 3632 1746 καὶτῶν
3661 1694 3801 1761 μετά
3828 1693 3882 1743 σὲ

642 1785 811 1840 litatis
838 1796 940 1840 tuze
962 1793 1014 1838 et
1043 1782 1449 1857 succedentium
1481 1778 1827 1835 Generalium
1854 1780 2212 1848 perscriptum

645 1891 729 1932 est
761 1896 775 1932 :
805 1893 1033 1947 namque
1071 1878 1136 1929 ad
1191 1876 1335 1930 sedis
1381 1875 1736 1929 Stabilitatem
1792 1871 2211 1940 firmitatemque

644 1978 871 2038 Spectat.
891 1970 1017 2037 quia
1045 1968 1155 2021 hazc
1178 1949 1515 2021 defensorem
1547 1976 1793 2020 sanctum
1830 1963 2209 2032 imperatorem

644 2060 1073 2116 nancisceretur.
1116 2058 1342 2112 Romani
1394 2068 1596 2119 tamen,
1631 2065 1688 2108 ut
1727 2065 1874 2125 puto,
1912 2056 2019 2107 vim
2058 2054 2210 2107 vobis

644 2153 699 2207 iu
726 2152 828 2206 hoc
876 2149 1018 2206 haud
1055 2148 1253 2203 facient
1284 2169 1297 2204 ;
1324 2148 1415 2203 sed
1455 2162 1521 2201 ne
1564 2148 1620 2200 in
1650 2136 1946 2216 quastione
1992 2144 2210 2213 quidem

2322 1784 2680 1839 Καθολικῶν·
2740 1787 2817 1847 είς
2872 1785 3131 1838 σύστασιν
3181 1784 3290 1855 γὰρ
3334 1786 3427 1837 τοῦ
3486 1785 3676 1856 θρόνου
3727 1784 3883 1837 τοῦτό

2318 1878 2436 1929 ἐστι
2492 1877 2587 1929 καὶ
2636 1872 2918 1945 διαμονὴν,
2979 1876 3053 1938 ὡς
3088 1875 3372 1944 μέλλοντος
3408 1874 3554 1943 ἔχειν
3583 1873 3882 1945 δεφὲνσορα

2317 1967 2410 2019 τὸν
2443 1967 2666 2037 βασιλέα
2692 1967 2783 2019 τὸν
2805 1966 2959 2033 ἅγιον
2982 1984 2995 1998 ο
3026 1968 3117 2019 καὶ
3157 1963 3311 2037 οἶμαι
3337 1968 3482 2036 ὑμᾶς
3506 1968 3584 2029 εἰς
3609 1966 3770 2021 τοῦτο
3789 1968 3884 2021 οῦκ

2320 2056 2743 2124 ἀναγκάσουσιν’
2767 2056 2883 2109 ἀλλ’
2914 2057 3033 2109 οὐδὲ
3063 2059 3189 2126 περὶ
3213 2058 3321 2110 τῶν
3350 2057 3577 2128 ἀζύμων
3608 2056 3885 2128 βιάσουσιν

2320 2150 2495 2219 ὑμᾶς,
2518 2152 2613 2203 ἐὰν
2645 2150 2724 2213 είς
2756 2149 2826 2202 τὰ
2860 2149 2996 2204 ἄλλα
3022 2150 3333 2221 συνέλθητε.

644 2246 712 2300 de
738 2243 954 2313 Azymis
988 2255 1083 2294 vos
1112 2250 1323 2310 cogent,
1359 2239 1402 2292 si
1451 2248 1597 2292 certe
1628 2239 1695 2291 de
1740 2238 1951 2292 cazteris
1979 2239 2393 2295 consenseritis.

715 2334 872 2390 (BEN.
906 2331 1028 2387 llaec
1062 2332 1243 2386 omnia
1285 2330 1350 2383 ad
1390 2328 1581 2400 synodi
1613 2328 1981 2398 cognitionem
2031 2328 2212 2396 perle-

645 2443 761 2483 rant
788 2444 801 2480 :
826 2434 881 2479 et
904 2440 1022 2478 cum
1043 2425 1244 2491 legatos
1271 2436 1421 2475 meos
1444 2419 1511 2474 aid
1540 2422 1741 2490 regiam
1769 2422 1954 2474 urbem
1980 2419 2212 2483 mittam,

646 2519 851 2586 scripto
882 2515 1195 2585 signiﬁcabo
1230 2523 1338 2567 tum
1372 2523 1563 2567 vestra:
1596 2512 1802 2577 synodo
1837 2521 1950 2565 tum
1987 2510 2153 2565 etiam
2182 2526 2210 2562 ιι

645 2608 756 2664 Deo
788 2617 1048 2663 coronato
1080 2604 1390 2674 imperatori
1431 2616 1551 2672 qua)
1566 2602 1810 2673 admissa
1833 2599 2037 2656 fuerint
2066 2603 2214 2669 capi-

648 2702 757 2756 tula
786 2711 977 2770 etqua:
1006 2713 1184 2761 secus,
1217 2695 1483 2765 simulque
1504 2710 1700 2750 causas
1724 2695 1963 2763 aperiam
1990 2702 2211 2763 propter

647 2808 786 2864 quas
816 2793 996 2860 aliqua
1027 2788 1259 2844 fortasse
1290 2788 1566 2858 repudiata
1598 2786 1814 2841 fuerint.
1847 2787 1913 2841 Et
1942 2787 2049 2840 nisi
2083 2802 2213 2856 pra-

645 2891 748 2940 Vus
771 2882 1047 2938 hominum
1080 2880 1249 2935 hostis
1277 2878 1485 2935 dtemon
1519 2894 1769 2947 magnum
1800 2879 1901 2933 hoc
1935 2879 2209 2947 negotium

2402 2330 2460 2385 '0
2479 2332 2640 2387 ΚΛΘ.
2662 2332 2849 2387 Ταῦτα
2872 2330 3050 2386 πάντα
3073 2332 3331 2403 προθήσω
3357 2333 3586 2387 ἐνώπιον
3619 2336 3715 2404 τῆς
3760 2354 3886 2391 συν-

2317 2420 2439 2474 όῗου
2464 2438 2475 2452 ·
2508 2421 2603 2475 καὶ
2635 2423 2761 2475 ὅταν
2796 2422 2976 2492 μέλλω
3022 2423 3342 2475 ἀποστεῖλαι
3392 2427 3774 2495 τυποτηρητάς
3811 2430 3887 2489 είς

2320 2512 2419 2583 τὴν
2446 2512 3221 2583 βασιλεύουσαν,-δηλοποιήσω
3253 2499 3542 2585 ἐγγράφως
3573 2520 3639 2585 τῇ
3669 2534 3726 2569 τε
3756 2518 3889 2588 ἁγίᾳ

2322 2605 2523 2673 συνόδῳ
2553 2606 2647 2656 καὶ
2672 2603 2750 2673 τῷ
2782 2604 3067 2672 θεοστεφεῖ
3116 2604 3329 2673 βασιλεῖ
3356 2610 3424 2658 τὰ
3452 2607 3886 2677 παραδειχθέντα,

2319 2696 2413 2748 καὶ
2440 2695 2537 2766 μὴ,
2566 2696 2838 2765 κεφάλαια
2859 2713 2872 2728 ·
2922 2698 3027 2759 καὶ,
3049 2696 3205 2749 δώσω
3239 2699 3335 2750 καὶ
3365 2696 3463 2761 τὰς
3502 2701 3681 2762 αίτίας
3717 2700 3793 2754 δι’
3824 2702 3894 2765 ἃς

2316 2789 2385 2840 τὰ
2419 2787 2494 2857 μὴ
2521 2788 2931 2859 παραδειχθέντα
2965 2793 3023 2841 0")
3071 2790 3485 2859 παραδέχομαιο
3522 2793 3617 2845 καὶ
3656 2795 3707 2845 εί
3737 2794 3769 2846 ὁ
3796 2812 3891 2847 πο-

2320 2879 2486 2947 νηρὸς
2516 2861 2612 2930 καὶ
2672 2878 3054 2950 μισάνθρωπος
3104 2878 3314 2948 δαίμων
3364 2880 3427 2932 οὐ
3483 2882 3890 2951 παρεμποδίσει

645 2972 1047 3038 disturbaverit,
1074 2972 1139 3025 ad
1172 2984 1266 3025 nos
1291 2969 1509 3040 quidem
1542 2968 1684 3038 quod
1718 2970 1913 3025 attinet
1942 2968 2042 3039 (sic
2070 2968 2211 3022 Deus

2324 2970 2469 3022 τουτὶ
2496 2971 2555 3023 τὸ
2586 2970 2728 3039 μέγα
2754 2970 2977 3042 χρῆμα,⁸
3009 2968 3068 3033 ὲξ
3099 2970 3375 3041 ἡμετέρας
3405 2971 3606 3040 αἰτίας,
3639 2974 3739 3026 σὺν
3770 2974 3893 3042 Θεῷ

651 3064 908 3137 adjuvet)
951 3078 1053 3118 non
1086 3062 1426 3132 impedietur.
1461 3059 1687 3130 Oportet
1717 3060 1860 3115 enim
1898 3074 2074 3130 neque
2118 3075 2216 3114 nos

648 3169 859 3211 summo
883 3153 1005 3224 jure
1030 3167 1211 3221 agere,
1237 3166 1410 3228 neque
1437 3151 1563 3205 item
1595 3165 1708 3214 vos,
1738 3149 2008 3219 siquidem
2046 3151 2214 3203 unio-

649 3261 771 3301 nem
821 3244 1125 3312 exoptatis;
1157 3243 1249 3297 sed
1305 3243 1359 3296 iu
1392 3241 1715 3312 quibusdam
1763 3240 2065 3311 indulgere,
2098 3257 2218 3310 ουλε

649 3335 810 3391 fidem
844 3349 947 3389 non
980 3332 1179 3388 violant
1212 3350 1226 3387 :
1256 3332 1451 3403 quippe
1475 3334 1670 3387 rituum
1691 3331 1993 3387 differentia
2030 3337 2212 3388 ecete-

651 3414 1020 3491 siasticoruin,
1055 3426 1324 3481 hominem
1374 3441 1401 3479 a
1460 3422 1771 3481 Christiana
1820 3426 2079 3494 religione
2111 3444 2215 3482 non

651 3520 954 3587 submovet.
1008 3514 1160 3572 Nunc
1207 3531 1360 3581 vero,
1402 3520 1448 3572 st
1503 3518 1700 3586 placet,
1732 3518 1964 3573 reditum
2006 3530 2213 3589 parate.

650 3608 780 3663 Post
803 3607 949 3664 enim
978 3608 1273 3663 discessum
1313 3617 1571 3674 vestrum,
1606 3610 1671 3663 ad
1704 3624 1853 3663 meos
1874 3623 2062 3665 omnes
2091 3613 2212 3678 epi-

649 3714 840 3769 scopos
868 3699 1121 3765 scribam,
1150 3708 1208 3754 ut
1239 3696 1316 3749 vel
1347 3698 1445 3767 ipsi
1484 3698 1721 3763 veniant,
1749 3699 1832 3755 vel
1862 3700 2066 3770 legatos
2086 3702 2215 3755 mit-

652 3800 788 3855 tant,
822 3798 1084 3859 quotquot
1113 3790 1292 3860 gravis
1322 3803 1483 3842 causa
1516 3787 1582 3843 ad
1623 3789 1890 3860 synodum
1919 3791 2215 3846 convenire

651 3882 918 3951 prohibet.
956 3879 1127 3934 Porro
1177 3894 1313 3950 opus
1339 3890 1421 3934 est
1469 3888 1527 3933 ut
1565 3895 1664 3949 ego
1691 3881 1905 3936 nnionis
1938 3884 2213 3953 negotium

651 3989 755 4027 non
787 3974 906 4027 sine
932 3971 1172 4026 Albaniae
1200 3972 1452 4025 Generali
1487 3973 1776 4041 transigam
1810 3990 1824 4025 :
1850 3973 1936 4027 hic
1957 3974 2099 4027 enim
2127 3990 2216 4029 se-

653 4063 773 4114 dem
795 4058 1037 4130 Gregorii
1066 4059 1205 4113 illius
1236 4061 1433 4113 insidet
1458 4061 1546 4128 qui
1570 4061 1745 4113 sancti
1767 4058 2014 4130 Gregorii
2050 4076 2216 4130 nepos

650 4151 774 4213 fuit,
807 4150 860 4203 in
906 4150 1156 4202 Armenia
1210 4163 1421 4218 magna,
1463 4150 1681 4217 quie’um
1730 4151 1860 4204 mihi
1893 4152 2214 4221 spiritalium

654 4239 989 4307 negotiorum
1026 4246 1280 4304 perpetua
1328 4238 1637 4288 communio
1681 4248 1786 4301 est,
1825 4238 1896 4290 ita
1930 4249 1985 4291 ut
2026 4249 2217 4293 neuter

654 4329 826 4382 inscio
855 4328 1023 4381 altero
1054 4328 1342 4396 quidquam
1386 4336 1530 4395 agat.
1571 4326 1668 4381 Est
1716 4338 1898 4383 autem
1945 4329 2085 4384 inter
2119 4346 2216 4385 nos

654 4421 996 4477 intervallum
1025 4420 1126 4474 iter
1155 4419 1446 4485 mensium,
1482 4427 1537 4472 ut
1572 4434 1716 4483 reor,
1761 4423 1945 4473 trium.

726 4705 981 4762 THEOR.
1035 4704 1388 4771 Quandouam
1446 4704 1712 4775 synodum
1777 4712 2065 4757 coacturus
2121 4702 2220 4756 es?

658 4799 893 4870 Tempus
920 4800 1066 4853 enim
1107 4799 1324 4854 deiiuite
1375 4798 1529 4851 nobis
1575 4797 1851 4865 designari
1889 4804 2129 4866 oportet,
2164 4799 2220 4849 ut

657 4894 970 4961 imperatori
1003 4902 1056 4945 et
1090 4890 1344 4945 Ecclesiae
1376 4891 1761 4959 significemus.

663 5154 902 5211 siasticis
944 5153 1076 5207 viris
1122 5152 1222 5207 hac
1250 5151 1446 5205 virtute
1494 5151 2034 5217 convenientissima;
2067 5151 2220 5220 cujus

664 5227 739 5279 rei
806 5224 1081 5277 cumulare
1140 5220 1603 5292 testiinoniainon
1664 5224 1906 5276 interest.
1946 5222 2222 5292 Sylvester

662 5303 806 5350 certe
837 5292 875 5345 ll
914 5293 964 5345 in
1018 5293 1215 5345 celebri
1263 5293 1327 5343 ad
1362 5289 1417 5343 S.
1454 5291 1781 5359 Stephanum
1835 5289 2011 5361 regem
2066 5291 2216 5345 Bulla

664 5368 793 5419 nihil
840 5368 903 5417 de
937 5365 1175 5416 caelibatu
1229 5364 1375 5414 dicit.
1410 5361 1548 5413 ldetn
1584 5377 1707 5414 vero
1757 5362 1807 5414 itt
1861 5377 2111 5416 sermone
2150 5365 2215 5415 ad

663 5436 944 5502 episcopos
998 5433 1173 5501 (apud
1229 5430 1597 5484 Mabillouium
1642 5433 1839 5484 Anectl.
1908 5432 1995 5485 ed.
2066 5447 2212 5491 nov.,

662 5522 717 5576 p.
755 5504 849 5557 l0l
877 5506 893 5572 )
939 5504 1094 5576 verba
1122 5502 1455 5576 Pattliuuuitts
1481 5503 1657 5576 uxoris
1687 5504 1759 5553 vir
1792 5502 2097 5555 liltcraliter
2121 5517 2215 5555 cx-

664 5571 842 5643 piunt,
879 5587 944 5626 ne
981 5574 1221 5641 bigamus
1256 5571 1328 5645 (id
1360 5573 1569 5645 estqui
1597 5573 1803 5645 duabus
1832 5573 2086 5625 uxoribus
2107 5573 2217 5640 jam

664 5642 929 5699 dctunrns
965 5642 1467 5711 copulatus'tuerit)
1510 5642 1573 5693 ad
1622 5644 1990 5711 episcopatum
2028 5657 2188 5698 ascen

2318 3058 2482 3127 λέγω,
2514 3060 2613 3112 οὐκ
2644 3058 3126 3129 ὲμποδισθήσεται.
3174 3059 3267 3111 Δεῖ
3297 3061 3404 3130 γὰρ
3438 3063 3575 3131 μήτε
3608 3064 3761 3132 ἡμᾶς
3792 3064 3897 3133 τῆς

2319 3152 2461 3220 ἄγαν
2491 3151 2779 3223 ἀκριϐείας
2817 3153 2952 3222 μήτε
2990 3152 3133 3221 ὑμᾶς
3160 3150 3260 3221 τὴν
3293 3134 3493 3205 ἕνωσιν
3527 3151 3897 3223 βουλομένους

2318 3240 2641 3311 ἀντέχεσθαι
2663 3279 2679 3305 ,
2714 3240 2852 3303 ἀλλά
2878 3257 3002 3295 τινα
3027 3242 3294 3313 παρορᾷν,
3331 3240 3432 3294 ὅσα
3472 3242 3571 3311 τὴν
3603 3243 3794 3297 πίστιν
3832 3243 3897 3296 οὐ

2320 3314 2704 3403 παραϐλάπτει
2723 3346 2740 3362 °
2766 3329 3062 3401 ωνηθειῶν
3093 3330 3202 3401 γάρ
3222 3332 3484 3401 διαφορὰν
3502 3331 3900 3401 ἐκκλησιαστι-

2320 3426 2455 3490 κῶν,
2500 3423 2789 3496 ἄνθρωπον
2835 3424 2930 3478 τοῦ
2979 3426 3413 3496 Χριστιανισμοῦ
3455 3426 3556 3479 οὐκ
3588 3426 3898 3498 ἀλλοτριοῖ.

2319 3515 2435 3570 Νῦν
2460 3511 2574 3581 οὖν,
2595 3517 2644 3568 εί
2665 3515 2937 3580 κελεύετε,
2974 3516 3081 3569 ἀπὸ
3109 3515 3203 3569 τοῦ
3234 3516 3327 3571 νῦν
3362 3518 3725 3587 ἑτοιμάσθητε
3751 3520 3899 3590 πρὸς

2321 3609 2705 3680 ὑποστροφήν
2767 3610 2864 3663 καὶ
2926 3609 3062 3680 μετά
3124 3610 3223 3681 τὴν
3292 3610 3444 3681 ὑμῶν
3512 3610 3900 3683 ἀναχώρησιν,

2319 3700 2517 3771 γράψω
2548 3701 2684 3770 πρὸς
2712 3700 2958 3764 ἅπαντας
3007 3702 3133 3763 τοὺς
3179 3700 3345 3771 ἐμοὺς
3387 3702 3683 3772 ἀρχιερεῖς,
3714 3702 3753 3772 ἢ
3811 3704 3900 3756 ῐνα

2320 3793 2477 3845 αὐτοὶ
2508 3790 2757 3855 ἔλθωσιν,
2812 3791 2844 3861 ἢ
2880 3792 3257 3860 τοποτηρητὰς
3312 3791 3903 3856 ἀποστείλωσιν,’ὃσοι

2318 3884 2565 3955 δηλονότι
2591 3885 2659 3936 δι’
2685 3883 2989 3951 ἀναγκαίας
3020 3884 3202 3947 αἰτίας
3232 3884 3310 3947 είς
3338 3885 3437 3954 τὴν
3465 3885 3683 3937 σύνοδον
3706 3902 3905 3955 παρα-

2318 3976 2571 4044 γενέσθαι
2616 3976 2674 4028 oo
2703 3976 2980 4029 δύνανται.
3019 3973 3160 4043 Ἐγὼ
3190 3975 3245 4027 δὲ
3296 3975 3433 4039 πρὸς
3465 3976 3708 4045 ἀνάγκης
3758 3976 3908 4044 μετά

2318 4067 2413 4121 τοῦ
2447 4066 2751 4121 Καθολικοῦ
2783 4067 2878 4119 τοῦ
2922 4066 3122 4119 Ἀλὸὰκ
3149 4067 3261 4138 (50)
3311 4066 3415 4142 ,τὴν
3449 4068 3640 4119 ἕνωσιν
3680 4064 3908 4131 ταύτην

2320 4161 2563 4228 ποιήσω·
2596 4153 2753 4221 οὗτος
2778 4160 2885 4227 γὰρ
2912 4159 3099 4229 ἐπέχει
3130 4159 3221 4211 τὸν
3244 4158 3433 4228 θρόνον
3464 4159 3499 4209 Γ
3507 4158 3781 4229 ρηγορίου
3806 4162 3908 4212 τοῦ

2324 4251 2549 4318 ὲγγόνου
2585 4249 2676 4303 τοῦ
2715 4251 2871 4317 ἁγίου
2912 4250 3215 4319 Γρηγορίου
3259 4250 3356 4318 τῆς
3406 4250 3646 4319 μεγάλης
3690 4250 3912 4321 Ἀρμε-

2326 4341 2464 4405 νίας,
2490 4342 2584 4393 καὶ
2608 4328 2691 4394 ἀεί
2723 4342 2888 4409 ὲομεν
2920 4342 2979 4391 ἐν
2996 4342 3113 4402 ταῖς
3144 4342 3540 4408 πνευματικαῖς
3574 4341 3909 4402 ὑποθέσεσι,

2326 4433 2419 4485 καὶ
2467 4430 2618 4484 οὐδὲν
2668 4416 2800 4499 ἄτερ
2851 4430 3093 4500 ἀλλήλων
3146 4428 3429 4499 ποιοῦμεν.
3472 4431 3626 4483 Ἐστι
3660 4431 3722 4485 δὲ
3775 4434 3913 4487 ὀδοῦ

2325 4524 2601 4591 διάστημα
2651 4524 2745 4575 ἀπ’
2793 4520 3041 4574 ἐντεῦθεν
3088 4522 3190 4584 ἔτος
3246 4524 3361 4573 ἐκεῖ
3410 4521 3508 4593 οὐχ
3539 4518 3709 4593 ἦττον
3740 4520 3914 4593 οἶμαι

2332 4612 2516 4685 μηνῶν
2556 4613 2739 4683 τριῶν.

2408 4706 2468 4759 '0
2496 4705 2690 4759 ΘΕΩΡ.
2713 4705 2821 4757 Καὶ
2858 4707 2986 4757 πότε
3019 4706 3230 4775 μέλλεις
3256 4707 3477 4778 ποιῆσαι
3509 4706 3605 4777 τὴν
3623 4707 3872 4763 σύνοδον
3901 4726 3916 4773 ;

2333 4796 2525 4851 Δοῦναι
2556 4797 2666 4865 γὰρ
2701 4798 2830 4863 ἡμῖν
2867 4797 3102 4863 ὀφείλεις
3140 4799 3404 4866 ὀνομαστὶ
3434 4798 3526 4851 τὸν
3561 4800 3796 4869 καιρὸν,
3827 4803 3919 4855 ινα

2332 4890 2467 4957 πρὺς
2492 4889 2582 4939 τὸν
2624 4886 2847 4956 βασιλέα
2887 4889 2977 4939 καὶ
3023 4888 3123 4958 τὴν
3166 4888 3492 4959 Ἐκκλησίαν
3538 4889 3700 4943 τοῦτο
3750 4893 3917 4960 γνῶ-

2334 4994 2589 5051 ρισωμεν.

2328 5153 2451 5219 dat;
2490 5152 2770 5223 allegorice
2800 5169 2947 5220 vero,
2990 5172 3056 5212 ne
3084 5156 3369 5227 episcopus
3399 5169 3521 5227 post
3569 5161 3927 5221 catholicum

2328 5227 2542 5291 dogma,
2574 5239 2789 5278 sensum
2828 5228 3135 5281 haeretieum
3169 5238 3381 5293 sumat;
3413 5231 3618 5286 scilicet
3646 5245 3718 5286 ut
3745 5240 3926 5293 unius

2330 5295 2533 5368 uxo_r_i_s,
2554 5294 2625 5368 __id
2664 5306 2747 5368 est
2764 5295 3061 5368 _Ecclesize,
3096 5296 3179 5350 vir
3202 5298 3516 5366 appelletur.

2406 5363 2515 5441 (50)
2550 5363 2847 5441 Deorigine
2870 5370 3176 5441 Armeniaci
3203 5363 3602 5441 patriarchatns
3625 5372 3929 5441 Albanim,

2325 5438 2412 5502 qui
2446 5437 2713 5509 secundus
2737 5440 2877 5509 inter
2904 5437 3299 5509 patriai-chains
3318 5440 3601 5495 Armenios
3630 5437 3929 5509 dignitate

2323 5513 2459 5583 crat,
2496 5503 2684 5583 lege‘sis
2715 5507 2927 5583 doctum
2957 5522 3111 5583 Opus,
3144 5508 3245 5583 cui
3274 5508 3461 5562 titulus
3504 5526 3519 5565 :
3565 5503 3932 5579 ϋοηίίςεηάδο

2324 5574 2519 5646 storiro
2560 5574 2614 5646 di
2644 5578 2885 5629 memorie
2930 5577 3289 5646 cronulogiclte
3322 5581 3651 5634 conceruemi
3684 5574 3751 5637 Ir:
3798 5592 3931 5641 reti-

2325 5645 2473 5713 giouc
2506 5659 2532 5697 ε
2562 5644 2613 5697 la
2649 5648 2844 5701 "torale
2883 5650 3018 5701 tlcllu
3053 5644 3275 5702 naitoue
3303 5651 3549 5718 Armenii,
3575 5661 3615 5708 t.
3653 5653 3739 5721 ll,
3778 5671 3841 5727 p.
3877 5660 3933 5715 9.
