3982 6326
696 303 802 366 283

2102 323 2531 385 THEORIANI
2564 392 2570 402 ,

3806 326 3905 388 284

705 414 820 479 ipse
859 424 921 468 ct.
959 414 1102 474 Dens
1137 431 1319 478 noster
1349 424 1593 500 Philippo
1627 430 1827 485 dixerat
1862 451 1874 486 :
1916 432 2082 488 Tanto
2133 446 2252 488 tem.

2365 435 2498 508 Θεῖς
2550 436 2726 506 ἡμῶν
2753 435 2889 508 πρὸς
2922 437 3014 491 τὸν
3055 436 3320 490 Φίλιππον
3352 437 3540 505 εἴρηκε
3568 452 3582 466 ·
3616 434 3908 492 Τοσοῦτον

693 520 820 572 pore
849 509 1107 562 vobiscum
1159 529 1294 573 sum.
1323 528 1370 570 et
1418 520 1647 572 nondum
1687 527 1964 590 cognovisti
1998 544 2097 591 me,
2136 529 2260 583 Plii-

695 594 880 664 fippe!
917 598 1022 662 Qui
1052 603 1174 656 cidit
1229 621 1330 670 me,
1365 609 1494 661 vidit
1531 624 1577 663 et
1610 613 1818 669 Patrem
1847 612 2014 671 meum
2038 621 2104 674 “.
2141 619 2257 676 Non

696 687 842 750 quod
881 685 1109 742 Verbum
1149 693 1354 771 absque
1379 711 1541 750 carne
1594 701 1837 755 viderent
1875 705 2121 771 apostoli,
2162 707 2257 762 sed

695 776 820 840 quia
889 770 1467 849 inrarnatum‘Deum,
1527 800 1584 843 ut
1620 807 1778 846 unum
1836 795 2255 867 indivisumqne,

694 880 722 920 ε
743 882 776 928 ιι
818 867 1050 922 illrabat.

769 945 1038 1010 P-mferca
1072 971 1316 1026 pastores
1340 965 1406 1017 ab
1429 967 1616 1035 angelo
1637 969 1913 1026 nuntiante
1931 975 2210 1030 audierunt
2237 996 2254 1032 :

702 1043 879 1099 Natus
917 1058 992 1101 est
1023 1051 1350 1109 uobis'hodie
1379 1055 1625 1110 Servatur
1649 1061 1712 1114 ".
1741 1061 1848 1115 Vos
1880 1080 2090 1135 quoque
2126 1068 2259 1122 fate-

696 1135 825 1186 mini
871 1136 1160 1194 humanam
1195 1154 1442 1199 naturam
1482 1149 1622 1202 haud
1650 1167 1770 1207 esse
1807 1154 2166 1222 Servatoretn,
2205 1169 2259 1214 et

692 1224 930 1280 divinam
977 1240 1223 1287 naturam
1258 1237 1378 1290 sine
1409 1253 1574 1294 carne
1626 1243 1681 1296 in
1732 1247 1924 1298 mumio
1973 1262 2080 1301 non
2138 1263 2258 1303 esse

694 1327 872 1370 natam
911 1338 923 1373 :
958 1335 1200 1386 superest
1233 1325 1392 1393 igitur
1421 1338 1477 1383 ut
1499 1329 1840 1387 Servatorem
1875 1337 2051 1402 ipsum
2079 1341 2258 1405 appel-

695 1405 863 1460 lemus
894 1412 984 1478 qui
1030 1413 1093 1468 de
1132 1412 1348 1484 Virgine
1381 1432 1534 1474 natus
1567 1434 1668 1477 est.
1705 1425 1847 1479 Unus
1890 1442 1918 1481 a
1959 1430 2112 1483 nobis
2138 1448 2258 1486 cre-

697 1497 841 1552 ditur
865 1501 1001 1568 ipse,
1029 1503 1181 1572 juxta
1204 1509 1323 1563 fidei
1349 1510 1716 1568 definitionem
1737 1532 1762 1568 a
1793 1520 1990 1572 sanctis
2010 1520 2256 1578 Patrilms

697 1585 748 1639 in
781 1587 988 1657 Spiritu
1029 1606 1217 1650 sancto
1253 1596 1444 1653 Nicaea!
1473 1603 1817 1672 cdugrcgatis
1841 1609 2056 1672 editam,
2101 1611 2256 1666 Jcsus

696 1676 968 1742 Christus,
1013 1684 1339 1753 unigenitum
1388 1689 1644 1758 Verbum,
1699 1699 1875 1753 lumen
1922 1703 1985 1754 de
2029 1691 2247 1765 lumine.

695 1767 836 1825 Dens
858 1788 1013 1828 verus
1036 1775 1102 1829 de
1133 1775 1240 1832 Deo
1271 1795 1418 1837 vero.
1462 1783 1737 1855 Velimque
1776 1805 1867 1843 vos
1898 1793 2062 1858 probe
2090 1798 2251 1860 scire,
2288 1770 2326 1823 Β

687 1857 813 1913 Jesn
842 1878 1035 1918 nomen
1073 1883 1177 1922 non
1215 1872 1279 1924 de
1309 1873 1482 1926 divina
1513 1884 1881 1935 tantummodo
1908 1896 2094 1938 natura
2125 1889 2251 1952 dici,

689 1952 781 2004 sed
817 1952 883 2006 de
919 1955 1200 2012 incarnato
1237 1959 1365 2026 Deo,
1399 1964 1487 2030 qui
1521 1977 1603 2020 est
1644 1967 1800 2026 Jesus
1831 1973 2093 2030 Christus.
2133 1979 2248 2033 Alia

690 2039 915 2138 plurium
943 2033 1067 2108 stiut
1096 2047 1146 2100 iu
1179 2049 1376 2106 divinis
1411 2053 1724 2125 Scripturis,
1765 2077 1883 2130 quae
1910 2065 2098 2136 dogma
2127 2084 2251 2138 prn-

692 2129 818 2182 baut
841 2150 854 2197 ;
881 2135 978 2188 sed
1014 2152 1110 2190 nos
1136 2153 1304 2206 pauca
1336 2143 1446 2198 haec
1485 2150 1641 2200 verba
1667 2129 1814 2205 vobis
1846 2129 2159 2220 obtulimus,
2194 2169 2251 2212 ut

690 2228 1033 2290 cngnoscalis
1064 2245 1164 2284 nos
1186 2232 1555 2304 inculpabiles,
1585 2253 1704 2293 cum
1738 2243 1906 2310 ipsum
1934 2247 2252 2302 confitemur

689 2327 848 2366 unam
887 2331 1007 2371 esse
1058 2319 1409 2391 hyposlasim,
1451 2328 1500 2382 id
1532 2340 1612 2384 est
1651 2347 1807 2385 unam
1840 2335 2040 2391 Christi
2093 2349 2250 2394 natu-

687 2424 822 2462 ram.
848 2410 979 2466 Nam
1012 2415 1076 2468 de
1108 2426 1301 2471 cmtero
1334 2421 1534 2478 scimus
1563 2436 1616 2479 et
1639 2429 1928 2498 credimus,
1951 2448 2014 2486 ex
2042 2433 2248 2490 duabus

686 2498 860 2566 ipsum
891 2518 1012 2559 esse
1053 2507 1355 2574 inconfuse,
1402 2512 1649 2581 indivise,
1712 2520 2136 2590 immutabiliter,
2168 2528 2251 2579 in-

685 2594 1128 2653 convertibiliter.
1169 2597 1332 2655 nunc
1379 2605 1650 2678 credimus
1677 2617 1829 2665 vetus
1867 2611 2041 2668 fcedus
2095 2631 2247 2671 com-

686 2681 934 2750 plcvisse,
966 2687 1134 2756 ‘juxta
1187 2693 1568 2759 prophetarum
1618 2701 1894 2756 vaticinia.
1954 2705 2094 2760 Idem
2125 2723 2246 2761 cor-

687 2790 817 2842 pore
844 2778 1202 2837 circumcisus
1234 2793 1338 2850 est,
1396 2790 1537 2857 quod
1567 2801 1751 2847 nostro
1797 2796 1972 2851 simile
2003 2800 2246 2853 circum-

689 2865 890 2921 ferebat
918 2874 1156 2939 passioui
1190 2873 1476 2932 obnoxium
1514 2885 1740 2938 mortale
1770 2894 1822 2939 et
1843 2893 2193 2958 corruptibile
2230 2909 2242 2945 :

603 2953 612 2961 '
690 2975 992 3029 quanquam
1035 2978 1224 3020 revera
1259 2984 1361 3023 non
1403 2972 1540 3034 sivit,
1572 2990 1790 3031 carnem
1836 2995 1985 3033 suram
2016 2984 2248 3050 experiri

683 3051 1108 3121 corruptionem.
1148 3055 1345 3114 Eadem
1375 3062 1430 3115 in
1479 3079 1642 3121 carne
1690 3069 1972 3139 jejunavit,
2020 3083 2249 3130 tentato-

686 3157 798 3195 rcm
830 3149 1124 3216 superavit,
1148 3151 1406 3206 miracula
1434 3156 1763 3228 virtutesque
1787 3164 2038 3229 patravit,
2059 3179 2250 3233 passus

683 3244 790 3297 est,
826 3238 1152 3307 cruccfixus,
1197 3256 1475 3310 .mortuus,
1508 3251 1771 3316 sepultus,
1822 3255 1975 3308 tertia
2022 3256 2252 3326 denique

687 3327 772 3381 die
807 3334 1121 3388 resurrexit.

759 3524 892 3590 Quia
921 3543 1049 3584 vero
1078 3534 1315 3587 nonnulli
1347 3549 1374 3588 τι
1401 3537 1554 3590 nobis
1585 3539 1912 3604 existimant,
1941 3541 2249 3598 Passionem

599 3671 601 3675 ,
684 3617 950 3674 divinitati
985 3623 1218 3688 obtrudi,
1259 3628 1397 3694 quod
1433 3629 1570 3680 absit
1618 3643 1673 3682 ut
1709 3649 1939 3698 unquam
1975 3635 2248 3701 dicamus;

687 3710 772 3762 eiu
809 3721 965 3776 'nns,
1023 3725 1182 3783 prout
1237 3717 1431 3772 divina:
1490 3718 1782 3787 Scriptum
1829 3724 2022 3788 solent,
2073 3727 2251 3778 dicere

691 3800 856 3855 [lcum
893 3818 1104 3871 passum
1135 3816 1188 3860 et
1218 3818 1511 3874 mortuum,
1553 3813 1707 3866 sicuti
1751 3821 1803 3866 et
1855 3813 2052 3867 Paulus
2086 3827 2250 3871 testa-

685 3899 791 3957 tur,
844 3897 936 3949 sed
990 3900 1042 3950 in
1075 3915 1238 3953 carne
1284 3902 1551 3966 humana;
1585 3907 1747 3958 veluti
1789 3917 2006 3961 sanctus
2037 3923 2249 3978 quoque

685 3981 915 4042 Basilius
949 3988 1236 4058 Cappadox
1275 3994 1349 4044 ait
1378 4011 1392 4047 :
1444 3992 1612 4047 Sicuti
1677 3983 1874 4050 ferrum
1906 3997 2009 4065 igni
2042 3984 2298 4065 unitur,’

684 4078 812 4144 quin
839 4086 1018 4133 tamen
1060 4082 1196 4150 ignis
1225 4099 1310 4145 ea,
1360 4100 1480 4154 qum
1513 4084 1737 4151 ferrmn,
1801 4090 2053 4154 patiatur.
2108 4090 2246 4143 Rur-

683 4184 780 4223 sus
829 4171 987 4226 sicuti
1048 4174 1225 4228 auima
1277 4176 1590 4245 incorpore
1631 4181 1819 4248 recipit
1877 4182 2246 4237 infirmitatum

686 4261 986 4328 passiones,
1048 4263 1266 4330 famem,
1297 4277 1549 4333 mortem,
1591 4270 1718 4337 quin
1758 4279 1932 4325 tamen
1975 4274 2150 4325 anima
2183 4275 2249 4327 ab

684 4351 769 4405 his
799 4354 1054 4421 patiatur,
1081 4357 1201 4422 quia
1239 4358 1498 4424 spiritalis
1523 4371 1576 4413 ct
1609 4362 2028 4430 iucorruptibilis
2059 4375 2246 4416 natura

2324 529 2587 594 ’χρόνον
2637 529 2768 596 μεθ’
2816 527 2981 596 ὑμῶν
3034 531 3171 598 εθμίο
3230 527 3326 581 καί
3375 529 3486 580 σῦκ
3531 527 3906 595 ⁸⁷⁷”ω²⁶ἀίυ’¹¹⁸’

2361 618 2658 682 diuinae,-
2702 618 2753 669 Ὀ
2781 618 3048 684 ἑωρακὼς
3113 617 3236 682 ἐμὲ.
3269 615 3489 684 ἑώρακε
3527 617 3634 669 τὸν
3661 619 3906 686 Πατέρα.

2361 710 2472 777 (ιὺχ
2503 711 2582 762 ὅτι
2608 709 2698 762 τὸν
2725 709 2899 776 Λόγον
2938 711 3065 764 ἄνευ
3113 712 3309 778 σαρκὸς
3363 707 3630 780 ἐθεώρουν
3678 710 3729 761 οἱ
3783 711 3909 764 ἁπόο

2362 799 2559 864 στολοι,
2600 801 2732 852 ἀλλὰ
2769 801 2858 852 τὸν
2891 798 3313 869 σεσαρκωμένον
3364 798 3498 850 Θεὸν
3550 798 3626 862 ὡς
3670 799 3765 851 ἕνα
3816 801 3904 851 καὶ

2361 891 2659 958 ἀμέριστον
2683 890 2896 960 ἐδήλου.

2432 980 2553 1034 Ἔτι
2578 980 2635 1032 δὲ
2668 982 2717 1033 of
2774 979 3040 1054 ποιμένες
3082 968 3186 1032 ὑπὸ
3221 979 3314 1033 τοῦ
3359 979 3593 1048 ἀγγέλου
3628 981 3909 1048 εὐαγγελι-

2358 1071 2574 1140 ζόμενοι
2601 1073 2795 1140 ἢκουον
2826 1087 2839 1102 ·
2868 1070 3165 1126 Γεννᾶται
3195 1071 3337 1140 ἡμῖν
3361 1073 3628 1139 σήμερον
3662 1071 3864 1137 Σωτήρ
3894 1089 3906 1104 ⁸

2358 1165 2453 1217 καὶ
2481 1165 2637 1231 ὑμεῖς
2679 1166 3008 1234 μαρτυρεῖτε
3040 1165 3126 1216 ὅτι
3167 1165 3197 1233 ὴ
3231 1164 3552 1234 ἀνθρωπίνη
3591 1162 3756 1231 φύσις
3803 1164 3910 1215 Σω-

2355 1262 2458 1330 τὴρ
2495 1261 2595 1313 οὑκ
2640 1259 2782 1324 ἔστι,
2819 1261 2914 1313 καὶ
2963 1261 2994 1328 ἡ
3029 1259 3149 1312 θεία
3183 1265 3343 1327 φύσις
3386 1261 3514 1312 ἄνευ
3558 1259 3762 1328 σαρκὸς
3813 1258 3908 1309 οὐκ

2358 1353 2662 1424 ἐγεννήθη·
2698 1351 2884 1409 λοιπὸν
2941 1353 3035 1406 ἕνα
3095 1355 3320 1422 Σωτῆρα
3373 1350 3537 1406 αὑτὸν
3588 1351 3776 1404 καλεῖν
3823 1347 3908 1400 τὸν

2357 1447 2686 1515 γεννηθέντα
2740 1449 2804 1500 ἐκ
2854 1436 2954 1516 τῆς
3014 1445 3312 1515 Παρθένου.
3385 1444 3523 1497 Ἕνα
3583 1441 3908 1509 πιστεύομεν

2357 1538 2521 1589 αὑτὸν
2577 1539 2718 1590 κατά
2766 1537 2854 1589 τὸν
2901 1540 3024 1604 ὅρον
3073 1536 3174 1602 τῆς
3223 1537 3460 1598 πίστεως
3493 1535 3584 1588 τὸν
3620 1534 3911 1586 ἐκτεθέντα

2357 1627 2460 1678 ὑπὸ
2499 1626 2606 1678 τῶν
2636 1627 2694 1678 ἐν
2728 1626 2866 1694 ἁγίῳ
2893 1625 3166 1691 Πνεύματι
3199 1624 3595 1692 ἀθροισθέντων
3620 1625 3676 1675 ἐν
3705 1622 3911 1690 Nimia

2354 1715 2529 1781 ἁγίων
2571 1713 2832 1784 Πατέρων
2858 1730 2870 1742 ’
2918 1713 3121 1782 Ἰησοῦς
3147 1714 3380 1782 Χριστὸς
3399 1711 3692 1782 μονογενὴς
3715 1711 3908 1778 Λόγος,

2360 1806 2474 1873 φῶς
2514 1808 2578 1859 ὲκ
2609 1806 2809 1872 φωτὸς,
2863 1805 2994 1866 Θεὸς
3043 1804 3295 1874 ἀληθινὸς
3350 1805 3413 1856 ἐκ
3460 1803 3593 1855 Θεοῦ
3629 1801 3906 1870 ἀληθινοῦ.

2361 1898 2468 1950 Καὶ
2498 1897 2675 1958 καλῶς
2704 1896 3001 1964 γινώσκετε
3027 1897 3109 1948 ὄτι
3139 1895 3200 1948 τὸ
3247 1894 3453 1964 Ἰησοῦς
3489 1894 3658 1962 ὄνομα
3688 1893 3791 1945 οὑκ
3824 1892 3912 1943 ἐπὶ

2355 1987 2420 2053 τῇ
2451 1984 2569 2053 θείᾳ
2599 1983 2760 2052 φύσει
2788 1983 2920 2051 μόνῃ
2969 1982 3330 2051 ὁμολογεῖται,
3359 1980 3478 2034 ἀλλ’
3513 1981 3604 2033 ἐπὶ
3649 1979 3803 2031 Θεὸν
3833 1996 3912 2030 σε·

2358 2075 2732 2142 σαρκωμένον,
2771 2074 2828 2134 ὃς
2861 2075 3007 2125 ἐστιν
3040 2071 3244 2139 Ἰησοῦς
3285 2071 3538 2140 Χριστός.
3591 2073 3697 2122 Καὶ
3748 2069 3910 2138 ἕτερα

2358 2165 2589 2220 πλεῖστά
2625 2166 2762 2216 εἰσιν
2794 2166 2850 2216 ἐν
2883 2165 3001 2228 ταῖς
3028 2162 3202 2224 θείαις
3233 2161 3476 2231 Γραφαῖς
3504 2161 3660 2214 τοῦτο
3683 2160 3910 2231 δηλοῦν-

2354 2274 2460 2308 τα’
2493 2254 2668 2308 ταῦτα
2722 2254 2789 2306 τὰ
2841 2253 3094 2320 ὀλιγοστά
3149 2253 3368 2323 ῥήματα
3411 2253 3721 2333 ἠνέγκαμεν
3762 2254 3908 2320 ὑμῖν,

2356 2349 2496 2418 πρὸς
2569 2347 2629 2399 τὸ
2685 2347 2887 2412 γνῶναι
2934 2347 3017 2398 ὅτι
3070 2344 3237 2396 ἀθῶοί
3295 2346 3461 2413 ἐσμεν
3523 2342 3910 2412 ὁμολογοῦντες

2354 2441 2516 2495 αὑτὸν
2551 2439 2680 2508 μίαν
2713 2437 3030 2501 ὑπόστασιν,
3061 2438 3225 2506 ἧγουν
3265 2435 3394 2505 μίαν
3423 2435 3608 2502 φύσιν,
3648 2433 3740 2486 τὸν
3784 2435 3912 2503 Χρι-

2357 2531 2502 2582 στόν.
2555 2527 2665 2582 Καὶ
2712 2527 2821 2598 γὰρ
2851 2526 3194 2596 γινώσκομεν
3224 2525 3315 2579 καὶ
3357 2525 3687 2594 πιστεύομεν
3717 2527 3805 2579 ὅτι
3851 2527 3911 2576 ἐκ

2351 2621 2446 2674 δύο
2490 2620 2638 2672 ἐστὶν
2690 2619 3014 2688 ἀσυγχύτως
3049 2619 3145 2672 καλ⁸
3179 2616 3498 2687 ἀμερίστως
3557 2617 3652 2671 καὶ
3699 2617 3911 2686 ἀμετα-

2352 2715 2565 2785 ϐλήτως
2594 2713 2688 2766 καὶ
2711 2712 3161 2783 ἀμετατρέπτως.
3205 2709 3406 2763 Τοῦτον
3448 2707 3783 2777 πιστεύομεν
3814 2708 3913 2775 τὴν

2354 2806 2594 2860 παλαιὰν
2645 2805 3068 2876 πεπληρωκέναι
3118 2803 3259 2856 κατὰ
3292 2802 3391 2864 τὰς
3436 2801 3775 2871 προρρήσεις
3808 2797 3914 2850 τῶν

2355 2894 2673 2964 προφητῶν,
2711 2894 2801 2945 καὶ
2851 2891 3189 2962 περιετμήθη
3235 2890 3311 2958 τῷ
3349 2887 3588 2958 σώματι,
3645 2885 3714 2957 [ὃ]
3774 2885 3913 2969 καθὰ

2354 2989 2447 3041 καὶ
2495 2988 2558 3040 τὸ
2605 2986 2877 3058 ἡμέτερον
2939 2982 3184 3052 παθητὸν
3263 2980 3454 3050 θνητὸν
3523 2980 3617 3034 καὶ
3671 2977 3914 3046 φθαρτὸν

2353 3081 2539 3149 ἐφόρει
2579 3073 2590 3106 έ
2629 3079 2722 3132 καὶ
2779 3077 2888 3129 οὐδ’
2943 3074 3274 3142 ἐγκατέλιπε
3325 3073 3426 3143 τὴν
3480 3069 3672 3124 ἐαυτοῦ
3725 3069 3914 3140 σάρκα

2355 3171 2482 3224 ἰδεῖν
2509 3170 2808 3239 διαφθοράν
2842 3184 2855 3199 ⁶
2892 3167 2985 3222 καὶ
3016 3168 3074 3219 ἐν
3121 3167 3257 3236 αὐτῇ
3291 3168 3357 3235 τῇ
3392 3164 3552 3232 σαρκὶ
3609 3159 3916 3229 νηστεύσας

2351 3267 2446 3317 καὶ
2481 3261 2797 3334 πειρασθεὶς
2840 3263 2931 3314 καὶ
2967 3262 3194 3329 νικήσας
3245 3258 3465 3310 ἐτέλεσε
3501 3256 3764 3322 θαύματα
3821 3254 3912 3305 καὶ

2350 3356 2631 3423 δυνάμεις,
2657 3355 2751 3407 καὶ
2777 3352 2998 3416 ἔπαθεν,
3024 3349 3366 3422 ἐσταυρώθη,
3393 3348 3682 3410 ἀπέθανεν,
3707 3344 3915 3412 ἐτάφη,

2352 3445 2442 3496 καὶ
2472 3432 2669 3513 ἀνέστη
2709 3442 2834 3511 τριή
2846 3459 2910 3510 με
2921 3458 3032 3510 ρος.
3714 3439 3720 3448 ’

2435 3535 2585 3588 Ἐπεὶ
2605 3534 2661 3587 δὲ
2687 3529 2786 3587 ὧδέ
2813 3551 2957 3596 τινες
2989 3532 3110 3585 καθ’
3132 3530 3291 3600 ἡμῶν
3315 3526 3801 3598 ὑπολαμϐάνουσιν
3834 3525 3912 3576 ὅτι

2352 3627 2521 3688 πάθος
2571 3629 2637 3697 τῇ
2688 3626 2901 3696 θεάτητι
2948 3624 3331 3694 προσάγομεν,
3375 3622 3513 3695 ὅπερ
3571 3618 3643 3687 μὴ
3696 3619 3912 3684 γένοιτο

2350 3718 2484 3784 ἡμῖν
2540 3713 2756 3781 λέγεινῐ
2811 3713 2928 3766 ἀλλ’
2990 3712 3178 3779 ὥσπερ
3234 3711 3329 3763 καὶ
3365 3711 3419 3762 αἱ
3471 3709 3611 3761 θεῖαι
3667 3707 3910 3776 Γραφαὶ,

2350 3805 2490 3859 οὕτω
2517 3806 2770 3873 λέγομεν,
2805 3807 2888 3858 ὅτι
2919 3803 3086 3856 ἔπαθε
3131 3801 3260 3864 Θεὸς
3289 3802 3382 3855 καὶ
3421 3799 3712 3862 ἀπέθανεν,
3766 3797 3909 3848 καθαῖ

2350 3897 2443 3948 καὶ
2503 3895 2712 3956 Παῦλος
2787 3896 3074 3964 μαρτυρεῖ,
3139 3891 3255 3945 ἀλλ’
3319 3895 3374 3944 ἐν
3447 3895 3511 3960 τῇ
3578 3888 3900 3956 ἀνθρωπίνῃ

2351 3990 2537 4057 σαρκὶ,
2579 3988 2721 4040 καθά
2748 4004 2879 4052 φησι
2915 3989 3008 4038 xal.
3061 3987 3088 4038 ὁ
3132 3986 3286 4052 ἅγιος
3340 3981 3619 4043 Βασίλειος
3671 3981 3910 4031 Καππα-

2349 4079 2553 4140 δοκίας,
2587 4096 2604 4127 ι
2648 4075 2843 4138 Καθὼς
2869 4078 2894 4128 ὁ
2917 4075 3155 4144 σίδηρος,
3180 4073 3376 4138 λέγων,
3401 4071 3479 4138 τῷ
3509 4071 3642 4138 πυρὶ
3664 4069 3908 4128 ἑνοῦται,

2350 4171 2443 4221 καὶ
2475 4169 2536 4220 οὑ
2567 4168 2627 4218 τὸ
2661 4167 2772 4236 πῦρ
2806 4167 3008 4236 πάσχει
3060 4165 3158 4218 ὅσα
3219 4165 3311 4216 καὶ
3355 4163 3599 4232 σίδηρος.
3626 4179 3643 4210 ι
3696 4158 3909 4219 Ἄλλως

2348 4276 2405 4312 τε
2468 4258 2608 4313 καθὰ
2662 4258 2808 4330 ψυχὴ
2849 4260 2907 4313 ἐν
2951 4243 3163 4324 σώματι
3217 4254 3432 4325 δέχεται
3485 4256 3552 4305 τὰ
3604 4250 3754 4319 πάθη
3801 4249 3908 4300 τῶν

2350 4350 2671 4415 ἀσθενειῶν,
2702 4351 2793 4403 τὸν
2826 4349 3006 4420 λιμὸν,
3042 4349 3135 4402 καὶ⁴
3173 4348 3262 4399 τὸν
3294 4346 3545 4409 θάνατον,
3584 4344 3678 4395 καὶ
3720 4342 3909 4394 οὑκέτι

682 4453 808 4510 est;
853 4434 931 4503 sit:
981 4462 1100 4500 cum
1134 4446 1299 4502 Paulo
1333 4449 1564 4504 fatemur
1619 4452 1782 4519 Deum
1844 4463 2064 4509 mortem
2115 4471 2244 4524 gus-

2353 4445 2382 4512 ή
2416 4442 2565 4514 ψυχὴ
2595 4442 2658 4495 ἐκ
2687 4441 2895 4494 τούτων
2935 4440 3158 4510 πάσχει,
3199 4439 3331 4491 διότι
3364 4435 3711 4504 πνευματικὴ
3744 4434 3906 4500 φύσις

683 4545 848 4603 tassc,
886 4539 1014 4608 quin
1065 4541 1181 4608 ejus
1214 4543 1468 4597 divinitas
1531 4545 1822 4612 quidquam
1861 4560 2013 4613 passa
2068 4547 2245 4601 fuerit.

681 4627 851 4682 Porro
880 4628 1076 4684 sufficit
1127 4633 1486 4702 nobismagni
1537 4634 1700 4703 hujus
1746 4637 1844 4688 viri
1883 4637 2245 4690 testimonium

681 4717 831 4789 (quin
861 4721 1016 4789 plura
1044 4709 1369 4793 scrutemur)
1409 4725 1499 4792 qui
1557 4739 1728 4792 usque
1763 4725 1826 4776 ad
1889 4725 2103 4778 tertium
2134 4741 2249 4781 cce-

681 4810 810 4877 lum,
843 4820 899 4865 ut
930 4822 1131 4879 narrat,
1171 4815 1411 4869 sublatus
1460 4817 1665 4870 audivit
1717 4815 2032 4889 ineffabilia.
2074 4814 2246 4870 Simul

681 4905 1025 4961 meminimus
1060 4921 1089 4959 a
1148 4916 1334 4962 sancto
1393 4907 1556 4962 Paulo
1596 4922 1934 4961 communem
1993 4918 2238 4960 naturam
2278 4958 2282 4962 .

680 4996 936 5064 appellari
964 5006 1016 5050 et
1054 4999 1365 5066 propriam:
1396 5001 1611 5069 pr0pria
1657 5016 1783 5054 vero
1845 5012 2037 5054 natura
2073 5002 2244 5071 hypo-

679 5089 870 5141 stasim
899 5088 1187 5158 significat.
1227 5090 1572 5162 Nequaquam
1617 5093 1779 5162 igitur
1803 5093 2052 5159 dicimus,
2073 5093 2237 5147 Deum

678 5180 954 5234 communi
1007 5191 1198 5237 natura
1251 5183 1457 5238 unitum
1514 5200 1636 5239 esse
1693 5187 1939 5239 humana:
2013 5194 2236 5240 naturae.

679 5271 833 5335 Quod
881 5273 980 5326 nisi
1040 5274 1110 5328 ita
1163 5275 1274 5341 sit,
1334 5286 1441 5330 tota
1493 5277 1730 5331 Trinitas
1775 5279 1867 5332 toti
1918 5279 2238 5332 humanitati

679 5360 824 5414 unita
893 5362 1114 5429 fuisset;
1166 5381 1286 5420 cum
1335 5379 1521 5420 contra
1592 5383 1780 5437 reapse
1814 5368 1862 5422 in
1897 5369 2106 5438 propria
2141 5384 2237 5420 ua-

682 5461 800 5506 tnra
851 5453 1085 5509 Verbum
1121 5457 1458 5526 hypostatice
1507 5462 1658 5514 carni
1695 5460 1901 5513 unitum
1945 5461 2130 5514 fuerit.
2177 5459 2241 5512 Et.

680 5559 778 5600 vos
835 5561 1069 5618 quoque,
1106 5549 1182 5603 uti
1225 5567 1282 5607 se
1344 5567 1428 5606 res
1467 5553 1646 5615 habet,
1703 5569 1766 5606 cx
1820 5553 2024 5609 duabus
2082 5569 2238 5606 uuam

763 5702 810 5735 “
848 5700 1003 5758 Joan.
1044 5705 1246 5773 xrv,-9.
1325 5706 1366 5735 ”
1408 5706 1545 5763 Luc.
1576 5723 1634 5774 ll,
1673 5707 1755 5763 ll.

2344 4535 2460 4587 ἐστὶ
2489 4535 2581 4586 καὶ
2613 4533 2906 4602 ἄφθαρτος,
2941 4531 3084 4585 οὕτω
3116 4532 3252 4600 μετὰ
3287 4530 3497 4581 Παύλου
3532 4524 3906 4596 ὁμολογοῦμεν

2344 4627 2425 4678 ὅτι
2480 4624 2611 4686 Θεὸς
2661 4625 2928 4689 ἐγεύσατο
2967 4622 3220 4680 θανάτου,
3277 4618 3408 4698 pq8‘_
3431 4618 3568 4680 ὅλως
3619 4614 3907 4678 παθούσης

2345 4717 2442 4785 τῆς
2500 4716 2668 4769 αὑτοῦ
2725 4715 3001 4784 θεότητος.
3049 4713 3255 4775 Ἱκανὸς
3303 4714 3433 4782 ἡμῖν
3479 4714 3627 4764 ἐστιν
3680 4704 3839 4771 οὗτος
3878 4708 3904 4757 ὁ

2350 4810 2523 4880 μέγας
2550 4809 2627 4872 εἰς
2669 4809 2996 4878 μαρτυρίαν,
3049 4807 3076 4859 ὁ
3125 4806 3217 4858 καὶ
3274 4804 3378 4865 ἕως
3427 4803 3610 4872 τρίτου
3663 4798 3901 4870 ούρανοῦ

2348 4901 2575 4967 ἀναϐὰς,
2627 4903 2722 4955 καὶ
2761 4901 2830 4954 τὰ
2866 4901 3080 4972 ἄρρητα
3131 4898 3369 4959 ἀκούσας
3423 4895 3518 4949 τοῦ
3571 4895 3774 4956 εἰπεῖν,
3828 4891 3901 4950 ὡς

2349 4997 2561 5065 εἴρηκε,
2603 4994 2699 5048 καὶ
2733 4993 2896 5047 πλέον
2928 4993 3002 5064 μὴ
3035 4993 3282 5063 ἐρευνᾷν.
3313 4991 3416 5043 Σὺν
3450 4987 3658 5049 τούτοις
3699 4987 3905 5049 ὑπομι-

2351 5091 2668 5159 μνήσκομεν
2738 5089 2820 5141 ὅτι
2873 5089 2900 5141 ὁ
2959 5087 3114 5154 ἅγιος
3185 5084 3396 5147 Παῦλος
3481 5083 3665 5149 κοινὴν
3737 5079 3902 5147 φύσιν

2349 5182 2528 5257 [φησὶ]
2585 5184 2678 5236 καὶ
2727 5182 2904 5250 ιδικήν
2931 5198 2944 5210 ”
2981 5180 3073 5232 καὶ
3103 5177 3243 5247 ιδικὴ
3285 5177 3385 5246 μὲν
3424 5175 3586 5244 φύσις
3621 5172 3722 5240 τὴν
3767 5169 3902 5222 ὑπό-

2345 5294 2535 5330 στασιν
2589 5275 2758 5343 δηλοῖ.
2807 5272 3004 5326 Οὐκέτι
3061 5266 3153 5323 οὖν
3203 5270 3434 5337 λέγομεν
3489 5269 3571 5319 ὃτι
3618 5266 3682 5333 τῇ
3741 5266 3898 5330 κοινῇ

2346 5370 2505 5438 φύσει
2545 5366 2726 5435 ἠνὼθη
2779 5367 2807 5416 ὀ
2855 5363 2987 5425 Θεὸς
3030 5364 3092 5432 τῇ
3149 5359 3464 5428 ἀνθρωπίνῃ
3511 5355 3692 5424 φύσει.
3754 5353 3818 5404 Εἰ
3857 5351 3911 5440 δ’.

2345 5462 2403 5512 οὑ
2443 5459 2516 5528 μὴ
2537 5457 2728 5522 οὕτως,
2761 5455 3113 5525 εὑρεθήσεται
3143 5451 3216 5514 ὡς
3244 5451 3325 5502 ὅτι
3353 5449 3448 5518 ὅλη
3491 5449 3522 5515 ὴ
3555 5444 3682 5512 ἁγία
3727 5442 3902 5512 Τριὰς

2347 5551 2442 5623 ὅλῃ
2495 5552 2561 5621 τῇ
2615 5546 3000 5620 ἀνθρωπύτητι
3050 5543 3229 5615 ἠνώθη
3257 5557 3274 5572 ο
3304 5541 3417 5594 ἀλλ’
3453 5541 3510 5592 ἐν
3562 5536 3700 5605 ὶδικῇ
3741 5533 3903 5603 φύσει
