3982 6326
695 224 792 287 εει

2127 223 2559 285 THEORIANI

3614 87 3965 161 ‘-

3824 232 3924 294 292

692 353 777 395 est
828 354 996 409 capax
1034 336 1325 393 secundum
1376 337 1671 407 Stagiriten
1696 377 1711 403 ,
1745 337 1991 408 sequitur
2026 348 2079 393 et
2116 340 2256 407 quod

2371 339 2471 400 τεο..
2499 334 2743 391 οῦκἜστι
2771 338 2865 408 μία
2922 340 3096 394 οὐσία.
3125 340 3229 395 Δύο
3257 341 3365 411 ἄρα
3390 340 3569 412 οὐσίαι
3609 344 3636 395 ὁ
3664 343 3922 412 Χριστ“›ς,

694 435 851 488 simul
907 432 1181 486 contraria
1240 431 1455 496 recipit,
1490 446 1593 483 una
1642 432 1940 485 substantia
1993 444 2097 485 non
2161 433 2255 486 sit.

694 525 819 578 Dum
849 516 1013 593 igitur
1043 524 1361 577 substantia:
1388 522 1657 587 Christus,
1695 523 1796 577 etsi
1843 539 1981 577 unus
2008 521 2274 577 Christus-

692 618 815 667 est:
851 624 904 666 et
930 614 1222 665 secundum
1247 613 1463 681 quidem
1497 628 1655 665 unam
1692 620 1930 674 creatus,
1964 616 2257 666 secundum

692 707 918 759 alteram
954 704 1227 757 int-reatus
1255 721 1268 756 :
1298 705 1808 758 similitcrmortalis
1838 713 1890 758 et
1921 702 2257 767 immortalis,

692 812 814 851 eum
850 797 1117 866 principio
1171 806 1228 850 et
1270 797 1386 850 siue
1431 798 1719 866 principio,
1764 807 1818 851 et
1870 797 2058 852 eodem
2106 798 2261 850 modo

694 891 919 958 reliqua.
1403 921 1409 953 ι

768 980 859 1034 llis
920 980 1102 1044 dictis,
1141 979 1513 1048 interrogabat
1566 979 1929 1033 'l‘heoriauum
1980 982 2263 1049 episcopus

692 1078 950 1146 quidnam
993 1077 1057 1128 de
1084 1077 1354 1129 Armeniis
1383 1074 1692 1141 iudicaret?
1723 1076 1822 1139 Qui
1856 1076 2166 1143 respondit:
2204 1077 2258 1128 In

694 1166 897 1219 divinis
929 1166 1145 1233 quidem
1173 1164 1469 1232 Scripturis
1504 1174 1743 1216 versatos
1760 1164 2048 1217 admodum
2073 1164 2265 1217 Arme-

694 1258 814 1311 nios
844 1257 1106 1325 comperi,
1144 1266 1254 1309 tum
1296 1256 1502 1325 jejunio
1533 1264 1583 1309 et
1614 1255 1803 1308 orandi
1835 1256 2014 1310 studio
2040 1271 2264 1324 magno—

697 1364 813 1403 rum
846 1356 1158 1401 sanctorum
1184 1347 1405 1401 aemulos
1433 1364 1446 1400 :
1484 1347 1577 1401 sed
1605 1348 1670 1399 ad
1698 1346 2080 1414 disputandum
2109 1346 2265 1415 plane

697 1441 858 1494 rudes
882 1456 896 1503 ;
936 1441 1190 1492 videntur
1223 1440 1366 1491 enim
1392 1438 1525 1491 mihi
1556 1437 1822 1491 rhetorica
1846 1447 1961 1490 arte
1984 1447 2037 1489 et
2064 1438 2265 1491 dialec-

697 1536 801 1595 tica
858 1526 1187 1602 reliquisque
1238 1532 1533 1602 disciplinis
1580 1538 1854 1599 expertes.
1910 1530 2262 1597 Quare,cum

696 1624 799 1692 ipsi
829 1626 929 1679 sibi
978 1610 1156 1678 fucum
1198 1624 1421 1686 faciant,
1466 1621 1783 1677 hallucinari
1815 1636 1874 1676 se
1924 1638 2028 1675 non
2066 1622 2262 1675 intelli-

2363 431 2412 481 εἰ
2440 433 2531 481 καὶ
2550 426 2629 492 εἷς
2660 431 2895 498 Χριστός
2921 434 3035 485 ἐστι
3060 449 3073 462 ·
3102 434 3194 485 καὶ
3224 433 3362 487 κατὰ
3398 434 3497 503 μὲν
3522 433 3620 503 τὴν
3640 432 3790 503 μίαν,
3821 453 3927 486 κτι-

2368 521 2490 584 στὸς
2510 560 2524 585 ,
2558 521 2697 574 κατὰ
2725 522 2783 574 δὲ
2816 522 3153 592 τῆννὲθιέραν,
3188 526 3440 587 ἄκτιστος
3464 541 3487 594 ’ἢ
3510 524 3769 588 ὡσαύτως
3800 526 3926 593 θνη-

2337 659 2341 663 ,
2367 612 2457 674 τὸς
2485 612 2579 664 καὶ
2606 611 2894 679 ἀθάνατος,
2929 614 3155 683 ἔναρχος
3189 615 3281 667 καὶ
3317 617 3573 686 ἄναρχος,
3607 616 3702 670 καὶ
3730 620 3801 672 τὰ
3821 618 3926 669 λοι-

2369 704 2444 756 πά
2467 703 2685 774 ὁμοίως.

2438 978 2659 1032 Τούτων
2680 977 2824 1031 οὕτω
2849 977 3144 1049 ῥηθέντων,
3180 976 3371 1047 ἠρώτα
3417 977 3445 1029 ό
3491 976 3793 1037 ἐπίσκοπος
3841 977 3927 1028 τὸν

2369 1073 2677 1143 Θεωριαιδν
2729 1073 2858 1142 περὶ
2904 1073 3013 1126 τῶν
3050 1071 3365 1143 Ἀρμενίων
3409 1068 3612 1136 λέγων’
3648 1070 3930 1133 [ποταποὺς

2370 1165 2592 1232 διέγνως
2620 1164 2743 1224 τοὺς
2774 1164 3125 1232 Ἀρμενίους;
3171 1163 3230 1214 ’0
3259 1163 3315 1215 δέ
3350 1173 3548 1228 φησιν’
3591 1161 3683 1221 Εἰς
3711 1158 3811 1227 μὲν
3837 1158 3929 1226 τὴν

2369 1256 2517 1309 θείαν
2542 1257 2760 1326 Γραφὴν
2789 1255 3248 1323 πεπυκνωμένους
3292 1256 3555 1325 εὑρίσκω,
3603 1254 3697 1307 καὶ
3723 1255 3805 1316 εἰς
3838 1268 3927 1319 νη-

2372 1347 2557 1398 στείαν
2612 1346 2705 1397 καὶ
2738 1344 3044 1415 προσευχὴν
3070 1348 3181 1407 τοῖς
3208 1345 3464 1413 μεγάλοις
3494 1342 3931 1413 ἀγίοιςάμιλλω-

2372 1439 2602 1508 μένους·
2650 1438 2728 1500 εἰς
2756 1438 2814 1489 δὲ
2860 1437 2920 1489 τὸ
2969 1436 3381 1506 συλλογίζεσθαι
3431 1436 3708 1498 παντελῶς
3756 1434 3931 1503 ἀμυή-

2367 1542 2491 1588 τους
2514 1542 2529 1557 ·
2568 1526 2823 1595 ἀμέτοχοι
2848 1526 2957 1596 γάρ
2992 1543 3081 1595 μοι
3114 1526 3329 1579 δοκοῦσι
3365 1525 3659 1598 ῥητορικῆς
3698 1525 3792 1577 καὶ
3814 1524 3930 1575 διαο

2367 1617 2620 1687 λεκτικῆς
2651 1621 2745 1671 καὶ
2775 1618 2882 1670 τῶν
2915 1618 3116 1671 λοιπῶν
3150 1619 3509 1688 μαθημάτων.
3537 1617 3628 1671 Διὸ
3650 1618 3744 1671 καὶ
3773 1615 3930 1669 αὐτοὶ⁸

697 1724 849 1782 gunt.
884 1714 1048 1769 Aiunt
1075 1714 1216 1768 enim
1254 1720 1503 1766 naturam
1534 1713 1750 1781 quidem
1790 1727 1913 1767 esse
1962 1712 2264 1766 universale

2371 1712 2591 1771 ἑαυτοὺς
2625 1710 3112 1779 παραλογιζόμενοι
3141 1712 3241 1763 οὐκ
3274 1711 3456 1763 ίσασιν
3479 1711 3567 1762 ὅτι
3626 1705 3931 1776 παραλογί-

697 1804 824 1871 quid
857 1813 911 1856 et
940 1818 1262 1867 commune;
1297 1817 1579 1872 personam
1605 1814 1805 1867 autem,
1830 1803 2055 1871 partiale
2082 1812 2265 1871 utp0te

698 1880 1047 1955 iudivisihile.
1099 1895 1255 1948 sicuti
1310 1883 1473 1948 etiam
1532 1896 1707 1948 sancti
1762 1894 1864 1947 viri
1920 1895 2264 1949 deﬁnierunt.

698 1984 902 2038 Deinde
937 1986 1213 2043 Christum
1250 1986 1400 2039 aiunt
1423 2000 1541 2041 esse
1565 2000 1721 2038 unam
1753 2000 2057 2054 personam,
2082 1996 2267 2055 utpote

699 2076 827 2142 quid
860 2075 1107 2142 partiale.
1150 2076 1214 2128 Et
1273 2076 1535 2128 hactenus
1580 2074 1795 2143 quidem
1847 2088 1995 2131 recte
2044 2077 2267 2131 ratioci-

701 2176 919 2218 nantur.
961 2164 1093 2223 Exin
1126 2168 1311 2220 dicunt
1341 2156 1546 2220 ChriSti'
1583 2172 1742 2220 unain
1793 2180 2061 2233 naturam,
2107 2183 2265 2237 quam

694 2256 808 2323 jam
848 2255 975 2311 fassi
1005 2257 1218 2310 fuerant
1259 2273 1378 2312 esse
1416 2259 1541 2328 quid
1578 2258 1882 2315 universale
1915 2276 1930 2313 :
1966 2274 2139 2329 neque
2189 2261 2268 2313 in.

655 2360 658 2363 λ
701 2346 975 2416 teiligunt,
1002 2351 1142 2413 quod
1184 2349 1228 2403 si
1263 2346 1510 2421 Christus
1533 2358 1616 2404 est
1651 2352 1775 2415 quid
1807 2351 2049 2419 partiale,
2085 2360 2270 2420 utpote

701 2439 791 2506 qui
828 2449 912 2493 est
940 2451 1198 2507 persona,
1238 2455 1343 2494 una
1373 2452 1563 2499 natura
1592 2456 1712 2496 esse
1741 2456 1844 2496 non
1873 2451 2047 2511 potest
2078 2459 2091 2496 :
2132 2442 2267 2496 alio-

700 2530 832 2599 quln
858 2528 998 2599 quod
1024 2529 1252 2597 partiale
1270 2539 1375 2596 est,
1395 2541 1545 2585 esset
1557 2530 1893 2597 universale;
1924 2530 2264 2605 indivisibile,

699 2632 845 2677 esset
880 2621 1125 2691 species;
1160 2621 1303 2691 quod
1353 2636 1572 2693 prorsus
1622 2622 1738 2677 ﬁeri
1778 2637 1885 2677 non
1922 2634 2115 2691 potest.
2158 2621 2269 2677 Etsi

700 2700 1132 2778 enimdicimus,
1162 2717 1441 2783 superiora
1476 2716 1753 2783 praedicari
1788 2715 1854 2770 de
1899 2714 2267 2781 inferioribus,

704 2806 810 2862 hoc
844 2816 1022 2860 tamen
1059 2805 1113 2859 in
1156 2806 1530 2875 philosophico
1573 2815 1779 2860 tantum
1818 2806 2098 2872 vocabulo,
2130 2811 2271 2875 quod

703 2906 758 2950 et
782 2896 1065 2966 physicum
1090 2895 1310 2961 dicitur,
1337 2911 1521 2949 verum
1546 2897 1885 2962 evadit;tnon
1907 2906 2086 2950 autem
2117 2896 2170 2949 in
2192 2912 2273 2949 ar-

706 2986 909 3039 tiﬁciali
963 2984 1246 3047 vocabulo,
1290 2985 1443 3053 quod
1494 2988 1657 3039 etiam
1714 2986 1946 3055 logicum
2003 2986 2300 3060 appellaut_

2367 1798 2572 1862 ζονται.
2596 1800 2835 1866 Λέγουσι
2863 1799 2971 1869 γὰρ
2998 1799 3093 1869 τὴν
3120 1800 3219 1869 μὲν
3274 1799 3438 1867 φύσιν
3490 1797 3715 1851 καθόλου
3750 1813 3802 1848 τι
3841 1795 3955 1847 καὶ.

2368 1890 2568 1955 κοινὸν,
2616 1890 2675 1941 τὸ
2701 1889 2758 1942 δὲ
2793 1890 3083 1959 πρόσωπον
3119 1890 3341 1959 μερικὸν
3386 1890 3460 1952 ὼς
3492 1890 3713 1957 ἄτομον,
3746 1883 3932 1947 καθὼς

2369 1984 2461 2035 καὶ
2490 1982 2540 2033 οἱ
2568 1982 2713 2049 ἅγιοι
2747 1981 2919 2035 ταῦτα
2948 1984 3232 2051 ὡρίσαντο.
3253 1977 3389 2034 Εἶτα
3421 1981 3511 2034 τὸν
3542 1979 3774 2050 Χριστὸν
3797 1980 3931 2046 ὁμο-

2368 2074 2618 2142 λογοῦσιν
2647 2075 2707 2128 ἓν
2742 2076 3033 2145 πρόσωπον
3066 2075 3143 2137 ὡς
3176 2076 3421 2144 μερικόν.
3463 2074 3572 2127 Καὶ
3604 2073 3765 2142 μέχρι
3804 2070 3931 2122 τούο

2369 2184 2459 2222 του
2490 2169 2667 2231 καλῶς
2702 2168 2972 2236 λέγουσιν.
3017 2168 3246 2223 Ἔπειτα
3303 2165 3522 2234 λέγουσι
3553 2164 3644 2218 τὸν
3694 2160 3935 2232 Χριστὸν

2373 2262 2500 2328 μίαν
2530 2259 2710 2327 φύσιν,
2744 2260 2809 2331 ἦν
2841 2258 3195 2329 ὡμολόγησαν
3223 2258 3451 2311 καθόλου
3486 2275 3537 2310 τι
3558 2253 3715 2311 εἶναι’
3756 2255 3852 2306 καὶ
3875 2254 3931 2304 οὑ

2358 2338 2695 2416 ννοοῦσινβτι
2721 2353 2840 2403 ἐπεὶ
2866 2354 2895 2403 ὁ
2915 2352 3145 2420 Χριστὸς
3172 2351 3396 2423 μερικόν
3421 2353 3557 2416 ἔστι,
3585 2349 3657 2411 ὡς
3678 2346 3739 2399 δν
3760 2349 3937 2417 πρόσο

2369 2462 2535 2513 ωπον,
2599 2444 2659 2497 οὐ
2688 2442 2911 2496 δύναται
2948 2439 3085 2494 εἶναι
3119 2442 3213 2512 μία
3251 2437 3509 2512 φύσις
3542 2441 3649 2508 γὰρ
3684 2439 3751 2491 ἂν
3774 2438 3933 2513 ἔσται

2368 2538 2430 2591 τὸ
2465 2538 2689 2607 μερικὸν
2721 2536 2973 2599 καθόλου,
3006 2536 3098 2588 καὶ
3124 2536 3185 2588 τὸ
3210 2534 3414 2603 ἄτομον
3449 2528 3609 2595 εἶδος,
3641 2533 3779 2598 ὅπερ
3801 2530 3937 2583 ἀδύ-

2370 2646 2550 2685 νατον.
2578 2630 2638 2682 Ei
2665 2629 2774 2699 γὰρ
2807 2629 2899 2681 καὶ
2917 2628 3149 2695 λέγομεν
3194 2628 3276 2681 ὅτι
3305 2628 3373 2680 τά
3397 2626 3581 2678 ἐπάνω
3603 2628 3935 2694 κατηγορεῖ.

2320 2742 2321 2745 ‘
2369 2740 2460 2776 ται
2487 2720 2597 2774 τῶν
2634 2721 2917 2782 ὑποκάτω,
2970 2719 3106 2773 ἀλλὰ
3140 2718 3317 2793 ,τοῦτο
3345 2718 3600 2787 ἀληθεύει
3642 2717 3784 2769 κατὰ
3836 2718 3936 2785 τὴν

2370 2814 2557 2885 φωνὴν
2589 2813 2688 2887 τὴν
2708 2813 2996 2881 φιλόσοφον
3028 2812 3210 2880 μόνον,
3248 2812 3371 2879 ἥτις
3402 2809 3496 2863 καὶ
3536 2810 3741 2881 φυσικὴ
3775 2809 3939 2875 λέγε-

2370 2920 2479 2964 ται,
2511 2902 2571 2955 οὐ
2606 2902 2710 2971 μὴν
2729 2902 2869 2954 κατὰ
2898 2901 2996 2971 τὴν
3024 2900 3277 2971 τεχνικὴν
3323 2899 3505 2970 φωνὴν
3558 2901 3626 2971 ἣν
3655 2898 3752 2952 καὶ
3786 2897 3940 2966 λογι-

2370 2996 2473 3063 κῆν
2491 2992 2849 3063 ὀνομάζουσιν
2866 2994 2917 3047 οἱ
2946 2993 3071 3062 περὶ
3099 2991 3273 3044 ταῦτα
3298 2991 3462 3044 δεινοί
3482 3007 3495 3020 ·
3526 2990 3779 3060 τεχνικὴν
3802 2991 3933 3058 μὲν,

705 3077 864 3144 hujus
911 3076 1206 3145 disciplinas
1236 3074 1614 3146 professores:
1662 3077 1940 3133 artiﬁciale
1994 3078 2268 3143 nimirum,

2371 3086 2445 3151 ὡς
2470 3086 2680 3155 εθρεμα
2704 3086 2917 3157 τέχνης,
2962 3085 3023 3136 οὐ
3057 3083 3294 3152 φύσεως·
3329 3083 3552 3154 λογικὴν
3585 3082 3662 3145 δὲ,
3705 3084 3785 3136 ὅτι
3833 3081 3941 3150 τῆς

708 3178 891 3236 utpote
932 3166 1065 3221 artis
1097 3167 1374 3222 inventum
1401 3182 1509 3221 non
1542 3178 1782 3234 naturas;
1827 3168 2060 3239 logicum
2092 3178 2269 3223 autem

705 3258 832 3323 quia
861 3267 1069 3324 spectat
1099 3258 1165 3310 ad
1202 3257 1425 3327 logicam
1456 3258 1818 3328 disciplinam,
1846 3272 1965 3329 qua:
1991 3269 2073 3315 est
2094 3258 2269 3328 philo-

704 3348 913 3416 sophia:
944 3362 1229 3415 organum,
1260 3363 1363 3400 non
1415 3347 1777 3417 philosophia.
1805 3349 1861 3403 In
1896 3349 2271 3420 philosophice

703 3439 924 3506 quidem
961 3436 1242 3500 vocabulo,
1293 3438 1619 3491 universalia
1652 3438 2012 3507 prtedlcantur
2045 3438 2109 3491 de
2146 3451 2269 3506 paro

712 3524 968 3589 tiatihus;
1003 3524 1052 3577 id
1080 3534 1165 3578 est
1201 3526 1462 3579 inferiora
1496 3526 1765 3595 accipiunt
1797 3534 1849 3579 et
1873 3540 2063 3579 nomen
2096 3540 2160 3581 ac
2186 3528 2274 3580 de-

710 3614 1011 3668 ﬁnitionem
1043 3615 1384 3682 superiorum
1418 3633 1435 3670 :
1471 3616 1701 3685 exempli
1736 3632 1921 3684 causa,
1961 3616 2155 3673 Petrus
2192 3627 2276 3671 est

708 3705 892 3769 homo,
918 3706 1076 3759 homo
1110 3714 1193 3759 est
1247 3706 1470 3771 animal,
1508 3707 1639 3777 ergo
1668 3708 1861 3762 Petrus
1911 3718 1997 3763 est
2040 3711 2199 3763 homo
2222 3716 2275 3763 et

710 3796 931 3849 animal.
977 3794 1243 3849 Similiter
1272 3795 1644 3851 deﬁnitionem
1694 3812 1912 3867 quoque
1958 3800 2191 3854 hominis
2222 3809 2276 3855 et

709 3888 960 3941 animalis
993 3887 1185 3941 Petrus
1215 3888 1408 3957 recipit
1444 3907 1456 3939 :
1489 3898 1570 3943 est
1595 3891 1738 3943 enim
1779 3889 1979 3944 animal
2014 3892 2275 3946 rationale

708 3988 763 4031 et
787 3976 1013 4031 mortale
1034 3975 1251 4039 Petrus,
1276 3991 1340 4030 ac
1362 3977 1664 4032 substantia
1688 3980 1923 4033 animata
1938 3990 1992 4034 et
2013 3981 2273 4037 sentiens.

710 4070 789 4126 Eu
822 4083 878 4125 ut
907 4072 958 4125 iu
997 4072 1375 4141 philosophice
1408 4072 1959 4131 vocabulo‘iul'eriora
2006 4076 2275 4145 recipiuut

712 4164 873 4216 etiam
902 4162 1244 4231 superiorum
1277 4179 1471 4218 nomen
1499 4174 1554 4217 et
1576 4164 1958 4219 deﬁnitionem.
1996 4164 2274 4219 Verumta-

712 4266 837 4305 men
852 4254 926 4327 ‘in
959 4252 1132 4321 logico
1156 4252 1419 4306 vocabulo
1452 4253 1505 4306 id
1541 4268 1646 4306 non
1676 4253 1942 4307 usuvenit.
1971 4253 2104 4307 Nam
2132 4256 2272 4323 quod

2369 3176 2597 3246 λογικῆς
2623 3179 2738 3230 ἐστι
2771 3175 3171 3246 πραγματείας,
3211 3174 3332 3242 ἥτις
3370 3172 3604 3242 δργανίν
3631 3175 3749 3226 ἐστι
3780 3173 3941 3241 φιλο-

2372 3268 2587 3336 σοφίας,
2622 3268 2681 3319 οὐ
2708 3265 3015 3335 φιλοσοφία.
3065 3265 3187 3317 Ἐπὶ
3221 3266 3320 3333 μὲν
3356 3266 3463 3335 γὰρ
3509 3266 3612 3334 τῆς
3640 3266 3939 3335 φιλοσόφου

2372 3359 2554 3428 φωνῆς
2582 3360 2650 3412 τά
2685 3358 2912 3411 καθόλου
2942 3359 3324 3427 κατηγορεῖται
3362 3358 3470 3409 τῶν
3500 3357 3761 3428 μερικῶν,
3783 3375 3942 3409 τουτ-

2372 3452 2579 3504 ἐστιτὰ
2605 3451 2860 3503 ὑποκάτω
2922 3449 3231 3519 ἐπιδέχεται
3272 3449 3366 3502 καὶ
3408 3449 3470 3501 τὸ
3512 3449 3686 3518 ὄνομα
3721 3452 3813 3503 καὶ
3849 3453 3943 3503 τὸν

2371 3546 2496 3612 ὅρον
2522 3542 2631 3595 τῶν
2654 3542 2835 3594 ἐπάνω
2855 3556 2869 3569 ’
2898 3536 3011 3593 οἷον
3031 3543 3059 3594 ό
3100 3540 3300 3611 Πέτρος
3344 3541 3492 3593 ἐστὶν
3549 3540 3866 3611 ἄνθρωπος,
3918 3544 3943 3593 ὁ

2374 3634 2659 3705 ἄνθρωπός
2692 3636 2807 3686 ἐστι
2838 3634 2900 3685 τὸ
2922 3632 3080 3697 ζῶον,
3103 3635 3130 3686 ό
3153 3635 3355 3703 Πέτρος
3386 3632 3494 3703 ἄρα
3522 3633 3620 3687 καὶ
3649 3634 3943 3704 ἄνθρωπός

2374 3731 2492 3780 ἔστι
2525 3729 2617 3778 καὶ
2648 3719 2806 3790 ζῶόν.
2853 3724 3127 3788 Ὡσαύτως
3151 3727 3242 3779 καὶ
3268 3727 3356 3777 τὸν
3381 3727 3506 3794 ὅρον
3525 3726 3621 3779 τοῦ
3643 3726 3943 3795 ἀνθρώπου

2374 3815 2469 3867 καὶ
2493 3814 2587 3867 τοῦ
2618 3813 2754 3876 ζώου
2778 3812 3083 3881 ἐπιδέχεται
3103 3816 3131 3865 ό
3148 3814 3351 3882 Πέτρος
3374 3830 3386 3843 υ
3415 3815 3633 3884 καὶγὰρ
3660 3817 3771 3868 ἐστι
3792 3816 3945 3880 ζῶον

2375 3906 2589 3973 λογῖκδν
2622 3904 2815 3974 θνητὸν
2836 3906 2864 3955 ό
2898 3904 3124 3972 Πέτρος,
3154 3902 3246 3956 καὶ
3277 3902 3433 3956 οὐσία
3463 3905 3703 3974 ἔμψυχος
3741 3907 3947 3975 αἰσθη-

2375 3995 2523 4061 τικὴ.
2571 3992 2702 4043 Ἰδοὺ
2734 3990 2829 4043 ἐπὶ
2862 3993 2957 4060 τῆς
2988 3989 3275 4058 φιλοσόφου
3328 3994 3511 4062 φωνῆς
3561 3994 3630 4045 τά
3682 3993 3945 4046 ὑποκάτω

2379 4083 2697 4152 ὑποδέχεται
2733 4080 2911 4133 καὶτὸ
2955 4081 3122 4150 ὄνομα
3148 4082 3243 4134 καὶ
3272 4083 3363 4134 τὸν
3397 4085 3523 4151 ὅρον
3568 4084 3678 4137 τῶν
3727 4086 3939 4139 ἐπάνω.

2391 4172 2515 4224 Ἐπὶ
2555 4173 2611 4222 δὲ
2651 4171 2749 4238 τῆς
2788 4169 3014 4237 λογικῆς
3061 4172 3243 4240 φωνῆς
3289 4171 3449 4227 τοῦτο
3486 4172 3547 4225 οὐ
3596 4174 3842 4240 γίνεται·
3884 4177 3943 4227 τὸ

2378 4264 2485 4332 γὰρ
2514 4264 2716 4331 ἄτομον
2771 4263 2893 4315 οὔτε
2944 4260 3083 4327 είδος
3132 4263 3380 4331 λέγεται,
3431 4266 3555 4319 οὔτε
3587 4267 3761 4346 γένος,
3808 4268 3943 4321 οὔτε

712 4350 796 4394 est
817 4340 1165 4404 indivisihile,
1206 4355 1381 4411 neque
1400 4341 1610 4410 species
1638 4341 1854 4406 dicitur,
1885 4356 2058 4412 neque
2080 4357 2270 4411 genus,

2379 4352 2499 4404 ἐστὶ
2523 4353 2583 4403 τὸ
2610 4353 2750 4404 κατὰ
2791 4352 3055 4404 πλειόνων
3091 4354 3182 4405 καὶ
3201 4354 3564 4425 διαφερόντων
3591 4356 3669 4427 τῷ
3693 4340 3907 4428 ἄριθμτῖ
3925 4401 3939 4421 ,

712 4447 894 4500 neque
944 4443 1029 4487 est
1082 4432 1311 4502 plurale,
1347 4448 1521 4501 neque
1571 4446 1796 4487 numero
1847 4430 2043 4497 diﬁ'ert,
2100 4447 2279 4502 neque

714 4527 842 4578 item
888 4524 1089 4592 specie,
1146 4540 1269 4578 cum
1318 4526 1446 4594 quid
1480 4525 1550 4579 sit
1595 4526 1932 4594 pmdicatur.
1984 4523 2074 4579 Sic
2121 4536 2176 4593 et
2223 4525 2275 4577 in

714 4616 932 4671 Christo
964 4614 1161 4669 accidit
1188 4630 1219 4668 επ
1241 4629 1362 4666 nam
1396 4628 1681 4682 personam
1735 4614 1949 4683 quidem
1987 4615 2161 4681 ipsum
2193 4614 2277 4668 di-

714 4707 893 4762 cimus
927 4717 980 4761 et
1015 4706 1371 4775 hypostasim,
1404 4721 1509 4760 non
1553 4716 1732 4760 tamen
1778 4714 2023 4759 naturam
2056 4724 2069 4760 :
2103 4722 2277 4776 neque

713 4799 859 4852 enim
892 4807 1100 4850 naturae
1119 4811 1319 4851 nomen
1342 4797 1425 4851 vel
1448 4797 1811 4852 deﬁnitionem
1848 4798 2066 4867 recipit;
2103 4800 2275 4869 siqui.-

715 4892 836 4941 tlent
868 4888 1117 4943 Christus
1148 4881 1255 4940 non
1294 4898 1376 4940 est
1408 4896 1584 4942 motus
1605 4895 1656 4941 el
1683 4888 1877 4956 quietis
1930 4875 2271 4957 principium,

716 4993 837 5046 qua:
864 4986 1068 5029 natura:
1099 4976 1337 5031 deﬁnitio
1364 4990 1465 5030 est.
1504 4977 1634 5031 Nam
1670 4993 1921 5047 persona,
1953 4980 2274 5050 hypostasis,

716 5069 1138 5131 indivisibilitas,
1170 5071 1399 5135 species,
1430 5083 1600 5138 genus
1646 5080 1700 5124 et
1729 5070 1946 5136 similia,
1972 5086 2077 5125 non
2110 5074 2277 5140 perti-

719 5169 848 5211 nent
884 5158 949 5211 ad
984 5160 1358 5227 philosophica
1401 5161 1663 5215 vocabula
1685 5176 1783 5215 seu
1817 5163 2059 5231 physica,
2091 5165 2181 5217 sed
2206 5164 2272 5217 ad

718 5249 887 5319 logica
914 5265 1009 5304 seu
1028 5250 1330 5303 artilicialia
1356 5268 1369 5303 :
1398 5268 1557 5319 porro
1581 5254 1954 5308 universalitas
1978 5255 2277 5309 communis

722 5340 986 5402 vocabuli,
1047 5341 1112 5393 de
1158 5342 1475 5409 partialibus
1527 5358 1631 5397 non
1688 5344 2029 5413 praedicatur.
2089 5344 2277 5413 Itaque

720 5429 1071 5497 philusophici
1106 5432 1347 5485 vocabuli
1378 5432 1735 5488 diﬁ‘erentiatn
1762 5452 1790 5506 a
1821 5436 1993 5505 logico
2023 5438 2274 5506 ignoran-

720 5526 801 5568 tes
834 5520 1095 5584 Armenii,
1119 5524 1367 5589 imperite
1385 5526 1610 5577 miscent
1628 5528 2083 5595 pugilatttia,quia
2104 5541 2277 5594 neque

720 5607 843 5673 quid
870 5609 1054 5664 dicunt
1087 5626 1259 5681 neque
1287 5614 1414 5683 quid
1446 5616 1728 5684 allirment,
1762 5616 2080 5687 intelligunt.

2380 4445 2412 4514 ἠ
2440 4444 2515 4514 τῷ
2544 4444 2672 4497 εἴδει
2698 4447 2754 4497 ἐν
2800 4444 2879 4515 τῷ
2901 4446 2954 4498 τί
2975 4447 3090 4497 ἐστι
3113 4448 3619 4517 κατηγορούμενον.
3657 4452 3813 4506 Οὕτω
3843 4458 3941 4506 xn‘t

2379 4535 2470 4587 ἐπὶ
2497 4536 2590 4587 τοῦ
2639 4536 2875 4605 Χριστοῦ
2910 4538 3199 4605 πρόσωπον
3241 4541 3338 4609 μὲν
3368 4542 3598 4612 λέγομεν
3636 4545 3800 4598 αὐτὸν
3841 4550 3941 4600 καὶ

2380 4625 2694 4688 ὑπόστασιν,
2727 4626 2786 4678 οὐ
2838 4628 2942 4697 μὴν
2984 4628 3079 4682 καὶ
3115 4630 3275 4697 φύσιν
3300 4648 3315 4663 '
3350 4632 3472 4686 οὕτε
3514 4636 3623 4705 γὰρ
3665 4639 3726 4689 τὸ
3765 4639 3943 4708 Maps;

2378 4715 2475 4782 τῆς
2500 4722 2736 4784 φύσεως,
2788 4718 2908 4772 οὔτε
2966 4722 3055 4773 τὸν
3100 4722 3222 4791 ὅρον
3265 4724 3618 4796 ὑποδέχεται·
3650 4730 3773 4781 οὐδὲ
3827 4734 3939 4801 γὰρ

2377 4806 2591 4873 λέγεται
2640 4812 2667 4861 ό
2722 4811 2953 4880 Χριστὸς
3002 4813 3142 4883 ἁρχὴ
3208 4817 3471 4884 κινήσεως
3500 4821 3614 4878 καὶ
3660 4823 3938 4892 ἠρεμίας·

2378 4895 2535 4950 τοῦτο
2564 4900 2673 4967 γάρ
2706 4901 2850 4953 ἐστιν
2881 4904 2911 4970 ἡ
2937 4903 3117 4969 φύσις.
3146 4904 3216 4958 Τὸ
3240 4909 3344 4976 γάρ
3384 4909 3697 4979 πρόσωπον,
3732 4916 3765 4983 ἡ
3803 4916 3943 4968 ὺπέρ-

2380 5004 2592 5051 στασις,
2625 4992 2720 5041 καὶ
2744 4991 2804 5041 τὸ
2829 4992 3047 5061 ἄτομον,
3092 4996 3182 5047 καὶ
3214 4997 3273 5047 τὸ
3310 4987 3448 5061 εἶδος
3472 5037 3486 5061 ,
3523 5000 3616 5054 καὶ
3664 5003 3723 5053 τὸ
3756 5005 3939 5069 γένος,

2378 5080 2470 5129 καὶ
2494 5079 2560 5129 τὰ
2583 5079 2825 5143 τοιαῦτα,
2856 5084 2954 5134 οὐκ
2994 5085 3099 5136 εἰσὶ
3122 5086 3219 5156 τῆς
3249 5088 3537 5157 φιλοσόφου
3566 5094 3769 5162 φω.ἧ;,
3813 5100 3939 5165 ἦτοι

2378 5171 2474 5238 τῆς
2513 5172 2771 5240 φυσικῆς,
2798 5175 2931 5227 ἀλλὰ
2962 5179 3059 5245 τῆς
3097 5177 3339 5250 λογικῆς,
3389 5183 3507 5251 ἢτοι
3536 5190 3791 5255 τεχνικῆς
3812 5202 3827 5219 ο
3867 5192 3943 5241 τὰ

2376 5259 2432 5311 δὲ
2465 5262 2693 5315 καθόλου
2722 5262 2821 5331 τῆς
2878 5266 3183 5339 καθολικῆς
3222 5274 3400 5340 φωνῆς
3446 5273 3505 5324 οὐ
3545 5279 3941 5346 κατηγορεῖται

2377 5351 2484 5403 τῶν
2520 5354 2778 5420 μερικῶν.
2807 5353 2872 5407 Οἱ
2900 5356 3028 5422 γοῦν
3054 5360 3370 5425 ἀγνοοῦντες
3408 5364 3506 5432 τῆν
3538 5364 3800 5437 διαφορὰν
3832 5358 3951 5436 τῆξ

2379 5443 2666 5511 φιλοσόφου
2721 5450 2923 5515 φωνῆς,
2967 5450 3030 5517 ἧν
3076 5450 3185 5518 ἔχει
3238 5455 3372 5523 πρὸς
3418 5456 3518 5524 τὴν
3566 5456 3807 5530 λογικὴν,
3844 5481 3943 5529 μι-

2376 5534 2681 5601 γνύουσιτὰ
2721 5536 2925 5606 ἄμικτα
2973 5542 3216 5609 ἀμαθῶς,
3269 5546 3342 5614 μὴ
3399 5547 3756 5614 γινώσκοντες
3804 5560 3941 5624 :spl

2380 5624 2519 5687 τίνος
2544 5625 2809 5693 λέγουσιν,
2844 5628 2875 5691 ἦ
2908 5632 3034 5692 περὶ
3064 5633 3205 5694 τίνος
3235 5635 3689 5694 διαϐεϐλοῦνται.
