3982 6326
638 217 735 279 ἳτῖι

2071 214 2502 276 THEORIANI

3763 223 3880 285 292

635 346 720 387 est
771 347 939 402 capax
978 330 1269 385 secundum
1319 329 1615 399 Stagiriten
1640 369 1655 395 ,
1689 329 1935 400 sequitur
1970 340 2022 385 ct
2059 332 2200 399 quod

2317 330 2415 391 τία,
2443 325 2686 382 οὐκέστι
2714 329 2809 399 μία
2865 332 3040 385 οὐσία.
3069 332 3173 386 Δύο
3201 333 3309 402 ἄρα
3333 332 3513 404 οὐσίαι
3552 335 3578 387 6
3607 334 3845 403 Χριστῗλς
3865 380 3876 399 ,

638 428 795 481 simul
851 425 1124 479 contraria
1184 423 1397 489 recipit,
1433 438 1536 476 una
1586 424 1884 477 substantia
1937 436 2041 477 non
2105 425 2198 478 sil.

637 518 762 571 Duae
794 508 956 585 igitur
987 516 1305 570 substantia:
1330 514 1600 579 Christus,
1639 515 1740 569 etsi
1787 531 1924 569 unus
1953 513 2218 568 Christus-

635 612 759 660 est‘:
794 616 847 659 ct
873 606 1165 659 secundum
1191 605 1407 673 quidem
1440 620 1599 657 unam
1636 612 1874 666 creatus,
1908 608 2201 658 secundum

636 700 861 752 alteram
896 696 1171 749 int-reatus
1198 713 1212 749 :
1242 697 1491 749 similiter
1506 697 1752 751 mortalis
1782 706 1834 750 et
1865 693 2201 759 immortalis,

635 805 757 843 cum
792 790 1061 859 principio
1114 799 1171 842 et
1214 789 1329 843 sine
1375 789 1663 858 principio,
1707 798 1761 843 ct
1814 788 2002 843 eodem
2049 790 2205 842 modo

638 884 864 950 t'ul‘quzt.
1347 914 1353 943 η

712 973 802 1027 llis
863 972 1046 1036 dictis,
1084 972 1456 1040 interrogabat
1509 971 1873 1025 'l‘heorianum
1924 974 2208 1041 episcopus

636 1071 893 1139 quidnam
936 1070 1000 1121 de
1026 1069 1297 1121 Armeniis
1327 1066 1636 1134 iudicaret?
1667 1067 1767 1132 Qui
1800 1068 2110 1135 respondit:
2147 1068 2203 1120 In

638 1159 841 1211 divinis
873 1158 1088 1225 quidem
1117 1157 1412 1225 Scripturis
1447 1166 1687 1208 versatos
1704 1156 1993 1209 admodum
2017 1156 2209 1210 Arme-

637 1251 757 1304 nios
787 1249 1050 1318 comperi,
1088 1258 1197 1302 tum
1240 1248 1447 1318 jejunio
1477 1256 1528 1302 et
1558 1248 1747 1301 orandi
1779 1247 1958 1303 studio
1984 1263 2209 1316 maguu-

639 1357 757 1395 rum
790 1348 1103 1395 sanctorum
1128 1340 1349 1393 mutulos
1377 1356 1389 1393 :
1428 1339 1521 1394 sed
1549 1340 1614 1391 ad
1642 1338 2024 1407 disputandum
2053 1339 2209 1407 plane

642 1434 840 1496 rudes;
880 1434 1134 1485 videntur
1167 1432 1311 1484 enim
1336 1430 1468 1484 mihi
1500 1430 1766 1483 rhetorica
1790 1439 1906 1482 arte
1928 1439 1981 1482 et
2008 1429 2210 1484 dialec-

641 1528 744 1588 tica
794 1518 1131 1595 reliquisque
1183 1524 1478 1594 disciplinis
1524 1532 1798 1591 expertes.
1855 1523 2206 1593 Quare‘cum

640 1617 742 1684 ipsi
773 1619 873 1672 sihi
922 1602 1099 1671 fucum
1141 1616 1366 1679 faciant,
1410 1614 1727 1670 hallucinari
1758 1629 1819 1668 se
1868 1630 1972 1668 non
2010 1613 2206 1668 intelli-

641 1717 793 1775 gunt.
828 1707 992 1761 Aiunt
1019 1707 1160 1761 enim
1198 1712 1447 1758 naturam
1478 1705 1694 1774 quidem
1734 1718 1857 1759 esse
1905 1704 2209 1758 universale

2317 1703 2536 1763 ἑαυτοὺς
2569 1700 3056 1771 παραλογιζόμενοι
3086 1703 3185 1754 οὐκ
3219 1702 3399 1754 ἴσασιν
3423 1701 3511 1753 ὅτι
3570 1696 3887 1766 παραλογί-
3980 1754 3982 1757 ,

641 1797 768 1864 qttid
801 1806 855 1849 et
884 1810 1206 1859 commune;
1241 1809 1523 1865 personam
1549 1806 1749 1860 autem,
1775 1795 1999 1864 partiale
2026 1803 2209 1863 utpote

642 1874 991 1948 iudivisiL-ile.
1043 1887 1199 1941 sicuti
1254 1876 1417 1940 etiam
1477 1888 1651 1941 sancti
1707 1886 1809 1939 viri
1864 1886 2208 1941 definierunt.

642 1978 846 2031 Deinde
881 1978 1156 2036 Christum
1194 1978 1345 2031 aiunt
1367 1992 1485 2033 esse
1509 1992 1666 2031 unam
1697 1992 2001 2046 personam,
2026 1987 2211 2047 utpote

644 2069 771 2135 quid
804 2067 1051 2135 partiale.
1094 2068 1158 2120 lit
1217 2068 1480 2121 hactenus
1524 2066 1740 2135 quidem
1792 2080 1939 2123 recte
1989 2068 2212 2123 ratioci-

645 2169 864 2210 nantur.
904 2157 1037 2215 Exin
1071 2161 1255 2213 dicunt
1285 2146 1490 2212 Christi
1528 2167 1687 2212 unam
1738 2172 2006 2226 naturam,
2051 2176 2210 2230 quam

639 2250 752 2316 jam
792 2248 918 2304 fassi
949 2250 1162 2303 fuerant
1202 2264 1322 2305 esse
1360 2252 1486 2321 quid
1523 2251 1826 2307 universale
1859 2268 1875 2305 :
1911 2266 2084 2321 neque
2134 2252 2213 2305 iu-

600 2354 603 2357 ‘
646 2339 919 2409 telliguut,
946 2343 1087 2407 quod
1127 2342 1172 2395 si
1206 2339 1455 2415 Christus
1478 2350 1561 2396 est
1596 2344 1720 2408 quid
1752 2343 1994 2412 partiulc,
2029 2352 2215 2411 utpote

645 2432 735 2499 qui
773 2442 857 2486 cst
884 2444 1143 2500 persona,
1181 2448 1287 2487 una
1318 2445 1508 2491 natura
1538 2449 1657 2489 esse
1685 2448 1790 2488 non
1817 2444 1992 2503 potest
2022 2452 2036 2488 :
2077 2434 2212 2487 alio-

644 2523 776 2591 quin
802 2520 942 2591 quod
968 2522 1196 2590 partiale
1214 2530 1319 2588 est,
1340 2533 1488 2578 esset
1501 2522 1839 2589 universale;
1868 2521 2208 2597 indivisibile,

644 2625 789 2669 esset
825 2613 1069 2683 Species;
1104 2614 1247 2684 quod
1297 2628 1518 2685 prorsus
1567 2614 1683 2669 ﬁeri
1722 2630 1829 2669 non
1867 2626 2060 2683 potest.
2102 2614 2214 2669 Etsi

644 2707 1076 2771 enimdicimus,
1107 2706 1385 2776 superitira
1422 2708 1698 2776 praedicari
1733 2707 1799 2762 de
1844 2706 2232 2773 inferioribus,
2264 2731 2267 2739 -

648 2799 754 2856 hoc
789 2809 967 2853 tamen
1004 2798 1057 2852 in
1100 2799 1475 2868 philosophica
1518 2808 1725 2853 tantum
1763 2798 2043 2864 vocabulo,
2075 2803 2216 2867 quod

648 2888 1009 2959 ctphysicum
1034 2888 1255 2953 dicitur,
1282 2903 1466 2942 verum
1490 2884 2031 2954 evadit;.nonautem
2062 2888 2114 2941 in
2137 2903 2218 2941 ar-

651 2979 853 3033 tiliciali
909 2977 1191 3041 vocabulo,
1234 2977 1389 3046 quod
1439 2980 1601 3032 etiam
1658 2978 1891 3047 logicum
1948 2978 2245 3050 appellant_

2307 424 2355 473 εἰ
2384 424 2475 473 καὶ
2494 417 2572 484 εἷς
2604 423 2839 490 Χριστός
2865 425 2979 476 ἐστι
3003 440 3016 454 ’
3046 425 3138 477 καὶ
3168 424 3306 478 κατὰ
3342 425 3440 495 μὲν
3465 424 3563 494 τὴν
3582 423 3733 495 μίαν,
3762 443 3883 478 κτι-

2311 512 2433 575 στὺς
2454 552 2467 577 ,
2502 513 2641 565 κατὰ
2670 513 2727 565 δὲ
2759 514 3096 584 τὴνηὲτέραν,
3132 518 3384 578 ἄκτιστος
3408 533 3431 584 ’λ
3453 515 3714 579 ὡσαύτως
3743 518 3882 585 θνη-

2281 650 2285 655 .
2310 603 2400 666 τὸς
2428 604 2523 656 καὶ
2551 603 2838 670 ἀθάνατος,
2873 606 3099 674 ἔναρχος
3133 606 3225 658 καὶ
3261 607 3516 677 ἄναρχος,
3550 607 3645 661 καὶ
3672 610 3743 663 τὰ
3762 609 3882 660 λοι-

2313 695 2388 747 πὰ
2410 694 2629 765 ὁμοίως.

2382 969 2603 1024 Τούτων
2624 968 2768 1023 οὕτω
2794 969 3088 1041 ῥηθέντων,
3124 966 3315 1038 ἠρώτα
3361 968 3389 1019 6
3435 968 3735 1028 ἐπίσκοπος
3786 966 3881 1019 τὸν

2313 1065 2621 1134 Θεωριαπιδν
2674 1065 2802 1134 περὶ
2848 1064 2957 1117 τῶν
2994 1062 3310 1134 ’Λρμενίων
3352 1059 3555 1127 λέγων·
3591 1060 3884 1123 Ποταποὺς

2314 1157 2537 1223 διέγνως
2564 1157 2688 1216 τοὺς
2719 1156 3069 1223 Ἀρμενίουςς
3115 1154 3173 1205 ’0
3203 1154 3259 1207 δέ
3294 1164 3492 1220 φησιν’
3536 1151 3627 1212 Εἰς
3652 1149 3756 1218 μὲν
3782 1148 3885 1217 τὴν

2313 1248 2461 1301 θείαν
2486 1248 2705 1318 Γραφὴν
2733 1246 3192 1314 πεπυκνωμένους
3236 1246 3499 1316 εὑρίσκω,
3546 1244 3639 1298 καὶ
3665 1245 3749 1306 εἰς
3783 1259 3883 1311 νη·

2317 1338 2501 1390 στείαν
2557 1338 2649 1389 καὶ
2683 1335 2988 1407 προσευχὴν
3015 1339 3125 1398 τοῖς
3152 1336 3408 1405 μεγάλοις
3438 1332 3886 1403 ἀγίοιςὰμιλλωο

2316 1432 2546 1501 μένους’
2594 1429 2672 1491 είς
2701 1429 2758 1481 δὲ
2805 1428 2864 1481 τὸ
2913 1427 3325 1497 συλλογίζεσθαι
3375 1427 3651 1489 παντελῶς
3698 1424 3888 1494 ἀμυή-

2311 1534 2436 1580 τους
2457 1534 2474 1549 ο
2512 1518 2768 1587 ἀμέτοχοι
2793 1518 2901 1586 γάρ
2937 1534 3025 1587 μοι
3058 1517 3273 1571 δοκοῦσι
3308 1516 3604 1588 ῥητορικῆς
3642 1516 3736 1567 καὶ
3759 1514 3885 1566 δια-

2311 1609 2564 1679 λεκτικῆς
2596 1612 2689 1663 καὶ
2720 1609 2826 1661 τῶν
2859 1609 3060 1663 λοιπῶν
3093 1610 3453 1680 μαθημάτων.
3480 1608 3572 1661 Διὸ
3595 1609 3687 1662 καὶ
3717 1605 3885 1659 αὐτοὶ

2310 1790 2516 1854 ζονται.
2541 1792 2779 1858 Λέγουσι
2807 1790 2916 1861 γὰρ
2942 1791 3036 1861 τὴν
3064 1792 3163 1861 μὲν
3218 1790 3383 1857 φύσιν
3434 1788 3659 1842 καθόλου
3694 1803 3749 1838 τι
3786 1785 3915 1838 καὶ.

2313 1882 2512 1947 κοινὸν,
2548 1882 2620 1933 «τὸ
2646 1881 2703 1933 δὲ
2737 1882 3028 1949 πρόσωπον
3063 1881 3285 1951 μερικὸν
3329 1882 3404 1943 ὡς
3436 1881 3658 1948 ἄτομον,
3691 1874 3889 1938 καθὼς

2313 1975 2406 2027 καὶ
2435 1974 2485 2024 oi
2512 1974 2657 2040 ἆγιοι
2692 1972 2864 2027 ταῦτα
2892 1974 3177 2042 ὡρίσαντο.
3198 1969 3333 2025 Εἶτα
3366 1972 3456 2025 τὸν
3486 1969 3720 2041 Χριστὸν
3742 1970 3889 2037 ὁμο-

2312 2066 2563 2135 λογοῦσιν
2592 2066 2651 2119 ἓν
2686 2067 2978 2137 πρόσωπον
3010 2066 3087 2128 ὡς
3120 2067 3365 2135 μερικόν.
3407 2064 3516 2118 Καὶ
3549 2063 3711 2133 μέλρι
3750 2062 3889 2113 τού-

2313 2176 2403 2213 του
2434 2161 2612 2223 καλῶς
2646 2160 2917 2227 λέγουσιν.
2962 2159 3192 2213 Ἔπειτα
3247 2156 3466 2225 λέγουσι
3497 2156 3588 2208 τὸν
3640 2151 3894 2223 Χριστὸν

2317 2253 2444 2320 μίαν
2475 2250 2655 2319 φύσιν,
2689 2252 2753 2323 ἢν
2785 2250 3139 2320 ὡμολόγησαν
3167 2249 3395 2303 καθόλου
3430 2266 3481 2300 τι
3503 2243 3660 2301 εἷναι⁸
3701 2245 3798 2297 καὶ
3826 2246 3890 2295 οὐ

2311 2324 2640 2407 νοοῦσινβτι
2666 2344 2785 2394 ἐπεὶ
2811 2346 2840 2395 ὀ
2860 2343 3090 2412 Χριστὸς
3117 2343 3340 2414 μερικόν
3364 2343 3501 2407 ἐστι,
3529 2340 3603 2401 ὡς
3624 2337 3683 2390 ὃν
3706 2339 3895 2407 πρόσο

2314 2453 2481 2509 ωπον,
2544 2436 2604 2488 οὐ
2633 2433 2856 2488 δύναται
2892 2430 3029 2485 εἶναι
3063 2434 3158 2503 μία
3196 2427 3453 2503 φύσις
3486 2432 3594 2499 γὰρ
3630 2429 3697 2482 ἂν
3722 2429 3891 2505 ἔσται

2313 2530 2375 2583 τὸ
2411 2529 2634 2599 μερικὸν
2665 2528 2918 2590 καθόλου,
2951 2526 3043 2579 καὶ
3068 2527 3129 2578 τὸ
3155 2526 3359 2594 ἄτομον
3393 2518 3553 2586 εἶδος,
3586 2524 3725 2589 ὅπερ
3747 2522 3897 2575 ἁδύ-

2315 2638 2495 2676 νατον.
2523 2621 2583 2673 Ei
2611 2619 2719 2691 γὰρ
2751 2620 2844 2672 καὶ
2861 2619 3093 2687 λέγομεν
3138 2619 3221 2671 ὅτι
3249 2619 3317 2671 τὰ
3341 2617 3525 2669 ἐπάνω
3548 2619 3895 2684 κατηγορεῖ.

2314 2732 2405 2768 ται
2432 2711 2542 2765 τῶν
2579 2712 2861 2773 ὑποκάτω,
2914 2710 3051 2765 ἀλλὰ
3105 2709 3261 2763 τοῦτο
3290 2708 3545 2779 ἀληθεύει
3586 2707 3730 2761 κατὰ
3778 2709 3895 2777 τὴν

2315 2806 2502 2876 φωνὴν
2534 2804 2632 2876 τὴν
2653 2804 2941 2872 φιλόσοφον
2974 2804 3154 2871 μόνον,
3193 2802 3316 2871 ἦτις
3347 2800 3441 2855 καὶ
3481 2800 3685 2871 φυσικὴ
3722 2800 3900 2867 λέγε-

2315 2912 2425 2955 ται,
2456 2894 2516 2946 οὐ
2551 2894 2655 2963 μὴν
2674 2893 2815 2946 κατὰ
2843 2892 2941 2961 τὴν
2969 2890 3222 2962 τεχνικὴν
3268 2890 3450 2961 φωνὴν
3504 2892 3571 2965 ἣν
3599 2890 3697 2943 καὶ
3733 2889 3901 2959 λογιο

2316 2988 2418 3055 κὴν
2437 2983 2791 3054 ὀνομάζουσιν
2812 2985 2861 3039 οί
2891 2984 3016 3053 περὶ
3043 2982 3217 3035 ταῦτα
3244 2983 3440 3035 δεινοί·
3472 2981 3727 3051 τεχνικὴν
3750 2981 3894 3050 μὲν,

650 3070 809 3137 hujus
856 3069 1151 3137 disciplina:
1181 3067 1559 3139 professores:
1606 3070 1886 3125 artiﬁciale
1940 3070 2213 3134 nimirum,

2317 3077 2390 3142 ὡς
2415 3077 2625 3145 εὕρεμα
2649 3076 2862 3147 τέχνης,
2907 3076 2967 3128 οὐ
3003 3074 3239 3143 φύσεωςο
3274 3074 3497 3145 λογικὴν
3530 3073 3606 3137 δὲ,
3650 3074 3734 3126 ὅτι
3775 3073 3901 3142 τῆς

653 3170 837 3229 utpote
876 3160 1010 3214 artis
1042 3161 1319 3215 inventum
1346 3174 1453 3214 non
1486 3170 1727 3225 naturas;
1772 3160 2005 3231 logicum
2037 3170 2213 3214 autem

651 3252 777 3316 quin
806 3260 1014 3317 spectat
1044 3251 1110 3303 ad
1147 3250 1370 3320 logicam
1401 3250 1763 3320 disciplinam,
1791 3264 1910 3321 quae
1935 3260 2017 3306 est
2039 3249 2214 3320 philo-

649 3340 859 3409 sophiae
889 3356 1173 3408 organum,
1205 3356 1308 3393 non
1359 3340 1721 3409 philosophia.
1750 3341 1806 3395 In
1841 3340 2216 3411 philosophico

649 3432 869 3499 quidem
906 3429 1187 3493 vocabulo,
1238 3430 1564 3483 universalia
1596 3431 1956 3500 praedicantur
1989 3430 2055 3483 de
2091 3443 2214 3498 par-

658 3518 913 3582 tiatihus;
948 3517 997 3570 id
1025 3527 1110 3571 est
1146 3518 1407 3571 inferiora
1441 3518 1709 3587 accipiunt
1742 3526 1794 3571 et
1817 3531 2008 3571 nomen
2041 3532 2106 3573 ac
2130 3520 2219 3571 de-

654 3608 956 3661 liuitiouem
988 3607 1330 3674 superiorum
1363 3626 1380 3663 :
1416 3608 1645 3676 exempli
1681 3624 1883 3681 causa,
1908 3608 2100 3664 Petrus
2137 3618 2221 3663 est

653 3698 837 3762 homo,
863 3698 1021 3752 homo
1055 3706 1139 3752 est
1192 3699 1414 3763 animal,
1452 3699 1583 3769 ergo
1613 3700 1805 3755 Petrus
1856 3709 1942 3755 est
1985 3703 2144 3754 homo
2167 3708 2220 3754 et

655 3789 876 3841 animal.
923 3787 1188 3842 Similiter
1218 3788 1589 3843 deﬁnitionem
1639 3780 1857 3858 quoque
1903 3791 2136 3846 hominis
2168 3801 2221 3847 et

654 3880 905 3934 animalis
939 3880 1131 3933 Petrus
1161 3880 1352 3949 recipit
1388 3898 1401 3931 :
1434 3890 1515 3935 est
1541 3884 1683 3934 cnim
1725 3880 1924 3936 animal
1959 3883 2221 3938 rationale

655 3980 708 4024 et
732 3970 958 4024 mortale
980 3967 1196 4032 Petrus,
1222 3984 1285 4022 ac
1308 3969 1609 4025 substantia
1633 3972 1868 4025 animata
1883 3981 1937 4025 et
1959 3973 2218 4027 sentiens.

656 4062 734 4119 En
767 4075 823 4117 ut
853 4065 903 4117 iu
942 4065 1320 4134 philosophico
1354 4064 1903 4124 vocabulo‘inl‘eriora
1952 4067 2220 4137 recipiunt

657 4156 818 4208 etiam
847 4155 1189 4224 superiorum
1222 4171 1416 4210 nomen
1444 4165 1499 4209 et
1521 4140 1903 4210 deﬁnitionem.
1940 4155 2219 4211 Verumta-

658 4246 871 4319 menjn
905 4245 1078 4313 logico
1101 4244 1365 4298 vocabulo
1398 4245 1451 4298 id
1485 4260 1591 4298 non
1621 4245 1888 4299 usuveuit.
1917 4245 2050 4299 Nam
2077 4247 2217 4315 quod

2314 3167 2542 3237 λογικῆς
2568 3170 2683 3221 ἐστι
2716 3165 3116 3237 πραγματείας,
3156 3165 3277 3234 ἥτις
3315 3163 3549 3233 ὖργανὲν
3576 3165 3695 3216 ἐστι
3728 3164 3902 3233 φιλο-

2318 3258 2532 3326 σοφίας,
2568 3259 2627 3309 οὑ
2654 3256 2960 3325 φιλοσοφία.
3010 3256 3132 3308 Ἐπὶ
3166 3256 3265 3324 μὲν
3301 3257 3408 3325 γὰρ
3455 3257 3558 3325 τῆς
3584 3256 3893 3325 φιλοσόφου
3980 3282 3982 3285 ·

2317 3350 2501 3418 φωνῆς
2528 3350 2595 3416 τὰ
2630 3348 2857 3401 καθόλου
2888 3350 3269 3417 κατηγορεῖται
3307 3348 3415 3399 τῶν
3445 3347 3707 3419 μερικῶν,
3732 3365 3904 3401 τουπ⁴

2316 3442 2524 3495 ἐστιτὰ
2550 3441 2806 3494 ὑποκάτω
2867 3440 3176 3509 ἐπιδέχεται
3217 3440 3311 3493 καὶ
3353 3440 3416 3492 τὸ
3456 3439 3630 3509 ὄνομα
3665 3443 3760 3493 καί
3791 3444 3904 3496 τὸν

2317 3537 2441 3603 ὅρον
2468 3533 2576 3585 τῶν
2598 3532 2781 3585 ἐπάνω
2800 3547 2814 3560 ’
2843 3526 2956 3583 οἷον
2976 3533 3004 3584 6
3046 3529 3245 3601 Πέτρος
3288 3531 3437 3584 ἐστὶν
3494 3530 3811 3601 ἄνθρωπος,
3873 3536 3905 3586 ὁ

2319 3625 2604 3696 ἄνθρωπός
2637 3626 2752 3677 ἐστι
2784 3625 2845 3676 τὸ
2868 3623 3025 3687 ζῶον,
3048 3625 3075 3676 ό
3098 3625 3300 3693 Πέτρος
3331 3622 3439 3694 ἄρα
3468 3624 3905 3694 καὶηᾶνθρωπός

2319 3722 2437 3771 ἐστι
2470 3720 2563 3769 καὶ
2594 3710 2751 3780 ζῶόν.
2798 3714 3072 3778 Ὡσαύτως
3096 3717 3187 3769 καὶ
3213 3717 3301 3768 τὸν
3326 3717 3451 3785 ὅρον
3471 3716 3565 3769 τοῦ
3587 3716 3904 3785 ἀνθρώπου

2320 3806 2415 3859 καὶ
2439 3804 2532 3857 τοῦ
2563 3804 2700 3867 ζώου
2723 3802 3028 3872 ἐπιδέχεται
3048 3805 3075 3855 6
3092 3804 3296 3872 Πέτρος
3318 3820 3331 3833 ’
3360 3804 3454 3856 καὶ
3470 3806 3577 3873 γάρ
3604 3807 3719 3857 ἐστι
3742 3796 3907 3871 ζῶον

2320 3897 2534 3964 λογικὸν
2567 3894 2760 3965 θνητὸν
2782 3896 2809 3946 6
2842 3894 3069 3962 Πέτρος,
3099 3892 3191 3946 καὶ
3223 3892 3378 3946 οὐσία
3408 3894 3647 3964 ἔμψυχος
3686 3896 3909 3968 αἰσθη-

2321 3986 2468 4052 τικὴ.
2517 3983 2647 4034 Ἰδοὺ
2679 3981 2774 4033 ἐπὶ
2807 3983 2903 4050 τῆς
2933 3980 3221 4049 φιλοσόφου
3273 3984 3457 4051 φωνῆς
3507 3983 3575 4035 τὰ
3626 3984 3909 4039 ὑποκάτω

2324 4074 2643 4143 ὑποδέχεται
2679 4071 2856 4124 καὶτὸ
2900 4071 3067 4140 ὄνομα
3093 4072 3188 4124 καὶ
3218 4074 3308 4124 τὸν
3343 4074 3467 4141 ὅρον
3513 4073 3623 4127 τῶν
3671 4075 3903 4132 ἐπάνω.

2336 4163 2460 4216 Ἐπὶ
2500 4163 2556 4213 δὲ
2595 4162 2695 4229 τῆς
2733 4160 2959 4228 λογικῆς
3006 4162 3189 4230 φωνῆς
3234 4161 3394 4216 τοῦτο
3431 4162 3491 4215 οὒ
3542 4163 3787 4230 γίνεται⁹
3833 4169 3908 4221 τὸ

2324 4255 2431 4323 γὰρ
2459 4254 2661 4322 ἄτομον
2716 4253 2840 4305 οὔτε
2889 4250 3029 4317 εἶδος
3078 4253 3326 4322 λέγεται,
3376 4255 3500 4308 οὔτε
3531 4256 3707 4335 γένος,
3758 4258 3907 4313 οὔτε

659 4343 742 4387 est
762 4333 1111 4396 iudivisihile,
1151 4347 1327 4402 neque
1345 4332 1556 4402 species
1583 4333 1800 4397 dicitur,
1830 4348 2003 4403 neque
2025 4349 2216 4403 genus,

2325 4344 2444 4395 ἐστὶ
2468 4344 2528 4393 τὸ
2556 4343 2697 4395 κατὰ
2737 4343 3001 4394 πλειόνων
3036 4344 3127 4395 καὶ
3147 4344 3508 4415 διαφερόντων
3536 4346 3613 4416 τῷ
3638 4332 3904 4419 ἁριθμτῖ.⁹

658 4440 840 4493 neque
890 4436 975 4480 est
1027 4424 1256 4494 plurale,
1293 4440 1466 4494 neque
1516 4438 1741 4479 numero
1793 4420 1989 4489 dill'ert,
2045 4438 2224 4493 neque

661 4518 788 4570 item
834 4517 1035 4585 specie,
1092 4532 1214 4571 cum
1263 4518 1391 4585 quid
1425 4501 1495 4571 Sit
1540 4517 1878 4585 pradicatur.
1930 4514 2020 4570 Sic
2066 4528 2121 4585 et
2169 4516 2220 4568 in

660 4608 878 4663 Christo
910 4607 1107 4661 accidit
1133 4623 1165 4660 τι
1186 4622 1307 4659 nam
1341 4620 1627 4674 personam
1680 4606 1894 4675 quidem
1932 4606 2106 4672 ipsum
2138 4605 2222 4659 di-

660 4700 838 4755 cimus
872 4710 926 4753 et
961 4698 1316 4768 hypostasim,
1349 4713 1455 4751 non
1498 4708 1678 4752 tamen
1724 4706 1968 4751 naturam
2002 4715 2015 4751 :
2048 4712 2223 4767 neque

659 4792 804 4845 enim
838 4799 1045 4843 natura:
1065 4803 1264 4844 nomen
1288 4789 1371 4844 vel
1394 4789 1757 4844 deﬁnitionem
1794 4790 2011 4858 recipit;
2049 4790 2221 4860 siqui.-

661 4885 782 4933 tletn
813 4880 1063 4937 Christus
1094 4874 1200 4933 non
1240 4889 1321 4933 est
1354 4887 1530 4934 motus
1551 4886 1602 4933 et
1628 4880 1823 4948 quietis
1876 4866 2218 4949 principium,

662 4985 783 5039 qua:
810 4978 1014 5022 natura:
1045 4969 1283 5024 deﬁnitio
1309 4982 1411 5023 est.
1449 4968 1579 5023 Nam
1615 4984 1867 5038 persona,
1898 4971 2221 5042 hypostaSis,

662 5061 1084 5123 indivisihilitas,
1115 5063 1345 5128 species,
1375 5075 1547 5131 genus
1591 5071 1646 5116 et
1675 5062 1891 5129 similia,
1918 5077 2023 5117 non
2056 5064 2223 5131 perti-

665 5162 794 5205 nent
830 5151 895 5204 ad
930 5152 1303 5219 philosophica
1346 5152 1609 5208 vocabula
1631 5168 1729 5207 seu
1762 5154 2006 5223 physica,
2037 5156 2127 5209 sed
2152 5156 2219 5208 ad

664 5242 832 5311 logica
859 5257 955 5296 seu
974 5242 1275 5297 artilicialia
1302 5261 1315 5295 :
1344 5259 1503 5311 porro
1526 5246 1900 5300 universalitas
1924 5246 2224 5301 communis

668 5331 932 5395 vocahuli,
993 5334 1058 5385 de
1104 5333 1421 5401 partialihus
1473 5350 1576 5388 non
1634 5336 1975 5404 pradicatur.
2035 5335 2223 5404 Itaque

666 5421 1017 5489 philosophici
1051 5424 1293 5478 vocabuli
1324 5425 1681 5480 dill‘erentiatn
1708 5444 1736 5498 ξι
1766 5428 1939 5497 Ιοεὶοο
1969 5430 2220 5498 ignorau-

667 5519 747 5561 tns
780 5512 1041 5577 Armenii,
1064 5516 1313 5582 imperite
1331 5518 1557 5569 miscent
1574 5514 2030 5587 pugttautiamuia
2049 5532 2223 5585 neque

666 5600 789 5665 quid
816 5601 1000 5657 dicunt
1033 5619 1205 5673 neque
1233 5606 1360 5676 qttid
1392 5608 1675 5677 ullirment,
1707 5608 2026 5679 intelligunt.

2325 4436 2358 4505 ἦ
2385 4435 2461 4505 τῷ
2490 4435 2618 4487 εῖδει
2644 4436 2699 4487 ὲν
2745 4435 2825 4505 τῷ
2847 4436 2899 4488 τί
2920 4437 3035 4487 ἐστι
3058 4438 3563 4507 κατηγορούμενον.
3601 4441 3759 4495 Οὕτω
3788 4449 3907 4500 καὶ
3980 4454 3982 4457 ’

2324 4526 2415 4577 ἐπὶ
2442 4526 2536 4578 τοῦ
2585 4526 2821 4595 Χριστοῦ
2856 4528 3144 4596 πρόσωπον
3186 4531 3284 4599 μὲν
3314 4531 3543 4601 λέγομεν
3582 4534 3746 4587 αὑτὸν
3787 4541 3906 4592 καὶ

2325 4615 2639 4680 ὑπόστασιν,
2672 4616 2731 4668 οὐ
2783 4618 2888 4687 μὴν
2930 4618 3024 4672 καὶ
3061 4620 3221 4686 φύσιν
3246 4638 3261 4653 ο
3296 4621 3418 4675 οὔτε
3459 4626 3569 4694 γὰρ
3610 4628 3670 4679 τὸ
3709 4628 3907 4699 hepta

2324 4706 2421 4773 τῆς
2445 4713 2681 4774 φύσεως,
2734 4708 2854 4762 οὕτε
2911 4711 3001 4763 τὸν
3045 4712 3167 4781 ὅρον
3211 4714 3564 4785 ὑποδέχεταιο
3595 4719 3717 4771 οὐδὲ
3776 4724 3904 4795 γὰρ
3980 4734 3982 4737 ’

2322 4797 2537 4863 λέγεται
2586 4802 2613 4852 6
2667 4801 2899 4870 Χριστὸς
2948 4803 3088 4873 ἁρχὴ
3154 4807 3417 4874 κινήσεως
3463 4811 3561 4868 καὶ
3605 4813 3851 4882 ἠρεμίας
3881 4835 3900 4850 ο

2324 4886 2481 4940 τοῦτο
2510 4892 2619 4956 γάρ
2652 4892 2796 4944 ἐστιν
2826 4894 2856 4961 ἠ
2883 4893 3063 4959 φύσις.
3092 4894 3162 4948 Τὸ
3186 4899 3290 4966 γὰρ
3331 4899 3641 4969 πρόσωπον,
3677 4905 3709 4972 ἡ
3750 4906 3909 4961 ὑετόν

2326 4995 2538 5041 στασις,
2571 4982 2666 5030 καὶ
2689 4981 2749 5031 τὸ
2775 4982 2992 5051 ἄτομον,
3038 4986 3127 5037 καὶ
3160 4986 3219 5037 τὸ
3256 4977 3395 5050 εἶδος
3418 5027 3432 5051 ,
3468 4989 3562 5043 καὶ
3609 4992 3667 5043 τὸ
3699 4994 3899 5061 γένος,
3980 5046 3982 5051 .

2324 5070 2416 5120 καὶ
2440 5070 2506 5121 τὰ
2528 5069 2771 5133 τοιαῦτα,
2801 5074 2900 5124 οὐκ
2940 5075 3044 5126 εἰσὶ
3067 5077 3164 5145 τῆς
3194 5078 3483 5147 φιλοσόφου
3511 5084 3714 5152 φωρῆς,
3761 5089 3901 5158 ἦτοι

2324 5162 2421 5228 τῆς
2459 5163 2717 5230 φυσικῆς,
2744 5166 2876 5217 ἀλλὰ
2908 5168 3004 5235 τῆς
3042 5166 3285 5239 λογικῆς,
3336 5172 3453 5240 ἢτοι
3482 5179 3739 5244 τεχνικῆς
3760 5193 3777 5210 ο
3814 5184 3905 5237 τὰ

2322 5249 2379 5302 δὲ
2411 5252 2639 5304 καθόλου
2667 5252 2767 5321 τῆς
2824 5256 3127 5328 καθολικῆς⁵
3168 5264 3346 5330 φωνῆς
3392 5263 3451 5314 οὐ
3492 5270 3903 5337 κατηγορεῖται

2323 5342 2431 5393 τῶν
2465 5344 2723 5410 μερικῶν.
2752 5343 2817 5396 Οἱ
2846 5345 2973 5412 γοῦν
2999 5350 3317 5414 ἀγνοοῦντες
3354 5354 3452 5421 τὴν
3484 5354 3751 5427 διαφορὰν

3784 5379 3900 5397 ιιι-ρ

3794 5397 3896 5429 "s‘s

2325 5433 2613 5501 φιλοσόφου
2666 5440 2868 5505 φωνῆς,
2912 5439 2976 5506 ἣν
3022 5439 3131 5508 ἔχει
3184 5444 3319 5513 πρὸς
3365 5446 3463 5515 τὴν
3512 5447 3759 5521 λογικὴν,
3796 5473 3903 5522 μι-

2323 5524 2627 5593 γνύουσιτὰ
2667 5525 2871 5595 ἄμικτα
2919 5531 3162 5598 ἀμαθῶς,
3215 5535 3288 5604 μὴ
3346 5537 3706 5605 γινώσκοντες
3758 5550 3902 5618 περὶ

2326 5614 2465 5678 τίνος
2490 5615 2755 5682 λέγουσιν,
2790 5618 2820 5681 ἢ
2854 5620 2980 5679 περὶ
3010 5622 3150 5683 τίνος
3181 5625 3637 5685 διαϐεϐλοενται.
