3982 6326
156 267 238 331 399
1290 274 1831 337 HISTORIARUM
1869 272 2019 336 LIB.
2061 275 2114 337 Ι.
3226 269 3344 335 310

157 393 231 431 sua
255 393 380 442 esse,
409 394 513 435 non
551 382 814 450 militum,
843 383 1153 442 voluerunt.
1187 384 1463 455 Quidquid
1495 385 1586 449 sit,
1619 382 1795 439 babes
1835 389 1986 438 certe
2021 385 2240 436 erutum
2285 378 2531 437 tenebris
2564 391 2628 435 ac
2656 390 2880 435 carcere
2912 389 3058 433 caeco
3088 378 3342 432 omnibus

155 465 406 533 aequalibus
451 467 678 534 ingenio
705 478 761 525 et
791 470 1042 527 claritate
1075 488 1170 527 sua
1201 472 1581 542 praelucentem
1628 470 1990 540 scriptorem;
2037 476 2112 534 et,
2161 465 2308 538 quod
2355 467 2548 530 habes,
2582 466 2786 538 gratias
2821 465 2925 521 hoc
2957 480 3087 535 ages
3123 469 3341 519 nomine
3459 489 3461 492 ‹

156 552 392 605 industriae
416 561 470 606 et
501 553 818 610 liberalitati
851 558 1168 627 amplissimi
1215 569 1377 628 atque
1406 557 1596 627 inclyti
1639 557 1878 613 nominis
1909 554 2011 611 “viri
2041 554 2215 610 lsaaci
2246 552 2445 620 Vossii,
2490 553 2582 624 qui
2627 570 2749 610 eum
2785 568 2816 608 e
2842 552 3030 608 codice
3061 551 3338 606 Vaticana!

156 636 449 693 bibliotheca:
494 643 828 711 exscriptum
877 645 1176 714 majoribus
1213 646 1485 700 distentus
1515 646 1664 700 curis
1697 644 1852 708 mihi,
1887 649 1946 698 ut
1976 641 2117 712 juris
2150 640 2385 696 facerem
2433 641 2655 710 publici,
2689 641 2914 695 donavit
2947 658 2961 695 :
2997 657 3174 694 meum
3207 640 3248 693 si
3283 639 3334 692 in

154 724 374 778 vertendo
424 726 857 797 illustrandoque
905 731 1144 786 studium
1196 732 1358 788 modo
1407 733 1713 801 agnoveris,
1759 731 2001 799 amplum
2051 730 2184 784 satis
2232 728 2514 790 collocatas
2551 743 2730 804 Opera:
2777 728 3063 796 praemium
3113 726 3338 780 videbor

155 811 380 865 retulisse.
411 810 674 870 Omnibus
701 818 848 871 enim
882 818 1042 873 bonis
1073 827 1126 873 et
1161 820 1474 875 amantibus
1500 834 1710 881 eorum,
1741 818 1835 887 qui
1874 817 2094 874 laudem
2125 817 2342 886 assequi
2376 831 2442 874 ex
2473 816 2673 880 studiis
2705 816 3087 878 connitunlur,
3119 813 3338 868 satisfe-

151 899 260 950 cisse
286 913 361 949 me
387 913 483 966 pro
510 901 892 958 mediocritate
922 919 1038 959 mea
1063 919 1242 972 spero.
1263 902 1328 959 Si
1359 907 1450 974 qui
1484 903 1838 973 supercilium
1872 902 2097 959 induere
2129 903 2328 968 volent,
2364 912 2418 957 et
2449 902 2502 956 in
2534 903 2664 957 vitia
2693 911 2802 956 tam
2829 917 3059 957 cernere
3089 911 3333 960 acutum.

151 998 274 1046 qllalll
300 993 384 1036 aut
406 987 613 1052 aquila,
639 1001 732 1041 aut
754 1004 978 1057 serpens
1003 990 1354 1060 Epidaurius,
1381 992 1455 1045 illi
1486 1006 1637 1045 suam
1662 993 1763 1047 sibi
1792 991 2167 1051 austeritatem
2199 991 2612 1057 suavitatemque
2639 989 2810 1060 magis
2840 989 2959 1044 fore
2978 988 3332 1048 vitiosciant,

149 1085 278 1137 quam
309 1086 542 1127 errorem
591 1085 686 1130 aut
731 1077 940 1145 lapsum
985 1077 1208 1144 juveni;
1245 1081 1356 1144 cui,
1387 1078 1617 1135 subacto
1662 1081 1896 1150 nondum
1930 1077 1993 1130 ad
2025 1077 2397 1139 remotissima.
2424 1091 2653 1148 qumque
2686 1091 2780 1150 per
2822 1085 3036 1131 aetatem
3093 1075 3331 1145 ingenio,

150 1169 194 1208 ut
214 1167 281 1211 est
306 1174 484 1214 errare
514 1161 656 1216 inter
683 1164 929 1219 homines
955 1163 1298 1231 facillimum,
1327 1167 1396 1221 ita
1427 1167 1641 1236 primus
1668 1147 1887 1234 quoque
1915 1173 2044 1218 ante
2071 1158 2260 1219 omnes
2293 1165 2501 1220 veniam
2537 1147 3042 1233 indulgentiamque
3072 1173 3330 1218 meretur.

145 1245 350 1309 Accedit,
382 1249 524 1314 quod
565 1263 691 1317 pars
731 1254 1151 1321 magna'operis
1203 1252 1543 1307 conﬁcienda
1591 1251 1756 1306 fuerit
1804 1251 2312 1305 vixdum-ﬁrmatis
2357 1266 2422 1304 ex
2476 1249 2633 1320 longo
2673 1264 2734 1313 ac
2767 1249 3092 1318 gravissimo
3145 1250 3333 1302 morbo

147 1330 332 1385 viribus.
369 1332 542 1386 Simul
591 1350 827 1403 namque
875 1339 1094 1406 prodire
1124 1354 1154 1392 e
1185 1338 1397 1394 funebri
1429 1340 1581 1408 quasi
1614 1339 1772 1402 lecto,
1804 1346 1860 1392 et
1887 1352 2106 1392 manum
2143 1337 2437 1393 admovere
2470 1335 2664 1390 tabula:
2698 1337 2867 1406 potui,
2911 1336 3129 1391 exercui
3164 1350 3250 1388 me
3278 1345 3334 1388 et

145 1417 412 1485 defatigavi,
443 1435 512 1474 ne
548 1435 654 1490 quo
685 1422 813 1487 alio,
846 1434 904 1476 ut
937 1424 1183 1480 nonnulli
1237 1432 1439 1480 metum
1475 1425 1859 1488 admovebant,
1894 1425 2279 1494 praeveniente,
2332 1424 2510 1479 oleum
2544 1433 2598 1478 et
2632 1416 2850 1492 operam
2897 1430 3061 1492 atque
3109 1422 3327 1492 aliquod

144 1505 351 1560 fortassis
386 1508 512 1563 inde
548 1511 802 1563 meritum
835 1512 1138 1579 perderem.
1171 1511 1327 1567 Nunc
1356 1527 1487 1566 vero
1517 1527 1667 1582 spem
1698 1521 1934 1566 nostram
1969 1522 2248 1582 utcunque
2287 1511 2551 1576 exsecuti,
2582 1511 2775 1566 damus
2809 1510 2896 1566 hic
2931 1513 3025 1566 tibi
3066 1511 3328 1580 quidquld

143 1591 222 1644 hoc
253 1593 358 1647 libri
408 1603 504 1647 aut
553 1596 757 1650 laboris
790 1605 895 1663 est,
931 1604 1097 1666 utque
1143 1609 1332 1668 aequus
1379 1611 1444 1652 ac
1491 1598 1667 1652 libens
1710 1597 1914 1664 fruare,
1951 1596 2344 1652 humanitatem
2394 1607 2539 1652 tuam
2578 1612 2855 1665 rogamus.
2891 1597 3018 1651 Vale
3053 1599 3242 1662 lector,
3275 1605 3328 1652 et

141 1689 353 1744 quantum
379 1681 512 1734 mihi
545 1679 639 1736 Dei
667 1682 1004 1754 benignitate
1031 1684 1432 1754 vita_deinceps
1459 1684 1693 1750 dabitur,
1719 1684 1850 1740 illud
1879 1699 2039 1740 omne
2063 1685 2280 1753 publico
2309 1699 2395 1739 me
2421 1684 2585 1750 bono,
2614 1685 2658 1740 si
2685 1699 2790 1756 qua
2819 1686 3080 1756 prodesse
3113 1693 3326 1754 potero,

141 1765 266 1819 crede
298 1768 764 1824 transmissurum.

143 1959 3316 2001 Μ

851 2160 954 2312 J
959 2154 1345 2316 OAN
1351 2161 1474 2313 N
1487 2157 1662 2317 IS
1779 2129 2568 2319 CINNAMI

639 2447 1631 2566 HISTORIARUM
1713 2449 2092 2564 LIBRI
2141 2447 2729 2628 SEPTEM

729 2799 1041 2854 ΕΠῘΤΟΜΗ
1082 2798 1218 2854 ΤΩΝ
1255 2796 1821 2854 ΚΔΤΟΡΘΩΜΛΤΩΝ
1861 2800 1948 2872 Τῼ
1983 2789 2352 2874 ΜΛΚᾸΡΙΤῌ
2390 2802 2661 2858 ΒΑΣῙΔΕΙ

1292 2914 1415 2969 ΚΔῙ
1452 2915 2099 2983 ΠΟΡΦΥΡΟΓΕΝΝΗἹᾮ

820 3043 1158 3130 ΚΥΡΙΩ
1235 3040 1663 3130 ΙΩΑΝΝΗ
1736 3044 1884 3129 ΤΩ
1960 3045 2527 3134 ΚΟΜΝΗΝΩ

1448 3188 1567 3241 ΚΑΙ
1608 3187 1945 3242 ΔΦΗΓΗΣΙΣ

313 3302 451 3355 mu
492 3302 957 3359 ΠΡΔΧΘΕΝΤΩΝ
996 3305 1084 3375 Τᾳ
1121 3306 1407 3376 sommo
1445 3305 1558 3376 rm
1595 3304 1827 3358 ΑΥΤΟΥ
1865 3305 1952 3376 τᾳ
1988 3271 2256 3360 essum
2294 3308 2416 3362 ΚΑΙ
2454 3310 3099 3366 ΠυΡΦΥΡΟΓΕΝΝΙιΤΩ

1154 3421 1344 3489 ΚΥΡῼ
1384 3419 1733 3494 ΜΑΝΟΥΗΛ
1765 3422 1852 3493 τᾳ
1893 3422 2241 3495 κυΜΝηΝςι

1509 3531 1883 3583 ΠΟΝΗθΕῙΣΔ

874 3637 1134 3711 ΙΩΔΝΝῌ
1173 3638 1492 3709 ΒΑΣΙΛΙΚῼ
1532 3639 1998 3710 ΓΡΑΜΜΑΤΙΚῼ
2037 3640 2123 3712 τᾳ
2163 3641 2503 3715 κιΝΝΑΜᾳ.

657 3843 954 3903 ΕΡΙΤΟΜΕ
984 3845 1229 3928 RERUM
1259 3848 1650 3907 PRIECLARE
1678 3848 2053 3908 GESTARUM
2086 3855 2126 3910 Α
2167 3855 2351 3912 DIVE
2383 3857 2723 3916 MEMORIAE

1316 3966 1406 4022 ΕΤ
1429 3967 2054 4027 PORPBYROGENITO

760 4093 1234 4174 DOMINO
1380 4096 1850 4176 JOANNE
1977 4102 2598 4194 COMNENOa

1444 4231 1534 4286 ET
1573 4232 1930 4289 NARRATIO

139 4328 340 4391 RERUM
373 4337 542 4405 QUAS
576 4339 823 4397 GESTAE
865 4341 1043 4399 SUNT
1081 4343 1173 4397 AB
1205 4343 1503 4402 INCLYTO
1536 4347 1752 4404 IPSIUS
1785 4347 1965 4406 FILlO
2008 4351 2460 4411 IMPERATORE
2499 4358 2586 4413 ET
2624 4336 3257 4416 PORPHYROGENITO

913 4475 1318 4552 DOMINO
1399 4479 1883 4558 MANUELE
1957 4485 2474 4568 COMNENO,
2683 4493 2687 4497 λ
3011 4465 3016 4470 ’

1521 4635 1833 4676 CONSCRIPTA
1943 4674 1946 4677 .

833 4731 877 4783 A
908 4730 1168 4788 JOANNE
1201 4731 1670 4787 IMPERATORIO
1699 4732 2152 4795 GRAMMATICO
2183 4737 2509 4794 CiNNAMO.

1362 4990 1799 5078 BIBAION
1874 4993 1968 5076 A.

1460 5247 1755 5323 LIBER
1839 5248 1903 5326 1.

155 5451 225 5557 μ’.
249 5458 266 5511 1
297 5457 318 5532 ]
347 5459 416 5516 α’.
444 5463 580 5516 Οὐδὲ
613 5465 672 5516 τὸ
703 5482 802 5534 της
837 5467 1076 5538 ἱστορίας
1100 5471 1260 5540 ἔργον
1285 5474 1608 5546 ἀφιλότιμον

1793 5483 1924 5552 ιο3
1970 5485 2017 5537 1.
2063 5484 2351 5537 ilismriam
2377 5485 2614 5540 scribere
2643 5488 2933 5555 gloriosum
2960 5492 3276 5557 jz'unm-Mmu

107 5546 184 5644 τῆἶς
212 5550 369 5606 πάλαι
413 5555 670 5627 ἐνομίσθη
735 5555 937 5625 σοφοῖς.
1000 5560 1286 5626 Πλείστους
1340 5565 1440 5634 μὲν
1513 5565 1607 5622 οὖν

1719 5575 1890 5626 visum
1938 5583 2021 5629 est
2069 5575 2424 5642 sapientibus,
2472 5590 2698 5644 quorum
2751 5581 3007 5645 plurimos
3056 5585 3279 5651 ('mitigit

132 5640 244 5689 ίτῶν
260 5645 349 5696 πρὸ
386 5644 637 5698 ἓιλΐνῖθτυ
676 5648 1092 5705 εξιῖνἿι-νιῃκέηζι
1144 5655 1362 5726 συνέϐη.
1414 5659 1469 5711 ’0
1505 5659 1602 5728 μὲν

1715 5679 1821 5717 non
1871 5665 2192 5728 mediocrem
2245 5665 2369 5719 inde
2401 5665 2594 5721 famam
2634 5668 2946 5737 laudemque
2995 5668 3275 5747 consequi.
