3968 6326
529 223 635 289 323

1789 219 2112 280 JOANNIS
2150 218 2476 280 CINNAMI

3660 216 3778 279 324

531 347 741 390 tantum
765 335 1081 400 anlzorum,
1104 335 1300 406 quibus
1329 332 1555 388 insterni
1586 330 1726 386 solet
1747 332 2095 400 imperatoris

2207 329 2424 396 γούσαις
2453 327 2800 381 ἐπεισπεσὼν
2821 326 3110 395 φάλαγξιν,
3140 324 3229 399 [Ρ.
3255 323 3312 397 7]
3331 326 3475 396 ἄλλῳ
3511 329 3608 396 μὲν
3641 331 3772 383 ούί-

531 428 962 490 tabernacnlum,
995 426 1339 494 fragmentis,
1364 440 1484 494 qua:
1507 423 1690 492 inopia
1721 422 2094 498 iumentorum

543 521 729 573 relicta
762 517 1116 588 ncglectaque
1141 524 1319 578 erant,
1345 514 1628 570 redii-runt
1651 530 1664 566 :
1691 514 1881 581 sicque
1902 511 2100 577 Roma-

531 625 720 662 nurum
747 609 1019 663 exercitus
1058 607 1205 660 nullo
1238 607 1479 675 periculo
1505 605 1629 658 inde
1657 604 1916 658 excessit.
1939 602 2098 658 Haud

534 699 703 751 multo
732 705 851 767 post
903 699 955 751 in
1000 698 1182 751 Asiam
1220 695 1497 751 contendit
1550 695 1873 764 imperator,
1908 694 2096 747 urbem

530 789 914 842 Castamonem
964 787 1403 856 Paphlagonibus
1460 784 1744 838 ﬁnitimam
1779 797 2100 853 expugnare

529 886 798 930 statuens.
841 875 1020 931 Persa:
1041 877 1186 929 enim
1218 875 1310 944 qui
1334 891 1453 929 eam
1493 876 1824 938 incolebant,
1852 872 2100 941 regiones

534 967 740 1020 vicinas
791 976 847 1019 et
898 967 1212 1034 imperatori
1261 967 1511 1021 subditas
1561 964 1882 1020 excursibus
1935 965 2101 1019 variis

532 1056 857 1122 fatigabant,
888 1056 1120 1124 indeque
1145 1055 1418 1110 Romanos
1447 1071 1551 1109 non
1578 1055 1766 1125 paucis
1793 1053 2101 1109 adiciebant

530 1145 908 1198 incommodis.
964 1143 1074 1200 llos
1128 1146 1506 1215 magnitudine
1571 1154 1864 1212 apparatus
1924 1145 2098 1198 bellici

528 1235 819 1288 exterritos
850 1244 902 1289 et
937 1250 996 1290 se
1021 1245 1075 1291 et
1116 1236 1303 1290 urbem
1336 1235 1534 1291 dedere
1577 1236 1859 1305 compulit,
1899 1251 1963 1291 ac
1994 1235 2099 1306 By-

530 1327 769 1377 zintium
817 1326 1012 1378 deinde
1067 1340 1318 1380 reversus
1373 1324 1716 1393 magniﬁcum
1768 1327 1878 1394 egit
1913 1327 2102 1379 trium-

531 1417 716 1484 phum.
753 1415 1084 1484 Carpentum
1127 1418 1270 1470 enim
1322 1426 1548 1485 argento
1591 1416 1972 1486 compactum‘,
2007 1417 2102 1471 ob-

531 1510 866 1575 dui-tumqne
899 1523 1036 1561 auro
1069 1507 1326 1576 undique,
1353 1516 1608 1575 tanquam
1642 1507 1694 1559 in
1723 1521 1788 1560 eo
1825 1522 2098 1568 sessurus,

530 1598 709 1664 parari
750 1597 938 1663 jussit.
976 1597 1089 1650 Non
1127 1598 1370 1651 ascendit
1408 1596 1538 1650 illud
1602 1609 1820 1663 tamen,
1869 1598 2100 1651 fortasse

2198 422 2280 474 ενὶ
2319 419 2620 490 Ῥωμαίους
2669 419 3003 490 ἐζημίωσαν,
3051 419 3291 489 τεμάχια
3330 419 3387 472 δὲ
3410 419 3519 470 τῶν
3541 421 3638 490 τὴν
3672 420 3776 490 βα-

2201 509 2434 581 σιλικὴν,
2486 507 2957 588 ξυμπληρούντων
3018 507 3190 581 αὐλὴν
3241 511 3777 579 παραπετασμάτων

2200 603 2513 670 ὑποζυγίων
2547 601 2754 671 ἀπορία
2787 601 3186 672 περιοραθέντα
3214 599 3530 670 ἀνελόμενοι
3563 599 3773 669 ἀνεχώ-

2202 707 2399 760 ρησαν,
2443 688 2540 741 καὶ
2575 687 2638 741 τὸ
2677 684 2968 756 Ῥωμαίων
2997 687 3317 758 στράτευμα
3339 684 3526 751 ἀσινδς
3555 688 3774 744 ικεῖθεν

2199 781 2536 848 διαγέγονεν.
2577 777 2776 847 Ὀλίγῳ
2827 777 2884 831 δὲ
2916 776 3141 848 ὕστερον
3169 777 3282 849 (ει)
3316 779 3407 830 ἐπὶ
3436 778 3538 848 τὴν
3578 776 3771 830 Ἀσίαν

2203 871 2458 942 βασιλεὺς
2489 869 2668 938 διέϐη,
2703 868 2857 922 πόλιν
2887 868 3223 938 Καστάμονα
3247 868 3566 936 Παφλαγόσι
3596 869 3772 939 πρόσ-

2200 977 2350 1015 οικον
2393 959 2598 1025 ἐξελεῖν
2638 959 3013 1028 ὲπειγόμενος.
3062 959 3269 1027 Πέρσαι
3313 959 3423 1030 γάρ
3451 960 3502 1012 oi
3529 959 3768 1014 ενταῦθα
3865 972 3875 980 “

2200 1053 2478 1124 ᾠκημένοι
2513 1052 2606 1105 ἐπὶ
2650 1051 2748 1121 τὴν
2794 1050 3174 1123 πλησιόχωρον
3225 1052 3319 1105 καὶ
3364 1051 3574 1122 βασιλεῖ
3633 1067 3772 1106 κατ-

2201 1145 2365 1213 ήκοον
2389 1142 2759 1214 εξορμώμενοι
2778 1144 2984 1197 ἐκεῖθεν
3001 1146 3087 1197 ἀεὶ
3115 1146 3298 1209 κακῶς
3328 1145 3453 1208 τοὺς
3477 1145 3601 1214 τῇδε
3632 1143 3772 1197 Ῥω-

2205 1232 2400 1301 μαίους
2424 1232 2748 1286 διετίθεσαν.
2790 1232 3091 1302 Ἐκπλήξας
3117 1233 3296 1286 τοίνυν
3326 1233 3524 1296 αὐτοὺς
3554 1232 3634 1302 τῷ
3664 1251 3770 1303 μευ

2200 1323 2352 1390 γέθει
2377 1324 2476 1388 τῆς
2506 1324 2565 1385 ἐς
2595 1321 2689 1374 τὸν
2718 1321 2954 1391 πόλεμον
2986 1325 3367 1392 παρασκευῆς,
3393 1324 3498 1393 τήν
3525 1337 3585 1377 τε
3609 1325 3773 1378 πόλιν

2203 1417 2295 1468 καὶ
2335 1416 2475 1482 σφᾶς
2515 1413 2713 1476 αὐτοὺς
2761 1412 3054 1483 προδοῦναι
3092 1413 3384 1483 Ῥωμαίοις
3431 1415 3765 1483 ἠνάγκασεν,

2199 1503 2343 1558 οὕτω
2393 1521 2454 1557 τε
2504 1506 2564 1566 ὲς
2599 1503 2894 1567 Βυζάντιον
2933 1503 3171 1556 ἐπανιὼν
3203 1504 3770 1574 μεγαλοπρεπέστερα

2202 1597 2568 1664 ἐπόμπευσεν.
2603 1594 2732 1647 Ὅτε
2765 1595 2858 1648 καὶ
2879 1593 3032 1664 ἀρμα
3059 1596 3304 1666 ἀργύρου
3342 1596 3441 1664 μὲν
3469 1599 3769 1668 πεπηγμέ.

532 1704 602 1742 ne
652 1690 702 1740 in
747 1689 1012 1754 superbia
1060 1688 1268 1740 crimen
1326 1686 1668 1751 incurreret;
1720 1687 1815 1740 sed
1865 1687 2096 1754 imagine

2207 1704 2284 1740 νον
2308 1684 2495 1757 χρυσῷ
2523 1687 2578 1739 δὲ
2618 1685 2935 1756 κατακόρως
2963 1685 3334 1756 ἀληλιμμένον
3357 1687 3622 1758 ἡτοίμασε
3664 1688 3768 1757 μὲν

536 1778 624 1829 Dei
675 1776 975 1830 Genitricis
1018 1776 1288 1843 imposita,
1342 1777 1456 1844 ipse
1492 1777 1672 1830 crucis
1715 1778 1926 1846 signum
1988 1789 2096 1843 prie

534 1869 781 1922 manibus
811 1880 1030 1936 gestans
1074 1869 1388 1922 antecessit.
1440 1868 1532 1922 Sic
1575 1861 1844 1936 processit
1871 1883 2098 1936 carpen-

534 1969 666 2019 tum,
707 1974 900 2024 resque
934 1957 1176 2011 miraculi
1209 1957 1386 2012 instar
1417 1972 1445 2009 a
1474 1957 1790 2027 Byzantinis
1824 1954 1928 2026 14
1957 1957 2093 2019 visa,

531 2052 672 2117 quod
722 2068 750 2102 ει
807 2052 1047 2113 nemine,
1086 2059 1144 2104 ut
1195 2052 1424 2119 Opinor,
1462 2051 1762 2104 lactitatnm
1813 2060 2095 2112 noverant,

536 2155 602 2192 ex
641 2154 746 2208 quo
777 2137 1009 2193 lleraclii
1035 2150 1088 2193 et
1117 2137 1410 2194 Jusﬂniani
1446 2139 1734 2208 imperium
1786 2139 2096 2193 obtinuere.

602 2416 660 2471 6.
700 2415 837 2470 Dum
869 2416 986 2470 haec
1013 2415 1151 2485 apud
1191 2414 1468 2472 Romanos
1514 2427 1860 2487 gererentur,
1907 2417 2099 2472 'l‘anis-

534 2523 693 2570 man,
743 2507 836 2576 qui
877 2523 939 2560 ea
992 2517 1316 2576 tempestate
1363 2510 1720 2579 Cappadocia
1772 2509 2097 2578 imperabat,

533 2597 916 2652 Castamunem
966 2599 1250 2654 obsidione
1294 2599 1465 2671 cingit
1496 2612 1552 2655 et
1591 2611 1889 2670 oppugnat.
1923 2601 2097 2670 lnipc-

537 2699 771 2745 ratorem
815 2701 996 2744 autem
1043 2689 1255 2745 bellicis
1305 2691 1419 2760 jam
1485 2691 1730 2745 consiliis
1777 2702 2098 2762 occupatum

535 2783 768 2836 acerbus
802 2797 966 2836 casus
988 2781 1198 2846 alliixit,
1227 2783 1427 2852 quippe
1453 2780 1609 2840 lreue
1642 2785 1881 2853 Augusta
1908 2799 2100 2840 exces~

534 2884 683 2926 serat
735 2887 766 2926 e
836 2872 1012 2938 rivis,
1068 2874 1290 2942 ipseque
1342 2875 1456 2928 acri
1511 2867 1857 2929 conﬂictatus
1913 2877 2102 2932 inorbo

537 2965 859 3036 Byzantium
889 2969 1066 3023 fuerat
1096 2968 1318 3026 relatus.
1353 2967 1550 3024 Urbem
1585 2970 1749 3040 igitur
1782 2969 1922 3023 fame
1951 2969 2102 3039 prius

2198 1777 2273 1840 ὡς
2303 1777 2722 1848 ἐπιϐησόμενος,
2749 1779 2810 1831 ού
2846 1777 3029 1848 μέντοι
3061 1778 3154 1830 καὶ
3193 1778 3447 1849 ὡχήσατο
3475 1779 3651 1847 τούτῳ
3693 1777 3767 1830 δι’

2200 1867 2497 1939 ὑπεροψίας
2530 1867 2663 1927 ι’σως
2709 1867 3041 1937 παραίτησιν
3082 1870 3186 1936 (c)°
3231 1867 3422 1937 ἀμέλει
3457 1870 3552 1923 καὶ
3582 1870 3770 1922 εἰκόνα

2198 1960 2297 2029 τῆς
2345 1959 2608 2012 Θεοτόκου
2641 1959 2753 2030 (25)
2802 1958 3090 2027 ἐνθέμενος
3147 1957 3319 2027 αὐτῷ,
3351 1957 3379 2010 δ
3415 1957 3512 2027 μὲν
3566 1962 3662 2010 σὺν
3687 1957 3770 2027 τῷ

2201 2052 2477 2122 σταυρικῷ
2509 2054 2750 2123 προῆλθε
2783 2054 3017 2122 σημείῳ,
3038 2052 3100 2105 τδ
3144 2052 3200 2104 δὲ
3236 2052 3458 2121 ἐχώρει,
3484 2050 3671 2117 θαῦμά
3706 2067 3768 2103 τε

2197 2139 2265 2214 ἦν
2296 2145 2608 2210 Βυζαντίοις
2637 2148 2791 2216 όρᾷν,
2815 2147 2952 2214 ὅπερ
2979 2141 3134 2214 οἶμαι
3153 2142 3305 2196 οὔπω
3340 2144 3503 2214 μέχρι
3524 2144 3621 2196 καὶ
3642 2141 3768 2195 τότε

2201 2238 2447 2290 κατεῖδον
2494 2237 2555 2299 ἐξ
2609 2236 2733 2289 ὅτου
2776 2228 3090 2304 Ἡράκλειοι
3132 2236 3225 2288 καὶ
3259 2235 3625 2288 Ἰουστινιανοὶ
3666 2236 3771 2304 τὴν

2210 2325 2500 2394 Ῥωμαίων
2529 2326 2734 2379 διείπον
2758 2327 2956 2403 ἀρχήν.

2274 2423 2349 2482 ς’.
2394 2417 2683 2486 Ῥωμαίων
2731 2416 2824 2470 οὖν
2858 2417 2887 2468 ό
2917 2417 3084 2488 δῆμος
3112 2419 3169 2469 ἐν
3218 2417 3429 2479 τούτοις
3472 2411 3561 2486 ἦν.
3596 2416 3770 2470 Τανι-

2204 2509 2348 2578 σμάν
2380 2505 2494 2577 (εει
2525 2507 2588 2559 δὲ’
2612 2506 2671 2569 ὃς
2723 2507 3120 2569 Καππαδοκίας
3149 2507 3254 2560 ύπδ
3290 2506 3477 2560 τοῦτον
3504 2502 3641 2577 ἦρχε
3671 2507 3769 2560 τὸν

2201 2600 2392 2670 χρόνον
2447 2600 2778 2669 Καστάμονα
2854 2600 3223 2669 στρατεύματι
3283 2599 3591 2670 περιλαϐὼν
3663 2603 3770 2653 ιπ-

2200 2687 2460 2757 ολιὸρκει.
2493 2687 2710 2757 Ἐπειδὴ
2736 2703 2795 2739 τε
2813 2685 3024 2755 βασιλεί
3053 2689 3110 2750 ἐς
3131 2687 3221 2740 τὸν
3240 2687 3472 2756 πόλεμον
3503 2687 3605 2758 ήδη
3634 2687 3771 2741 καθ-

2207 2774 2481 2846 ισταμένῳ
2535 2773 2676 2844 τύχη
2731 2790 2816 2836 τις
2862 2774 3113 2841 ἐμποδὼν
3173 2777 3392 2843 ἐγένετο
3449 2777 3502 2846 (ἦ
3549 2793 3609 2830 τε
3656 2777 3770 2848 γὰρ

2203 2862 2446 2927 ξύνοικος
2472 2863 2682 2934 Εἰρήνη
2716 2862 2776 2926 ἐξ
2822 2863 3125 2934 ἀνθρώπων
3149 2865 3437 2933 ἠφάνιστο,
3466 2865 3494 2916 δ
3533 2864 3592 2917 δὲ
3624 2867 3770 2936 νόσῳ

2204 2952 2365 3016 ἁλοὺς
2389 2955 2445 3017 ἐς
2476 2952 2768 3018 Βυζάντιον
2798 2939 3181 3024 ἀνεκομίσθη),
3221 2955 3365 3025 λιμῷ
3395 2956 3456 3008 τὸ
3499 2955 3770 3025 πρότερον

538 3056 802 3122 attritam,
828 3057 1026 3112 deinde
1050 3065 1106 3112 et
1127 3057 1179 3112 vi
1206 3059 1568 3126 expugnando
1596 3059 1737 3125 cepit
1761 3058 2058 3112 Tanisman
2085 3073 2100 3111 :

2207 3046 2377 3116 αὐτὴν
2407 3046 2770 3115 κατατρίψας,
2803 3041 2922 3098 εἶτα
2954 3047 3048 3100 καὶ
3069 3048 3471 3117 τειχομαχῆσας
3502 3042 3664 3128 εἷλεν.
3700 3049 3770 3100 ’0

537 3162 658 3216 quae
694 3164 780 3203 res
810 3148 1071 3218 principis
1095 3149 1334 3203 animum
1362 3148 1603 3219 graviter
1628 3147 1841 3204 atllixit.
1888 3149 2102 3204 Interea

540 3239 725 3293 nescio
780 3254 886 3306 quo
930 3254 1058 3294 casn
1102 3240 1370 3294 exstincto
1399 3239 1754 3305 Tauismane,
1789 3255 1913 3295 eum
1963 3243 2103 3294 inter

539 3327 940 3384 Machumetnm
973 3332 1063 3398 qui
1102 3332 1386 3400 imperium
1432 3344 1550 3387 erat
1589 3335 1817 3402 adeptus
1851 3343 1906 3387 et
1938 3334 2101 3387 lconii

540 3418 920 3488 pliylarcbum,
958 3435 1116 3489 quem
1153 3421 1425 3476 sultanum
1457 3422 1670 3477 caneris
1713 3432 2105 3492 anteponentes

541 3508 874 3576 principibus
933 3519 1126 3563 vocant
1166 3509 1364 3574 Persae,
1412 3513 1664 3565 simultas
1721 3514 2099 3577 intercederet,

541 3597 838 3665 imperator
869 3600 1052 3653 missis
1103 3597 1340 3653 Iconium
1393 3599 1614 3670 legatis,
1649 3609 1707 3654 ut
1741 3604 2106 3656 secum'ami-

541 3678 728 3740 citiam
765 3694 820 3741 et
873 3688 1193 3743 societatem
1241 3692 1501 3743 adversus
1540 3690 1934 3745 lllaclinmetum
1969 3707 2104 3761 con-

544 3777 806 3842 traheret,
839 3778 913 3830 illi
939 3772 1227 3845 persuasit.
1252 3776 1414 3832 Venit
1439 3780 1622 3848 itaque
1653 3796 1756 3836 non
1784 3781 1952 3835 multo
1985 3791 2105 3850 post

546 3870 765 3937 quidam
838 3885 904 3923 ex
975 3871 1298 3938 primatibus
1353 3871 1422 3926 ab
1484 3871 1576 3926 illo
1619 3872 1922 3928 submissus
1979 3889 2102 3927 cum

545 3960 812 4024 exercitu,
860 3969 914 4014 et
942 3962 1100 4014 obses
1145 3970 1200 4016 et
1255 3962 1376 4016 belli
1417 3963 1620 4032 pariter
1655 3964 1836 4017 socius
1869 3962 2100 4018 futurus.

547 4048 844 4117 Imperator
875 4051 1038 4120 igitur
1069 4068 1190 4105 cum
1223 4053 1290 4106 iis
1317 4053 1486 4122 copiis
1508 4052 1778 4124 Gangrain
1803 4053 2101 4124 profectus,

543 4149 724 4192 castra
754 4139 866 4192 lixit
918 4151 1043 4195 ante
1086 4142 1234 4195 urbis
1270 4143 1490 4205 inania,
1528 4157 1696 4211 seque
1751 4143 1853 4197 liac
1894 4146 2104 4199 ratione

545 4231 885 4295 composuit,
921 4240 1176 4299 tanquam
1207 4231 1660 4300 oppugnationem
1691 4234 1937 4301 sequenti
1963 4249 2103 4290 anno

546 4331 895 4388 suscepturus
930 4340 943 4374 :
978 4332 1034 4375 at
1066 4321 1390 4384 Maeliumet,
1435 4339 1556 4378 cum
1589 4316 1647 4378 se
1679 4325 1924 4378 llomano
1959 4326 2105 4392 prin-

2204 3138 2268 3206 δὴ
2333 3136 2646 3207 ξυνενεχοὲν
2697 3136 2908 3207 μεγάλα
2937 3137 3036 3206 τῆς
3071 3138 3332 3207 βασιλέως
3377 3138 3631 3192 καθίκετο
3662 3138 3769 3207 ψυ-⁹

2207 3230 2326 3299 χῆς.
2370 3228 2587 3297 Ἐπειδὴ
2635 3229 2764 3296 γοῦν
2798 3229 2936 3301 τύχῃ
2977 3230 3086 3282 τινὶ
3127 3230 3408 3300 Τανισμὰν
3439 3231 3643 3299 μεταξὺ
3674 3231 3770 3283 τὸν

2209 3318 2323 3388 βίον
2353 3320 2824 3389 καταστρέψαντος
2871 3321 3170 3391 Μαχούμετ
3211 3322 3302 3374 ἐπὶ
3329 3322 3428 3389 τῆς
3455 3323 3628 3390 ἀρχῆς
3667 3339 3770 3373 κα·

2207 3408 2410 3470 ταστὰς
2436 3408 2692 3478 διάφορος
2721 3409 2798 3478 τῷ
2839 3409 3099 3479 φυλάρχῳ
3139 3411 3239 3478 τῆς
3274 3409 3498 3461 Ἰκονίου
3530 3409 3640 3480 (27)
3668 3410 3770 3475 γέ-

2205 3514 2355 3551 νοιτο
2377 3499 2603 3563 πόλεως,
2633 3498 2691 3550 ὃν
2714 3499 2778 3568 δὴ
2799 3499 3029 3551 Σουλτάν
3051 3500 3158 3551 τῶν
3180 3501 3354 3552 ἄλλων
3383 3501 3769 3569 ὑπερτιοέντες

2206 3591 2535 3660 ὀνομάζουσι
2569 3591 2795 3660 Πέρσαι,
2845 3591 3103 3662 πρέσϐεις
3141 3593 3220 3654 εἰς
3273 3591 3492 3644 Ἰκόνιον
3524 3591 3768 3657 στείλας,

2209 3681 2508 3750 ἐπειδήπερ
2541 3682 2596 3742 ὲς
2628 3681 2689 3732 τὸ
2723 3680 2896 3748 φίλιον
2925 3681 3072 3750 αὐτῷ
3102 3681 3436 3748 ξυνεγένετο,
3475 3681 3769 3748 Ῥωμαίοις

2209 3769 2589 3837 ξυμμαχήσειν
2623 3770 2764 3821 κατά
2800 3768 3099 3837 Μαχούμετ
3141 3769 3448 3822 ἀνέπεισεν.
3480 3764 3620 3820 Ἥκε
3648 3769 3769 3820 τοί-

2207 3877 2302 3912 νυν
2330 3860 2432 3910 οὐκ
2455 3861 2508 3920 ἐς
2536 3859 2754 3928 μακρὰν
2775 3860 2880 3910 τῶν
2909 3861 3034 3928 παρ’
3058 3861 3203 3931 αὐτῷ
3224 3878 3308 3922 τις
3342 3859 3620 3926 ἐπιφανῶν
3647 3859 3768 3927 ἅμα

2209 3949 2579 4018 στρατεύματι
2614 3948 2942 4018 ὁμηρεύσων
2983 3966 3040 4002 τε
3095 3951 3211 4018 ἅμα
3259 3950 3355 4002 καὶ
3403 3949 3497 4000 τοῦ
3527 3950 3769 4019 πολέμου

2210 4037 2674 4106 συνεφαψάμενος.
2722 4037 2986 4100 Βασιλεὺς
3033 4039 3132 4106 μὲν
3179 4036 3274 4090 οὖν
3324 4038 3465 4090 οὓτω
3516 4038 3610 4104 ξὺν
3654 4043 3768 4102 τοίς

2207 4131 2519 4200 εἰρημένοις
2550 4131 2643 4182 ἐπὶ
2671 4130 2930 4199 Γάγγραν
2964 4130 3134 4183 ἐλθὼν
3175 4131 3282 4200 πρὸ
3312 4130 3404 4182 τού
3428 4130 3630 4199 ταύτης
3671 4149 3768 4182 πε-

2211 4222 2424 4290 ριϐόλου
2469 4221 2566 4290 τὴν
2599 4223 3015 4290 στρατοπεδείαν
3054 4221 3312 4286 ἐπήξατο,
3343 4224 3401 4274 ἐν
3442 4226 3767 4292 παρασκευῇ

2207 4313 2282 4365 ὢν
2330 4315 2406 4376 ὡς
2457 4314 2514 4375 ἐς
2565 4313 2736 4366 νέωτα
2774 4315 3205 4383 τειχομαχὴσων.
3267 4314 3425 4366 Ἀλλὰ
3469 4315 3768 4384 Μαχόύμετ

545 4409 652 4476 cipi
684 4421 930 4464 cerneret
965 4411 1266 4478 imparem,-
1293 4411 1662 4464 necessarium
1690 4411 1905 4464 censuit
1936 4412 2100 4464 sulta-

2207 4405 2400 4459 οὔκουν
2433 4405 2730 4476 ἀξιόμαχον
2777 4407 2967 4459 ἑαυτὸν
3000 4407 3212 4476 βασιλεί
3252 4407 3613 4475 ἐπιστάμενος
3654 4407 3770 4460 δεῖν

1900 4526 2000 4584 Du
2037 4523 2258 4600 Cangii
2294 4530 2478 4582 notm.

621 4625 734 4694 (ει)
780 4626 993 4693 Ὀλίγῳ
1040 4625 1107 4678 δὲ
1145 4627 1421 4692 ὕστερον.
1447 4624 1664 4696 Hicetas
1695 4643 1749 4682 n.
1785 4627 1884 4682 15.

621 4696 733 4761 (25)
764 4697 981 4748 Εἱκόνα
1029 4696 1140 4762 τῆς
1173 4699 1486 4749 Θεοτόκου.
1516 4695 1737 4750 Joannis
1772 4698 2103 4763 triumphum

549 4776 804 4818 accurate
841 4766 1414 4832 essequiturNicetas.
1451 4768 1520 4817 At
1558 4769 1701 4832 quod
1731 4767 1879 4818 addit
1906 4767 2108 4819 (ginna-

553 4849 674 4887 mus
709 4836 1018 4899 neutiquam
1054 4844 1172 4900 post
1195 4833 1478 4887 Justiniani
1509 4847 1561 4886 et
1595 4833 1818 4888 lleraclii
1867 4845 2107 4900 tempora

554 4903 817 4970 ejusmodi
858 4913 1010 4956 actos
1060 4903 1517 4969 Constantinopoli
1553 4905 1872 4971 triumphos,
1904 4905 1954 4955 iu
1987 4905 2106 4971 qui-

553 4973 654 5025 bus
685 4973 930 5026 videlicet
981 4975 1280 5038 praacipuus
1316 4975 1646 5040 Deiparentis
1677 4973 1892 5041 imagini
1930 4977 2107 5026 cultus

546 5053 606 5094 et
638 5041 785 5094 locus
834 5043 991 5094 datus
1022 5041 1206 5104 fuerit,
1246 5042 1384 5093 baud
1411 5057 1552 5110 (egre
1582 5042 1847 5096 refellitur
1873 5058 1935 5095 ex
1961 5045 2097 5110 Scy-

553 5111 695 5173 litze,
755 5119 806 5163 et
843 5110 1073 5172 Zonara,
1108 5112 1436 5164 tradentibus
1487 5111 1747 5164 Joannem
1776 5111 2093 5173 Zeiniscein,

553 5179 779 5231 devictis
821 5179 1081 5245 Bidgaris,
1111 5182 1183 5232 ita
1218 5181 1542 5246 triumphum
1577 5181 1814 5242 duxisse,
1849 5191 1904 5232 ut
1931 5191 2096 5232 totam

555 5263 731 5300 rerum
779 5249 916 5302 bene
946 5259 1213 5316 gestarum
1251 5250 1469 5317 gloriam
1498 5249 1737 5316 Deipara:
1765 5251 2097 5317 ascripserit,

2210 4627 2364 4692 cujus
2405 4625 2687 4695 imaginem
2713 4627 2764 4678 in
2785 4641 2943 4680 curru
2978 4628 3291 4681 collocatam
3325 4628 3434 4694 ipse
3452 4635 3770 4685 subsecutus

2205 4709 2323 4769 est;
2370 4695 2456 4746 'Ev
2480 4697 2534 4769 δε
2552 4695 2626 4769 τῷ
2645 4696 2852 4769 ἅρματι
2871 4697 2965 4769 τὰς
2987 4697 3361 4769 Βουλγαρικὰς
3389 4698 3500 4769 θεὶς
3525 4698 3634 4750 τῶν
3665 4701 3769 4769 βα-

2207 4765 2399 4818 σιλέων
2423 4763 2638 4838 στολὰς,
2660 4763 2751 4838 καὶ
2771 4765 2975 4817 ἀνωθεν
3002 4763 3410 4838 τούτωνζεὶκρνα
3439 4767 3538 4838 τῇς
3555 4763 3769 4838 850M)-

2206 4851 2382 4904 τορος,
2417 4835 2490 4894 ὡς
2523 4833 2831 4902 πολιούχου,
2855 4835 3496 4904 προπορεύεσθαιέαυτοῦ
3514 4833 3767 4900 ἐτάξατο.

2212 4903 2269 4958 Id
2326 4905 2499 4972 ipsum
2559 4914 2740 4969 pestea
2779 4903 3047 4956 imitatum
3107 4903 3428 4966 Manuelem,
3483 4909 3772 4963 debellatis

2207 4972 2576 5032 Pannnnibus,
2612 4975 2775 5025 tradit
2806 4972 3038 5033 Nicetas,
3074 4972 3106 5023 1.
3142 4989 3189 5032 ν,
3228 4989 3281 5026 n.
3306 4974 3362 5027 5.

2277 5042 2389 5112 (26)
2437 5039 2755 5112 Tartaya'af.
2798 5041 2925 5094 Vide
2947 5053 3054 5112 not.
3086 5044 3149 5093 ad
3181 5045 3345 5094 Anna:
3368 5057 3430 5112 p._
3450 5041 3573 5096 565.

2279 5109 2390 5181 (27)
2427 5111 2511 5174 Τῴ
2564 5110 2852 5181 φυλάρχῳ
2910 5109 3026 5181 τῆς
3058 5112 3324 5181 Ἰκονίου.
3351 5109 3594 5181 _'_Masuto
3655 5113 3771 5168 leo.

2210 5179 2381 5234 niensi
2413 5183 2645 5242 suit-ano,
2668 5179 3062 5234 Ctiziestlilanis
3095 5180 3141 5233 ll
3167 5179 3320 5234 fratri
3346 5179 3544 5246 Notbo,
3570 5193 3626 5237 et
3645 5200 3771 5240 suc-

2209 5251 2437 5304 ccswri.

1813 5344 2096 5405 Cornelii
2129 5345 2318 5406 Tollii
2363 5351 2549 5404 none.

623 5443 690 5511 (ε)
730 5442 810 5496 Δι’
841 5443 1105 5510 ὑποψίἰις
1140 5445 1286 5508 ισως
1342 5445 1725 5512 παραίτησιν.
1758 5444 2001 5498 Ileminit
2045 5454 2101 5498 et

550 5512 744 5582 similis
790 5513 842 5566 in
866 5517 1147 5582 triumpho
1197 5529 1388 5568 currus
1419 5513 1554 5566 infra
1588 5514 1935 5582 ejusdemque
1959 5515 2097 5568 ciri-

551 5579 721 5636 litatis
771 5582 824 5636 in
863 5579 1125 5637 Manuele.
1183 5583 1446 5638 Caeterum
1480 5579 1625 5652 quod
1661 5587 1728 5638 dc
1784 5579 1944 5637 cruce
1994 5587 2102 5637 lata

2210 5447 2306 5507 ait,
2364 5446 2414 5497 in
2448 5445 2826 5513 superstitibne
2879 5445 2930 5498 id
2982 5445 3392 5513 imperatoribus
3430 5444 3766 5515 Byzantinis,

2209 5516 2302 5582 qui
2331 5516 2664 5584 progvictrici
2693 5515 2864 5582 lauro,
2897 5528 3113 5570 crucem
3147 5516 3347 5570 Christi
3374 5515 3772 5584 triumphantes

2209 5582 2680 5638 circumferebant.
