3968 6326
103 344 188 405 ΖΒῚ
1289 331 1650 396 HISTORIA

1751 332 1824 392 lM
1867 331 2013 393 LIB.
2058 331 2100 390 Ι.

3206 317 3314 380 333

107 448 273 503 πολλοῦ
313 445 790 516 μνηστευσάμενος
823 446 1096 514 σκῆπτρα.
1136 446 1286 498 Ἐπεὶ
1317 446 1371 498 δὲ
1403 445 1497 498 καὶ
1528 446 1648 498 Μα-

1754 451 1806 494 et
1836 442 1887 494 in
1917 453 2084 509 puero
2121 450 2222 490 non
2260 447 2426 503 pauca
2459 430 2668 500 imperii
2703 428 2884 499 agnita
2908 437 3026 482 sunt
3055 428 3308 498 auguria,

107 545 238 611 νουὴλ
264 543 485 610 ἔσχατος
515 539 664 608 αὖτῷ
695 541 936 605 γένοιτο,
969 539 1162 608 φάσεις
1188 538 1381 592 αὐτίκα
1412 539 1643 608 ἐφοίτων

111 640 184 688 ml
211 635 435 704 ξύμϐολα
471 632 746 703 βασιλείας
773 635 851 695 είς
878 632 969 684 τὸν
998 634 1160 686 παῖδα
1189 635 1543 704 ἐγνωρίζετο,
1571 626 1644 684 ὦν

113 728 206 786 tab;
237 728 265 796 ἢ
298 726 436 779 δυοῖν
473 727 881 796 ἐπιμνησθῆναι
918 727 979 780 οὗ
1022 747 1111 797 μοι
1147 729 1323 795 ἔδοξεν
1359 730 1466 782 ἄπο
1504 725 1644 780 εἶναι

117 817 297 887 καιροῦ.
331 817 544 885 Ἐπειδή
578 834 706 869 ποτε
738 817 873 889 πρὸς
906 818 1076 872 ὕπνον
1106 819 1441 889 κατέδαρθεν
1469 821 1497 872 6
1526 821 1646 874 Μα-

120 907 268 974 νουὴλ,
297 907 425 973 γυνή
461 923 545 969 τις
578 906 712 976 δναρ
745 909 1029 975 ἐφίσταται
1065 911 1257 979 τούτῳ,
1295 910 1414 978 ὄψις
1450 912 1643 982 σεμνὴ,

123 999 309 1064 μέλαινα
342 997 526 1067 ἐσθὴς,
558 1000 616 1049 ἐν
646 999 701 1052 δὲ
736 1001 890 1070 χερσὶ
921 1002 1110 1056 πέδιλα
1140 1005 1300 1055 ὁποῖα
1336 1003 1646 1073 βασιλεῦσιν

121 1089 418 1143 ὑποδεδέσθαι
446 1091 631 1160 νόμος.
667 1093 774 1145 Καὶ
807 1095 1097 1166 παρείχετο
1125 1095 1199 1164 τῷ
1231 1097 1486 1168 Μανουὴλ
1515 1097 1646 1166 χρῆ-

119 1180 218 1233 σθαι
248 1181 524 1234 κελεύουσα
555 1186 971 1255 ἀποσεισαμένῳ
997 1186 1154 1238 ταυτί
1180 1203 1192 1217 ⁸
1225 1187 1463 1240 ἐδείκνυε
1497 1189 1552 1241 δὲ
1580 1190 1646 1242 τά

117 1272 287 1341 συνήθη
319 1274 504 1328 κυανά.
541 1273 600 1326 Ὀ
631 1275 686 1327 δέ
709 1316 723 1338 ,
755 1276 988 1346 θορύῦου
1023 1280 1216 1347 μεστὸς
1245 1281 1608 1348 ἀνεγρόμενος
1629 1321 1644 1342 ,

110 1364 269 1432 ὲπ;ιδη
298 1366 366 1432 μὴ
397 1365 743 1435 ἐντυγχάνειν
774 1370 884 1431 τοῖς
915 1370 1192 1440 ὁραθείσιν
1221 1364 1384 1439 εἶχεν,
1417 1370 1646 1423 ἐκλαυθ·

109 1455 337 1523 μυρίζετο
380 1456 522 1508 κατά
568 1457 688 1521 τοὺς
736 1458 930 1521 παῖδας
975 1461 1070 1512 καὶ
1115 1461 1428 1533 ἀφῃρῆσθαι
1472 1462 1647 1514 ταῦτα

107 1546 239 1614 παρά
265 1563 350 1597 του
385 1546 490 1598 τῶν
529 1548 656 1616 περὶ
690 1549 786 1616 τὴν
821 1549 1008 1601 ἐστίαν
1041 1553 1198 1621 ᾤετο.
1236 1553 1408 1604 Τοῦτο
1451 1551 1552 1620 μὲν
1583 1552 1647 1621 δὴ

101 1637 334 1698 τοιοῦτον,
362 1637 446 1689 ἐτε
459 1655 549 1708 ρον
577 1640 634 1690 δὲ
668 1641 817 1692 οὐδὲν
849 1641 998 1709 αὑτῷ
1027 1617 1271 1696 ἔλασσον.
1297 1639 1405 1695 Ἦν
1434 1660 1517 1705 τις
1552 1661 1649 1712 μο-

102 1729 292 1797 ιαχῶν·
336 1733 530 1800 πατρὶς
575 1731 722 1800 αὑτῷ
762 1733 1040 1793 Γαλιλαία,
1086 1735 1196 1803 βίος
1236 1737 1647 1806 ἀναχωρητικός

100 1838 148 1871 τε
179 1822 265 1874 καὶ
288 1821 459 1890 ὄρειος
480 1839 493 1851 ·
526 1815 702 1899 οὗτος,
732 1827 920 1909 ἐπειδή
953 1845 1083 1879 ποτε
1115 1829 1171 1890 ἐς
1197 1829 1412 1896 ὁμιλίαν
1441 1829 1653 1898 βασιλεῖ

99 1909 370 1963 καθίστατο
400 1913 644 1983 Ἰωάννῃ,
676 1913 800 1975 τοὺς
835 1916 1029 1978 παῖδας
1059 1917 1117 1979 ἐς
1149 1917 1313 1969 αὑτὸν
1347 1917 1649 1987 παρελθόν⁴

97 2017 178 2062 τας
211 2001 348 2064 ἔδων,
377 2005 487 2066 τοῖς
524 2004 624 2072 μὲν
655 2004 832 2066 ἄλλοις
864 1999 965 2060 ὅσα
999 2008 1090 2060 καὶ
1141 2007 1431 2072 ίδιωτικοῖς
1483 2027 1650 2080 προσ-

95 2093 302 2160 ηνέχθη,
350 2095 603 2165 Μανουὴλ
655 2096 710 2149 δέ
759 2097 946 2150 τοῦτον
980 2099 1075 2150 σὺν
1123 2099 1379 2171 εὐλαϐείᾳ
1411 2101 1650 2169 προσιὼν

95 2184 375 2251 ἐπευλόγει.
458 2186 865 2256 Πυνθανομένου
903 2188 973 2260 [Ρ
1012 2185 1106 2260 l3]
1141 2189 1195 2242 δέ
1233 2190 1495 2259 βασιλέως
1525 2192 1650 2245 ὅτου

94 2275 242 2327 ἕνεκα
274 2276 439 2328 ταῦτα
477 2277 680 2346 ποιοίη,
718 2278 1004 2332 ὑπολαϐὼν
1039 2283 1066 2332 ὁ
1107 2282 1361 2350 μοναχδς,
1409 2300 1426 2332 ι
1455 2283 1576 2336 Ὀτι
1625 2301 1646 2334 ι

94 2359 216 2428 ἕςη,
268 2381 284 2411 ι
335 2363 492 2430 μόνος
535 2363 594 2426 ἐξ
639 2365 893 2417 ἁπάντων
933 2365 1191 2436 Μανουὴλ
1233 2366 1486 2434 βασιλεὺς
1528 2369 1650 2439 ἐμοὶ

97 2449 346 2512 φαίνεται.
398 2467 415 2498 ι
459 2450 551 2501 Ἐκ
594 2449 649 2502 δὲ
693 2449 900 2523 τούτων
941 2451 1034 2504 καὶ
1076 2451 1337 2505 τοιούτων
1378 2453 1554 2507 ἄλλων
1593 2456 1651 2516 ἐς

95 2539 416 2606 ἀπεράντους
449 2544 476 2590 6
512 2541 766 2608 βασιλεὺς
800 2543 1008 2605 ἐννοίας
1045 2543 1366 2606 ἐξέπιπτεν·
1400 2544 1651 2597 ἀναλύειν

97 2627 243 2680 δὀὐκ
273 2628 408 2698 ἔχων
435 2631 576 2695 ἆπερ
605 2631 752 2700 αὐτῷ
781 2631 984 2696 δόξειεν
1010 2632 1268 2702 ἀρχῆθεν,
1301 2635 1360 2697 ἐς
1385 2634 1477 2687 τὸν
1501 2637 1654 2704 είρη-

101 2718 244 2782 μένον
277 2719 476 2771 σκοπὸν
505 2720 750 2788 ἔϐλεψεν.
789 2721 930 2776 Ἀλλ’
954 2722 1131 2775 ἔοικεν
1163 2723 1512 2794 ἀνθρωπίνης
1543 2724 1652 2794 ἀρα

99 2806 320 2870 ἐπινοίας
358 2809 468 2861 τῶν
511 2810 729 2863 πάντων
768 2811 1423 2882 πραγμάτωννὴρτῆσθαι
1461 2805 1649 2884 μηδέν.

99 2894 249 2949 Οὔπω
276 2900 381 2965 γὰρ
402 2901 504 2967 τῆς
535 2899 770 2954 Κιλίκων
792 2902 1078 2969 ἐφίστατο,
1105 2902 1195 2955 καὶ
1217 2902 1363 2956 δυεῖν
1423 2905 1521 2968 μὲν
1543 2906 1650 2974 ἀφ-

97 2985 242 3054 {peto
272 2990 474 3042 παίδων
503 2989 560 3043 οἳ
583 2991 759 3062 χρόνῳ
790 2992 1052 3061 προῆκον,
1073 2992 1268 3062 ἅτερος
1293 2993 1351 3046 δὲ
1378 2997 1489 3048 τοῖν
1518 2995 1654 3048 ἀποο

101 3077 474 3147 λελειμμένων,
502 3082 624 3136 ἐπεὶ
657 3083 777 3154 μηδ’
799 3082 947 3152 αὺτῷ
975 3083 1288 3149 ξυνὲὄαινεν
1312 3086 1368 3146 ἐς
1400 3085 1460 3138 τὸ
1491 3085 1650 3156 σῶμα

103 3171 263 3233 καλῶς
292 3172 462 3240 ἔχειν,
498 3172 666 3242 ἀπῄει
694 3174 820 3237 τοὺς
848 3161 1079 3246 νεκροὺς
1109 3177 1166 3239 ἐς
1196 3177 1488 3239 Βυζάντιον
1515 3179 1649 3232 ἀνα-

101 3262 340 3327 κομίζων.
370 3264 632 3326 Βασιλεὺς
657 3265 714 3317 δὲ
739 3264 830 3317 ἐπὶ
857 3267 956 3333 τῆς
983 3267 1222 3321 Κιλίκων
1245 3267 1474 3337 τὸνβίον
1532 3268 1652 3333 ξυν-

101 3353 407 3419 εμερέσατο,
459 3359 550 3407 καὶ
601 3357 856 3425 Μανουὴλ
882 3356 1069 3410 λοιπὸν
1113 3359 1192 3420 είς
1238 3359 1328 3409 τὸν
1379 3359 1651 3428 βασιλείας

100 3441 254 3493 ἄνεισι
285 3445 490 3511 θρόνον.
520 3445 704 3510 ’Ἄξιον
733 3446 788 3499 δὲ
825 3450 919 3500 καὶ
947 3447 1038 3500 τὸν
1068 3451 1163 3517 τῆς
1194 3448 1450 3520 τελευτῆς
1485 3450 1650 3504 αὐτοῦ

99 3532 281 3599 τῷπον
308 3533 689 3603 διηγήσασθαι.
727 3535 952 3603 Ἐξιόντι
988 3536 1126 3606 πρὸς
1161 3537 1334 3607 θήραν
1366 3537 1514 3607 αὑτῷ
1553 3540 1660 3604 σῦς-

100 3619 324 3690 ἁπήντα,
373 3625 514 3690 μέγα
554 3640 606 3674 τι
648 3623 871 3693 χρῆμα,
916 3626 1074 3679 ὁποῖα
1118 3625 1290 3677 πολλά
1332 3627 1365 3695 ἡ
1410 3625 1650 3681 Κιλίκων

101 3713 274 3781 τρέφει
302 3715 372 3783 γῆ
406 3718 497 3769 καὶ
525 3715 625 3785 ὄρη
651 3718 718 3770 τὰ
743 3717 1012 3788 Ταυρικά.
1041 3716 1100 3770 ὐ
1131 3717 1229 3787 μὲν
1256 3713 1348 3771 οὖν
1379 3719 1648 3785 ἀκόντιον,

101 3804 168 3866 ὥς
201 3823 347 3874 φασι,
388 3807 773 3878 χειρισάμενος
814 3808 1036 3861 ἐπιόντα
1073 3807 1262 3862 τοῦτον
1293 3808 1589 3877 ὑφίστατοο
1622 3813 1651 3864 6

102 3898 171 3959 δὲ,
199 3900 296 3966 τῆς
329 3900 532 3969 αἰχμῆς
562 3899 640 3969 τῷ
677 3900 884 3970 στέρνῳ
919 3900 1343 3969 ἐγκρυφθείο-ης,
1378 3900 1652 3971 θυμαίνων

101 3990 182 4040 ἐπὶ
211 3994 274 4061 τῇ
311 3991 490 4062 πληγῇ
527 3990 756 4060 ὠθισμῷ
797 3990 995 4060 μᾶλλον
1029 3991 1258 4062 ἐχρῆτο,
1292 3991 1368 4054 ὡς
1403 3991 1652 4044 ἐντεῦθεν

103 4081 190 4149 τὴν
223 4081 480 4150 βασιλέως
513 4083 673 4150 χεῖρα
705 4082 793 4134 διὰ
828 4080 1064 4152 σφοδρὰν
1091 4083 1189 4152 τὴν
1219 4081 1524 4151 ἀντέρεισιν
1555 4083 1650 4136 τοῦ

102 4173 289 4235 εὐθέως
307 4166 678 4241 ’ἐκτραπεῖσαν
703 4173 789 4241 ἐφ’
808 4175 877 4245 ἢν
903 4177 1222 4245 παρήρτητο
1250 4173 1654 4244 παρενεχθῆναι

103 4266 366 4335 φαρέτραν
409 4265 589 4334 πλήρη
642 4265 811 4334 βελῶν
850 4257 1036 4318 οὖσαν.
1078 4264 1254 4326 Εὐθὺς
1296 4260 1390 4318 οὖν
1431 4266 1653 4336 τραῦμα

1747 545 1974 599 quorum
2000 542 2163 580 unum
2190 533 2350 593 atque
2377 521 2604 575 alterum
2643 531 2925 572 recensere
2961 517 3101 569 haud
3127 516 3224 570 abs
3254 533 3313 568 re

1747 620 1870 674 erit.
1907 616 2204 672 Dormienti
2236 612 2524 682 aliquando
2561 608 2788 662 Manueli
2822 607 3070 676 apparuit
3099 608 3312 671 mulier,

1747 710 1892 764 vultu
1945 721 2155 771 severo,
2203 707 2353 774 nigra
2398 703 2582 758 induta
2635 711 2803 762 veste,
2836 698 3081 753 manibus
3124 708 3316 752 tenens

1745 801 2132 860 calet-amenta,
2177 798 2370 868 quibus
2405 797 2758 863 imperatores
2807 792 2954 846 indui
3001 793 3167 844 moris
3208 801 3312 844 est.

1747 893 1820 946 Ea
1847 891 2078 946 Manueli
2116 891 2329 954 obtulit,
2370 887 2720 955 indueretque
2750 884 3027 952 prmccpit,
3073 883 3311 951 rejectis.

1748 986 1944 1053 quibus
1977 987 2054 1038 uti
2089 989 2446 1038 consueverat
2471 991 2524 1033 et
2559 994 2678 1048 quae
2711 977 3047 1030 monstrahat
3099 975 3310 1034 mulier.

1750 1075 2010 1129 caeruleis.
2050 1074 2323 1129 Excitatus
2362 1087 2482 1126 cum
2521 1071 2720 1139 ingenti
2755 1067 3184 1138 perturbatione,
3221 1067 3309 1117 uhi

1748 1181 1868 1235 quae
1911 1167 2245 1221 videratuon
2283 1165 2813 1234 reperit,puerorum
2847 1173 3000 1213 more
3044 1159 3312 1225 plorabat.

1748 1273 1917 1326 eaque
1974 1274 2003 1311 e
2057 1256 2367 1310 domesticis
2420 1255 2650 1321 aliquem
2675 1252 2951 1305 -credebat
3003 1248 3310 1302 abstulisse.

1750 1348 2020 1416 Ejusmodi
2069 1348 2169 1400 fuit
2195 1347 2499 1416 augurium,
2529 1346 2616 1397 cui
2662 1341 2802 1396 haud
2835 1341 2978 1394 istud
3007 1339 3167 1394 cedit.
3201 1335 3314 1390 ιιι»-

1751 1439 1953 1494 nachus
1990 1447 2144 1509 gente
2198 1436 2469 1500 Galilreus,
2511 1436 2598 1504 qui
2651 1435 2814 1487 vitam
2863 1434 3220 1487 monasticam
3259 1429 3314 1484 in

1750 1531 1901 1586 silvis
1953 1545 2016 1584 ae
2072 1529 2346 1583 montibus
2397 1528 2622 1596 agebat,
2679 1526 2801 1580 dum
2863 1524 2999 1578 forte
3042 1537 3144 1577 una
3193 1537 3317 1576 cum

1749 1623 2076 1693 imperatore
2103 1622 2517 1690 colloqueretur,
2556 1620 2868 1686 videretque
2900 1616 3218 1670 accedentes
3245 1613 3311 1666 ad

1751 1730 1810 1768 se
1858 1714 2000 1768 illius
2040 1712 2275 1774 liberos,
2313 1721 2536 1764 caeteros
2599 1709 2761 1760 veluti
2814 1708 3052 1776 privatos
3106 1704 3316 1765 habuit,

1752 1806 1982 1859 Manueli
2053 1819 2179 1858 vero
2247 1803 2551 1856 humaniter
2598 1809 2819 1868 accepto
2886 1796 3316 1873 benedictionem

1751 1896 2029 1962 impertiit.
2057 1887 2356 1963 Rogatus‘a
2388 1891 2628 1962 principe
2661 1905 2916 1960 quorsum
2945 1889 3058 1942 hrec
3088 1887 3316 1958 egisset,

1752 1987 2025 2056 respondit
2053 1985 2368 2048 monachus,
2420 1966 2581 2036 unum
2625 1998 2690 2037 ex
2739 1980 2988 2034 omnibus
3019 1976 3317 2031 Manuclem

1750 2079 1852 2134 sibi
1902 2079 2283 2148 imperatorem
2316 2076 2507 2131 videri.
2559 2073 2681 2128 Haec
2710 2081 2762 2128 et
2807 2071 3002 2127 similia
3033 2069 3136 2124 etsi
3163 2069 3316 2121 varie

1753 2169 2092 2240 imperatoris
2144 2167 2253 2239 2E.
2307 2151 2542 2220 animum
2601 2171 2881 2218 versarent
2919 2176 3086 2216 :cum
3136 2171 3317 2215 tamen

1751 2277 1870 2329 qua:
1897 2269 2056 2314 antea
2099 2260 2409 2312 decreverat
2440 2256 2604 2309 nollet
2638 2254 2894 2324 rescindi,
2929 2252 3092 2322 priori
3119 2267 3317 2322 prepo-

1751 2354 1852 2405 sito
1890 2352 2062 2406 stetit.
2090 2350 2194 2406 Sed
2223 2351 2295 2404 ita
2338 2356 2715 2416 comparatum
2750 2357 2853 2411 est,
2899 2354 2958 2400 ut
2991 2361 3173 2400 rerum
3199 2344 3317 2400 exi-

1754 2455 1836 2497 tus
1856 2461 1917 2497 ex
1936 2444 2183 2496 humanis
2204 2456 2308 2494 non
2333 2440 2600 2508 pendeant
2625 2435 2882 2492 consiliis.
2906 2436 3150 2490 Nondum
3171 2435 3318 2490 enim

1752 2536 2005 2604 attigerat
2023 2533 2292 2592 Ciliciam,
2323 2547 2444 2585 cum
2467 2528 2675 2584 duobus
2707 2529 2830 2582 ﬁliis
2862 2527 3320 2597 natu-majoribus

1752 2626 2020 2679 orbatur‘:
2050 2623 2400 2692 superstitum
2449 2635 2576 2674 vero
2623 2619 2780 2684 alter,
2811 2620 2903 2688 qui
2939 2634 3037 2673 nec
3074 2619 3196 2688 ipse
3223 2618 3315 2672 ad-
3378 2640 3380 2643 ·

1755 2713 2234 2784 ωοάιιηιεοτροτο
2284 2712 2518 2775 valebat,
2557 2711 2873 2781 Byzantium
2928 2711 3159 2764 mittitur
3213 2711 3324 2765 fra-

1754 2817 1893 2862 trum
1922 2806 2181 2860 cadavera
2217 2805 2566 2859 deducturus.
2611 2803 2835 2858 Moritur
2859 2803 3023 2856 etiam
3048 2804 3100 2856 in
3129 2802 3318 2856 Cilicia

1755 2899 2069 2967 imperator,
2127 2897 2518 2965 imperiumque
2553 2895 2869 2964 adipiscitur
2921 2893 3150 2950 Mauuel.
3202 2880 3319 2960 Quo

1755 2988 2120 3059 pacto'autem
2153 2989 2320 3043 vitam
2354 2985 2572 3048 ﬁnierit,
2603 2997 2862 3038 enarrare
2893 2983 3103 3037 videtur
3140 2997 3319 3051 opera:

1757 3079 2014 3151 pretium.
2067 3078 2146 3132 Ad
2184 3077 2521 3131 venationem
2577 3089 2799 3144 egresso
2850 3073 3041 3126 ohvius
3100 3074 3156 3124 tit
3187 3088 3318 3142 aper

1751 3172 1986 3240 ingentis
2043 3167 2450 3240 magnitudinis,
2502 3166 2689 3235 quales
2743 3164 2796 3216 in
2834 3161 3022 3217 Cilicia
3077 3164 3230 3218 multi
3262 3175 3355 3239 et_

1752 3265 2028 3338 montibus
2059 3260 2338 3325 Tauricis;
2369 3259 2763 3322 advenientem,
2790 3268 2845 3312 ut
2879 3256 2984 3312 fert
3017 3257 3181 3320 fama.
3211 3255 3318 3310 telo

1751 3359 1893 3427 quod
1951 3370 2110 3410 manu
2167 3353 2380 3407 tenebat
2416 3352 2615 3419 excipit
2646 3363 2662 3405 :
2696 3360 2883 3406 contra
2931 3351 3019 3405 ille
3059 3364 3316 3427 mucrone

1754 3450 1805 3503 in
1841 3457 2027 3517 pectus
2052 3447 2243 3500 adacto
2278 3459 2344 3499 ex
2385 3442 2542 3512 plaga
2593 3442 2916 3499 furibundus
2945 3427 3318 3497 vehementius

1752 3540 1936 3601 instat.
1976 3536 2112 3592 adeo
2157 3545 2212 3588 ut
2239 3535 2364 3589 inde
2409 3548 2601 3588 manus
2645 3533 3007 3604 imperatoris,
3037 3547 3158 3602 quae
3187 3531 3314 3586 dum

1753 3629 1945 3684 fortius
1973 3625 2236 3682 obnititur
2268 3632 2478 3678 arecto
2503 3623 2711 3677 deﬂexa
2768 3622 2820 3676 in
2867 3623 3179 3692 pharetram
3229 3635 3319 3677 sa-

1751 3723 1898 3792 gittis
1927 3719 2164 3788 plenam,
2192 3731 2354 3787 quam
2381 3721 2448 3770 ex
2479 3715 2705 3769 humero
2733 3729 3048 3784 suspensam
3076 3713 3319 3784 gerebat,

1754 3812 2058 3882 impegerit,
2117 3823 2347 3879 quarum
2405 3807 2718 3876 cuspidibus
2779 3800 3056 3863 vulnerata
3091 3804 3317 3874 perstri-

1751 3913 1944 3972 ctaque
1994 3908 2076 3953 est
2106 3913 2230 3965 pars
2257 3911 2420 3965 carpo
2441 3897 2703 3964 proxima.
2740 3895 2816 3950 Ex
2840 3912 2908 3951 eo
2938 3895 3158 3951 vulnere
3184 3911 3316 3950 cru.

1751 4003 1874 4046 euta
1904 3990 2056 4046 sanie
2083 3987 2358 4048 efﬂuente,
2391 3986 2568 4040 tenuis
2591 3987 2924 4047 membrana.
2962 4001 3125 4054 quam
3154 3987 3314 4053 vulgo

1752 4083 2004 4138 eederam
2053 4085 2269 4138 vocant.
2332 4077 2650 4144 imponitur,
2706 4092 2825 4146 quae
2856 4076 3085 4132 divisam
3120 4093 3316 4148 cogere

1752 4192 1992 4241 carnem,
2020 4184 2073 4228 et
2106 4173 2416 4227 cicatricem
2467 4170 2838 4234 contraheret,
2887 4185 2955 4223 ne
2985 4169 3310 4222 inﬂammata

1753 4269 1964 4323 dolores
2013 4265 2345 4329 concitaret;
2393 4262 2492 4316 sed
2546 4261 2657 4315 hmc
2707 4259 2807 4315 fuit
2862 4270 3046 4330 postea
3106 4260 3317 4317 inﬂam-

101 4356 443 4424 ἐπηκῶωὐθει
471 4359 590 4418 ταῖς
621 4356 768 4410 ἀκίσι
796 4355 1081 4420 ξυσθέντος
1109 4356 1274 4410 αὐτοῦ
1300 4357 1397 4411 τοῦ
1423 4358 1651 4426 ἐπικαρ-

1756 4359 2005 4413 mationis
2037 4370 2194 4410 causa
2223 4373 2236 4409 :
2273 4370 2394 4408 nam
2427 4368 2689 4407 venenum
2725 4367 2830 4422 quo
2863 4353 3022 4406 telum
3054 4352 3312 4408 iniectum
3355 4411 3357 4417 ι

103 4448 214 4499 ττίοο
236 4463 248 4474 ·
291 4449 379 4500 καὶ
417 4448 591 4515 ἀφρὸς
636 4448 731 4516 μὲν
764 4445 1014 4500 ἐντεῦθεν
1051 4447 1352 4518 ἐξεμύσατο
1389 4447 1647 4517 ὖφαιμος,

100 4538 228 4607 ὑμὴν
257 4536 313 4589 δέ
343 4553 425 4600 τις
457 4536 672 4600 λεπτὸς,
702 4535 759 4588 ὃν
788 4537 1024 4606 ἐκδηράν
1055 4538 1105 4589 ol
1138 4537 1326 4590 πολλοὶ
1361 4536 1646 4599 ίδιωτικῶς

99 4628 437 4696 ὀνομάζουσι.
471 4627 778 4695 προσήγετο
807 4627 966 4694 δῆσεν
999 4626 1241 4692 συνάξων
1272 4626 1332 4680 τὸ
1362 4625 1651 4696 διεστηκὸς

99 4717 183 4768 καὶ
212 4715 563 4770 συνουλὼσων
593 4714 654 4766 τὸ
684 4702 932 4783 τραῦμα,
967 4714 1040 4776 ὡς
1075 4713 1152 4784 μὴ
1183 4713 1496 4783 φλεγμῆναν
1527 4712 1652 4765 665-

101 4828 183 4871 νας
209 4810 419 4882 ἐγείρῃ.
453 4807 594 4861 Ἀλλ’
613 4794 680 4877 ἦν
709 4807 884 4861 ἐκεῖνο
910 4807 1008 4877 τῆς
1035 4807 1312 4859 είσέπαιτα
1343 4805 1652 4874 φλεγμονῆς

101 4901 282 4954 αἷτιον.
318 4899 420 4951 Τὸν
449 4897 562 4968 γάρ
594 4900 692 4968 τῆς
734 4897 918 4960 ἀκίδος
957 4896 1033 4950 ίδν
1067 4896 1214 4950 ἐνδον
1248 4898 1314 4966 τῇ
1357 4895 1652 4964 στυφότητι
1704 4892 1709 4899 ’

101 4989 419 5044 ἰναπολαῦδν
443 4990 538 5043 ἐπὶ
557 4992 618 5041 τὸ
642 4988 768 5044 ἀλλο
787 4988 1063 5059 μετέφερε
1092 4989 1270 5067 σῶμα.
1298 4987 1458 5040 ’Δλλά
1479 4986 1652 5046 ταῦτα

102 5084 190 5150 μὲν
206 5082 428 5153 ὕπερον
446 5096 461 5110 ’
483 5080 606 5134 τότε
621 5079 680 5132 δέ
700 5079 968 5150 μηδεμίαν
985 5080 1064 5132 ἐτι
1083 5080 1273 5147 ὀδύνης
1297 5079 1660 5148 συναίσθησιν,

99 5175 260 5241 ἔχοντι
309 5171 560 5242 τράπεζά
611 5187 670 5224 τε
719 5169 870 5239 αὑτῷ
909 5167 1253 5240 παρετίθετο,
1292 5171 1388 5222 καὶ
1420 5172 1450 5239 ἡ
1481 5170 1640 5239 κλίνη

100 5262 273 5315 τοῦτον
297 5257 445 5332 εἶχεν
473 5261 550 5325 ὡς
594 5261 984 5331 ἀριστήσοντα.
1046 5260 1439 5331 Προὸαίνοντος
1472 5260 1529 5314 δὲ
1556 5261 1651 5314 τοῦ

101 5355 314 5421 ἀρίστου
339 5352 527 5418 παῖδες
563 5354 764 5424 ἰατρῶν
787 5353 1021 5408 ἐνταῦθα
1041 5353 1466 5425 περιεστηκότες
1495 5355 1572 5418 ὼς
1593 5355 1654 5407 τὸ

99 5447 328 5516 ἐπίθεμα
356 5443 516 5509 εἶδον,
552 5445 917 5500 ἐπυνθάνοντο
952 5462 1013 5498 τε
1045 5446 1146 5514 τὴν
1179 5444 1274 5497 τοῦ
1336 5447 1670 5516 τραύματος.

102 5538 263 5590 αἰτίαν
288 5539 384 5590 καὶ
406 5538 748 5610 μαθόντεςτῇ
770 5555 830 5592 τε
857 5538 1112 5610 τραπέζῃ
1138 5539 1526 5607 ἐπεμέμφοντο
1555 5540 1653 5590 καὶ

101 5628 270 5694 ἠξίουν
325 5629 529 5682 αὐτίκα
564 5629 662 5698 τῆς
717 5631 894 5700 χειρὸς
951 5629 1238 5701 ἀπεῶσθαι
1298 5629 1490 5682 τοῦτο’
1525 5632 1553 5681 6
1595 5630 1653 5682 δὲ

106 5721 396 5792 προσφῦναι
425 5738 486 5775 τε
541 5721 603 5774 τὸ
656 5722 882 5785 τραῦμα
943 5723 1176 5779 ἐνταῦθα
1218 5721 1506 5777 διετείνετο
1558 5723 1651 5776 καὶ

1751 4457 1905 4512 erat,
1937 4447 2069 4515 ipsa
2122 4434 2438 4499 astrictione
2499 4443 2604 4510 25
2653 4444 2855 4495 arctius
2913 4443 3202 4508 inclusum,
3263 4443 3319 4518 iu

1754 4525 2018 4606 reliquum
2074 4535 2407 4590 transfusum
2449 4545 2530 4588 ρει
2580 4548 2798 4610 corpus.
2854 4533 2930 4586 Ita
2968 4547 3089 4586 cum
3139 4533 3318 4587 nullus

1752 4628 1877 4682 dum
1909 4629 2124 4683 adesset
2155 4626 2328 4690 dolor,
2353 4633 2572 4694 paratur
2607 4624 2704 4692 ipsi
2744 4638 2952 4690 mensa,
2983 4622 3141 4694 eique
3168 4625 3316 4680 velut

1750 4735 2045 4790 pransurus
2083 4718 2566 4774 accumbit.‘lnter
2618 4717 3012 4785 prandendum,
3067 4717 3160 4787 qui
3208 4719 3318 4772 cir-

1751 4809 2088 4863 cumstabant
2121 4808 2448 4862 medicorum
2495 4807 2609 4872 lilii,
2639 4815 2700 4860 ut
2757 4806 3064 4877 appositum
3111 4808 3316 4878 empla-

1751 4908 1920 4952 strum
1953 4912 2307 4969 conspexere,
2359 4892 2632 4953 cicatricis
2676 4887 2912 4953 causam
2949 4898 3216 4962 sciscitati
3261 4913 3320 4954 et

1751 4991 1950 5061 edocti,
1987 4990 2372 5047 removendum
2415 4990 2542 5044 illud
2579 5006 2608 5043 a
2640 5005 2826 5056 manu,
2850 4998 2906 5045 et
2937 5005 2966 5044 a
3001 5005 3188 5046 mensa
3225 4992 3318 5045 ah-

1752 5081 2067 5136 stinendum.
2087 5092 2437 5136 censuerunt.
2461 5080 2658 5135 Contra
2690 5081 2777 5136 ille
2799 5081 2901 5136 hoc
2925 5083 3317 5140 medicamento

1752 5174 1925 5228 coisse
1976 5172 2170 5228 vulnus
2223 5187 2322 5227 nec
2368 5173 2661 5242 quidquam
2722 5172 2848 5227 mali
2892 5173 2958 5227 de
3008 5182 3216 5228 tumore
3265 5186 3318 5228 et

1754 5263 2176 5330 inﬂammatione
2205 5277 2324 5317 sese
2353 5267 2591 5320 metuere
2610 5262 2845 5318 dicebat.
2872 5259 3000 5318 Post
3023 5265 3310 5334 prandium

1755 5370 1943 5410 somno
1971 5370 2030 5410 se
2059 5356 2223 5420 dedit,
2257 5357 2547 5424 statimque
2579 5356 2878 5411 acutissimi
2928 5355 3140 5413 dolores
3184 5358 3317 5414 sub-

1754 5448 1879 5512 orti,
1933 5457 2152 5517 totaque
2200 5462 2391 5500 manus
2419 5448 2691 5502 intumuit.
2725 5448 2991 5505 Convenit
3021 5450 3164 5505 illico
3197 5451 3317 5511 uni-

1757 5552 1910 5594 versa
1950 5539 2278 5593 medicorum
2317 5538 2491 5602 turba,
2522 5538 2756 5607 quidque
2788 5537 2929 5594 {acto
2973 5529 3110 5610 Opus
3137 5531 3319 5594 "variis

1758 5629 1987 5684 invicem
2025 5627 2364 5696 disputavere
2407 5627 2706 5681 sententiis.
2742 5623 2968 5695 Quidam
2999 5630 3144 5684 enim
3195 5645 3325 5683 cen-

1758 5723 1947 5780 sebaut
1975 5707 2346 5778 resecandumﬂ
2381 5727 2672 5788 tumorem,
2709 5721 2797 5778 alii
2844 5724 3082 5779 nondum
3141 5731 3318 5780 mate-
