3968 6326
576 315 674 379 35!

568 525 702 577 cliiae
735 525 1000 595 fugientes
1053 531 1337 595 persecuti.
1374 530 1708 587 Raimundus
1759 533 1873 600 ipse
1920 548 1987 586 ex
2033 534 2133 589 lto-

569 617 726 666 stium
757 617 1007 670 manibus
1039 634 1179 688 aegre
1204 620 1464 687 dilapsus.
1499 621 1564 674 de
1594 629 1748 675 nocte
1776 621 1828 674 in
1860 622 2132 676 civitatem

569 707 830 770 pervenit.
901 707 971 759 Ea
1024 708 1176 762 clade
1228 709 1420 762 allecto
1479 709 1814 775 liaimundo,
1865 709 2132 765 Prosuclii

537 787 539 789 ’
570 796 768 848 milites
800 796 1060 850 Ciliciam
1099 785 1382 866 repeiierc.
1434 803 1640 853 Interea
1679 800 1981 854 Demetrius
2007 816 2129 854 cum

565 887 738 939 classe
769 888 1085 952 adveniens,
1125 889 1237 943 loca
1266 890 1534 943 maritima
1569 890 1832 957 incursat,
1867 905 2130 958 oramque

564 983 730 1027 lutum
789 976 1183 1045 depopulatur,
1244 981 1483 1045 captivos
1543 979 1756 1031 abducit
1802 980 2124 1047 complures,

565 1080 840 1133 navesque
876 1068 1018 1133 ipsas
1061 1069 1352 1121 incolarum
1387 1084 1580 1137 magno
1610 1085 1831 1123 numero
1863 1070 1913 1121 iu
1943 1071 2125 1125 littore

563 1179 770 1222 stantes
809 1171 1064 1225 incendit.
1113 1170 1218 1226 Sed
1249 1184 1302 1226 et
1343 1173 1542 1241 publici
1595 1174 1734 1240 apud
1785 1173 1903 1226 illos
1938 1173 2124 1227 tributi

561 1245 785 1310 exactor
859 1259 927 1310 in'
966 1267 1283 1328 potestatem
1347 1264 1485 1313 venit
1553 1259 1941 1314 Romanorum.
1999 1259 2122 1314 llaec

562 1359 843 1416 postquam
905 1353 971 1403 ad
1029 1351 1388 1404 Raimundnm
1440 1353 1644 1420 perlata
1704 1362 1852 1416 sunt,
1912 1369 2122 1407 summo

557 1441 722 1492 animi
761 1443 976 1506 ardore,
1002 1445 1066 1495 ad
1097 1444 1320 1498 classem
1351 1445 1600 1497 hostilem
1634 1446 1934 1509 contendit,
1960 1461 2120 1513 quam

559 1545 644 1596 ubi
706 1547 956 1613 cognovit
990 1547 1100 1614 jam
1128 1561 1154 1598 a
1179 1546 1408 1600 statione
1435 1557 1698 1611 avectam,
1721 1550 1879 1603 rebus
1907 1548 2120 1602 infectis

557 1633 682 1686 inde
712 1647 991 1702 regresans
1037 1645 1137 1691 est.
1172 1637 1396 1690 Romani
1424 1649 1640 1701 autem,
1685 1637 1905 1692 reﬂante
1936 1648 2122 1701 vento,-

1841 326 2162 420 JOANNIS
2199 331 2519 393 CINNAMI

573 444 806 502 rumque
839 449 1087 504 magnam
1140 449 1373 507 partem,
1417 438 1481 494 ad
1519 449 1702 510 portas
1745 456 1917 510 usque
1947 442 2109 497 Antio

2215 441 2399 509 eaet;
2474 446 2669 518 ἐχώρει
2705 467 2718 482 ·

3682 348 3788 407 352

2771 452 3060 521 Ῥωμαίοις
3131 455 3187 507 δὲ
3253 455 3309 520 ἐξ
3387 457 3795 527 ἀπροσδοκήτου

2239 537 2539 607 συμπεσὼν
2597 541 2758 604 αὑτός
2826 561 2882 597 τε
2951 546 3092 598 νῶτα
3145 547 3268 609 δοὺς
3317 547 3514 616 ἔφευγε
3572 551 3668 604 καὶ
3729 554 3794 604 τὸ

2235 630 2420 684 λοιπὸν
2475 635 2787 704 στράτευμα
2849 637 3066 707 πέμψας
3123 643 3261 692 κατὰ
3324 641 3487 710 τάχος
3550 643 3798 694 ἑνθένδεν

2235 724 2491 795 ἀπαίρειν
2520 727 2891 796 προύτρέπετο
2918 746 2934 760 ’
2974 729 3110 783 ἀλλά
3157 732 3305 800 παρά
3345 731 3512 794 πόδας
3558 733 3745 795 αὐτοῖς
3771 738 3798 784 ὁ

2249 815 2531 884 Ῥωμαίων
2557 819 2783 888 στρατὸς
2807 819 3046 872 ἐπελθὼν
3081 823 3341 892 ἐτρέψατό
3372 840 3431 874 τε
3489 824 3584 876 καὶ
3630 824 3797 890 φόνον

2236 907 2417 962 αὐτῶν
2452 905 2616 960 πολὺν
2648 911 2961 978 εἰργάσατο,
3003 913 3279 982 καὶμέχρι
3314 913 3418 966 τῶν
3460 913 3795 988 Ἀντιοχείας

2238 999 2420 1051 πυλῶν
2449 1001 2481 1067 ἡ
2513 997 2693 1062 δίωξις
2719 1000 2955 1067 ἐγένετο.
2999 1001 3347 1070 Ῥαῖμοῦνδος
3381 1003 3474 1054 καὶ
3495 1002 3654 1064 αὐτὸς
3695 1003 3794 1070 μό-

2235 1092 2316 1149 λις
2347 1093 2471 1153 τοὺς
2493 1092 2786 1160 πολεμίους
2833 1093 3053 1162 διαδρὰς
3093 1095 3284 1156 νυκτὸς
3339 1095 3434 1146 ἐπὶ
3480 1094 3579 1163 τὴν
3633 1095 3795 1146 πόλιν

2231 1184 2536 1254 εἰσήλασεν.
2567 1185 2628 1237 Ol
2668 1185 2765 1251 μὲν
2789 1185 2851 1254 δὴ
2879 1185 3017 1253 ἀμφὶ
3039 1185 3128 1237 τὸν
3164 1186 3407 1256 Προσοῦχ
3436 1184 3607 1238 ταῦτα
3637 1184 3790 1238 Ῥαῖ-

2231 1278 2457 1344 μοῦνδον
2477 1280 2828 1348 εἰργασμένοι
2861 1281 2951 1332 ἐπὶ
2980 1282 3077 1350 τὴν
3133 1283 3369 1335 Κιλίκων
3407 1283 3789 1352 ἀνεχώρησαν,

2225 1369 2534 1437 Δημήτριος
2565 1369 2621 1421 δὲ
2660 1370 2771 1422 σὺν
2788 1371 2861 1440 τῷ
2898 1372 3063 1439 στόλῳ
3103 1363 3471 1442 ὲπελθὼνητὴν
3508 1373 3792 1441 περίοικον

2225 1461 2316 1511 καὶ
2343 1459 2585 1530 Θαλάσσῃ
2618 1461 2832 1526 γείτονα
2863 1462 3136 1530 ἐληῖσατο.
3196 1463 3290 1516 καὶ
3340 1463 3540 1532 πλῆθος
3585 1463 3797 1532 ἀνθρώ-

2223 1567 2340 1602 πων
2380 1550 2822 1618 ἀνδραπώίσατο,
2852 1553 2982 1614 ναῦς
3010 1570 3067 1604 τε
3087 1553 3192 1604 τῶν
3221 1553 3500 1623 ἐγχωρίων
3527 1554 3600 1616 ὡς
3630 1555 3794 1605 πλεί‹

2225 1657 2353 1702 στας
2387 1642 2539 1708 παρά
2563 1643 2663 1710 τὴν
2687 1643 2960 1712 θαλάσσης
2997 1645 3426 1714 ἀνειλκυσμένας
3446 1645 3618 1714 ἀκτήν
3654 1646 3794 1714 πυρὶ

557 1735 742 1788 diebus
793 1738 978 1790 decem
1031 1753 1350 1806 percurrere
1387 1753 1506 1792 eum
1565 1747 1797 1793 tractum
1843 1754 2109 1808 :cumque

2229 1733 2451 1799 ἔφλεξεν
2480 1750 2492 1762 ·
2524 1734 2612 1786 ὅτε
2659 1734 2722 1804 δὴ
2755 1736 2847 1787 καὶ
2870 1739 2896 1786 ὁ
2921 1737 2979 1787 τὸ
3013 1735 3268 1804 δημόσιον
3300 1737 3483 1800 σφίσιν
3520 1733 3790 1803 εἰσπρατ-

555 1841 817 1893 aquarum
846 1830 1069 1896 penuria
1092 1839 1486 1898 premerentur,
1511 1846 1724 1883 rursum
1753 1845 1815 1884 ex
1844 1832 2109 1900 insperato

2221 1825 2446 1890 τόμενος
2509 1826 2752 1894 νόμισμα
2815 1827 3154 1894 αἰχμάλωτος
3207 1827 3268 1899 [Ρ
3332 1827 3423 1897 20]
3487 1828 3792 1894 Ῥωμαῖοις

555 1918 852 1985 applicatos
885 1922 953 1972 ad
1003 1928 1201 1975 terram
1254 1921 1436 1976 hostes
1490 1922 1542 1974 in
1591 1921 1770 1988 fugam
1827 1923 2114 1983 dederunt,

554 2008 889 2077 direptisque
924 2011 1207 2065 maritimis
1232 2011 1440 2067 duobus
1464 2013 1725 2077 castellis,
1757 2029 1951 2081 magna
1985 2011 2115 2078 vini,

555 2105 609 2149 et
656 2096 888 2153 ﬂuvialis
945 2113 1098 2168 aqua:
1140 2102 1291 2170 copia
1349 2101 1581 2170 impletis
1615 2103 1861 2165 navibus,
1899 2111 2113 2154 ventum

538 2187 698 2239 ~uacti
744 2190 1036 2243 secundum
1065 2198 1101 2252 ,θ
1151 2193 1217 2243 ad
1275 2192 1511 2262 Cyprum
1561 2193 1791 2246 insulam
1838 2193 2114 2259 appulere.

552 2276 683 2341 Quae
719 2276 792 2331 ibi
842 2266 989 2345 gesta
1022 2290 1148 2334 Sunt
1181 2279 1541 2335 Raimundum
1578 2290 1869 2349 coegerunt
1910 2281 2119 2351 Byzan-

553 2366 686 2419 tium
718 2368 1011 2435 prolicisci.
1061 2370 1449 2425 Advenientem
1499 2385 1629 2424 vero
1679 2371 1745 2424 ad
1795 2371 2118 2440 colloquium

2224 1915 2462 1979 ἐγένετο.
2503 1915 2850 1984 Ῥαῖμοῦνδος
2881 1918 2936 1969 δὲ
2970 1918 3155 1987 ἐπειδὴ
3189 1918 3360 1971 ταῦτα
3397 1919 3596 1989 ἦκουσε
3627 1918 3793 1988 θυμῷ

2227 2006 2446 2074 μεγάλῳ
2484 2007 2675 2069 ἐπιὼν,
2711 2008 2784 2068 ὡς
2816 2009 2913 2069 τὰς
2968 2009 3280 2076 Ῥωμαϊκὰς
3309 2010 3439 2070 ναῦς
3468 2009 3792 2077 ἀποσχομέο

2223 2113 2320 2158 νας
2374 2095 2474 2165 ἤδη
2521 2097 2618 2162 τῆς
2660 2096 2854 2164 χέρσου
2897 2097 3160 2157 κατενόει,
3229 2096 3510 2166 ἄπρακτος
3570 2094 3791 2146 ἐκεῖθεν

2222 2186 2507 2256 ἀνεχώρει.
2556 2186 2815 2254 Ῥωμαῖοι
2836 2187 2890 2238 δὲ
2922 2187 3018 2255 τῆς
3049 2188 3323 2256 θαλάσσης
3357 2187 3418 2238 οὐ
3462 2185 3783 2255 συγχωρού-

2174 2291 2181 2294 ‘
2220 2294 2317 2344 σης
2349 2278 2534 2338 αὐτοῖς
2569 2276 2805 2344 ἡμέραις
2835 2278 2966 2329 δέκα
2990 2278 3078 2329 τὸν
3119 2278 3297 2346 χῶρον
3353 2278 3561 2328 ἐκεῖνον
3605 2292 3789 2343 παρα-

2219 2364 2570 2427 πλεύσαντες,
2599 2365 2786 2433 ὲπειδὴ
2846 2364 3259 2433 λειψυδροῦντες
3297 2360 3456 2434 ἦσαν,
3493 2368 3558 2434 τῇ
3599 2365 3790 2433 χέρσῳ

551 2455 839 2511 admittere
870 2458 1048 2510 renuit
1087 2459 1400 2526 imperator,
1437 2467 1724 2530 antequam
1747 2461 1834 2527 ;ad
1878 2460 2109 2529 parentis

2217 2455 2373 2516 αὖθις
2410 2455 2664 2522 αἰφνίδιοι
2713 2455 3162 2523 προσοκείλαντες
3208 2455 3332 2517 τούς
3371 2473 3431 2508 τε
3481 2455 3784 2522 πολεμίους

551 2547 894 2615 imperatoris
921 2560 1344 2615 monumentum,
1393 2552 1547 2606 venia
1580 2553 1885 2621 impetrata,
1933 2552 2032 2606 sibi
2065 2552 2109 2604 in

2215 2545 2511 2616 ἐτρέψαντο
2545 2545 2638 2596 καὶ
2676 2545 2767 2596 δύο
2794 2546 2902 2596 τῶν
2936 2547 3380 2599 ὲπιθαλασσιδίων
3403 2546 3786 2615 ἐκπορθήσαν-

549 2646 825 2703 posterum
859 2625 1015 2693 ﬁdem
1049 2649 1101 2695 et
1143 2640 1446 2696 clientelam
1476 2641 1754 2710 professus
1787 2651 1954 2697 esset.

2215 2657 2301 2700 τες
2337 2639 2571 2708 φρούρια
2594 2638 2735 2690 οἴνου
2765 2657 2820 2690 τε
2845 2639 2918 2702 ῶς
2950 2641 3201 2692 πλείστου
3234 2642 3329 2694 καὶ
3369 2642 3636 2710 ποταμίου
3678 2641 3787 2702 τὰς

547 2727 678 2792 ναῦς
734 2729 1111 2798 ἐμπλήσαντες
1157 2730 1348 2796 ὓδατος
1403 2732 1715 2800 πνεύματός
1748 2722 2118 2801 τεὲπιφόρου
2155 2728 2408 2798 τυχόντες
2443 2728 2500 2788 ἐς
2561 2727 2785 2797 Κύπρον
2837 2729 3170 2798 ἀνήχθησαν.
3223 2730 3406 2782 Ταῦτα
3459 2730 3520 2798 δὴ
3561 2745 3784 2797 συμπε-

549 2819 710 2873 σόντα
760 2801 1112 2890 Ῥαῖμοῦνδον
1169 2823 1268 2894 τὴν
1322 2824 1381 2897 ις
1440 2823 1738 2887 Βυζάντιον
1788 2824 2100 2899 στείλασθαι
2164 2823 2414 2891 ήνάγκασ
2455 2833 2512 2872 ν’
2575 2819 2892 2889 ἀφικομένῳ
2945 2821 3001 2873 δὲ
3051 2822 3110 2873 ού
3192 2823 3458 2891 πρότερον
3508 2821 3778 2890 βασιλεὺς

547 2915 804 2982 προσχεῖν
827 2915 1046 2981 ἠξίωσε,
1071 2918 1201 2988 πρὶν
1228 2920 1285 2982 ἐς
1302 2918 1365 2972 ’τὸ
1387 2919 1482 2972 τοῦ
1508 2919 1774 2990 βασιλέως
1830 2919 1925 2972 καὶ
1979 2917 2183 2987 πατρὸς
2223 2916 2397 2969 ἀπιὼν
2418 2916 2605 2986 μνῆμα
2630 2914 2878 2968 ἐντεῦθεν
2895 2916 2959 2985 δὴ
2985 2918 3084 2986 τὴν
3106 2918 3448 2989 συμπάθειαν
3479 2917 3786 2987 ἐκομίσατο

550 3007 640 3059 καὶ
658 3006 824 3069 λίξιον
845 3007 957 3078 (60)
991 3010 1178 3063 λοιπὸν
1207 3011 1271 3080 (ι)
1294 3009 1459 3063 αὐτὸν
1496 3012 1811 3081 ἐποιήσατο.
1844 3001 1855 3030 ¹

618 3101 727 3171 36
763 3100 816 3154 ι.
852 3100 962 3155 Sub
1009 3101 1148 3156 idem
1201 3102 1368 3158 ferme
1413 3111 1622 3173 tempus
1671 3102 1904 3170 lrenem,
1956 3119 2109 3173 quani

2288 3097 2352 3151 δ’.
2372 3096 2506 3150 Ὑπὸ
2521 3096 2706 3149 τοῦτον
2719 3096 2808 3149 τὸν
2826 3098 3012 3167 χρόνον
3031 3098 3122 3151 καὶ
3142 3099 3375 3168 Εἰρήνην
3391 3097 3468 3168 (Gl
3482 3100 3498 3167 )
3512 3098 3606 3170 τὴν
3623 3101 3782 3171 αὐτῷ

546 3190 789 3260 privatus
818 3191 990 3246 adhuc
1020 3191 1119 3246 sibi
1153 3191 1535 3259 desponderat,
1571 3193 1852 3262 coniugem
1882 3196 2106 3263 accepit,

547 3282 694 3351 regio
722 3290 897 3336 ortam
943 3290 1138 3353 genere
1171 3283 1447 3350 feminam,
1483 3285 1826 3356 moribusque
1855 3293 1908 3341 et
1943 3287 2105 3340 animi

542 3373 761 3427 dotibus
811 3372 956 3426 nulla
1000 3387 1112 3428 sua:
1158 3373 1332 3428 astatis
1379 3373 1716 3429 inferiorem.
1765 3377 1901 3430 Huic
1949 3377 2108 3444 paulo

545 3450 672 3518 ante
717 3462 1029 3534 Byzantium
1080 3464 1317 3519 venienti
1366 3466 1584 3519 tradunt
1627 3465 1840 3520 obviam
1887 3465 2106 3538 eﬂ‘usas,

542 3571 665 3608 cum
702 3543 1112 3610 alias'natalium
1145 3554 1433 3623 splendore
1461 3556 1780 3625 conspicuas
1808 3568 2102 3623 matronas,

546 3657 656 3699 tum
687 3659 805 3700 eam
838 3647 1070 3699 maxime
1102 3660 1221 3711 qua
1257 3644 1447 3700 Alexio
1478 3646 1791 3714 imperatori
1826 3659 2100 3716 nupserat.

543 3731 741 3811 induta
765 3741 884 3786 erat
931 3731 1021 3810 illa
1063 3733 1277 3802 byssina
1310 3743 1480 3797 veste,
1515 3748 1650 3788 auro
1696 3736 2018 3803 caeteroquin
2049 3747 2103 3790 et

544 3826 776 3892 purpura
810 3824 1130 3889 intertexta;
1163 3824 1256 3878 sed
1285 3826 1354 3879 ob
1391 3824 1621 3879 colorem
1664 3825 1716 3880 in
1747 3826 2099 3896 byssina-cae-

545 3914 773 3978 raleurn,
800 3926 921 3968 cum
954 3922 1123 3967 atrata
1173 3914 1364 3969 mulier
1404 3930 1556 3970 nova:
1602 3926 1776 3985 nupta:
1805 3918 2097 3983 videretur,

538 4018 786 4071 quamam
820 4002 905 4056 illa
929 4010 1071 4057 esset
1098 4003 1354 4058 monaeha
1383 4005 1663 4073 magniﬁco
1693 4006 1898 4072 habitu,
1934 4021 1999 4062 ex
2032 4008 2102 4064 iis

541 4108 659 4162 quae
687 4093 1108 4149 circumstabant
1152 4104 1456 4162 percontata
1489 4107 1589 4149 est.
1619 4094 1785 4151 Omen
1828 4097 1880 4151 id
1910 4113 2094 4168 parum

539 4186 668 4240 felix
697 4185 872 4241 visum
901 4185 1261 4249 audientibus,
1285 4187 1424 4255 quod
1455 4187 1896 4254 subsecutusnon
1929 4192 2097 4246 multo

540 4285 662 4342 post
702 4272 1076 4346 comprobavit
1099 4283 1342 4340 eventus.
1376 4276 1585 4332 Ματιυοί
1617 4279 1838 4347 traiecto
1870 4279 2010 4335 l'reto
2042 4282 2094 4335 in

537 4367 666 4420 Asia
716 4376 771 4420 et
820 4367 1169 4437 Bithynorum
1223 4367 1416 4430 ﬁnibus
1469 4369 1780 4422 versabatur
1810 4377 1863 4423 et
1892 4385 1961 4425 ne
2004 4369 2094 4426 ille

2209 3187 2361 3241 οὔπω
2389 3186 2599 3258 βασιλεῖ
2631 3189 3058 3257 μνηστευθείσαν
3090 3188 3342 3257 βασιλεὺς
3368 3190 3626 3258 ἠγάγετο,
3667 3194 3776 3244 κό-

2211 3297 2311 3350 ρην
2336 3281 2392 3342 ὲς
2421 3279 2597 3348 ρῆγας
2627 3279 2724 3348 μὲν
2754 3279 3152 3348 ἀναφέρουσαν,
3183 3279 3326 3348 ἠθῶν
3357 3281 3412 3333 δὲ
3445 3284 3778 3352 κοσμιότητι

2207 3371 2300 3422 καλ⁸
2337 3369 2593 3440 ψυχικαῖς
2655 3371 2875 3438 ἀρεταῖς
2933 3370 3188 3439 οὐδεμιᾶς
3251 3371 3463 3424 ἐλάσσω
3510 3375 3619 3426 τῶν
3645 3376 3778 3428 τότε

2205 3463 2606 3531 γεγενημένην.
2658 3463 2891 3529 Λέγεται
2921 3465 2981 3532 δή
3016 3482 3068 3516 τι
3100 3467 3227 3534 περὶ
3266 3467 3469 3534 ταύτης
3499 3468 3773 3522 τοιοῦτον.

2216 3552 2487 3621 Ὀπηνίκα
2512 3555 2568 3616 ὲς
2600 3553 2893 3614 Βυζάντιον
2941 3555 3067 3622 ἄρτι
3132 3557 3352 3628 παρῄει,
3386 3558 3539 3613 ἃλλαι
3570 3577 3628 3612 τε
3655 3562 3774 3615 τῶν

2203 3639 2291 3692 ἐπ’
2328 3640 2578 3710 εὐγενείᾳ
2651 3641 3024 3711 διαφερουσῶν
3088 3643 3344 3713 ὑπήντων
3398 3648 3534 3717 αὐτῇ
3605 3652 3772 3722 καὶὴ

2215 3734 2435 3804 Ἀλεξίῳ
2481 3734 2593 3805 (62)
2627 3735 2836 3804 βασιλεῖ
2866 3737 3134 3806 ἥρμοστο⁸
3187 3739 3455 3808 ἠμφίεστο
3482 3741 3537 3795 δὲ
3561 3743 3775 3812 ἐσθῆτα

2204 3826 2306 3896 μὲν
2337 3827 2444 3880 ἀπὸ
2498 3827 2721 3896 βύσσου,
2771 3828 2936 3882 τᾶλλα
2998 3829 3054 3882 δὲ
3087 3833 3148 3883 ὲκ
3177 3831 3376 3901 χρυσοῦ
3411 3836 3504 3887 καὶ
3538 3837 3758 3906 πορφύ-

2203 3934 2302 3987 ρας
2328 3917 2657 3988 κεκόσμητο.
2681 3917 2845 3971 Ἀλλά
2879 3921 2938 3971 τὸ
2965 3921 3060 3973 τοῦ
3090 3922 3288 3990 βύσσου
3322 3917 3623 3994 κυαναυγές
3646 3928 3770 3999 (65)

2201 4007 2550 4078 μελαμφόρον
2589 4007 2791 4079 ταύτην
2832 4009 3002 4063 ἐποίει
3044 4013 3109 4080 τῇ
3144 4013 3356 4082 νεήλυδι
3427 4018 3773 4086 καταφαίνε-

2198 4099 2340 4155 σθαι.
2385 4099 2605 4172 Ἀμέλει
2648 4102 2741 4155 καὶ
2807 4102 3140 4158 ἐπυνθάνειο
3167 4107 3274 4182 τῶν
3311 4110 3616 4178 παρόντων,
3642 4113 3773 4182 ἥτις

2197 4191 2330 4245 ποτὲ
2355 4194 2440 4262 εἴη
2473 4193 2505 4262 ἠ
2567 4195 2810 4265 μονήρης
2857 4193 3007 4265 αῦτη
3053 4197 3164 4258 καὶ,
3198 4179 3630 4271 ’μεγαλοπρεπὴς
3666 4179 3765 4257 ⁷λέ.

2197 4299 2394 4353 γουσα.
2429 4282 2604 4336 Τοῦτο
2630 4285 2693 4354 δὴ
2748 4284 3012 4354 ξύμϐολον
3037 4291 3149 4352 τοῖς
3179 4290 3476 4346 ἀκούσασιν
3496 4294 3770 4364 οὐμενοῦν

2195 4375 2398 4444 ἀγαθὸν
2416 4374 2584 4440 ἔδοξε,
2612 4377 2704 4428 καὶ
2731 4377 2791 4428 τὸ
2814 4377 2961 4441 τέλος
2985 4381 3083 4434 οὐκ
3108 4383 3186 4443 εἰς
3215 4384 3429 4452 μακρᾶν
3453 4381 3775 4454 ήκολούθει.’

541 4467 802 4510 terrarum
860 4464 1064 4511 tractus
1117 4457 1401 4511 Persarum
1453 4458 1847 4516 incursionibus
1889 4468 2097 4530 pateret

2215 4466 2436 4519 Βασιλέα
2455 4467 2511 4519 δὲ
2562 4468 2595 4536 ή
2628 4469 2726 4536 τῆς
2768 4468 2951 4532 Ἀσίας
2984 4467 3097 4541 εἶχε
3130 4475 3328 4540 περαία
3355 4475 3448 4528 καὶ
3503 4476 3570 4530 τὰ
3597 4479 3766 4531 Βιθυ-

535 4550 782 4601 curabat.
821 4547 950 4601 Nam
1001 4564 1121 4603 cum
1168 4550 1437 4618 prioribus
1486 4550 1694 4604 saeculis
1735 4550 2098 4606 'Barbarorum

535 4641 862 4711 irruptiones
893 4640 1277 4697 munitionibus
1311 4642 1539 4698 subinde
1565 4643 1858 4710 exstructis
1887 4637 2099 4713 propul-

2197 4558 2305 4610 νῶν
2333 4559 2456 4626 ὅρια
2489 4559 2858 4628 σκεπτόμενον
2901 4560 3047 4626 ὅπως
3077 4563 3142 4616 ἂν
3173 4567 3378 4635 μηκέτι
3439 4569 3648 4622 ἐσϐατά
3677 4572 3764 4642 τῷ

2201 4648 2428 4718 Περσῶν
2487 4649 2736 4716 γένειτά
2771 4651 2896 4722 τῇδε
2950 4653 3182 4721 γένοιτο.
3235 4657 3358 4711 Τῶν
3422 4658 3530 4730 γὰρ
3558 4661 3616 4714 ὲν
3641 4665 3766 4727 τοῖς

1867 4763 1962 4822 Du
1994 4764 2211 4844 Cangii
2249 4773 2434 4829 nota).

603 4881 717 4952 (60)
758 4882 868 4958 Καί
897 4882 1102 4958 ᾇίᾆον.
1143 4883 1393 4958 occurrit
1427 4900 1530 4940 vox
1564 4886 1668 4941 ista
1712 4886 1850 4942 infra
1887 4903 1939 4958 p.
1969 4888 2096 4944 223.

531 4969 586 5006 τ’.
621 4959 775 5005 notas
805 4953 869 5003 atl
901 4953 1068 5007 Annae
1104 4969 1155 5018 β.
1196 4955 1322 5009 ιο6.
1887 4953 1903 4958 ’
1958 4989 1960 4992 ν

605 5023 717 5086 (61)
758 5022 1041 5089 Εἰρήνην.
1079 5023 1210 5077 Vide
1244 5035 1468 5077 stemma
1501 5024 1761 5081 Comnea.

605 5091 869 5162 (62)Καί
908 5091 946 5158 ἢ
983 5093 1246 5156 Ἀλεξίφ.
1306 5093 1477 5147 Alexii
1521 5095 1818 5162 Comneni,
1867 5094 2092 5151 Joannis

532 5159 664 5225 imp.
695 5161 783 5213 lilii
817 5162 1180 5234 pritnogfuiti.
1213 5163 1302 5231 qui
1336 5163 1547 5218 Attalia
1573 5165 1732 5234 paulo
1758 5159 1882 5218 ante
1907 5167 2092 5218 deces-

533 5239 701 5291 serat,
750 5231 968 5298 conjnx.
1013 5232 1274 5294 Βασιλεὺς
1311 5234 1508 5286 dicitur
1548 5231 1814 5287 Cinnamo
1843 5235 2086 5299 Alexius,

529 5299 656 5366 quia
693 5313 724 5353 a
756 5307 912 5370 patre
942 5300 1287 5370 imperatorio
1339 5302 1496 5356 titulo
1539 5303 1768 5369 donatus
1795 5303 1995 5370 fuerat,
2031 5313 2087 5356 ut

2194 4901 2386 4968 auctor
2433 4900 2519 4968 est
2550 4893 2793 4968 _Nicetas.
2845 4897 2920 4952 De
2963 4899 3147 4955 Alexii'
3172 4905 3353 4959 uxoris
3387 4917 3578 4968 morte,
3615 4924 3761 4962 nou-

2198 4963 2341 5043 nulla
2372 4977 2400 5015 a
2439 4965 2593 5023 nobis
2617 4967 2900 5021 observata
2929 4970 2980 5023 in
3013 4972 3240 5038 praefato
3270 4963 3760 5033 διοιηιιιαιαϐοιιι-

2192 5045 2408 5087 IICHICO:

2259 5101 2636 5182 (63).T6_f0_5
2672 5105 2932 5182 ,βύσσου
2964 5111 3323 5182 κυαναυγές.
3355 5115 3598 5182 Purpura
3643 5119 3760 5172 fer-

2190 5173 2398 5255 ruginei
2432 5173 2649 5255 coloris.
2682 5174 2860 5233 Gloss.
2893 5176 2986 5232 Gr.
3018 5179 3137 5235 Lat.
3166 5199 3181 5237 :
3208 5173 3478 5255 πορφύρα
3492 5188 3754 5255 μέλαινα.

2186 5239 2419 5310 ferrugo.
2454 5240 2641 5312 Virgil.

1781 5419 2062 5483 Cornelii
2093 5421 2282 5484 Tollii
2317 5432 2501 5486 notae.

595 5535 666 5608 ll)
700 5537 805 5589 Kal
829 5536 1030 5608 ἴιιίειοιν·
1053 5539 1237 5592 αὐτὸν
1255 5538 1494 5593 λοιπόν.
1521 5539 1723 5603 Λίξιος,
1755 5541 1844 5608 qui
1891 5541 2079 5596 sciui—-

2187 5545 2894 5640 βία-λυέγὸν-ῦποξῦς,⁴ἀλλά,
2919 5553 3106 5623 δοῦλος
3131 5557 3466 5630 eorum»;
3486 5580 3500 5595 °
3543 5565 3696 5640 ἐρμη
3713 5596 3749 5611 -

530 5607 780 5661 barbaris
833 5606 1033 5689 Latinis
1065 5609 1274 5689 Νικίας-..ι
1294 5609 1374 5689 vel
1401 5609 1674 5689 .vasallus.’
1698 5606 1912 5689 biainiel~
1941 5612 2079 5689 libro

2219 5606 2328 5669 εύει
2359 5606 2412 5669 δέ
2441 5635 2522 5670 σοι
2543 5606 2786 5675 τοῦτο’τδ
2815 5606 3000 5689 λίξιον.

527 5686 743 5739 φυηρ,
796 5679 1037 5728 oratione
1114 5677 1182 5730 ail
1217 5677 1579 5733 Vladislauni;
1636 5681 1744 5732 Καὶ
1778 5681 1960 5745 δοῦλος
2017 5684 2078 5733 οὐ
