3968 6326
614 149 720 209 355

1906 139 2235 201 JOANNIS
2273 139 2597 200 ClNNAMl

3751 135 3844 197 3.35

616 275 643 310 ι.
691 256 904 311 Caesare
939 253 1181 316 tcutatis,
1226 261 1282 304 ut
1329 266 1449 304 eum
1486 249 1678 320 conjux
1712 259 1830 318 post
1868 250 2064 304 multas
2096 250 2192 306 ad-

2308 252 2392 312 τὰς
2411 249 2682 312 Ἰταλικάς
2709 246 3124 316 ἀναγράφοιμεν
3150 250 3349 318 μάχας,
3375 249 3467 301 ἐπὶ
3505 247 3601 318 τὴν
3631 249 3844 317 Καπύης

614 345 941 401 monitiones
973 344 1383 399 obstinatiorcm
1438 342 1593 404 vidit,
1627 342 2016 410 imperiumque
2051 342 2186 395 vali-

2308 341 2715 411 ιιχνευσάμενος
2766 342 2943 411 ἀρχὴν
2973 342 3138 404 πολὺς
3184 342 3424 394 ἐνέκειτο
3451 341 3528 412 τῷ
3582 343 3735 410 ἀνδρὶ
3765 361 3848 394 πο-

616 441 733 492 dins
779 437 1142 501 aﬂectantem,
1199 437 1252 488 ni
1300 434 1694 504 provideretur,
1746 433 2106 503 nequidquam
2157 448 2188 486 a

2308 435 2497 504 ιεμῶν,
2525 432 2644 501 Ἐφ’
2672 429 2753 496 οἷς
2785 429 2939 496 οὗτος
2969 435 3295 504 ἀπειρηκὼς
3335 436 3434 502 τὴν
3459 436 3536 496 εἰς
3575 434 3848 499 Βυζάντιον

617 529 894 598 preposito
949 543 1104 595 posse
1151 527 1449 592 dimoveri,
1506 525 1784 579 accersitis
1832 526 2026 592 quibus
2076 534 2187 578 tum

2308 526 2595 581 ἐστείλατο.
2637 528 2882 596 Καίσαρι
2936 527 3032 596 μὲν
3070 525 3163 580 οὖν
3194 527 3370 580 ταῦτα
3430 529 3756 596 ἐπράσσετο.
3793 527 3850 579 'll

618 634 825 674 stnnma
878 634 1058 674 rerum
1109 618 1218 688 38
1250 626 1390 681 erat,
1430 631 1546 685 quae
1581 617 1897 685 agebantur,
1937 617 2190 685 prodtns,

619 714 726 766 Aut
761 712 916 776 mihi,
948 713 1139 786 inquit,
1175 711 1347 764 virum
1385 710 1600 773 tradite,
1637 721 1728 762 aut
1767 707 1919 763 vobis
1954 722 2096 762 cura
2122 710 2196 762 sit
2244 740 2246 742 τ

621 803 961 871 imperatoris
994 801 1157 855 filiam
1195 801 1348 854 fratri
1389 813 1522 858 meo,
1560 813 1861 858 reservare.
1909 797 1972 851 lli
2016 799 2194 852 modis

621 895 871 950 omnibus
914 892 1182 949 Casarem
1220 892 1416 958 adorti,
1455 892 1522 945 in'
1546 890 1900 960 propinquum
1937 888 2193 960 Byzantio

619 992 990 1047 suburbanum
1029 991 1392 1053 adduxerunt,
1430 988 1586 1058 quasi
1638 1002 1722 1042 res
1770 987 2036 1057 quaepiam
2083 987 2193 1041 illic

620 1084 826 1153 agenda
859 1082 1124 1149 Instaret;
1160 1092 1269 1135 tmn
1305 1082 1394 1135 ubi
1434 1095 1498 1134 eo
1521 1092 1823 1142 accessere,
1855 1079 1927 1133 ibi
1965 1079 2192 1136 dimisso

621 1175 731 1239 illo,
763 1175 816 1228 in
848 1176 1033 1229 urbem
1070 1175 1300 1250 rediere.
2082 1181 2086 1183 ’

2296 619 2355 672 δὲ
2397 617 2648 681 σύνοικος
2693 618 2882 687 ἐπειδὴ
2916 619 3054 688 μετὰ
3088 618 3292 680 πολλάς
3329 620 3682 689 παραινέοεις
3719 621 3853 688 ἰσχυ-

2302 709 2622 780 ρογνώμονα
2673 706 2866 763 τοῦτον
2922 710 3069 780 ἐώρα
3123 711 3218 762 καὶ
3263 709 3452 772 δεινῶς
3509 705 3853 779 βασιλειῶντα

2299 802 2394 855 καὶ
2424 801 2532 856 οὐδ’
2579 802 2645 856 ἂν
2671 803 2724 856 εἴ
2750 820 2807 856 τι
2838 803 2930 857 καὶ
2987 803 3212 873 γένηται.
3281 802 3719 871 μεταθησόμενον
3771 801 3852 854 τοῦ

2299 895 2526 958 σκοποῦ,
2557 896 2684 957 τοὺς
2744 893 2852 970 τῶν
2911 895 3103 948 κοινῶν
3157 896 3494 964 ἐπιμελητὰς
3542 893 3617 955 ὡς
3673 892 3855 960 ἑαυτὴν

2303 990 2782 1057 μεταπεμψαμένη
2805 987 3078 1042 κοινοῦται
3101 988 3161 1041 τὸ
3180 991 3410 1058 πρᾶγμα
3437 989 3554 1048 καὶ,
3577 989 3644 1038 Ἢ
3664 985 3855 1056 (Quali)

2303 1079 2457 1131 αὐτοί
2489 1096 2581 1148 μοι
2617 1080 2709 1131 τὸν
2728 1079 2896 1149 ἄνδρα
2927 1080 3228 1149 παράδοτε,
3251 1081 3284 1148 ἢ
3313 1079 3446 1146 γοῦν
3479 1079 3705 1146 μελήσει
3735 1065 3860 1129 πάν-

2301 1187 2410 1234 τως
2443 1171 2572 1242 ὑμῖν
2601 1171 2697 1225 τοῦ
2735 1173 2834 1237 τὴν
2876 1170 3154 1240 βασιλείαν
3183 1172 3257 1240 τῷ
3293 1170 3507 1240 ἀδελφῷ
3539 1168 3860 1239 συντηρῆσενι

617 1266 809 1337 τώμῷ.
862 1266 925 1319 Ἰὶ
983 1267 1081 1335 μὲν
1148 1265 1324 1318 ταῦτα
1387 1256 1538 1316 εἶπεν
1564 1280 1580 1295 ο
1608 1263 1658 1316 οἱ
1723 1261 1782 1317 δὲ
1830 1263 1923 1316 τδν
1951 1260 2210 1332 Καίσαρα
2272 1263 2632 1327 παντοδαπῶς
2664 1265 2988 1328 ὑπελθόντες
3025 1265 3118 1317 ἐπί
3161 1283 3284 1318 τινα
3323 1257 3634 1333 τῶνάγροῦ
3671 1263 3835 1326 Βυζαν

624 1361 741 1413 τίου
780 1359 1126 1429 προαστείων
1163 1353 1360 1426 ἐξῆγον
1387 1356 1576 1427 χρείας
1607 1355 1769 1426 δῆθεν
1807 1371 1953 1417 τινος
2013 1348 2435 1426 ἕνεκαεἜπειδή
2461 1374 2520 1409 τε
2545 1358 2640 1410 ἐπὶ
2666 1358 2762 1410 τοῦ
2793 1359 2958 1411 τόπου
3026 1359 3266 1425 ἐγένετο,
3318 1358 3480 1412 αὑτὸν
3517 1357 3618 1425 μὲν
3641 1354 3860 1409 ἐνταῦθα.

619 1451 922 1520 διατρίϐειν
960 1450 1202 1534 ἀφῆκαν,
1238 1450 1288 1502 οἱ
1317 1448 1374 1502 δέ
1403 1449 1497 1501 ἐπὶ
1546 1451 1645 1517 τὴν
1709 1448 1867 1502 πόλιν
1896 1443 2083 1520 ἦλθον.

693 1545 743 1597 5.
781 1543 1053 1611 Ejusmodi
1091 1542 1290 1612 ingenii
1325 1541 1425 1595 fuit
1458 1541 1646 1594 Maria.
1681 1541 1829 1594 Illius
1854 1551 2045 1594 autem
2093 1557 2190 1596 co-

2368 1546 2434 1604 ε’.
2478 1549 2545 1602 Ἠ
2581 1549 2684 1618 μὲν
2715 1550 2780 1619 δὴ
2806 1550 2995 1621 Μαρία
3041 1552 3226 1606 τοιάδε
3258 1548 3340 1614 τίς
3363 1547 3451 1622 ἦν.
3484 1549 3748 1614 Βασιλεὺς
3788 1551 3856 1610 δὲ.

622 1635 768 1702 guilt)
802 1634 950 1685 obitu
992 1633 1305 1702 Byzantium
1357 1634 1605 1702 princeps
1649 1630 1831 1687 rediit.
1884 1631 1992 1686 Nec
2032 1633 2201 1688 multo

625 1725 905 1791 interiecto
936 1723 1198 1791 tempore,
1231 1722 1420 1776 locatis
1447 1725 1512 1776 ad
1553 1721 1948 1792 Rhyntlaceno‘s
1982 1736 2203 1792 campos

624 1815 840 1876 castris.
875 1813 967 1868 ubi
1001 1814 1281 1868 castellum
1318 1817 1382 1868 de
1416 1811 1555 1868 novo
1585 1823 1931 1868 exstruxerat
1965 1812 2203 1868 Joannes

627 1911 941 1978 imperator,
969 1909 1111 1975 quod
1150 1906 1445 1976 Lopadium
1492 1907 1651 1975 vulgo
1699 1907 1989 1977 appellant,
2019 1906 2233 1976 copias

626 1999 789 2066 cogit,
837 2005 891 2051 et
939 1997 994 2051 in
1052 1994 1323 2050 Persidem
1378 1997 1637 2065 impetum
1685 1996 1868 2052 facere
1905 1998 2201 2053 constituit.

628 2085 807 2141 Persae
847 2087 1141 2157 siquidem,
1203 2088 1526 2157 posthabitis
1558 2083 1871 2152 fmderibus,
1909 2088 2203 2145 Pracanam
2286 2104 2288 2106 '

627 2186 1103 2248 expugnaverant,
1155 2177 1342 2231 urbem
1406 2177 1662 2242 Isauriae,
1714 2189 1772 2232 et
1825 2179 1932 2234 alia
1982 2176 2206 2252 insuper

631 2270 826 2323 damna
853 2267 1115 2323 Romanis
1165 2266 1482 2324 intulerant.
1516 2267 1698 2324 Rebus
1745 2280 1803 2325 ut
1850 2285 1949 2342 par
1991 2283 2106 2327 erat
2137 2273 2203 2328 ad

633 2360 828 2415 bellum
864 2359 1201 2430 compositis,
1233 2369 1406 2415 castra
1438 2360 1563 2416 inde
1591 2374 1836 2428 movens,
1869 2365 1920 2417 in
1947 2362 2222 2419 ulteriora

631 2449 1009 2518 progreditur,
1067 2463 1175 2520 quo
1227 2449 1474 2504 incautos
1539 2449 1815 2519 inopinate
1878 2465 2204 2523 aggressus,

632 2540 864 2610 puberes
896 2553 1084 2593 omnes
1120 2538 1486 2594 internecione
1521 2539 1740 2595 deleret.
1775 2535 1885 2597 Nec
1935 2543 2208 2599 aberravit

633 2628 854 2684 omnino
879 2645 908 2683 a
940 2630 1238 2698 proposito,
1268 2629 1371 2684 etsi
1403 2630 1468 2684 ad
1498 2645 1687 2686 manus
1719 2642 1935 2701 ventum
1967 2649 2072 2687 non
2101 2643 2204 2688 est.

633 2721 901 2789 Superato
927 2719 1070 2774 enim
1101 2719 1330 2790 Olympo
1365 2720 1548 2791 Mysia:
1591 2736 1793 2788 monte,
1831 2726 1895 2776 ad
1932 2723 2203 2778 Pitbecam

634 2829 755 2865 cum
778 2813 1136 2884 pervenisset,
1156 2813 1247 2868 ubi
1272 2813 1501 2868 validam
1525 2815 1640 2883 ipse
1664 2830 1844 2870 arcem
1871 2817 2202 2881 condiderat,

636 2882 795 2958 noctu
828 2904 880 2958 in
923 2917 1020 2958 eos
1061 2903 1288 2958 secessit
1319 2913 1549 2969 montes,
1583 2921 1688 2975 qua
1716 2906 2038 2975 confragosi,
2072 2924 2208 2978 ρηο-
2231 2882 2276 2943 C

633 2995 886 3064 ruptique
917 3003 1062 3061 sunt,
1095 3006 1256 3064 atque
1284 2997 1518 3051 arbustis
1541 2999 1733 3052 consiti
1761 3015 1775 3052 :
1799 3013 1985 3053 verum
2013 3002 2208 3056 accidit

652 3095 695 3139 tt
722 3086 1076 3141 ascendentes
1101 3086 1274 3141 crebri
1302 3101 1334 3142 ο
1367 3089 1571 3156 tesquis
1598 3103 1827 3157 vapores
1851 3098 2011 3158 caput
2043 3092 2210 3161 ipsius

634 3177 772 3232 adeo
812 3185 1161 3250 occuparent,
1194 3188 1253 3232 ut
1300 3179 1480 3234 subito
1519 3181 1828 3236 concideret
1878 3199 2053 3252 neque
2084 3200 2208 3238 sur-

635 3267 794 3337 gendi
829 3275 1151 3338 potestatem
1184 3270 1428 3335 haberet,
1460 3279 1514 3325 et
1543 3272 1609 3325 ad
1641 3273 1871 3327 mediam
1903 3279 2074 3343 usque
2104 3289 2204 3329 no-

635 3372 780 3418 ctem
823 3363 1001 3418 omnis
1051 3378 1243 3419 sensus
1283 3365 1393 3436 39
1441 3365 1554 3420 fere
1602 3382 1798 3435 expers
1847 3381 2206 3437 permaneret.

638 3454 776 3509 Tum
796 3467 1073 3511 recreatus
1090 3456 1384 3526 paululum,
1403 3473 1828 3529 recuperataque
1845 3444 2210 3531 consequente

635 3547 724 3604 die
757 3547 1082 3621 valetudine,
1120 3549 1233 3616 ipse
1257 3551 1472 3618 quidem
1517 3553 1791 3618 substitit;
1830 3570 2048 3609 suorum
2081 3573 2209 3612 vero

639 3651 846 3705 partem
873 3637 1098 3703 dimisit,
1129 3639 1395 3708 praefectis
1439 3641 1504 3695 ad
1542 3657 1652 3696 retu
1702 3647 2058 3715 peragendam
2093 3648 2209 3702 ido-

640 3733 757 3781 neis
800 3729 1046 3782 ducibus.
1081 3729 1143 3783 Hi
1183 3731 1468 3784 confestim
1521 3733 1763 3789 hostibus
1799 3738 2014 3790 obviam
2059 3739 2207 3805 facti,

641 3820 813 3887 iis'quc
858 3820 1172 3889 proﬂigatis,
1218 3822 1474 3876 victorem
1520 3826 1818 3879 exercitum
1868 3843 1989 3880 cum
2029 3830 2210 3884 multi-

2303 1639 2397 1693 τοῦ
2429 1641 2639 1704 πάθους
2672 1641 3033 1710 ἀγγελθέντος
3068 1643 3236 1714 αὐτῷ,
3271 1645 3392 1698 τότε
3423 1643 3523 1714 μέν
3553 1641 3631 1712 ἐς,
3666 1644 3859 1710 Βυζάν-

2303 1744 2419 1782 τιον
2445 1723 2599 1800 ἦλθεο
2638 1730 2775 1798 μετά
2809 1731 2865 1784 δέ
2906 1749 3030 1786 τινα
3088 1734 3282 1805 χρόνον
3313 1737 3368 1797 ἐς
3395 1734 3497 1804 τὴν
3525 1735 3618 1787 ἐπὶ
3658 1733 3866 1788 Ῥυνδα·

2305 1820 2406 1875 κοῦ
2462 1823 2828 1895 αὐλισάμενος
2879 1825 3131 1892 πεδιάδα,
3205 1827 3336 1881 ἔνθα
3402 1828 3616 1899 βασιλεί
3651 1827 3863 1898 Ἰωάννῃ

2306 1906 2570 1993 φρούριόν
2596 1935 2650 1971 τι
2679 1919 2744 1972 ἐκ
2797 1918 2995 1990 καινῆς
3043 1920 3466 1992 ἀνῳκοδομήθη,
3525 1920 3554 1974 δ
3606 1921 3867 1976 Λοπάδιον

2305 1993 2775 2081 ὠνόμασταίτοϊς
2799 2010 3037 2076 πολλοῖς,
3065 2011 3306 2081 ἐνταῦύα
3331 2015 3425 2067 τδν
3452 2012 3684 2084 στρατὸν
3721 2015 3866 2084 ἤγει-

2310 2117 2423 2172 ρεν,
2472 2091 2652 2173 ἐςτὴν
2681 2102 2961 2174 Περσικὴν
3004 2101 3267 2173 ἐμϐαλεῖν
3297 2095 3704 2174 διανοούμενος.
3732 2103 3866 2173 Πέρ-

2307 2208 2398 2245 σαι
2428 2193 2538 2264 γάρ
2587 2193 2687 2257 τάς
2742 2194 2945 2264 μεταξὺ
2992 2195 3288 2266 Ῥωμαίων
3355 2198 3585 2266 σπονδάς
3631 2188 3867 2269 παραλὺ-

2308 2301 2502 2348 σαντις
2534 2286 2827 2355 Πράκανάν
2856 2303 2914 2338 τε
2956 2287 3111 2340 πόλιν
3139 2288 3455 2358 Ὶσαυρικὴν
3495 2289 3870 2361 ἐκπορθήσαν·

2305 2361 2396 2442 τες
2433 2375 2575 2432 εἶλον
2594 2380 2688 2433 καὶ
2712 2361 2940 2434 πλεῖστα
2968 2380 3100 2432 ἄλλα
3151 2383 3457 2451 Ῥωμαίους
3492 2383 3867 2452 προσεξημίω·

2309 2486 2431 2522 σαν.
2471 2469 2690 2541 Ἐπειδὴ
2720 2469 2852 2538 γοῦν
2881 2471 3078 2541 ἄριστα
3107 2473 3526 2541 παρεσκεύαστο
3557 2475 3679 2546 ἤδη,
3735 2475 3867 2546 ἄρας

2308 2559 2516 2613 ἐκεῖθεν
2572 2562 2778 2632 σπουδῇ
2829 2565 2918 2614 ἐπὶ
2946 2563 3015 2615 τά
3070 2565 3255 2634 πρόσω
3304 2565 3520 2634 ἐχώρει,
3579 2568 3721 2619 κατὰ
3751 2567 3870 2620 νοῦν

2308 2651 2448 2721 ἔχων
2473 2651 2546 2714 ὡς
2582 2654 2648 2705 ἂν
2679 2653 3011 2721 ἀφυλάκτοις
3036 2655 3218 2716 αὐτοῖς
3265 2655 3597 2720 ἐξαπιναίως
3633 2657 3871 2713 ἐπελθὼν

2291 2745 2509 2815 ,ἡϐηδδν
2561 2746 2868 2801 ἀπολέσειε.
2933 2745 3081 2818 Πλὴν
3130 2746 3268 2801 ἀλλὰ
3297 2747 3392 2807 τοῦ
3423 2748 3522 2817 μὲν
3576 2751 3786 2803 σκοποῦ
3815 2750 3870 2802 οὐ

2309 2837 2488 2907 πάντη
2545 2837 2862 2910 διήμαρτεν.
2905 2839 2978 2891 Οὐ
3031 2839 3139 2910 μὴν
3167 2841 3288 2916 ικαὶ
3342 2843 3531 2913 χεῖρας
3585 2840 3784 2913 ἔχρησε
3813 2845 3873 2912 τῇ

2312 2924 2459 2998 μάχῃ
2503 2926 2732 2999 ἐκείνῃ.
2781 2927 2868 2988 Ὠς
2900 2929 3007 2998 γὰρ
3061 2930 3228 2998 ὀξέως
3275 2932 3369 2985 τὸν
3418 2931 3627 2985 Μύσιον
3684 2932 3873 2995 διαϐὰς

2313 3017 2598 3087 Ὄλυμπον
2647 3019 2776 3088 ἄχρι
2804 3035 2864 3070 τε
2905 3021 2962 3081 ἐς
2989 3020 3082 3074 τὸν
3136 3022 3386 3092 Hier;de
3446 3022 3562 3094 (66)
3615 3023 3872 3091 γεγονὼς,

2307 3105 2439 3159 ἔνθα
2497 3108 2761 3178 φρούριον
2806 3108 2969 3170 αὐτὸς
3024 3110 3282 3180 ἐδείματο
3325 3115 3615 3183 καρτερὸν,
3659 3114 3875 3184 νύκτωρ

2309 3197 2397 3250 διὰ
2425 3198 2723 3270 τῶνταύτῃ
2755 3199 2898 3269 ὀρῶν
2928 3201 3242 3270 ἐπορεύετο,
3281 3201 3318 3256 ἃ
3342 3189 3466 3274 τῇδε
3494 3205 3878 3275 ἀποκρέμαται

2311 3289 2490 3360 ὑψηλά
2525 3292 2618 3343 καὶ
2666 3291 2858 3353 δεινῶς
2912 3291 3099 3355 λάσια,
3135 3279 3456 3359 ’ξυνέϐαινεν
3490 3295 3554 3346 ἐκ
3598 3295 3707 3347 τῶν
3740 3296 3879 3349 κατὰ

2309 3382 2407 3445 τὰς
2431 3383 2644 3454 λόχμας
2677 3383 3034 3453 ἀναγομένων
3056 3386 3246 3455 ἀτμῶν
3273 3387 3700 3458 ἐμπιπλαμένης
3729 3389 3876 3458 αὐτῷ

2310 3476 2406 3544 τῆς
2444 3474 2687 3545 κεφαλῆς
2716 3474 2912 3544 ἀθρόον
2942 3475 3351 3548 κατενηνέχθαι,
3388 3477 3464 3541 ὡς
3497 3479 3699 3549 μηκέτι
3747 3480 3879 3550 μηδὲ

2311 3569 2609 3638 ἀναστῆναι
2642 3568 2921 3622 δύνασθαι.
2954 3569 3129 3638 Μέχρι
3161 3569 3265 3638 μὲν
3287 3568 3383 3624 οὖν
3413 3570 3505 3623 καὶ
3557 3572 3684 3641 περὶ
3710 3575 3880 3642 μέσας

2311 3658 2513 3719 νύκτας
2568 3657 2755 3726 σχεδόν
2781 3674 2832 3710 τι
2865 3659 2958 3710 καὶ
3017 3657 3434 3729 ἀνεπαισθήτως
3498 3652 3644 3728 εῖχεν
3689 3657 3877 3722 αὐτοῦ,

2314 3747 2379 3820 [Ρ
2439 3748 2531 3821 29.]
2566 3750 2704 3819 μετὰ
2727 3749 2784 3800 δὲ
2811 3748 2994 3817 ὀλίγον
3020 3749 3340 3818 ἀνασφήλας
3363 3745 3480 3801 εἶτα
3509 3749 3657 3819 ῥᾴων
3691 3751 3751 3812 ἐς
3786 3749 3880 3818 τὴν

2312 3842 2607 3910 ὑστεραίαν
2657 3838 2920 3908 γεγονὼς,
2952 3839 3118 3902 αὐτὸς
3159 3840 3259 3909 μὲν
3290 3838 3466 3910 ἡσυχῆ
3503 3839 3709 3910 ἔμεινε,
3762 3844 3879 3910 μοῖ-

640 3913 763 3979 pnei
793 3915 992 3979 praeda,
1029 3924 1255 3966 ovantes
1289 3914 1640 3969 reduxerunt.
1670 3915 1801 3970 Dum
1831 3919 1944 3974 haec
1979 3933 2207 3991 aguntur

2315 3950 2414 3999 ραν
2466 3933 2523 3984 δὲ
2573 3918 2668 3984 τοῦ
2742 3932 3156 4002 στρατεύματος
3219 3933 3626 4001 ἀπολεξάμενος
3687 3933 3879 4002 ἱκανὴν

640 4005 708 4054 ab
735 4001 1075 4068 imperatore,
1107 4003 1303 4069 Persae,
1329 4007 1489 4057 rebus
1517 4006 1583 4057 ad
1614 4008 1808 4060 bellum
1840 4012 2062 4077 paratis,
2085 4028 2206 4066 cum

2311 4023 2427 4090 ἅμα
2450 4021 2781 4093 στρατηγοῖς
2817 4001 2926 4074 ἐπὶ
2952 4022 3014 4075 τὸ
3045 4021 3207 4093 ἔργον
3247 4022 3536 4092 διαφῆκεν,
3578 4023 3628 4076 οἳ
3668 4024 3767 4077 καὶ
3788 4001 3882 4077 οὐκ

641 4092 843 4160 ingenti
869 4092 1096 4145 militum
1127 4093 1466 4148 multitudine
1490 4095 1540 4148 in
1569 4093 1983 4152 Tbracesiorum
2012 4109 2206 4155 terram

2312 4114 2367 4175 ἐς
2440 4092 2661 4183 μακράν
2720 4114 2987 4182 δυνάμεσι
3049 4092 3540 4186 περιτετυχηκότες
3619 4115 3879 4186 ἐχθρῶν,

641 4182 966 4251 irrumpunt,
1014 4195 1070 4237 et
1120 4185 1401 4240 resistente
1446 4188 1658 4242 nemine
1705 4189 1850 4258 (nam
1896 4191 2207 4248 Theodorus

2317 4182 2504 4276 ἐπειδὴ
2538 4182 2939 4277 καθυπέρτεροι
2968 4210 3032 4277 τῇ
3062 4208 3207 4280 μάχῃ
3248 4182 3494 4276 ἐγένοντο
3528 4182 3794 4277 λαφύρων
3830 4227 3883 4260 τε

639 4284 999 4344 cognomento
1043 4273 1537 4344 Contostepbanus,
1571 4279 1635 4330 ad
1676 4280 1728 4333 id
1782 4280 1849 4333 ab
1884 4281 2207 4351 imperatore

2314 4299 2461 4368 μέγα
2490 4273 2543 4351 τι
2597 4273 3230 4369 περιεϐάλοντο
3288 4273 3384 4353 καὶ
3442 4300 3539 4353 σὺν
3599 4273 3884 4368 τροπαίοις

644 4366 871 4431 missus,
912 4369 1153 4420 exercitu
1202 4378 1547 4436 comparato,
1604 4374 1841 4424 nondum
1895 4374 2207 4444 advenerat)

639 4456 916 4509 castellum
953 4455 1025 4509 illi
1058 4472 1161 4509 non
1195 4458 1349 4525 longe
1381 4474 1409 4510 a
1442 4459 1575 4511 mari
1608 4459 1874 4525 dissitum,
1909 4466 2049 4530 quod
2090 4467 2210 4519 Cel-

641 4547 856 4600 biauum
893 4559 1102 4613 vocant,
1138 4550 1494 4618 pepnlabnndi
1549 4551 1751 4613 ineunt,
1801 4553 2051 4624 factaque
2103 4574 2205 4614 non

640 4638 846 4691 modica
864 4639 1075 4705 prazda,
1103 4642 1499 4709 regrediuutur.
1529 4641 1620 4697 llis
1645 4643 1938 4713 imperator
1957 4652 2206 4718 cognitis,

642 4729 813 4794 impos
843 4730 924 4782 sui
955 4730 1136 4782 statim
1169 4747 1288 4783 cum
1321 4733 1586 4787 universis
1615 4735 1785 4802 cupiis
1814 4736 1978 4790 citato
2005 4740 2206 4806 impctu

640 4818 877 4871 Iconium
912 4822 1210 4883 contendit,
1243 4823 1459 4891 scriptis
1487 4824 1636 4891 prius
1663 4828 1727 4878 ad
1757 4828 2024 4881 sultauum
2065 4831 2209 4886 litte—

639 4909 736 4973 ris,
770 4908 964 4978 quibus
995 4911 1276 4986 consilium
1326 4928 1481 4966 suum
1529 4916 1822 4970 nuntiaret.
1858 4917 2058 4973 [larum
2096 4920 2207 4976 lucc

638 4997 738 5050 fuit
766 5001 1030 5055 sententia
1064 5022 1076 5055 :
1119 5022 1135 5052 ι
1177 5003 1326 5057 Scire
1359 5014 1407 5058 te
1440 4992 1687 5059 volumus
1732 5020 1927 5063 nostra:
1963 5011 2085 5066 huic
2117 5014 2207 5067 ad-

641 5105 824 5145 versus
859 5108 910 5146 te
958 5096 1285 5164 expeditioni
1338 5096 1611 5149 molimina
1661 5110 1746 5151 tua
1800 5116 2017 5153 causam
2070 5120 2205 5171 pra:-

2311 4386 2520 4438 ἐκεῖθεν
2577 4387 2937 4456 ἀνέστρεψαν.
2991 4387 3256 4450 Βασιλεὺς
3284 4387 3385 4457 μὲν
3411 4387 3582 4442 ταῦτα
3613 4386 3879 4457 ἔπρασσε.

2311 4480 2517 4549 Πέρσαι
2543 4478 2601 4530 δὲ
2623 4480 2681 4530 ἐν
2706 4479 2880 4547 τούτῳ
2901 4482 3370 4549 συσκευασάμενοι
3396 4479 3613 4549 στρατῴ
3657 4483 3882 4548 μεγάλῳ

2308 4573 2378 4638 τῇ
2425 4569 2754 4639 Θρᾳκησίων
2812 4570 3141 4638 ἐμϐάλλουσι
3187 4575 3281 4641 γῇ,
3320 4573 3530 4634 οὐδενός
3575 4588 3633 4623 τε
3702 4572 3884 4640 acpt'aw

2315 4659 2803 4727 ὰντιστρατοῦντος
2870 4660 3170 4732 (Θεόδωρος
3211 4665 3318 4733 γὰρ
3367 4660 3408 4728 ᾦ
3442 4663 3884 4729 Κοντοστέφανος

2314 4747 2601 4817 ἐπίκλησις
2626 4745 2713 4819 ἦν,
2770 4752 2963 4804 τούτου
2986 4752 3049 4822 δὴ
3079 4753 3240 4804 ἕνεκα
3277 4755 3408 4823 πρὶς
3447 4753 3713 4822 βασιλέα),
3749 4771 3884 4823 πεμ-

2315 4833 2492 4902 νοεὶς,
2515 4836 2668 4890 οὔπω
2698 4838 2835 4908 ἔφθη
2877 4841 2968 4892 τὸν
3005 4841 3235 4911 στρατὸν
3266 4843 3490 4913 ἀγείρας
3533 4843 3660 4913 τῇδε
3720 4861 3886 4895 καταο

2314 4925 2519 4996 λαϐεῖν)
2544 4928 2670 4999 ἄχρι
2697 4932 2792 4983 καὶ
2825 4930 2914 4982 ἐπί
2955 4950 3005 4983 τι
3039 4933 3146 4984 τῶν
3196 4933 3295 4985 οὐκ
3326 4935 3433 4986 ἀπὸ
3469 4933 3753 5004 θαλάσσης
3783 4953 3886 5004 χω-

2316 5016 2468 5084 ρίων,
2496 5019 2522 5069 ὅ
2553 5020 2856 5074 Κελὸιανὸν
2904 5022 3015 5093 (67)
3076 5025 3425 5093 ὀνομάζεται,
3452 5027 3884 5095 προνομεύοντες

2315 5104 2496 5178 ἤλυον,
2523 5111 2675 5166 λείαν
2689 5131 2747 5165 τε
2769 5115 2840 5176 ὡς
2868 5117 3124 5186 πλείστην
3149 5121 3478 5187 ἐπαγόμενοι
3500 5119 3880 5189 ανεχιῖιρησαν⁶

1987 5215 2077 5276 Du
2120 5220 2339 5301 Cangii
2368 5234 2552 5286 {10133.

713 5333 826 5400 (iis)
873 5332 1155 5398 nionxrir.
1199 5330 1564 5401 Confert-udus
1610 5335 1765 5401 plane
1803 5339 1866 5388 ad
1922 5339 2059 5392 banc
2093 5340 2200 5392 Ala-

639 5405 812 5457 ttuclis
843 5403 1079 5466 CXdeil.
1117 5401 1252 5453 Hist.
1289 5399 1526 5465 Nicvtas,
1565 5399 1670 5464 1.ἰ,
1703 5423 1756 5456 ιι.
1801 5409 1852 5458 '2.

710 5477 820 5542 (67)
862 5474 1210 5526 Κελῖίανίῖν,
1257 5469 1460 5542 Lydia,
1517 5489 1610 5526 seu
1671 5477 1796 5527 Asia
1853 5477 2064 5542 Minor,
2126 5483 2202 5534 sic

643 5545 806 5607 dicta,
845 5557 902 5597 ut
943 5554 1132 5596 auctor
1167 5551 1246 5594 est
1297 5542 1679 5610 l’acbytnercs,
1726 5546 1758 5599 ι.
1790 5560 1863 5610 ιι,
1891 5566 1937 5601 c.
1975 5552 2025 5601 8.
2085 5552 2203 5604 Cc!-

2315 5345 2458 5419 biani
2497 5358 2702 5402 tractus
2737 5350 2936 5402 mentio
2969 5360 3050 5402 cst
3092 5355 3230 5419 apud
3279 5349 3516 5404 Nicetam
3559 5352 3609 5404 in
3659 5351 3882 5412 lsaacin,

2319 5416 2350 5468 Ι.
2387 5432 2438 5475 l,
2483 5437 2532 5470 ιι.
2588 5420 2655 5480 ll,
2692 5420 2888 5486 Acr-0p.
2938 5437 2987 5472 ο.
3047 5416 3137 5472 15-
3174 5432 3224 5475 ct
3266 5423 3335 5474 al.
3400 5421 3524 5476 Vtile
3595 5436 3759 5478 notas
3821 5429 3884 5476 ad

2316 5488 2644 5541 Aleximlcm.
