3968 6326
666 244 777 312 363

1914 246 1918 249 ’
1942 249 2234 313 JOANNI:

2338 253 2641 317 ΣΙΝΝΑΜΙ
2832 240 2835 241 ν
3799 258 3881 321 364
3940 320 3941 323 η

663 365 766 436 piis
800 350 988 420 utilius
1035 362 1141 419 fuit
1184 361 1475 420 consilium
1526 360 1786 434 prudens,
1823 361 2031 434 virique
2074 365 2234 421 unius

2345 368 2439 423 τοῦ
2471 371 2751 441 πρακτέου
2780 372 3127 443 δεξιώτατος,
3179 377 3323 448 ἔγνω
3359 377 3606 443 ἐπινοίας
3639 376 3826 450 μᾶλλον
3857 384 3881 453 ἢ

663 460 835 513 virtus
860 455 1170 529 clypeorum
1205 453 1399 512 robore
1430 452 1679 511 validior.
1708 454 1779 509 At
1816 454 2101 511 deﬁciente
2127 457 2234 525 die,

661 550 735 607 ibi
784 556 1185 621 pernoctatum.
1240 546 1371 603 inde
1415 547 1591 618 primo
1641 560 1801 603 mane
1848 543 2122 617 proiectus
2171 549 2237 603 ad

659 640 902 697 isoniu'm
927 650 1103 695 castra
1124 640 1327 710 posuit,
1345 638 1488 708 quod
1506 652 1629 693 eum
1643 638 1883 710 undique
1902 638 2239 708 explorasset

652 733 919 804 adituque
949 732 1089 789 haud
1123 724 1283 787 facile
1315 745 1439 787 esse
1481 724 1727 794 vidisset.
1757 744 1978 785 rumore
2010 731 2076 785 ad
2120 729 2236 787 haec

663 824 1099 881 increbrescente
1149 822 1206 877 in
1255 820 1394 888 dies,
1429 819 1735 877 Occidentis
1766 819 2010 892 pepulos
2043 820 2237 890 patriis

660 917 869 975 excitos
900 916 1119 975 sedibus
1147 915 1354 987 ingenti
1388 913 1733 971 multitudine
1767 915 1834 969 ad
1873 915 2008 969 fines
2038 912 2238 970 Roma-

663 1024 853 1065 norum
881 1007 1232 1073 contendere,
1261 1005 1327 1060 ab
1353 1004 1755 1077 oppugnatione
1781 1004 1995 1076 quidem
2029 1005 2238 1061 destitit

662 1102 908 1172 longiore
959 1108 1201 1172 tempore
1248 1107 1305 1154 et
1349 1097 1557 1169 majore
1604 1096 1904 1167 apparatu,‘
1934 1112 2093 1167 quam
2138 1097 2232 1168 qui

663 1196 872 1261 aderat,
905 1205 1041 1262 opus
1092 1193 1194 1250 sibi
1245 1190 1359 1247 fore
1406 1189 1882 1256 animadvertens;
1932 1190 2025 1244 sed
2061 1188 2235 1245 obviis

531 1299 546 1312 ‘
660 1288 964 1359 quibusque
997 1285 1233 1342 incensis
1265 1292 1319 1337 et
1350 1281 1576 1353 perditis
1607 1281 1851 1337 recessit.
1880 1280 2085 1336 Ferunt
2120 1290 2235 1336 tum

662 1382 927 1436 militibus
958 1377 1218 1433 Romanis
1248 1375 1390 1431 {cede
1428 1388 1506 1429 ac~
1521 1371 1912 1428 contumeliose
1942 1371 2234 1427 Persarum

660 1474 835 1545 posita
861 1473 1012 1545 juxta
1046 1470 1232 1527 urbem
1272 1470 1525 1539 sepulcra
1579 1465 1962 1531 tractantibus.
1995 1479 2096 1520 nec
2128 1478 2235 1519 non

634 1586 725 1635 ex
762 1570 829 1624 iis
860 1568 1026 1623 Inulta
1076 1563 1463 1621 refodientibus
1504 1561 1791 1624 cadavera,
1825 1558 2123 1629 principem
2170 1572 2237 1613 eo

660 1660 956 1718 diilieilium
989 1667 1290 1727 temporum
1314 1660 1610 1718 momento,
1636 1649 1747 1725 46
1774 1649 2235 1721 magnanimitatis

661 1769 768 1812 non
813 1752 1040 1808 oblitum
1088 1762 1222 1813 suae,
1260 1745 1553 1801 inviolatus
1586 1752 1644 1797 ut
1687 1753 1999 1797 servaretur
2046 1741 2235 1797 matris

661 1845 859 1901 sultani
887 1842 1048 1909 cinis,
1075 1837 1397 1912 praecepisse
1426 1855 1439 1893 :
1472 1835 1803 1906 dixisseque,
1831 1835 1915 1888 vel
1957 1833 2236 1887 minimum

664 1938 998 2008 sapientibus
1033 1931 1381 1991 reverendam
1414 1940 1535 1985 esse
1576 1927 1914 1984 nobilitatem
1947 1924 2234 1992 infelicem.

667 2031 910 2103 Scriptas
941 2029 1124 2099 itaque
1146 2024 1412 2082 omciosas
1455 2019 1743 2076 admodum
1788 2018 1997 2099 litteras
2028 2020 2101 2103 ad
2125 2017 2237 2074 sul-

664 2120 776 2176 tani
796 2102 1089 2189 coniugem
1126 2113 1313 2177 mittit,
1350 2111 1403 2166 in
1436 2111 1577 2165 hanc
1609 2106 1931 2163 sententiam
1966 2122 1981 2160 :
2018 2123 2037 2157 ι
2079 2102 2238 2161 Scias

661 2212 847 2275 velint,
877 2207 1151 2265 sultanum
1201 2203 1502 2275 maiestatis
1540 2209 1757 2259 nostrae-
1785 2212 1999 2254 servum
2035 2197 2236 2263 vivere,

660 2312 718 2359 et
746 2312 1034 2372 superesse
1056 2296 1252 2362 adhuc,
1274 2293 1459 2350 vitatis
1484 2291 1603 2348 belli
1637 2288 1911 2361 periculis.
1946 2307 1964 2342 ι
1992 2288 2085 2345 illa
2110 2303 2238 2344 vero

662 2395 927 2468 pecudum
984 2391 1204 2448 circiter
1244 2389 1350 2443 duo
1382 2385 1567 2452 millia,
1599 2384 1761 2440 boum
1796 2384 2007 2456 copiam
2046 2373 2238 2454 ingen-

662 2500 791 2555 tem,
812 2480 876 2542 et
908 2484 1109 2542 cibaria
1144 2482 1247 2537 alia
1278 2478 1580 2555 complura,
1606 2477 1805 2549 quibus
1828 2474 2103 2546 exciperet
2132 2474 2235 2531 im-

659 2592 989 2655 peratorem,
1037 2579 1416 2649 apparaverat.
1461 2571 1568 2628 Sed
1620 2571 1709 2637 ubi
1757 2570 1984 2628 aedilicia
2035 2571 2232 2626 subur-

660 2672 822 2737 bana,
844 2669 922 2725 uti
946 2666 1383 2730 memoravimus,
1412 2661 1639 2719 Romani
1665 2659 2042 2724 incenderunt,
2067 2660 2237 2715 haud-

662 2776 933 2833 quaquam
952 2764 1221 2815 exsecuta
1251 2765 1333 2811 est
1358 2753 1711 2826 propositum.
1745 2750 1840 2808 His
1866 2751 1940 2806 ita
1967 2751 2235 2806 constitu-

660 2858 751 2921 tis,
787 2868 911 2909 cum
939 2852 1053 2923 jam
1084 2848 1314 2905 reditum
1349 2842 1630 2902 moliretur
1675 2844 1988 2913 imperator,
2037 2843 2232 2898 iterum

659 2949 725 3004 ad
758 2944 1027 3002 sultanutn
1061 2942 1254 3000 scribit
1286 2938 1516 3004 litteras,
1545 2952 1609 2993 eo
1638 2942 1957 3007 argumento
1987 2953 2000 2989 :
2035 2952 2056 2987 ι
2102 2934 2234 2989 Mul-

2350 461 2534 531 ίσχύος
2561 463 2797 520 ἐνταῦθα
2821 467 3047 538 χρῄζειν
3084 469 3146 522 τὸ
3193 471 3448 541 πρᾶγμα.
3483 470 3692 525 Δύτίκα
3736 473 3884 527 τοίνυν

2312 612 2319 616 ς
2348 550 2459 607 τῶν
2479 569 2600 607 τινα
2622 558 2971 626 στρατιωτῶν
2986 559 3244 633 καλέσας,
3266 560 3886 635 Βεμπιτζιώτην(70)μὲν
3940 586 3941 589 η

2344 642 2785 716 ἐπικεκλημένον
2804 689 2819 713 ,
2857 649 3066 715 πόλεως
3120 648 3179 704 δὲ
3220 652 3557 722 ὡρμημένον
3604 653 3881 725 Ἀδριανοῦ,
3940 688 3941 693 η

2344 734 2566 790 ἐκέλευε
2591 739 2654 792 τὸ
2695 739 2896 809 κράνος
2939 742 3041 811 τῆς
3079 742 3331 813 κεφαλῆς
3370 742 3710 815 ἀποθέμενον
3756 746 3884 817 μετέ·

2344 828 2487 899 ωρόν
2542 846 2605 884 τε
2647 826 2780 886 αὐτὸ
2834 831 2929 888 ἐπὶ
2984 834 3083 906 τῆς
3134 836 3319 906 χειρὸς
3356 837 3667 908 πανταχόσε
3710 837 3885 908 περιδι-

2345 921 2538 975 νοῦντα
2571 921 2671 994 τὴν
2700 923 2793 978 τοῦ
2835 924 3060 989 σουλτάν
3084 927 3245 999 δῆθεν
3271 929 3363 981 ἐπὶ
3385 927 3480 983 τοῦ
3509 922 3889 1000 στρατεύματος

2346 1013 2839 1084 διακηρυκεύεσθαι
2897 1018 3119 1074 ἅλωσιν.
3160 1012 3237 1075 Ob
3266 1021 3553 1089 γεγονότος
3574 1022 3889 1091 ἀνεθάρσησέ

2348 1122 2407 1159 τε
2459 1110 2805 1181 παραχρῆμα
2847 1112 2910 1165 τδ
2974 1111 3282 1181 Ῥωμαϊκὸν
3344 1113 3599 1177 καὶτοὺς
3642 1114 3891 1174 ἐναντίους

2351 1194 2589 1267 ίσχυρῶς
2618 1198 2975 1265 ἐγκειμένους
3011 1197 3321 1253 ἀπεώσατο.
3367 1200 3524 1253 Οῦτω
3564 1200 3816 1263 πολλάκις
3844 1200 3890 1250 ἐν

2346 1286 2621 1363 βούλευμα
2651 1289 2871 1342 συνετὸν
2906 1284 3047 1360 ύπέρ
3068 1288 3466 1361 μυριοπληθεῖς
3496 1289 3673 1360 ὤνησε
3704 1292 3891 1362 χεῖρας,

2344 1379 2440 1431 καὶ
2473 1379 2666 1449 ἀνδρὸς
2694 1382 2813 1445 ἐνὸς
2842 1380 3012 1451 ἀρετὴ
3048 1381 3261 1435 πολλῶν
3292 1380 3540 1435 ἀσπίδων
3570 1381 3893 1449 δυνατωτέρα

2343 1469 2747 1539 γίνεται.’Δλλά
2780 1474 2900 1526 τότε
2938 1472 3056 1543 μὲν,
3081 1472 3269 1538 ἐπειδὴ
3293 1473 3527 1542 τάχιστα
3550 1470 3647 1537 νὺξ
3672 1473 3893 1541 ἐγένετο,

2343 1564 2509 1617 αὑτοῦ
2564 1581 2666 1617 που
2694 1564 2986 1636 ηὐλίσαντο
3005 1582 3018 1595 ·
3048 1563 3246 1636 όρθρου
3274 1561 3330 1618 δὲ
3360 1563 3501 1636 ἄρας
3542 1564 3896 1634 tardeve-ape;

2358 1654 2561 1724 Ἰκονίῳ
2584 1646 3157 1726 ἐστρατοπεδεύσατοί
3189 1656 3274 1720 Ὦς
3306 1655 3363 1709 δὲ
3392 1654 3575 1726 κύκλῳ
3609 1654 3896 1725 περιελθὼν

2266 1728 2306 1783 Β
2337 1745 2440 1799 οὐκ
2467 1745 2719 1813 εύέφοδον
2740 1742 2878 1801 εἶναι
2902 1747 3036 1801 αὐτὸ
3072 1748 3340 1813 κατενόει,
3360 1746 3396 1818 ἥ
3423 1762 3483 1800 τε
3500 1746 3735 1818 φήμη,ῆ
3781 1745 3897 1814 ἔθνη
3940 1754 3941 1763 ‘

2340 1839 2409 1892 τὰ
2458 1838 2597 1911 πρὸς
2648 1838 2842 1893 δύοντα
2890 1840 3047 1911 ἣλιον
3107 1839 3166 1907 ἐξ
3208 1839 3347 1893 ἐθῶν
3380 1839 3765 1893 ἐπαναστάντα
3800 1838 3898 1889 τῶν

2340 1931 2585 2003 πατρίων
2616 1932 2709 1985 ἐπὶ
2737 1930 2837 2002 τὴν
2896 1930 3184 2002 Ῥωμαίων
3221 1930 3543 2003 παμπληθεὶ
3570 1931 3773 2001 ἐμήνυε
3815 1930 3901 1997 φέ-

2343 2023 2555 2095 ρεσθαι,
2598 2023 2843 2096 ἑκάστης
2880 2022 3115 2095 ηὔξανεν
3150 2024 3386 2097 ἡμέρας,
3420 2022 3517 2078 τοῦ
3553 2024 3650 2095 μὲν
3691 2025 3900 2093 πολιορ-

2340 2117 2457 2168 κεῖν
2500 2116 2793 2188 ἀπέσχετο,
2843 2116 3038 2189 χρόνου
3096 2134 3157 2170 τε
3203 2115 3451 2183 πλείονος
3509 2118 3604 2173 καὶ
3664 2117 3903 2188 μείζονος

2338 2207 2506 2277 ἄλλης
2534 2208 2567 2280 ἢ
2599 2211 2721 2264 κατ’
2774 2210 2992 2280 ἐκείνην
3024 2209 3188 2280 δῆθεν
3245 2199 3477 2281 νομίσας
3528 2211 3899 2282 παρασκευῆς.
3940 2238 3941 2245 ι

2337 2299 2554 2373 δῃώσας
2587 2299 2769 2356 δὲ”καὶ
2792 2300 3086 2373 ἀφανισμῷ
3109 2302 3177 2357 τά
3200 2302 3258 2357 ἐν
3293 2302 3423 2356 ποσὶ
3442 2302 3741 2374 παραδοὺς,
3763 2302 3902 2354 ἐκεῖ·

2296 2422 2299 2426 ι
2340 2390 2435 2444 θεν
2488 2392 2827 2463 ἀπήλαυνεν.
2890 2393 3019 2447 Ὅτε
3057 2392 3122 2463 δὴ
3166 2392 3387 2462 λέγεται
3419 2392 3494 2456 ὡς
3522 2395 3637 2458 τοῖς
3676 2392 3783 2463 πρὸ
3808 2392 3903 2460 τῆς

2337 2483 2549 2548 πόλεως
2584 2482 2807 2556 Περσῶν
2833 2485 3026 2555 τάφοις
3076 2484 3249 2539 πολλά
3290 2484 3387 2538 τοῦ
3433 2484 3747 2554 Ῥωμαϊκοῦ
3786 2486 3906 2535 ἐνυ.

2342 2577 2630 2648 ὁρίσαντος
2671 2577 2867 2633 ἐκθετά
2906 2595 2966 2631 τε
3002 2578 3113 2634 τῶν
3145 2579 3415 2649 σωμάτων
3448 2578 3523 2641 ὡς
3555 2576 3786 2631 πλεῖστα
3814 2594 3907 2628 πε-

2338 2670 2656 2739 ποιηκότος,
2695 2671 2722 2723 6
2751 2669 2808 2723 δέ
2834 2669 2944 2724 οὐδ’
2970 2670 3028 2723 ἐν
3058 2669 3413 2741 τηλικαύταις
3441 2670 3651 2740 καιρῶν
3682 2669 3909 2737 ὀξύτησι

2336 2759 2663 2830 καθυφεῖναι
2703 2760 2872 2814 θέλων
2905 2761 3002 2814 τοῦ
3037 2760 3491 2832 μεγαλοπρεποῦς
3517 2760 3614 2831 τῆς
3631 2760 3725 2814 τὸν
3750 2759 3906 2814 σουλ-

2335 2850 2435 2904 τάν
2478 2850 2809 2923 γειναμένης
2846 2853 3195 2907 παντάπασιν
3240 2852 3565 2925 ἀνύσριστον
3599 2850 3915 2922 τηρηθῆναι

2334 2941 2433 3011 τὴν
2489 2942 2639 2995 κόνιν
2693 2943 2933 3009 ἐκέλευε,
2986 2944 3185 3014 χρῆναι
3232 2946 3345 3008 τοῖς
3403 2943 3497 2997 καὶ
3542 2944 3682 3027 κατᾲ
3734 2942 3911 3013 βραχὺ

597 3077 603 3083 -
661 3050 772 3095 tum
821 3048 872 3090 te
921 3047 1291 3105 saepenumero
1334 3031 1705 3101 quassivimus,
1744 3030 1971 3082 necdum
2021 3025 2233 3082 inveni-

2342 3033 2716 3103 σωφρονοῦσιν
2764 3034 2931 3089 είπὼν
2966 3036 3237 3090 αἰδεῖσθαι
3287 3034 3488 3107 μᾶλλον
3538 3025 3917 3105 δυστυχοῦσαν

662 3145 800 3185 mus.
834 3125 996 3198 Fugis
1043 3124 1185 3179 enim
1236 3135 1470 3190 semper,
1506 3128 1666 3189 atque
1715 3120 1892 3175 instar
1931 3120 2134 3173 umbra:
2180 3125 2233 3172 te

2340 3122 2647 3193 εὐγένειαν,
2696 3126 2929 3197 γράμμα
2975 3143 3032 3179 τε
3060 3127 3303 3197 χαράξας
3335 3127 3394 3179 ού
3424 3127 3614 3198 πόρρω
3656 3124 3917 3195 θρύψεως

662 3330 786 3372 cum
843 3313 1065 3375 umbra,
1112 3313 1328 3365 domum
1389 3305 1565 3361 denu'o
1606 3296 1912 3373 repetimus
1945 3321 1959 3358 :
1989 3303 2236 3371 proximo

658 3415 840 3461 autem
863 3412 1000 3457 'vere
1028 3398 1217 3468 majori
1247 3412 1368 3452 cum
1408 3404 1670 3464 apparatu
1699 3394 1763 3448 ad
1802 3402 1853 3448 te
1880 3396 2233 3449 revertemur.

659 3494 1058 3551 Providendum
1090 3490 1188 3546 tibi
1227 3504 1294 3544 ne
1326 3497 1380 3544 et
1410 3497 1521 3541 tum
1549 3499 1766 3557 quoque
1798 3484 1978 3555 fugam
2008 3486 2235 3540 inertem

658 3598 1107 3661 quaquaversum.
1128 3594 1398 3651 capessas.
1440 3597 1459 3632 ι
2178 3574 2181 3575 ⁷

514 3202 520 3208 ’
569 3236 573 3240 ’
661 3223 815 3277 nobis
864 3215 1253 3274 Sttbducis.—Ne
1290 3215 1474 3284 itaque
1514 3212 1792 3267 videamur
1821 3210 2013 3267 bellum
2049 3223 2234 3280 gerere

2338 3212 2397 3267 δν
2435 3215 2588 3284 παρά
2632 3215 2731 3286 τὴν
2776 3215 2870 3270 τοῦ
2923 3217 3147 3269 σουλτάν
3188 3217 3401 3287 ἔπεμπε
3463 3217 3731 3288 γαμετήν.
3788 3211 3920 3284 Εἶχε

2335 3304 2393 3359 δὲ
2426 3302 2528 3362 ὧδε
2580 3305 2640 3359 τὸ
2672 3308 2905 3380 γράμμα
2931 3325 2944 3339 ·
2985 3322 3004 3361 t
3035 3309 3242 3362 Εἰδέναι
3286 3308 3591 3379 βουλόμεθά
3627 3326 3707 3372 σε,
3749 3309 3831 3368 ὠς
3861 3306 3923 3359 τὸ

2335 3395 2434 3465 τῆς
2484 3396 2760 3467 ἡμετέρας
2810 3396 3020 3451 παιδίον
3060 3396 3335 3469 βασιλείας
3380 3399 3408 3450 6
3454 3398 3686 3451 σουλτὰν
3714 3399 3790 3467 ζῇ
3824 3398 3923 3448 καὶ

2334 3485 2416 3539 ἔτι
2447 3486 2698 3558 περίεστι
2721 3488 2819 3551 τὰς
2851 3487 2946 3541 τοῦ
2968 3489 3213 3561 ,πολέμου
3236 3492 3426 3561 χεῖρας
3449 3488 3870 3559 διαπεφευγώς.
3902 3507 3919 3537 ι

2345 3577 2411 3630 Ἦ
2440 3578 2498 3631 δὲ
2522 3578 2770 3650 πρόϐατα
2810 3581 2938 3651 περί
2969 3598 3071 3633 που
3103 3581 3172 3634 τά
3200 3580 3439 3652 δισχίλια
3476 3583 3569 3635 καὶ
3590 3582 3729 3653 βοῶν
3770 3582 3941 3651 μέγα

658 3694 715 3733 τι
741 3676 932 3747 χρῆμα
963 3674 1058 3728 καὶ
1077 3671 1308 3725 πλείστα
1338 3669 1472 3723 ἄλλα
1498 3667 1611 3727 τῶν
1644 3667 1920 3733 ἐδωδῖμων
1958 3668 2017 3721 ἐν
2082 3670 2409 3738 παρασκευῇ
2479 3668 2579 3739 μέν
2640 3666 2784 3741 εἶχεν
2813 3672 2899 3741 ἐφ’
2933 3664 2977 3739 ᾧ
3045 3672 3268 3742 βασιλέα
3313 3669 3521 3736 τούτοις
3551 3672 3922 3740 δεξιώσαιτοο

660 3757 789 3825 ἐπει
808 3772 866 3825 δὲ
887 3767 1022 3837 πυρὶ
1046 3766 1141 3830 τὰς
1164 3764 1270 3836 πρὸ
1306 3763 1408 3833 τῆς
1440 3760 1649 3825 πόλεως
1674 3760 1983 3831 οἰκοδομὰς,
2018 3760 2273 3832 καθάπερ
2309 3761 2545 3835 εἴρηται,
2579 3764 2639 3818 τὸ
2681 3766 2987 3836 Ῥωμαϊκὸν
3010 3767 3251 3836 ἔφλεξεν,
3278 3768 3345 3841 [Ρ
3374 3767 3467 3840 26]
3495 3767 3675 3821 οὐκέτι
3704 3750 3941 3839 πέρατί

659 3866 751 3919 τὸν
784 3862 987 3916 σκοπὸν
1012 3856 1201 3912 ἔδωκε.
1236 3855 1345 3907 Καὶ
1362 3844 1543 3906 ταῦτα
1571 3851 1670 3923 μὲν
1704 3851 1885 3905 τοιάδε
1913 3852 2035 3905 τινὰ
2071 3848 2233 3923 ἦσαν.
2276 3853 2536 3918 Βασιλεὺς
2564 3856 2641 3919 δέ,
2678 3857 2865 3929 ἐπειδὴ
2892 3860 2989 3928 τῆς
3018 3859 3355 3930 ἀποπορείας
3394 3859 3617 3932 ἤρξατο,
3668 3846 3941 3931 γράμμα

662 3958 762 4014 καὶ
806 3953 970 4010 πάλιν
1006 3951 1103 4004 ἐπὶ
1150 3948 1246 4001 τὸν
1293 3943 1528 3998 σουλτὰν
1569 3943 1836 4017 ἐπεμψεν.
1879 3943 2095 4013 Ἐδήλου
2125 3944 2182 3998 δὲ
2246 3947 2279 4016 ἡ
2318 3947 2505 4016 γραφὴ
2562 3948 2721 4002 τάδε’
2761 3968 2780 4001 ι
2814 3951 2993 4005 Πολλά
3027 3969 3093 4016 ,σε
3135 3952 3399 4016 πολλάκις
3464 3951 3930 4024 ἀναζητήσαντες

659 4051 813 4105 οὔπω
836 4041 1107 4115 ἐτύχομεν
1148 4035 1670 4107 σοι.,Φεύγεις,γὰρ
1756 4036 1844 4089 ἀεὶ
1870 4036 1966 4087 καὶ
1995 4035 2247 4109 καθάπερ
2289 4038 2418 4091 σκιὰ
2481 4039 2860 4106 διολισθαίνεις
2886 4043 3067 4114 ἡμῶν.
3095 4043 3194 4097 Ἷν’
3239 4039 3333 4098 οὖν
3366 4044 3442 4117 μὴ
3490 4048 3584 4101 καὶ
3613 4048 3935 4120 δοκοίημεν

662 4141 1014 4213 σκιαμαχεῖν,
1069 4133 1147 4204 τῷ
1196 4132 1334 4197 τέως
1360 4132 1461 4204 μὲν
1490 4130 1699 4199 ἄπιμεν
1744 4127 2230 4192 παλινοστοῦντες·
2272 4128 2520 4200 ἐαροςδὲ
2557 4132 2655 4185 σὺν
2688 4132 2896 4202 μείζονι
2946 4138 3011 4205 τῇ
3046 4141 3369 4217 παρασκευῇ
3431 4139 3524 4192 ἐπὶ
3591 4140 3649 4194 σὲ
3674 4141 3941 4215 ἥξομεν.

660 4236 900 4305 Μελὴσει
926 4230 983 4284 δέ
1015 4245 1098 4282 σοι
1127 4224 1222 4279 τοῦ
1262 4225 1337 4295 μὴ
1364 4224 1459 4277 καὶ
1486 4222 1606 4275 τότε
1634 4220 1871 4287 ἀναξίως
1918 4218 2091 4283 οὕτως
2122 4220 2315 4273 ἐαυτοῦ
2348 4222 2604 4291 φεύγοντι
2627 4224 2871 4295 οἴχεσθαι
2901 4220 3099 4283 διόλου.
3135 4220 3155 4283 ι

729 4330 781 4383 7.
817 4324 943 4381 Haec
990 4322 1115 4387 ille;
1168 4319 1373 4373 interea
1420 4314 1702 4370 Persarum
1735 4327 1926 4384 magna
1969 4314 2071 4375 vis,
2106 4328 2227 4382 quae

2402 4312 2465 4378 ζ’.
2489 4314 2676 4369 Ἱῖαῦτα
2709 4318 2807 4385 μὲν
2838 4317 2930 4373 οῦν
2956 4320 3015 4372 ἐν
3042 4320 3251 4386 τούτοις
3279 4318 3418 4394 ἦσαν
3465 4328 3534 4378 τά
3574 4325 3935 4399 γράμματα’

659 4424 909 4491 regiones
954 4414 1093 4466 ultra
1146 4410 1384 4463 Iconium
1434 4407 1565 4460 sitas
1597 4403 1890 4469 incolebat,
1925 4404 2014 4459 ubi
2050 4404 2228 4472 impe-

666 4518 879 4567 raverat
908 4506 1205 4560 Tanisman
1258 4497 1370 4561 ille,
1408 4495 1666 4548 auxilium
1699 4504 1756 4547 ut
1788 4494 1951 4549 ferret
1985 4493 2228 4551 sultauus

661 4604 823 4667 tenit,
849 4599 1103 4667 illiusque
1131 4592 1299 4660 copiis
1321 4589 1654 4658 adiungitur.
1680 4586 1887 4652 Quibus
1910 4587 2001 4640 ille
2032 4588 2225 4653 elatus,

661 4712 764 4750 non
806 4694 1017 4762 fugere,
1050 4699 1108 4743 ιιι
1137 4685 1243 4757 47
1278 4692 1425 4743 ante,
1462 4682 1626 4734 voluit
1657 4699 1670 4734 :
1703 4681 1832 4749 quin
1874 4680 2051 4748 potius
2080 4681 2228 4734 ordi-

661 4794 787 4841 nato
818 4782 1034 4853 agmine
1062 4794 1182 4832 cum
1214 4776 1501 4837 Romanis,
1528 4774 1622 4842 qui
1658 4783 1768 4825 tum
1802 4772 1866 4824 ad
1902 4772 2076 4826 locum
2109 4787 2233 4840 per-

658 4881 944 4938 venerant,
967 4884 1126 4941 quem
1159 4867 1616 4920 Tzibrelitzeman
1654 4862 1940 4917 barbarico
1972 4862 2232 4916 vocabulo

663 4971 1005 5032 nuncupant,
1042 4960 1285 5031 praliutn
1322 4958 1559 5009 initurus
1597 4954 1941 5022 deproperat.
1981 4952 2073 5006 Est
2104 4966 2233 5005 vero

660 5060 706 5113 is
733 5038 835 5123 ,si
887 5055 1009 5125 quis
1058 5052 1232 5116 alios,
1288 5047 1518 5102 tliﬂicilis
1554 5062 1797 5111 accessu,
1839 5061 1938 5099 nec
1967 5045 2234 5113 explicato

661 5152 928 5205 duntaxat
958 5145 1181 5216 agmini,
1221 5141 1314 5197 scd
1351 5148 1405 5196 et
1444 5140 1630 5209 paucis
1658 5138 2056 5202 incedentibus,
2085 5155 2229 5209 aegre

662 5241 901 5312 pervius.
946 5239 1081 5293 Dum
1135 5243 1313 5291 castra
1367 5230 1708 5288 communire
1760 5240 1987 5299 occupat
2042 5232 2229 5296 miles,

662 5336 980 5403 imperator,
1038 5344 1196 5399 quem
1250 5327 1434 5383 acrius
1492 5326 1767 5396 pungebat
1824 5324 2002 5376 aetatis
2059 5323 2231 5391 vigor,

664 5424 862 5495 quique
896 5421 1057 5493 paulo
1089 5431 1214 5476 ante
1247 5421 1477 5475 duxerat
1526 5434 1746 5473 uxorem
1798 5434 1863 5472 ex
1918 5414 2233 5471 Latinorum

2337 4404 2563 4475 Περσῶν
2596 4405 2651 4457 δὲ
2694 4406 2745 4459 οἳ
2792 4409 3053 4464 ἀνωτάτω
3107 4412 3315 4479 πόλεως
3363 4414 3609 4486 ᾠκοῦντο
3654 4419 3942 4489 Ἰκονίου,

2336 4492 2465 4548 ἔνθα
2500 4498 2784 4569 Τανισμάν
2810 4494 2977 4570 ἦρχεν
3003 4500 3228 4567 ἐκεῖνος,
3249 4502 3506 4574 δυνάμεις
3538 4507 3611 4566 ὡς
3641 4508 3942 4575 πλείο-τας

2338 4588 2432 4641 ἐπὶ
2476 4591 2778 4661 ὁμαιχμίαν
2811 4593 2961 4663 παρά
3018 4594 3109 4646 τὸν
3144 4594 3376 4649 σουλτάν
3410 4598 3759 4669 ἀφικόμεναι
3804 4620 3942 4656 συν-ι

2337 4680 2527 4751 έμιξαν
2557 4682 2658 4759 ἤδη
2694 4683 2885 4753 τούτῳ,
2918 4680 3005 4748 αἷς
3059 4686 3313 4756 ἐπαρθεὶς
3344 4687 3533 4742 οὐκέτι
3578 4690 3831 4758 φεύγειν
3866 4696 3942 4757 ὡς

2334 4772 2394 4822 τὸ
2433 4771 2697 4841 πρότερον
2749 4772 2932 4842 ἠθελε,
2988 4775 3288 4845 ταξάμενος
3323 4777 3378 4830 δὲ
3433 4777 3740 4848 Ῥωμαίοις
3808 4780 3942 4852 περί

2333 4878 2456 4915 τινα
2478 4863 2657 4932 χῶρον
2676 4863 3179 4938 Τζιϐρηλιτζημανὶ
3200 4869 3550 4940 βαρϐαρικῶς
3572 4872 3942 4946 ὠωμασμέςλ

2334 4971 2425 5007 νον
2451 4955 2549 5025 ἢδη
2581 4957 2971 5028 γεγενημένοις
3009 4961 3296 5014 ἐπιθέσθαι
3328 4962 3618 5031 ἠπείγετο.
3648 4965 3846 5021 Ἐστι
3891 4969 3942 5023 δέ

2336 5047 2363 5099 6
2387 5047 2561 5117 χῶρος
2617 5048 2973 5119 δυσπρόσοδός
3005 5068 3064 5104 τε
3098 5053 3259 5125 εἴπερ
3290 5071 3373 5117 τις
3423 5056 3517 5107 καὶ
3545 5056 3805 5127 ἀνδράσι
3868 5044 3942 5133 μη

2337 5139 2417 5191 ὄτι
2445 5156 2507 5207 γε
2536 5142 3002 5210 συντεταγμένοις,
3033 5142 3146 5197 ἀλλ’
3184 5146 3306 5200 οὐδὲ
3360 5150 3774 5218 πορευομένοις
3817 5164 3942 5205 κατί

2327 5228 2541 5295 ὀλίγους
2586 5231 2787 5301 ῥᾳδίως
2815 5232 3135 5303 διεξίτητος.
3162 5235 3236 5287 Τὸ
3286 5236 3385 5307 μὲν
3440 5237 3533 5290 οὖν
3581 5238 3726 5292 ἄλλο
3794 5243 3942 5295 Ῥω‹

2337 5321 2515 5389 μαίων
2551 5322 2868 5393 στράτευμα
2893 5324 2993 5394 ἢδη
3035 5326 3180 5395 ἀμφὶ
3238 5325 3315 5398 τῷ
3374 5328 3576 5398 χάρακι
3616 5329 3942 5385 ἐπονεῖτοσ

2339 5413 2591 5482 βασιλεὺς
2616 5414 2760 5469 δὲτὸ
2802 5416 2901 5486 μὲν
2939 5419 3005 5489 τῇ
3046 5417 3230 5489 ἡλικίᾳ
3268 5420 3743 5491 τυραννούμενος,
3780 5425 3856 5477 τὺ
3896 5426 3942 5482 δέ

1952 5634 1953 5637 η
1992 5557 2087 5615 Du
2124 5551 2345 5634 Cangij
2380 5560 2563 5617 notae.

739 5684 850 5753 σεο)
886 5680 1337 5756 mammarum
1370 5677 1498 5735 Vide
1536 5688 1691 5733 notas
1753 5680 1819 5733 ad
1868 5654 2037 5733 Annae
2087 5695 2137 5750 ν.
2190 5678 2313 5734 ιδις.
