3968 6326
701 359 803 424 367

1963 346 2287 412 JOANNIS
2324 344 2653 409 CINNAMI
3818 338 3897 401 368
3944 396 3945 399 η

699 488 823 529 cuin
880 470 947 525 iis
996 466 1193 525 collato
1243 466 1376 539 pede
1425 463 1679 537 prmliari,
1726 462 1868 533 quod
1910 462 2037 533 ipse
2090 462 2267 516 adhuc

2373 460 2466 513 καὶ
2488 456 2789 527 ἑσφάδαξεν
2816 455 2902 510 ἐπ’
2925 455 3123 518 αὐτοὺς
3149 454 3289 509 ίέναι
3312 432 3330 487 ε
3352 452 3502 515 ὅπως
3526 450 3711 521 μέντοι
3734 449 3801 521 μὴ
3828 454 3898 506 ’ἁτε

699 565 929 619 distaret
967 560 1173 630 procul,
1208 559 1424 615 tandem
1466 558 1518 613 id
1556 555 2005 613 comminiscitur.
2038 553 2270 624 Pupacce

698 658 953 726 imperat,
994 664 1051 707 ut
1103 651 1283 709 Persis
1335 651 1622 705 accederet
1677 663 1840 719 quam
1894 647 2164 716 proxime,
2214 653 2267 701 et

698 748 862 805 simul
899 762 964 801 ae
991 747 1113 801 illos
1156 751 1409 800 cerneret
1439 742 1721 808 advenire,
1760 740 1938 809 fugam
1979 739 2263 808 arriperet,

698 854 800 899 nec
833 838 1141 901 desisteret,
1179 836 1353 891 donec
1408 833 1512 890 sibi
1558 833 1965 901 adiungeretur.
2014 829 2265 883 Mandata

700 932 792 988 ille
847 936 1159 994 exsecutus,
1213 926 1469 983 Barbaris
1523 922 1960 993 insequentibus,
2012 920 2266 992 paulatim

698 1022 889 1087 cessit,
950 1035 1058 1077 non
1117 1030 1297 1075 tamen
1349 1018 1421 1073 ita
1470 1017 1762 1071 maturavit
1818 1015 2022 1086 fugam,
2080 1023 2139 1067 ut
2186 1012 2265 1065 sui

696 1110 1000 1182 attingendi
1046 1122 1195 1181 spem
1231 1107 1545 1178 praeriperet
1589 1102 1872 1168 hostibus';
1915 1119 2036 1159 cum
2070 1116 2198 1155 vero
2231 1101 2268 1154 ii

698 1203 909 1259 fraudis
957 1201 1127 1256 nescii
1176 1201 1241 1253 ad
1290 1200 1666 1268 imperatorem
1694 1196 1998 1266 “usque
2041 1192 2271 1246 fuissent

699 1295 980 1363 pertracti,
1034 1292 1167 1346 nihil
1221 1291 1344 1345 inde
1400 1301 1574 1343 tamen
1619 1304 1683 1347 ex
1719 1288 1900 1340 animo
1945 1285 2033 1339 ille
2072 1299 2268 1338 conse-

696 1397 861 1440 cutus
900 1397 1003 1440 est.
1060 1382 1178 1452 Ipso
1227 1384 1421 1450 quippe
1472 1380 1872 1440 animadverso,
1914 1378 2097 1433 statim
2136 1376 2270 1445 fuga!

705 1494 768 1532 se
803 1480 1020 1531 dedere.
1077 1474 1197 1528 Mox
1234 1473 1470 1542 adjuncti
1519 1471 1909 1540 quinquaginta
1963 1470 2083 1521 aJiis
2140 1468 2268 1519 sub-

699 1571 1075 1637 sequentibus,
1131 1578 1360 1620 numero
1416 1563 1646 1622 confisi,
1710 1561 1993 1614 consilium
2050 1558 2269 1627 capiunt

694 1662 1025 1733 opperinndi
1062 1656 1425 1725 imperatoris.
1462 1655 1578 1717 llle,
1611 1652 1713 1708 etsi
1745 1652 1976 1707 comites
2014 1660 2070 1704 ut
2104 1650 2270 1719 pluri-

702 1770 850 1809 mum
904 1752 1118 1806 facinus
1154 1747 1525 1815 improbarent
1557 1759 1723 1813 seque
1770 1744 2035 1797 dictarent
2080 1741 2269 1810 procul

700 1854 939 1902 semotus
975 1844 1042 1897 ab
1079 1840 1350 1903 exercitu,
1382 1848 1559 1891 tamen
1598 1834 1741 1889 laxis
1773 1834 2021 1895 habenis,
2055 1847 2120 1887 ne
2148 1828 2269 1885 tan-

693 1938 874 1993 ‘tillum
928 1926 1149 2005 quidem
1188 1933 1488 1994 'rnoratus,
1553 1925 1880 1996 insequitur.
1941 1924 2268 1993 Aliquandiu

698 2029 923 2098 quidem
958 2026 1117 2082 etiam
1156 2024 1558 2079 sebastocrator
1593 2018 1692 2088 ipsi
1730 2016 1917 2072 aderat
1942 2024 1996 2070 et
2018 2031 2119 2093 una
2145 2030 2268 2070 cum

700 2137 769 2177 eo
817 2120 1086 2190 fugientes
1139 2117 1322 2170 hostes
1393 2118 1759 2182 equo“vectus
1788 2109 2131 2178 sequebatur.
2167 2104 2269 2161 Ubi

584 2255 588 2259 «
700 2225 833 2269 vero
868 2209 1096 2280 fatigato
1122 2206 1233 2277 jam
1263 2204 1405 2274 equo
1431 2217 1655 2272 pergere
1678 2201 1905 2255 ulterius
1935 2214 2045 2253 non
2071 2204 2268 2268 potest,

700 2303 1046 2374 despondens
1099 2298 1340 2353 animum
1393 2295 1674 2364 saluteque
1730 2289 2129 2362 quodammodo
2175 2289 2271 2344 de-

701 2402 942 2467 sperata,
980 2392 1205 2444 fratrem
1241 2385 1514 2450 obsecrat,
1555 2383 1849 2453 uxorisque
1879 2395 1941 2435 ac
1976 2380 2270 2435 liberorum

699 2498 887 2539 curam
942 2480 1140 2534 habeat
1194 2476 1461 2530 hortatur.
1495 2474 1566 2527 At
1595 2473 1683 2528 ille
1733 2485 2065 2528 succensens
2115 2467 2271 2523 fratri

699 2575 1147 2646 exprobransque
1187 2577 1382 2627 metum
1415 2584 1431 2620 :
1468 2583 1487 2617 ι
1518 2564 1747 2629 Frater,
1802 2562 2020 2631 inquit,
2054 2562 2273 2624 charis-

700 2666 864 2729 sime,
903 2678 1059 2718 mene
1085 2661 1212 2716 dum
1259 2665 1538 2729 superstes
1583 2656 1658 2710 sis
1691 2653 1998 2709 existimatu
2026 2653 2125 2707 sub
2163 2665 2274 2706 ma-

705 2760 867 2814 nibus
923 2766 976 2811 te
1023 2755 1260 2827 hosﬁum
1311 2748 1675 2805 relicturum?
1708 2746 1856 2813 noli,
1905 2759 2108 2814 quaeso,
2162 2751 2273 2797 tam

701 2850 926 2918 indigne
956 2846 1025 2901 de
1057 2861 1143 2901 me
1173 2852 1267 2898 aut
1296 2841 1524 2907 sentire,
1570 2848 1663 2895 aut
1690 2838 1859 2907 loqui.
1898 2854 1918 2889 ι
1969 2836 2107 2891 Τιιιιι
2135 2835 2223 2891 ille
2254 2851 2269 2891 :

707 2964 728 2997 ε
755 2942 912 2999 Hane
952 2939 1140 3010 igitur,
1166 2924 1263 3003 ait,
1320 2934 1492 2990 donec
1538 2940 1713 3006 tecum
1766 2928 2043 2984 Barbaros
2081 2935 2274 2999 aggre-

704 3036 845 3091 diar.
883 3050 903 3084 ι
937 3030 1240 3101 Imperator
1268 3034 1450 3080 autem
1482 3040 1496 3079 :
1532 3041 1551 3076 ι
1594 3021 1721 3079 Post
1755 3019 1947 3076 initum
1986 3019 2231 3091 praelium
2253 3056 2269 3082 ,

2372 551 2724 620 εὐζωνότεροι
2800 549 2954 611 ὄντες
3008 547 3310 618 ἀποδρᾶναι
3361 544 3637 614 δυνηθεῖεν
3698 544 3773 614 (οὗ
3819 546 3902 615 γὰρ

2370 638 2516 712 εῖχεν
2542 644 2605 695 ἐκ
2631 641 2725 695 τοῦ
2754 641 2939 710 σχεδὸν
2966 640 3147 695 αὐτῶν
3188 636 3640 692 καθιππάσασθαι
3670 637 3900 704 ἀπωτέρω

2371 737 2453 790 ἔτι
2478 734 2694 805 ἑστώς),
2739 735 2918 788 τοιάδε
2954 733 3076 787 τινὰ
3115 732 3337 787 ἐνενόει.
3400 729 3651 783 Ἐκέλευε
3678 728 3766 780 τὸν
3793 730 3903 779 Που-

2370 830 2555 897 πάκην
2580 828 2810 897 ἔγγιστα
2833 827 3012 880 αὐτῶν
3041 824 3324 893 γεγονότα,
3353 822 3569 874 ἐπειδὰν
3610 821 3905 890 προσιόντων

2369 921 2637 984 αἴσθοιτο,
2689 920 2912 987 φεύγειν
2952 918 3180 986 δυνάμει
3220 918 3284 985 τῇ
3327 914 3474 983 πάσῃ
3520 912 3624 972 ἓως
3680 911 3776 981 ἤδη
3806 909 3905 976 παρ’

2370 1012 2537 1067 αὐτὸν
2601 1013 2831 1082 γένοιτο.
2898 1012 2955 1063 '0
3013 1010 3112 1079 μὲν
3172 1003 3265 1061 οὖν
3323 1004 3463 1059 κατὰ
3521 1003 3582 1055 τὸ
3656 1001 3905 1054 κελευσθὲν

2374 1103 2574 1165 ἐποίει,
2612 1101 2734 1155 ἐπεί
2771 1119 2829 1154 τε
2857 1099 3147 1153 διώκεσθαι
3178 1098 3312 1168 πρὸς
3351 1097 3457 1149 τῶν
3501 1092 3796 1163 Βαρόἁρων
3829 1092 3907 1160 ἦρ-

2372 1195 2501 1261 ξατο
2552 1196 2672 1266 ἤδη,
2735 1195 2932 1262 ἔφευγε
2986 1191 3210 1245 λοιπόν*
3264 1192 3326 1242 οὐ
3361 1186 3546 1257 μέντοι
3599 1189 3909 1241 παντάπασιν

2371 1287 2661 1355 κατετάχει
2682 1285 2771 1340 τὸν
2800 1286 3020 1356 δρόμον,
3048 1284 3133 1337 ἀεὶ
3162 1283 3217 1336 δὲ
3247 1269 3438 1334 ἐλπίδα
3468 1279 3560 1331 τοῦ
3588 1277 3908 1347 καταληφθή-

2352 1377 2564 1431 σεσθαι
2597 1374 3258 1445 σφίσιν.ὲμπαρεχόμενσς
3290 1370 3480 1423 ἔλαθεν
3499 1370 3670 1431 οὕτως
3693 1362 3812 1439 ἄχρι
3835 1366 3913 1418 καὶ

2371 1469 2451 1530 είς
2490 1466 2714 1536 βασιλέα
2744 1466 2965 1521 τούτους
2996 1464 3481 1533 παρελκυσάμενος
3506 1480 3519 1492 ο
3549 1463 3611 1514 οὐ
3671 1462 3773 1531 μὴν
3812 1460 3921 1511 οὐδὲ.

2370 1559 2445 1621 ὡς
2478 1548 2737 1611 τοῦκατὰ
2795 1556 2995 1609 σκοπὸν
3014 1555 3283 1624 βασιλεὺς
3318 1554 3528 1622 ἔτυχεν.
3581 1552 3793 1620 Ἐπειδὴ
3826 1551 3913 1617 γὰρ

2372 1651 2535 1704 αὐτὸν
2549 1645 2691 1703 εἶδον
2716 1649 2960 1719 θᾶττονῆ
2980 1648 3134 1716 λόγος
3148 1647 3591 1719 κέξιππασάμενοι
3614 1644 3831 1715 ᾤχοντο·
3854 1644 3914 1702 ὡς

2371 1742 2429 1795 δὲ
2455 1743 2795 1811 πεντήκοντα
2815 1740 3021 1810 ἑτέροις
3049 1740 3275 1791 κατόπιν
3297 1738 3471 1791 αὐτῶν
3497 1736 3635 1789 ίοῦσι
3663 1734 3912 1802 συνῆλθον,

2369 1833 2448 1903 τῷ
2490 1831 2685 1903 πλήθει
2734 1830 3109 1902 θαρσήσαντες
3135 1829 3446 1897 ἐλογίζοντο
3476 1828 3574 1897 ἤδη
3606 1828 3677 1889 ὡς
3713 1827 3912 1878 ἐπιόντα

2369 1924 2557 1978 τοῦτον
2583 1923 3035 1993 ὑποστησόμενοι.
3073 1922 3129 1975 '0
3156 1922 3211 1975 δέ
3237 1923 3413 1973 καίτοι
3444 1918 3612 1973 πολλά
3648 1918 3757 1970 τῶν
3800 1915 3915 1985 ἀμφ’

2372 2014 2542 2068 αὑτὸν
2570 2015 2671 2068 οῦκ
2725 2014 3092 2068 ἐπαινούντων
3133 2014 3194 2065 τὸ
3235 2010 3543 2083 ἐγχείρημα
3586 2008 3781 2075 (πολλῷ
3827 2008 3917 2073 γὲρ

2375 2107 2615 2174 ἔφασκον
2646 2106 2747 2177 ἥδη
2789 2104 2991 2157 ἄποθεν
3034 2101 3131 2157 τοῦ
3163 2103 3563 2174 στρατεύματος
3614 2098 3804 2159 αὐτοὺς
3844 2112 3919 2160 γει

2377 2197 2688 2265 γενῆσθαι),
2722 2198 2864 2260 ὅλοις
2890 2196 3040 2267 ὅμως
3058 2195 3322 2265 ῥυτῆρσιν
3350 2186 3786 2247 ἐδίωκειΐούδένα
3813 2204 3919 2267 και-

2375 2288 2469 2357 ρὸν
2502 2264 2720 2348 ἀνιείς.
2764 2264 2944 2358 Μέχρι
2995 2264 3093 2355 μὲν
3130 2281 3222 2338 οὖν
3284 2301 3427 2346 τινος
3464 2280 3757 2351 συμπαρῆν
3792 2264 3921 2344 αὐτῷ

2374 2378 2467 2431 καὶ
2485 2380 2518 2431 δ
2545 2377 3008 2448 σεϐαστοκράτωρ
3037 2378 3133 2429 καὶ
3154 2373 3521 2439 συνιππάζετο
3548 2390 3562 2404 ο
3612 2373 3736 2425 ἐπεὶ
3766 2370 3819 2423 δὲ
3839 2366 3919 2420 τοῦ

2375 2470 2547 2523 ἵππου
2583 2470 2687 2540 ἤδη
2731 2467 2901 2521 αὑτοῦ
2959 2467 3305 2539 κεκμηκότος
3356 2466 3540 2520 οὐκέτι
3598 2463 3923 2534 προσώτερον

2373 2563 2574 2632 χωρεῖν
2616 2560 2866 2630 ⁴ἠδύνατο,
2928 2559 3090 2623 αὐτὸς
3136 2560 3235 2628 μὲν
3272 2557 3437 2612 αὑτοῦ
3495 2573 3597 2609 που
3644 2554 3922 2613 ἐλέλειπτο,

2373 2653 2471 2723 τήν
2502 2669 2561 2705 τε
2591 2652 2870 2722 σωτηρίαν
2912 2652 3012 2723 ήδη
3044 2650 3318 2718 ἀπογνοὺς
3365 2647 3536 2701 πολλά
3576 2648 3667 2699 τὸν
3715 2642 3923 2710 ἀδελφὺν

2375 2745 2677 2815 παρεκάλει
2706 2743 2966 2811 γυναικός
2993 2760 3053 2795 τε
3087 2740 3180 2795 καὶ
3209 2740 3414 2793 παίδων
3434 2739 3563 2808 περὶ
3586 2738 3693 2790 τῶν
3721 2736 3922 2790 ἑαυτοῦ.

2386 2835 2445 2891 ’0
2469 2836 2525 2889 δὲ
2549 2835 2701 2907 αὐτῷ
2730 2836 2831 2907 μὲν
2856 2835 3093 2905 ἐπετίμα
3133 2835 3228 2887 καὶ
3271 2831 3369 2903 τὴν
3397 2829 3690 2901 ὀλιγωρίαν
3732 2825 3924 2881 ὠνείδι-

2375 2929 2491 2993 ζεν,
2523 2924 2704 2995 «Εἶτα,
2728 2928 2922 2998 λέγων,
2941 2923 2987 2982 ὦ
3003 2926 3227 2997 φίλτατε
3251 2925 3467 2995 ἀδελφὲ,
3488 2921 3663 2989 ζῶντά
3691 2939 3760 2992 με
3790 2918 3928 2974 ὑπείο

2374 3019 2552 3090 ληφας
2579 3020 2684 3092 ὑπὸ
2708 3022 2830 3084 ταῖς
2857 3019 2967 3074 τῶν
2997 3018 3273 3089 πολεμίων
3308 3035 3367 3071 σε
3391 3015 3697 3070 λελοιπέναι
3741 3011 3891 3084 χερσί
3914 3026 3927 3075 ;

703 3125 902 3197 inquit,
936 3134 1101 3194 quam
1129 3118 1239 3175 cito
1275 3116 1422 3172 Deus
1461 3114 1674 3171 dederit
1702 3113 1769 3170 ad
1800 3122 1851 3169 te
1880 3109 2084 3168 redibo.
2114 3108 2270 3166 Nunc

2375 3114 2468 3182 Μὴ
2503 3111 2569 3166 σύ
2596 3128 2682 3181 γε’
2718 3111 2795 3184 μὴ
2819 3109 2994 3174 οὕτως
3013 3112 3246 3178 ἀναξίως
3277 3110 3472 3163 ἑαυτοῦ
3519 3108 3613 3162 καὶ
3641 3110 3825 3179 φρόνει
3845 3104 3931 3157 καὶ

704 3222 921 3292 quidem
974 3216 1079 3272 alia
1137 3213 1320 3271 animo
1370 3211 1754 3272 obversantur,
1802 3220 1868 3262 ac
1917 3202 2106 3260 nescio
2154 3213 2276 3271 quae

703 3310 955 3386 praeclari
987 3305 1290 3377 cuiuspiam
1329 3300 1523 3359 edendi
1568 3297 1827 3355 facinoris
1882 3307 1968 3351 me
2020 3300 2166 3350 tenet
2210 3292 2276 3347 ii—

708 3405 858 3463 bido.
890 3421 910 3455 ι
972 3398 1071 3456 llis
1127 3397 1353 3453 fratrem
1411 3392 1685 3449 allocutus
1740 3388 1903 3445 irruit
1958 3386 2011 3441 in
2057 3386 2270 3442 hostes.

599 3529 603 3532 ν
705 3501 885 3567 Atque
915 3494 1008 3551 ille
1045 3502 1157 3548 tum
1189 3503 1350 3545 casus
1380 3481 1695 3556 imperatori
1732 3479 1951 3537 obvenit
1982 3479 2115 3549 :qui
2143 3490 2288 3532 vero

693 3593 763 3649 in
808 3587 1046 3652 insidiis,
1082 3583 1162 3639 uti
1195 3577 1641 3639 memoravimus,
1678 3572 1837 3643 positi
1876 3580 2051 3636 erant,
2080 3582 2274 3636 quem-

700 3685 829 3739 dam
868 3697 900 3736 e
954 3675 1296 3748 magnatihns
1349 3670 1655 3727 Cotertzem
1711 3663 1929 3721 nomine
1983 3660 2272 3716 confestim

706 3758 928 3832 mittu’nt
962 3772 1068 3842 50
1098 3768 1190 3839 qui
1223 3763 1783 3835 sciscitaretur‘qucm
1818 3755 2019 3812 exitum
2056 3752 2272 3807 habuis-

705 3879 829 3924 sent
858 3866 924 3920 ab
959 3853 1285 3931 imperatore
1316 3862 1542 3909 tentata.
1570 3849 1773 3906 Verum
1809 3850 1950 3902 hunc
1980 3846 2272 3913 imperator

705 3962 773 4015 ad
809 3972 904 4013 eos
939 3968 1129 4009 rursus
1149 3935 1411 4011 imissum,
1463 3957 1625 4015 quam
1659 3942 1767 3996 cito
1808 3937 1971 4009 jussit
2012 3936 2271 3992 celerare.

704 4037 1129 4117 Prsetergressns
1169 4042 1262 4097 ille
1315 4037 1654 4107 adiacentem
1706 4032 1936 4097 collem,
1989 4028 2181 4083 incidit
2220 4028 2274 4083 in

705 4157 896 4214 agmen
945 4126 1223 4193 Persicum
1265 4131 1494 4188 militum
1543 4132 1981 4200 quingentorum,
2032 4122 2174 4193 quod
2242 4134 2273 4176 a

705 4247 855 4305 tergo
873 4232 1012 4287 haud
1044 4227 1229 4300 procul
1255 4241 1377 4281 cum
1408 4222 1663 4278 universa
1700 4217 1818 4275 acie
1844 4214 2275 4285 subsequebatur

696 4331 981 4385 sultauus.
1038 4322 1148 4378 llos
1203 4330 1260 4375 ut
1308 4318 1469 4383 vidit,
1524 4315 1731 4370 directa
1785 4310 1968 4367 statim
2009 4309 2164 4363 hasta
2217 4308 2273 4360 in

705 4422 895 4477 hostes
932 4416 1040 4470 ruit
1071 4414 1361 4482 pluresque
1395 4404 1612 4463 fortiter
1640 4402 1948 4460 dimicando
1981 4400 2035 4453 in
2073 4410 2270 4453 terram

702 4509 996 4582 prosternit
1080 4504 1314 4557 Tantum
1369 4500 1579 4555 facinus
1632 4496 1887 4551 admirati
1940 4491 2037 4557 illi,
2088 4488 2270 4545 nescio

706 4618 813 4673 quo
854 4611 1076 4667 stupore
1130 4592 1365 4666 perculsi
1424 4596 1571 4646 sunt.
1622 4588 1830 4643 Interea
1869 4585 1997 4640 dum
2034 4583 2145 4653 hazc
2176 4596 2272 4650 ge-

706 4704 923 4757 runtur,
970 4689 1079 4760 jam
1132 4700 1299 4755 prope
1356 4682 1829 4751 conspiciebantur
1866 4673 2273 4743 accitaejuSsu

705 4782 1050 4855 imperatoris
1078 4781 1469 4839 Romanorum,
1505 4788 1624 4843 quae
1654 4772 1950 4833 latuerant,
1983 4776 2045 4822 ut
2070 4768 2272 4821 dictum

706 4885 828 4941 est,
887 4874 940 4927 in
973 4856 1204 4937 insidiis,
1240 4866 1442 4936 copim,
1494 4877 1627 4933 quas
1678 4870 1961 4930 postquam
1991 4862 2274 4911 advertere

695 4964 885 5020 Persas
930 4942 1136 5031 partem
1185 4956 1455 5011 exercitus
1487 4950 1795 5022 imperatori
1832 4949 1887 5003 in
1935 4956 2143 5017 tergum
2171 4945 2273 4999 im-

707 5056 928 5108 mittunt
951 5063 1177 5119 eamque
1202 5058 1259 5101 ut
1282 5046 1636 5100 adventantes
1661 5039 1934 5100 Romanos
1961 5034 2274 5106 prohiberet

701 5146 913 5218 jube-.t.
942 5142 1059 5199 Jam
1088 5140 1233 5195 enim
1268 5138 1410 5192 intra
1448 5135 1581 5189 retia
1608 5132 1924 5188 conclusum
1956 5128 2108 5182 illum
2155 5137 2274 5180 esse

705 5217 1129 5293 arbitrabantur.
1160 5232 1293 5286 Dum
1326 5242 1452 5285 suas
1480 5227 1560 5283 sic
1591 5230 1921 5293 componunt
1962 5220 2131 5287 acies,
2167 5217 2273 5271 im-

703 5339 921 5403 perator
974 5325 1162 5383 defixae
1224 5324 1282 5377 in
1319 5331 1518 5377 terram
1571 5321 1737 5373 hastae
1785 5315 2027 5375 innixus,
2075 5311 2167 5365 dat
2216 5311 2271 5366 in

708 5420 977 5478 mandatis
1016 5418 1267 5487 Pupacat,
1300 5415 1392 5484 qui
1428 5422 1539 5467 tum
1577 5410 1677 5481 ipsi
1706 5409 1918 5470 aderat,
1955 5415 2012 5461 ut
2055 5413 2273 5460 curaret

708 5515 931 5579 sedulo,
996 5525 1063 5565 ne
1115 5511 1388 5565 Romanos
1446 5521 1477 5560 a
1528 5504 1775 5575 proximo
1830 5501 1970 5558 colle
2020 5506 2272 5553 arcerent

705 5604 882 5661 Persae
913 5622 929 5658 :
967 5602 1039 5657 ita
1074 5601 1273 5670 quippe
1302 5597 1440 5661 fore,
1476 5608 1535 5651 ut
1570 5594 1750 5650 omnis
1801 5593 1907 5648 sibi
1940 5590 2269 5646 interclude-

702 5704 854 5753 retur
880 5692 1077 5758 eiitns.
1113 5691 1220 5747 Sed
1244 5690 1397 5747 enim,
1417 5687 1663 5759 Pupaces
1693 5686 1979 5741 consilium
2009 5694 2270 5751 respuens

686 5788 1044 5862 imperatoris
1074 5803 1141 5845 ιι
1174 5783 1392 5855 Desine,
1414 5782 1609 5855 inquit,
1637 5781 1861 5850 desine;
1893 5792 2069 5835 nonne
2096 5776 2269 5844 vides,

2376 3176 2526 3273 λέίε.
2555 3223 2575 3257 ε
2608 3176 2817 3272 Τοῦνδς,
2846 3226 2866 3257 ε
2900 3204 3062 3259 Ἀλλά
3090 3176 3196 3259 κάν
3223 3206 3404 3275 μεῖνον
3434 3201 3566 3271 γοῦν
3593 3176 3695 3264 ὡς-
3716 3176 3945 3267 cnvenire-4

2376 3297 2477 3368 μαί
2499 3313 2581 3351 σοι
2610 3297 2709 3368 τὴν
2727 3298 2817 3350 ἐπὶ
2846 3300 2973 3361 τοὺς
2994 3296 3313 3369 Βαρϐάρους
3351 3294 3535 3360 ίόντι,›
3562 3290 3933 3364 προστιθέντος

2373 3393 2488 3457 τοῖς
2520 3388 2722 3457 λόγοις,
2752 3406 2773 3441 ε
2796 3389 2951 3443 Μετὰ
2972 3389 3068 3458 τὴν
3098 3387 3442 3459 συμπλοκὴν,
3473 3404 3493 3438 ι
3537 3386 3665 3455 ἔφη,
3702 3403 3723 3436 ε
3752 3384 3932 3437 θᾶττον

2372 3478 2443 3549 ἢν
2480 3477 2607 3553 διδῷ
2664 3477 2815 3555 Θεδς,
2847 3478 2942 3531 ἐπὶ
2981 3476 3039 3530 ab
3069 3477 3213 3547 ἥξω·
3245 3476 3320 3538 ὼς
3346 3474 3442 3529 νῦν
3479 3490 3544 3542 γε
3571 3475 3708 3545 πρὸς
3736 3473 3933 3541 ἑτέροις

2374 3569 2466 3624 τὸν
2494 3569 2620 3624 νοῦν
2648 3569 2899 3639 ἔχω,.καί
2932 3586 3000 3639 με
3036 3570 3069 3637 ἡ
3107 3569 3202 3622 τοῦ
3234 3565 3724 3639 ἀνδραγαθίζεσθαι
3754 3565 3934 3619 ἐπιθυ-

2378 3661 2477 3732 μία
2527 3661 2715 3724 δεινῶς
2778 3662 2867 3731 ἐφ’
2935 3662 3137 3730 ἑαυτὴν
3189 3660 3357 3716 ἐλκει.
3390 3679 3409 3712 ι
3462 3659 3627 3713 Ταῦτ’
3662 3658 3833 3712 είπὼν
3866 3655 3935 3723 τῷ

2375 3752 2589 3823 ἀδελφῷ
2625 3752 2720 3823 τὴν
2755 3753 2848 3805 ἐπὶ
2874 3753 2998 3814 τοὺς
3027 3754 3321 3822 πολεμίους
3342 3751 3592 3823 ἧλαυνεν.
3618 3750 3730 3803 Kal.
3750 3749 3818 3801 re
3846 3749 3934 3815 μὲν

2377 3818 2631 3897 κατὰντδν
2667 3818 2891 3913 βασιλέα
2912 3845 3038 3914 τῇδε
3068 3818 3324 3912 ἐφέροντο
3348 3818 3376 3871 ’⁷
3421 3841 3471 3895 οι
3502 3840 3659 3894 δ’ἐπὶ
3704 3839 3814 3892 τῶν
3854 3818 3945 3887 λόὲ

2378 3950 2510 4004 χων,
2540 3933 2792 4003 καθάπερ
2860 3933 3096 4003 εἴρηται,
3123 3931 3445 4002 τεταγμένοι
3496 3930 3739 3997 τῶννὲπὶ
3788 3927 3945 3997 δόξης,

2374 4025 2495 4079 τινὰ
2508 4022 2795 4094 ἐπίκλησιν
2809 4022 3116 4093 Κοτέρτζην
3133 4023 3237 4093 ὅπη
3265 4022 3393 4075 ποτὲ
3408 4020 3577 4089 τύχης
3601 4020 3728 4089 ἔσχε
3746 4016 3839 4091 [Ρ.
3852 4012 3936 4083 28]

2375 4114 2447 4168 τὰ
2491 4114 2633 4168 κατά
2650 4115 2742 4167 τὸν
2773 4114 3000 4185 βασιλέα
3028 4114 3224 4185 μαθεῖν
3256 4115 3457 4183 σπουδῇ
3491 4113 3767 4182 ἔπεμψαν.
3803 4108 3937 4164 Ἀλλ’

2375 4205 2541 4259 αὐτὸν
2593 4204 2693 4273 μὲν
2741 4202 2995 4275 βασιλεὺς
3052 4200 3210 4267 αὖθις
3269 4203 3357 4256 ἐπ’
3408 4203 3652 4266 ἐκείνους
3699 4199 3941 4266 επεμψεν

2375 4296 2534 4366 ἥκειν
2597 4295 2695 4367 τὴν
2741 4296 3004 4365 ταχίστην
3067 4294 3331 4357 κελεύσας
3364 4293 3581 4355 αὐτούς.
3638 4292 3694 4346 ’0
3732 4292 3793 4347 δὲ
3822 4292 3939 4361 ἄρτι

2379 4386 2567 4457 βουνόν
2622 4404 2746 4440 τινα
2801 4384 3211 4458 παρακείμενον
3258 4384 3483 4438 διελθὼν
3535 4384 3640 4451 ὅλῳ
3689 4382 3945 4453 Περσικῷ

2377 4478 2697 4549 ἐντυγχάνει
2744 4476 3116 4547 στρατεύματι
3172 4476 3229 4540 ἐς
3274 4474 3663 4536 πεντακοσίους
3703 4473 3945 4543 μάλιστα

2378 4569 2772 4640 ξυνισταμένφ,
2818 4559 2880 4621 οῦ
2934 4569 3163 4623 κατόπιν
3217 4567 3278 4621 οὐ
3339 4564 3519 4635 πολλῷ
3564 4564 3767 4619 ἄποθεν
3808 4581 3945 4617 πίτνω

2377 4663 2569 4734 στρατὶ
2600 4663 2630 4715 ὁ
2665 4660 2890 4714 σοελτάν
2937 4658 3232 4731 ἐπορεύετο
3276 4658 3430 4730 ’Δμα
3472 4675 3532 4712 τε
3570 4652 3664 4712 οῦν
3711 4651 3825 4709 εῐδε
3854 4654 3945 4706 καὶ

2375 4754 2490 4826 ἅμα
2528 4753 2589 4808 τὸ
2645 4754 2771 4824 δόρυ
2830 4751 3019 4815 ίθύνας
3058 4751 3178 4806 κατ’
3229 4750 3409 4805 αὐτῶν
3444 4749 3565 4803 ἵετο
3620 4745 3853 4805 πολλούς
3885 4758 3945 4793 τε

2373 4846 2663 4917 δορατίσας
2693 4846 2790 4910 είς,
2812 4845 2913 4921 γῆν
2936 4843 3177 4897 ἔϐαλλεν.
3209 4844 3271 4897 Ol
3298 4844 3354 4897 δέ
3384 4841 3573 4911 ὥσπερ
3593 4841 3671 4903 είς
3701 4836 3945 4908 ἀφασίαν

2375 4938 2825 5009 ἐμπεπτωκότες,
2861 4926 3168 5007 ἑστήκεσαν
3214 4935 3604 5006 ἀτρεμοῦντες.
3676 4932 3769 4984 Ἐν
3814 4923 3859 4997 ᾧ
3889 4927 3945 4979 δὲι

2372 5030 2547 5086 ταῦτα
2589 5028 2800 5099 ἐγίνετο
2830 5028 3118 5100 Ῥωμαίων
3150 5027 3425 5097 δυνάμεις
3450 5027 3504 5079 αἱ
3542 5023 3643 5085 τὰς
3692 5021 3945 5091 ἐνέδρας,

2374 5125 2625 5195 καθάπερ
2638 5123 2873 5195 εἴρηται,
2899 5118 3317 5192 συμπληροῦσαι
3332 5117 3496 5185 ἐγγὺς
3517 5112 3941 5183 παρεφάνησαν,

2374 5216 2639 5288 βασιλέως
2669 5213 3125 5283 αὐτὰς,καθάπερ
3156 5209 3396 5282 εἴρηται,
3415 5206 3946 5279 μεταπεμψαμένουτ

2372 5309 2401 5363 ὃ
2431 5310 2866 5382 συμβαλλόμενοι
2920 5307 3153 5375 Πέρσαι,
3182 5304 3373 5376 μέρος·
3408 5300 3813 5375 ἀποτεμόμενοι
3850 5298 3946 5365 τῆς

2374 5404 2655 5473 στρατιᾶς,
2689 5399 2831 5455 κατά
2886 5400 3058 5453 νώτου
3111 5398 3285 5467 τούτῳ
3336 5393 3628 5463 γεγονότας
3690 5390 3946 5445 ἐκέλευον

2371 5494 2625 5565 ἐμποδὼν
2670 5492 2961 5563 Ῥωμαίοις
2992 5487 3238 5544 ἐπιοῦσιν
3280 5484 3555 5563 ἵστασθαι.
3591 5485 3785 5556 ᾬοντο
3841 5486 3946 5552 γὰρ

2372 5588 2475 5660 ήδη
2496 5585 2717 5658 ἀρκύων
2748 5582 2897 5647 ἐντδς
2930 5583 3093 5637 αὑτὸν
3136 5578 3625 5652 περιποιησάμενοι
3672 5575 3849 5647 [χειν.
3888 5574 3946 5628 Oi

2378 5684 2475 5753 μὲν
2506 5677 2599 5734 οὖν
2628 5678 2771 5732 κατά
2798 5676 2971 5731 ταῦτα
3012 5675 3232 5728 ἐποίουν
3256 5692 3271 5706 ·
3298 5672 3328 5725 ὁ
3354 5670 3413 5727 δὲ
3442 5669 3609 5741 ὀρθίῳ
3640 5667 3719 5739 τῷ
3752 5668 3946 5737 δόρατι

2373 5772 2541 5828 κατὰ·
2576 5772 2678 5841 γῆς
2728 5768 3081 5840 ἐρεισάμενος
3132 5765 3341 5835 ἵστατο,
3386 5762 3480 5818 τόν
3529 5776 3591 5815 τε
3643 5760 3946 5829 Πουπάκην
