3968 6326
634 260 738 324 375

1911 265 2238 330 JOANNIS
2273 231 2602 332 CINNAMI
2665 319 2681 338 .o
3773 284 3861 349 376
3944 241 3945 334 ὲ

629 373 926 443 compellit.
954 374 1236 429 Protracta
1265 373 1479 446 longius
1509 375 1871 441 insceutione,
1915 377 2141 433 Romani
2176 392 2206 431 a

2311 383 2499 454 ἔλεγεν
2532 384 2668 441 εἶναι
2706 385 2906 457 χρεὼν,
2952 388 3148 452 simu;
3174 389 3302 454 τοὺς
3341 391 3636 463 πολεμίους
3660 393 3862 449 ἆπωσά-
3944 391 3945 430 Ῑ

631 483 782 538 tergo
829 469 1092 523 instantes
1140 467 1341 555 multos
1386 472 1658 537 occidunt,
1705 474 2063 542 quosdamet
2110 489 2205 529 ca-

629 561 781 631 piunt
827 562 998 625 vivos,
1055 576 1191 630 quos
1227 565 1367 618 inter
1396 561 1493 618 fuit
1535 562 1861 644 Pharcusas,
1903 565 2082 635 magni
2127 565 2209 620 vir

627 651 766 720 apud
802 651 999 707 Persas
1027 654 1286 722 nominis,
1328 655 1420 726 qui
1453 656 1814 727 discumbuntl
1857 659 2072 714 sultano
2113 673 2208 729 po-

626 744 811 798 culum
841 745 1169 816 porrigebaL
1206 747 1526 803 Pincernam
1558 750 1700 806 hunc
1727 750 1954 805 Romani
1989 761 2204 809 vocant.

629 834 759 890 Erat
788 848 967 890 autem
1002 836 1221 906 quidam
1257 839 1312 894 in
1343 837 1707 896 Barbarorum
1744 841 2007 905 exercitu,
2033 839 2142 912 'qut
2177 859 2205 896 a

629 925 892 987 Romanis
922 927 1205 997 oriundus,
1254 929 1394 998 apud
1441 928 1635 986 Persas
1668 947 1799 987 vero
1831 919 2112 1004 ‘euutritus
2153 942 2207 988 et

625 1023 926 1087 educatus,
983 1021 1124 1077 forte
1185 1023 1521 1094 provinciam
1581 1025 1870 1096 quamdam
1928 1027 2030 1081 sub
2092 1026 2208 1081 haac

628 1124 871 1183 tempora
917 1100 986 1170 ab
1045 1115 1178 1185 ipsis
1236 1119 1528 1186 regendam
1578 1127 1926 1187 susceperat,
1988 1119 2206 1175 nomine

622 1205 856 1290 Gabras.
898 1207 1052 1266 Hune
1093 1219 1448 1280 posteaquam
1493 1226 1554 1266 ea
1601 1210 1689 1266 die
1727 1211 2045 1267 occiderunt
2093 1211 2207 1278 Rm,

628 1297 799 1366 mani,
827 1309 1163 1370 amputatum
1196 1301 1337 1356 illius
1360 1309 1523 1373 caput
1550 1302 1603 1357 in
1641 1313 1820 1358 castra
1848 1318 2029 1361 secum
2063 1313 2208 1359 attu-

534 1379 548 1384 ’
625 1388 759 1444 lere.
819 1389 1144 1459 imperator,
1202 1392 1457 1460 quoniam
1515 1391 1683 1447 multa
1730 1392 1840 1463 jam
1893 1409 1999 1449 nox
2051 1404 2204 1458 erat,

625 1478 895 1550 fugientes
927 1498 1030 1537 non
1060 1483 1273 1551 longius
1302 1493 1644 1554 persecutus,
1673 1499 1797 1542 cum
1837 1479 2054 1556 tropaeis
2080 1486 2207 1542 inde

625 1576 918 1632 revertitur
952 1595 966 1632 :
1001 1575 1372 1647 Romanisque
1418 1579 1471 1633 in
1515 1593 1727 1634 summa
1770 1593 1953 1633 rerum
1988 1588 2206 1648 pertur-

626 1667 947 1737 bationeet
994 1670 1200 1740 absque
1250 1673 1358 1727 ullo
1407 1671 1603 1728 ordine
1649 1671 1884 1726 inventis
1937 1671 2203 1742 (necdum

625 1760 770 1814 enim
811 1759 1042 1820 sarcinis
1089 1755 1458 1832 iumentorum
1509 1763 1668 1818 dorsa
1707 1762 2032 1831 exuerant),
2083 1761 2205 1815 uni-

625 1863 784 1905 versa
819 1850 1104 1907 confestim
1139 1853 1812 1922 clrcumequitans-castra
1857 1852 2083 1924 singulis
2117 1868 2204 1906 or-

626 1941 844 1996 dinibus
875 1951 1238 2011 opportunum
1268 1943 1448 2014 locum
1480 1945 1745 2014 assignat.
1778 1943 1883 1999 Sed
1912 1959 2014 1998 non
2047 1942 2203 2012 pauci
2297 1952 2300 1958 '

628 2033 847 2090 interim
889 2029 930 2090 ὀ
978 2034 1239 2091 militibus
1287 2044 1499 2091 noctem
1556 2036 1609 2090 in
1655 2037 1811 2106 equis
1861 2045 2201 2106 transegere,

625 2125 772 2205 quod
805 2125 941 2181 adeo
971 2128 1263 2196 compressi
1302 2126 1640 2198 confertique
1683 2137 1906 2191 starent,
1927 2126 2034 2197 57
2055 2136 2110 2180 ut
2139 2126 2206 2180 ab

625 2217 694 2272 iis
725 2203 1021 2290 nequirent
1052 2218 1295 2276 desilire.
1331 2219 1423 2274 Sic
1459 2220 1622 2290 igitur
1653 2236 1757 2274 nox
1786 2219 1872 2273 illa
1909 2228 2203 2274 transacta.

624 2309 693 2365 At
721 2317 844 2366 orto
873 2309 985 2379 jam
1016 2311 1127 2367 sole
1159 2302 1452 2387 imperator
1486 2306 1628 2382 equo
1663 2313 1714 2366 in
1763 2313 1996 2366 medium
2043 2325 2203 2366 exer-

624 2403 793 2459 citum
819 2403 1088 2468 invectus,
1115 2413 1176 2458 ut
1195 2403 1368 2458 solent
1399 2403 1710 2458 militarium
1738 2404 1990 2458 ordinum
2014 2403 2201 2467 duces,

627 2493 680 2550 in
729 2494 876 2552 hunc
929 2495 1148 2550 modum
1196 2496 1358 2552 verba
1391 2495 1560 2551 fecit:
1595 2514 1613 2547 ι
1648 2494 1761 2549 Viri
1798 2496 2040 2562 strenui,
2097 2511 2202 2550 non

626 2587 767 2657 quod
804 2585 1153 2641 timiditatem
1184 2587 1344 2642 ullam
1374 2588 1428 2641 in
1452 2588 1646 2642 animis
1677 2588 1872 2662 vestris
1903 2588 1984 2643 vel
2015 2602 2205 2657 quam—

623 2678 771 2748 piam
805 2677 968 2734 aliam
1023 2678 1472 2748 deprehenderim
1511 2679 1802 2749 ignaviam,
1851 2679 1916 2734 ad
1949 2679 2202 2734 virtutem

624 2781 681 2829 et
712 2770 994 2828 audaciam
1030 2784 1128 2824 vos
1169 2770 1506 2825 excitaturus
1541 2773 1698 2826 venio
1735 2771 1909 2842 (absit
1952 2773 2095 2826 enim
2148 2780 2206 2826 ut

627 2866 922 2935 degeneres
954 2863 1062 2918 sint
1098 2863 1323 2918 Romani
1353 2873 1674 2933 partemque
1707 2881 1734 2918 a
1771 2862 2061 2931 majoribus
2090 2865 2205 2934 glo-

626 2957 765 3012 riam
795 2954 1129 3026 deturpent),
1166 2954 1258 3010 sed
1294 2964 1352 3008 ut
1385 2966 1701 3010 cOnsueuun
1736 2955 1963 3011 ducibus
1989 2971 2203 3011 servem

2314 477 2467 546 μενοι
2509 481 2632 533 κατ’
2677 479 2930 544 ἐξουσίαν
2981 497 3044 533 τε
3093 480 3186 536 τὸν
3224 481 3442 552 χάρακα
3493 484 3753 554 πήξονται
3782 489 3863 541 καὶ
3944 515 3945 518 η

2312 571 2684 642 σκηνώσουσιν
2709 574 2808 650 οὐκ
2829 575 2886 628 ὲν
2917 574 3087 652 στενῷ
3135 574 3312 646 χώρου
3347 578 3674 648 εἰρχθέντες.
3697 580 3863 633 Ταῦτα

2308 663 2503 732 λέγων,
2532 664 2720 734 ἐπειδὴ
2752 666 2826 736 μὴ
2850 666 2949 719 καὶ
2975 655 3192 730 πάντας
3211 669 3591 739 ἐνδεχομένους
3615 671 3702 725 τὸν
3726 672 3862 740 λόγον

2311 756 2478 828 ἑώρα,
2508 757 2883 829 Τξικανδύλην
2908 760 3006 829 μὲν
3039 761 3132 814 καὶ
3164 762 3494 832 Σινωπίτην,
3535 765 3668 834 πρὸς
3695 766 3750 818 δὲ
3781 765 3864 817 καὶ

2308 848 2626 922 Κριτδπλην
2649 853 2743 906 καὶ
2764 853 2871 907 τῶν
2906 854 3086 907 ἄλλων
3133 855 3364 918 πολλοὺς
3422 858 3744 932 στρατηγῶν
3799 861 3864 928 τῷ

2309 945 2660 1016 στρατοπέδῳ
2685 945 2900 1012 ὲφίστα,
2932 947 2962 999 ὁ
2989 946 3046 1000 δὲ
3068 947 3229 1011 αὐτὸς
3258 948 3356 1018 τὴν
3380 946 3670 1018 βασιλικὴν
3693 950 3865 1003 ἀνελό-

2311 1053 2471 1106 μενος
2498 1035 2743 1106 σημαίαν
2774 1036 2872 1089 σὺν
2898 1038 3010 1099 τοῖς
3041 1038 3180 1106 ἀμφ’
3211 1039 3374 1092 αὑτὸν
3421 1038 3526 1109 ὅλῳ
3558 1040 3756 1110 ῥυτῆρι
3787 1042 3865 1093 ἐπὶ

2306 1128 2433 1192 τοὺς
2465 1128 2740 1191 ἐναντίους
2759 1129 2976 1198 ἤλαυνε.
3030 1129 3403 1199 Καταπ).ήξας
3456 1147 3515 1183 τε
3581 1130 3659 1200 τῷ
3702 1130 3866 1201 ἀθρόῳ
3944 1167 3945 1170 η

2261 1282 2277 1297 κ
2307 1223 2406 1291 τῆς
2433 1220 2743 1284 ἐπελάσεως
2777 1223 2862 1284 είς
2893 1222 3074 1291 φυγὴν
3111 1221 3307 1290 βλέψαι
3358 1224 3663 1292 ἠνάγκασε.
3724 1224 3864 1290 Λαμ⁹

2309 1315 2456 1382 πρᾶς
2481 1314 2662 1366 τοίνυν
2697 1314 3128 1384 γενομένης-τῆς
3164 1313 3422 1378 διώξεως,
3469 1313 3703 1366 κατόπιν
3759 1313 3868 1366 ἐπι-

2249 1470 2254 1478 .
2311 1405 2574 1474 σπόμενοι
2614 1406 2879 1474 Ῥωμαῖοι
2911 1406 3142 1474 πολλοὺς
3176 1405 3446 1470 ἔκτειναν,
3478 1406 3634 1468 τινὰς
3680 1405 3735 1458 δὲ
3783 1404 3868 1457 καὶ

2309 1499 2584 1568 ζωγρείαν
2642 1495 2808 1565 εἷλον,
2864 1501 2920 1552 ὲν
2974 1481 3054 1562 οἷς
3102 1499 3195 1552 καὶ
3250 1501 3573 1567 Φαρκουσᾶς
3619 1494 3688 1570 ἦν
3746 1496 3869 1567 ἀνὴρ

2311 1591 2463 1664 παρὰ
2496 1591 2733 1662 Πέρσαις
2751 1592 3046 1662 ἐπιφανὴς,
3085 1591 3145 1654 ὃς
3171 1591 3480 1644 δειπνοῦντι
3535 1590 3614 1659 τῷ
3654 1589 3869 1643 σουλτὰν

2310 1686 2540 1740 ἐνετίθει
2570 1686 2630 1739 τὸ
2658 1685 2896 1754 ἔκπωμα
2928 1685 3055 1739 ταῖν
3078 1687 3264 1755 χεροῖν
3297 1701 3310 1713 ’
3351 1675 3660 1754 πιγκέρνην
3695 1682 3870 1736 τοῦτον

2327 1779 2585 1848 Ῥωμαῖοι
2640 1778 2924 1832 καλοῦσιν.
3006 1774 3113 1830 *Ην
3162 1777 3224 1830 δέ
3281 1794 3364 1840 τις
3395 1779 3453 1830 ὲν
3491 1781 3555 1846 τῇ
3582 1777 3871 1846 Βαρϐάρων

2315 1873 2546 1943 στρατιᾷ
2585 1873 2666 1932 είς
2716 1871 3024 1940 Ῥωμαίους
3053 1869 3154 1939 μὲν
3175 1869 3466 1938 ἀναφέρων
3511 1870 3572 1921 τὸ
3604 1869 3775 1936 γένος,
3823 1868 3874 1919 ὲν

2313 1967 2368 2020 δὲ
2401 1965 2636 2035 Πέρσαις
2660 1965 2762 2018 καὶ
2798 1964 3026 2032 τραφεὶς
3055 1962 3150 2015 καὶ
3179 1962 3438 2033 αὐξηθεὶς
3466 1961 3601 2032 τύχῃ
3640 1961 3746 2014 τινὶ
3784 1975 3871 2010 σει-

2312 2060 2580 2128 τραπείαν
2611 2057 2731 2111 κατ’
2761 2059 2938 2109 ἐκεῖνο
2989 2055 3185 2125 καιροῦ
3240 2055 3371 2124 παρ’
3424 2056 3613 2117 αὐτοῖς
3667 2054 3870 2106 διεῖπε·

2313 2152 2530 2223 Γαϐρᾶς
2553 2150 2702 2218 αὐτῷ
2727 2149 3015 2218 ἐπίκλησις
3042 2143 3129 2218 ἦν.
3157 2147 3362 2200 Τοῦτον
3387 2148 3574 2216 ἐπειδὴ
3604 2148 3730 2200 κατ’
3753 2145 3876 2197 ἐκεῖ·

2313 2254 2412 2306 νην
2441 2236 2540 2306 τὴν
2581 2235 2795 2304 ἡμέραν
2839 2231 3102 2301 Ῥωμαῖοι
3129 2232 3400 2296 ἔκτειναν,
3438 2231 3683 2300 κεφαλὴν
3729 2228 3875 2295 ἆγον-

2313 2342 2402 2390 τες
2422 2324 2519 2394 τὴν
2547 2322 2713 2376 αὑτοῦ
2746 2321 2896 2394 παρὰ
2928 2322 2988 2374 τὸ
3020 2322 3382 2392 στρατόπεδον
3412 2315 3596 2391 ἦλθον.
3627 2319 3878 2377 Βασιλεὺς

2312 2416 2368 2469 δὲ
2394 2416 2605 2488 (πόρρω
2626 2414 2734 2484 γὰρ
2751 2412 2851 2483 ἢδη
2871 2408 2937 2482 ἦν
2953 2411 3061 2464 τῶν
3078 2411 3312 2479 νυκτῶν)
3331 2409 3425 2463 καὶ
3458 2410 3536 2462 ἔτι
3554 2409 3648 2463 τοῦ
3670 2397 3878 2461 διώκειν

2313 2505 2688 2572 ἀποσχόμενος
2720 2501 2818 2554 σὺν
2848 2498 3131 2570 τροπαίοις
3157 2498 3366 2552 ἐκεῖθεν
3399 2499 3428 2552 ὑ
3447 2501 3769 2567 πέστρεφεν,
3829 2499 3879 2549 ἐν

2315 2596 2573 2668 συγχύσει
2596 2615 2653 2649 τε
2683 2596 2766 2648 ἔτι
2797 2596 2892 2648 καὶ
2926 2594 3126 2664 ἀταξίᾳ
3149 2593 3318 2664 πολλῇ
3370 2591 3678 2661 Ῥωμαίους
3711 2586 3880 2658 εὑρὼν

2313 2689 2488 2759 (οὔπω
2521 2671 2629 2758 γὰρ
2661 2687 2782 2740 οὐδὲ
2810 2684 2907 2739 τοῦ
2941 2685 3080 2738 κατὰ
3115 2685 3301 2739 νώτων
3335 2683 3534 2754 ἄχθους
3567 2681 3633 2735 τὰ
3695 2695 3878 2733 σκευο-

2313 2783 2454 2852 φόρα
2478 2780 2586 2834 τῶν
2615 2781 2770 2844 ζώων
2792 2777 3245 2848 ἀπηλλάττοντο),
3287 2777 3434 2830 ἅπαν
3487 2774 3546 2828 τὸ
3583 2771 3878 2842 στρατόπε-
3944 2821 3945 2828 η

2311 2874 2399 2927 δον
2424 2874 2632 2947 σπουδῃ
2665 2869 2972 2940 περιελθὼν
3042 2869 3153 2922 τῶν
3179 2868 3476 2937 ταγμάτοιν
3509 2867 3728 2934 ἑκάστῳ
3789 2863 3880 2929 τὴν

2315 2967 2701 3037 προσήκουσαν
2724 2951 2979 3031 ἐνείματο
3027 2957 3256 3030 χώραν,
3292 2957 3452 3011 Ἀλλὰ
3509 2955 3604 3008 καὶ
3643 2953 3720 3015 ὡς
3778 2951 3881 3003 τῶν
3943 2991 3945 3000 ι

594 3061 839 3102 ιιιιοι-ειη
893 3055 948 3101 et
992 3046 1276 3101 adversum
1320 3046 1499 3101 futura
1555 3048 1794 3117 pericula
1837 3063 1931 3104 vos
1980 3049 2200 3105 reddam

2315 3053 2666 3124 στρατιωτῶν
2705 3052 2803 3105 οὐκ
2833 3049 3049 3116 ὀλίγους
3106 3047 3384 3115 ὲφίππους
3433 3039 3884 3110 διανυκτερεῦσαι

623 3135 1052 3210 obfirmatiores.
1079 3135 1237 3201 Quod
1265 3137 1408 3190 enim
1436 3138 1728 3206 improviso
1754 3144 2067 3209 supervenit.
2095 3157 2202 3195 ma-

626 3230 738 3286 lum
771 3228 854 3283 vel
901 3228 1255 3283 fortissimam
1305 3237 1538 3284 mentem
1573 3231 1839 3298 interdum
1875 3239 2049 3299 potest
2088 3245 2210 3300 per-
2249 3271 2254 3278 .

629 3323 869 3378 turbare.
922 3323 1133 3378 Scitote
1183 3322 1370 3392 igitur,
1436 3323 1869 3387 commilitones,
1924 3323 2210 3377 imminere

633 3398 791 3470 nobis
825 3414 986 3469 hodie
1014 3413 1216 3468 bellum
1255 3421 1379 3466 ante
1416 3414 1552 3468 aclis
1581 3413 1793 3468 caeteris
1823 3415 1979 3482 longe
2012 3413 2206 3484 majus,

632 3508 869 3578 illudque
899 3491 1330 3577 postretnum'et
1373 3505 1619 3558 ultimum
1666 3505 1826 3559 veluti
1863 3519 1985 3560 esse
2030 3489 2210 3559 cet-ta'

629 3612 791 3663 men,
836 3598 979 3669 quod
1029 3613 1190 3663 quam
1252 3597 1456 3666 optime
1510 3595 1758 3666 apparari
1809 3596 2026 3659 det-eat,
2098 3603 2206 3648 tum

628 3701 852 3764 propter
878 3690 1058 3760 priora
1083 3704 1204 3758 qua:
1235 3688 1499 3742 hactenus
1528 3689 1791 3757 gessimus
1814 3687 1974 3751 bella,
2007 3696 2117 3740 tum
2145 3701 2210 3742 ne

631 3785 859 3841 vilescat
893 3791 970 3838 tot
1016 3781 1276 3851 praeclare
1315 3779 1472 3834 factis
1508 3779 1731 3849 probata
1785 3779 1956 3834 virtus
2002 3786 2208 3843 nostra,

631 3889 799 3951 utque
832 3878 988 3934 nobis
1021 3877 1152 3946 ipsis
1199 3875 1447 3943 ingentes
1495 3885 1749 3941 paremus
1803 3870 2090 3925 utilitates.
2140 3867 2211 3924 Ut

629 3973 774 4031 enim
801 3971 1037 4041 priorem
1064 3966 1432 4020 infelicitatem
1459 3963 1790 4041 auspicatior
1814 3961 2004 4018 deinde
2027 3974 2211 4016 emen-

631 4068 722 4120 dat
756 4062 995 4125 fortuna,
1026 4060 1098 4114 ita
1127 4059 1362 4128 priorem
1395 4057 1700 4112 felicitatem
1729 4053 1995 4111 subvertit
2025 4053 2213 4108 subse-

629 4169 757 4214 cuta
808 4154 1113 4212 calamitas:
1167 4151 1340 4222 igitur
1399 4165 1465 4204 ne
1523 4148 1826 4219 huiusmodi
1868 4148 1996 4218 quid
2054 4145 2212 4201 nobis

631 4250 869 4316 eveniat,
919 4247 1019 4302 viri
1056 4243 1487 4315 praestantissimi
1510 4282 1526 4308 ,
1563 4243 1858 4297 curandum
1893 4243 1946 4295 in
1997 4239 2209 4312 primis,

615 4352 692 4398 ut
721 4357 850 4398 suos
883 4340 1114 4409 quisque
1143 4337 1363 4392 ordines
1398 4345 1598 4400 teneat,
1634 4335 1847 4404 sibique
1893 4334 2115 4388 inducat
2157 4333 2207 4386 in

2315 3143 2576 3208 ξυνέπεσε
2612 3142 2688 3210 τῷ
2713 3137 3109 3210 ὑπερϐάλλοντι
3134 3136 3234 3206 τῆς
3265 3132 3599 3194 πυκνώσεως
3630 3131 3738 3183 οὐδ’
3767 3131 3884 3182 ὅσον

2311 3234 2584 3302 ἀποϐῆναι
2639 3232 2750 3285 τῶν
2787 3230 2970 3284 ἵππων
3029 3228 3376 3298 ἰσχύσαντας.
3458 3223 3569 3294 Τὴν
3630 3223 3730 3292 μὲν
3796 3215 3886 3273 οὖν

2311 3323 2482 3376 νύκτα
2519 3320 2582 3393 [Ρ
2609 3321 2700 3393 52]
2750 3321 2965 3389 ἐκείνην
2999 3317 3178 3379 οὕτως
3223 3313 3535 3388 ηὐλίσαντο.
3603 3314 3784 3366 Ἡλίου
3831 3312 3885 3362 δὲ

2311 3415 2437 3486 ἄρτι
2464 3412 2600 3482 πρὸς
2647 3413 2707 3466 τὸ
2747 3412 2845 3482 τῆς
2879 3413 2985 3481 γῆς
3049 3410 3422 3478 ὲπανάγοντος
3465 3395 3785 3476 πρόσωπον,
3833 3403 3886 3463 ἐς

2315 3509 2489 3578 μέσην
2528 3506 2767 3575 ἔφιππος
2807 3502 3097 3574 παρελθὼν
3143 3501 3242 3571 τὴν
3305 3499 3588 3571 στρατιὰν,
3635 3497 3710 3560 ώς
3770 3497 3888 3557 ἔθος

2312 3596 2564 3665 ἐστὶνοῖς
2612 3597 3023 3668 στρατιωτικῶν
3049 3596 3304 3666 ἡγεῖσθαι
3337 3594 3633 3670 ταγμάτων
3655 3587 3887 3657 συμϐαί-

2312 3713 2416 3760 νει,
2436 3689 2592 3760 ’ἔλεξε
2622 3693 2801 3749 τοιάδε
2822 3710 2836 3725 ο
2873 3711 2892 3744 ι
2918 3691 3144 3763 ’Ἄνδρες
3180 3691 3442 3759 γενναῖοι,
3470 3690 3568 3758 οὐχ
3584 3689 3658 3748 ὼς
3688 3685 3888 3738 δειλίαν

2313 3788 2467 3856 ὑμῶν
2506 3786 2808 3854 καταγνοὺς
2829 3786 2864 3857 ἢ
2895 3802 3015 3838 τινα
3046 3783 3349 3854 μα).ακείαν
3375 3780 3541 3848 ἄλλην
3565 3779 3659 3832 ἐπὶ
3689 3777 3888 3847 Θάρσος

2313 3879 2434 3948 ἥκω
2464 3876 2854 3948 παρακελεύων
2895 3876 3071 3946 ὑμᾶς’
3109 3875 3190 3953 μὴ.
3219 3873 3391 3934 οὕτως
3434 3871 3744 3940 Ῥωμαίους
3797 3867 3886 3935 γέ-

2314 3988 2460 4024 νοιτο
2493 3971 2644 4040 σχεῖν
2671 3970 2937 4036 ἀγεννῶς,
2967 3967 3092 4039 μηδ’
3154 3966 3299 4020 οὕτω
3353 3965 3584 4034 πάτριον
3638 3961 3891 4032 αἰσχῦναι

2313 4064 2474 4128 δόξαν
2494 4078 2508 4094 ⁶
2541 4063 2679 4116 ἀλλὰ
2713 4063 2876 4132 νόμον
2903 4078 2962 4114 τε
3006 4060 3198 4115 τοῦτον
3251 4057 3619 4129 στρατηγικὸν
3681 4055 3890 4122 ἐκπλη-

2318 4155 2452 4225 ρῶν,
2514 4155 2652 4225 πρὸς
2715 4153 2776 4208 τὸ
2844 4151 3035 4224 μέλλον
3097 4151 3156 4206 δὲ
3203 4149 3649 4220 ἀσφαλεστέρους
3681 4147 3892 4215 ἐνάγων

2316 4247 2484 4314 ὑμᾶς.
2530 4231 2898 4317 ’Δπροόρατον
2925 4244 3036 4314 γὰρ
3060 4241 3429 4314 ἐπερχόμενον
3459 4241 3519 4293 τὸ
3573 4239 3752 4294 δεινὸν
3804 4239 3895 4290 καὶ

2315 4337 2570 4407 γενναίαν
2599 4337 2744 4399 ἐστιν
2762 4339 2850 4391 ὅτε
2874 4329 3204 4406 ξυνετάραξε
3229 4331 3478 4403 γνώμην.
3511 4331 3656 4385 Ἰστε
3689 4329 3892 4394 τοίνυν,

633 4436 897 4500 animum,
929 4430 973 4486 si
1006 4429 1081 4486 illi
1111 4437 1398 4484 serventur
1428 4430 1596 4497 probe
1636 4441 1734 4481 nec
1765 4442 1791 4479 a
1835 4425 1989 4482 nobis
2016 4423 2207 4480 dissol—

2317 4427 2362 4486 ὦ
2404 4429 2828 4499 συστρατιῶται,
2866 4428 3104 4498 πόλεμον
3133 4427 3264 4497 ἡμῖν
3296 4424 3634 4495 ἀπαντήσειν
3664 4423 3770 4493 τὴν
3801 4423 3899 4487 σή-

633 4537 829 4582 vautur
857 4527 1099 4592 omnino,
1134 4523 1178 4578 sl
1232 4521 1470 4591 denique
1516 4533 1738 4592 Operam
1789 4520 2020 4589 quisque
2055 4533 2210 4574 suam

629 4622 894 4690 iunxerit,
939 4627 1143 4674 certam
1183 4631 1281 4670 nos
1328 4616 1622 4684 adepturus
1675 4613 1958 4669 victoriam
1993 4621 2049 4668 et
2093 4626 2214 4681 quae

639 4714 1032 4768 transmittetur
1059 4710 1170 4780 58
1192 4708 1256 4762 ad
1283 4717 1530 4777 posteros
1551 4704 1775 4775 gloriam
1797 4713 2210 4760 consecuturos.

631 4805 837 4861 Contra
892 4803 937 4858 si
991 4803 1071 4858 vel
1123 4800 1404 4856 minimum
1463 4798 1686 4852 ordines
1736 4797 1872 4851 solvi
1924 4796 2214 4864 contigerit

636 4911 844 4966 nosque
875 4895 941 4948 ad
979 4895 1207 4949 invicem
1244 4890 1509 4964 disjungi,
1550 4907 1646 4961 pro
1693 4900 1846 4946 certo
1888 4889 2083 4944 habete
2117 4905 2214 4944 nos

639 4991 799 5048 facile
832 4991 884 5043 in
915 4987 1152 5043 hostium
1186 4997 1441 5048 venturos
1465 4994 1808 5055 potestatem.
1848 4984 2214 5051 Quemadmo-

633 5086 758 5139 dum
788 5083 935 5137 enim
971 5078 1191 5132 effracta
1224 5080 1460 5133 obsessa:
1506 5077 1959 5134 eivitatislatera
2007 5076 2210 5128 aditum

635 5168 1078 5242 cxpugnantibus
1125 5160 1342 5224 facilem
1373 5168 1632 5234 praebent,
1668 5168 1738 5221 ita
1767 5182 1826 5221 se
1857 5180 1943 5220 res
1971 5166 2129 5219 habet
2159 5165 2211 5219 in

634 5265 831 5319 castris
860 5272 913 5317 et
942 5262 992 5316 in
1027 5260 1299 5328 explicato
1327 5261 1590 5315 exercitu.
1641 5259 1824 5330 Neque
1863 5273 2024 5328 porro
2051 5258 2213 5312 aliam

635 5357 705 5411 ob
745 5370 963 5409 causam
1003 5335 1166 5424 prisci
1200 5353 1366 5406 duces
1407 5352 1662 5406 invenere
1693 5353 1936 5418 insidias,
1967 5353 2100 5406 aciei
2133 5352 2215 5405 iu-

639 5449 1016 5512 strurtionem,
1052 5447 1283 5514 primam
1319 5443 1400 5499 vel
1435 5455 1762 5514 postremam
1798 5446 1992 5511 aciem,
2023 5446 2214 5499 dextra

638 5547 732 5594 aut
780 5539 999 5592 sinistra
1047 5554 1270 5603 cornua,
1318 5538 1554 5606 a‘qualt-s
1589 5536 1836 5590 ordinum
1874 5540 2068 5601 series,
2108 5538 2215 5590 for—

640 5648 892 5700 mantque
941 5632 1274 5700 explicanda:
1327 5632 1483 5686 aciei.
1539 5629 1630 5682 Est
1666 5631 1805 5685 enim
1856 5631 2024 5684 instar
2067 5632 2216 5686 urbis

647 5727 923 5784 exercitus
972 5745 985 5780 ;
1033 5729 1114 5782 cui
1143 5738 1193 5782 et
1224 5725 1391 5796 portis
1435 5739 1571 5797 Opus
1603 5733 1657 5798 et
1701 5723 1939 5803 turribus
1988 5733 2040 5780 et
2079 5724 2214 5782 late-

2320 4535 2486 4592 μερον
2532 4518 2626 4571 τὸν
2695 4516 2866 4589 μείζω
2915 4532 2972 4569 τε
3006 4515 3116 4568 τῶν
3156 4509 3540 4584 προλαϐόντων
3567 4513 3664 4566 καὶ
3706 4509 3897 4578 ῶσπερ

2316 4613 2606 4681 ἀγώνισμα
2671 4610 2989 4662 τελευιταϊον
3033 4607 3098 4678 δὴ
3151 4605 3314 4660 τοῦτο
3343 4603 3438 4658 καὶ
3494 4603 3729 4674 ἔσχατον
3759 4619 3776 4634 ·
3807 4604 3898 4654 καὶ

2317 4705 2424 4776 χρὴ
2449 4693 2900 4775 παρεσκευάσθαι
2932 4700 3114 4762 καλῶς
3149 4701 3260 4752 τῶν
3301 4715 3362 4751 τε
3414 4695 3702 4767 προτέρων
3768 4695 3898 4763 ἡμῖν

2318 4798 2545 4866 ἀγώνων
2575 4796 2738 4850 ἕνεκα
2768 4795 2861 4847 καὶ
2885 4795 2960 4857 ὡς
2985 4792 3050 4847 ἂν
3076 4793 3151 4862 μὴ
3180 4793 3274 4847 καὶ
3300 4789 3402 4859 τὴν
3457 4789 3754 4857 φθάσασαν
3801 4786 3898 4857 ἤδη

2316 4890 2426 4943 τῶν
2449 4889 2626 4959 ἔργων
2657 4886 2972 4954 ὲλέγξωμεν
2996 4884 3222 4954 ἀρετὴν,
3254 4881 3350 4935 καὶ
3400 4881 3588 4942 αὐτοῖς
3643 4877 3701 4930 δὲ
3769 4876 3898 4949 ἡμῖν

2316 4983 2464 5044 ὅπως
2492 4981 2744 5051 μεγάλων
2767 4979 2893 5048 ἄρτι
2923 4978 3093 5030 αἴτιοι
3140 4973 3378 5044 ἐσόμεθα
3413 4971 3742 5043 συμφορῶν.
3814 4969 3898 5030 Ὠς

2316 5077 2426 5146 γὰρ
2459 5073 2840 5145 προλαϐοῦσαν
2871 5071 3160 5140 δυστυχίαν
3196 5068 3507 5122 τελευταῖον
3553 5061 3898 5134 ἐπανορθοῦν

2319 5145 2604 5238 εὐτύχημα
2664 5168 2933 5236 πέφυκεν,
2993 5164 3170 5224 οὕτως
3197 5161 3459 5232 ἀτύχημα
3513 5145 3748 5229 ὕστερον
3801 5155 3899 5224 τὴν

2319 5261 2420 5330 ἤδη
2448 5259 2752 5329 διέφθειρεν
2775 5255 3097 5326 εύκληρίαν.
3144 5252 3284 5308 Ἀλλ’
3313 5253 3463 5314 ὅπως
3496 5249 3572 5320 μὴ
3606 5249 3705 5303 καὶ
3765 5248 3899 5318 ἡμῖν

2318 5353 2502 5414 αὐτοῖς
2563 5347 2885 5420 τηλικοῦτόν
2925 5366 3001 5414 τι,
3049 5341 3094 5400 ὧ
3124 5346 3339 5414 λῷστοι,
3401 5343 3615 5412 γένοιτο
3679 5339 3902 5412 ξυμπε-
3944 5351 3945 5382 1

2321 5448 2456 5506 σεῖν,
2491 5442 2759 5511 τηρητέον
2789 5442 2864 5504 ώς
2892 5441 2971 5494 ένι
3008 5439 3242 5509 μάλιστα
3286 5436 3388 5508 τὴν
3436 5434 3595 5500 τάξιν
3645 5433 3898 5502 ἑκάστῳ,

2320 5539 2497 5589 ἐκεῖνο
2533 5535 2712 5598 καλῶς
2745 5536 2941 5588 εἰδόσιν
2983 5535 3056 5596 ὡς
3093 5535 3141 5586 εἰ
3197 5533 3294 5602 μὲν
3355 5531 3423 5584 τὰ
3468 5531 3568 5599 τῆς
3627 5533 3902 5596 τακτικῆς

2317 5630 2645 5698 ἁπαρὰλυτα
2675 5629 3028 5682 παντάπασιν
3062 5629 3195 5698 ἡμῖν
3217 5627 3428 5695 γένοιτο
3456 5624 3689 5689 ἕκαστός
3748 5643 3811 5678 τε
3845 5626 3901 5676 τὸ

2320 5723 2514 5780 ἑαυτοῦ
2567 5724 2680 5788 τοῖς
2739 5723 2920 5785 ἄλλοις
2983 5722 3386 5794 ξυνεισενέγκῃ,
3454 5721 3612 5792 νικᾷν
3652 5739 3711 5774 τε
3771 5721 3900 5791 ἡμῖν
