3968 6326
648 322 752 386 379

1922 324 2050 384 JOA
2064 323 2248 391 NNlS
2281 322 2609 385 CINNAMI

3730 108 3889 137 -ττ-“
3908 114 3909 119 ‘

3799 326 3897 389 380

645 441 829 499 erant,
865 432 1023 489 avido
1054 448 1148 491 ore
1178 434 1374 514 herbas
1409 432 1852 504 depascentibus.
1882 433 2003 489 Mox
2042 434 2222 490 Persa:

2342 435 2463 497 ταῖς
2492 437 2721 505 σκηναῖς
2770 436 2946 505 ἀνέτῳ
2995 437 3223 509 στόματι
3261 439 3327 507 τῇ
3368 438 3475 508 πόᾳ
3520 437 3897 507 ἐγχάσκοντας.

645 544 770 583 esse
810 529 903 596 qui
964 531 1219 583 adessent
1273 530 1526 598 agnovit,
1581 530 1970 599 nominataque
2022 529 2222 583 illorun

2343 526 2486 589 Τοὺς
2510 543 2570 579 τε
2597 521 2691 579 οὖν
2722 526 2940 597 Πέρσας
2968 529 3166 591 οἵτινες
3192 524 3301 581 εἷεν
3343 529 3540 583 αὐτίκα
3582 528 3814 582 συνεῖδεν
3844 531 3899 582 ἐκ

558 684 559 687 η
649 625 791 678 tribu
821 623 930 693 ϐο
963 622 1166 676 Raman
1195 623 1485 691 quemdam
1530 622 1664 691 ipsis
1708 638 1961 693 praeesse,
1996 625 2240 694 adeoque

646 721 946 774 secundum
994 733 1198 773 morem
1247 719 1507 776 ﬁnitimos
1554 719 1828 773 Romanos
1857 717 2237 788 depopulatum

643 804 882 864 veniss’e.
914 807 1214 862 Confestim
1251 810 1436 878 itaque
1460 808 1726 862 delectam
1758 806 2079 862 bellatorum
2113 824 2237 879 par-

645 910 753 956 tem
787 904 853 956 ad
901 916 993 955 eos
1035 900 1383 957 insectandos
1424 900 1698 971 proﬁcisci
1728 886 1883 968 jubet
1911 918 1925 955 :
1956 900 2069 969 ipse
2104 915 2235 956 vero

642 1008 765 1048 cum
801 994 988 1063 paucis
1032 992 1208 1047 locum
1245 993 1527 1047 editiorem
1572 992 1913 1057 conscendit,
1949 1008 2069 1063 quae
2101 1007 2231 1064 age-

646 1094 834 1141 rentur
859 1088 1264 1156 exploraturus.
1298 1085 1501 1141 Contra
1526 1086 1704 1142 Perste
1728 1086 1969 1142 collectis
1998 1086 2231 1144 sarcinis

641 1178 870 1232 reditum
921 1179 1203 1247 parabant.
1264 1178 1371 1232 Sed
1418 1188 1477 1231 nt
1523 1193 1584 1233 se
1625 1192 1655 1231 a
1714 1168 1974 1232 Romanis
2000 1178 2230 1247 jamjam

640 1270 1052 1339 comprehendi,
1090 1270 1322 1337 illosque
1349 1268 1603 1326 effusiore
1651 1270 1853 1339 impetu
1897 1285 2230 1339 conspexere

640 1361 694 1414 in
720 1376 779 1417 se
811 1360 963 1426 ferri,
992 1359 1225 1416 obversa
1257 1361 1436 1416 fronte
1467 1362 1735 1418 restitere.
1765 1362 1832 1416 At
1861 1361 2120 1417 Romanis
2148 1363 2231 1417 in-

640 1453 931 1520 stantibus,
962 1453 1153 1523 pedem
1188 1467 1406 1508 rursum
1433 1451 1695 1518 referunt,
1728 1467 1834 1521 quo
1863 1456 2063 1521 saepius
2084 1455 2231 1524 ejus-

641 1546 786 1600 modi
843 1546 1075 1615 repetito
1122 1545 1249 1601 dolo
1294 1545 1503 1617 fatigati
1552 1547 1857 1615 complures
1894 1560 1923 1601 e
1968 1544 2228 1605 Romanis

640 1636 977 1704 despondere
1021 1637 1258 1691 animum
1302 1638 1648 1717 reditumque
1692 1638 2022 1708 cogitarunt.
2071 1638 2224 1706 Quod

640 1727 729 1780 ubi
764 1727 1059 1797 imperator
1084 1728 1467 1783 animadvertit
1495 1730 1582 1799 (ex
1619 1729 1731 1781 alto
1759 1727 1926 1792 enim,
1958 1736 2016 1781 ut
2044 1728 2224 1792 retuli,

638 1827 889 1873 eventum
930 1820 1004 1874 rei
1042 1819 1470 1893 Speculabatur);
1512 1820 1681 1875 citato
1716 1830 1978 1889 quantum
2011 1831 2226 1890 poterat

637 1927 798 1989 cursu
830 1913 1032 1983 absque
1054 1912 1222 1968 lorica
1243 1914 1308 1968 ad
1333 1913 1455 1969 illos
1478 1913 1774 1968 contendit.
1802 1910 1908 1969 Sed
1930 1913 2017 1969 ubi
2048 1913 2226 1969 Persae

636 2004 900 2069 plurimos
931 2004 1298 2060 Romanorum
1344 2004 1680 2060 insecutione
1721 2002 1830 2073 iam
1874 2004 2059 2057 animo
2088 2003 2224 2058 deﬁ-

638 2095 847 2150 cientes
875 2103 932 2152 et
978 2111 1009 2150 a
1048 2111 1107 2151 se
1152 2096 1380 2150 invicem
1411 2096 1613 2151 divisos
1638 2102 2065 2166 conspexerunt,
2096 2092 2224 2147 reli-

635 2198 773 2253 quos
812 2186 1007 2256 exiguo
1058 2188 1350 2241 admodum
1387 2201 1612 2240 numero
1655 2187 1778 2250 rati,
1836 2185 2074 2254 undique
2116 2186 2225 2237 cir-

637 2279 1009 2347 cumveniunt,
1047 2278 1265 2348 jamque
1299 2281 1441 2334 haud
1474 2279 1703 2334 multum
1746 2279 1930 2333 aberat
1969 2279 2097 2348 quin
2129 2292 2227 2334 eos

635 2369 881 2424 delerent
911 2371 1155 2436 omnino,
1195 2371 1296 2425 nisi
1333 2370 1606 2437 inopinate
1641 2370 2031 2439 superveniens
2065 2369 2224 2435 peri-

634 2463 758 2518 culo
787 2463 1077 2518 exemisset
1111 2465 1383 2532 princeps.
1409 2460 1544 2516 Tum
1576 2476 1705 2517 vero
1744 2460 2060 2532 fugientium
2090 2459 2226 2516 Per-

635 2570 819 2610 sarum
868 2556 1209 2611 insecutione
1242 2556 1534 2624 plurimum
1585 2553 1843 2623 temporis
1875 2552 2223 2622 absumpsit:

636 2647 784 2702 unde
822 2664 944 2701 cum
979 2648 1088 2714 jam
1134 2662 1330 2715 equum
1382 2649 1619 2703 deﬁcere
1663 2646 2065 2710 animadvertit,
2093 2644 2225 2700 sub-

636 2740 775 2793 stitit
823 2739 1096 2808 paululum
1130 2740 1302 2794 donec
1351 2739 1485 2794 alius
1514 2753 1545 2792 e
1578 2738 1942 2794 velocioribus
1987 2738 2226 2793 adduce-

636 2838 807 2894 retur,
849 2829 1392 2898 quem,eeleritatetu
1438 2829 1729 2885 innuentcs
1772 2830 2026 2897 Agritnen
2063 2842 2225 2882 voca-

634 2922 785 2977 bant.
820 2922 1190 2991 Sequentibus
1220 2931 1402 2974 autent
1428 2936 1565 2989 pone
1592 2920 1870 2988 sigillatim
1903 2911 2223 2990 et’sparsim

637 3025 899 3079 Romanis
933 3024 1163 3093 imperat
1198 3033 1256 3077 ut
1284 3024 1550 3077 instarent
1586 3023 1788 3087 acrius,
1825 3036 1997 3092 neque
2023 3020 2128 3091 61
2159 3021 2225 3076 ab

2341 615 2443 686 τῆς
2476 616 2748 686 σφετέρας
2784 617 2982 681 αὐτοὺς
3011 619 3284 686 ὀνομάσας
3317 617 3511 687 φυλῆς,
3556 620 3764 688 Ῥαμάν
3789 637 3899 671 τινα

2339 707 2645 779 γενεάρχην
2690 709 2878 774 αὐτοῖς
2934 710 3254 777 καταλέγων
3300 707 3463 773 εἶναι,
3526 712 3622 765 καὶ
3664 710 3738 774 ὡς
3786 712 3899 762 κατ’

2338 800 2463 864 ἔθος
2492 801 2555 855 τὸ
2588 800 2771 857 αὐτῶν
2810 805 2937 866 τοὺς
2966 805 3031 855 ἐκ
3058 804 3318 871 γειτόνων
3364 802 3657 872 Ῥωμαίων
3683 802 3780 873 ήδη
3815 800 3897 853 καὶ

2338 893 2434 947 νῦν
2463 893 2871 967 λῃστεύσαντες
2901 895 3160 967 λαφύρων
3191 894 3530 964 πλησάμενοι
3560 894 3775 963 ἥκουσι.
3796 892 3896 946 Καὶ

2336 985 2403 1057 δὴ
2436 986 2545 1040 τῶν
2578 986 2706 1059 περὶ
2738 986 2900 1041 αὑτὸν
2934 986 3167 1057 συχνοὺς
3193 986 3599 1064 ἀπολεξάμενος
3640 1002 3894 1054 στρατιω-

2335 1082 2446 1136 τῶν
2503 1084 2713 1154 σπουδῇ
2766 1083 3036 1155 διαφῆκεν
3068 1084 3186 1159 ’ἐπὶ
3220 1083 3320 1154 τὴν
3352 1082 3558 1147 δίωξιν.
3615 1083 3674 1136 '0
3727 1081 3781 1135 δὲ
3824 1081 3892 1142 εἰς

2334 1175 2585 1229 ἀποπτόν
2620 1193 2674 1229 τι
2709 1175 2910 1247 χωρίον
2943 1162 3275 1248 ἀναδραμὼν
3304 1174 3543 1229 ἐνταῦθα
3580 1174 3679 1228 σὺν
3707 1173 3892 1240 ὀλίγοις

2332 1268 2886 1336 ἀποσκοπῶν-ἵστατο.
2904 1269 2995 1322 Ἐν
3021 1268 3233 1331 τούτοις
3254 1269 3311 1322 δέ
3338 1270 3386 1320 οξ
3406 1264 3611 1339 Πέρσαι
3638 1282 3892 1319 συσκευα-

2333 1360 2560 1431 σάμενοι
2616 1361 2834 1415 ἐκεῖθεν
2904 1361 3238 1431 ἀπήλαυνον.
3291 1361 3377 1421 Ὠς
3422 1360 3478 1412 δέ
3510 1360 3742 1430 τάχιστα
3771 1358 3894 1428 πρὸς

2328 1454 2440 1507 τῶν
2476 1452 2766 1524 Ῥωμαίων
2792 1453 3312 1523 καταλαμϐάνεσθαι
3338 1452 3594 1523 ἤρξαντο.
3629 1450 3892 1521 σποράδην

2329 1548 2530 1611 αὐτοὺς
2560 1547 2894 1617 φερομένους
2919 1546 3138 1610 ἰδόντες.
3161 1546 3617 1614 ἀντιστραφέντες
3648 1544 3893 1614 ἀντιμέτ-

2329 1657 2472 1696 ωποι
2545 1638 2785 1693 ἵσταντο.
2868 1638 3032 1692 Ἀλλά
3097 1638 3391 1708 Ῥωμαίων
3446 1634 3889 1705 ἐπικαταλαμϐα-

2331 1733 2535 1787 νόντων
2568 1731 2716 1788 νῶτα
2744 1730 2844 1787 καὶ
2878 1731 3043 1785 πάλιν
3072 1731 3279 1786 ἐδίδουν
3298 1746 3313 1760 ο
3338 1727 3500 1783 τοῦτό
3524 1747 3583 1783 τε
3628 1729 3882 1789 πολλάκις

2331 1825 2558 1893 γεγονὸς
2613 1824 2846 1888 πολλοὺς
2881 1824 3173 1896 Ῥωμαίων
3224 1822 3540 1891 ἀπαυδῆσαι
3597 1820 3848 1891 ἐποίησεν
3877 1836 3890 1849 ·

2329 1916 2450 1969 ὅθεν
2473 1918 2569 1969 καὶ
2592 1916 2686 1970 τοῦ
2705 1916 2923 1969 διώκειν
2947 1916 3215 1986 ἀφέμενοι
3242 1914 3554 1979 παλινοδίας
3571 1915 3891 1985 ἐμέμνηντο.

2331 2008 2511 2079 Ὅπερ
2534 2008 2563 2061 ὀ
2597 2007 2852 2075 βασιλεὺς
2872 2010 3217 2078 κατανοήσας
3239 2008 3481 2079 (ἑστήκει
3507 2007 3617 2077 γὰρ
3645 2005 3893 2059 ἀνωτάτω

2329 2118 2458 2167 που,
2494 2099 2685 2169 ῶσπερ
2723 2098 2861 2169 ἐφην
2909 2099 3262 2171 ἀποσκοπῶν)
3314 2099 3379 2171 [Ρ
3408 2099 3521 2170 54],
3588 2101 3787 2153 αὐτίκα
3822 2099 3892 2165 th;

2329 2190 2447 2263 εἶχε
2486 2194 2687 2263 τάχους
2721 2193 3101 2262 ἀθωράκιστος
3128 2195 3218 2248 ἐπ’
3240 2195 3482 2259 ἐκείνους
3505 2193 3721 2265 ἐχώρει.
3756 2194 3891 2262 Πέρ-

2331 2305 2422 2342 σαι
2449 2288 2531 2351 δέ,
2559 2287 2747 2356 ἐπειδὴ
2776 2288 3009 2351 πολλοὺς
3042 2287 3335 2359 Ῥωμαίων
3362 2289 3426 2358 τῇ
3460 2286 3663 2354 διώξει,
3706 2287 3888 2355 ὥσπερ

2330 2382 2491 2452 ἐφην,
2526 2382 2627 2452 ήδη
2659 2383 3080 2453 ἐκκακήσαντας
3107 2376 3276 2455 χωρὶς
3297 2384 3392 2437 ἀπ’
3407 2383 3655 2455 ἀλλήλων
3682 2382 3892 2451 γεγονό-

2331 2492 2428 2535 τας
2459 2472 2621 2538 εἶδον,
2647 2474 2844 2546 κομιδῇ
2874 2475 3093 2545 ὀλίγους
3118 2476 3249 2540 τοὺς
3281 2476 3474 2540 ἄλλους
3525 2478 3893 2545 κατανοήσαν-

2327 2584 2422 2631 τες
2451 2566 2796 2637 ἀμφιϐόλους
2824 2585 2883 2621 τε
2919 2568 3023 2640 ἥδη
3054 2569 3386 2639 ἐποιήσαντο
3420 2569 3514 2625 καὶ
3550 2570 3717 2639 ἐγγὺς
3738 2565 3894 2640 ἦλθον

2328 2658 2424 2713 τοῦ
2468 2660 2613 2728 μέγα
2646 2674 2702 2713 τι
2732 2661 2825 2713 καὶ
2854 2660 3155 2731 ἀνήκεστον
3189 2662 3409 2730 δρᾶσαι.
3445 2663 3493 2715 εί
3538 2662 3614 2733 μὴ
3646 2661 3892 2731 βασιλεὺς

2328 2748 2744 2820 ἀπροσδόκητος
2778 2749 2967 2811 αὐτοῖς
2998 2752 3259 2819 ἐκφανεὶς
3287 2750 3380 2804 τοῦ
3411 2751 3663 2814 κινδύνου
3706 2750 3890 2805 διεσώ-

2330 2856 2486 2894 σατο.
2517 2840 2788 2914 φεύγουσι
2834 2841 3019 2894 τοίνυν
3068 2844 3159 2896 dei.
3212 2844 3607 2913 ἀμφεπόμενος
3661 2844 3891 2911 Πέρσαις

2330 2931 2500 2984 πολύν
2537 2948 2664 2985 τινα
2694 2930 2991 3002 κατέτριψε
3030 2932 3246 3001 χρόνον.
3277 2930 3443 2984 Ὅθεν
3471 2933 3565 2986 καὶ
3590 2932 3781 3004 ἐπειδὴ
3806 2931 3892 2984 τοῦ

2335 3022 2510 3085 ἵππου
2562 3024 2913 3093 κεκμηκότος
2966 3024 3068 3095 ήδη
3116 3024 3342 3095 ᾔσθετο,
3376 3024 3538 3088 αὐτὸς
3591 3025 3693 3094 μὲν
3735 3022 3894 3079 αὐτοῦ

638 3120 834 3171 ardore
863 3117 1226 3172 remitterent.
1256 3114 1357 3167 Alii
1384 3114 1603 3182 quidem
1634 3114 1761 3168 cum
1790 3123 1911 3181 post
1939 3114 2222 3182 plurimam

2337 3130 2443 3167 που
2468 3113 2685 3184 ἔμεινε,
2711 3113 2804 3167 τὸν
2828 3114 3017 3177 ἐντοῖς
3046 3115 3279 3185 μάλιστα
3321 3115 3585 3185 δρομικὸν
3623 3116 3756 3169 ὅντα
3794 3117 3896 3168 τῶν

636 3186 1029 3264 inseeutionem
1056 3206 1188 3261 nihil
1222 3206 1437 3261 demum
1469 3215 1813 3276 peragerent,
1848 3214 1905 3259 et
1927 3205 2223 3275 regionem,

634 3302 688 3355 in
718 3316 878 3371 quam
911 3309 1291 3368 pervenerant,
1326 3298 1601 3353 desertam
1647 3312 1749 3352 nec
1783 3296 1941 3353 facile
1977 3295 2220 3366 perviam

635 3407 760 3448 esse
791 3392 1062 3456 viderent,
1112 3401 1260 3446 retro
1304 3405 1523 3446 cessere
1552 3407 1566 3445 :
1602 3391 1854 3459 princeps
1900 3397 2077 3444 autem
2108 3390 2225 3443 An-

635 3485 862 3539 dronico
891 3484 1141 3553 patrueli,
1176 3484 1243 3538 de
1277 3499 1385 3552 quo
1416 3484 1580 3538 multa
1613 3498 1644 3537 a
1676 3482 1833 3538 nobis
1876 3482 1931 3537 in
1975 3480 2225 3550 superio-

636 3578 791 3633 ribus
840 3578 979 3632 dicta
1021 3586 1183 3642 sunt,
1236 3577 1288 3629 in
1338 3576 1551 3633 hostem
1608 3575 1959 3631 contendenti
2006 3576 2223 3630 obviam

636 3669 814 3723 factus
842 3683 1039 3739 equum
1075 3668 1245 3722 invito
1283 3676 1591 3737 extorquet,
1622 3683 1783 3737 quem
1822 3666 1910 3722 ille
1950 3666 2143 3730 insitit,
2170 3674 2225 3721 et

636 3775 761 3815 cum
802 3770 1116 3829 exspectare
1145 3760 1215 3815 ibi
1277 3761 1539 3829 tantisper
1582 3761 1757 3828 jubet,
1795 3759 1920 3813 dum
1965 3758 2223 3827 Agrimen

638 3852 790 3906 illum
815 3851 1037 3922 jamjam
1072 3852 1447 3907 adducendum
1496 3862 1686 3906 nactus
1724 3866 1908 3906 secum
1955 3866 2057 3903 una
2096 3866 2223 3905 con-

640 3946 883 4001 tenderet
915 3946 966 4000 in
1000 3946 1265 4016 praelium.
1314 3945 1535 4002 Interim
1581 3947 1634 4000 in
1669 3946 1876 4001 hostem
1926 3946 2225 4015 proﬁcisci-

639 4045 747 4091 tur.
780 4036 979 4106 COpias
1014 4037 1191 4093 Persae
1233 4037 1480 4093 bifariam
1529 4038 1845 4093 diviserant.
1881 4038 2067 4093 Priora
2093 4053 2221 4107 pars

638 4127 924 4181 constabat
954 4140 1020 4181 eo
1052 4127 1317 4195 equitatu,
1342 4126 1436 4195 qui
1471 4125 1691 4180 liberius
1718 4124 1921 4194 absque
1953 4134 2223 4179 stramen-

639 4219 709 4272 tis
750 4218 1011 4290 gregatim
1057 4218 1315 4288 subsequi
1355 4218 1512 4273 solet.
1563 4216 1824 4287 Reliquus
1871 4217 2145 4272 exercitus
2188 4232 2219 4271 a

637 4318 790 4377 tergo
842 4309 1153 4373 incedebat,
1200 4308 1495 4363 subeuntes
1545 4306 1822 4364 Romanos
1868 4318 2216 4378 excepturus.

642 4398 738 4453 Ubi
778 4388 919 4454 vero.
941 4416 1100 4455 nemo
1132 4399 1497 4457 Romanorum
1531 4401 1865 4470 conspicitur
1895 4400 2217 4455 audaciores

636 4492 836 4557 cﬂ'ecti,
887 4501 1082 4547 coeunt
1112 4493 1167 4547 in
1207 4508 1371 4547 unum
1404 4508 1617 4557 omnes,
1648 4492 2081 4563 equitatumque,
2122 4490 2215 4561 qui

637 4582 860 4635 liberius
894 4590 955 4636 ut
990 4582 1123 4647 dixi,
1160 4583 1424 4648 excurrit,
1458 4584 1510 4638 in
1542 4583 1719 4638 locum
1742 4598 1905 4637 unum
1931 4589 2215 4647 statuunt;

639 4672 800 4726 simul
835 4688 897 4728 ac
932 4684 1111 4729 autem
1155 4676 1535 4745 imperatorem
1563 4676 1756 4741 solum,
1794 4692 1897 4732 nec
1942 4676 2109 4733 lorica
2135 4678 2218 4732 in-

638 4761 852 4827 datum,
903 4775 1102 4840 centra
1152 4780 1211 4822 se
1262 4766 1556 4821 adventare
1602 4779 1865 4835 cernunt,
1908 4770 2119 4824 irruunt
2163 4773 2215 4826 in

639 4850 815 4915 ipsum
847 4852 1101 4918 universi,
1145 4856 1462 4923 sagittisque
1497 4855 1783 4925 impetum,
1820 4871 1940 4912 sese
1975 4859 2211 4915 invicem

638 4941 869 4996 subinde
902 4943 968 4997 ad
1004 4932 1255 5001 virtutem
1291 4946 1514 5002 hortati.
1550 4948 1657 5003 Sed
1690 4947 1778 5003 ille
1808 4948 2028 5018 heroico
2052 4965 2213 5021 gene-

640 5047 872 5103 rosoque
900 5034 1181 5107 plusquam
1217 5048 1496 5108 resumpto
1529 5039 1732 5107 animo,
1759 5052 2041 5113 postquam
2071 5058 2214 5113 aegre

640 5122 1022 5181 circumveniri
1068 5140 1128 5182 se
1171 5142 1331 5197 posse
1373 5130 1441 5185 ab
1484 5132 1732 5188 hostibus
1777 5134 1992 5203 agnovit
2039 5136 2213 5191 (locus

1994 5293 2094 5352 Du
2118 5290 2341 5370 Cangii
2374 5302 2559 5355 notas.

714 5407 829 5479 (76)
880 5410 1185 5531 ἈἶρίμηἈ
1221 5410 1434 5491 Portins
1479 5409 1531 5463 in
1597 5409 1834 5464 Diction.
1886 5410 2211 5466 Grmcoltar-

718 5493 797 5531 ro.
826 5481 935 5531 ἀγο
966 5501 1045 5531 ut-
1073 5480 1451 5531 ἀγοιοζουδον.
1474 5480 1803 5531 θηοάσιαον.
1841 5480 2054 5531 θηρίον-
2083 5481 2208 5531 θήρ.

642 5478 797 5552 baro,
826 5478 1047 5551 ἀγρίμι,
1073 5478 1451 5552 ἀγριὸζουδον,
1474 5480 1803 5551 θηρὰσιμον,
1841 5480 2054 5551 θηρίον,
2083 5481 2208 5552 θήρ.

651 5549 834 5619 [ἰηιιυε
892 5549 1164 5617 agrestis,
1200 5550 1519 5611 indomitus,
1554 5549 1773 5619 equifer.
1826 5549 2070 5606 Glossar.
2104 5549 2208 5608 nis.

645 5616 903 5673 Ecclesia:
934 5616 1285 5687 Parisienis,
1339 5622 1404 5674 de
1445 5616 1599 5689 equis
1637 5616 1832 5675 {Sunt
1859 5633 2033 5675 autem
2068 5623 2121 5675 hi
2146 5623 2210 5676 de

649 5692 844 5761 uprcstt‘
872 5692 1214 5761 ordinerorti.
1245 5708 1371 5761 quos
1400 5692 1657 5761 equifcros
1694 5692 1937 5745 dicimus.
1964 5692 2205 5747 Glossar.

652 5758 979 5817 Saxonicutn
1018 5760 1221 5819 Ailfrici
1257 5758 1268 5816 Ξ
1304 5758 1542 5833 Ιίίιιιῖίεν,
1575 5762 1729 5816 wiidc
1766 5779 1953 5832 cynncs
1982 5763 2129 5831 Imrs,
2157 5763 2208 5817 id

2332 3205 2517 3259 ἵππων
2546 3203 2695 3273 αὑτῷ
2735 3186 3070 3273 κομισθῆναι
3110 3205 3433 3275 καραδοκῶν
3454 3245 3470 3270 ,
3500 3206 3558 3259 ὃν
3586 3211 3683 3259 καὶ
3720 3206 3894 3274 Ἀγρί-

2333 3313 2444 3367 μην
2473 3293 2586 3367 (76)
2613 3294 2675 3348 τὸ
2708 3294 2877 3371 τάχος
2920 3297 3288 3367 αἰνιττόμενοι
3320 3298 3571 3352 ἐκάλουν.
3613 3299 3895 3370 Ῥωμαίων

2329 3388 2427 3441 καὶ
2460 3389 2577 3450 τοῖς
2614 3386 2732 3441 ὅσοι
2760 3387 2997 3465 κατόπιν
3024 3386 3192 3440 αὐτοῦ
3224 3389 3350 3441 καθ’
3379 3388 3474 3442 ἐνα
3504 3390 3597 3443 καὶ
3623 3390 3894 3460 σποράδην

2331 3479 2506 3543 ἰόντες
2552 3480 2641 3533 ἀεὶ
2687 3479 3229 3548 ἐπικατελάμϐανον,
3285 3480 3504 3533 ἐκέλευε
3551 3480 3769 3535 διώκειν
3818 3481 3895 3534 ἔτι

2330 3572 2534 3641 μᾶλλον
2581 3572 2706 3643 μηδ’
2758 3573 3006 3627 ἀνίεσθαι
3046 3575 3149 3643 τῆς
3190 3572 3525 3642 προθυμίας.
3567 3574 3752 3628 ’Ἄλλοι
3801 3576 3892 3643 μὲν

2330 3663 2471 3734 μετὰ
2497 3664 2758 3735 πλείστην
2786 3664 2920 3735 ὅσην
2946 3665 3046 3736 τήν
3071 3664 3255 3729 δίωξιν
3274 3665 3463 3737 ἐπειδὴ
3489 3668 3655 3735 μηδὲν
3682 3670 3893 3723 ἀνύτειν
3926 3720 3927 3723 η

2326 3751 2475 3825 εἶχον
2502 3756 2593 3808 τόν
2621 3772 2679 3808 τε
2709 3756 2888 3826 χῶρον
2924 3756 3052 3809 ἔνθα
3083 3758 3430 3812 ἐπιπλεῖστον
3476 3762 3893 3824 ἐκπεπτωκότες
3924 3820 3925 3837 γ

2324 3843 2494 3917 ἦλθον
2542 3848 2751 3918 ἔρημόν
2796 3864 2857 3899 τε
2904 3849 3002 3901 καὶ
3032 3848 3222 3912 δεινῶς
3264 3850 3467 3905 ἄϐατον
3490 3852 3687 3921 ἔγνων,
3724 3854 3892 3907 ὀπίσω

2322 3940 2586 4010 ἐχώρουν.
2622 3940 2682 3992 '0
2708 3940 2764 3993 δὲ
2793 3939 2871 4008 τῷ
2901 3939 3179 4010 ἐξαδέλφῳ
3210 3944 3518 4014 περιτυχὼν
3547 3947 3888 4016 Ἀνδρονίκῳ,
3922 3930 3923 3951 γ

2322 4027 2385 4086 οὗ
2416 4032 2583 4085 πολὺν
2612 4033 2670 4087 ἐν
2693 4034 2803 4097 τοῖς
2833 4032 3146 4103 ἔμπροσθεν
3176 4036 3559 4105 ἐποιησάμεθα
3592 4038 3776 4106 λόγον,
3799 4040 3891 4108 τήν

2321 4123 2415 4174 ἐπὶ
2447 4124 2576 4187 τοὺς
2610 4100 2911 4192 πολεμίους
2954 4100 3097 4179 -ίόντι
3143 4128 3238 4181 καὶ
3281 4100 3431 4195 αότῷ
3488 4100 3679 4184 πολλα
3702 4100 3919 4202 βασιλ-4

2324 4230 2483 4284 μενος
2506 4213 2597 4266 τὸν
2630 4213 2797 4267 ἵππον
2820 4213 3299 4284 ἀφεῖται.Ἐπιϐἀς
3331 4216 3387 4270 δὲ
3421 4217 3581 4271 αὐτὸν
3607 4219 3712 4288 μὲν
3732 4202 3917 4289 αὐτοῦ]

2324 4305 2508 4376 μένειν
2548 4304 2733 4359 είασεν
2763 4305 3080 4376 ἐπισκήψας
3112 4307 3173 4361 ὅν
3199 4310 3417 4378 εἴρηται
3469 4310 3747 4382 Ἀγρίμην
3774 4294 3905 4365 bona:

2324 4398 2427 4450 οὐκ
2453 4396 2558 4468 ήδη
2592 4396 3070 4468 κομισθησόμενον
3106 4397 3294 4452 λαϐεῖν
3323 4396 3468 4453 οὕτω
3496 4417 3554 4451 τε
3605 4402 3708 4455 σὺν
3751 4400 3897 4475 αὑτῷζ

2321 4491 2414 4542 ἐπὶ
2445 4490 2544 4561 τὴν
2573 4489 2757 4560 μάχην
2790 4490 2989 4555 ἐλθεῖν,
3023 4492 3051 4545 ὁ
3082 4490 3140 4543 δέ
3175 4492 3277 4561 τὴν
3307 4491 3402 4553 ἐπὶ
3435 4492 3561 4556 τοὺς
3596 4488 3891 4563 πολεμίους

2320 4584 2569 4652 ἐφέρετο.
2603 4584 2848 4654 Πέρσαις
2897 4585 2955 4639 δὲ
3001 4584 3125 4656 δίχα
3165 4585 3423 4658 διῄρηται
3454 4586 3515 4639 τὸ
3549 4590 3887 4657 στράτευμα.

2321 4675 2429 4726 Καὶ
2461 4676 2521 4728 τὸ
2550 4675 2652 4745 μὲν
2683 4676 2922 4746 πρόσθεν
2958 4676 3056 4747 τὴν
3091 4678 3261 4733 ἵππον
3320 4679 3672 4748 ἐπαγόμενον
3718 4684 3859 4735 nam

3850 4344 3893 4363 11

3850 4344 3915 4600 ﬁ

3866 4600 3911 4974 ί

3851 4974 3903 5065 fl

3854 5065 3903 5251 ’Ξ

3870 5251 3899 5380 El

3848 5380 3897 5670 ί

2321 4766 2539 4837 ἐχώρει,
2586 4767 2687 4839 ὅση
2740 4768 2869 4821 ἀνευ
2916 4771 3359 4842 ἐπιστρωμάτων
3395 4772 3635 4840 ἀγελαία
3686 4773 3861 4827 τούτοι

2320 4857 2531 4911 εἵπετο·
2560 4859 2621 4912 τὸ
2658 4860 2845 4913 λοιπὸν
2886 4860 2945 4913 δὲ
2987 4862 3540 4933 κατόπιν-ἐπορεύετο
3585 4864 3861 4935 Ῥωμαίου

2322 4950 2580 5014 ἐπιόντας
2641 4952 3057 5023 ὑποδεξόμενον.
3132 4955 3220 5019 Ὧς
3272 4955 3330 5007 δὲ
3398 4955 3576 5020 οὐδεὶς
3642 4956 3851 5027 οὐδαμᾶ

2327 5040 2620 5115 Ῥωμαίων
2691 5047 3050 5115 ὑπεφαίνετο,
3112 5047 3491 5118 θαρσήσαντες
3551 5048 3654 5101 τοῦ
3707 5049 3857 5101 λοιπο

2323 5137 2591 5207 συνῄεσάν
2632 5154 2692 5193 τε
2723 5138 2978 5209 ἀλλήλοις
3030 5140 3126 5195 καὶ
3152 5141 3251 5211 τὴν
3297 5141 3462 5195 ἵππον
3508 5143 3706 5197 ἄνετον

2318 5426 2420 5481 est,
2461 5416 2757 5488 indomitus
2790 5433 2981 5485 equus.
3012 5416 3257 5473 Glossar.
3305 5417 3639 5488 Latinogall.
3668 5422 3865 5487 equifer

2318 5486 2644 5558 tuaac/tcum,
2676 5489 2729 5558 id
2764 5498 2875 5554 est,
2920 5489 3093 5543 malus
3126 5505 3313 5558 equus.
3354 5486 3596 5557 Agrestis
3629 5486 3863 5545 caballus

2319 5556 2371 5632 in
2404 5558 2563 5624 epist.
2603 5558 2625 5632 _i
2662 5556 2911 5627 Gregorii
2949 5558 3014 5613 lll
3050 5576 3139 5628 pp.
3177 5556 3245 5613 ad
3282 5556 3624 5632 Bonifaciutn
3658 5562 3848 5632 Mugun

2319 5627 2490 5702 tinum
2533 5629 2702 5702 episc.
2743 5646 2906 5698 equus
2947 5627 3237 5702 silvaticus,
3282 5631 3334 5683 in
3373 5630 3534 5702 epist.
3564 5631 3641 5687 i3
3682 5627 3821 5688 Za'ch

2317 5699 2407 5753 [iil‘
2440 5714 2528 5768 pp.
2565 5698 2631 5753 ad
2663 5703 2911 5757 eumdem
2953 5700 3310 5756 llonifacium.
