  <div class='ocr_page' id='page_1' title='image "/cluster/home/n/w/nwhite01/storage/ocr_20150623/133/pst.000005714490/229.png"; bbox 0 0 3968 6326; ppageno 0'>
   <div class='ocr_carea' id='block_1_1' title="bbox 588 220 1271 283">
    <p class='ocr_par' dir='ltr' id='par_1_1' title="bbox 588 220 1271 283">
     <span class='ocr_line' id='line_1_1' title="bbox 588 220 1271 283; baseline -0.001 0"><span class='ocrx_word' id='word_1_1' title='bbox 588 220 694 283; x_wconf 84' lang='lat'><strong>383</strong></span> <span class='ocrx_word' id='word_1_2' title='bbox 1262 240 1271 269; x_wconf 69' lang='grc' dir='ltr'><em>ί</em></span> 
     </span>
    </p>
   </div>
   <div class='ocr_carea' id='block_1_2' title="bbox 1838 221 2555 287">
    <p class='ocr_par' dir='ltr' id='par_1_2' title="bbox 1838 221 2555 287">
     <span class='ocr_line' id='line_1_2' title="bbox 1838 221 2555 287; baseline 0 -2"><span class='ocrx_word' id='word_1_3' title='bbox 1838 256 1841 260; x_wconf 53' lang='grc' dir='ltr'><strong>ι</strong></span> <span class='ocrx_word' id='word_1_4' title='bbox 1877 221 2196 287; x_wconf 76' lang='lat' dir='ltr'><strong>JOANNIS</strong></span> <span class='ocrx_word' id='word_1_5' title='bbox 2233 224 2555 286; x_wconf 79' lang='lat' dir='ltr'><strong>CINNAMI</strong></span> 
     </span>
    </p>
   </div>
   <div class='ocr_carea' id='block_1_3' title="bbox 3713 219 3817 285">
    <p class='ocr_par' dir='ltr' id='par_1_3' title="bbox 3713 219 3817 285">
     <span class='ocr_line' id='line_1_3' title="bbox 3713 219 3817 285; baseline -0.019 0"><span class='ocrx_word' id='word_1_6' title='bbox 3713 219 3817 285; x_wconf 66' lang='grc'><strong>384</strong></span> 
     </span>
    </p>
   </div>
   <div class='ocr_carea' id='block_1_4' title="bbox 584 331 3822 413">
    <p class='ocr_par' dir='ltr' id='par_1_4' title="bbox 584 331 3822 413">
     <span class='ocr_line' id='line_1_4' title="bbox 584 331 3822 413; baseline 0.001 -25"><span class='ocrx_word' id='word_1_7' title='bbox 584 333 645 388; x_wconf 73' lang='grc' dir='ltr'><strong>ἐν</strong></span> <span class='ocrx_word' id='word_1_8' title='bbox 676 333 896 405; x_wconf 74' lang='grc' dir='ltr'>Βιθυνίᾳ</span> <span class='ocrx_word' id='word_1_9' title='bbox 935 351 993 387; x_wconf 90' lang='grc' dir='ltr'><strong>τε</strong></span> <span class='ocrx_word' id='word_1_10' title='bbox 1024 334 1259 403; x_wconf 86' lang='grc' dir='ltr'>γεγονὼς</span> <span class='ocrx_word' id='word_1_11' title='bbox 1292 333 1525 390; x_wconf 76' lang='grc' dir='ltr'>ἐνταῦθά</span> <span class='ocrx_word' id='word_1_12' title='bbox 1590 352 1693 389; x_wconf 85' lang='grc' dir='ltr'><strong>που</strong></span> <span class='ocrx_word' id='word_1_13' title='bbox 1751 335 1875 397; x_wconf 81' lang='grc' dir='ltr'>τοὺς</span> <span class='ocrx_word' id='word_1_14' title='bbox 1939 337 2003 389; x_wconf 81' lang='grc' dir='ltr'><strong>ἐκ</strong></span> <span class='ocrx_word' id='word_1_15' title='bbox 2065 331 2396 406; x_wconf 79' lang='grc' dir='ltr'>Φιλομιλίου,</span> <span class='ocrx_word' id='word_1_16' title='bbox 2458 338 2714 410; x_wconf 85' lang='grc' dir='ltr'>καθάπερ</span> <span class='ocrx_word' id='word_1_17' title='bbox 2769 341 2979 411; x_wconf 75' lang='grc' dir='ltr'>εἴρηται</span> <span class='ocrx_word' id='word_1_18' title='bbox 3033 341 3330 413; x_wconf 77' lang='grc' dir='ltr'>πρότερον,</span> <span class='ocrx_word' id='word_1_19' title='bbox 3384 338 3822 412; x_wconf 81' lang='grc' dir='ltr'>άναρρυσθέντας</span> 
     </span>
    </p>
   </div>
   <div class='ocr_carea' id='block_1_5' title="bbox 585 426 3818 503">
    <p class='ocr_par' dir='ltr' id='par_1_5' title="bbox 585 426 3818 503">
     <span class='ocr_line' id='line_1_5' title="bbox 585 426 3818 503; baseline 0.002 -24"><span class='ocrx_word' id='word_1_20' title='bbox 585 428 820 500; x_wconf 74' lang='grc' dir='ltr'>φκίσατο</span> <span class='ocrx_word' id='word_1_21' title='bbox 884 427 1211 498; x_wconf 80' lang='grc' dir='ltr'><strong>Ῥωμαίους,</strong></span> <span class='ocrx_word' id='word_1_22' title='bbox 1260 429 1566 499; x_wconf 88' lang='grc' dir='ltr'>κτησείδιον</span> <span class='ocrx_word' id='word_1_23' title='bbox 1613 426 1797 492; x_wconf 77' lang='grc' dir='ltr'>αὐτοῖς</span> <span class='ocrx_word' id='word_1_24' title='bbox 1843 428 1953 482; x_wconf 85' lang='grc' dir='ltr'><strong>τῶν</strong></span> <span class='ocrx_word' id='word_1_25' title='bbox 1984 426 2148 500; x_wconf 81' lang='grc' dir='ltr'>ιερῶν</span> <span class='ocrx_word' id='word_1_26' title='bbox 2183 444 2327 496; x_wconf 88' lang='grc' dir='ltr'>τινος</span> <span class='ocrx_word' id='word_1_27' title='bbox 2388 431 2756 503; x_wconf 78' lang='grc' dir='ltr'><strong>ἀλλαξάμενος</strong></span> <span class='ocrx_word' id='word_1_28' title='bbox 2817 433 3081 503; x_wconf 87' lang='grc' dir='ltr'>σεμνείων</span> <span class='ocrx_word' id='word_1_29' title='bbox 3103 451 3117 466; x_wconf 84' lang='grc'>⁶</span> <span class='ocrx_word' id='word_1_30' title='bbox 3149 433 3275 487; x_wconf 78' lang='grc' dir='ltr'>ἔνθα</span> <span class='ocrx_word' id='word_1_31' title='bbox 3301 430 3561 503; x_wconf 73' lang='grc' dir='ltr'>φρούριόν</span> <span class='ocrx_word' id='word_1_32' title='bbox 3591 448 3650 486; x_wconf 88' lang='grc' dir='ltr'><strong>τε</strong></span> <span class='ocrx_word' id='word_1_33' title='bbox 3676 432 3818 501; x_wconf 77' lang='grc' dir='ltr'>ἀνῳσ</span> 
     </span>
    </p>
   </div>
   <div class='ocr_carea' id='block_1_6' title="bbox 586 519 1793 591">
    <p class='ocr_par' dir='ltr' id='par_1_6' title="bbox 586 519 1793 591">
     <span class='ocr_line' id='line_1_6' title="bbox 586 519 1793 591; baseline 0.002 -19"><span class='ocrx_word' id='word_1_34' title='bbox 586 520 863 589; x_wconf 83' lang='grc' dir='ltr'>κοδόμησε</span> <span class='ocrx_word' id='word_1_35' title='bbox 896 520 990 573; x_wconf 77' lang='grc' dir='ltr'><strong>καὶ</strong></span> <span class='ocrx_word' id='word_1_36' title='bbox 1021 519 1199 582; x_wconf 85' lang='grc' dir='ltr'>Πύλας</span> <span class='ocrx_word' id='word_1_37' title='bbox 1226 521 1357 574; x_wconf 81' lang='grc' dir='ltr'>αὐτὸ</span> <span class='ocrx_word' id='word_1_38' title='bbox 1383 519 1793 591; x_wconf 80' lang='grc' dir='ltr'><strong>κατωνόμακεν.</strong></span> 
     </span>
    </p>
   </div>
   <div class='ocr_carea' id='block_1_7' title="bbox 658 610 2168 683">
    <p class='ocr_par' dir='ltr' id='par_1_7' title="bbox 658 611 2158 681">
     <span class='ocr_line' id='line_1_7' title="bbox 658 611 2158 681; baseline -0.001 -17"><span class='ocrx_word' id='word_1_39' title='bbox 658 612 747 665; x_wconf 75' lang='grc'><strong>10.</strong></span> <span class='ocrx_word' id='word_1_40' title='bbox 797 611 909 665; x_wconf 88' lang='lat' dir='ltr'><strong>Sub</strong></span> <span class='ocrx_word' id='word_1_41' title='bbox 940 611 1078 666; x_wconf 84' lang='lat' dir='ltr'><strong>idem</strong></span> <span class='ocrx_word' id='word_1_42' title='bbox 1113 622 1318 680; x_wconf 80' lang='lat' dir='ltr'><strong>tempus</strong></span> <span class='ocrx_word' id='word_1_43' title='bbox 1344 611 1590 676; x_wconf 85' lang='lat' dir='ltr'><strong>Cosmas,</strong></span> <span class='ocrx_word' id='word_1_44' title='bbox 1629 611 1720 681; x_wconf 91' lang='lat' dir='ltr'><strong>qui</strong></span> <span class='ocrx_word' id='word_1_45' title='bbox 1747 626 1810 666; x_wconf 90' lang='lat' dir='ltr'><strong>ea</strong></span> <span class='ocrx_word' id='word_1_46' title='bbox 1837 619 2158 680; x_wconf 81' lang='lat' dir='ltr'><strong>tempestate</strong></span> 
     </span>
    </p>
   </div>
   <div class='ocr_carea' id='block_1_8' title="bbox 2268 610 3819 683">
    <p class='ocr_par' dir='ltr' id='par_1_8' title="bbox 2330 610 3819 683">
     <span class='ocr_line' id='line_1_8' title="bbox 2330 610 3819 683; baseline 0.003 -19"><span class='ocrx_word' id='word_1_47' title='bbox 2330 618 2385 667; x_wconf 89' lang='lat' dir='ltr'><strong>t&#39;.</strong></span> <span class='ocrx_word' id='word_1_48' title='bbox 2430 610 2566 664; x_wconf 78' lang='grc' dir='ltr'>Ὑπὸ</span> <span class='ocrx_word' id='word_1_49' title='bbox 2608 612 2664 666; x_wconf 86' lang='grc' dir='ltr'>δὲ</span> <span class='ocrx_word' id='word_1_50' title='bbox 2710 613 2801 667; x_wconf 76' lang='grc' dir='ltr'>τὸν</span> <span class='ocrx_word' id='word_1_51' title='bbox 2839 613 2999 667; x_wconf 81' lang='grc' dir='ltr'>αὐτὸν</span> <span class='ocrx_word' id='word_1_52' title='bbox 3030 613 3219 683; x_wconf 88' lang='grc' dir='ltr'>χρόνον</span> <span class='ocrx_word' id='word_1_53' title='bbox 3257 614 3482 683; x_wconf 79' lang='grc' dir='ltr'>Κοσμᾶς</span> <span class='ocrx_word' id='word_1_54' title='bbox 3510 615 3537 667; x_wconf 97' lang='lat'><strong>6</strong></span> <span class='ocrx_word' id='word_1_55' title='bbox 3575 617 3689 677; x_wconf 88' lang='grc' dir='ltr'>τοῖς</span> <span class='ocrx_word' id='word_1_56' title='bbox 3736 616 3819 669; x_wconf 80' lang='grc' dir='ltr'>ἐκ·</span> 
     </span>
    </p>
   </div>
   <div class='ocr_carea' id='block_1_9' title="bbox 587 703 2162 772">
    <p class='ocr_par' dir='ltr' id='par_1_9' title="bbox 587 703 2162 772">
     <span class='ocr_line' id='line_1_9' title="bbox 587 703 2162 772; baseline 0 -13"><span class='ocrx_word' id='word_1_57' title='bbox 587 718 676 760; x_wconf 87' lang='lat' dir='ltr'><strong>res</strong></span> <span class='ocrx_word' id='word_1_58' title='bbox 699 703 1093 758; x_wconf 73' lang='lat' dir='ltr'><strong>ecclesiasticas</strong></span> <span class='ocrx_word' id='word_1_59' title='bbox 1139 704 1544 769; x_wconf 83' lang='lat' dir='ltr'><strong>moderabatur,</strong></span> <span class='ocrx_word' id='word_1_60' title='bbox 1580 704 1663 759; x_wconf 84' lang='lat' dir='ltr'><strong>vir</strong></span> <span class='ocrx_word' id='word_1_61' title='bbox 1695 705 1817 758; x_wconf 69' lang='lat' dir='ltr'><strong>vita:</strong></span> <span class='ocrx_word' id='word_1_62' title='bbox 1852 703 2162 772; x_wconf 79' lang='lat' dir='ltr'><strong>integritate</strong></span> 
     </span>
    </p>
   </div>
   <div class='ocr_carea' id='block_1_10' title="bbox 585 793 2163 865">
    <p class='ocr_par' dir='ltr' id='par_1_10' title="bbox 585 793 2163 865">
     <span class='ocr_line' id='line_1_10' title="bbox 585 793 2163 865; baseline -0.001 -16"><span class='ocrx_word' id='word_1_63' title='bbox 585 806 637 849; x_wconf 89' lang='lat' dir='ltr'><strong>et</strong></span> <span class='ocrx_word' id='word_1_64' title='bbox 666 795 931 863; x_wconf 76' lang='lat' dir='ltr'><strong>gravitate</strong></span> <span class='ocrx_word' id='word_1_65' title='bbox 960 794 1228 848; x_wconf 87' lang='lat' dir='ltr'><strong>sermonis</strong></span> <span class='ocrx_word' id='word_1_66' title='bbox 1263 793 1507 861; x_wconf 80' lang='lat' dir='ltr'><strong>illustris,</strong></span> <span class='ocrx_word' id='word_1_67' title='bbox 1537 808 1565 846; x_wconf 89' lang='lat' dir='ltr'><strong>a</strong></span> <span class='ocrx_word' id='word_1_68' title='bbox 1594 795 1721 848; x_wconf 82' lang='lat' dir='ltr'><strong>sede</strong></span> <span class='ocrx_word' id='word_1_69' title='bbox 1761 794 1873 865; x_wconf 67' lang='grc'><strong>64,</strong></span> <span class='ocrx_word' id='word_1_70' title='bbox 1919 794 2061 848; x_wconf 80' lang='lat' dir='ltr'><strong>hanc</strong></span> <span class='ocrx_word' id='word_1_71' title='bbox 2094 794 2163 849; x_wconf 90' lang='lat' dir='ltr'><strong>ob</strong></span> 
     </span>
    </p>
   </div>
   <div class='ocr_carea' id='block_1_11' title="bbox 587 881 2163 955">
    <p class='ocr_par' dir='ltr' id='par_1_11' title="bbox 587 881 2163 955">
     <span class='ocr_line' id='line_1_11' title="bbox 587 881 2163 955; baseline -0.001 -14"><span class='ocrx_word' id='word_1_72' title='bbox 587 902 801 941; x_wconf 83' lang='lat' dir='ltr'><strong>causam</strong></span> <span class='ocrx_word' id='word_1_73' title='bbox 836 886 1086 954; x_wconf 86' lang='lat' dir='ltr'><strong>depulsus</strong></span> <span class='ocrx_word' id='word_1_74' title='bbox 1113 897 1217 941; x_wconf 91' lang='lat' dir='ltr'><strong>est.</strong></span> <span class='ocrx_word' id='word_1_75' title='bbox 1251 881 1547 941; x_wconf 73' lang='lat' dir='ltr'><strong>Monachus</strong></span> <span class='ocrx_word' id='word_1_76' title='bbox 1572 886 1789 955; x_wconf 88' lang='lat' dir='ltr'><strong>quidam</strong></span> <span class='ocrx_word' id='word_1_77' title='bbox 1826 886 2033 955; x_wconf 89' lang='lat' dir='ltr'><strong>Niphon</strong></span> <span class='ocrx_word' id='word_1_78' title='bbox 2063 900 2163 939; x_wconf 86' lang='lat' dir='ltr'><strong>no-</strong></span> 
     </span>
    </p>
   </div>
   <div class='ocr_carea' id='block_1_12' title="bbox 589 976 2166 1048">
    <p class='ocr_par' dir='ltr' id='par_1_12' title="bbox 589 976 2166 1048">
     <span class='ocr_line' id='line_1_12' title="bbox 589 976 2166 1048; baseline -0.001 -15"><span class='ocrx_word' id='word_1_79' title='bbox 589 980 754 1043; x_wconf 83' lang='lat' dir='ltr'><strong>mine,</strong></span> <span class='ocrx_word' id='word_1_80' title='bbox 783 981 873 1048; x_wconf 89' lang='lat' dir='ltr'><strong>qui</strong></span> <span class='ocrx_word' id='word_1_81' title='bbox 902 978 1150 1032; x_wconf 85' lang='lat' dir='ltr'><strong>liberales</strong></span> <span class='ocrx_word' id='word_1_82' title='bbox 1176 977 1493 1047; x_wconf 78' lang='lat' dir='ltr'><strong>disciplinas</strong></span> <span class='ocrx_word' id='word_1_83' title='bbox 1516 978 1884 1046; x_wconf 87' lang='lat' dir='ltr'><strong>humanasque</strong></span> <span class='ocrx_word' id='word_1_84' title='bbox 1909 976 2166 1039; x_wconf 77' lang='lat' dir='ltr'><strong>scientias</strong></span> 
     </span>
    </p>
   </div>
   <div class='ocr_carea' id='block_1_13' title="bbox 588 1070 2163 1139">
    <p class='ocr_par' dir='ltr' id='par_1_13' title="bbox 588 1070 2163 1139">
     <span class='ocr_line' id='line_1_13' title="bbox 588 1070 2163 1139; baseline -0.003 -12"><span class='ocrx_word' id='word_1_85' title='bbox 588 1088 656 1127; x_wconf 88' lang='lat' dir='ltr'><strong>ne</strong></span> <span class='ocrx_word' id='word_1_86' title='bbox 685 1075 907 1127; x_wconf 87' lang='lat' dir='ltr'><strong>summis</strong></span> <span class='ocrx_word' id='word_1_87' title='bbox 937 1072 1152 1139; x_wconf 81' lang='lat' dir='ltr'><strong>quidem</strong></span> <span class='ocrx_word' id='word_1_88' title='bbox 1184 1071 1349 1125; x_wconf 86' lang='lat' dir='ltr'><strong>labris</strong></span> <span class='ocrx_word' id='word_1_89' title='bbox 1378 1072 1779 1139; x_wconf 81' lang='lat' dir='ltr'><strong>degustaverat,</strong></span> <span class='ocrx_word' id='word_1_90' title='bbox 1815 1070 1915 1125; x_wconf 86' lang='lat' dir='ltr'><strong>etsi</strong></span> <span class='ocrx_word' id='word_1_91' title='bbox 1943 1070 2112 1123; x_wconf 90' lang='lat' dir='ltr'><strong>sacris</strong></span> <span class='ocrx_word' id='word_1_92' title='bbox 2134 1084 2163 1123; x_wconf 88' lang='lat' dir='ltr'><strong>a</strong></span> 
     </span>
    </p>
   </div>
   <div class='ocr_carea' id='block_1_14' title="bbox 589 1155 2168 1229">
    <p class='ocr_par' dir='ltr' id='par_1_14' title="bbox 589 1155 2168 1229">
     <span class='ocr_line' id='line_1_14' title="bbox 589 1155 2168 1229; baseline -0.001 -16"><span class='ocrx_word' id='word_1_93' title='bbox 589 1160 814 1227; x_wconf 81' lang='lat' dir='ltr'><strong>pueritia</strong></span> <span class='ocrx_word' id='word_1_94' title='bbox 845 1160 1036 1224; x_wconf 82' lang='lat' dir='ltr'><strong>litteris</strong></span> <span class='ocrx_word' id='word_1_95' title='bbox 1060 1161 1317 1223; x_wconf 87' lang='lat' dir='ltr'><strong>imbutus,</strong></span> <span class='ocrx_word' id='word_1_96' title='bbox 1340 1174 1465 1213; x_wconf 90' lang='lat' dir='ltr'><strong>eunt</strong></span> <span class='ocrx_word' id='word_1_97' title='bbox 1499 1158 1759 1216; x_wconf 79' lang='lat' dir='ltr'><strong>Michaele</strong></span> <span class='ocrx_word' id='word_1_98' title='bbox 1788 1160 1904 1214; x_wconf 82' lang='lat' dir='ltr'><strong>viro</strong></span> <span class='ocrx_word' id='word_1_99' title='bbox 1940 1160 2030 1229; x_wconf 91' lang='lat' dir='ltr'><strong>pio</strong></span> <span class='ocrx_word' id='word_1_100' title='bbox 2058 1155 2168 1213; x_wconf 69' lang='lat' dir='ltr'><strong>vir-</strong></span> 
     </span>
    </p>
   </div>
   <div class='ocr_carea' id='block_1_15' title="bbox 592 1251 2162 1322">
    <p class='ocr_par' dir='ltr' id='par_1_15' title="bbox 592 1251 2162 1322">
     <span class='ocr_line' id='line_1_15' title="bbox 592 1251 2162 1322; baseline 0.001 -16"><span class='ocrx_word' id='word_1_101' title='bbox 592 1263 809 1322; x_wconf 89' lang='lat' dir='ltr'><strong>tuteqne</strong></span> <span class='ocrx_word' id='word_1_102' title='bbox 850 1252 1044 1321; x_wconf 81' lang='lat' dir='ltr'><strong>insigni</strong></span> <span class='ocrx_word' id='word_1_103' title='bbox 1088 1251 1510 1307; x_wconf 85' lang='lat' dir='ltr'><strong>ecclesiasticam</strong></span> <span class='ocrx_word' id='word_1_104' title='bbox 1559 1252 1877 1322; x_wconf 81' lang='lat' dir='ltr'><strong>dignitatem</strong></span> <span class='ocrx_word' id='word_1_105' title='bbox 1921 1263 2162 1322; x_wconf 84' lang='lat' dir='ltr'><strong>regente,</strong></span> 
     </span>
    </p>
   </div>
   <div class='ocr_carea' id='block_1_16' title="bbox 591 1341 2166 1408">
    <p class='ocr_par' dir='ltr' id='par_1_16' title="bbox 591 1341 2166 1408">
     <span class='ocr_line' id='line_1_16' title="bbox 591 1341 2166 1408; baseline 0 -13"><span class='ocrx_word' id='word_1_106' title='bbox 591 1342 731 1395; x_wconf 83' lang='lat' dir='ltr'><strong>haud</strong></span> <span class='ocrx_word' id='word_1_107' title='bbox 760 1357 887 1394; x_wconf 88' lang='lat' dir='ltr'><strong>sana</strong></span> <span class='ocrx_word' id='word_1_108' title='bbox 925 1345 1067 1404; x_wconf 75' lang='lat' dir='ltr'><strong>circa</strong></span> <span class='ocrx_word' id='word_1_109' title='bbox 1093 1341 1460 1397; x_wconf 82' lang='lat' dir='ltr'><strong>Christianam</strong></span> <span class='ocrx_word' id='word_1_110' title='bbox 1503 1341 1813 1408; x_wconf 73' lang='lat' dir='ltr'><strong>religionem</strong></span> <span class='ocrx_word' id='word_1_111' title='bbox 1848 1345 2051 1397; x_wconf 80' lang='lat' dir='ltr'><strong>sentire</strong></span> <span class='ocrx_word' id='word_1_112' title='bbox 2085 1342 2166 1396; x_wconf 91' lang='lat' dir='ltr'><strong>vi-</strong></span> 
     </span>
    </p>
   </div>
   <div class='ocr_carea' id='block_1_17' title="bbox 590 1427 2165 1499">
    <p class='ocr_par' dir='ltr' id='par_1_17' title="bbox 590 1427 2165 1499">
     <span class='ocr_line' id='line_1_17' title="bbox 590 1427 2165 1499; baseline 0.003 -19"><span class='ocrx_word' id='word_1_113' title='bbox 590 1442 683 1480; x_wconf 85' lang='lat' dir='ltr'><strong>sus</strong></span> <span class='ocrx_word' id='word_1_114' title='bbox 711 1435 879 1491; x_wconf 87' lang='lat' dir='ltr'><strong>esset,</strong></span> <span class='ocrx_word' id='word_1_115' title='bbox 907 1427 1137 1497; x_wconf 85' lang='lat' dir='ltr'><strong>ideoque</strong></span> <span class='ocrx_word' id='word_1_116' title='bbox 1169 1428 1374 1496; x_wconf 84' lang='lat' dir='ltr'><strong>judicio</strong></span> <span class='ocrx_word' id='word_1_117' title='bbox 1401 1430 1644 1499; x_wconf 80' lang='lat' dir='ltr'><strong>synodali</strong></span> <span class='ocrx_word' id='word_1_118' title='bbox 1677 1429 1868 1486; x_wconf 78' lang='lat' dir='ltr'><strong>fuisset</strong></span> <span class='ocrx_word' id='word_1_119' title='bbox 1907 1431 2165 1486; x_wconf 87' lang='lat' dir='ltr'><strong>condem-</strong></span> 
     </span>
    </p>
   </div>
   <div class='ocr_carea' id='block_1_18' title="bbox 594 1519 2163 1590">
    <p class='ocr_par' dir='ltr' id='par_1_18' title="bbox 594 1519 2163 1590">
     <span class='ocr_line' id='line_1_18' title="bbox 594 1519 2163 1590; baseline 0.004 -22"><span class='ocrx_word' id='word_1_120' title='bbox 594 1526 784 1581; x_wconf 84' lang='lat' dir='ltr'><strong>natus,</strong></span> <span class='ocrx_word' id='word_1_121' title='bbox 842 1519 1004 1571; x_wconf 83' lang='lat' dir='ltr'><strong>barba</strong></span> <span class='ocrx_word' id='word_1_122' title='bbox 1052 1520 1117 1572; x_wconf 89' lang='lat' dir='ltr'><strong>ad</strong></span> <span class='ocrx_word' id='word_1_123' title='bbox 1165 1520 1303 1572; x_wconf 82' lang='lat' dir='ltr'><strong>talos</strong></span> <span class='ocrx_word' id='word_1_124' title='bbox 1360 1535 1530 1590; x_wconf 89' lang='lat' dir='ltr'><strong>usque</strong></span> <span class='ocrx_word' id='word_1_125' title='bbox 1587 1529 1879 1589; x_wconf 88' lang='lat' dir='ltr'><strong>protensa,</strong></span> <span class='ocrx_word' id='word_1_126' title='bbox 1933 1522 2163 1589; x_wconf 80' lang='lat' dir='ltr'><strong>derasa,</strong></span> 
     </span>
    </p>
   </div>
   <div class='ocr_carea' id='block_1_19' title="bbox 590 1610 2165 1677">
    <p class='ocr_par' dir='ltr' id='par_1_19' title="bbox 590 1610 2165 1677">
     <span class='ocr_line' id='line_1_19' title="bbox 590 1610 2165 1677; baseline 0.004 -16"><span class='ocrx_word' id='word_1_127' title='bbox 590 1610 799 1663; x_wconf 83' lang='lat' dir='ltr'><strong>carceri</strong></span> <span class='ocrx_word' id='word_1_128' title='bbox 834 1612 1194 1676; x_wconf 78' lang='lat' dir='ltr'><strong>mancipatur.</strong></span> <span class='ocrx_word' id='word_1_129' title='bbox 1241 1610 1310 1666; x_wconf 85' lang='lat' dir='ltr'><strong>Ut</strong></span> <span class='ocrx_word' id='word_1_130' title='bbox 1338 1623 1467 1664; x_wconf 87' lang='lat' dir='ltr'><strong>vero</strong></span> <span class='ocrx_word' id='word_1_131' title='bbox 1513 1613 1620 1665; x_wconf 80' lang='lat' dir='ltr'><strong>vita</strong></span> <span class='ocrx_word' id='word_1_132' title='bbox 1667 1612 1850 1665; x_wconf 80' lang='lat' dir='ltr'><strong>functo</strong></span> <span class='ocrx_word' id='word_1_133' title='bbox 1884 1612 2165 1677; x_wconf 86' lang='lat' dir='ltr'><strong>Michaele,</strong></span> 
     </span>
    </p>
   </div>
   <div class='ocr_carea' id='block_1_20' title="bbox 593 1701 2166 1773">
    <p class='ocr_par' dir='ltr' id='par_1_20' title="bbox 593 1701 2166 1773">
     <span class='ocr_line' id='line_1_20' title="bbox 593 1701 2166 1773; baseline 0.003 -19"><span class='ocrx_word' id='word_1_134' title='bbox 593 1701 773 1755; x_wconf 87' lang='lat' dir='ltr'><strong>sedem</strong></span> <span class='ocrx_word' id='word_1_135' title='bbox 806 1703 1017 1771; x_wconf 84' lang='lat' dir='ltr'><strong>excepit</strong></span> <span class='ocrx_word' id='word_1_136' title='bbox 1046 1702 1295 1766; x_wconf 88' lang='lat' dir='ltr'><strong>Cosmas,</strong></span> <span class='ocrx_word' id='word_1_137' title='bbox 1320 1702 1533 1773; x_wconf 86' lang='lat' dir='ltr'><strong>Niphon</strong></span> <span class='ocrx_word' id='word_1_138' title='bbox 1559 1703 1801 1759; x_wconf 81' lang='lat' dir='ltr'><strong>liberiori</strong></span> <span class='ocrx_word' id='word_1_139' title='bbox 1832 1705 2013 1759; x_wconf 86' lang='lat' dir='ltr'><strong>statim</strong></span> <span class='ocrx_word' id='word_1_140' title='bbox 2038 1720 2166 1759; x_wconf 90' lang='lat' dir='ltr'><strong>usus</strong></span> 
     </span>
    </p>
   </div>
   <div class='ocr_carea' id='block_1_21' title="bbox 595 1793 2168 1865">
    <p class='ocr_par' dir='ltr' id='par_1_21' title="bbox 595 1793 2168 1865">
     <span class='ocr_line' id='line_1_21' title="bbox 595 1793 2168 1865; baseline 0.005 -22"><span class='ocrx_word' id='word_1_141' title='bbox 595 1793 834 1856; x_wconf 87' lang='lat' dir='ltr'><strong>licentia,</strong></span> <span class='ocrx_word' id='word_1_142' title='bbox 869 1794 1110 1861; x_wconf 84' lang='lat' dir='ltr'><strong>publicos</strong></span> <span class='ocrx_word' id='word_1_143' title='bbox 1144 1810 1464 1864; x_wconf 83' lang='lat' dir='ltr'><strong>congressus</strong></span> <span class='ocrx_word' id='word_1_144' title='bbox 1496 1797 1603 1865; x_wconf 82' lang='lat' dir='ltr'><strong>egit</strong></span> <span class='ocrx_word' id='word_1_145' title='bbox 1640 1796 1693 1850; x_wconf 92' lang='lat' dir='ltr'><strong>in</strong></span> <span class='ocrx_word' id='word_1_146' title='bbox 1736 1797 2009 1865; x_wconf 87' lang='lat' dir='ltr'><strong>compitis,</strong></span> <span class='ocrx_word' id='word_1_147' title='bbox 2042 1812 2168 1865; x_wconf 89' lang='lat' dir='ltr'><strong>pra-</strong></span> 
     </span>
    </p>
   </div>
   <div class='ocr_carea' id='block_1_22' title="bbox 595 1888 2165 1958">
    <p class='ocr_par' dir='ltr' id='par_1_22' title="bbox 595 1888 2165 1958">
     <span class='ocr_line' id='line_1_22' title="bbox 595 1888 2165 1958; baseline 0.004 -23"><span class='ocrx_word' id='word_1_148' title='bbox 595 1899 793 1952; x_wconf 85' lang='lat' dir='ltr'><strong>vasque</strong></span> <span class='ocrx_word' id='word_1_149' title='bbox 824 1901 949 1941; x_wconf 78' lang='lat' dir='ltr'><strong>suas</strong></span> <span class='ocrx_word' id='word_1_150' title='bbox 987 1888 1269 1954; x_wconf 74' lang='lat' dir='ltr'><strong>opiniones</strong></span> <span class='ocrx_word' id='word_1_151' title='bbox 1312 1889 1511 1958; x_wconf 91' lang='lat' dir='ltr'><strong>ubique</strong></span> <span class='ocrx_word' id='word_1_152' title='bbox 1544 1889 1779 1955; x_wconf 81' lang='lat' dir='ltr'><strong>ditl‘ndit,</strong></span> <span class='ocrx_word' id='word_1_153' title='bbox 1824 1888 2165 1946; x_wconf 67' lang='lat' dir='ltr'><strong>Hebraeorum</strong></span> 
     </span>
    </p>
   </div>
   <div class='ocr_carea' id='block_1_23' title="bbox 599 1977 2191 2061">
    <p class='ocr_par' dir='ltr' id='par_1_23' title="bbox 599 1977 2191 2061">
     <span class='ocr_line' id='line_1_23' title="bbox 599 1977 2191 2061; baseline 0.006 -31"><span class='ocrx_word' id='word_1_154' title='bbox 599 1977 766 2031; x_wconf 88' lang='lat' dir='ltr'><strong>Deum</strong></span> <span class='ocrx_word' id='word_1_155' title='bbox 804 1977 976 2048; x_wconf 81' lang='lat' dir='ltr'><strong>palam</strong></span> <span class='ocrx_word' id='word_1_156' title='bbox 1025 1981 1340 2049; x_wconf 74' lang='lat' dir='ltr'><strong>repudians.</strong></span> <span class='ocrx_word' id='word_1_157' title='bbox 1389 1982 1621 2045; x_wconf 82' lang='lat' dir='ltr'><strong>Amabat</strong></span> <span class='ocrx_word' id='word_1_158' title='bbox 1669 1983 1959 2039; x_wconf 85' lang='lat' dir='ltr'><strong>hominem</strong></span> <span class='ocrx_word' id='word_1_159' title='bbox 2002 1998 2191 2061; x_wconf 73' lang='lat' dir='ltr'><strong>supra</strong></span> 
     </span>
    </p>
   </div>
   <div class='ocr_carea' id='block_1_24' title="bbox 595 2072 2162 2143">
    <p class='ocr_par' dir='ltr' id='par_1_24' title="bbox 595 2072 2162 2143">
     <span class='ocr_line' id='line_1_24' title="bbox 595 2072 2162 2143; baseline 0.005 -20"><span class='ocrx_word' id='word_1_160' title='bbox 595 2073 809 2126; x_wconf 89' lang='lat' dir='ltr'><strong>modum</strong></span> <span class='ocrx_word' id='word_1_161' title='bbox 837 2072 1080 2137; x_wconf 85' lang='lat' dir='ltr'><strong>Cosmas,</strong></span> <span class='ocrx_word' id='word_1_162' title='bbox 1119 2074 1542 2143; x_wconf 86' lang='lat' dir='ltr'><strong>admittebatque</strong></span> <span class='ocrx_word' id='word_1_163' title='bbox 1589 2076 1641 2129; x_wconf 92' lang='lat' dir='ltr'><strong>in</strong></span> <span class='ocrx_word' id='word_1_164' title='bbox 1687 2076 1768 2131; x_wconf 82' lang='lat' dir='ltr'><strong>sui</strong></span> <span class='ocrx_word' id='word_1_165' title='bbox 1803 2080 2162 2141; x_wconf 82' lang='lat' dir='ltr'><strong>consortium,</strong></span> 
     </span>
    </p>
   </div>
   <div class='ocr_carea' id='block_1_25' title="bbox 592 2164 2161 2239">
    <p class='ocr_par' dir='ltr' id='par_1_25' title="bbox 592 2164 2161 2239">
     <span class='ocr_line' id='line_1_25' title="bbox 592 2164 2161 2239; baseline 0.005 -24"><span class='ocrx_word' id='word_1_166' title='bbox 592 2173 647 2216; x_wconf 91' lang='lat' dir='ltr'><strong>et</strong></span> <span class='ocrx_word' id='word_1_167' title='bbox 694 2164 971 2232; x_wconf 88' lang='lat' dir='ltr'><strong>superiora</strong></span> <span class='ocrx_word' id='word_1_168' title='bbox 1026 2167 1077 2219; x_wconf 91' lang='lat' dir='ltr'><strong>in</strong></span> <span class='ocrx_word' id='word_1_169' title='bbox 1125 2179 1245 2219; x_wconf 89' lang='lat' dir='ltr'><strong>eum</strong></span> <span class='ocrx_word' id='word_1_170' title='bbox 1292 2168 1508 2222; x_wconf 88' lang='lat' dir='ltr'><strong>decreta</strong></span> <span class='ocrx_word' id='word_1_171' title='bbox 1552 2166 1832 2237; x_wconf 68' lang='lat' dir='ltr'><strong>iniustitiae</strong></span> <span class='ocrx_word' id='word_1_172' title='bbox 1882 2169 2161 2239; x_wconf 78' lang='lat' dir='ltr'><strong>arguebat,</strong></span> 
     </span>
    </p>
   </div>
   <div class='ocr_carea' id='block_1_26' title="bbox 592 2256 2163 2328">
    <p class='ocr_par' dir='ltr' id='par_1_26' title="bbox 592 2256 2163 2328">
     <span class='ocr_line' id='line_1_26' title="bbox 592 2256 2163 2328; baseline 0.004 -19"><span class='ocrx_word' id='word_1_173' title='bbox 592 2269 899 2323; x_wconf 85' lang='lat' dir='ltr'><strong>quanquam</strong></span> <span class='ocrx_word' id='word_1_174' title='bbox 943 2267 1064 2311; x_wconf 87' lang='lat' dir='ltr'><strong>ttmc</strong></span> <span class='ocrx_word' id='word_1_175' title='bbox 1099 2257 1260 2312; x_wconf 89' lang='lat' dir='ltr'><strong>etiam</strong></span> <span class='ocrx_word' id='word_1_176' title='bbox 1295 2256 1583 2313; x_wconf 89' lang='lat' dir='ltr'><strong>immodice</strong></span> <span class='ocrx_word' id='word_1_177' title='bbox 1615 2261 1668 2313; x_wconf 91' lang='lat' dir='ltr'><strong>in</strong></span> <span class='ocrx_word' id='word_1_178' title='bbox 1702 2260 1849 2313; x_wconf 93' lang='lat' dir='ltr'><strong>illum</strong></span> <span class='ocrx_word' id='word_1_179' title='bbox 1878 2269 1932 2315; x_wconf 91' lang='lat' dir='ltr'><strong>et</strong></span> <span class='ocrx_word' id='word_1_180' title='bbox 1966 2262 2032 2314; x_wconf 91' lang='lat' dir='ltr'><strong>ad</strong></span> <span class='ocrx_word' id='word_1_181' title='bbox 2066 2275 2163 2328; x_wconf 80' lang='lat' dir='ltr'><strong>pe-</strong></span> 
     </span>
    </p>
   </div>
   <div class='ocr_carea' id='block_1_27' title="bbox 596 2348 2162 2422">
    <p class='ocr_par' dir='ltr' id='par_1_27' title="bbox 596 2348 2162 2422">
     <span class='ocr_line' id='line_1_27' title="bbox 596 2348 2162 2422; baseline 0.004 -23"><span class='ocrx_word' id='word_1_182' title='bbox 596 2348 876 2401; x_wconf 89' lang='lat' dir='ltr'><strong>tulantiam</strong></span> <span class='ocrx_word' id='word_1_183' title='bbox 934 2364 1104 2417; x_wconf 86' lang='lat' dir='ltr'><strong>usque</strong></span> <span class='ocrx_word' id='word_1_184' title='bbox 1158 2364 1457 2418; x_wconf 88' lang='lat' dir='ltr'><strong>propensus</strong></span> <span class='ocrx_word' id='word_1_185' title='bbox 1518 2352 1862 2419; x_wconf 81' lang='lat' dir='ltr'><strong>atrocissime</strong></span> <span class='ocrx_word' id='word_1_186' title='bbox 1920 2352 2162 2422; x_wconf 84' lang='lat' dir='ltr'><strong>repulsus</strong></span> 
     </span>
    </p>
   </div>
   <div class='ocr_carea' id='block_1_28' title="bbox 597 2438 2162 2514">
    <p class='ocr_par' dir='ltr' id='par_1_28' title="bbox 597 2438 2162 2514">
     <span class='ocr_line' id='line_1_28' title="bbox 597 2438 2162 2514; baseline 0.005 -24"><span class='ocrx_word' id='word_1_187' title='bbox 597 2438 791 2503; x_wconf 78' lang='lat' dir='ltr'><strong>fuerat,</strong></span> <span class='ocrx_word' id='word_1_188' title='bbox 849 2446 903 2493; x_wconf 88' lang='lat' dir='ltr'><strong>et</strong></span> <span class='ocrx_word' id='word_1_189' title='bbox 959 2449 1178 2507; x_wconf 88' lang='lat' dir='ltr'><strong>propter</strong></span> <span class='ocrx_word' id='word_1_190' title='bbox 1225 2442 1476 2496; x_wconf 79' lang='lat' dir='ltr'><strong>virtutem</strong></span> <span class='ocrx_word' id='word_1_191' title='bbox 1532 2441 1726 2498; x_wconf 83' lang='lat' dir='ltr'><strong>divinis</strong></span> <span class='ocrx_word' id='word_1_192' title='bbox 1780 2445 2162 2514; x_wconf 85' lang='lat' dir='ltr'><strong>prepemodum</strong></span> 
     </span>
    </p>
   </div>
   <div class='ocr_carea' id='block_1_29' title="bbox 595 2514 2161 2604">
    <p class='ocr_par' dir='ltr' id='par_1_29' title="bbox 595 2514 2161 2604">
     <span class='ocr_line' id='line_1_29' title="bbox 595 2514 2161 2604; baseline 0.005 -25"><span class='ocrx_word' id='word_1_193' title='bbox 595 2528 844 2585; x_wconf 87' lang='lat' dir='ltr'><strong>laudibus</strong></span> <span class='ocrx_word' id='word_1_194' title='bbox 892 2545 1012 2584; x_wconf 87' lang='lat' dir='ltr'><strong>eum</strong></span> <span class='ocrx_word' id='word_1_195' title='bbox 1062 2514 1355 2597; x_wconf 42' lang='lat' dir='ltr'><strong>eﬂercbat;</strong></span> <span class='ocrx_word' id='word_1_196' title='bbox 1374 2532 1712 2603; x_wconf 87' lang='lat' dir='ltr'><strong>addebatque</strong></span> <span class='ocrx_word' id='word_1_197' title='bbox 1751 2535 1863 2604; x_wconf 89' lang='lat' dir='ltr'><strong>jam</strong></span> <span class='ocrx_word' id='word_1_198' title='bbox 1906 2535 2034 2590; x_wconf 82' lang='lat' dir='ltr'><strong>olim</strong></span> <span class='ocrx_word' id='word_1_199' title='bbox 2085 2535 2161 2590; x_wconf 88' lang='lat' dir='ltr'><strong>illi</strong></span> 
     </span>
    </p>
   </div>
   <div class='ocr_carea' id='block_1_30' title="bbox 594 2621 2163 2694">
    <p class='ocr_par' dir='ltr' id='par_1_30' title="bbox 594 2621 2163 2694">
     <span class='ocr_line' id='line_1_30' title="bbox 594 2621 2163 2694; baseline 0.008 -23"><span class='ocrx_word' id='word_1_200' title='bbox 594 2621 907 2688; x_wconf 65' lang='lat' dir='ltr'><strong>praedictum</strong></span> <span class='ocrx_word' id='word_1_201' title='bbox 952 2623 1020 2676; x_wconf 87' lang='lat' dir='ltr'><strong>ab</strong></span> <span class='ocrx_word' id='word_1_202' title='bbox 1061 2638 1144 2688; x_wconf 88' lang='lat' dir='ltr'><strong>eo,</strong></span> <span class='ocrx_word' id='word_1_203' title='bbox 1192 2622 1310 2678; x_wconf 80' lang='lat' dir='ltr'><strong>fore</strong></span> <span class='ocrx_word' id='word_1_204' title='bbox 1356 2634 1415 2679; x_wconf 90' lang='lat' dir='ltr'><strong>ut</strong></span> <span class='ocrx_word' id='word_1_205' title='bbox 1456 2625 1866 2694; x_wconf 87' lang='lat' dir='ltr'><strong>patriarchalem</strong></span> <span class='ocrx_word' id='word_1_206' title='bbox 1911 2628 2163 2682; x_wconf 85' lang='lat' dir='ltr'><strong>thronum</strong></span> 
     </span>
    </p>
   </div>
   <div class='ocr_carea' id='block_1_31' title="bbox 596 2714 2163 2788">
    <p class='ocr_par' dir='ltr' id='par_1_31' title="bbox 596 2714 2163 2788">
     <span class='ocr_line' id='line_1_31' title="bbox 596 2714 2163 2788; baseline 0.006 -23"><span class='ocrx_word' id='word_1_207' title='bbox 596 2714 1002 2768; x_wconf 89' lang='lat' dir='ltr'><strong>conscenderet.</strong></span> <span class='ocrx_word' id='word_1_208' title='bbox 1038 2714 1162 2770; x_wconf 65' lang='lat' dir='ltr'><strong>Hice</strong></span> <span class='ocrx_word' id='word_1_209' title='bbox 1189 2716 1367 2771; x_wconf 91' lang='lat' dir='ltr'><strong>multis</strong></span> <span class='ocrx_word' id='word_1_210' title='bbox 1392 2732 1497 2772; x_wconf 92' lang='lat' dir='ltr'><strong>non</strong></span> <span class='ocrx_word' id='word_1_211' title='bbox 1523 2718 1848 2788; x_wconf 83' lang='lat' dir='ltr'><strong>placuerunt</strong></span> <span class='ocrx_word' id='word_1_212' title='bbox 1877 2736 1893 2773; x_wconf 90' lang='lat'><strong>:</strong></span> <span class='ocrx_word' id='word_1_213' title='bbox 1928 2721 2069 2775; x_wconf 86' lang='lat' dir='ltr'><strong>unde</strong></span> <span class='ocrx_word' id='word_1_214' title='bbox 2097 2737 2163 2776; x_wconf 79' lang='lat' dir='ltr'><strong>ex</strong></span> 
     </span>
    </p>
   </div>
   <div class='ocr_carea' id='block_1_32' title="bbox 598 2800 2167 2875">
    <p class='ocr_par' dir='ltr' id='par_1_32' title="bbox 598 2800 2167 2875">
     <span class='ocr_line' id='line_1_32' title="bbox 598 2800 2167 2875; baseline 0.008 -24"><span class='ocrx_word' id='word_1_215' title='bbox 598 2800 666 2854; x_wconf 85' lang='lat' dir='ltr'><strong>iis</strong></span> <span class='ocrx_word' id='word_1_216' title='bbox 698 2801 961 2865; x_wconf 90' lang='lat' dir='ltr'><strong>nonnulli,</strong></span> <span class='ocrx_word' id='word_1_217' title='bbox 1003 2804 1198 2872; x_wconf 84' lang='lat' dir='ltr'><strong>quibus</strong></span> <span class='ocrx_word' id='word_1_218' title='bbox 1230 2807 1570 2875; x_wconf 88' lang='lat' dir='ltr'><strong>potissimum</strong></span> <span class='ocrx_word' id='word_1_219' title='bbox 1603 2807 1811 2862; x_wconf 80' lang='lat' dir='ltr'><strong>Cosmze</strong></span> <span class='ocrx_word' id='word_1_220' title='bbox 1846 2809 1992 2864; x_wconf 89' lang='lat' dir='ltr'><strong>salus</strong></span> <span class='ocrx_word' id='word_1_221' title='bbox 2022 2825 2167 2865; x_wconf 64' lang='lat' dir='ltr'><strong>cura:</strong></span> 
     </span>
    </p>
   </div>
   <div class='ocr_carea' id='block_1_33' title="bbox 598 2892 2167 2965">
    <p class='ocr_par' dir='ltr' id='par_1_33' title="bbox 598 2892 2167 2965">
     <span class='ocr_line' id='line_1_33' title="bbox 598 2892 2167 2965; baseline 0.008 -22"><span class='ocrx_word' id='word_1_222' title='bbox 598 2900 736 2954; x_wconf 80' lang='lat' dir='ltr'><strong>erat,</strong></span> <span class='ocrx_word' id='word_1_223' title='bbox 784 2892 948 2947; x_wconf 84' lang='lat' dir='ltr'><strong>tacite</strong></span> <span class='ocrx_word' id='word_1_224' title='bbox 982 2895 1305 2949; x_wconf 82' lang='lat' dir='ltr'><strong>accedentes</strong></span> <span class='ocrx_word' id='word_1_225' title='bbox 1337 2914 1350 2949; x_wconf 88' lang='lat'><strong>:</strong></span> <span class='ocrx_word' id='word_1_226' title='bbox 1394 2914 1412 2947; x_wconf 84' lang='lat' dir='ltr'><strong>t</strong></span> <span class='ocrx_word' id='word_1_227' title='bbox 1454 2896 1611 2962; x_wconf 82' lang='lat' dir='ltr'><strong>Quid,</strong></span> <span class='ocrx_word' id='word_1_228' title='bbox 1652 2900 1889 2965; x_wconf 84' lang='lat' dir='ltr'><strong>aiebant,</strong></span> <span class='ocrx_word' id='word_1_229' title='bbox 1926 2915 1959 2954; x_wconf 93' lang='lat'><strong>0</strong></span> <span class='ocrx_word' id='word_1_230' title='bbox 1992 2901 2167 2955; x_wconf 74' lang='lat' dir='ltr'><strong>divine</strong></span> 
     </span>
    </p>
   </div>
   <div class='ocr_carea' id='block_1_34' title="bbox 548 2989 2167 3057">
    <p class='ocr_par' dir='ltr' id='par_1_34' title="bbox 548 2989 2167 3057">
     <span class='ocr_line' id='line_1_34' title="bbox 548 2989 2167 3057; baseline 0.006 -17"><span class='ocrx_word' id='word_1_231' title='bbox 548 3036 552 3040; x_wconf 83' lang='lat'><strong>.</strong></span> <span class='ocrx_word' id='word_1_232' title='bbox 602 2993 807 3051; x_wconf 83' lang='lat' dir='ltr'><strong>pastor,</strong></span> <span class='ocrx_word' id='word_1_233' title='bbox 872 2996 1036 3042; x_wconf 88' lang='lat' dir='ltr'><strong>temet</strong></span> <span class='ocrx_word' id='word_1_234' title='bbox 1078 2989 1249 3057; x_wconf 91' lang='lat' dir='ltr'><strong>ipsum</strong></span> <span class='ocrx_word' id='word_1_235' title='bbox 1292 2989 1416 3057; x_wconf 91' lang='lat' dir='ltr'><strong>lupo</strong></span> <span class='ocrx_word' id='word_1_236' title='bbox 1458 2992 1777 3044; x_wconf 79' lang='lat' dir='ltr'><strong>concredis?</strong></span> <span class='ocrx_word' id='word_1_237' title='bbox 1808 3007 1985 3047; x_wconf 86' lang='lat' dir='ltr'><strong>annon</strong></span> <span class='ocrx_word' id='word_1_238' title='bbox 2020 2994 2167 3050; x_wconf 75' lang='lat' dir='ltr'><strong>vides</strong></span> 
     </span>
    </p>
   </div>
   <div class='ocr_carea' id='block_1_35' title="bbox 2266 702 3821 776">
    <p class='ocr_par' dir='ltr' id='par_1_35' title="bbox 2266 702 3821 776">
     <span class='ocr_line' id='line_1_35' title="bbox 2266 702 3821 776; baseline 0.002 -19"><span class='ocrx_word' id='word_1_239' title='bbox 2266 702 2678 774; x_wconf 83' lang='grc' dir='ltr'>κλησιαστικοῖς</span> <span class='ocrx_word' id='word_1_240' title='bbox 2740 704 2803 758; x_wconf 82' lang='grc' dir='ltr'>τὸ</span> <span class='ocrx_word' id='word_1_241' title='bbox 2846 706 3100 773; x_wconf 80' lang='grc' dir='ltr'><strong>τηνικάδε</strong></span> <span class='ocrx_word' id='word_1_242' title='bbox 3155 705 3398 773; x_wconf 80' lang='grc' dir='ltr'>ἐφεστὼς</span> <span class='ocrx_word' id='word_1_243' title='bbox 3455 709 3821 776; x_wconf 81' lang='grc' dir='ltr'><strong>πραγμάτων,</strong></span> 
     </span>
    </p>
   </div>
   <div class='ocr_carea' id='block_1_36' title="bbox 2264 786 3825 865">
    <p class='ocr_par' dir='ltr' id='par_1_36' title="bbox 2264 786 3825 865">
     <span class='ocr_line' id='line_1_36' title="bbox 2264 786 3825 865; baseline 0.003 -19"><span class='ocrx_word' id='word_1_244' title='bbox 2264 793 2405 864; x_wconf 82' lang='grc' dir='ltr'>ἀνὴρ</span> <span class='ocrx_word' id='word_1_245' title='bbox 2437 793 2537 863; x_wconf 83' lang='grc' dir='ltr'><strong>βίῳ</strong></span> <span class='ocrx_word' id='word_1_246' title='bbox 2568 794 2660 846; x_wconf 77' lang='grc' dir='ltr'><strong>καὶ</strong></span> <span class='ocrx_word' id='word_1_247' title='bbox 2692 794 2835 865; x_wconf 89' lang='grc' dir='ltr'>λόγῳ</span> <span class='ocrx_word' id='word_1_248' title='bbox 2875 795 3122 865; x_wconf 81' lang='grc' dir='ltr'>κόσμιος,</span> <span class='ocrx_word' id='word_1_249' title='bbox 3178 786 3271 847; x_wconf 63' lang='grc' dir='ltr'><strong>τοῦ</strong></span> <span class='ocrx_word' id='word_1_250' title='bbox 3318 796 3504 863; x_wconf 78' lang='grc' dir='ltr'><strong>θρόνου</strong></span> <span class='ocrx_word' id='word_1_251' title='bbox 3553 799 3825 850; x_wconf 75' lang='grc' dir='ltr'>κατεσπά-</span> 
     </span>
    </p>
   </div>
   <div class='ocr_carea' id='block_1_37' title="bbox 2263 883 3825 961">
    <p class='ocr_par' dir='ltr' id='par_1_37' title="bbox 2263 883 3825 961">
     <span class='ocr_line' id='line_1_37' title="bbox 2263 883 3825 961; baseline 0.002 -22"><span class='ocrx_word' id='word_1_252' title='bbox 2263 887 2362 958; x_wconf 89' lang='grc' dir='ltr'><strong>σθη</strong></span> <span class='ocrx_word' id='word_1_253' title='bbox 2418 888 2501 939; x_wconf 81' lang='grc' dir='ltr'><strong>ἐπ’</strong></span> <span class='ocrx_word' id='word_1_254' title='bbox 2551 889 2700 957; x_wconf 78' lang='grc' dir='ltr'>αἰτίᾳ</span> <span class='ocrx_word' id='word_1_255' title='bbox 2756 889 2955 957; x_wconf 79' lang='grc' dir='ltr'>τοιᾷδε.</span> <span class='ocrx_word' id='word_1_256' title='bbox 3000 883 3121 941; x_wconf 60' lang='grc' dir='ltr'><strong>ηἮν</strong></span> <span class='ocrx_word' id='word_1_257' title='bbox 3184 905 3268 950; x_wconf 88' lang='grc' dir='ltr'><strong>τις</strong></span> <span class='ocrx_word' id='word_1_258' title='bbox 3328 888 3467 956; x_wconf 82' lang='grc' dir='ltr'>ἀνὴρ</span> <span class='ocrx_word' id='word_1_259' title='bbox 3526 893 3825 961; x_wconf 78' lang='grc' dir='ltr'>μοναχικὴν</span> 
     </span>
    </p>
   </div>
   <div class='ocr_carea' id='block_1_38' title="bbox 2265 978 3827 1053">
    <p class='ocr_par' dir='ltr' id='par_1_38' title="bbox 2265 978 3827 1053">
     <span class='ocr_line' id='line_1_38' title="bbox 2265 978 3827 1053; baseline 0.001 -23"><span class='ocrx_word' id='word_1_260' title='bbox 2265 978 2658 1049; x_wconf 80' lang='grc' dir='ltr'><strong>ἐπανελόμενος</strong></span> <span class='ocrx_word' id='word_1_261' title='bbox 2684 978 2749 1053; x_wconf 84' lang='grc' dir='ltr'><strong>[Ρ</strong></span> <span class='ocrx_word' id='word_1_262' title='bbox 2781 979 2875 1051; x_wconf 78' lang='lat'><strong>36]</strong></span> <span class='ocrx_word' id='word_1_263' title='bbox 2904 979 3199 1044; x_wconf 79' lang='grc' dir='ltr'>πολιτείαν,</span> <span class='ocrx_word' id='word_1_264' title='bbox 3229 980 3398 1046; x_wconf 78' lang='grc' dir='ltr'>ὄνομα</span> <span class='ocrx_word' id='word_1_265' title='bbox 3448 981 3674 1050; x_wconf 80' lang='grc' dir='ltr'>Νήφων,</span> <span class='ocrx_word' id='word_1_266' title='bbox 3706 998 3827 1033; x_wconf 84' lang='grc' dir='ltr'>παι-</span> 
     </span>
    </p>
   </div>
   <div class='ocr_carea' id='block_1_39' title="bbox 2263 1070 3828 1141">
    <p class='ocr_par' dir='ltr' id='par_1_39' title="bbox 2263 1070 3828 1141">
     <span class='ocr_line' id='line_1_39' title="bbox 2263 1070 3828 1141; baseline -0.001 -17"><span class='ocrx_word' id='word_1_267' title='bbox 2263 1070 2411 1133; x_wconf 85' lang='grc' dir='ltr'>δείας</span> <span class='ocrx_word' id='word_1_268' title='bbox 2449 1072 2548 1141; x_wconf 84' lang='grc' dir='ltr'>μὲν</span> <span class='ocrx_word' id='word_1_269' title='bbox 2576 1075 2674 1141; x_wconf 83' lang='grc' dir='ltr'>τῆς</span> <span class='ocrx_word' id='word_1_270' title='bbox 2706 1072 2996 1140; x_wconf 80' lang='grc' dir='ltr'>ἐγκυκλίου</span> <span class='ocrx_word' id='word_1_271' title='bbox 3043 1072 3136 1124; x_wconf 74' lang='grc' dir='ltr'>καὶ</span> <span class='ocrx_word' id='word_1_272' title='bbox 3160 1071 3499 1141; x_wconf 72' lang='grc' dir='ltr'>μαθημάτων</span> <span class='ocrx_word' id='word_1_273' title='bbox 3536 1072 3644 1124; x_wconf 84' lang='grc' dir='ltr'><strong>τῶν</strong></span> <span class='ocrx_word' id='word_1_274' title='bbox 3674 1072 3828 1134; x_wconf 73' lang='grc' dir='ltr'>ἐκτὸς</span> 
     </span>
    </p>
   </div>
   <div class='ocr_carea' id='block_1_40' title="bbox 2264 1162 3828 1234">
    <p class='ocr_par' dir='ltr' id='par_1_40' title="bbox 2264 1162 3828 1234">
     <span class='ocr_line' id='line_1_40' title="bbox 2264 1162 3828 1234; baseline 0.001 -20"><span class='ocrx_word' id='word_1_275' title='bbox 2264 1162 2383 1215; x_wconf 80' lang='grc' dir='ltr'><strong>ούδέ</strong></span> <span class='ocrx_word' id='word_1_276' title='bbox 2419 1162 2581 1233; x_wconf 78' lang='grc' dir='ltr'>μέχρι</span> <span class='ocrx_word' id='word_1_277' title='bbox 2621 1164 2821 1234; x_wconf 86' lang='grc' dir='ltr'>πείρας</span> <span class='ocrx_word' id='word_1_278' title='bbox 2868 1163 3057 1227; x_wconf 82' lang='grc' dir='ltr'>ἐλθὼν,</span> <span class='ocrx_word' id='word_1_279' title='bbox 3092 1165 3201 1225; x_wconf 89' lang='grc' dir='ltr'>τοῖς</span> <span class='ocrx_word' id='word_1_280' title='bbox 3243 1164 3408 1230; x_wconf 83' lang='grc' dir='ltr'>ἱεροῖς</span> <span class='ocrx_word' id='word_1_281' title='bbox 3437 1163 3493 1217; x_wconf 83' lang='grc' dir='ltr'>δὲ</span> <span class='ocrx_word' id='word_1_282' title='bbox 3523 1163 3731 1230; x_wconf 77' lang='grc' dir='ltr'>λογίοις</span> <span class='ocrx_word' id='word_1_283' title='bbox 3769 1166 3828 1216; x_wconf 84' lang='grc' dir='ltr'><strong>ἐκ</strong></span> 
     </span>
    </p>
   </div>
   <div class='ocr_carea' id='block_1_41' title="bbox 2266 1250 3829 1331">
    <p class='ocr_par' dir='ltr' id='par_1_41' title="bbox 2266 1250 3829 1331">
     <span class='ocr_line' id='line_1_41' title="bbox 2266 1250 3829 1331; baseline -0.001 -22"><span class='ocrx_word' id='word_1_284' title='bbox 2266 1254 2471 1310; x_wconf 88' lang='grc' dir='ltr'>παίδων</span> <span class='ocrx_word' id='word_1_285' title='bbox 2502 1257 2691 1309; x_wconf 86' lang='grc' dir='ltr'>ἐαυτὸν</span> <span class='ocrx_word' id='word_1_286' title='bbox 2723 1256 2956 1319; x_wconf 89' lang='grc' dir='ltr'>ἐπιδούς.</span> <span class='ocrx_word' id='word_1_287' title='bbox 2995 1250 3160 1321; x_wconf 77' lang='grc' dir='ltr'>Οὗτος</span> <span class='ocrx_word' id='word_1_288' title='bbox 3278 1257 3479 1326; x_wconf 78' lang='grc' dir='ltr'>Νήφων</span> <span class='ocrx_word' id='word_1_289' title='bbox 3506 1256 3727 1327; x_wconf 77' lang='grc' dir='ltr'>Μιχαὴλ</span> <span class='ocrx_word' id='word_1_290' title='bbox 3755 1254 3829 1307; x_wconf 82' lang='grc' dir='ltr'><strong>ἐτι</strong></span> 
     </span>
    </p>
   </div>
   <div class='ocr_carea' id='block_1_42' title="bbox 2264 1348 3832 1419">
    <p class='ocr_par' dir='ltr' id='par_1_42' title="bbox 2264 1348 3832 1419">
     <span class='ocr_line' id='line_1_42' title="bbox 2264 1348 3832 1419; baseline -0.002 -18"><span class='ocrx_word' id='word_1_291' title='bbox 2264 1348 2455 1419; x_wconf 71' lang='grc' dir='ltr'>ἀνδρὸς</span> <span class='ocrx_word' id='word_1_292' title='bbox 2487 1349 2630 1418; x_wconf 75' lang='grc' dir='ltr'>ἱεροῦ</span> <span class='ocrx_word' id='word_1_293' title='bbox 2655 1351 2749 1402; x_wconf 73' lang='grc' dir='ltr'><strong>καὶ</strong></span> <span class='ocrx_word' id='word_1_294' title='bbox 2772 1349 2964 1401; x_wconf 85' lang='grc' dir='ltr'>πολλοῦ</span> <span class='ocrx_word' id='word_1_295' title='bbox 2988 1349 3087 1415; x_wconf 82' lang='grc' dir='ltr'>τὴν</span> <span class='ocrx_word' id='word_1_296' title='bbox 3117 1350 3317 1419; x_wconf 81' lang='grc' dir='ltr'>ἀρετὴν</span> <span class='ocrx_word' id='word_1_297' title='bbox 3337 1348 3428 1401; x_wconf 82' lang='grc' dir='ltr'>τὸν</span> <span class='ocrx_word' id='word_1_298' title='bbox 3454 1348 3832 1416; x_wconf 73' lang='grc' dir='ltr'>ἐκκλησιαστι-</span> 
     </span>
    </p>
   </div>
   <div class='ocr_carea' id='block_1_43' title="bbox 2266 1428 3830 1509">
    <p class='ocr_par' dir='ltr' id='par_1_43' title="bbox 2266 1428 3830 1509">
     <span class='ocr_line' id='line_1_43' title="bbox 2266 1428 3830 1509; baseline 0 -18"><span class='ocrx_word' id='word_1_299' title='bbox 2266 1440 2359 1492; x_wconf 66' lang='grc' dir='ltr'><strong>κὸν</strong></span> <span class='ocrx_word' id='word_1_300' title='bbox 2390 1439 2666 1501; x_wconf 78' lang='grc' dir='ltr'>διέποντος</span> <span class='ocrx_word' id='word_1_301' title='bbox 2699 1438 2885 1508; x_wconf 79' lang='grc' dir='ltr'>θρόνον</span> <span class='ocrx_word' id='word_1_302' title='bbox 2919 1432 3204 1509; x_wconf 77' lang='grc' dir='ltr'>δόξαν,ούχ</span> <span class='ocrx_word' id='word_1_303' title='bbox 3247 1428 3377 1506; x_wconf 80' lang='grc' dir='ltr'>ὑγιᾶ</span> <span class='ocrx_word' id='word_1_304' title='bbox 3420 1439 3489 1492; x_wconf 78' lang='grc' dir='ltr'><strong>τά</strong></span> <span class='ocrx_word' id='word_1_305' title='bbox 3520 1439 3575 1502; x_wconf 70' lang='grc' dir='ltr'><strong>ἐς</strong></span> <span class='ocrx_word' id='word_1_306' title='bbox 3614 1438 3673 1492; x_wconf 81' lang='grc' dir='ltr'>τὸ</span> <span class='ocrx_word' id='word_1_307' title='bbox 3702 1439 3830 1508; x_wconf 86' lang='grc' dir='ltr'>Χρι-</span> 
     </span>
    </p>
   </div>
   <div class='ocr_carea' id='block_1_44' title="bbox 2268 1530 3831 1602">
    <p class='ocr_par' dir='ltr' id='par_1_44' title="bbox 2268 1530 3831 1602">
     <span class='ocr_line' id='line_1_44' title="bbox 2268 1530 3831 1602; baseline -0.001 -17"><span class='ocrx_word' id='word_1_308' title='bbox 2268 1531 2499 1586; x_wconf 84' lang='grc' dir='ltr'>στιανῶν</span> <span class='ocrx_word' id='word_1_309' title='bbox 2536 1531 2711 1599; x_wconf 85' lang='grc' dir='ltr'>δόγμα</span> <span class='ocrx_word' id='word_1_310' title='bbox 2744 1531 2957 1592; x_wconf 83' lang='grc' dir='ltr'>πολλοῖς</span> <span class='ocrx_word' id='word_1_311' title='bbox 3003 1534 3130 1602; x_wconf 73' lang='grc' dir='ltr'>περὶ</span> <span class='ocrx_word' id='word_1_312' title='bbox 3160 1530 3352 1584; x_wconf 82' lang='grc' dir='ltr'>ἐαυτοῦ</span> <span class='ocrx_word' id='word_1_313' title='bbox 3378 1530 3624 1592; x_wconf 85' lang='grc' dir='ltr'>δεδωκὼς</span> <span class='ocrx_word' id='word_1_314' title='bbox 3653 1530 3831 1599; x_wconf 86' lang='grc' dir='ltr'>κρίσει</span> 
     </span>
    </p>
   </div>
   <div class='ocr_carea' id='block_1_45' title="bbox 2265 1614 3831 1695">
    <p class='ocr_par' dir='ltr' id='par_1_45' title="bbox 2265 1614 3831 1695">
     <span class='ocr_line' id='line_1_45' title="bbox 2265 1614 3831 1695; baseline -0.002 -17"><span class='ocrx_word' id='word_1_315' title='bbox 2265 1644 2323 1678; x_wconf 87' lang='grc' dir='ltr'><strong>τε</strong></span> <span class='ocrx_word' id='word_1_316' title='bbox 2383 1614 2634 1695; x_wconf 84' lang='grc' dir='ltr'>συνοδικῇ</span> <span class='ocrx_word' id='word_1_317' title='bbox 2670 1624 2781 1695; x_wconf 85' lang='grc'><strong>(77)</strong></span> <span class='ocrx_word' id='word_1_318' title='bbox 2839 1623 2925 1676; x_wconf 80' lang='grc' dir='ltr'><strong>διὰ</strong></span> <span class='ocrx_word' id='word_1_319' title='bbox 2982 1622 3139 1675; x_wconf 77' lang='grc' dir='ltr'>τοῦτο</span> <span class='ocrx_word' id='word_1_320' title='bbox 3185 1623 3587 1693; x_wconf 69' lang='grc' dir='ltr'>άποψηφισθεῖς</span> <span class='ocrx_word' id='word_1_321' title='bbox 3634 1624 3729 1676; x_wconf 89' lang='grc' dir='ltr'><strong>τόν</strong></span> <span class='ocrx_word' id='word_1_322' title='bbox 3774 1640 3831 1675; x_wconf 84' lang='grc' dir='ltr'><strong>τε</strong></span> 
     </span>
    </p>
   </div>
   <div class='ocr_carea' id='block_1_46' title="bbox 2267 1716 3832 1788">
    <p class='ocr_par' dir='ltr' id='par_1_46' title="bbox 2267 1716 3832 1788">
     <span class='ocr_line' id='line_1_46' title="bbox 2267 1716 3832 1788; baseline 0 -19"><span class='ocrx_word' id='word_1_323' title='bbox 2267 1716 2506 1784; x_wconf 80' lang='grc' dir='ltr'>πώγωνα</span> <span class='ocrx_word' id='word_1_324' title='bbox 2532 1717 2704 1788; x_wconf 82' lang='grc' dir='ltr'>ἐκάρη</span> <span class='ocrx_word' id='word_1_325' title='bbox 2727 1718 2853 1787; x_wconf 82' lang='grc' dir='ltr'>ἄχρι</span> <span class='ocrx_word' id='word_1_326' title='bbox 2880 1720 2973 1771; x_wconf 75' lang='grc' dir='ltr'><strong>καὶ</strong></span> <span class='ocrx_word' id='word_1_327' title='bbox 2998 1719 3090 1771; x_wconf 81' lang='grc' dir='ltr'>ἐπὶ</span> <span class='ocrx_word' id='word_1_328' title='bbox 3120 1717 3299 1787; x_wconf 81' lang='grc' dir='ltr'>σφυρὰ</span> <span class='ocrx_word' id='word_1_329' title='bbox 3330 1717 3718 1771; x_wconf 78' lang='grc' dir='ltr'>κατατείνοντα</span> <span class='ocrx_word' id='word_1_330' title='bbox 3743 1717 3832 1769; x_wconf 84' lang='grc' dir='ltr'>καὶ</span> 
     </span>
    </p>
   </div>
   <div class='ocr_carea' id='block_1_47' title="bbox 2269 1806 3832 1878">
    <p class='ocr_par' dir='ltr' id='par_1_47' title="bbox 2269 1806 3832 1878">
     <span class='ocr_line' id='line_1_47' title="bbox 2269 1806 3832 1878; baseline -0.001 -18"><span class='ocrx_word' id='word_1_331' title='bbox 2269 1809 2457 1878; x_wconf 72' lang='grc' dir='ltr'>εἱρκτῇ</span> <span class='ocrx_word' id='word_1_332' title='bbox 2502 1809 2796 1877; x_wconf 85' lang='grc' dir='ltr'>παρεδόθη.</span> <span class='ocrx_word' id='word_1_333' title='bbox 2839 1806 2991 1859; x_wconf 72' lang='grc' dir='ltr'>Ἐπεὶ</span> <span class='ocrx_word' id='word_1_334' title='bbox 3024 1807 3082 1860; x_wconf 81' lang='grc' dir='ltr'>δὲ</span> <span class='ocrx_word' id='word_1_335' title='bbox 3133 1809 3354 1876; x_wconf 78' lang='grc' dir='ltr'>Μιχαὴλ</span> <span class='ocrx_word' id='word_1_336' title='bbox 3390 1808 3489 1878; x_wconf 84' lang='grc' dir='ltr'>μὲν</span> <span class='ocrx_word' id='word_1_337' title='bbox 3542 1809 3751 1869; x_wconf 86' lang='grc' dir='ltr'>ἐκεῖνος</span> <span class='ocrx_word' id='word_1_338' title='bbox 3777 1806 3832 1871; x_wconf 81' lang='grc' dir='ltr'>ἐξ</span> 
     </span>
    </p>
   </div>
   <div class='ocr_carea' id='block_1_48' title="bbox 2271 1896 3831 1972">
    <p class='ocr_par' dir='ltr' id='par_1_48' title="bbox 2271 1896 3831 1972">
     <span class='ocr_line' id='line_1_48' title="bbox 2271 1896 3831 1972; baseline -0.003 -20"><span class='ocrx_word' id='word_1_339' title='bbox 2271 1900 2577 1969; x_wconf 83' lang='grc' dir='ltr'>ἀνθρώπων</span> <span class='ocrx_word' id='word_1_340' title='bbox 2605 1900 2705 1972; x_wconf 71' lang='grc' dir='ltr'>ἤδη</span> <span class='ocrx_word' id='word_1_341' title='bbox 2731 1896 2818 1970; x_wconf 83' lang='grc' dir='ltr'>ἦν,</span> <span class='ocrx_word' id='word_1_342' title='bbox 2849 1901 3077 1967; x_wconf 77' lang='grc' dir='ltr'>Κοσμᾶς</span> <span class='ocrx_word' id='word_1_343' title='bbox 3102 1899 3157 1951; x_wconf 85' lang='grc' dir='ltr'>δὲ</span> <span class='ocrx_word' id='word_1_344' title='bbox 3181 1898 3297 1951; x_wconf 82' lang='grc' dir='ltr'>ἀντ’</span> <span class='ocrx_word' id='word_1_345' title='bbox 3327 1897 3491 1951; x_wconf 78' lang='grc' dir='ltr'>αὑτοῦ</span> <span class='ocrx_word' id='word_1_346' title='bbox 3520 1899 3614 1951; x_wconf 85' lang='grc' dir='ltr'>τὸν</span> <span class='ocrx_word' id='word_1_347' title='bbox 3646 1898 3831 1967; x_wconf 86' lang='grc' dir='ltr'>θρόνον</span> 
     </span>
    </p>
   </div>
   <div class='ocr_carea' id='block_1_49' title="bbox 2270 1986 3832 2061">
    <p class='ocr_par' dir='ltr' id='par_1_49' title="bbox 2270 1986 3832 2061">
     <span class='ocr_line' id='line_1_49' title="bbox 2270 1986 3832 2061; baseline -0.001 -17"><span class='ocrx_word' id='word_1_348' title='bbox 2270 1992 2515 2060; x_wconf 83' lang='grc' dir='ltr'>ἐκόσμει,</span> <span class='ocrx_word' id='word_1_349' title='bbox 2538 1990 2734 2043; x_wconf 86' lang='grc' dir='ltr'>αὐτίκα</span> <span class='ocrx_word' id='word_1_350' title='bbox 2782 1991 3092 2061; x_wconf 66' lang='grc' dir='ltr'>παρρησίαν</span> <span class='ocrx_word' id='word_1_351' title='bbox 3110 1986 3276 2052; x_wconf 79' lang='grc' dir='ltr'>-αὖθις</span> <span class='ocrx_word' id='word_1_352' title='bbox 3301 1991 3327 2043; x_wconf 92' lang='lat'><strong>6</strong></span> <span class='ocrx_word' id='word_1_353' title='bbox 3368 1990 3572 2059; x_wconf 77' lang='grc' dir='ltr'>Νήφων</span> <span class='ocrx_word' id='word_1_354' title='bbox 3598 1988 3832 2058; x_wconf 75' lang='grc' dir='ltr'>ἀνελάμσ</span> 
     </span>
    </p>
   </div>
   <div class='ocr_carea' id='block_1_50' title="bbox 2268 2082 3833 2177">
    <p class='ocr_par' dir='ltr' id='par_1_50' title="bbox 2268 2082 3833 2177">
     <span class='ocr_line' id='line_1_50' title="bbox 2268 2082 3833 2177; baseline -0.001 -43"><span class='ocrx_word' id='word_1_355' title='bbox 2268 2082 2395 2136; x_wconf 80' lang='grc' dir='ltr'>ὄανε</span> <span class='ocrx_word' id='word_1_356' title='bbox 2426 2082 2596 2157; x_wconf 78' lang='grc' dir='ltr'>μείζω</span> <span class='ocrx_word' id='word_1_357' title='bbox 2650 2082 2745 2136; x_wconf 79' lang='grc' dir='ltr'>καὶ</span> <span class='ocrx_word' id='word_1_358' title='bbox 2779 2082 2945 2144; x_wconf 87' lang='grc' dir='ltr'>πολὺς</span> <span class='ocrx_word' id='word_1_359' title='bbox 2975 2082 3032 2135; x_wconf 88' lang='grc' dir='ltr'><strong>ἐν</strong></span> <span class='ocrx_word' id='word_1_360' title='bbox 3075 2082 3353 2150; x_wconf 84' lang='grc' dir='ltr'>συλλόγοις</span> <span class='ocrx_word' id='word_1_361' title='bbox 3401 2082 3493 2134; x_wconf 73' lang='grc' dir='ltr'>καὶ</span> <span class='ocrx_word' id='word_1_362' title='bbox 3522 2082 3581 2133; x_wconf 81' lang='grc' dir='ltr'><strong>ἐν</strong></span> <span class='ocrx_word' id='word_1_363' title='bbox 3607 2082 3833 2177; x_wconf 65' lang='grc' dir='ltr'>άγρραῖς</span> 
     </span>
    </p>
   </div>
   <div class='ocr_carea' id='block_1_51' title="bbox 2264 2168 3832 2244">
    <p class='ocr_par' dir='ltr' id='par_1_51' title="bbox 2264 2168 3832 2244">
     <span class='ocr_line' id='line_1_51' title="bbox 2264 2168 3832 2244; baseline -0.001 -19"><span class='ocrx_word' id='word_1_364' title='bbox 2264 2168 2354 2244; x_wconf 77' lang='grc' dir='ltr'>ἦν,</span> <span class='ocrx_word' id='word_1_365' title='bbox 2383 2172 2509 2227; x_wconf 75' lang='grc' dir='ltr'>ἄλλο</span> <span class='ocrx_word' id='word_1_366' title='bbox 2543 2188 2602 2226; x_wconf 89' lang='grc' dir='ltr'><strong>τε</strong></span> <span class='ocrx_word' id='word_1_367' title='bbox 2641 2174 2791 2227; x_wconf 84' lang='grc' dir='ltr'>οὐδὲν</span> <span class='ocrx_word' id='word_1_368' title='bbox 2836 2173 3104 2243; x_wconf 80' lang='grc' dir='ltr'>ἔπραττεν</span> <span class='ocrx_word' id='word_1_369' title='bbox 3134 2174 3213 2228; x_wconf 84' lang='grc' dir='ltr'><strong>δτι</strong></span> <span class='ocrx_word' id='word_1_370' title='bbox 3252 2173 3324 2244; x_wconf 84' lang='grc' dir='ltr'>μὴ</span> <span class='ocrx_word' id='word_1_371' title='bbox 3365 2173 3537 2241; x_wconf 86' lang='grc' dir='ltr'>δόγμα</span> <span class='ocrx_word' id='word_1_372' title='bbox 3572 2168 3832 2225; x_wconf 71' lang='grc' dir='ltr'>ἑκάστοτε</span> 
     </span>
    </p>
   </div>
   <div class='ocr_carea' id='block_1_52' title="bbox 2265 2264 3834 2334">
    <p class='ocr_par' dir='ltr' id='par_1_52' title="bbox 2265 2264 3834 2334">
     <span class='ocr_line' id='line_1_52' title="bbox 2265 2264 3834 2334; baseline -0.003 -16"><span class='ocrx_word' id='word_1_373' title='bbox 2265 2265 2553 2318; x_wconf 84' lang='grc' dir='ltr'>ἀνεκύκλει</span> <span class='ocrx_word' id='word_1_374' title='bbox 2646 2265 2738 2317; x_wconf 88' lang='grc' dir='ltr'><strong>τόν</strong></span> <span class='ocrx_word' id='word_1_375' title='bbox 2827 2282 2884 2317; x_wconf 87' lang='grc' dir='ltr'><strong>τε</strong></span> <span class='ocrx_word' id='word_1_376' title='bbox 2974 2265 3239 2334; x_wconf 78' lang='grc' dir='ltr'>Ἐϐραίων</span> <span class='ocrx_word' id='word_1_377' title='bbox 3343 2264 3834 2331; x_wconf 85' lang='grc' dir='ltr'>άποπροσεποιεῖτο</span> 
     </span>
    </p>
   </div>
   <div class='ocr_carea' id='block_1_53' title="bbox 2264 2344 3829 2425">
    <p class='ocr_par' dir='ltr' id='par_1_53' title="bbox 2264 2344 3829 2425">
     <span class='ocr_line' id='line_1_53' title="bbox 2264 2344 3829 2425; baseline -0.005 -18"><span class='ocrx_word' id='word_1_378' title='bbox 2264 2353 2397 2407; x_wconf 84' lang='grc' dir='ltr'>Θεόν</span> <span class='ocrx_word' id='word_1_379' title='bbox 2428 2353 2561 2423; x_wconf 76' lang='lat'><strong>(78).</strong></span> <span class='ocrx_word' id='word_1_380' title='bbox 2590 2353 2707 2425; x_wconf 65' lang='lat' dir='ltr'><strong>Kal.</strong></span> <span class='ocrx_word' id='word_1_381' title='bbox 2733 2355 2801 2407; x_wconf 82' lang='grc' dir='ltr'><strong>τά</strong></span> <span class='ocrx_word' id='word_1_382' title='bbox 2829 2370 2891 2421; x_wconf 87' lang='grc' dir='ltr'><strong>γε</strong></span> <span class='ocrx_word' id='word_1_383' title='bbox 2925 2352 3145 2405; x_wconf 82' lang='grc' dir='ltr'>τοιαῦτα</span> <span class='ocrx_word' id='word_1_384' title='bbox 3181 2350 3557 2422; x_wconf 80' lang='grc' dir='ltr'>ἐνεργολαϐεῖν</span> <span class='ocrx_word' id='word_1_385' title='bbox 3600 2344 3796 2419; x_wconf 72' lang='grc' dir='ltr'>ἠθελεν</span> <span class='ocrx_word' id='word_1_386' title='bbox 3818 2364 3829 2375; x_wconf 90' lang='grc'>·</span> 
     </span>
    </p>
   </div>
   <div class='ocr_carea' id='block_1_54' title="bbox 2264 2438 3835 2516">
    <p class='ocr_par' dir='ltr' id='par_1_54' title="bbox 2264 2438 3835 2516">
     <span class='ocr_line' id='line_1_54' title="bbox 2264 2438 3835 2516; baseline -0.004 -18"><span class='ocrx_word' id='word_1_387' title='bbox 2264 2446 2439 2516; x_wconf 79' lang='grc' dir='ltr'>ἐφίλει</span> <span class='ocrx_word' id='word_1_388' title='bbox 2464 2462 2522 2498; x_wconf 88' lang='grc' dir='ltr'><strong>τε</strong></span> <span class='ocrx_word' id='word_1_389' title='bbox 2564 2444 2724 2497; x_wconf 65' lang='grc' dir='ltr'>αύτέιν</span> <span class='ocrx_word' id='word_1_390' title='bbox 2762 2445 3054 2514; x_wconf 78' lang='grc' dir='ltr'>ὑπερφυῶς</span> <span class='ocrx_word' id='word_1_391' title='bbox 3101 2446 3127 2496; x_wconf 91' lang='lat'><strong>6</strong></span> <span class='ocrx_word' id='word_1_392' title='bbox 3158 2445 3403 2514; x_wconf 80' lang='grc' dir='ltr'>Κοσμᾶς,</span> <span class='ocrx_word' id='word_1_393' title='bbox 3442 2442 3536 2495; x_wconf 82' lang='grc' dir='ltr'>καὶ</span> <span class='ocrx_word' id='word_1_394' title='bbox 3566 2438 3835 2511; x_wconf 73' lang='grc' dir='ltr'>ὁμιλητὴν</span> 
     </span>
    </p>
   </div>
   <div class='ocr_carea' id='block_1_55' title="bbox 2263 2532 3835 2608">
    <p class='ocr_par' dir='ltr' id='par_1_55' title="bbox 2263 2532 3835 2608">
     <span class='ocr_line' id='line_1_55' title="bbox 2263 2532 3835 2608; baseline -0.007 -16"><span class='ocrx_word' id='word_1_395' title='bbox 2263 2538 2436 2592; x_wconf 81' lang='grc' dir='ltr'>ἐποίει</span> <span class='ocrx_word' id='word_1_396' title='bbox 2474 2537 2565 2590; x_wconf 78' lang='grc' dir='ltr'>τὸν</span> <span class='ocrx_word' id='word_1_397' title='bbox 2597 2536 2901 2608; x_wconf 77' lang='grc' dir='ltr'>ἄνθρωπον,</span> <span class='ocrx_word' id='word_1_398' title='bbox 2932 2537 3041 2589; x_wconf 67' lang='grc' dir='ltr'>τοῖς</span> <span class='ocrx_word' id='word_1_399' title='bbox 3082 2552 3141 2587; x_wconf 88' lang='grc' dir='ltr'><strong>τε</strong></span> <span class='ocrx_word' id='word_1_400' title='bbox 3188 2534 3310 2588; x_wconf 78' lang='grc' dir='ltr'>κατ’</span> <span class='ocrx_word' id='word_1_401' title='bbox 3337 2533 3501 2588; x_wconf 73' lang='grc' dir='ltr'>αὐτοῦ</span> <span class='ocrx_word' id='word_1_402' title='bbox 3536 2533 3599 2586; x_wconf 83' lang='grc' dir='ltr'>τὸ</span> <span class='ocrx_word' id='word_1_403' title='bbox 3644 2532 3835 2602; x_wconf 86' lang='grc' dir='ltr'>πρότε-</span> 
     </span>
    </p>
   </div>
   <div class='ocr_carea' id='block_1_56' title="bbox 2268 2620 3917 2700">
    <p class='ocr_par' dir='ltr' id='par_1_56' title="bbox 2268 2620 3917 2700">
     <span class='ocr_line' id='line_1_56' title="bbox 2268 2620 3917 2700; baseline -0.004 -19"><span class='ocrx_word' id='word_1_404' title='bbox 2268 2646 2362 2700; x_wconf 74' lang='grc' dir='ltr'><strong>ρον</strong></span> <span class='ocrx_word' id='word_1_405' title='bbox 2399 2626 2867 2697; x_wconf 77' lang='grc' dir='ltr'>ἐπεψηφισμένοις</span> <span class='ocrx_word' id='word_1_406' title='bbox 2918 2624 3132 2678; x_wconf 83' lang='grc' dir='ltr'>ἀδικίαν</span> <span class='ocrx_word' id='word_1_407' title='bbox 3156 2623 3452 2687; x_wconf 76' lang='grc' dir='ltr'>ἐπεκάλει,</span> <span class='ocrx_word' id='word_1_408' title='bbox 3509 2620 3691 2675; x_wconf 85' lang='grc' dir='ltr'>καίτοι</span> <span class='ocrx_word' id='word_1_409' title='bbox 3744 2622 3833 2673; x_wconf 75' lang='grc' dir='ltr'><strong>καὶ</strong></span> <span class='ocrx_word' id='word_1_410' title='bbox 3914 2674 3917 2675; x_wconf 65' lang='lat'>,</span> 
     </span>
    </p>
   </div>
   <div class='ocr_carea' id='block_1_57' title="bbox 2264 2712 3835 2786">
    <p class='ocr_par' dir='ltr' id='par_1_57' title="bbox 2264 2712 3835 2786">
     <span class='ocr_line' id='line_1_57' title="bbox 2264 2712 3835 2786; baseline -0.006 -13"><span class='ocrx_word' id='word_1_411' title='bbox 2264 2720 2385 2774; x_wconf 90' lang='grc' dir='ltr'>τότε</span> <span class='ocrx_word' id='word_1_412' title='bbox 2426 2718 2496 2772; x_wconf 75' lang='grc' dir='ltr'><strong>τὰ</strong></span> <span class='ocrx_word' id='word_1_413' title='bbox 2539 2718 2681 2785; x_wconf 78' lang='grc' dir='ltr'>ὑπὲρ</span> <span class='ocrx_word' id='word_1_414' title='bbox 2716 2717 2808 2770; x_wconf 78' lang='grc' dir='ltr'>τοῦ</span> <span class='ocrx_word' id='word_1_415' title='bbox 2851 2716 3139 2786; x_wconf 83' lang='grc' dir='ltr'>ἀνθρώπου</span> <span class='ocrx_word' id='word_1_416' title='bbox 3186 2714 3702 2785; x_wconf 80' lang='grc' dir='ltr'>προπετευσάμενος</span> <span class='ocrx_word' id='word_1_417' title='bbox 3740 2712 3835 2782; x_wconf 72' lang='grc' dir='ltr'>μὲν</span> 
     </span>
    </p>
   </div>
   <div class='ocr_carea' id='block_1_58' title="bbox 2265 2803 3832 2878">
    <p class='ocr_par' dir='ltr' id='par_1_58' title="bbox 2265 2803 3832 2878">
     <span class='ocr_line' id='line_1_58' title="bbox 2265 2803 3832 2878; baseline -0.005 -17"><span class='ocrx_word' id='word_1_418' title='bbox 2265 2808 2568 2878; x_wconf 86' lang='grc' dir='ltr'>πικρότατα</span> <span class='ocrx_word' id='word_1_419' title='bbox 2600 2805 2645 2858; x_wconf 84' lang='grc' dir='ltr'>δ’</span> <span class='ocrx_word' id='word_1_420' title='bbox 2678 2806 2825 2875; x_wconf 81' lang='grc' dir='ltr'>ὅμως</span> <span class='ocrx_word' id='word_1_421' title='bbox 2858 2803 3277 2875; x_wconf 67' lang='grc' dir='ltr'>ἀποκρουσθεὶς,</span> <span class='ocrx_word' id='word_1_422' title='bbox 3330 2803 3425 2856; x_wconf 66' lang='grc' dir='ltr'>καὶ</span> <span class='ocrx_word' id='word_1_423' title='bbox 3468 2805 3566 2871; x_wconf 85' lang='grc' dir='ltr'><strong>τῆς</strong></span> <span class='ocrx_word' id='word_1_424' title='bbox 3618 2820 3678 2855; x_wconf 90' lang='grc' dir='ltr'><strong>τε</strong></span> <span class='ocrx_word' id='word_1_425' title='bbox 3711 2804 3832 2871; x_wconf 78' lang='grc' dir='ltr'>ἁρεο</span> 
     </span>
    </p>
   </div>
   <div class='ocr_carea' id='block_1_59' title="bbox 2265 2892 3831 2968">
    <p class='ocr_par' dir='ltr' id='par_1_59' title="bbox 2265 2892 3831 2968">
     <span class='ocr_line' id='line_1_59' title="bbox 2265 2892 3831 2968; baseline -0.007 -15"><span class='ocrx_word' id='word_1_426' title='bbox 2265 2900 2363 2968; x_wconf 83' lang='grc' dir='ltr'>τῆς</span> <span class='ocrx_word' id='word_1_427' title='bbox 2386 2898 2547 2951; x_wconf 78' lang='grc' dir='ltr'>αὐτὸν</span> <span class='ocrx_word' id='word_1_428' title='bbox 2580 2896 2883 2961; x_wconf 80' lang='grc' dir='ltr'>ἐπεθείαζε,</span> <span class='ocrx_word' id='word_1_429' title='bbox 2910 2896 3131 2953; x_wconf 82' lang='grc' dir='ltr'>κάκεῖνο</span> <span class='ocrx_word' id='word_1_430' title='bbox 3160 2897 3270 2957; x_wconf 85' lang='grc' dir='ltr'>τοῖς</span> <span class='ocrx_word' id='word_1_431' title='bbox 3294 2894 3475 2961; x_wconf 83' lang='grc' dir='ltr'>λόγοις</span> <span class='ocrx_word' id='word_1_432' title='bbox 3501 2892 3831 2963; x_wconf 76' lang='grc' dir='ltr'>προσετίθει,</span> 
     </span>
    </p>
   </div>
   <div class='ocr_carea' id='block_1_60' title="bbox 2267 2986 3833 3060">
    <p class='ocr_par' dir='ltr' id='par_1_60' title="bbox 2267 2986 3833 3060">
     <span class='ocr_line' id='line_1_60' title="bbox 2267 2986 3833 3060; baseline -0.004 -15"><span class='ocrx_word' id='word_1_433' title='bbox 2267 2993 2349 3045; x_wconf 80' lang='grc' dir='ltr'>ὅτι</span> <span class='ocrx_word' id='word_1_434' title='bbox 2375 2992 2439 3060; x_wconf 81' lang='grc' dir='ltr'>δὴ</span> <span class='ocrx_word' id='word_1_435' title='bbox 2470 2989 2734 3060; x_wconf 88' lang='grc' dir='ltr'>ἐτύγχανε</span> <span class='ocrx_word' id='word_1_436' title='bbox 2764 2988 2940 3058; x_wconf 89' lang='grc' dir='ltr'>πολλῷ</span> <span class='ocrx_word' id='word_1_437' title='bbox 2980 2988 3243 3059; x_wconf 87' lang='grc' dir='ltr'>πρότερον</span> <span class='ocrx_word' id='word_1_438' title='bbox 3288 2987 3387 3058; x_wconf 83' lang='grc' dir='ltr'>τὴν</span> <span class='ocrx_word' id='word_1_439' title='bbox 3417 2988 3474 3049; x_wconf 88' lang='grc' dir='ltr'><strong>ἐς</strong></span> <span class='ocrx_word' id='word_1_440' title='bbox 3503 2986 3594 3038; x_wconf 80' lang='grc' dir='ltr'>τὸν</span> <span class='ocrx_word' id='word_1_441' title='bbox 3640 2988 3833 3056; x_wconf 80' lang='grc' dir='ltr'>ἀρχιε-</span> 
     </span>
    </p>
   </div>
   <div class='ocr_carea' id='block_1_61' title="bbox 601 3078 2168 3161">
    <p class='ocr_par' dir='ltr' id='par_1_61' title="bbox 601 3081 2164 3161">
     <span class='ocr_line' id='line_1_61' title="bbox 601 3081 2164 3161; baseline 0.006 -32"><span class='ocrx_word' id='word_1_442' title='bbox 601 3087 881 3146; x_wconf 78' lang='lat' dir='ltr'><strong>propterea</strong></span> <span class='ocrx_word' id='word_1_443' title='bbox 922 3089 973 3133; x_wconf 89' lang='lat' dir='ltr'><strong>te</strong></span> <span class='ocrx_word' id='word_1_444' title='bbox 1014 3095 1041 3132; x_wconf 90' lang='lat' dir='ltr'><strong>a</strong></span> <span class='ocrx_word' id='word_1_445' title='bbox 1095 3093 1255 3149; x_wconf 75' lang='lat' dir='ltr'><strong>grege</strong></span> <span class='ocrx_word' id='word_1_446' title='bbox 1293 3081 1537 3161; x_wconf 78' lang='lat' dir='ltr'><strong>despici?</strong></span> <span class='ocrx_word' id='word_1_447' title='bbox 1574 3084 1765 3137; x_wconf 89' lang='lat' dir='ltr'><strong>recede</strong></span> <span class='ocrx_word' id='word_1_448' title='bbox 1828 3086 1894 3138; x_wconf 92' lang='lat' dir='ltr'><strong>ab</strong></span> <span class='ocrx_word' id='word_1_449' title='bbox 1940 3085 2164 3141; x_wconf 78' lang='lat' dir='ltr'><strong>exitiosa</strong></span> 
     </span>
    </p>
   </div>
   <div class='ocr_carea' id='block_1_62' title="bbox 2268 3078 3833 3161">
    <p class='ocr_par' dir='ltr' id='par_1_62' title="bbox 2272 3078 3833 3155">
     <span class='ocr_line' id='line_1_62' title="bbox 2272 3078 3833 3155; baseline -0.004 -18"><span class='ocrx_word' id='word_1_450' title='bbox 2272 3085 2489 3155; x_wconf 72' lang='lat' dir='ltr'><strong>parrme</strong></span> <span class='ocrx_word' id='word_1_451' title='bbox 2534 3084 2720 3154; x_wconf 83' lang='grc' dir='ltr'>θρόνον</span> <span class='ocrx_word' id='word_1_452' title='bbox 2774 3080 3036 3137; x_wconf 77' lang='grc' dir='ltr'>ἀνάϐασιν</span> <span class='ocrx_word' id='word_1_453' title='bbox 3090 3080 3188 3151; x_wconf 68' lang='grc' dir='ltr'>ἤδη</span> <span class='ocrx_word' id='word_1_454' title='bbox 3236 3079 3605 3150; x_wconf 82' lang='grc' dir='ltr'>προαγγείλας</span> <span class='ocrx_word' id='word_1_455' title='bbox 3664 3078 3833 3149; x_wconf 79' lang='grc' dir='ltr'>αὐτῷ.</span> 
     </span>
    </p>
   </div>
   <div class='ocr_carea' id='block_1_63' title="bbox 601 3171 2168 3248">
    <p class='ocr_par' dir='ltr' id='par_1_63' title="bbox 601 3171 2168 3242">
     <span class='ocr_line' id='line_1_63' title="bbox 601 3171 2168 3242; baseline 0.006 -19"><span class='ocrx_word' id='word_1_456' title='bbox 601 3173 881 3228; x_wconf 83' lang='lat' dir='ltr'><strong>societate.</strong></span> <span class='ocrx_word' id='word_1_457' title='bbox 911 3171 1017 3242; x_wconf 77' lang='lat'><strong>65</strong></span> <span class='ocrx_word' id='word_1_458' title='bbox 1052 3171 1186 3227; x_wconf 88' lang='lat' dir='ltr'><strong>Cum</strong></span> <span class='ocrx_word' id='word_1_459' title='bbox 1233 3174 1446 3227; x_wconf 86' lang='lat' dir='ltr'><strong>homine</strong></span> <span class='ocrx_word' id='word_1_460' title='bbox 1485 3175 1626 3229; x_wconf 90' lang='lat' dir='ltr'><strong>enim</strong></span> <span class='ocrx_word' id='word_1_461' title='bbox 1669 3176 1841 3231; x_wconf 88' lang='lat' dir='ltr'><strong>sacris</strong></span> <span class='ocrx_word' id='word_1_462' title='bbox 1887 3178 2168 3233; x_wconf 86' lang='lat' dir='ltr'><strong>interdicto</strong></span> 
     </span>
    </p>
   </div>
   <div class='ocr_carea' id='block_1_64' title="bbox 2268 3171 3837 3248">
    <p class='ocr_par' dir='ltr' id='par_1_64' title="bbox 2270 3172 3837 3248">
     <span class='ocr_line' id='line_1_64' title="bbox 2270 3172 3837 3248; baseline -0.005 -17"><span class='ocrx_word' id='word_1_463' title='bbox 2270 3179 2384 3231; x_wconf 87' lang='grc' dir='ltr'><strong>Ούκ</strong></span> <span class='ocrx_word' id='word_1_464' title='bbox 2416 3178 2615 3248; x_wconf 71' lang='grc' dir='ltr'>ἤρεσκε</span> <span class='ocrx_word' id='word_1_465' title='bbox 2649 3177 2820 3230; x_wconf 75' lang='grc' dir='ltr'>ταῦτα</span> <span class='ocrx_word' id='word_1_466' title='bbox 2849 3177 2961 3238; x_wconf 87' lang='grc' dir='ltr'>τοῖς</span> <span class='ocrx_word' id='word_1_467' title='bbox 2990 3175 3202 3237; x_wconf 87' lang='grc' dir='ltr'>πολλοῖς</span> <span class='ocrx_word' id='word_1_468' title='bbox 3224 3190 3237 3204; x_wconf 93' lang='grc'><strong>·</strong></span> <span class='ocrx_word' id='word_1_469' title='bbox 3266 3173 3387 3227; x_wconf 82' lang='grc' dir='ltr'>ὅθεν</span> <span class='ocrx_word' id='word_1_470' title='bbox 3413 3172 3506 3226; x_wconf 75' lang='grc' dir='ltr'>καὶ</span> <span class='ocrx_word' id='word_1_471' title='bbox 3533 3174 3579 3224; x_wconf 79' lang='grc' dir='ltr'>οἱ</span> <span class='ocrx_word' id='word_1_472' title='bbox 3616 3172 3719 3241; x_wconf 79' lang='grc' dir='ltr'>μὲν</span> <span class='ocrx_word' id='word_1_473' title='bbox 3742 3173 3837 3225; x_wconf 69' lang='grc' dir='ltr'><strong>αὖ·</strong></span> 
     </span>
    </p>
   </div>
   <div class='ocr_carea' id='block_1_65' title="bbox 603 3261 2168 3339">
    <p class='ocr_par' dir='ltr' id='par_1_65' title="bbox 603 3262 2168 3331">
     <span class='ocr_line' id='line_1_65' title="bbox 603 3262 2168 3331; baseline 0.006 -16"><span class='ocrx_word' id='word_1_474' title='bbox 603 3262 935 3326; x_wconf 81' lang='lat' dir='ltr'><strong>cohabitare,</strong></span> <span class='ocrx_word' id='word_1_475' title='bbox 969 3278 1062 3331; x_wconf 91' lang='lat' dir='ltr'><strong>per</strong></span> <span class='ocrx_word' id='word_1_476' title='bbox 1088 3278 1145 3318; x_wconf 90' lang='lat' dir='ltr'><strong>se</strong></span> <span class='ocrx_word' id='word_1_477' title='bbox 1171 3264 1364 3319; x_wconf 84' lang='lat' dir='ltr'><strong>idonea</strong></span> <span class='ocrx_word' id='word_1_478' title='bbox 1399 3266 1531 3319; x_wconf 86' lang='lat' dir='ltr'><strong>satis</strong></span> <span class='ocrx_word' id='word_1_479' title='bbox 1559 3274 1642 3320; x_wconf 84' lang='lat' dir='ltr'><strong>est</strong></span> <span class='ocrx_word' id='word_1_480' title='bbox 1669 3270 1965 3324; x_wconf 87' lang='lat' dir='ltr'><strong>accusatio.</strong></span> <span class='ocrx_word' id='word_1_481' title='bbox 1996 3288 2014 3321; x_wconf 75' lang='grc' dir='ltr'><strong>ι</strong></span> <span class='ocrx_word' id='word_1_482' title='bbox 2044 3269 2168 3325; x_wconf 79' lang='lat' dir='ltr'><strong>llaec</strong></span> 
     </span>
    </p>
   </div>
   <div class='ocr_carea' id='block_1_66' title="bbox 2268 3261 3838 3339">
    <p class='ocr_par' dir='ltr' id='par_1_66' title="bbox 2268 3261 3838 3336">
     <span class='ocr_line' id='line_1_66' title="bbox 2268 3261 3838 3336; baseline -0.007 -15"><span class='ocrx_word' id='word_1_483' title='bbox 2268 3266 2399 3329; x_wconf 86' lang='grc' dir='ltr'>τῶν,</span> <span class='ocrx_word' id='word_1_484' title='bbox 2427 3268 2540 3319; x_wconf 82' lang='grc' dir='ltr'>ὅσοι</span> <span class='ocrx_word' id='word_1_485' title='bbox 2572 3266 2812 3336; x_wconf 83' lang='grc' dir='ltr'>δηλονότι</span> <span class='ocrx_word' id='word_1_486' title='bbox 2844 3264 3099 3334; x_wconf 76' lang='grc' dir='ltr'>ἐκήδοντο</span> <span class='ocrx_word' id='word_1_487' title='bbox 3134 3261 3227 3315; x_wconf 76' lang='grc' dir='ltr'><strong>τοῦ</strong></span> <span class='ocrx_word' id='word_1_488' title='bbox 3267 3263 3484 3330; x_wconf 85' lang='grc' dir='ltr'>Κοσμᾶ,</span> <span class='ocrx_word' id='word_1_489' title='bbox 3517 3261 3838 3331; x_wconf 80' lang='grc' dir='ltr'>προσιόντες</span> 
     </span>
    </p>
   </div>
   <div class='ocr_carea' id='block_1_67' title="bbox 604 3351 2163 3425">
    <p class='ocr_par' dir='ltr' id='par_1_67' title="bbox 604 3351 2163 3425">
     <span class='ocr_line' id='line_1_67' title="bbox 604 3351 2163 3425; baseline 0.005 -20"><span class='ocrx_word' id='word_1_490' title='bbox 604 3361 658 3405; x_wconf 85' lang='lat' dir='ltr'><strong>et</strong></span> <span class='ocrx_word' id='word_1_491' title='bbox 715 3351 904 3405; x_wconf 90' lang='lat' dir='ltr'><strong>similia</strong></span> <span class='ocrx_word' id='word_1_492' title='bbox 956 3351 1031 3406; x_wconf 90' lang='lat' dir='ltr'><strong>illi</strong></span> <span class='ocrx_word' id='word_1_493' title='bbox 1080 3352 1414 3422; x_wconf 84' lang='lat' dir='ltr'><strong>ingerebant.</strong></span> <span class='ocrx_word' id='word_1_494' title='bbox 1467 3354 1569 3419; x_wconf 86' lang='lat' dir='ltr'><strong>Qui</strong></span> <span class='ocrx_word' id='word_1_495' title='bbox 1620 3369 1746 3409; x_wconf 74' lang='lat' dir='ltr'><strong>vero</strong></span> <span class='ocrx_word' id='word_1_496' title='bbox 1800 3358 2163 3425; x_wconf 87' lang='lat' dir='ltr'><strong>patriarcham</strong></span> 
     </span>
    </p>
   </div>
   <div class='ocr_carea' id='block_1_68' title="bbox 604 3428 2169 3513">
    <p class='ocr_par' dir='ltr' id='par_1_68' title="bbox 604 3428 2169 3513">
     <span class='ocr_line' id='line_1_68' title="bbox 604 3428 2169 3513; baseline 0.006 -21"><span class='ocrx_word' id='word_1_497' title='bbox 604 3441 850 3506; x_wconf 89' lang='lat' dir='ltr'><strong>oderant,</strong></span> <span class='ocrx_word' id='word_1_498' title='bbox 887 3440 1291 3497; x_wconf 85' lang='lat' dir='ltr'><strong>obtestabantur</strong></span> <span class='ocrx_word' id='word_1_499' title='bbox 1331 3442 1531 3510; x_wconf 88' lang='lat' dir='ltr'><strong>palam,</strong></span> <span class='ocrx_word' id='word_1_500' title='bbox 1583 3428 2051 3513; x_wconf 63' lang='grc' dir='ltr'>ιιρροηοῠειηιιιιιε</span> <span class='ocrx_word' id='word_1_501' title='bbox 2073 3446 2169 3502; x_wconf 85' lang='lat' dir='ltr'><strong>Dei</strong></span> 
     </span>
    </p>
   </div>
   <div class='ocr_carea' id='block_1_69' title="bbox 605 3528 2174 3607">
    <p class='ocr_par' dir='ltr' id='par_1_69' title="bbox 605 3528 2174 3607">
     <span class='ocr_line' id='line_1_69' title="bbox 605 3528 2174 3607; baseline 0.003 -22"><span class='ocrx_word' id='word_1_502' title='bbox 605 3528 661 3585; x_wconf 89' lang='lat' dir='ltr'><strong>et</strong></span> <span class='ocrx_word' id='word_1_503' title='bbox 687 3531 1027 3601; x_wconf 89' lang='lat' dir='ltr'><strong>imperatoris</strong></span> <span class='ocrx_word' id='word_1_504' title='bbox 1061 3532 1267 3587; x_wconf 90' lang='lat' dir='ltr'><strong>oculos.</strong></span> <span class='ocrx_word' id='word_1_505' title='bbox 1297 3536 1360 3586; x_wconf 82' lang='lat' dir='ltr'><strong>At</strong></span> <span class='ocrx_word' id='word_1_506' title='bbox 1388 3532 1477 3587; x_wconf 89' lang='lat' dir='ltr'><strong>illc</strong></span> <span class='ocrx_word' id='word_1_507' title='bbox 1510 3533 1769 3602; x_wconf 78' lang='lat' dir='ltr'><strong>neglectis</strong></span> <span class='ocrx_word' id='word_1_508' title='bbox 1807 3534 1872 3587; x_wconf 89' lang='lat' dir='ltr'><strong>iis</strong></span> <span class='ocrx_word' id='word_1_509' title='bbox 1902 3535 2174 3607; x_wconf 80' lang='lat' dir='ltr'><strong>mordicus</strong></span> 
     </span>
    </p>
   </div>
   <div class='ocr_carea' id='block_1_70' title="bbox 586 3622 2177 3694">
    <p class='ocr_par' dir='ltr' id='par_1_70' title="bbox 586 3622 2177 3694">
     <span class='ocr_line' id='line_1_70' title="bbox 586 3622 2177 3694; baseline 0.006 -21"><span class='ocrx_word' id='word_1_510' title='bbox 586 3622 914 3687; x_wconf 43' lang='lat' dir='ltr'><strong>‘adltmrebat</strong></span> <span class='ocrx_word' id='word_1_511' title='bbox 945 3623 1205 3692; x_wconf 79' lang='lat' dir='ltr'><strong>Niphoni;</strong></span> <span class='ocrx_word' id='word_1_512' title='bbox 1241 3639 1413 3693; x_wconf 86' lang='lat' dir='ltr'><strong>neque</strong></span> <span class='ocrx_word' id='word_1_513' title='bbox 1440 3625 1604 3678; x_wconf 89' lang='lat' dir='ltr'><strong>etiam</strong></span> <span class='ocrx_word' id='word_1_514' title='bbox 1637 3627 1680 3679; x_wconf 87' lang='lat' dir='ltr'><strong>si</strong></span> <span class='ocrx_word' id='word_1_515' title='bbox 1712 3626 1841 3694; x_wconf 92' lang='lat' dir='ltr'><strong>quid</strong></span> <span class='ocrx_word' id='word_1_516' title='bbox 1868 3626 2177 3682; x_wconf 87' lang='lat' dir='ltr'><strong>immineret</strong></span> 
     </span>
    </p>
   </div>
   <div class='ocr_carea' id='block_1_71' title="bbox 608 3715 2173 3782">
    <p class='ocr_par' dir='ltr' id='par_1_71' title="bbox 608 3715 2173 3782">
     <span class='ocr_line' id='line_1_71' title="bbox 608 3715 2173 3782; baseline 0.003 -15"><span class='ocrx_word' id='word_1_517' title='bbox 608 3715 812 3778; x_wconf 80' lang='lat' dir='ltr'><strong>damni,</strong></span> <span class='ocrx_word' id='word_1_518' title='bbox 840 3716 908 3768; x_wconf 89' lang='lat' dir='ltr'><strong>ab</strong></span> <span class='ocrx_word' id='word_1_519' title='bbox 941 3730 1005 3768; x_wconf 91' lang='lat' dir='ltr'><strong>eo</strong></span> <span class='ocrx_word' id='word_1_520' title='bbox 1041 3729 1098 3768; x_wconf 92' lang='lat' dir='ltr'><strong>se</strong></span> <span class='ocrx_word' id='word_1_521' title='bbox 1129 3716 1309 3769; x_wconf 76' lang='lat' dir='ltr'><strong>divelli</strong></span> <span class='ocrx_word' id='word_1_522' title='bbox 1349 3716 1653 3782; x_wconf 85' lang='lat' dir='ltr'><strong>patiebatur</strong></span> <span class='ocrx_word' id='word_1_523' title='bbox 1685 3733 1698 3768; x_wconf 87' lang='lat'><strong>:</strong></span> <span class='ocrx_word' id='word_1_524' title='bbox 1731 3718 1872 3771; x_wconf 90' lang='lat' dir='ltr'><strong>unde</strong></span> <span class='ocrx_word' id='word_1_525' title='bbox 1903 3732 1969 3771; x_wconf 82' lang='lat' dir='ltr'><strong>ex</strong></span> <span class='ocrx_word' id='word_1_526' title='bbox 2008 3717 2173 3772; x_wconf 89' lang='lat' dir='ltr'><strong>nimia</strong></span> 
     </span>
    </p>
   </div>
   <div class='ocr_carea' id='block_1_72' title="bbox 608 3806 2176 3878">
    <p class='ocr_par' dir='ltr' id='par_1_72' title="bbox 608 3806 2176 3878">
     <span class='ocr_line' id='line_1_72' title="bbox 608 3806 2176 3878; baseline 0.001 -18"><span class='ocrx_word' id='word_1_527' title='bbox 608 3806 973 3875; x_wconf 82' lang='lat' dir='ltr'><strong>simplicitate,</strong></span> <span class='ocrx_word' id='word_1_528' title='bbox 1002 3808 1198 3861; x_wconf 81' lang='lat' dir='ltr'><strong>suimet</strong></span> <span class='ocrx_word' id='word_1_529' title='bbox 1231 3808 1452 3871; x_wconf 88' lang='lat' dir='ltr'><strong>oblitus,</strong></span> <span class='ocrx_word' id='word_1_530' title='bbox 1498 3823 1716 3878; x_wconf 80' lang='lat' dir='ltr'><strong>magnas</strong></span> <span class='ocrx_word' id='word_1_531' title='bbox 1758 3807 1986 3863; x_wconf 88' lang='lat' dir='ltr'><strong>incurrit</strong></span> <span class='ocrx_word' id='word_1_532' title='bbox 2028 3810 2176 3863; x_wconf 88' lang='lat' dir='ltr'><strong>cala-</strong></span> 
     </span>
    </p>
   </div>
   <div class='ocr_carea' id='block_1_73' title="bbox 610 3896 2178 3966">
    <p class='ocr_par' dir='ltr' id='par_1_73' title="bbox 610 3896 2178 3966">
     <span class='ocr_line' id='line_1_73' title="bbox 610 3896 2178 3966; baseline 0.002 -17"><span class='ocrx_word' id='word_1_533' title='bbox 610 3900 846 3951; x_wconf 86' lang='lat' dir='ltr'><strong>mitates.</strong></span> <span class='ocrx_word' id='word_1_534' title='bbox 875 3898 1080 3966; x_wconf 86' lang='lat' dir='ltr'><strong>Quippe</strong></span> <span class='ocrx_word' id='word_1_535' title='bbox 1105 3913 1223 3951; x_wconf 90' lang='lat' dir='ltr'><strong>cum</strong></span> <span class='ocrx_word' id='word_1_536' title='bbox 1258 3896 1527 3950; x_wconf 87' lang='lat' dir='ltr'><strong>hominem</strong></span> <span class='ocrx_word' id='word_1_537' title='bbox 1555 3912 1763 3951; x_wconf 89' lang='lat' dir='ltr'><strong>rursum</strong></span> <span class='ocrx_word' id='word_1_538' title='bbox 1790 3899 1991 3951; x_wconf 89' lang='lat' dir='ltr'><strong>carceri</strong></span> <span class='ocrx_word' id='word_1_539' title='bbox 2026 3913 2178 3953; x_wconf 88' lang='lat' dir='ltr'><strong>man-</strong></span> 
     </span>
    </p>
   </div>
   <div class='ocr_carea' id='block_1_74' title="bbox 608 3988 2173 4057">
    <p class='ocr_par' dir='ltr' id='par_1_74' title="bbox 608 3988 2173 4057">
     <span class='ocr_line' id='line_1_74' title="bbox 608 3988 2173 4057; baseline -0.002 -14"><span class='ocrx_word' id='word_1_540' title='bbox 608 3989 777 4057; x_wconf 87' lang='lat' dir='ltr'><strong>cipari</strong></span> <span class='ocrx_word' id='word_1_541' title='bbox 820 3990 1163 4057; x_wconf 77' lang='lat' dir='ltr'><strong>prtecepisset</strong></span> <span class='ocrx_word' id='word_1_542' title='bbox 1208 3990 1476 4057; x_wconf 84' lang='lat' dir='ltr'><strong>princeps,</strong></span> <span class='ocrx_word' id='word_1_543' title='bbox 1539 3988 1897 4056; x_wconf 85' lang='lat' dir='ltr'><strong>adessentque</strong></span> <span class='ocrx_word' id='word_1_544' title='bbox 1942 3988 2173 4054; x_wconf 89' lang='lat' dir='ltr'><strong>ducturi,</strong></span> 
     </span>
    </p>
   </div>
   <div class='ocr_carea' id='block_1_75' title="bbox 611 4079 2175 4152">
    <p class='ocr_par' dir='ltr' id='par_1_75' title="bbox 611 4079 2175 4152">
     <span class='ocr_line' id='line_1_75' title="bbox 611 4079 2175 4152; baseline -0.001 -18"><span class='ocrx_word' id='word_1_545' title='bbox 611 4086 783 4152; x_wconf 88' lang='lat' dir='ltr'><strong>primo</strong></span> <span class='ocrx_word' id='word_1_546' title='bbox 806 4082 1018 4149; x_wconf 84' lang='lat' dir='ltr'><strong>quidem</strong></span> <span class='ocrx_word' id='word_1_547' title='bbox 1051 4083 1189 4136; x_wconf 88' lang='lat' dir='ltr'><strong>haud</strong></span> <span class='ocrx_word' id='word_1_548' title='bbox 1213 4082 1432 4134; x_wconf 85' lang='lat' dir='ltr'><strong>multum</strong></span> <span class='ocrx_word' id='word_1_549' title='bbox 1459 4079 1628 4133; x_wconf 80' lang='lat' dir='ltr'><strong>abfuit</strong></span> <span class='ocrx_word' id='word_1_550' title='bbox 1658 4081 1785 4148; x_wconf 89' lang='lat' dir='ltr'><strong>quin</strong></span> <span class='ocrx_word' id='word_1_551' title='bbox 1815 4081 2175 4149; x_wconf 86' lang='lat' dir='ltr'><strong>patriarchant</strong></span> 
     </span>
    </p>
   </div>
   <div class='ocr_carea' id='block_1_76' title="bbox 612 4173 2175 4242">
    <p class='ocr_par' dir='ltr' id='par_1_76' title="bbox 612 4173 2175 4242">
     <span class='ocr_line' id='line_1_76' title="bbox 612 4173 2175 4242; baseline 0.003 -20"><span class='ocrx_word' id='word_1_552' title='bbox 612 4188 712 4226; x_wconf 71' lang='lat' dir='ltr'><strong>vox</strong></span> <span class='ocrx_word' id='word_1_553' title='bbox 756 4175 1028 4227; x_wconf 81' lang='lat' dir='ltr'><strong>deﬁceret.</strong></span> <span class='ocrx_word' id='word_1_554' title='bbox 1076 4173 1314 4229; x_wconf 86' lang='lat' dir='ltr'><strong>Collecto</strong></span> <span class='ocrx_word' id='word_1_555' title='bbox 1358 4174 1570 4228; x_wconf 88' lang='lat' dir='ltr'><strong>demum</strong></span> <span class='ocrx_word' id='word_1_556' title='bbox 1620 4174 1832 4241; x_wconf 90' lang='lat' dir='ltr'><strong>spiritu,</strong></span> <span class='ocrx_word' id='word_1_557' title='bbox 1878 4173 1945 4228; x_wconf 88' lang='lat' dir='ltr'><strong>ad</strong></span> <span class='ocrx_word' id='word_1_558' title='bbox 1995 4173 2175 4242; x_wconf 84' lang='lat' dir='ltr'><strong>templi</strong></span> 
     </span>
    </p>
   </div>
   <div class='ocr_carea' id='block_1_77' title="bbox 615 4256 2183 4333">
    <p class='ocr_par' dir='ltr' id='par_1_77' title="bbox 615 4256 2183 4333">
     <span class='ocr_line' id='line_1_77' title="bbox 615 4256 2183 4333; baseline 0 -16"><span class='ocrx_word' id='word_1_559' title='bbox 615 4280 785 4333; x_wconf 89' lang='lat' dir='ltr'><strong>usque</strong></span> <span class='ocrx_word' id='word_1_560' title='bbox 810 4263 949 4317; x_wconf 83' lang='lat' dir='ltr'><strong>fores</strong></span> <span class='ocrx_word' id='word_1_561' title='bbox 978 4278 1315 4333; x_wconf 85' lang='lat' dir='ltr'><strong>progressus,</strong></span> <span class='ocrx_word' id='word_1_562' title='bbox 1354 4278 1381 4316; x_wconf 92' lang='lat' dir='ltr'><strong>a</strong></span> <span class='ocrx_word' id='word_1_563' title='bbox 1410 4256 1705 4317; x_wconf 84' lang='lat' dir='ltr'><strong>satellitum</strong></span> <span class='ocrx_word' id='word_1_564' title='bbox 1748 4264 1994 4317; x_wconf 89' lang='lat' dir='ltr'><strong>manibus</strong></span> <span class='ocrx_word' id='word_1_565' title='bbox 2021 4278 2183 4318; x_wconf 90' lang='lat' dir='ltr'><strong>cona-</strong></span> 
     </span>
    </p>
   </div>
   <div class='ocr_carea' id='block_1_78' title="bbox 2273 3346 3835 3427">
    <p class='ocr_par' dir='ltr' id='par_1_78' title="bbox 2273 3346 3835 3427">
     <span class='ocr_line' id='line_1_78' title="bbox 2273 3346 3835 3427; baseline -0.007 -16"><span class='ocrx_word' id='word_1_566' title='bbox 2273 3359 2366 3411; x_wconf 75' lang='grc' dir='ltr'>ἐπὶ</span> <span class='ocrx_word' id='word_1_567' title='bbox 2400 3357 2617 3427; x_wconf 79' lang='grc' dir='ltr'>σχολῆς·</span> <span class='ocrx_word' id='word_1_568' title='bbox 2658 3374 2677 3407; x_wconf 80' lang='lat' dir='ltr'><strong>r</strong></span> <span class='ocrx_word' id='word_1_569' title='bbox 2710 3356 2775 3407; x_wconf 89' lang='grc' dir='ltr'><strong>Τί</strong></span> <span class='ocrx_word' id='word_1_570' title='bbox 2818 3355 3036 3425; x_wconf 83' lang='grc' dir='ltr'>δήποτε,</span> <span class='ocrx_word' id='word_1_571' title='bbox 3084 3352 3338 3422; x_wconf 76' lang='grc' dir='ltr'>ἔφασκον,</span> <span class='ocrx_word' id='word_1_572' title='bbox 3360 3346 3404 3404; x_wconf 82' lang='grc' dir='ltr'><strong>ὦ</strong></span> <span class='ocrx_word' id='word_1_573' title='bbox 3430 3352 3561 3405; x_wconf 63' lang='grc' dir='ltr'>,θεῖε</span> <span class='ocrx_word' id='word_1_574' title='bbox 3611 3349 3835 3421; x_wconf 70' lang='grc' dir='ltr'>ποιμὴν,</span> 
     </span>
    </p>
   </div>
   <div class='ocr_carea' id='block_1_79' title="bbox 2270 3439 3838 3518">
    <p class='ocr_par' dir='ltr' id='par_1_79' title="bbox 2270 3439 3838 3518">
     <span class='ocr_line' id='line_1_79' title="bbox 2270 3439 3838 3518; baseline -0.007 -17"><span class='ocrx_word' id='word_1_575' title='bbox 2270 3450 2419 3518; x_wconf 83' lang='grc' dir='ltr'>λύκῳ</span> <span class='ocrx_word' id='word_1_576' title='bbox 2467 3446 2741 3509; x_wconf 81' lang='grc' dir='ltr'>πιστεύεις</span> <span class='ocrx_word' id='word_1_577' title='bbox 2786 3445 3011 3508; x_wconf 76' lang='grc' dir='ltr'>ἐαυτόνς</span> <span class='ocrx_word' id='word_1_578' title='bbox 3045 3444 3114 3496; x_wconf 85' lang='grc' dir='ltr'><strong>’Ἡ</strong></span> <span class='ocrx_word' id='word_1_579' title='bbox 3158 3443 3255 3496; x_wconf 84' lang='grc' dir='ltr'>οὐκ</span> <span class='ocrx_word' id='word_1_580' title='bbox 3306 3439 3451 3503; x_wconf 72' lang='grc' dir='ltr'>οἶδας</span> <span class='ocrx_word' id='word_1_581' title='bbox 3500 3440 3838 3503; x_wconf 54' lang='grc' dir='ltr'><strong>ὠςνὺποϐλέ-</strong></span> 
     </span>
    </p>
   </div>
   <div class='ocr_carea' id='block_1_80' title="bbox 2275 3532 3840 3604">
    <p class='ocr_par' dir='ltr' id='par_1_80' title="bbox 2275 3532 3840 3604">
     <span class='ocr_line' id='line_1_80' title="bbox 2275 3532 3840 3604; baseline -0.006 -13"><span class='ocrx_word' id='word_1_582' title='bbox 2275 3538 2433 3592; x_wconf 85' lang='grc' dir='ltr'>πεταί</span> <span class='ocrx_word' id='word_1_583' title='bbox 2469 3555 2526 3589; x_wconf 85' lang='grc' dir='ltr'><strong>σε</strong></span> <span class='ocrx_word' id='word_1_584' title='bbox 2573 3536 2661 3590; x_wconf 80' lang='grc' dir='ltr'><strong>διά</strong></span> <span class='ocrx_word' id='word_1_585' title='bbox 2690 3536 2847 3589; x_wconf 80' lang='grc' dir='ltr'>τοῦτο</span> <span class='ocrx_word' id='word_1_586' title='bbox 2882 3536 2944 3587; x_wconf 72' lang='grc' dir='ltr'><strong>τὸ</strong></span> <span class='ocrx_word' id='word_1_587' title='bbox 2980 3536 3266 3604; x_wconf 86' lang='grc' dir='ltr'>ποίμνιον;</span> <span class='ocrx_word' id='word_1_588' title='bbox 3326 3532 3705 3603; x_wconf 80' lang='grc' dir='ltr'>Ἀπορῥάγηθι</span> <span class='ocrx_word' id='word_1_589' title='bbox 3742 3533 3840 3599; x_wconf 73' lang='grc' dir='ltr'>τῆς</span> 
     </span>
    </p>
   </div>
   <div class='ocr_carea' id='block_1_81' title="bbox 2274 3614 3841 3696">
    <p class='ocr_par' dir='ltr' id='par_1_81' title="bbox 2274 3614 3841 3696">
     <span class='ocr_line' id='line_1_81' title="bbox 2274 3614 3841 3696; baseline -0.003 -15"><span class='ocrx_word' id='word_1_590' title='bbox 2274 3629 2366 3682; x_wconf 83' lang='grc' dir='ltr'>τοῦ</span> <span class='ocrx_word' id='word_1_591' title='bbox 2396 3627 2667 3696; x_wconf 85' lang='grc' dir='ltr'>λυμεῶνος</span> <span class='ocrx_word' id='word_1_592' title='bbox 2718 3625 3021 3690; x_wconf 81' lang='grc' dir='ltr'>ξυναυλίας.</span> <span class='ocrx_word' id='word_1_593' title='bbox 3047 3625 3232 3694; x_wconf 76' lang='grc' dir='ltr'>Ἀνδρὶ</span> <span class='ocrx_word' id='word_1_594' title='bbox 3260 3625 3367 3694; x_wconf 81' lang='grc' dir='ltr'><strong>γὰρ</strong></span> <span class='ocrx_word' id='word_1_595' title='bbox 3390 3625 3686 3694; x_wconf 76' lang='grc' dir='ltr'>ἀποελήτῳ</span> <span class='ocrx_word' id='word_1_596' title='bbox 3717 3614 3841 3688; x_wconf 81' lang='grc' dir='ltr'>ξυν-</span> 
     </span>
    </p>
   </div>
   <div class='ocr_carea' id='block_1_82' title="bbox 2273 3712 3841 3785">
    <p class='ocr_par' dir='ltr' id='par_1_82' title="bbox 2273 3712 3841 3785">
     <span class='ocr_line' id='line_1_82' title="bbox 2273 3712 3841 3785; baseline -0.005 -13"><span class='ocrx_word' id='word_1_597' title='bbox 2273 3718 2575 3783; x_wconf 69' lang='grc' dir='ltr'>οικίζεσθαι</span> <span class='ocrx_word' id='word_1_598' title='bbox 2656 3717 2938 3784; x_wconf 82' lang='grc' dir='ltr'>αὐτάρκης</span> <span class='ocrx_word' id='word_1_599' title='bbox 2985 3715 3309 3785; x_wconf 85' lang='grc' dir='ltr'>κατηγορία.</span> <span class='ocrx_word' id='word_1_600' title='bbox 3349 3732 3368 3766; x_wconf 70' lang='grc' dir='ltr'><strong>ι</strong></span> <span class='ocrx_word' id='word_1_601' title='bbox 3404 3715 3464 3766; x_wconf 77' lang='grc' dir='ltr'><strong>Οἱ</strong></span> <span class='ocrx_word' id='word_1_602' title='bbox 3514 3712 3614 3781; x_wconf 86' lang='grc' dir='ltr'>μὲν</span> <span class='ocrx_word' id='word_1_603' title='bbox 3666 3712 3841 3765; x_wconf 78' lang='grc' dir='ltr'>ταῦτα</span> 
     </span>
    </p>
   </div>
   <div class='ocr_carea' id='block_1_83' title="bbox 2275 3806 3842 3875">
    <p class='ocr_par' dir='ltr' id='par_1_83' title="bbox 2275 3806 3842 3875">
     <span class='ocr_line' id='line_1_83' title="bbox 2275 3806 3842 3875; baseline -0.006 -9"><span class='ocrx_word' id='word_1_604' title='bbox 2275 3814 2371 3866; x_wconf 61' lang='grc' dir='ltr'><strong>καλ⁸</strong></span> <span class='ocrx_word' id='word_1_605' title='bbox 2396 3812 2618 3865; x_wconf 84' lang='grc' dir='ltr'>τοιαῦτα</span> <span class='ocrx_word' id='word_1_606' title='bbox 2645 3809 2825 3875; x_wconf 78' lang='grc' dir='ltr'>ἔλεγον</span> <span class='ocrx_word' id='word_1_607' title='bbox 2849 3824 2863 3839; x_wconf 84' lang='grc'><em>’</em></span> <span class='ocrx_word' id='word_1_608' title='bbox 2912 3809 3053 3868; x_wconf 80' lang='grc' dir='ltr'>ὅσοις</span> <span class='ocrx_word' id='word_1_609' title='bbox 3083 3808 3137 3860; x_wconf 87' lang='grc' dir='ltr'><strong>δέ</strong></span> <span class='ocrx_word' id='word_1_610' title='bbox 3167 3807 3232 3860; x_wconf 82' lang='grc' dir='ltr'>δι’</span> <span class='ocrx_word' id='word_1_611' title='bbox 3266 3806 3563 3875; x_wconf 79' lang='grc' dir='ltr'>ἀπεχθείας</span> <span class='ocrx_word' id='word_1_612' title='bbox 3594 3808 3623 3857; x_wconf 84' lang='grc' dir='ltr'>ὁ</span> <span class='ocrx_word' id='word_1_613' title='bbox 3653 3810 3842 3875; x_wconf 78' lang='grc' dir='ltr'>ἀρχιε-</span> 
     </span>
    </p>
   </div>
   <div class='ocr_carea' id='block_1_84' title="bbox 2281 3894 3844 3974">
    <p class='ocr_par' dir='ltr' id='par_1_84' title="bbox 2281 3894 3844 3974">
     <span class='ocr_line' id='line_1_84' title="bbox 2281 3894 3844 3974; baseline -0.007 -18"><span class='ocrx_word' id='word_1_614' title='bbox 2281 3905 2405 3974; x_wconf 72' lang='grc' dir='ltr'>ρεὺς</span> <span class='ocrx_word' id='word_1_615' title='bbox 2433 3897 2520 3969; x_wconf 83' lang='grc' dir='ltr'>ἦν,</span> <span class='ocrx_word' id='word_1_616' title='bbox 2551 3897 2861 3952; x_wconf 78' lang='grc' dir='ltr'>ἀπεϐοῶντο</span> <span class='ocrx_word' id='word_1_617' title='bbox 2889 3897 3184 3969; x_wconf 72' lang='grc' dir='ltr'>διαρρήδην</span> <span class='ocrx_word' id='word_1_618' title='bbox 3232 3894 3591 3949; x_wconf 80' lang='grc' dir='ltr'>ἐπεκαλοῦντό</span> <span class='ocrx_word' id='word_1_619' title='bbox 3626 3913 3688 3948; x_wconf 87' lang='grc' dir='ltr'><strong>τε</strong></span> <span class='ocrx_word' id='word_1_620' title='bbox 3721 3897 3844 3956; x_wconf 81' lang='grc' dir='ltr'>τοὺς</span> 
     </span>
    </p>
   </div>
   <div class='ocr_carea' id='block_1_85' title="bbox 2277 3984 3843 4060">
    <p class='ocr_par' dir='ltr' id='par_1_85' title="bbox 2277 3984 3843 4060">
     <span class='ocr_line' id='line_1_85' title="bbox 2277 3984 3843 4060; baseline -0.006 -15"><span class='ocrx_word' id='word_1_621' title='bbox 2277 3992 2411 4045; x_wconf 84' lang='grc' dir='ltr'>Θεοῦ</span> <span class='ocrx_word' id='word_1_622' title='bbox 2438 3990 2531 4043; x_wconf 75' lang='grc' dir='ltr'>καὶ</span> <span class='ocrx_word' id='word_1_623' title='bbox 2567 3989 2825 4060; x_wconf 77' lang='grc' dir='ltr'>βασιλέως</span> <span class='ocrx_word' id='word_1_624' title='bbox 2862 3986 3194 4054; x_wconf 79' lang='grc' dir='ltr'>ὀφθαλμούς.</span> <span class='ocrx_word' id='word_1_625' title='bbox 3237 3987 3294 4037; x_wconf 87' lang='lat'><strong>&#39;0</strong></span> <span class='ocrx_word' id='word_1_626' title='bbox 3323 3985 3391 4040; x_wconf 74' lang='grc' dir='ltr'>δὲ,</span> <span class='ocrx_word' id='word_1_627' title='bbox 3417 3984 3551 4037; x_wconf 76' lang='grc' dir='ltr'>ἀλλὰ</span> <span class='ocrx_word' id='word_1_628' title='bbox 3593 3985 3710 4039; x_wconf 85' lang='grc' dir='ltr'><strong>τῶν</strong></span> <span class='ocrx_word' id='word_1_629' title='bbox 3749 3986 3843 4055; x_wconf 81' lang='grc' dir='ltr'>μὲν</span> 
     </span>
    </p>
   </div>
   <div class='ocr_carea' id='block_1_86' title="bbox 2278 4075 3845 4151">
    <p class='ocr_par' dir='ltr' id='par_1_86' title="bbox 2278 4075 3845 4151">
     <span class='ocr_line' id='line_1_86' title="bbox 2278 4075 3845 4151; baseline -0.004 -16"><span class='ocrx_word' id='word_1_630' title='bbox 2278 4080 2555 4151; x_wconf 74' lang='grc' dir='ltr'>ὀλιγώρως</span> <span class='ocrx_word' id='word_1_631' title='bbox 2605 4076 2718 4149; x_wconf 73' lang='grc' dir='ltr'>εἶχε</span> <span class='ocrx_word' id='word_1_632' title='bbox 2779 4078 3113 4141; x_wconf 75' lang='grc' dir='ltr'>παντάπασι,</span> <span class='ocrx_word' id='word_1_633' title='bbox 3150 4076 3242 4129; x_wconf 82' lang='grc' dir='ltr'>τοῦ</span> <span class='ocrx_word' id='word_1_634' title='bbox 3284 4076 3342 4129; x_wconf 80' lang='grc' dir='ltr'>δὲ</span> <span class='ocrx_word' id='word_1_635' title='bbox 3376 4076 3648 4144; x_wconf 80' lang='grc' dir='ltr'>Νήιρωνος</span> <span class='ocrx_word' id='word_1_636' title='bbox 3680 4075 3845 4147; x_wconf 73' lang='grc' dir='ltr'>ἀπρὶξ</span> 
     </span>
    </p>
   </div>
   <div class='ocr_carea' id='block_1_87' title="bbox 2280 4166 3845 4241">
    <p class='ocr_par' dir='ltr' id='par_1_87' title="bbox 2280 4166 3845 4241">
     <span class='ocr_line' id='line_1_87' title="bbox 2280 4166 3845 4241; baseline -0.004 -16"><span class='ocrx_word' id='word_1_637' title='bbox 2280 4174 2475 4241; x_wconf 79' lang='grc' dir='ltr'>εἴχετο,</span> <span class='ocrx_word' id='word_1_638' title='bbox 2502 4171 2609 4223; x_wconf 82' lang='grc' dir='ltr'>οὐδ’</span> <span class='ocrx_word' id='word_1_639' title='bbox 2646 4170 2712 4223; x_wconf 85' lang='grc' dir='ltr'>ἂν</span> <span class='ocrx_word' id='word_1_640' title='bbox 2742 4171 2793 4222; x_wconf 70' lang='grc' dir='ltr'><strong>εἴ</strong></span> <span class='ocrx_word' id='word_1_641' title='bbox 2821 4186 2874 4220; x_wconf 87' lang='grc' dir='ltr'><strong>τι</strong></span> <span class='ocrx_word' id='word_1_642' title='bbox 2904 4169 2998 4223; x_wconf 68' lang='grc' dir='ltr'>καὶ</span> <span class='ocrx_word' id='word_1_643' title='bbox 3027 4168 3233 4235; x_wconf 81' lang='grc' dir='ltr'>γένοιτο</span> <span class='ocrx_word' id='word_1_644' title='bbox 3278 4166 3618 4219; x_wconf 79' lang='grc' dir='ltr'>ἀποκλᾶσθαι</span> <span class='ocrx_word' id='word_1_645' title='bbox 3658 4169 3845 4237; x_wconf 70' lang='grc' dir='ltr'>ἢθελεν</span> 
     </span>
    </p>
   </div>
   <div class='ocr_carea' id='block_1_88' title="bbox 2282 4258 3844 4330">
    <p class='ocr_par' dir='ltr' id='par_1_88' title="bbox 2282 4258 3844 4330">
     <span class='ocr_line' id='line_1_88' title="bbox 2282 4258 3844 4330; baseline -0.004 -14"><span class='ocrx_word' id='word_1_646' title='bbox 2282 4260 2480 4317; x_wconf 79' lang='grc' dir='ltr'>αὐτοῦ·</span> <span class='ocrx_word' id='word_1_647' title='bbox 2515 4260 2704 4330; x_wconf 75' lang='grc' dir='ltr'>ἀμέλει</span> <span class='ocrx_word' id='word_1_648' title='bbox 2731 4261 2822 4312; x_wconf 72' lang='grc' dir='ltr'>καὶ</span> <span class='ocrx_word' id='word_1_649' title='bbox 2852 4260 3041 4313; x_wconf 76' lang='grc' dir='ltr'>ἔλαθεν</span> <span class='ocrx_word' id='word_1_650' title='bbox 3086 4258 3275 4313; x_wconf 71' lang='grc' dir='ltr'>ἑαυτὸν</span> <span class='ocrx_word' id='word_1_651' title='bbox 3315 4261 3381 4329; x_wconf 79' lang='grc' dir='ltr'>τῇ</span> <span class='ocrx_word' id='word_1_652' title='bbox 3416 4258 3539 4313; x_wconf 83' lang='grc' dir='ltr'>λίαν</span> <span class='ocrx_word' id='word_1_653' title='bbox 3574 4259 3844 4328; x_wconf 81' lang='grc' dir='ltr'>ἁπλότητι</span> 
     </span>
    </p>
   </div>
   <div class='ocr_carea' id='block_1_89' title="bbox 619 4346 2168 4424">
    <p class='ocr_par' dir='ltr' id='par_1_89' title="bbox 619 4356 2168 4424">
     <span class='ocr_line' id='line_1_89' title="bbox 619 4356 2168 4424; baseline 0.001 -16"><span class='ocrx_word' id='word_1_654' title='bbox 619 4370 704 4409; x_wconf 89' lang='lat' dir='ltr'><strong>tns</strong></span> <span class='ocrx_word' id='word_1_655' title='bbox 728 4366 809 4411; x_wconf 86' lang='lat' dir='ltr'><strong>est</strong></span> <span class='ocrx_word' id='word_1_656' title='bbox 844 4356 1113 4418; x_wconf 78' lang='lat' dir='ltr'><strong>avellere;</strong></span> <span class='ocrx_word' id='word_1_657' title='bbox 1161 4369 1391 4424; x_wconf 88' lang='lat' dir='ltr'><strong>cumque</strong></span> <span class='ocrx_word' id='word_1_658' title='bbox 1438 4357 1768 4410; x_wconf 86' lang='lat' dir='ltr'><strong>reluctareut</strong></span> <span class='ocrx_word' id='word_1_659' title='bbox 1818 4356 1875 4421; x_wconf 93' lang='lat' dir='ltr'><strong>ii,</strong></span> <span class='ocrx_word' id='word_1_660' title='bbox 1922 4371 2023 4410; x_wconf 90' lang='lat' dir='ltr'><strong>una</strong></span> <span class='ocrx_word' id='word_1_661' title='bbox 2056 4372 2168 4411; x_wconf 86' lang='lat' dir='ltr'><strong>cum</strong></span> 
     </span>
    </p>
   </div>
   <div class='ocr_carea' id='block_1_90' title="bbox 2268 4346 3847 4424">
    <p class='ocr_par' dir='ltr' id='par_1_90' title="bbox 2284 4346 3847 4421">
     <span class='ocr_line' id='line_1_90' title="bbox 2284 4346 3847 4421; baseline -0.004 -14"><span class='ocrx_word' id='word_1_662' title='bbox 2284 4358 2341 4407; x_wconf 85' lang='grc' dir='ltr'><strong>ἐν</strong></span> <span class='ocrx_word' id='word_1_663' title='bbox 2368 4351 2429 4406; x_wconf 78' lang='grc' dir='ltr'>οὐ</span> <span class='ocrx_word' id='word_1_664' title='bbox 2471 4350 2715 4421; x_wconf 76' lang='grc' dir='ltr'>μετρίοις</span> <span class='ocrx_word' id='word_1_665' title='bbox 2763 4348 3079 4419; x_wconf 73' lang='grc' dir='ltr'>ζημιωθείς.</span> <span class='ocrx_word' id='word_1_666' title='bbox 3126 4350 3280 4402; x_wconf 72' lang='grc' dir='ltr'>Ἐπεὶ</span> <span class='ocrx_word' id='word_1_667' title='bbox 3324 4346 3456 4417; x_wconf 83' lang='grc' dir='ltr'>γοῦν</span> <span class='ocrx_word' id='word_1_668' title='bbox 3501 4367 3659 4415; x_wconf 84' lang='grc' dir='ltr'>ποτε,</span> <span class='ocrx_word' id='word_1_669' title='bbox 3696 4351 3847 4420; x_wconf 64' lang='grc' dir='ltr'>βασι-</span> 
     </span>
    </p>
   </div>
   <div class='ocr_carea' id='block_1_91' title="bbox 614 4434 2168 4519">
    <p class='ocr_par' dir='ltr' id='par_1_91' title="bbox 614 4434 2168 4519">
     <span class='ocr_line' id='line_1_91' title="bbox 614 4434 2168 4519; baseline 0.001 -20"><span class='ocrx_word' id='word_1_670' title='bbox 614 4434 704 4504; x_wconf 70' lang='lat' dir='ltr'><strong>illo</strong></span> <span class='ocrx_word' id='word_1_671' title='bbox 734 4451 816 4519; x_wconf 87' lang='lat' dir='ltr'><strong>agi</strong></span> <span class='ocrx_word' id='word_1_672' title='bbox 849 4450 899 4501; x_wconf 92' lang='lat' dir='ltr'><strong>in</strong></span> <span class='ocrx_word' id='word_1_673' title='bbox 933 4462 1204 4501; x_wconf 86' lang='lat' dir='ltr'><strong>carcerem</strong></span> <span class='ocrx_word' id='word_1_674' title='bbox 1232 4447 1462 4502; x_wconf 78' lang='lat' dir='ltr'><strong>volebat.</strong></span> <span class='ocrx_word' id='word_1_675' title='bbox 1494 4444 1621 4501; x_wconf 90' lang='lat' dir='ltr'><strong>Inde</strong></span> <span class='ocrx_word' id='word_1_676' title='bbox 1656 4455 1825 4503; x_wconf 72' lang='lat' dir='ltr'><strong>enatte</strong></span> <span class='ocrx_word' id='word_1_677' title='bbox 1851 4446 1904 4499; x_wconf 91' lang='lat' dir='ltr'><strong>in</strong></span> <span class='ocrx_word' id='word_1_678' title='bbox 1940 4446 2168 4501; x_wconf 71' lang='lat' dir='ltr'><strong>Ecclesia</strong></span> 
     </span>
    </p>
   </div>
   <div class='ocr_carea' id='block_1_92' title="bbox 2268 4434 3846 4519">
    <p class='ocr_par' dir='ltr' id='par_1_92' title="bbox 2286 4440 3846 4510">
     <span class='ocr_line' id='line_1_92' title="bbox 2286 4440 3846 4510; baseline -0.006 -14"><span class='ocrx_word' id='word_1_679' title='bbox 2286 4446 2424 4506; x_wconf 80' lang='grc' dir='ltr'>λὲως</span> <span class='ocrx_word' id='word_1_680' title='bbox 2446 4442 2795 4499; x_wconf 84' lang='grc' dir='ltr'>κελεύσαντος</span> <span class='ocrx_word' id='word_1_681' title='bbox 2829 4442 3016 4510; x_wconf 78' lang='grc' dir='ltr'>εἱρκτῇ</span> <span class='ocrx_word' id='word_1_682' title='bbox 3074 4444 3165 4493; x_wconf 73' lang='grc' dir='ltr'>καὶ</span> <span class='ocrx_word' id='word_1_683' title='bbox 3190 4441 3343 4503; x_wconf 81' lang='grc' dir='ltr'>αὖθις</span> <span class='ocrx_word' id='word_1_684' title='bbox 3381 4440 3599 4509; x_wconf 74' lang='grc' dir='ltr'>δοθῆναι</span> <span class='ocrx_word' id='word_1_685' title='bbox 3636 4444 3732 4495; x_wconf 69' lang='grc' dir='ltr'><strong>τὸν</strong></span> <span class='ocrx_word' id='word_1_686' title='bbox 3758 4443 3846 4495; x_wconf 65' lang='grc' dir='ltr'><strong>ἄν.</strong></span> 
     </span>
    </p>
   </div>
   <div class='ocr_carea' id='block_1_93' title="bbox 615 4533 2168 4609">
    <p class='ocr_par' dir='ltr' id='par_1_93' title="bbox 615 4536 2168 4605">
     <span class='ocr_line' id='line_1_93' title="bbox 615 4536 2168 4605; baseline -0.001 -11"><span class='ocrx_word' id='word_1_687' title='bbox 615 4540 1008 4601; x_wconf 79' lang='lat' dir='ltr'><strong>contentiones,</strong></span> <span class='ocrx_word' id='word_1_688' title='bbox 1056 4538 1170 4604; x_wconf 88' lang='lat' dir='ltr'><strong>ipso</strong></span> <span class='ocrx_word' id='word_1_689' title='bbox 1217 4536 1407 4591; x_wconf 85' lang='lat' dir='ltr'><strong>Cosma</strong></span> <span class='ocrx_word' id='word_1_690' title='bbox 1450 4538 1501 4588; x_wconf 91' lang='lat' dir='ltr'><strong>in</strong></span> <span class='ocrx_word' id='word_1_691' title='bbox 1534 4537 1795 4605; x_wconf 85' lang='lat' dir='ltr'><strong>judicium</strong></span> <span class='ocrx_word' id='word_1_692' title='bbox 1838 4546 2049 4604; x_wconf 83' lang='lat' dir='ltr'><strong>vocato,</strong></span> <span class='ocrx_word' id='word_1_693' title='bbox 2081 4552 2168 4592; x_wconf 75' lang='lat' dir='ltr'><strong>net</strong></span> 
     </span>
    </p>
   </div>
   <div class='ocr_carea' id='block_1_94' title="bbox 2268 4533 3845 4609">
    <p class='ocr_par' dir='ltr' id='par_1_94' title="bbox 2289 4533 3845 4609">
     <span class='ocr_line' id='line_1_94' title="bbox 2289 4533 3845 4609; baseline -0.004 -16"><span class='ocrx_word' id='word_1_694' title='bbox 2289 4540 2525 4609; x_wconf 87' lang='grc' dir='ltr'>θρωπον,</span> <span class='ocrx_word' id='word_1_695' title='bbox 2586 4536 2837 4605; x_wconf 82' lang='grc' dir='ltr'>παρῆσαν</span> <span class='ocrx_word' id='word_1_696' title='bbox 2890 4534 2940 4586; x_wconf 77' lang='grc' dir='ltr'>οἱ</span> <span class='ocrx_word' id='word_1_697' title='bbox 2998 4533 3187 4586; x_wconf 79' lang='grc' dir='ltr'>τοῦτον</span> <span class='ocrx_word' id='word_1_698' title='bbox 3241 4534 3563 4598; x_wconf 83' lang='grc' dir='ltr'>ἀπάξοντες,</span> <span class='ocrx_word' id='word_1_699' title='bbox 3625 4535 3690 4586; x_wconf 83' lang='grc' dir='ltr'>τὸ</span> <span class='ocrx_word' id='word_1_700' title='bbox 3750 4536 3845 4604; x_wconf 83' lang='grc' dir='ltr'>μὲν</span> 
     </span>
    </p>
   </div>
   <div class='ocr_carea' id='block_1_95' title="bbox 617 4612 2168 4699">
    <p class='ocr_par' dir='ltr' id='par_1_95' title="bbox 617 4627 2168 4696">
     <span class='ocr_line' id='line_1_95' title="bbox 617 4627 2168 4696; baseline 0.003 -17"><span class='ocrx_word' id='word_1_701' title='bbox 617 4642 740 4682; x_wconf 86' lang='lat' dir='ltr'><strong>ante</strong></span> <span class='ocrx_word' id='word_1_702' title='bbox 780 4630 845 4682; x_wconf 87' lang='lat' dir='ltr'><strong>ab</strong></span> <span class='ocrx_word' id='word_1_703' title='bbox 888 4629 1211 4696; x_wconf 79' lang='lat' dir='ltr'><strong>ejttscetnodi</strong></span> <span class='ocrx_word' id='word_1_704' title='bbox 1249 4627 1569 4682; x_wconf 88' lang='lat' dir='ltr'><strong>tumultibus</strong></span> <span class='ocrx_word' id='word_1_705' title='bbox 1613 4628 1836 4682; x_wconf 88' lang='lat' dir='ltr'><strong>liberata</strong></span> <span class='ocrx_word' id='word_1_706' title='bbox 1873 4637 1975 4691; x_wconf 84' lang='lat' dir='ltr'><strong>est,</strong></span> <span class='ocrx_word' id='word_1_707' title='bbox 2016 4644 2168 4696; x_wconf 83' lang='lat' dir='ltr'><strong>quam</strong></span> 
     </span>
    </p>
   </div>
   <div class='ocr_carea' id='block_1_96' title="bbox 2268 4612 3841 4699">
    <p class='ocr_par' dir='ltr' id='par_1_96' title="bbox 2283 4614 3841 4699">
     <span class='ocr_line' id='line_1_96' title="bbox 2283 4614 3841 4699; baseline -0.004 -16"><span class='ocrx_word' id='word_1_708' title='bbox 2283 4630 2497 4699; x_wconf 80' lang='grc' dir='ltr'>πρῶτον</span> <span class='ocrx_word' id='word_1_709' title='bbox 2532 4626 2727 4698; x_wconf 77' lang='grc' dir='ltr'>μικροῦ</span> <span class='ocrx_word' id='word_1_710' title='bbox 2773 4614 2883 4679; x_wconf 54' lang='grc' dir='ltr'>καὶ</span> <span class='ocrx_word' id='word_1_711' title='bbox 2908 4625 2987 4687; x_wconf 85' lang='grc' dir='ltr'><strong>είς</strong></span> <span class='ocrx_word' id='word_1_712' title='bbox 3019 4624 3257 4693; x_wconf 84' lang='grc' dir='ltr'>ἀφασίαν</span> <span class='ocrx_word' id='word_1_713' title='bbox 3286 4624 3684 4693; x_wconf 74' lang='grc' dir='ltr'>ἐξεπεπτώκει,</span> <span class='ocrx_word' id='word_1_714' title='bbox 3716 4627 3841 4679; x_wconf 83' lang='grc' dir='ltr'>ἀνα-</span> 
     </span>
    </p>
   </div>
   <div class='ocr_carea' id='block_1_97' title="bbox 619 4716 2168 4788">
    <p class='ocr_par' dir='ltr' id='par_1_97' title="bbox 619 4718 2168 4787">
     <span class='ocr_line' id='line_1_97' title="bbox 619 4718 2168 4787; baseline 0.001 -15"><span class='ocrx_word' id='word_1_715' title='bbox 619 4736 675 4773; x_wconf 90' lang='lat' dir='ltr'><strong>se</strong></span> <span class='ocrx_word' id='word_1_716' title='bbox 699 4719 1007 4787; x_wconf 74' lang='lat' dir='ltr'><strong>Byzantium</strong></span> <span class='ocrx_word' id='word_1_717' title='bbox 1046 4718 1334 4784; x_wconf 82' lang='lat' dir='ltr'><strong>imperator</strong></span> <span class='ocrx_word' id='word_1_718' title='bbox 1369 4718 1590 4786; x_wconf 87' lang='lat' dir='ltr'><strong>recepit,</strong></span> <span class='ocrx_word' id='word_1_719' title='bbox 1618 4732 1773 4786; x_wconf 89' lang='lat' dir='ltr'><strong>quem</strong></span> <span class='ocrx_word' id='word_1_720' title='bbox 1808 4720 1871 4771; x_wconf 89' lang='lat' dir='ltr'><strong>ad</strong></span> <span class='ocrx_word' id='word_1_721' title='bbox 1909 4719 2045 4773; x_wconf 88' lang='lat' dir='ltr'><strong>hanc</strong></span> <span class='ocrx_word' id='word_1_722' title='bbox 2081 4735 2168 4773; x_wconf 86' lang='lat' dir='ltr'><strong>us-</strong></span> 
     </span>
    </p>
   </div>
   <div class='ocr_carea' id='block_1_98' title="bbox 2268 4716 3837 4788">
    <p class='ocr_par' dir='ltr' id='par_1_98' title="bbox 2280 4716 3837 4788">
     <span class='ocr_line' id='line_1_98' title="bbox 2280 4716 3837 4788; baseline -0.003 -15"><span class='ocrx_word' id='word_1_723' title='bbox 2280 4721 2573 4785; x_wconf 82' lang='grc' dir='ltr'>λεξάμενος</span> <span class='ocrx_word' id='word_1_724' title='bbox 2601 4719 2656 4771; x_wconf 84' lang='grc' dir='ltr'>δὲ</span> <span class='ocrx_word' id='word_1_725' title='bbox 2694 4718 2883 4770; x_wconf 75' lang='grc' dir='ltr'>ἑαυτὸν</span> <span class='ocrx_word' id='word_1_726' title='bbox 2909 4717 3043 4785; x_wconf 77' lang='grc' dir='ltr'>πεζῇ</span> <span class='ocrx_word' id='word_1_727' title='bbox 3086 4734 3143 4769; x_wconf 84' lang='grc' dir='ltr'><strong>τε</strong></span> <span class='ocrx_word' id='word_1_728' title='bbox 3174 4716 3337 4785; x_wconf 86' lang='grc' dir='ltr'>μέχρι</span> <span class='ocrx_word' id='word_1_729' title='bbox 3367 4718 3460 4768; x_wconf 73' lang='grc' dir='ltr'>καὶ</span> <span class='ocrx_word' id='word_1_730' title='bbox 3489 4717 3581 4767; x_wconf 70' lang='grc' dir='ltr'>ἐπὶ</span> <span class='ocrx_word' id='word_1_731' title='bbox 3609 4718 3715 4788; x_wconf 76' lang='grc' dir='ltr'>τὴν</span> <span class='ocrx_word' id='word_1_732' title='bbox 3744 4716 3837 4769; x_wconf 76' lang='grc' dir='ltr'><strong>αὖ·</strong></span> 
     </span>
    </p>
   </div>
   <div class='ocr_carea' id='block_1_99' title="bbox 618 4791 2168 4879">
    <p class='ocr_par' dir='ltr' id='par_1_99' title="bbox 618 4791 2168 4879">
     <span class='ocr_line' id='line_1_99' title="bbox 618 4791 2168 4879; baseline 0.003 -18"><span class='ocrx_word' id='word_1_733' title='bbox 618 4827 721 4879; x_wconf 87' lang='lat' dir='ltr'><strong>qne</strong></span> <span class='ocrx_word' id='word_1_734' title='bbox 768 4811 905 4865; x_wconf 89' lang='lat' dir='ltr'><strong>diem</strong></span> <span class='ocrx_word' id='word_1_735' title='bbox 946 4826 1031 4865; x_wconf 89' lang='lat' dir='ltr'><strong>res</strong></span> <span class='ocrx_word' id='word_1_736' title='bbox 1074 4810 1279 4864; x_wconf 65' lang='lat' dir='ltr'><strong>bellica!</strong></span> <span class='ocrx_word' id='word_1_737' title='bbox 1327 4812 1689 4877; x_wconf 86' lang='lat' dir='ltr'><strong>detinuerant.</strong></span> <span class='ocrx_word' id='word_1_738' title='bbox 1730 4810 1864 4863; x_wconf 85' lang='lat' dir='ltr'><strong>Tum</strong></span> <span class='ocrx_word' id='word_1_739' title='bbox 1906 4791 2046 4865; x_wconf 75' lang='lat' dir='ltr'><strong>enim</strong></span> <span class='ocrx_word' id='word_1_740' title='bbox 2088 4813 2168 4866; x_wconf 87' lang='lat' dir='ltr'><strong>illc</strong></span> 
     </span>
    </p>
   </div>
   <div class='ocr_carea' id='block_1_100' title="bbox 2268 4791 3839 4879">
    <p class='ocr_par' dir='ltr' id='par_1_100' title="bbox 2284 4806 3839 4877">
     <span class='ocr_line' id='line_1_100' title="bbox 2284 4806 3839 4877; baseline -0.003 -14"><span class='ocrx_word' id='word_1_741' title='bbox 2284 4813 2393 4864; x_wconf 92' lang='grc' dir='ltr'>λιον</span> <span class='ocrx_word' id='word_1_742' title='bbox 2416 4809 2507 4863; x_wconf 75' lang='grc' dir='ltr'>τοῦ</span> <span class='ocrx_word' id='word_1_743' title='bbox 2532 4807 2639 4860; x_wconf 77' lang='grc' dir='ltr'>νεὼ</span> <span class='ocrx_word' id='word_1_744' title='bbox 2666 4806 2948 4877; x_wconf 85' lang='grc' dir='ltr'>παρελθὼν</span> <span class='ocrx_word' id='word_1_745' title='bbox 2979 4808 3231 4874; x_wconf 82' lang='grc' dir='ltr'>ἀποσπᾷν</span> <span class='ocrx_word' id='word_1_746' title='bbox 3263 4808 3533 4875; x_wconf 77' lang='grc' dir='ltr'>ἐπεχείρει</span> <span class='ocrx_word' id='word_1_747' title='bbox 3557 4807 3669 4861; x_wconf 79' lang='grc' dir='ltr'>τῶν</span> <span class='ocrx_word' id='word_1_748' title='bbox 3701 4810 3839 4860; x_wconf 79' lang='grc' dir='ltr'>ἀπα·</span> 
     </span>
    </p>
   </div>
   <div class='ocr_carea' id='block_1_101' title="bbox 624 4895 2168 4969">
    <p class='ocr_par' dir='ltr' id='par_1_101' title="bbox 624 4902 2168 4969">
     <span class='ocr_line' id='line_1_101' title="bbox 624 4902 2168 4969; baseline 0.003 -17"><span class='ocrx_word' id='word_1_749' title='bbox 624 4905 817 4956; x_wconf 87' lang='lat' dir='ltr'><strong>throno</strong></span> <span class='ocrx_word' id='word_1_750' title='bbox 858 4902 1079 4960; x_wconf 81' lang='lat' dir='ltr'><strong>excidit.</strong></span> <span class='ocrx_word' id='word_1_751' title='bbox 1110 4916 1172 4954; x_wconf 88' lang='lat' dir='ltr'><strong>eo</strong></span> <span class='ocrx_word' id='word_1_752' title='bbox 1202 4916 1356 4969; x_wconf 90' lang='lat' dir='ltr'><strong>quem</strong></span> <span class='ocrx_word' id='word_1_753' title='bbox 1392 4916 1509 4954; x_wconf 79' lang='lat' dir='ltr'><strong>mox</strong></span> <span class='ocrx_word' id='word_1_754' title='bbox 1560 4902 1800 4955; x_wconf 81' lang='lat' dir='ltr'><strong>dicturus</strong></span> <span class='ocrx_word' id='word_1_755' title='bbox 1838 4918 1953 4955; x_wconf 90' lang='lat' dir='ltr'><strong>sum</strong></span> <span class='ocrx_word' id='word_1_756' title='bbox 1998 4903 2168 4957; x_wconf 86' lang='lat' dir='ltr'><strong>modo.</strong></span> 
     </span>
    </p>
   </div>
   <div class='ocr_carea' id='block_1_102' title="bbox 2268 4895 3841 4969">
    <p class='ocr_par' dir='ltr' id='par_1_102' title="bbox 2283 4895 3841 4967">
     <span class='ocr_line' id='line_1_102' title="bbox 2283 4895 3841 4967; baseline -0.002 -14"><span class='ocrx_word' id='word_1_757' title='bbox 2283 4902 2485 4967; x_wconf 80' lang='grc' dir='ltr'>γόντων</span> <span class='ocrx_word' id='word_1_758' title='bbox 2510 4900 2598 4951; x_wconf 79' lang='grc' dir='ltr'>τὸν</span> <span class='ocrx_word' id='word_1_759' title='bbox 2624 4898 2926 4965; x_wconf 81' lang='grc' dir='ltr'>ἄνθρωπον.</span> <span class='ocrx_word' id='word_1_760' title='bbox 2964 4895 3083 4949; x_wconf 83' lang='grc' dir='ltr'><strong>Τῶν</strong></span> <span class='ocrx_word' id='word_1_761' title='bbox 3122 4897 3175 4949; x_wconf 79' lang='grc' dir='ltr'>δὲ</span> <span class='ocrx_word' id='word_1_762' title='bbox 3209 4898 3306 4948; x_wconf 84' lang='grc' dir='ltr'>οὐκ</span> <span class='ocrx_word' id='word_1_763' title='bbox 3337 4897 3651 4950; x_wconf 78' lang='grc' dir='ltr'>ἐνδιδόντων</span> <span class='ocrx_word' id='word_1_764' title='bbox 3686 4899 3841 4963; x_wconf 75' lang='lat' dir='ltr'><strong>Euva-</strong></span> 
     </span>
    </p>
   </div>
   <div class='ocr_carea' id='block_1_103' title="bbox 624 4987 2168 5060">
    <p class='ocr_par' dir='ltr' id='par_1_103' title="bbox 624 4989 2168 5060">
     <span class='ocr_line' id='line_1_103' title="bbox 624 4989 2168 5060; baseline 0 -17"><span class='ocrx_word' id='word_1_765' title='bbox 624 4995 692 5043; x_wconf 84' lang='grc' dir='ltr'>Λι</span> <span class='ocrx_word' id='word_1_766' title='bbox 736 4989 965 5057; x_wconf 89' lang='lat' dir='ltr'><strong>primum</strong></span> <span class='ocrx_word' id='word_1_767' title='bbox 1011 4991 1223 5059; x_wconf 85' lang='lat' dir='ltr'><strong>quidem</strong></span> <span class='ocrx_word' id='word_1_768' title='bbox 1267 4990 1554 5060; x_wconf 82' lang='lat' dir='ltr'><strong>separatim</strong></span> <span class='ocrx_word' id='word_1_769' title='bbox 1599 4992 1851 5059; x_wconf 70' lang='lat' dir='ltr'><strong>prmsulcs</strong></span> <span class='ocrx_word' id='word_1_770' title='bbox 1891 4992 2168 5055; x_wconf 84' lang='lat' dir='ltr'><strong>allocutus,</strong></span> 
     </span>
    </p>
   </div>
   <div class='ocr_carea' id='block_1_104' title="bbox 2268 4987 3840 5060">
    <p class='ocr_par' dir='ltr' id='par_1_104' title="bbox 2285 4987 3840 5058">
     <span class='ocr_line' id='line_1_104' title="bbox 2285 4987 3840 5058; baseline 0.015 -15"><span class='ocrx_word' id='word_1_771' title='bbox 2285 4990 2553 5057; x_wconf 84' lang='grc' dir='ltr'>πάγεσθαι</span> <span class='ocrx_word' id='word_1_772' title='bbox 2582 4989 2755 5057; x_wconf 82' lang='grc' dir='ltr'>τούτῳ</span> <span class='ocrx_word' id='word_1_773' title='bbox 2780 4991 2876 5055; x_wconf 77' lang='grc' dir='ltr'>τὴν</span> <span class='ocrx_word' id='word_1_774' title='bbox 2906 4989 2993 5039; x_wconf 67' lang='grc' dir='ltr'><strong>ἐπὶ</strong></span> <span class='ocrx_word' id='word_1_775' title='bbox 3020 4987 3119 5057; x_wconf 74' lang='grc' dir='ltr'><strong>τὴν</strong></span> <span class='ocrx_word' id='word_1_776' title='bbox 3159 4988 3381 5058; x_wconf 65' lang='grc' dir='ltr'><strong>εἱρκτὴν</strong></span> <span class='ocrx_word' id='word_1_777' title='bbox 3424 4988 3608 5057; x_wconf 65' lang='grc' dir='ltr'><strong>ἢθελε-</strong></span> <span class='ocrx_word' id='word_1_778' title='bbox 3642 4991 3840 5052; x_wconf 67' lang='grc' dir='ltr'><strong>Στάσις</strong></span> 
     </span>
    </p>
   </div>
   <div class='ocr_carea' id='block_1_105' title="bbox 1968 5106 2529 5185">
    <p class='ocr_par' dir='ltr' id='par_1_105' title="bbox 1968 5106 2529 5185">
     <span class='ocr_line' id='line_1_105' title="bbox 1968 5106 2529 5185; baseline 0.007 -20"><span class='ocrx_word' id='word_1_779' title='bbox 1968 5106 2063 5168; x_wconf 88' lang='lat' dir='ltr'><strong>Du</strong></span> <span class='ocrx_word' id='word_1_780' title='bbox 2092 5108 2310 5185; x_wconf 80' lang='lat' dir='ltr'><strong>Cangii</strong></span> <span class='ocrx_word' id='word_1_781' title='bbox 2343 5114 2529 5169; x_wconf 67' lang='lat' dir='ltr'><strong>notae.</strong></span> 
     </span>
    </p>
   </div>
   <div class='ocr_carea' id='block_1_106' title="bbox 701 5208 2168 5282">
    <p class='ocr_par' dir='ltr' id='par_1_106' title="bbox 701 5208 2168 5282">
     <span class='ocr_line' id='line_1_106' title="bbox 701 5208 2168 5282; baseline -0.003 -15"><span class='ocrx_word' id='word_1_782' title='bbox 701 5214 816 5282; x_wconf 81' lang='lat'><strong>(7‘7)</strong></span> <span class='ocrx_word' id='word_1_783' title='bbox 843 5213 1047 5281; x_wconf 78' lang='grc' dir='ltr'>Κρίσει</span> <span class='ocrx_word' id='word_1_784' title='bbox 1079 5229 1141 5266; x_wconf 81' lang='grc' dir='ltr'><strong>τε</strong></span> <span class='ocrx_word' id='word_1_785' title='bbox 1176 5210 1492 5282; x_wconf 58' lang='lat' dir='ltr'><strong>ova-camp&quot;.</strong></span> <span class='ocrx_word' id='word_1_786' title='bbox 1518 5211 1742 5282; x_wconf 81' lang='lat' dir='ltr'><strong>Exstant</strong></span> <span class='ocrx_word' id='word_1_787' title='bbox 1772 5209 1908 5282; x_wconf 85' lang='lat' dir='ltr'><strong>apud</strong></span> <span class='ocrx_word' id='word_1_788' title='bbox 1946 5208 2168 5263; x_wconf 88' lang='lat' dir='ltr'><strong>Leonem</strong></span> 
     </span>
    </p>
   </div>
   <div class='ocr_carea' id='block_1_107' title="bbox 2268 5208 3837 5282">
    <p class='ocr_par' dir='ltr' id='par_1_107' title="bbox 2286 5208 3837 5282">
     <span class='ocr_line' id='line_1_107' title="bbox 2286 5208 3837 5282; baseline 0 -21"><span class='ocrx_word' id='word_1_789' title='bbox 2286 5280 2295 5282; x_wconf 92' lang='lat'><strong>_</strong></span> <span class='ocrx_word' id='word_1_790' title='bbox 2362 5210 2473 5277; x_wconf 86' lang='lat'><strong>(78)</strong></span> <span class='ocrx_word' id='word_1_791' title='bbox 2519 5208 2632 5282; x_wconf 59' lang='grc' dir='ltr'><strong>Τόν</strong></span> <span class='ocrx_word' id='word_1_792' title='bbox 2683 5226 2745 5261; x_wconf 81' lang='grc' dir='ltr'><strong>τε</strong></span> <span class='ocrx_word' id='word_1_793' title='bbox 2800 5208 3081 5282; x_wconf 64' lang='grc' dir='ltr'>Ἒὸρηίωιζ</span> <span class='ocrx_word' id='word_1_794' title='bbox 3111 5208 3646 5282; x_wconf 58' lang='grc' dir='ltr'>ἀποπροσπεποιεῖτο</span> <span class='ocrx_word' id='word_1_795' title='bbox 3673 5210 3837 5282; x_wconf 70' lang='grc' dir='ltr'>θεόν.</span> 
     </span>
    </p>
   </div>
   <div class='ocr_carea' id='block_1_108' title="bbox 629 5278 3842 5347">
    <p class='ocr_par' dir='ltr' id='par_1_108' title="bbox 629 5278 3842 5347">
     <span class='ocr_line' id='line_1_108' title="bbox 629 5278 3842 5347; baseline -0.003 -10"><span class='ocrx_word' id='word_1_796' title='bbox 629 5278 903 5343; x_wconf 67' lang='grc' dir='ltr'>ΛῑΙὶιιὶιιιιιξ</span> <span class='ocrx_word' id='word_1_797' title='bbox 965 5287 999 5334; x_wconf 92' lang='grc'><strong>1.</strong></span> <span class='ocrx_word' id='word_1_798' title='bbox 1055 5300 1092 5337; x_wconf 86' lang='grc' dir='ltr'><strong>ιι</strong></span> <span class='ocrx_word' id='word_1_799' title='bbox 1151 5284 1226 5336; x_wconf 83' lang='lat' dir='ltr'><strong>De</strong></span> <span class='ocrx_word' id='word_1_800' title='bbox 1280 5283 1411 5336; x_wconf 87' lang='lat' dir='ltr'><strong>eccl.</strong></span> <span class='ocrx_word' id='word_1_801' title='bbox 1462 5279 1646 5335; x_wconf 77' lang='lat' dir='ltr'><strong>Orcid.</strong></span> <span class='ocrx_word' id='word_1_802' title='bbox 1695 5290 1749 5331; x_wconf 89' lang='lat' dir='ltr'><strong>et</strong></span> <span class='ocrx_word' id='word_1_803' title='bbox 1781 5278 1987 5333; x_wconf 88' lang='lat' dir='ltr'><strong>Orient.</strong></span> <span class='ocrx_word' id='word_1_804' title='bbox 2028 5294 2178 5347; x_wconf 87' lang='lat' dir='ltr'><strong>perp.</strong></span> <span class='ocrx_word' id='word_1_805' title='bbox 2284 5280 2410 5347; x_wconf 84' lang='lat' dir='ltr'><strong>Inde</strong></span> <span class='ocrx_word' id='word_1_806' title='bbox 2442 5279 2779 5346; x_wconf 84' lang='lat' dir='ltr'><strong>potissimum</strong></span> <span class='ocrx_word' id='word_1_807' title='bbox 2814 5280 2877 5329; x_wconf 88' lang='lat' dir='ltr'><strong>de</strong></span> <span class='ocrx_word' id='word_1_808' title='bbox 2932 5278 3185 5343; x_wconf 67' lang='lat' dir='ltr'><strong>religione</strong></span> <span class='ocrx_word' id='word_1_809' title='bbox 3221 5295 3380 5342; x_wconf 76' lang='lat' dir='ltr'><strong>prave</strong></span> <span class='ocrx_word' id='word_1_810' title='bbox 3413 5280 3619 5329; x_wconf 59' lang='lat' dir='ltr'><strong>sentire</strong></span> <span class='ocrx_word' id='word_1_811' title='bbox 3652 5280 3842 5343; x_wconf 75' lang='lat' dir='ltr'><strong>depre-</strong></span> 
     </span>
    </p>
   </div>
   <div class='ocr_carea' id='block_1_109' title="bbox 629 5348 3835 5421">
    <p class='ocr_par' dir='ltr' id='par_1_109' title="bbox 629 5348 3835 5421">
     <span class='ocr_line' id='line_1_109' title="bbox 629 5348 3835 5421; baseline -0.002 -16"><span class='ocrx_word' id='word_1_812' title='bbox 629 5369 803 5415; x_wconf 82' lang='lat' dir='ltr'><strong>cons.,</strong></span> <span class='ocrx_word' id='word_1_813' title='bbox 835 5368 883 5406; x_wconf 91' lang='lat' dir='ltr'><strong>c.</strong></span> <span class='ocrx_word' id='word_1_814' title='bbox 912 5354 1004 5417; x_wconf 71' lang='lat'><strong>12,</strong></span> <span class='ocrx_word' id='word_1_815' title='bbox 1039 5369 1090 5419; x_wconf 90' lang='lat' dir='ltr'><strong>p.</strong></span> <span class='ocrx_word' id='word_1_816' title='bbox 1127 5354 1249 5417; x_wconf 79' lang='lat'><strong>678,</strong></span> <span class='ocrx_word' id='word_1_817' title='bbox 1281 5351 1557 5421; x_wconf 84' lang='lat' dir='ltr'><strong>synodalia</strong></span> <span class='ocrx_word' id='word_1_818' title='bbox 1601 5351 1825 5421; x_wconf 7' lang='lat' dir='ltr'><strong>decreta,</strong></span> <span class='ocrx_word' id='word_1_819' title='bbox 1859 5350 1968 5421; x_wconf 87' lang='lat' dir='ltr'><strong>lat_a_</strong></span> <span class='ocrx_word' id='word_1_820' title='bbox 1998 5365 2181 5421; x_wconf 77' lang='lat' dir='ltr'><strong>mense</strong></span> <span class='ocrx_word' id='word_1_821' title='bbox 2286 5355 2495 5421; x_wconf 79' lang='lat' dir='ltr'><strong>hensus</strong></span> <span class='ocrx_word' id='word_1_822' title='bbox 2521 5358 2603 5421; x_wconf 68' lang='lat' dir='ltr'><strong>est</strong></span> <span class='ocrx_word' id='word_1_823' title='bbox 2636 5349 2868 5421; x_wconf 75' lang='lat' dir='ltr'><strong>Niphon,</strong></span> <span class='ocrx_word' id='word_1_824' title='bbox 2912 5349 3049 5421; x_wconf 57' lang='lat' dir='ltr'><strong>quod</strong></span> <span class='ocrx_word' id='word_1_825' title='bbox 3083 5348 3835 5421; x_wconf 31' lang='lat' dir='ltr'><strong>adstante}:niverso‘synodi</strong></span> 
     </span>
    </p>
   </div>
   <div class='ocr_carea' id='block_1_110' title="bbox 631 5417 2168 5484">
    <p class='ocr_par' dir='ltr' id='par_1_110' title="bbox 631 5417 2168 5477">
     <span class='ocr_line' id='line_1_110' title="bbox 631 5417 2168 5477; baseline -0.002 -3"><span class='ocrx_word' id='word_1_826' title='bbox 631 5422 847 5475; x_wconf 83' lang='lat' dir='ltr'><strong>Octobri</strong></span> <span class='ocrx_word' id='word_1_827' title='bbox 902 5438 992 5476; x_wconf 89' lang='lat' dir='ltr'><strong>an.</strong></span> <span class='ocrx_word' id='word_1_828' title='bbox 1032 5417 1170 5477; x_wconf 69' lang='grc' dir='ltr'>ΗΜ</span> <span class='ocrx_word' id='word_1_829' title='bbox 1201 5434 1251 5475; x_wconf 86' lang='lat' dir='ltr'><strong>et</strong></span> <span class='ocrx_word' id='word_1_830' title='bbox 1285 5417 1471 5476; x_wconf 78' lang='lat' dir='ltr'><strong>mense</strong></span> <span class='ocrx_word' id='word_1_831' title='bbox 1500 5421 1662 5473; x_wconf 81' lang='lat' dir='ltr'><strong>Febr.</strong></span> <span class='ocrx_word' id='word_1_832' title='bbox 1696 5419 1829 5471; x_wconf 65' lang='grc'><strong>1145</strong></span> <span class='ocrx_word' id='word_1_833' title='bbox 1866 5434 1892 5469; x_wconf 88' lang='lat' dir='ltr'><strong>a</strong></span> <span class='ocrx_word' id='word_1_834' title='bbox 1924 5418 2168 5472; x_wconf 65' lang='lat' dir='ltr'><strong>Michaelc</strong></span> 
     </span>
    </p>
   </div>
   <div class='ocr_carea' id='block_1_111' title="bbox 2268 5417 3837 5484">
    <p class='ocr_par' dir='ltr' id='par_1_111' title="bbox 2286 5417 3837 5484">
     <span class='ocr_line' id='line_1_111' title="bbox 2286 5417 3837 5484; baseline -0.002 -13"><span class='ocrx_word' id='word_1_835' title='bbox 2286 5429 2428 5471; x_wconf 74' lang='lat' dir='ltr'><strong>cwttt</strong></span> <span class='ocrx_word' id='word_1_836' title='bbox 2477 5418 2725 5484; x_wconf 73' lang='grc' dir='ltr'>ἀνάθεμα</span> <span class='ocrx_word' id='word_1_837' title='bbox 2774 5417 2850 5483; x_wconf 78' lang='grc' dir='ltr'>τῷ</span> <span class='ocrx_word' id='word_1_838' title='bbox 2907 5417 3022 5482; x_wconf 79' lang='grc' dir='ltr'>Θεῴ</span> <span class='ocrx_word' id='word_1_839' title='bbox 3082 5417 3190 5467; x_wconf 79' lang='grc' dir='ltr'>τῶν</span> <span class='ocrx_word' id='word_1_840' title='bbox 3260 5418 3527 5484; x_wconf 69' lang='grc' dir='ltr'>Ἑϐραίων</span> <span class='ocrx_word' id='word_1_841' title='bbox 3560 5417 3837 5469; x_wconf 69' lang='grc' dir='ltr'>οσιιιίρτιι.</span> 
     </span>
    </p>
   </div>
   <div class='ocr_carea' id='block_1_112' title="bbox 633 5485 3841 5561">
    <p class='ocr_par' dir='ltr' id='par_1_112' title="bbox 633 5485 3841 5561">
     <span class='ocr_line' id='line_1_112' title="bbox 633 5485 3841 5561; baseline -0.002 -17"><span class='ocrx_word' id='word_1_842' title='bbox 633 5491 936 5558; x_wconf 85' lang='lat' dir='ltr'><strong>patriarcha</strong></span> <span class='ocrx_word' id='word_1_843' title='bbox 982 5495 1077 5561; x_wconf 89' lang='lat' dir='ltr'><strong>Cp.</strong></span> <span class='ocrx_word' id='word_1_844' title='bbox 1138 5497 1188 5545; x_wconf 89' lang='lat' dir='ltr'><strong>in</strong></span> <span class='ocrx_word' id='word_1_845' title='bbox 1223 5491 1521 5561; x_wconf 73' lang='lat' dir='ltr'><strong>Niphoncm</strong></span> <span class='ocrx_word' id='word_1_846' title='bbox 1578 5490 1915 5561; x_wconf 76' lang='lat' dir='ltr'><strong>Bugomjlicze</strong></span> <span class='ocrx_word' id='word_1_847' title='bbox 1962 5489 2181 5542; x_wconf 63' lang='lat' dir='ltr'><strong>haeresis</strong></span> <span class='ocrx_word' id='word_1_848' title='bbox 2287 5490 2608 5561; x_wconf 72' lang='lat' dir='ltr'><strong>Synotl._att.</strong></span> <span class='ocrx_word' id='word_1_849' title='bbox 2638 5486 2951 5561; x_wconf 64' lang='lat' dir='ltr'><strong>l_l.’ti._(]nis</strong></span> <span class='ocrx_word' id='word_1_850' title='bbox 2978 5497 3151 5561; x_wconf 70' lang='lat' dir='ltr'><strong>autem</strong></span> <span class='ocrx_word' id='word_1_851' title='bbox 3183 5486 3509 5561; x_wconf 55' lang='lat' dir='ltr'><strong>(lubricorum</strong></span> <span class='ocrx_word' id='word_1_852' title='bbox 3542 5485 3679 5561; x_wconf 58' lang='lat' dir='ltr'><strong>(lens</strong></span> <span class='ocrx_word' id='word_1_853' title='bbox 3705 5488 3841 5537; x_wconf 78' lang='lat' dir='ltr'><strong>dira-</strong></span> 
     </span>
    </p>
   </div>
   <div class='ocr_carea' id='block_1_113' title="bbox 634 5556 2178 5629">
    <p class='ocr_par' dir='ltr' id='par_1_113' title="bbox 634 5556 2178 5629">
     <span class='ocr_line' id='line_1_113' title="bbox 634 5556 2178 5629; baseline -0.002 -16"><span class='ocrx_word' id='word_1_854' title='bbox 634 5556 805 5629; x_wconf 72' lang='lat' dir='ltr'><strong>ifeum,</strong></span> <span class='ocrx_word' id='word_1_855' title='bbox 844 5576 948 5623; x_wconf 90' lang='lat' dir='ltr'><strong>quo</strong></span> <span class='ocrx_word' id='word_1_856' title='bbox 1002 5556 1255 5615; x_wconf 66' lang='lat' dir='ltr'><strong>lectorem</strong></span> <span class='ocrx_word' id='word_1_857' title='bbox 1291 5556 1686 5615; x_wconf 51' lang='lat' dir='ltr'><strong>&#39;antzunlamtts.</strong></span> <span class='ocrx_word' id='word_1_858' title='bbox 1742 5556 1877 5613; x_wconf 79' lang='lat' dir='ltr'><strong>Vide</strong></span> <span class='ocrx_word' id='word_1_859' title='bbox 1919 5568 2178 5629; x_wconf 63' lang='lat' dir='ltr'><strong>praetcrea</strong></span> 
     </span>
    </p>
   </div>
   <div class='ocr_carea' id='block_1_114' title="bbox 633 5556 3841 5686">
    <p class='ocr_par' dir='ltr' id='par_1_114' title="bbox 633 5556 3841 5686">
     <span class='ocr_line' id='line_1_114' title="bbox 634 5556 3841 5629; baseline -0.002 -15"><span class='ocrx_word' id='word_1_860' title='bbox 634 5556 805 5621; x_wconf 69' lang='lat' dir='ltr'><strong>reum,</strong></span> <span class='ocrx_word' id='word_1_861' title='bbox 844 5576 948 5623; x_wconf 83' lang='lat' dir='ltr'><strong>quo</strong></span> <span class='ocrx_word' id='word_1_862' title='bbox 1002 5556 1255 5615; x_wconf 66' lang='lat' dir='ltr'><strong>lectorem</strong></span> <span class='ocrx_word' id='word_1_863' title='bbox 1291 5556 1686 5615; x_wconf 53' lang='lat' dir='ltr'><strong>&#39;antzunlamtts.</strong></span> <span class='ocrx_word' id='word_1_864' title='bbox 1742 5556 1877 5613; x_wconf 79' lang='lat' dir='ltr'><strong>Vide</strong></span> <span class='ocrx_word' id='word_1_865' title='bbox 1919 5568 2178 5629; x_wconf 63' lang='lat' dir='ltr'><strong>praetcrea</strong></span> <span class='ocrx_word' id='word_1_866' title='bbox 2291 5568 2415 5615; x_wconf 82' lang='lat' dir='ltr'><strong>tur,</strong></span> <span class='ocrx_word' id='word_1_867' title='bbox 2464 5558 2583 5609; x_wconf 75' lang='lat' dir='ltr'><strong>vide</strong></span> <span class='ocrx_word' id='word_1_868' title='bbox 2645 5556 2937 5607; x_wconf 78' lang='lat' dir='ltr'><strong>Arnobintn</strong></span> <span class='ocrx_word' id='word_1_869' title='bbox 2991 5556 3260 5625; x_wconf 78' lang='lat' dir='ltr'><strong>jttniot&#39;ent</strong></span> <span class='ocrx_word' id='word_1_870' title='bbox 3326 5556 3376 5608; x_wconf 89' lang='lat' dir='ltr'><strong>in</strong></span> <span class='ocrx_word' id='word_1_871' title='bbox 3429 5556 3694 5611; x_wconf 79' lang='lat' dir='ltr'><strong>Coullicttt</strong></span> <span class='ocrx_word' id='word_1_872' title='bbox 3726 5570 3841 5610; x_wconf 84' lang='lat' dir='ltr'><strong>cum</strong></span> 
     </span>
     <span class='ocr_line' id='line_1_115' title="bbox 633 5625 2894 5686; baseline -0.002 -4"><span class='ocrx_word' id='word_1_873' title='bbox 633 5628 833 5686; x_wconf 71' lang='lat' dir='ltr'><strong>Novam</strong></span> <span class='ocrx_word' id='word_1_874' title='bbox 867 5630 1120 5686; x_wconf 79' lang='lat' dir='ltr'><strong>Biblioth.</strong></span> <span class='ocrx_word' id='word_1_875' title='bbox 1163 5632 1381 5686; x_wconf 81' lang='lat' dir='ltr'><strong>Lahbei.</strong></span> <span class='ocrx_word' id='word_1_876' title='bbox 1412 5648 1461 5686; x_wconf 72' lang='grc' dir='ltr'>ιι.</span> <span class='ocrx_word' id='word_1_877' title='bbox 1499 5632 1611 5683; x_wconf 72' lang='grc'><strong>190.</strong></span> <span class='ocrx_word' id='word_1_878' title='bbox 2290 5628 2578 5686; x_wconf 68' lang='lat' dir='ltr'><strong>Serapione</strong></span> <span class='ocrx_word' id='word_1_879' title='bbox 2610 5626 2643 5679; x_wconf 94' lang='lat' dir='ltr'><strong>l.</strong></span> <span class='ocrx_word' id='word_1_880' title='bbox 2680 5641 2693 5679; x_wconf 88' lang='grc' dir='ltr'><strong>ι</strong></span> <span class='ocrx_word' id='word_1_881' title='bbox 2727 5625 2894 5680; x_wconf 78' lang='lat' dir='ltr'><strong>initio.</strong></span> 
     </span>
    </p>
   </div>
   <div class='ocr_carea' id='block_1_115' title="bbox 682 5645 1611 5693">
    <p class='ocr_par' dir='ltr' id='par_1_115' title="bbox 682 5645 1611 5693">
     <span class='ocr_line' id='line_1_116' title="bbox 682 5645 1611 5693; baseline -0.003 -8"><span class='ocrx_word' id='word_1_882' title='bbox 682 5645 833 5686; x_wconf 72' lang='grc' dir='ltr'>ονοω</span> <span class='ocrx_word' id='word_1_883' title='bbox 868 5645 1120 5687; x_wconf 69' lang='grc' dir='ltr'>ιιιωιοιιι.</span> <span class='ocrx_word' id='word_1_884' title='bbox 1163 5645 1381 5692; x_wconf 70' lang='lat' dir='ltr'><strong>LIlIHJCI,</strong></span> <span class='ocrx_word' id='word_1_885' title='bbox 1412 5648 1461 5693; x_wconf 73' lang='grc' dir='ltr'><strong>β.</strong></span> <span class='ocrx_word' id='word_1_886' title='bbox 1499 5645 1611 5683; x_wconf 78' lang='lat' dir='ltr'><strong>I‘JU.</strong></span> 
     </span>
    </p>
   </div>
   <div class='ocr_carea' id='block_1_116' title="bbox 2290 5625 2894 5689">
    <p class='ocr_par' dir='ltr' id='par_1_116' title="bbox 2290 5625 2894 5689">
     <span class='ocr_line' id='line_1_117' title="bbox 2290 5625 2894 5689; baseline -0.007 -8"><span class='ocrx_word' id='word_1_887' title='bbox 2290 5628 2578 5689; x_wconf 69' lang='lat' dir='ltr'><strong>Serapione</strong></span> <span class='ocrx_word' id='word_1_888' title='bbox 2610 5626 2643 5679; x_wconf 94' lang='lat' dir='ltr'><strong>l.</strong></span> <span class='ocrx_word' id='word_1_889' title='bbox 2680 5641 2693 5679; x_wconf 88' lang='grc' dir='ltr'><strong>ι</strong></span> <span class='ocrx_word' id='word_1_890' title='bbox 2727 5625 2894 5680; x_wconf 78' lang='lat' dir='ltr'><strong>initio.</strong></span> 
     </span>
    </p>
   </div>
  </div>
