3968 6326
541 174 648 237 387

1837 175 2156 234 JOANNIS
2196 170 2522 236 ClNNAMl

3657 168 3770 232 3‘38

536 289 628 358 qui
663 297 898 344 veterem
943 281 1393 343 circumbabitant
1435 286 1688 349 Romam,
1733 285 2020 355 Brittiique
2060 297 2115 339 ct

2223 284 2314 340 ὅσα
2383 288 2490 362 τὴν,
2542 285 2777 339 παλαιὰν
2839 285 3238 353 ἀμφινέμονται
3317 283 3558 352 Ῥώμην,
3615 285 3784 354 Βρετ-

536 377 804 442 Britanni,
867 388 1030 446 atque
1089 379 1226 433 adeo
1283 379 1550 433 universae
1609 378 1918 433 Occidentis
1970 380 2114 431 vires

538 483 844 530 moverunt.
905 456 1502 539 Tantaa'expcditionis
1553 470 1604 523 in
1659 471 1894 538 speciem
1947 487 2111 525 causa

537 560 653 614 haec
681 560 972 623 ferebatur,
1007 571 1065 614 ut
1095 576 1160 616 ex
1205 560 1416 628 EurOpa
1465 562 1516 613 in
1562 561 1744 614 Asiam
1776 561 2114 629 trajicercnt,

537 653 968 721 dimicarentque
992 669 1113 707 cum
1149 655 1322 707 obviis
1355 651 1560 716 Persis,
1593 652 1824 721 indeque
1857 653 1908 706 in
1942 652 2116 705 Palae-

537 745 734 806 stinam
772 745 1184 807 contenderent,
1220 742 1473 812 templum
1511 743 1845 796 Dominicum
1886 743 2113 810 locaque

539 844 888 889 sacrosancta
927 835 1230 889 lustraturi.
1266 834 1531 889 Catterum
1560 850 1686 888 vera
1722 834 1879 902 hujus
1903 833 2117 903 profec-

538 925 700 979 tionis
747 940 906 978 causa
944 925 1066 990 fuit,
1105 934 1164 979 ut
1206 927 1258 979 in
1295 925 1521 978 transitu
1568 925 1934 978 Romanorum
1977 922 2116 977 infe-

537 1024 746 1069 starent
789 1030 969 1083 agros,
1005 1025 1057 1068 et
1101 1014 1256 1068 obvia
1304 1027 1530 1083 quaeque
1578 1023 1901 1068 everterent.
1957 1012 2118 1065 lunu-

464 1095 470 1104 ’
537 1121 721 1164 merus
765 1115 944 1161 autem
995 1104 1207 1158 illorum
1254 1114 1371 1159 erat
1416 1105 1711 1157 exercitus.
1759 1105 1827 1154 At
1874 1103 1959 1155 ubi
2005 1102 2116 1169 jam

535 1196 812 1263 proximos
863 1210 980 1248 esse
1029 1195 1409 1263 Hungarorum
1465 1195 1660 1249 linibus
1707 1194 1922 1247 rescivit
1970 1195 2121 1262 prin-

536 1301 704 1354 cepa,
774 1286 1108 1340 Demetrium
1156 1287 1441 1354 quemdam
1501 1286 2002 1349 .‘llacremholitem,
2068 1295 2121 1339 et

536 1375 900 1428 Alexandrum
936 1385 1095 1443 gente
1124 1373 1336 1436 Italum,
1372 1374 1620 1429 Cravinze
1659 1377 1892 1429 civitatis
1925 1375 2119 1428 Italica:

537 1466 666 1519 olim
699 1466 975 1529 comitem,
1014 1466 1211 1531 quique
1242 1481 1269 1518 a
1312 1465 1510 1521 Sicilia:
1542 1475 1767 1537 tyranno
1800 1481 1918 1519 cum
1966 1480 2118 1518 com-

538 1558 782 1625 pluribus
824 1556 939 1615 aliis
981 1557 1413 1624 possessionibus
1445 1557 1556 1609 suis
1596 1567 1812 1618 exutus,
1849 1558 1914 1609 ad
1948 1557 2118 1622 impe-

2217 378 2320 430 τιοί
2352 377 2465 447 (8i)
2496 395 2556 428 τε
2586 378 2676 430 καὶ
2712 377 2966 448 Βρετανοὶ
2997 378 3089 428 καὶ
3133 375 3277 427 ἆπαν
3309 375 3491 437 ἁπλῶς
3529 374 3589 427 τὸ
3617 375 3784 428 ἐσπέ-

2217 486 2331 539 ριον
2363 469 2648 538 ἐκεκίνητο
2695 470 2915 538 κράτος,
2951 466 3091 534 λόγῳ
3139 465 3236 535 μὲν
3282 465 3360 534 τῷ
3401 465 3678 535 προχείρῳ
3711 467 3789 528 ὡς

2217 561 2277 624 ἐξ
2314 561 2584 630 Εὐρώπης
2614 562 2706 613 ἐπὶ
2727 561 2825 629 τὴν
2867 560 3049 612 Ἀσίαν
3081 560 3429 628 διαϐήσονται
3464 559 3704 626 Πέρσαις
3729 573 3789 608 τε

2221 653 2591 720 μαχησόμενοι
2612 655 2722 713 τοῖς
2753 651 2901 720 παρὰ
2931 651 3093 712 πόδας
3122 651 3215 702 καὶ
3243 651 3333 701 τόν
3359 651 3416 700 ἐν
3452 648 3791 720 Παλαιστίνῃ

2219 743 2659 812 καταληψόμενοι
2694 725 2828 794 νεὼν
2864 742 3059 804 τόπους
3102 759 3160 794 τε
3195 742 3317 804 τοὺς
3346 741 3528 808 ἱεροὺς
3557 739 3787 807 ἱστορή-

2221 851 2431 896 σοντες,
2458 837 2523 903 τῇ
2559 850 2621 900 γε
2667 833 2773 904 μὴν
2806 832 3032 903 ἀληθείᾳ
3077 834 3151 894 ὼς
3180 832 3278 901 τήν
3328 848 3388 882 τε
3422 831 3605 899 χώραν
3645 830 3791 881 Ῥω-

2222 927 2395 996 μαίων
2435 925 2495 989 ἐξ
2547 925 2736 993 ἐφόδου
2761 925 3079 987 καθέξοντες
3122 922 3311 977 καὶτὰ
3355 925 3413 974 ὲν
3461 921 3587 973 ποσὶ
3616 936 3792 972 κατα-

2221 1018 2562 1087 στρέψοντες.
2630 1013 2738 1069 Ἦν
2809 1016 2865 1068 δὲ
2931 1015 3114 1077 αὐτοῖς
3179 1014 3488 1085 ήστρατιὰ
3550 1008 3790 1079 ἀριθμοῦ

2221 1107 2510 1175 κρείσσων.
2546 1105 2808 1167 Βασιλεὺς
2855 1105 2908 1157 δὲ
2954 1104 3138 1174 ἐπειδὴ
3181 1104 3409 1171 ἄγχιστα
3450 1102 3556 1153 τῶν
3601 1101 3794 1152 Οὑννι-

2222 1199 2333 1250 κῶν
2391 1198 2554 1266 ὁρίων
2609 1197 2890 1264 γεγονέναι
2939 1196 3167 1248 ἐπύθετο
3224 1193 3464 1256 τούτους,
3530 1190 3795 1255 πρέσϐεις

2225 1289 2436 1340 ἔστελλε
2465 1287 2525 1357 [Ρ
2564 1287 3007 1356 58],Δημήτριόν
3059 1289 3119 1338 τέ
3162 1304 3284 1338 τιτι.
3330 1283 3796 1355 Μακρεμϐολίτην

2221 1379 2312 1430 καὶ
2373 1377 2720 1446 Ἀλέξανδρον
2754 1378 2864 1448 (82)
2905 1378 3070 1443 ἄνδρα
3115 1375 3314 1428 Ἰταλὸν
3371 1376 3467 1444 μὲν
3494 1377 3551 1424 τὸ
3609 1374 3793 1440 γένος,
3845 1407 3852 1410 -

2220 1468 2491 1538 Γραϐίνης
2546 1468 2602 1521 δὲ
2651 1470 2855 1530 πόλεως
2912 1467 3174 1536 Ἰταλικῆς
3229 1466 3445 1535 κόμητα
3501 1464 3793 1531 γεγονότα,

2222 1561 2354 1626 πρός
2385 1577 2442 1611 τε
2472 1561 2565 1612 τοῦ
2594 1561 2845 1623 Σικελίας
2874 1561 3137 1628 τυράννου
3181 1560 3297 1628 ἄμα
3338 1557 3579 1610 πλείοσιν
3609 1555 3798 1616 ἄλλοις

539 1660 770 1701 ratorem
813 1649 912 1700 hac
965 1648 1030 1701 de
1073 1662 1230 1700 causa
1284 1647 1595 1710 transierat,
1648 1645 1854 1715 legatos
1896 1645 2104 1700 mittit:

2223 1621 2408 1717 τηςήτε
2441 1649 2612 1719 ἀρχῆς
2654 1621 3088 1701 ἀποϐιϐασόέντα
3137 1621 3233 1700 καί
3269 1647 3478 1713 βασιλεί
3505 1646 3591 1698 διὰ
3631 1645 3797 1696 τοῦτο

537 1739 637 1792 hoc
660 1740 785 1792 dato
815 1740 867 1791 in
904 1737 1192 1800 mandatis,
1225 1746 1283 1789 ut
1309 1750 1496 1790 eorum
1527 1745 1758 1789 mentem
1798 1735 2108 1803 diligentius

537 1831 914 1900 explorarent;
947 1837 1000 1883 et
1029 1830 1073 1883 si
1105 1827 1158 1882 in
1188 1827 1556 1881 Romanorum
1585 1828 1841 1882 damnum
1870 1828 2114 1882 dicerent

535 1937 642 1978 non
674 1937 731 1977 se
757 1922 1058 1987 advenisse,
1085 1921 1135 1974 id
1162 1920 1520 1975 sacramentis
1549 1919 1879 1974 allirmarent
1906 1938 1919 1975 :
1953 1920 2115 1990 legati

538 2014 706 2085 igitur
739 2015 804 2068 ad
831 2013 1189 2068 Barliarorum
1225 2012 1387 2066 duces
1419 2011 1682 2081 perducti,
1727 2011 1782 2064 in
1824 2012 1964 2065 hunc
2000 2025 2114 2065 mo-

542 2107 664 2160 dum
688 2089 1123 2160 verbaﬂl‘ecerunt
1155 2119 1168 2156 :
1207 2123 1224 2154 ι
1269 2103 1469 2156 Bellum
1496 2117 1603 2158 non
1629 2101 1888 2157 indictum
1917 2102 2116 2157 inferre

536 2199 606 2259 iis
632 2198 721 2266 qui
753 2191 950 2249 n'ullam
978 2195 1228 2263 injuriam
1260 2193 1523 2260 fecerunt,
1550 2193 1677 2248 nulli
1709 2194 1989 2248 hominum
2017 2204 2109 2247 aut

538 2297 784 2353 sanctum
821 2301 1060 2357 unquam
1103 2287 1223 2352 fuit,
1261 2296 1352 2340 aut
1393 2288 1646 2342 decorum
1676 2303 1692 2340 :
1728 2288 1962 2342 maxime
1998 2289 2115 2357 qui-

539 2381 640 2438 bus
687 2379 983 2440 nobilitatis
1031 2389 1083 2434 et
1131 2380 1384 2448 potentia:
1435 2378 1651 2432 abunde
1698 2388 1801 2432 est.
1859 2377 1917 2432 Si
1968 2379 2112 2433 enim

541 2473 756 2539 vincere
792 2471 910 2527 illos
955 2470 1256 2540 contingat,
1314 2467 1614 2523 fortitudini
1655 2485 1761 2523 non
1819 2469 2120 2526 ascribetur

541 2563 790 2630 Victoria.
825 2563 1051 2629 Contra,
1094 2565 1136 2618 si
1185 2563 1307 2618 victi
1364 2563 1585 2628 fuerint,
1622 2576 1728 2615 non
1778 2575 1876 2628 pro
1919 2562 2121 2617 virtute

541 2656 794 2725 periculis
815 2656 928 2725 68
959 2670 1078 2710 sese
1112 2654 1380 2724 objecisse
1405 2653 1810 2709 iudicabuntur.
1837 2651 1944 2707 Res
1968 2661 2120 2708 utra-

541 2761 647 2814 que
677 2745 813 2808 infra
847 2745 1057 2802 laudem
1094 2754 1196 2800 est.
1232 2743 1395 2800 Vobis
1421 2753 1599 2798 autem
1627 2758 1728 2797 non
1755 2742 1913 2798 aliter
1938 2743 2120 2799 licebit

543 2837 752 2892 calcare
783 2836 1146 2893 Romanorum
1189 2844 1383 2900 terras,
1431 2849 1591 2903 quam
1628 2834 1728 2888 ﬁde
1762 2835 1996 2903 primum
2033 2833 2120 2888 in-

2189 1797 2196 1803 .
2225 1736 2520 1804 αὐτόμολον
2570 1737 2854 1805 γεγονότα.

2926 1737 3174 1789 Ἐκέλευε
3230 1737 3284 1789 δὲ
3329 1736 3428 1805 τῆς
3468 1752 3526 1786 τε
3565 1734 3798 1802 γνώμης

2222 1830 2702 1898 ἁποπειράσασοαι
2770 1829 2943 1897 σφῶν,
2986 1830 3078 1881 καὶ
3101 1831 3213 1897 εἴγε
3243 1832 3319 1899 μὴ
3350 1829 3442 1881 ἐπὶ
3466 1827 3542 1896 τῷ
3569 1825 3798 1897 πονηρῷ

2236 1919 2519 1990 Ῥωμαίων
2558 1921 2804 1990 ἥκουσιν,
2837 1922 3018 1988 ὅρκοις
3052 1921 3113 1973 τὸ
3144 1923 3376 1990 πρᾶγμα
3421 1919 3692 1988 βεϐαιοῦν.
3728 1917 3796 1970 Ui

2225 2014 2317 2064 καὶ
2346 2011 2532 2082 ἐπειδὴ
2563 2012 2794 2074 ὲπὶτοὺς
2826 2012 2932 2065 τῶν
2957 2011 3252 2082 Βαρϐάρων
3283 2011 3484 2064 τούτων
3516 2010 3796 2079 ἡγεμόνας

2224 2098 2411 2173 ἦλθον,
2445 2102 2635 2168 ἔλεξαν
2661 2103 2785 2154 τάδε
2814 2118 2828 2133 ο
2857 2121 2875 2154 ι
2899 2103 3231 2173 ’Δκήρυκτον
3256 2102 3490 2171 πόλεμον
3516 2103 3672 2168 ἄγειν
3701 2099 3798 2152 ἐπὶ

2223 2193 2349 2255 τοὺς
2386 2193 2549 2262 μηδὲν
2585 2192 2934 2262 ἠδικηκότας,
2971 2192 3093 2245 οὔτε
3134 2195 3279 2247 ὅσιον
3323 2193 3445 2245 οὕτε
3479 2191 3656 2254 ἄλλως
3700 2191 3798 2243 εύ-

2227 2285 2437 2354 πρεπὲς
2474 2284 2782 2353 ἀνθρώποις
2828 2284 2945 2334 ἐστὶ
2993 2284 3182 2351 γένους
3224 2301 3281 2336 τε
3331 2283 3653 2353 περιφανείᾳ
3699 2281 3801 2335 καὶ

2225 2375 2507 2444 δυνάμεως
2548 2375 2834 2445 περιουσίᾳ
2864 2375 3100 2442 μάλιστα
3152 2375 3529 2445 κεχρημένοις.
3575 2374 3799 2426 Νικῶν-

2225 2483 2317 2529 τες
2348 2466 2475 2536 γὰρ,
2509 2466 2574 2518 ἂν
2605 2466 2747 2518 οὓτω
2775 2468 2947 2536 τύχοι,
2974 2468 3033 2520 οὐ
3075 2467 3170 2520 σὺν
3215 2467 3440 2537 ἀνδρείᾳ
3482 2467 3796 2535 νικήσουσι,

2229 2543 2322 2612 καὶ
2366 2556 2672 2626 ἡσσώμενοι
2726 2555 2824 2625 οὐχ
2884 2555 3021 2626 ὑπὲρ
3069 2555 3270 2626 ἀρετῆς
3327 2554 3793 2608 κινδυνεύσουσιν.

2233 2651 2432 2719 ’Ἄμφω
2459 2648 2515 2701 δὲ
2559 2649 2658 2700 ούκ
2691 2649 2967 2703 ἐπαινετά.
3018 2649 3175 2718 Ὑμῖν
3201 2648 3256 2703 δὲ
3297 2648 3415 2702 οὐδὲ
3455 2649 3629 2713 ἄλλως
3669 2647 3792 2712 ἐξὲ-

2230 2754 2353 2793 σται
2394 2738 2494 2808 γῆν
2519 2737 2614 2808 τὴν
2650 2739 2933 2808 Ῥωμαίων
2963 2740 3152 2793 πατεῖν
3176 2740 3248 2810 μὴ
3286 2740 3548 2809 πρότερον
3579 2739 3798 2802 πίστεις

2234 2833 2363 2901 περὶ
2389 2831 2490 2902 τοῦὶ
2509 2830 2672 2897 μηδὲν
2728 2832 3004 2901 ἀδικήσειν
3030 2832 3328 2895 δεδωκότας
3359 2831 3586 2900 βασιλεῖ.
3626 2833 3794 2883 Ὥστε

537 2929 825 2997 terposita,
852 2929 1058 2984 nullam
1088 2943 1182 2980 vos
1205 2925 1464 2993 jujuriam
1501 2924 1818 2992 imperatori
1859 2925 2115 2978 illaturos.

2231 2925 2280 2976 ei
2317 2923 2390 2994 μὴ
2420 2922 2738 2992 ψευδορκείν
2776 2922 3040 2990 μέλλοιτε,
3073 2921 3126 2973 τί
3157 2921 3232 2991 μὴ
3254 2922 3308 2973 ὲν
3336 2920 3413 2991 τῷ
3445 2922 3797 2990 ἑμφανεΐτὶν

534 3021 744 3086 Quodsi
773 3019 1125 3088 jurejurando
1160 3027 1304 3072 stare
1349 3014 1688 3081 decrevistis,
1732 3029 1830 3068 cur
1853 3028 1956 3068 non
1989 3029 2116 3082 pro-

545 3112 719 3180 palam
766 3111 963 3166 bellum
1011 3109 1230 3180 geritis?
1279 3122 1398 3162 cum
1447 3105 1706 3162 Romanis
1746 3105 1887 3160 enim
1933 3104 2014 3158 vel
2052 3119 2116 3158 ex

537 3202 836 3271 improviso
884 3202 1187 3269 depugnare
1243 3199 1608 3268 periculosum
1658 3207 1744 3252 est
1787 3216 1803 3254 :
1852 3197 1934 3252 sin
1986 3194 2116 3251 illUd

536 3295 704 3346 etiam
741 3305 861 3346 cum
906 3288 1143 3358 perjurio
1181 3289 1283 3342 illis
1320 3287 1551 3352 infcrtis,
1589 3288 1759 3341 multo
1795 3297 1943 3342 certe
1987 3302 2112 3356 gras

544 3382 665 3438 vius
691 3383 843 3438 nefas
887 3380 1028 3446 erit;
1075 3380 1229 3448 cujus
1260 3378 1424 3433 Deum
1458 3386 1512 3432 et
1541 3377 1909 3434 Romanorum
1940 3381 2112 3442 arma,

545 3473 780 3527 vindicta
811 3470 1098 3540 spectabit.
1127 3468 1194 3524 At
1222 3470 1269 3523 si
1304 3477 1485 3524 vestra
1524 3467 1736 3523 sincera
1770 3477 1852 3523 est
1876 3468 2114 3522 amicitia

545 3571 600 3615 et
630 3560 774 3616 nullo
807 3559 990 3615 fucata
1023 3559 1166 3622 dolo,
1205 3557 1562 3612 sacramentis
1595 3573 1716 3612 eam
1743 3557 2116 3612 confirmanti-

545 3649 669 3715 bus,
703 3649 853 3706 vobis
880 3650 1147 3717 integrum
1180 3647 1285 3702 erit
1315 3656 1374 3701 ut
1404 3647 1592 3704 amicis
1622 3647 1724 3701 iter
1755 3663 1848 3715 per
1887 3647 2117 3703 ditiones

545 3739 727 3794 facere
762 3739 940 3808 magni
990 3737 1358 3807 imperatoris,
1395 3737 1753 3808 hospitiisque
1788 3747 1846 3791 ut
1884 3752 1981 3808 par
2011 3752 2114 3806 est,

545 3839 708 3898 atque
754 3827 858 3882 alia
905 3828 1096 3896 quavis
1143 3826 1473 3896 benignitate
1518 3825 1648 3880 frui.
1707 3845 1726 3878 ι
1791 3825 1915 3883 Haec
1961 3827 2118 3897 legati

548 3922 754 3976 dixere.
809 3916 887 3972 llli
943 3927 1122 3973 autem
1172 3903 1382 3981 omnes,
1433 3933 1554 3977 cum
1606 3916 1659 3975 in
1709 3918 2115 3978 tabernaculum

471 3997 475 4002 ⁷
548 4000 790 4066 ϐοηιδάί
823 4007 1244 4064 Alemanuorum
1289 4007 1432 4077 regis
1475 4008 1880 4073 convenissent,
1916 4018 1978 4061 ut
2025 4009 2116 4077 qui

544 4078 692 4157 inter
731 4094 1105 4155 Occidentales
1139 4097 1385 4151 nationes
1421 4096 1719 4165 principem
1756 4097 1934 4152 locum
1972 4098 2115 4153 obti-

2232 3017 2468 3085 πόλεμον
2503 3017 2704 3083 ᾶγετε;
2758 3013 3048 3082 Ῥωμαίοις
3082 3012 3188 3083 γὰρ
3218 3012 3311 3065 καὶ
3351 3015 3414 3065 ὲκ
3452 3011 3547 3064 τοῦ
3588 3011 3800 3074 εὐθέως

2223 3105 2638 3175 διαρυήχεσθαι,
2693 3103 2927 3172 χαλεπὸν
2960 3104 3086 3169 ύμῖν
3127 3103 3300 3156 ἔσται.
3361 3102 3420 3154 El
3454 3101 3516 3154 δὲ’
3561 3103 3654 3154 καὶ
3692 3101 3799 3154 σὺν

2224 3197 2479 3266 ἐπιορκία
2510 3197 2602 3247 τὸν
2633 3187 2754 3248 κατ’
2793 3195 2972 3249 αὐτῶν
3011 3194 3292 3264 διαφέρετε
3327 3194 3585 3262 πόλεμον,
3611 3193 3799 3262 πολλῷ

2220 3285 2282 3356 δὴ
2314 3284 2695 3355 χαλεπώτερον
2718 3303 2730 3316 ·
2773 3283 2890 3352 Θεῷ
2920 3285 3025 3354 γὰρ
3057 3282 3150 3336 καὶ
3194 3286 3259 3353 τῇ
3317 3283 3601 3351 Ῥωμαίων
3643 3281 3801 3352 ίσχύῑ

2219 3377 2474 3449 πολεμεῖν
2506 3377 2753 3428 λείπεται
2790 3376 2954 3446 ὑμᾶς.
2996 3375 3054 3425 Ei
3080 3373 3137 3426 δὲ
3169 3377 3261 3426 καὶ
3300 3373 3543 3442 ἁληθίζει
3589 3372 3650 3425 τὸ
3699 3373 3797 3442 φί-

2218 3469 2331 3521 λιον
2361 3470 2417 3521 ὲν
2447 3469 2606 3542 ὑμῖν,
2637 3469 2732 3520 καὶ
2757 3466 2903 3528 δόλος
2929 3465 3101 3528 οὐδεὶς
3122 3463 3480 3534 ύποκάθηται,
3519 3462 3705 3533 ὅρκοις
3731 3463 3800 3516 τὸ

2220 3552 2452 3620 πρᾶγμα
2481 3549 2844 3620 βεϐαιώσασιν
2871 3547 3085 3612 ἐξέσται
3109 3547 3182 3609 ὡς
3233 3546 3320 3598 διὰ
3344 3545 3527 3614 φιλίας
3557 3546 3658 3614 τῆς
3690 3545 3798 3614 βα-

2223 3641 2414 3699 σιλέως
2447 3640 2685 3710 μεγάλου
2722 3639 2856 3692 ίέναι
2885 3637 3008 3706 γῆς,
3036 3636 3297 3704 ὑποδοχῆς
3327 3651 3384 3686 τε
3418 3632 3796 3696 ἀπολαύοντας

2223 3735 2302 3795 είς
2331 3733 2391 3785 τὸ
2425 3731 2568 3794 εἰκὸς
2595 3733 2687 3783 καὶ
2726 3728 3121 3800 φιλοφροσύνης
3146 3727 3245 3797 τῆς
3283 3725 3468 3794 ἄλλης.
3496 3743 3518 3776 ι
3557 3726 3617 3776 Ol
3649 3727 3785 3794 πρέ-

2227 3824 2376 3887 σϐεις
2421 3822 2519 3892 μὲν
2562 3822 2801 3874 τοσαῦτα
2840 3817 3009 3874 ἐἷπον
3042 3837 3054 3850 ·
3099 3821 3145 3872 οἱ
3196 3820 3252 3872 δὲ
3295 3816 3561 3888 συνῄεσαν
3600 3814 3710 3886 γὰρ
3732 3809 3796 3877 ἒς

2222 3915 2417 3968 ταύτὸν
2472 3915 2618 3985 παρὰ
2665 3914 2762 3983 τὴν
2805 3910 3085 3982 Κορῤαδου
3147 3909 3241 3962 τοῦ
3305 3906 3625 3975 ’Δλαμανῶν
3683 3907 3792 3974 ρη-

2224 4006 2317 4076 γδς
2377 4008 2486 4078 (85)
2520 4007 2723 4077 σκηνὴν
2790 4005 2883 4058 ἅτε
2931 4006 2998 4057 τὰ
3048 4001 3311 4072 πρεσϐεῖα
3365 4001 3472 4054 τῶν
3535 3998 3637 4051 ἀνὰ
3689 3998 3796 4066 τὴν

2225 4099 2485 4169 ἑσπερίαν
2516 4100 2668 4168 λῆξιν
2711 4096 2968 4166 λαχόντος
3016 4093 3207 4159 ἐθνῶν,
3249 4093 3343 4145 ἐπὶ
3389 4090 3544 4160 κακῷ
3577 4089 3676 4159 μὲν
3713 4086 3794 4156 τῷ

1891 4195 1989 4280 Du
2026 4217 2245 4296 Cangii
2277 4226 2462 4280 notae.

544 4316 1072 4386 Chron..Voslense,
1118 4333 1167 4373 c.
1217 4317 1315 4384 ὕες
1353 4317 1632 4374 Robertus
1655 4321 1723 4374 de
1767 4321 1966 4386 Monte,
2025 4337 2115 4376 an.

553 4383 728 4455 4H7;
783 4383 1115 4459 Gotefrldus
1147 4383 1387 4452 Viterb.,
1448 4397 1592 4458 part.
1635 4405 1788 4456 xvu;
1842 4383 2106 4459 prae—terea

552 4460 796 4526 Nicetas,
831 4461 882 4511 'rn
910 4458 1077 4523 Mam,
1104 4457 1142 4511 l.
1175 4473 1211 4521 ι,
1239 4472 1292 4510 ‘c.
1333 4459 1366 4511 4
1389 4457 1584 4526 οιεεᾳ.

623 4530 740 4600 (81)
780 4529 1056 4600 Βριττιοι.
1110 4527 1398 4600 Britannos
1443 4538 1495 4600 et
1543 4529 1761 4600 Brittios
1812 4528 2117 4600 promiscue

551 4594 792 4669 appellat
823 4599 1118 4669 Cinnamus
1149 4594 1436 4669 Britannia;
1478 4598 1665 4669 insula;
1704 4594 1940 4652 incolas:
1970 4596 2107 4650 Brit«

553 4665 706 4729 tiam,
739 4682 832 4721 seu
863 4665 1109 4734 Βριτίαν,
1154 4665 1381 4734 insulam
1419 4665 1587 4732 ipsam
1633 4667 1951 4734 Procopius,
1992 4670 2028 4719 ι.
2061 4683 2115 4722 iv

448 4742 452 4745 ’
555 4737 634 4792 De
680 4737 819 4789 bello
870 4733 1120 4789 Gothico.
1153 4735 1232 4786 Ad
1275 4733 1630 4799 Britanniam,
1665 4751 1758 4790 seu
1801 4733 2111 4802 Britannos,

576 4804 773 4926 F439}
804 4805 942 4880 forte
990 4814 1196 4872 Spectat
1235 4817 1511 4869 nummus,
1574 4807 1625 4858 in
1685 4822 1792 4874 quo
1847 4817 2111 4876 scriptum

576 4875 924 4926 5PET'11N.
956 4873 1094 4926 Cum
1135 4874 1178 4924 T
1225 4873 1452 4926 supino.
1487 4888 1578 4926 seu
1630 4876 1844 4926 inverso
1867 4916 1881 4926 .
1919 4893 2015 4926 pro
2050 4877 2111 4926 Ω.

600 4873 1115 4946 ΡΕΤΊΊῷΝηΟυιιιῇ
1135 4874 1187 4946 Τί
1214 4873 1452 4946 supino,
1487 4888 1578 4946 seu
1621 4873 1844 4946 inverso
1867 4916 1882 4941 ,
1919 4873 2015 4945 pro
2050 4877 2112 4940 Ω,

453 4937 461 4942 ’
559 4957 619 5001 ut
648 4948 699 4999 in
722 4937 909 5005 alte-ro
935 4937 1446 5014 ΜΑΣΣΑΛΙΗῙζιΝ.
1476 4943 1632 5011 Apud
1668 4937 1878 5000 Anton.
1899 4937 2110 5014 Augus?

561 5017 659 5070 tiu.
696 5015 899 5082 Dialog.
936 5014 967 5065 6
1002 5013 1268 5082 Antiquit.
1298 5012 1681 5067 Romanarum.

631 5086 741 5154 (82)
783 5080 1202 5154 Ἀλέξανδροᾷκ
1223 5082 1540 5154 Alexander
1579 5083 1828 5139 Graviore
1859 5085 1911 5140 in
1964 5084 2111 5140 Italia

556 5152 762 5215 comes,
800 5169 828 5206 a
865 5153 1095 5220 ltogerio
1125 5152 1327 5206 Siciliae
1368 5166 1492 5219 rege
1535 5156 1967 5220 possessionibus
2002 5157 2115 5209 suis

559 5234 775 5294 prapter
807 5224 1151 5277 rebellionem
1174 5232 1395 5294 exutus,
1419 5223 1472 5274 in
1508 5223 1829 5277 Dalmatiam
1856 5226 2110 5294 primum,

567 5309 693 5349 mox
742 5293 1262 5360 Constantinopolim
1294 5294 1360 5345 ad
1411 5294 1789 5361 imperatorem
1822 5295 2115 5347 Manuelem

561 5367 871 5434 prolectus,
910 5364 1090 5434 eidem
1129 5365 1383 5434 deinceps
1416 5364 1703 5434 militavit,
1747 5365 1818 5417 uti
1870 5365 2115 5434 pluribus

563 5430 788 5487 narrant
816 5432 1054 5494 Nicetas,
1081 5432 1132 5485 in
1164 5430 1305 5484 Man.
1335 5433 1369 5483 l.
1395 5447 1452 5494 tl,
1482 5448 1536 5484 n.
1564 5433 1625 5498 6;
1660 5434 1964 5486 Alexander
1992 5433 2116 5486 abl).

559 5502 860 5566 Celesinus,
893 5503 930 5554 Ι.
967 5518 1003 5554 ι.
1039 5502 1164 5555 lter.
1203 5510 1339 5570 gest.
1374 5499 1572 5569 Roger.
1601 5503 1752 5556 Sicil.
1781 5518 1894 5570 reg.
1925 5517 1973 5555 c.
2020 5503 2116 5563 l9;

563 5572 602 5628 l.
642 5589 702 5639 ιι,
762 5589 812 5628 c.
866 5573 957 5640 55,
993 5571 1083 5636 56,
1128 5571 1194 5625 '57
1230 5582 1284 5626 et
1315 5572 1420 5636 58;
1452 5573 1596 5626 Otho
1634 5571 1865 5641 Frising.
1923 5575 1958 5626 Ι.
1993 5589 2005 5624 ι
2042 5572 2115 5626 De

2221 4331 2360 4444 rest.
2384 4323 2555 4382 Frid.,
2581 4337 2629 4376 c.
2659 4321 2763 4388 24;
2798 4322 2833 4374 Ι.
2861 4338 2919 4384 ιι,
2946 4338 2996 4401 c.
3023 4321 3080 4373 ll
3111 4336 3123 4384 ;
3150 4329 3202 4372 et
3232 4317 3535 4401 Willpelmus
3562 4317 3782 4390 Tyrius,

2247 4431 2259 4444 .
2310 4393 2408 4444 20.
2447 4407 2497 4444 c.
2535 4393 2567 4444 4
2602 4405 2654 4444 et
2702 4393 2789 4444 14.
2837 4390 3084 4444 ϐιιεινιιιεε
3115 4401 3403 4443 comitatus
3454 4393 3608 4442 datus
3664 4402 3782 4444 Dosl

2247 4431 2259 4445 .
2310 4393 2408 4455 20,
2447 4407 2497 4445 c.
2535 4393 2567 4444 4
2602 4405 2654 4446 et
2702 4393 2789 4445 l4.
2837 4390 3084 4444 Gravius:
3115 4391 3403 4443 comitatus
3454 4393 3608 4442 datus
3664 4402 3794 4456 post

2223 4461 2338 4515 haec
2375 4478 2400 4513 a
2434 4462 2669 4529 Rogcrio
2711 4464 2847 4522 idae,
2878 4460 3040 4514 nobili
3075 4469 3128 4513 et
3175 4471 3399 4529 strenuo
3431 4457 3783 4529 adolescenti,

2218 4530 2340 4584 tiliae
2376 4547 2484 4585 sum
2521 4526 2738 4583 marito.
2778 4530 3077 4583 Alexander
3131 4527 3408 4582 Celesinus
3459 4527 3494 4577 Ι.
3529 4526 3562 4579 ὅ
3607 4543 3654 4580 c.
3693 4529 3787 4583 26.

2287 4601 2398 4668 (85)
2447 4599 2556 4653 Τοῦ
2609 4597 2949 4667 Ἀλαμανῶν
2969 4599 3178 4666 ῥηγός.
3212 4597 3407 4668 Mirum
3431 4609 3590 4663 quam
3636 4595 3792 4651 Gra-

2217 4666 2323 4724 culi
2363 4666 2447 4722 isti
2486 4666 2778 4736 scriptores
2807 4670 3030 4735 principi
3059 4682 3158 4721 suo
3184 4666 3623 4736 adhlandiuntur,
3655 4667 3786 4720 dum

2220 4740 2570 4807 imperatoris
2600 4735 2820 4793 titulum
2877 4748 2931 4790 et
2973 4739 3286 4806 dignitatem
3323 4735 3446 4788 huic
3491 4735 3590 4786 soli
3633 4751 3788 4790 asse-

2219 4819 2368 4873 runt,
2405 4807 2744 4862 Germanicis
2770 4809 3042 4873 Augustis
3087 4807 3372 4874 denegaut,
3412 4818 3545 4871 quos
3595 4819 3784 4871 regum

2196 4880 2582 4946 appellatione
2635 4879 2912 4931 donando:
2970 4884 3190 4946 tantum
3231 4882 3454 4928 censent
3489 4881 3540 4946 et
3575 4874 3786 4946 volunt,

2218 4941 2369 5016 quasi
2401 4947 2709 5001 Graecorum
2753 4955 2896 5000 esset
2937 4946 3002 4998 de
3050 4944 3367 5013 dignitatum
3398 4952 3455 5016 et
3499 4941 3784 4995 titulorum

2220 5009 2627 5070 lionorariorum
2675 5017 3026 5086 praerogativa
3059 5009 3370 5086 decernere.
3409 5009 3605 5064 Verum
3639 5026 3786 5086 ⁸ιῐιοι

2221 5087 2621 5154 imperatoriam
2676 5081 3004 5154 dignitatem
3060 5084 3179 5150 plus
3246 5081 3378 5135 satis
3435 5081 3678 5149 agnoscit
3729 5081 3784 5134 in

2221 5153 2558 5209 Germanicis
2587 5153 2938 5222 principibus.
2959 5166 3095 5222 quos
3115 5167 3178 5206 eo
3204 5153 3418 5205 nomine
3438 5164 3602 5222 supra
3633 5163 3792 5218 reges

2221 5225 2388 5278 fuisse
2420 5220 2616 5277 innuit.
2654 5220 2782 5277 Vide
2826 5220 2990 5277 netas'
3008 5222 3072 5274 ad
3100 5223 3264 5274 Anna:
3303 5235 3352 5288 p.
3389 5220 3478 5276 50.
3518 5220 3790 5273 Caeterum

2219 5294 2504 5348 Conradus
2532 5296 2840 5362 priusquam
2878 5294 2978 5346 iter
3005 5303 3316 5362 capesseret
3342 5304 3436 5362 per
3469 5289 3790 5345 Graecorum

2223 5361 2549 5431 provinci-is,
2574 5367 2804 5432 legatum
2834 5364 3052 5416 miserat
3075 5363 3138 5414 ad
3168 5361 3492 5432 Manuelem,
3516 5375 3798 5415 commea-

2222 5444 2307 5487 tus
2336 5447 2388 5487 et
2422 5431 2678 5487 transitus
2709 5434 3026 5498 impetrandi
3061 5434 3255 5502 gratia.
3283 5431 3356 5484 De
3393 5434 3486 5492 hac
3521 5431 3798 5500 legatione

2222 5503 2442 5560 Nicetas
2475 5507 2525 5556 in
2559 5503 2698 5556 Man.
2736 5506 2771 5560 Ι.
2804 5519 2838 5568 I,
2870 5518 2922 5555 η.
2958 5503 2991 5555 4
