3968 6326
165 191 253 256 389

1353 184 1903 247 HISTORIARUM
1946 183 2095 245 LIB.
2137 182 2212 242 II.

3257 179 3365 239 32:0

169 300 423 366 Ῥωμαιων
460 294 618 365 ἥκειν
666 293 880 365 οὐδαμῆ
928 293 1191 364 ἔφασκον,
1233 294 1341 349 κᾶν
1389 295 1574 364 δεήσοι
1605 293 1682 345 κα⁴

1803 301 1976 356 neret,
2007 293 2321 363 neutiquam
2368 304 2428 348 se
2469 289 2753 348 advenisse
2781 290 3052 356 dicebant,
3095 299 3153 348 ut
3183 289 3378 345 damna

161 389 313 457 ὅρκοις
338 385 393 438 τὸ
420 386 650 454 πρᾶγμα
685 383 1033 449 πιστοῦσθαι,
1063 387 1390 456 ἑτοιμότατα
1413 385 1507 438 καὶ
1534 385 1693 437 τοῦτο

163 477 376 546 ποιήσειν
424 475 762 531 διετείνοντο.
815 476 937 530 Ἐπὶ
977 478 1034 530 δὲ
1091 463 1458 546 Παλαιστίνην
1509 477 1693 537 αὐτοῖς

162 569 272 636 ὀρᾷν
293 566 378 636 τὴν
408 567 585 639 ὁρμὴν
642 569 737 622 καὶ¹
783 570 908 632 τοὺς
957 569 1058 640 τὴν
1091 570 1284 623 Ἀσίαν
1331 569 1692 639 λῃστεύοντας

163 656 359 728 Πέρσας.
402 657 565 721 Δόξαν
605 657 696 711 οὖν
745 659 886 712 οὕτω
940 661 1240 730 Ῥωμαίοις
1279 661 1372 715 καὶ
1407 661 1487 724 είς
1533 659 1693 730 ἔργον

163 749 262 811 τοὺς
291 747 472 816 λόγους
508 750 707 818 ἐξῆγον
737 750 851 803 ὅσοι
895 767 953 804 τε
989 753 1046 815 ές
1083 755 1212 814 τοὺς
1253 753 1426 822 ρἧας
1454 752 1547 804 καὶ
1576 751 1692 804 ὅσοι

160 838 304 900 ἄλλως
329 838 566 903 ’ἐπίδοξοι
617 840 727 892 τῶν
769 842 828 893 ὲν
871 841 1054 904 αὐτοῖς
1099 838 1261 912 ἦσαν,
1306 842 1514 901 δουκῶν
1548 858 1690 912 φημι

163 932 238 982 καὶ
259 930 517 998 κομήτων.
581 932 909 996 Ἰδιάζουσαι
959 933 1016 986 δὲ
1045 933 1218 986 ταῦτα
1258 934 1426 1004 ἁρχαὶ
1459 930 1554 986 καὶ
1579 928 1691 987 οἷόν

163 1036 274 1083 τινες
320 1021 606 1091 διαιρέσεις
660 1027 724 1075 ὲκ
771 1024 864 1076 τοῦ
902 1025 1001 1094 τῆς
1042 1025 1320 1094 βασιλείας
1366 1025 1689 1094 καθιέμεναι

163 1111 318 1178 ὕψους,
339 1114 702 1177 γενικωτάτου
742 1116 886 1178 τινὸς
908 1117 1002 1168 καὶ
1025 1116 1418 1186 ὑπερκειμένου
1455 1115 1564 1168 τῶν
1598 1115 1691 1168 άλ-

161 1202 241 1251 λων
266 1205 599 1272 πράγματος.
637 1205 868 1275 Κόμητα
894 1207 992 1275 μὲν
1033 1207 1141 1277 γὰρ
1188 1206 1314 1270 δοὺξ
1344 1205 1688 1276 ὑπεραναὸέο

161 1295 286 1365 δηκε,
344 1297 506 1352 δοῦκα
559 1299 616 1351 δὲ
679 1297 746 1352 αὖ
788 1299 887 1370 ρὴξ
935 1301 1030 1354 καὶ
1075 1301 1215 1370 ῥῆγα
1260 1299 1533 1368 βασιλεύς.
1581 1299 1689 1353 Καὶ

161 1387 337 1441 ὑπείκει
387 1390 452 1442 τὸ
508 1392 938 1462 καταδεέστερον
977 1392 1065 1444 del.
1098 1392 1258 1459 φύσει
1302 1391 1374 1460 ιβ
1406 1391 1685 1454 ἐπέκεινα,

162 1479 354 1548 πόλεμόν
381 1498 438 1533 τε
481 1482 826 1552 συνδιαφέρει
867 1482 1040 1551 τούτῳ
1073 1482 1185 1554 (84)
1213 1483 1305 1536 καὶ
1342 1482 1589 1536 πείθεται
1619 1482 1688 1535 τά

163 1586 207 1634 γε
226 1569 444 1624 τοιαῦτα.
470 1572 562 1624 Διὸ
583 1573 678 1624 καὶ
707 1572 934 1642 βασιλέα
968 1574 1068 1644 μὲν
1111 1575 1457 1646 ίμπεράτορα
1497 1577 1683 1629 καλεῖν

163 1660 253 1723 illo;
279 1661 516 1726 Λατίνοις
556 1665 675 1717 ἐστὶ
699 1666 788 1719 τὸν
813 1666 952 1735 ὑπὲρ
983 1666 1238 1720 ἐπέκεινα
1270 1667 1682 1737 αίνιττομένοις,

165 1751 300 1821 ρῆγας
321 1752 374 1804 δὲ
396 1755 522 1815 τοὺς
550 1754 664 1807 ὅσοι
694 1755 955 1825 δευτέρας
985 1756 1236 1827 εἰλήχασι
1262 1757 1492 1822 τάξεως.
1523 1758 1684 1812 Ἀλλὰ

159 1843 297 1895 ταῦτα
340 1847 435 1913 μὲν
461 1843 524 1918 [Ρ
544 1844 652 1916 59].
694 1845 837 1899 οὕτω
885 1847 1184 1919 διῃρήσθω.
1235 1849 1604 1902 Τελεσθέντων
1629 1849 1686 1902 δὲ

160 1934 245 1995 τοῖς
279 1933 564 2003 πρέσϐεσιν
590 1928 664 1988 ὦν
686 1935 852 1989 ἕνεκα
882 1936 1033 2006 παρὰ
1077 1938 1203 1999 τοὺς
1241 1937 1558 2008 Βαρδάρους
1585 1934 1684 2009 ἧλ-

163 2024 248 2088 θαν,
269 2026 406 2079 αὐτοὶ
435 2027 532 2094 μὲν
563 2027 620 2090 ἐς
655 2026 947 2091 Βυζάντιον
996 2027 1467 2100 ὰπεκομίσθησαν,
1500 2031 1547 2083 οί
1574 2029 1686 2100 pii—

163 2132 234 2179 γες
262 2115 446 2169 δὲόδοῦ
475 2117 535 2170 τὸ
574 2118 761 2184 λοιπὸν
806 2118 1038 2190 εἴχοντο.
1080 2121 1154 2173 Οὐ
1207 2120 1393 2194 μέντοι
1437 2120 1683 2191 ἀλλήλοις

165 2205 442 2275 ἀνεμίγνυτο
473 2208 542 2260 τὰ
576 2208 978 2279 στρατεύματα,
1030 2209 1144 2262 ἀλλ’
1168 2211 1196 2262 ό
1239 2211 1337 2281 μὶν
1383 2211 1684 2283 ’Δλαμανὸς

162 2299 406 2369 πρότερος,
444 2300 631 2363 πολλῷ
664 2300 721 2352 δὲ
759 2301 990 2354 κατόπιν
1037 2304 1065 2354 ὁ
1102 2303 1380 2373 Γερμανὸς
1418 2304 1529 2375 (85)
1556 2306 1684 2358 ὲπο-

163 2388 332 2455 petiero,
357 2391 452 2442 οὐκ
485 2388 603 2444 οῖδα
635 2391 757 2444 ὅτου
780 2391 939 2444 ἕνεκα
983 2391 1094 2463 (86)
1135 2394 1298 2447 τοῦτο
1335 2395 1684 2466 ἐπιτηδεύον-

160 2497 246 2544 τες.
265 2484 360 2534 εῐτε
396 2485 489 2536 καὶ
518 2484 638 2538 καθ’
679 2484 873 2537 ἑαυτὸν
918 2486 1180 2554 ἑκάτερος
1215 2488 1515 2559 ἀξιόμαχος
1541 2484 1680 2546 εἶναι

160 2576 608 2646 φιλοτιμούμενος,
673 2579 782 2631 εἴτε
837 2579 930 2632 καὶ
982 2578 1108 2633 καθ’
1175 2580 1369 2634 ἑαυτὸν
1423 2581 1681 2651 ἑκάτερος

159 2668 410 2739 ἀξιόμαχος
433 2665 575 2723 εἶναι
607 2669 1080 2741 φιλοτιμούμενος
1116 2671 1225 2724 εἴτε
1267 2673 1362 2725 καὶ
1389 2674 1455 2726 τά
1485 2675 1679 2743 ἐπιτή-

156 2757 250 2810 δεια
287 2758 351 2829 μὴ
386 2762 660 2814 ἐπιλιπεῖν
714 2763 852 2830 σφᾶς
901 2762 1311 2833 προνοούμενοι.
1369 2765 1574 2835 ”ῌεσαν
1622 2766 1679 2819 δὲ

157 2849 275 2915 ὅμως
295 2850 574 2920 ἀνάριθμοι
610 2852 700 2903 καὶ
729 2851 866 2920 ὑπὲρ
889 2850 986 2920 τὴν
1021 2851 1173 2921 παρὰ
1228 2851 1502 2904 θάλασσαν
1527 2852 1677 2922 ψάμ-

164 2928 256 3008 tier.
299 2943 368 2994 Οὺ
413 2943 598 3006 τόσαις
638 2945 664 2996 ὀ
701 2943 908 3013 Ξέρξης
950 2943 1363 2997 ὲκαλλωπίσατο
1396 2945 1675 3014 μυριάσιν,
1708 2978 1750 3037 c

157 3034 285 3084 ὁκότε
310 3035 465 3086 ναυσί⁵
494 3034 584 3087 τὸν
619 3034 1009 3104 Ἑλλήσποντον
1039 3034 1288 3103 ἐζεύγνυ.
1327 3034 1544 3106 Ἐπειδὴ
1572 3036 1681 3106 γὰρ

159 3124 268 3190 πρὸς
320 3125 394 3196 τῷ
435 3124 632 3196 Ἴστρῳ
691 3127 999 3194 γεγόνασιν,
1047 3127 1280 3180 ἐνταῦθα
1343 3127 1580 3197 εὐτρεπῆ
1612 3129 1682 3181 τὰ

161 3217 268 3286 πρδς
292 3219 384 3288 τὴν
412 3219 659 3273 διάὸασιν
688 3222 716 3273 ὁ
742 3218 991 3290 βασιλεὺς
1035 3222 1219 3283 αὐτοῖς
1269 3221 1529 3285 καθιστὰς
1564 3221 1684 3275 ὲκέ-

158 3308 254 3360 λευε
279 3310 377 3362 τῶν
402 3310 880 3382 ὑπογραμματέων
905 3313 1029 3374 τοὺς
1064 3313 1344 3376 πλείστους
1363 3314 1453 3365 ἐπὶ
1476 3314 1678 3383 θάτερα

159 3398 232 3453 τοῦ
257 3402 489 3470 ποταμοῦ
535 3403 836 3471 ἑστηκότας
856 3404 946 3461 τὸν
979 3405 1217 3475 ἑκάστης
1247 3407 1444 3474 φόρτον
1478 3407 1680 3474 άπογε-

159 3490 360 3560 γράφθαι
399 3493 552 3555 νεώς.
579 3494 668 3554 Ἐς
719 3490 1070 3564 ἐννενήκοντα
1099 3494 1211 3566 (87)
1237 3496 1416 3548 τοίνυν
1440 3496 1678 3567 ἀριθμη-

161 3584 346 3651 σάμενοι
371 3583 641 3654 μυριάδας
686 3584 746 3636 τὸ
796 3585 1044 3659 ἐντεῦθεν
1066 3587 1165 3657 οὐχ
1195 3581 1296 3640 οἶοί
1327 3604 1385 3639 τε
1427 3587 1679 3659 ἀριθμεῖν

159 3676 380 3742 ἐγένοντο.

210 3773 285 3835 ιγ’.
317 3767 384 3821 Τὸ
414 3767 516 3838 μὲν
547 3767 613 3838 δὴ
645 3768 848 3837 πλῆθος
875 3766 1128 3822 τοσοῦτον
1154 3769 1335 3833 αὐτοῖς
1359 3765 1446 3836 ἦν.
1480 3769 1680 3839 ’Δγχοῦ

157 3855 198 3908 δὲ
223 3860 410 3922 πόλεως
468 3859 677 3913 Ναῖσοῦ
726 3859 1026 3929 γεγονόσιν,
1080 3864 1113 3931 ἢ
1168 3862 1501 3931 μητρόπολις
1569 3863 1680 3916 τῶν

161 3951 266 4003 κατὰ
291 3954 379 4022 τὴν
415 3952 660 4023 Δακικὴν
689 3954 944 4022 τυγχάνει
975 3949 1131 4015 οὖσα,
1161 3953 1393 4005 ἐνταῦθα
1414 3954 1442 4004 ό
1464 3953 1562 4024 τὴν
1581 3954 1680 4023 τῆς

1719 1634 1760 1689 Β

1158 4150 1168 4178 Ι

211 4208 304 4278 (84)
350 4209 624 4280 Πόλεμόν
670 4224 735 4262 τε
779 4209 1166 4278 συν-διαφέρει
1211 4211 1416 4276 τούτῳ.
1477 4208 1672 4281 Tangit

160 4278 240 4332 hoc
265 4281 371 4335 loco
399 4278 698 4334 Cinnamus
749 4290 984 4334 veterem
1020 4281 1331 4334 Latinorum
1386 4278 1670 4334 morein'et

161 4361 388 4416 receptum
418 4365 597 4412 usum,
630 4363 738 4415 quo
770 4350 953 4402 vasalli
1000 4351 1051 4402 in
1090 4352 1525 4418 expeditionibus
1561 4351 1672 4402 bel-

159 4419 251 4470 ilClS
276 4419 514 4472 dominos
549 4420 703 4484 sequi
735 4419 811 4470 vel
843 4419 1090 4472 comitari
1124 4424 1461 4472 tenebantur.

212 4487 306 4554 (85)
342 4489 675 4556 Γερμανός.
721 4487 1001 4541 Exercitus
1061 4502 1254 4556 nempe
1301 4487 1631 4540 Francorum
1658 4527 1674 4554 ,

161 4553 264 4626 duce
291 4553 573 4610 Ludovico
620 4554 707 4608 Vli
758 4573 903 4624 rege,
939 4557 1026 4624 qui
1069 4553 1397 4611 Aletnannos
1430 4558 1677 4626 proxime

160 4625 433 4679 subsecutus
481 4639 586 4682 est.

213 4695 304 4761 (86)
349 4701 466 4749 Οὐκ
503 4693 638 4748 οἷὸιι
669 4697 807 4748 ὅτου
846 4695 1043 4750 ἕνεκα.
1089 4694 1169 4749 Ne
1220 4697 1423 4765 populis
1459 4698 1592 4749 inter
1621 4713 1673 4750 se

161 4763 496 4818 dissidentibus
537 4768 884 4819 contentiones
931 4763 1227 4828 orirentur,
1259 4763 1307 4817 et
1340 4775 1394 4816 ut
1444 4782 1673 4818 commo-

161 4835 252 4884 dius
293 4838 401 4887 rita:
451 4836 745 4888 necessaria
794 4834 902 4886 suis
969 4845 1306 4900 procurarent
1352 4829 1670 4903 legionibus,

161 4903 358 4971 equisque
388 4917 436 4957 et
465 4905 720 4973 jumeutis
752 4903 817 4955 ad
848 4919 1008 4956 onera
1037 4906 1297 4967 deputalis
1327 4907 1518 4971 pabula
1569 4923 1672 4958 non

162 4973 372 5041 deessent.
400 4975 476 5027 lia
510 4973 654 5027 Will.
683 4973 897 5041 Tyrius,
943 4975 978 5026 Ι.
1008 4989 1122 5039 xvt,
1164 4989 1213 5027 c.
1252 4974 1339 5036 l9,
1372 4973 1532 5026 Gesta
1567 4975 1672 5027 Lu-

161 5045 256 5094 dov.
286 5039 382 5105 VII,
423 5045 590 5096 Mulli.
639 5039 808 5104 Paris,
840 5054 893 5095 et
939 5045 1051 5096 alii.

215 5111 306 5179 (87)
345 5113 445 5178 Ἐς
489 5113 910 5182 ἐννενήκοντα.
952 5111 1254 5165 Willclnius
1290 5112 1482 5182 Tyrius
1533 5132 1546 5166 :
1604 5113 1668 5167 Ut

162 5191 412 5250 constanter
441 5179 678 5235 asserunt
708 5184 796 5250 qui
850 5183 900 5232 in
959 5199 1018 5234 ea
1066 5179 1391 5247 expeditione
1432 5188 1701 5250 luerunt,

162 5246 203 5297 in
226 5253 317 5302 solo
351 5254 544 5305 domini
582 5246 906 5314 impeiatmis
943 5246 1190 5303 comitatu
1241 5256 1305 5303 att
1335 5246 1667 5321 septuaginta

164 5321 298 5370 tlitlta
323 5324 529 5388 [uerunt
560 5322 921 5382 lortcatorum,
969 5323 1188 5386 exceptis
1221 5324 1497 5387 peditibus,
1544 5340 1664 5390 par-

165 5390 284 5461 tltlts,
315 5403 356 5443 et
388 5392 712 5452 mulieribus,
767 5391 1109 5461 et__equitibus
1160 5394 1280 5443 levis
1331 5402 1617 5443 armatura:
1647 5412 1664 5445 :

165 5457 205 5527 in
231 5465 437 5514 exercitu
464 5478 581 5514 vero
630 5462 762 5527 regis
797 5457 1144 5522 Francorum,
1184 5461 1406 5511 virorum
1451 5461 1666 5525 fortium

163 5521 303 5580 loricis
327 5533 578 5583 utentium
603 5521 846 5581 numerus
873 5532 939 5579 ad
964 5530 1029 5580 70
1053 5521 1238 5591 millia,
1263 5521 1475 5595 excepta
1502 5533 1664 5583 classe

167 5603 374 5666 uruntla,
408 5601 826 5654 instituebantur.
865 5598 1002 5653 Utlio
1031 5598 1389 5669 Frisingensis
1428 5602 1492 5655 de
1525 5601 1664 5655 Con-

1798 383 1902 436 ulla
1934 382 2195 437 inferrent
2241 381 2542 436 Romanis:
2575 382 2620 436 si
2671 398 2894 438 necesse
2952 383 3003 438 id
3053 384 3215 452 foret,
3255 401 3374 442 rem

1794 463 2308 530 sacramentissese
2343 475 2674 540 lirmaturos,
2718 478 2881 546 quue
2919 494 2978 532 se
3022 477 3254 534 libenter
3295 478 3377 533 l'a-

1794 577 1978 623 cturos
2013 549 2352 630 asserebant,
2397 582 2520 621 cum
2561 568 2904 622 Palestinam
2944 579 3000 623 et
3032 568 3379 626 incursantes

1792 661 1979 715 Asiam
2012 660 2205 714 Persas
2238 667 2507 729 spectaret
2538 660 2604 712 ab
2639 660 2768 729 ipsis
2797 671 3044 730 suscepta
3080 663 3372 729 expeditio.

1795 749 1919 806 Περί)
1946 750 2206 804 Romanis
2233 750 2663 819 acceptantibus,
2709 752 2997 807 confestim
3042 769 3161 822 quae
3205 755 3372 810 dede-

1795 853 1918 897 rant
1942 845 2130 906 verba,
2159 842 2305 897 iacto
2340 843 2456 911 ipso
2486 844 2876 898 conﬁrmauere
2906 854 3167 913 quotquot
3201 847 3370 916 regia,

1793 944 1886 988 aut
1915 934 2018 988 alia
2051 934 2243 1004 quavis
2275 935 2466 987 illustri
2503 934 2767 1005 dignitate
2799 937 3153 1004 praestabant,
3174 939 3369 990 ducum

1791 1023 1913 1077 dico
1940 1033 1994 1077 et
2017 1024 2296 1079 comitum.
2324 1024 2570 1081 Gaudent
2605 1037 2782 1078 autem
2819 1026 3076 1094 singulari
3109 1041 3202 1079 sua
3232 1041 3372 1094 prte—

1792 1116 2031 1185 rogativa
2069 1113 2332 1183 ejusmodi
2371 1115 2682 1182 dignitates,
2717 1116 2782 1169 ab
2819 1117 3170 1184 imperatorio
3216 1116 3372 1169 fasti-

1789 1207 1898 1274 gio,
1935 1207 2075 1273 quod
2123 1208 2332 1258 ueteris
2379 1207 2709 1274 praeeminet,
2755 1213 2810 1259 et
2853 1219 2881 1258 a
2930 1221 3036 1274 quo
3076 1205 3368 1274 proﬂuum,

1790 1297 2186 1366 quodammodo
2243 1307 2489 1351 secretae.
2555 1296 2820 1352 Comitem
2885 1297 2996 1366 69
3058 1297 3198 1349 enim
3237 1297 3367 1349 .dux

1789 1385 2067 1457 praecellit,
2122 1382 2311 1440 ducem
2360 1401 2487 1440 vero
2535 1402 2652 1451 rex,
2709 1401 2889 1455 regem
2942 1390 3274 1454 imperator:
3317 1393 3371 1439 et

1789 1493 1908 1532 cum
1942 1477 2069 1532 illud
2100 1479 2240 1547 quod
2274 1478 2450 1530 minus
2476 1488 2557 1532 est
2584 1487 2770 1546 suapte
2791 1487 2983 1530 natura
3007 1478 3204 1544 potiori
3237 1478 3369 1531 sub-

1788 1567 1991 1635 jaceat,
2035 1567 2159 1621 belli
2219 1582 2340 1622 cum
2379 1583 2444 1621 eo
2488 1569 2716 1638 partitur
2765 1581 2951 1634 Onera,
3004 1567 3056 1620 in
3103 1568 3367 1632 ejusmodi

1793 1663 1951 1715 rebus
2008 1669 2201 1715 caetera
2261 1659 2528 1715 subditus.
2580 1660 2924 1729 Quapropter
2977 1674 3138 1730 quem
3191 1657 3363 1713 Graeci

1789 1752 2012 1824 βασιλέα
2043 1762 2258 1819 vocant,
2304 1753 2480 1806 Latini
2537 1747 2915 1824 imperatorem
2964 1753 3234 1821 appellare
3277 1768 3367 1806 so-

1788 1843 1925 1907 lent,
1959 1858 2263 1911 supremam
2294 1845 2434 1897 illius
2469 1819 2792 1912 potestatem
2833 1840 3121 1898 innuentes
3152 1861 3164 1896 :
3209 1857 3365 1912 reges

1787 1945 1992 2001 autem,
2045 1947 2310 2006 quthuot
2356 1937 2653 1991 secundum
2708 1936 2882 1991 sortiti
2935 1946 3060 1990 sunt
3093 1938 3359 1990 ordinem.

1786 2027 1911 2083 llaec
1946 2029 2084 2098 apud
2128 2028 2245 2081 illos
2291 2028 2519 2081 habetur
2557 2027 2852 2081 distinctio.
2887 2028 3068 2081 Rebus
3099 2027 3363 2095 expeditis

1783 2134 2011 2189 quarum
2049 2132 2212 2172 causa
2247 2120 2311 2170 ad
2342 2117 2609 2172 Barbaros
2643 2127 2921 2182 venerant,
2955 2118 3110 2187 legati
3148 2116 3362 2186 Byzan-

1785 2211 1916 2264 tium
1973 2209 2221 2263 redcunt.
2270 2209 2440 2278 Reges
2480 2221 2608 2262 vero
2654 2208 2963 2262 institutum
3015 2209 3118 2262 iter
3169 2204 3361 2276 prose;

1783 2309 2042 2374 quuntur,
2062 2316 2167 2355 non
2193 2311 2371 2355 tamen
2400 2300 2703 2369 conjunctis
2736 2301 2967 2354 invicem
2991 2302 3320 2355 exercitibus
3344 2317 3359 2353 :

1783 2395 1932 2464 prior
1962 2394 2102 2448 enim
2146 2392 2427 2447 incedebat
2465 2392 2819 2456 Alemannus,
2855 2406 2884 2446 a
2924 2403 3072 2461 tergo
3116 2392 3360 2462 longiore

1784 2482 2063 2537 intervallo
2093 2482 2400 2536 Germanus
2445 2480 2900 2551 subsequebatur,
2942 2482 3086 2551 quod
3139 2498 3238 2539 cur
3291 2483 3362 2537 ab

1782 2575 1851 2630 iis
1887 2576 2085 2629 factum
2123 2575 2214 2638 sit,
2255 2573 2397 2626 haud
2439 2574 2596 2642 plane
2651 2573 2779 2626 mihi
2827 2581 3164 2643 compertum
3204 2592 3219 2628 :
3256 2575 3360 2628 nisi

1779 2663 1922 2718 forte
1959 2665 2101 2732 quod
2130 2665 2360 2732 quisque
2395 2665 2572 2733 justas
2620 2677 2681 2718 se
2727 2664 2910 2732 cepias
2953 2665 3148 2718 ducere
3174 2665 3360 2718 crede-

1781 2765 1923 2820 rent,
1963 2767 2049 2810 aut
2092 2754 2230 2825 quod
2274 2757 2346 2810 ita
2379 2756 2763 2822 providissent,
2797 2769 2862 2809 ne
2892 2770 3070 2810 rerum
3110 2770 3360 2810 necessa-

1780 2849 1984 2904 riarum
2018 2850 2194 2916 inopia
2224 2857 2618 2917 premerentur.
2651 2848 2805 2902 Ibant
2835 2847 3179 2902 multitudine
3208 2848 3360 2900 innu-

1787 2957 1932 2995 mera
1976 2949 2030 2995 et
2067 2955 2288 2996 arenam
2335 2942 2505 2996 maris
2551 2943 2864 3004 excedente,
2916 2941 2990 2994 ita
3037 2953 3095 2995 ut
3141 2957 3243 2994 non
3281 2947 3361 2994 tot

1785 3031 2019 3085 millibus
2051 3031 2312 3100 gloriatus
2362 3029 2527 3084 fuerit
2571 3030 2702 3083 olim
2748 3029 2976 3096 Xerses,
3020 3047 3141 3085 cum
3173 3031 3356 3085 Helle-

1783 3133 2031 3193 spontum
2061 3123 2285 3176 navibus
2311 3123 2585 3192 jungeret.
2626 3121 2724 3177 Ubi
2760 3123 2825 3175 ad
2858 3121 3054 3186 {atrum
3093 3138 3355 3195 pervene-
3394 3147 3397 3149 ί

1786 3225 1932 3282 runt,
1981 3215 2338 3284 suppeditatis
2383 3230 2504 3283 quae
2555 3216 2621 3269 ad
2666 3214 3114 3270 transmittendas
3171 3216 3357 3281 copias

1786 3306 2084 3360 necessaria
2123 3317 2299 3369 erant,
2335 3305 2554 3359 delectis
2604 3304 2800 3358 scribis
2839 3304 2929 3357 dat
2981 3306 3033 3357 in
3085 3304 3356 3360 mandatis

1743 3401 1751 3406 ’
1781 3395 2102 3464 imperator,
2129 3405 2190 3449 ut
2226 3395 2278 3448 in
2309 3397 2532 3450 adversa
2571 3393 2806 3448 ﬂuminis
2842 3397 2956 3464 ripa
2990 3405 3219 3459 stantes,
3255 3397 3355 3447 ad-

1779 3495 2035 3542 natarent
2061 3487 2326 3558 cujusque
2353 3502 2488 3541 onus
2524 3478 2744 3556 navigii;
2790 3486 3030 3556 Cumque
3071 3487 3138 3542 ad
3184 3503 3356 3544 nona-

1781 3577 1929 3647 ginta
1979 3586 2151 3646 usque
2204 3576 2369 3629 millia
2421 3586 2821 3639 numerassent,
2882 3576 3109 3632 ulterius
3160 3580 3355 3634 deinde

1783 3670 2030 3740 progredi
2065 3671 2429 3737 computando
2466 3666 2570 3722 non
2608 3678 2854 3737 potuere.

1852 3775 1943 3828 15.
1981 3773 2150 3839 Tanta
2192 3785 2308 3827 erat
2351 3775 2562 3828 illorum
2600 3775 2906 3830 multitudo.
2937 3775 3067 3830 Cum
3109 3777 3177 3846 ad
3225 3776 3354 3832 Nai‘

1779 3881 1919 3928 sum,
1945 3881 2062 3935 quae
2088 3864 2396 3932 metropolis
2427 3873 2509 3920 est
2543 3866 2755 3919 urbium
2795 3845 3136 3931 Dacicarutn:
3167 3881 3352 3921 acces-
3419 3871 3427 3881 ’

1777 3955 1998 4019 sissent,
2037 3951 2262 4015 Michael
2297 3962 2656 4021 cognomento
2685 3953 2889 4010 Branas
2939 3955 3027 4011 cui
3069 3956 3136 4023 ab
3181 3957 3350 4028 impe-

1451 4092 1548 4151 Du
1579 4090 1813 4170 Cangii
1834 4098 2021 4153 notua.

1785 4213 1957 4266 ratio:
1994 4211 2216 4266 Tantam
2266 4223 2438 4265 autem
2465 4220 2580 4281 post
2631 4228 2685 4267 se
2731 4211 3125 4265 multitudinem
3156 4215 3340 4279 traxit,

1784 4292 1835 4333 ut
1863 4293 1911 4334 et
1950 4284 2170 4350 ﬂumina
2196 4283 2263 4335 ad
2293 4286 2665 4352 navigandum,
2691 4298 3094 4347 camporumque
3118 4284 3346 4337 latitudo

1783 4353 1850 4402 ad
1875 4352 2253 4404 ambulandum
2291 4354 2374 4405 vix
2407 4355 2633 4421 sufﬁcere
2657 4354 2943 4407 videretur.
2985 4353 3188 4406 Chron.
3224 4354 3346 4407 itei-

1780 4423 2090 4490 chersperg.
2146 4439 2236 4476 an.
2274 4423 2407 4475 1147
2442 4440 2454 4474 :
2507 4422 2736 4487 Tamque
2778 4423 3015 4489 inﬁnitus
3047 4433 3157 4475 erat
3194 4439 3344 4476 exer-

1778 4491 1934 4550 citus,
1971 4493 2104 4559 quod
2150 4508 2211 4542 ea:
2239 4507 2340 4558 quo
2370 4502 2540 4559 gentes
2591 4507 2702 4544 esse
2751 4504 3027 4558 coeperunt,
3075 4506 3343 4560 nunquam

1781 4570 1984 4617 tantam
2016 4561 2284 4612 hominum
2329 4563 2562 4628 equitum
2604 4563 2764 4614 simul
2799 4574 2844 4611 et
2878 4563 3111 4627 peditum
3165 4563 3344 4615 multi—

1778 4630 2011 4699 tudinem
2064 4630 2118 4680 in
2174 4645 2335 4682 unum
2386 4642 2752 4699 congregatum
2800 4630 2943 4697 fama
2992 4632 3080 4683 sit.
3127 4628 3248 4686 ΟιΙό
3275 4636 3342 4686 de

1778 4697 2006 4767 Diogilo,
2046 4700 2081 4753 ι.
2116 4715 2152 4752 ll
2185 4701 2250 4753 de
2281 4697 2530 4754 Conrado
2560 4719 2571 4752 :
2612 4698 2774 4752 Valde
2798 4702 3140 4768 imperiatiter
3168 4718 3339 4769 egres-

1776 4784 1864 4820 sus
1895 4779 1968 4820 est
1996 4781 2041 4822 et
2083 4770 2258 4821 navali
2300 4779 2560 4837 apparatu
2609 4779 2655 4821 ct
2692 4771 2919 4835 pedestri
2952 4771 3182 4822 exercitu
3207 4786 3248 4832 ,ε
3287 4783 3338 4825 et

1777 4837 1920 4900 bene,
1956 4838 2173 4891 habebat
2209 4839 2345 4890 enim
2393 4850 2516 4891 tunc
2569 4838 2849 4907 Iluugaros
2880 4841 3139 4893 inimicos.
3189 4841 3336 4894 Idem

1777 4908 1810 4958 Ι.
1846 4921 1901 4960 m
1935 4925 1946 4966 ;
1979 4909 2042 4958 Et
2084 4909 2199 4958 licet
2251 4924 2342 4976 ego
2399 4910 2806 4976 pra'scripserim
2851 4921 2896 4961 et
2952 4926 3123 4962 verum
3177 4912 3242 4962 sit
3274 4915 3337 4963 de

1774 4979 1916 5030 illius
1950 4980 2178 5029 exercitu
2211 4977 2443 5044 inﬁnitos
2469 4981 2585 5046 jam
2610 4979 2815 5042 obiisse,
2840 4982 3134 5032 audiuimus
3160 4993 3334 5034 tamen

1775 5063 1809 5119 (ξ
1846 5047 2060 5119 Grafcis,
2082 5049 2169 5115 qui
2202 5059 2545 5100 numerarunt
2582 5059 2909 5102 transeuntes
2937 5050 3235 5119 (brachium
3266 5050 3326 5105 S.

1772 5116 2007 5184 Georgii)
2054 5133 2171 5189 eum
2204 5133 2342 5189 cum
2391 5119 2664 5189 nongentis
2721 5116 3058 5189 (nonaginta)
3103 5122 3336 5174 millibus

1771 5196 1818 5257 et
1848 5187 2141 5255 quingentis
2193 5188 2260 5245 66
2303 5187 2694 5254 transfretasse.
2733 5187 2987 5257 Denique
3021 5191 3336 5244 Uotel'ridus

1776 5256 2097 5321 Viterbtens,
2134 5266 2276 5325 part.
2321 5273 2432 5310 xm
2469 5276 2482 5310 :

1908 5377 1975 5388 -—
1998 5378 2148 5388 —---—
2189 5366 2460 5403 numerum
2491 5352 2535 5403 si
2564 5365 2770 5402 noscere
2801 5364 3030 5418 quwras,

1909 5419 2073 5470 millia
2107 5420 2303 5472 milleni
2333 5422 2514 5473 militis
2541 5436 2725 5488 agmen
2751 5431 2887 5474 erat.

1769 5510 1822 5562 in
1856 5519 2084 5578 utroque
2117 5511 2320 5566 scilicet
2359 5515 2601 5567 exercitu
2628 5512 3047 5567 Alemannorum
3079 5522 3132 5565 et
3163 5512 3329 5565 Fran-

1769 5593 1976 5632 (ἷΟΓυΙΙΙ.
