3968 6326
625 339 732 403 391
1927 333 2250 398 JOANNIS
2289 333 2611 396 CINNAMI
3733 332 3839 396 392

629 464 805 506 ratore
834 451 940 520 7o
981 448 1296 503 demandata
1345 457 1461 503 erat
1506 450 1793 519 provinciae
1843 449 2174 518 praefectura1

2288 445 2470 514 χώρας
2505 446 2642 514 πρὸς
2690 443 2951 514 βασιλέως
2986 443 3488 514 ἑμπετιιστευμένος
3519 443 3689 514 ἀρχὴν
3736 444 3840 497 Μι-

625 540 1073 611 quemadmodum
1102 540 1147 592 ei
1175 539 1492 608 imperatum
1521 547 1656 602 erat,
1680 537 1980 592 necessaria
2004 536 2174 588 omnia

2285 538 2422 608 χαὴλ
2439 536 2721 606 ἐπώνυμον
2739 538 2949 607 Βρανᾶς
2961 538 3272 606 προύνοεϊτο
3287 537 3383 605 ἤδη
3408 535 3515 586 τῶν
3531 536 3848 602 ἀναγκαίων

625 630 1074 685 subministravit.
1106 627 1374 703 Posquant
1418 629 1486 683 ad
1528 628 1804 681 Sardicam
1834 637 2045 681 ventum
2080 634 2180 689 est,

624 734 901 773 accessere
932 719 1036 772 duo
1066 733 1130 771 ex
1169 718 1550 772 illustrioribus
1595 718 1714 782 viri,
1739 717 1829 785 qui
1871 726 1926 770 et
1958 731 2050 770 eos
2087 717 2183 769 htt-

627 810 874 873 mauiter,
927 819 984 861 ut
1039 824 1134 877 par
1177 819 1313 871 erat,
1355 810 1684 876 exciperent,
1729 816 1783 862 et
1823 816 2180 862 commeatum

625 902 846 968 prmheri
871 910 1143 953 curarent.
1163 899 1516 952 Altcr‘horum
1543 898 1639 950 fuit
1664 897 1884 953 Michael
1907 898 2178 960 sebastus,

623 1007 685 1044 ex
720 991 1131 1059 I’aheultigorum
1165 999 1346 1059 gente,
1376 993 1455 1061 vir
1490 992 1703 1060 ingenio
1729 999 1782 1045 et
1809 991 1973 1045 multa
2001 1002 2179 1043 rerum

623 1083 949 1149 experientia
982 1093 1260 1148 praestans,
1294 1083 1382 1150 qui
1410 1083 1589 1136 nescio
1616 1081 1757 1150 quod
1790 1086 1856 1135 ob
1889 1082 2089 1135 crimen
2117 1077 2181 1131 ab

624 1176 945 1240 imperatore
993 1171 1197 1225 Joanne
1246 1175 1296 1225 in
1347 1175 1594 1227 exsilium
1643 1185 1816 1235 actus,
1857 1188 1882 1225 a
1937 1171 2182 1225 Manuele

620 1275 902 1315 revocatus
937 1261 1136 1328 fuerat;
1173 1263 1299 1318 huic
1329 1264 1603 1332 deinceps,
1636 1264 1897 1330 rebusque
1929 1263 2182 1316 Romanis

621 1356 1036 1408 addictissimus.
1109 1356 1256 1408 Alter
1317 1370 1474 1429 vero/
1499 1356 1758 1421 dignitate
1818 1354 2180 1408 eharlularins

618 1461 834 1512 operam
884 1461 1034 1498 suam
1071 1447 1282 1514 utrique
1327 1445 1660 1514 impenderat
1706 1446 2048 1514 imperatori;
2089 1444 2180 1498 sed

617 1535 838 1587 Joannis
881 1536 1178 1602 praesertim
1227 1536 1361 1588 adeo
1411 1534 1582 1588 fuerat
1624 1523 2047 1588 benevolentiam
2091 1549 2181 1586 cx-

617 1637 823 1693 pertus,
876 1639 930 1678 ut
974 1628 1163 1680 Alexio
1196 1640 1323 1680 natu
1363 1627 1590 1679 ﬁliorum
1637 1627 1840 1693 majore
1885 1625 2046 1678 rebus
2080 1623 2179 1676 hu-

617 1721 786 1772 manis
831 1730 1098 1786 exempto,
1135 1718 1469 1781 mandaverit
1519 1719 1564 1771 ei
1614 1717 1925 1787 imperator,
1959 1725 2015 1768 ut
2059 1722 2180 1784 post

2282 629 2484 693 αὐτοῖς,
2511 628 2650 681 οὕτω
2679 633 3154 698 προστεταγμένον
3201 627 3367 697 αὐτῷ.
3405 629 3581 698 Μέχρι
3616 627 3720 696 μὲν
3750 623 3842 679 οὖν

2283 719 2376 771 καὶ
2421 721 2510 771 ἐπὶ
2544 719 2812 790 Σαρδικῆς
2862 722 2920 774 ὲν
2955 719 3161 782 τούτοις
3187 715 3348 788 ἦσαν,
3391 719 3517 772 ἔνθα
3549 721 3640 772 καὶ
3686 719 3842 787 ἄνδρε

2279 809 2371 861 δύο
2391 796 2498 861 τῶν
2527 812 2623 863 ἐπὶ
2653 811 2811 880 δόξης
2851 812 3080 882 ἠλθέτην
3103 814 3231 882 παρ’
3267 812 3486 874 αὐτοὺς,
3513 811 3840 879 δεξιωσομέ-

2280 917 2354 952 νω
2379 916 2438 952 τε
2469 902 2536 954 τὰ
2569 902 2753 954 εἰκότα
2788 903 2880 955 καὶ
2907 902 2974 954 τὰ
3006 902 3280 969 ἀναγκαῖα
3312 902 3496 970 σφίσιν
3540 904 3842 972 ἐμπορισο-

2284 989 2448 1058 μένω.
2480 987 2584 1044 Ἦν
2614 993 2712 1058 μὲν
2751 994 2780 1044 ὁ
2819 991 2996 1045 αὐτῶν
3035 992 3251 1065 Μιχαὴλ
3303 992 3563 1056 σεϐαστδς
3610 993 3674 1044 ἐκ
3727 992 3839 1043 [11-

2283 1079 2611 1150 λαιολόγων,
2668 1082 2806 1153 ἀνὴρ
2853 1083 3052 1146 ίκανῶς
3100 1084 3318 1146 συνετὸς
3354 1083 3447 1137 καὶ
3500 1085 3842 1154 πραγμάτων

2281 1171 2488 1224 πολλῶν
2533 1172 2813 1243 ἔμπειρος,
2847 1172 2905 1235 ὃς
2934 1172 3147 1242 βασιλεῖ
3187 1173 3412 1245 Ἰωάννῃ
3445 1173 3544 1225 οὐκ
3591 1169 3689 1225 οἷδ’
3719 1175 3747 1225 ὅ
3791 1189 3842 1223 τι

2281 1261 2736 1331 προσκεκρουκὼς
2789 1264 3054 1333 πρότερον
3111 1263 3394 1334 ὑπερόριος
3444 1280 3502 1316 τε
3553 1263 3641 1316 διὰ
3684 1262 3844 1314 τοῦτο

2281 1343 2520 1420 γεγονὼς
2563 1355 2700 1422 πρὸς
2735 1353 3000 1423 βασιλέως
3027 1355 3341 1408 ἀνεκαλεῖτο
3370 1353 3624 1424 Μανουὴλ
3653 1352 3841 1415 εὖνους

2275 1461 2335 1495 τε
2361 1443 2508 1510 αὐτῷ
2537 1445 2628 1495 καὶ
2679 1446 2788 1505 τοῖς
2823 1443 3110 1512 Ῥωμαίων
3165 1446 3401 1513 μάλιστα
3432 1445 3649 1512 ἐγένετο
3701 1444 3842 1512 πρά-

2279 1548 2498 1599 γμασιν.
2543 1531 2600 1584 '0
2634 1532 2734 1600 μὲν
2760 1533 2823 1604 δὴ
2847 1533 3087 1596 τοιοῦτος
3132 1529 3220 1603 ἦν,
3257 1535 3484 1603 ’Δτερος
3515 1534 3568 1585 δὲ
3609 1551 3840 1602 χάρτου-

2277 1619 2459 1689 λάριος
2489 1619 2598 1690 (88)
2635 1621 2733 1691 μὲν
2765 1622 3100 1692 ἀμφοτέροιν
3129 1624 3463 1693 ἐχρημάτισε
3520 1627 3631 1675 τοῖν
3680 1622 3838 1691 βασι-

2279 1711 2441 1764 λέοιν.
2475 1712 2724 1781 Τοσούτῳ
2756 1728 2817 1780 γε
2846 1712 2952 1782 μὴν
2990 1713 3209 1786 Ἰωάννῃ
3255 1713 3464 1782 βασιλεί
3483 1714 3840 1775 εὐνούστατος

613 1825 894 1862 excessum
921 1824 1075 1862 Suum
1103 1809 1328 1862 Manueli
1357 1813 1422 1862 ad
1447 1820 1653 1874 sceptra
1682 1820 1868 1862 vocato
1891 1809 2174 1875 imperium

2281 1803 2503 1868 γέγονεν
2526 1803 2600 1866 ὼς
2625 1803 2783 1856 ὁπότε
2815 1803 3034 1874 Ἀλεξίῳ
3064 1804 3140 1875 τῷ
3163 1805 3518 1875 πρεσϐυτάτῳ
3546 1805 3653 1856 τῶν
3677 1805 3839 1856 υἱέων

616 1902 928 1967 resignaret.
967 1900 1118 1953 llunc
1155 1901 1237 1953 illi“
1264 1901 1314 1952 in
1350 1901 1505 1952 ﬁnem
1549 1899 1825 1954 Sardicam
1859 1912 2172 1964 pervenere.

615 1991 717 2043 Sed
751 1994 890 2044 enim
931 1991 1178 2054 Barbari,
1229 1991 1465 2059 quandiu
1515 1991 1664 2045 fuere
1699 1991 1750 2042 in
1787 1991 1918 2044 locis
1950 1988 2174 2044 diilicili-

614 2084 710 2135 IlllS
745 2083 914 2152 (multi
944 2083 1085 2136 enim
1114 2083 1179 2136 ab
1207 2081 1343 2136 Istro
1369 2082 1584 2135 ﬂumine
1612 2083 1674 2134 ad
1707 2081 1979 2136 Sardicam
2009 2096 2176 2150 usque

613 2173 864 2240 prrerupti
913 2173 1172 2234 eminent,
1227 2173 1422 2240 vixque
1473 2187 1576 2224 non
1628 2172 1896 2226 inaccessi'
1941 2171 2172 2241 montes)

614 2263 932 2316 incedebant
988 2263 1242 2331 quietius,
1286 2264 1526 2332 nihilque
1573 2264 1641 2317 ab
1687 2264 1751 2317 iis
1794 2274 1999 2331 actum,
2033 2262 2174 2332 quod

617 2352 869 2406 [tertianis
935 2352 1258 2420 displiceret.
1317 2353 1384 2405 At
1439 2364 1719 2422 postquam
1774 2353 1999 2423 attigere
2055 2354 2173 2408 loca

611 2447 790 2515 plana,
852 2459 969 2513 qua:
1024 2444 1298 2512 regionum
1353 2445 1493 2498 circa
1545 2442 1793 2497 Dacicam
1840 2443 2174 2500 ditlicultates

612 2537 901 2604 excipiunt,
932 2543 1040 2587 tum
1072 2534 1284 2588 demum
1311 2534 1558 2587 hostilem
1595 2535 1831 2587 animum
1865 2533 2170 2602 prodidere.

613 2628 717 2683 lles
757 2632 959 2699 quippe
995 2628 1210 2682 venales
1258 2626 1647 2695 exponentibus
1698 2626 1926 2692 injustas
1970 2626 2174 2693 injicie-

611 2720 737 2772 bant
765 2733 949 2772 manus
982 2736 994 2772 :
1030 2727 1083 2772 et
1113 2718 1156 2772 si
1194 2718 1313 2788 quis
1357 2717 1689 2785 rapientibus
1728 2717 1828 2784 71
1863 2717 2170 2780 obsisteret,

608 2824 728 2863 eum
766 2809 1020 2863 continuo
1065 2823 1193 2864 ense
1241 2807 1657 2862 detruncabant.
1689 2806 1810 2870 llagc
1839 2808 1937 2861 etsi
1985 2821 2174 2876 perpe-

610 2908 904 2965 trarentur,
947 2900 1296 2955 nihilominus
1330 2899 1644 2955 movebatur
1672 2914 1762 2954 rex
1795 2899 2096 2966 Conradus,
2128 2900 2174 2955 si

611 2994 699 3062 qui
741 3002 926 3047 essent
970 2994 1060 3061 qui
1103 3002 1472 3062 quererentur,
1513 3005 1614 3045 nec
1657 2993 1928 3061 praebebat
1974 3007 2169 3058 aures;

610 3081 694 3133 vel
723 3081 765 3132 si
791 3079 1144 3144 auscultaret,
1184 3079 1491 3150 petulantiae
1519 3077 1571 3132 id
1603 3078 1974 3160 multitudinis
2003 3079 2169 3134 ascri-
2195 3110 2239 3172 Ο

611 3171 790 3224 bebat.
849 3171 920 3223 Ea
969 3174 1252 3240 postquam
1303 3170 1370 3226 ad
1425 3171 1805 3240 imperatorem
1855 3185 2166 3239 pervenere,

609 3261 964 3328 Prosuehum,
1019 3262 1241 3316 militari
1293 3264 1492 3318 virtute
1540 3264 1914 3334 prazlnsignem
1968 3264 2166 3328 virum,

608 3367 730 3408 cum
772 3354 964 3421 raptim
1022 3364 1210 3409 coacto
1256 3355 1468 3422 agmine
1516 3356 1774 3409 adversus
1822 3369 1913 3410 eos
1951 3355 2114 3410 mittit
2151 3371 2164 3410 :

608 3447 696 3514 qui
743 3445 894 3516 juxta
953 3445 1356 3514 Adrianopolim
1425 3445 1693 3502 Barbaros
1735 3457 2032 3510 assecutus,
2061 3445 2170 3514 pri-

608 3550 754 3589 mum
787 3535 1004 3603 quidem
1039 3533 1178 3588 haud
1202 3535 1360 3604 longo
1392 3534 1674 3590 intervallo
1719 3535 2163 3605 subsequebatur,

608 3641 672 3679 ac
709 3625 934 3679 suhinde
963 3624 1251 3679 coercebat
1293 3625 1647 3680 inordinatius
1695 3628 2030 3696 evagantium
2077 3641 2171 3681 ex-

607 3715 908 3769 cursiones.
969 3713 1206 3768 Tandem
1258 3715 1349 3768 uhi
1400 3727 1491 3769 eos
1541 3716 1686 3769 videt
1738 3729 1896 3785 supra
1951 3718 2166 3771 modum

609 3805 834 3866 feroces,
874 3804 1045 3872 palam
1094 3805 1256 3858 etiam
1303 3803 1453 3874 signa
1503 3803 1731 3868 confert,
1770 3806 1862 3859 tali
1895 3807 2163 3861 ocasione.

515 3899 519 3904 '
608 3895 830 3960 Quidam
867 3909 932 3948 ex
973 3895 1356 3950 illustrioribus
1389 3894 1724 3960 Alemannis,
1765 3909 1990 3964 corpore
2041 3895 2168 3951 atie—

606 3997 714 4049 cto,
748 3985 1091 4054 Adrianopoli
1127 4000 1185 4040 se
1217 3985 1267 4038 in
1300 3988 1682 4040 monasterium
1720 3997 2019 4055 receperat,
2044 4003 2165 4042 cum

606 4075 868 4140 pecuniis,
895 4074 1109 4143 alioque
1140 4075 1283 4128 omni
1315 4086 1592 4144 apparatu.
1628 4076 1678 4128 Id
1709 4076 1936 4131 Romani
1964 4078 2167 4148 aliquot

610 4166 807 4219 milites
840 4180 905 4218 ex
943 4166 1276 4232 pedestribus
1312 4167 1553 4222 numeris
1585 4168 1915 4236 subodorati,
1945 4169 2166 4225 domici-

607 4255 759 4319 lium,
785 4256 1064 4323 ipsumque
1086 4256 1218 4308 adeo
1241 4264 1497 4324 aegrotum
1523 4257 1641 4326 igne
1670 4259 1881 4314 subdito
1902 4269 2160 4328 cremant,

2281 1893 2340 1956 ἐξ
2374 1892 2673 1962 ἀνθρώπων
2707 1895 3034 1963 γεγενῆσθαι
3074 1895 3291 1967 ξυνέϐη,
3341 1897 3606 1965 ἐνσκῆψαι
3641 1899 3688 1950 oi
3747 1899 3838 1952 τὸν

2282 1983 2506 2052 βασιλέα
2537 1984 2674 2053 μετὰ
2696 1985 2949 2054 τελευτὴν
2980 1988 3079 2056 τὴν
3121 1987 3283 2039 αὐτοῦ
3318 1985 3408 2039 τὸν
3457 1988 3712 2059 Μανουὴλ
3746 1988 3838 2041 ἐπὶ

2279 2074 2347 2127 τὰ
2375 2075 2624 2144 σκῆπτρα
2673 2074 2896 2129 καλέσαι
2935 2076 3027 2128 καὶ
3056 2076 3151 2147 τὴν
3205 2077 3484 2146 βασιλείαν
3519 2078 3834 2147 ἐγχειριεῖν.

2281 2167 2344 2219 Ol
2377 2167 2472 2236 μὲν
2504 2162 2598 2220 οὖν
2623 2166 2823 2220 τούτων
2872 2169 3030 2221 ἕνεκα
3078 2172 3171 2221 ἐπὶ
3211 2170 3309 2240 τὴν
3349 2170 3617 2240 Σαρδικὴν
3647 2166 3836 2240 ἦλθον.

2281 2261 2344 2312 υἱ
2374 2260 2429 2312 δὲ
2449 2258 2718 2330 Βάρϐαροι
2743 2260 2902 2329 μέχρι
2934 2261 3033 2330 μὲν
3062 2261 3118 2314 ὲν
3144 2261 3463 2334 δυσχωρίαις
3486 2259 3620 2332 ἦσαν
3645 2261 3840 2332 (πολλὰ

2281 2349 2388 2420 γάρ
2405 2351 2467 2402 ὲκ
2493 2351 2584 2403 τοῦ
2619 2351 2860 2419 ποταμοῦ
2893 2351 3098 2421 Ἴστρου
3129 2353 3255 2422 ἄχρι
3301 2355 3393 2406 καὶ
3424 2353 3517 2405 ἐπὶ
3565 2355 3839 2425 Σαρδικὴν

2280 2439 2379 2509 ὅρη
2398 2440 2579 2508 ἀνέχει
2615 2439 2793 2508 ὑψηλὰ
2827 2443 2917 2494 καὶ
2940 2442 3126 2504 δεινῶς
3166 2443 3378 2511 ἄϐατα),
3433 2447 3553 2514 σιγῇ
3601 2462 3661 2497 τε
3710 2446 3839 2498 ἑπο-

2283 2530 2500 2601 ρεύοντο
2540 2532 2632 2586 καὶ
2654 2532 2806 2584 οὐδὲν
2839 2533 2920 2585 ὅτι
2960 2532 3248 2602 Ῥωμαίοις
3301 2535 3362 2586 οὐ
3419 2535 3559 2587 κατὰ
3611 2535 3839 2606 γνώμην

2282 2623 2516 2677 ἐποίουν.
2555 2626 2702 2677 Ἐπεὶ
2761 2626 2817 2678 δὲ
2870 2628 2990 2688 ταῖς
3039 2626 3282 2680 πεδιάσιν
3325 2629 3421 2698 ἤδη
3471 2629 3730 2698 ὡμίλουν,
3777 2631 3839 2683 αἱ

2281 2714 2454 2766 πολλὰ
2489 2717 2554 2768 τὰ
2585 2715 2922 2786 δυσπρόσοδα
2954 2717 3063 2771 τῶν
3097 2719 3237 2771 κατὰ
3270 2719 3364 2788 τὴν
3399 2721 3634 2790 Δακικὴν
3658 2721 3841 2775 διαδέ-

2280 2823 2463 2876 χονται
2490 2809 2723 2876 χωρίων,
2759 2810 3120 2878 παραφαίνειν
3153 2810 3337 2863 λοιπὸν
3364 2810 3424 2864 τὸ
3455 2811 3712 2880 δυσμενὲς
3745 2814 3842 2884 ἧρ-

2279 2898 2467 2964 ξαντο,
2496 2900 2606 2962 τοῖς
2649 2915 2708 2952 τε
2751 2899 2871 2952 κατ’
2897 2901 3167 2970 ἐμπορίαν
3199 2902 3265 2954 τὰ
3295 2899 3427 2954 ὥνια
3459 2903 3644 2970 σφίσιν
3695 2904 3839 2957 ἀπο-

2278 2989 2478 3044 διδοῦσι
2507 2994 2662 3062 χείρα
2684 2991 2946 3046 ἐπέϐαλον
2974 2993 3157 3049 ἄδικον
3179 3011 3192 3024 ·
3227 2992 3290 3065 [Ρ
3349 2993 3438 3065 40]
3472 2995 3573 3048 κᾶν
3598 3011 3677 3058 τις
3725 2997 3841 3048 άπ-

2282 3085 2618 3153 ισχυρίσαιτο
2651 3083 2786 3152 πρὸς
2815 3082 2912 3154 τὴν
2950 3084 3229 3154 ἁρπαγὴν,
3270 3085 3456 3138 τοῦτον
3479 3085 3532 3140 δὲ
3559 3086 3842 3157 ῥομφαίας

2273 3174 2431 3245 ἔργον
2474 3173 2741 3228 ἐτίθεσαν.
2774 3174 2840 3226 Ὅ
2873 3191 2928 3227 τε
2956 3175 3066 3245 pne
3104 3175 3375 3247 Κορράδος
3416 3177 3836 3247 άνεπιστρόφως

2270 3257 2447 3326 πάντη
2474 3255 2582 3308 τῶν
2619 3255 2915 3326 γινομένων
2948 3250 3061 3326 εἶχε
3110 3258 3202 3311 καὶ
3242 3258 3354 3319 τοῖς
3401 3258 3760 3312 ἐπικαλοῦσιν
3805 3259 3838 3328 ἦ

2267 3350 2386 3404 οὐδὲ
2417 3351 2702 3420 προσεῖχεν
2731 3348 2888 3413 ὅλως,
2919 3349 2952 3419 ἢ
2994 3351 3090 3403 καὶ
3112 3349 3363 3420 προσχὼν
3389 3353 3452 3420 τῇ
3478 3350 3570 3404 τοῦ
3596 3349 3843 3419 πλήθους

2267 3439 2546 3510 ἀλογιστία
2598 3440 2658 3492 τὸ
2714 3442 2820 3493 πᾶν
2870 3441 3237 3511 ἀπεγράφετο.
3296 3440 3512 3493 Τούτων
3573 3440 3840 3510 βασιλεὺς

2268 3529 2519 3599 ἀκηκοὼς
2576 3529 2888 3600 στράτευμα
2936 3525 2970 3604 ᾖ
3017 3531 3210 3600 τάχους
3242 3526 3387 3602 εἶχεν
3438 3532 3551 3603 ἅμα
3585 3532 3839 3600 Προσοίιχ

2269 3620 2423 3688 ἀνδρὶ
2457 3620 2851 3690 ὲμπειρομάχῳ
2909 3621 3041 3673 κατ’
3091 3619 3264 3673 αὐτῶν
3289 3620 3552 3690 ἐπεμψεν.
3597 3623 3695 3684 Ὃς
3740 3623 3838 3674 καὶ

2267 3707 2454 3778 ἐπειδὴ
2483 3710 2614 3777 περὶ
2645 3707 2796 3761 πόλιν
2831 3707 3106 3778 Ἀδριανοῦ
3131 3709 3338 3773 τούτοις
3362 3710 3634 3780 συνέμιξε,
3665 3712 3837 3782 μέχρι

2269 3801 2368 3869 μέν
2395 3814 2536 3862 τινος
2565 3798 2671 3852 ἀπὸ
2699 3799 3034 3862 διαστάσεως
3083 3800 3284 3866 εἵπετο,
3309 3801 3406 3862 τὰς
3436 3801 3706 3863 ἀτάκτους
3737 3802 3837 3866 τοῦ

2269 3889 2504 3958 πλήθους
2541 3889 2911 3959 άνασειράζων
2937 3891 3132 3960 ὁρμάς.
3177 3891 3264 3954 Ὠς
3304 3891 3358 3944 δὲ
3391 3893 3482 3946 καὶ
3503 3893 3591 3944 ἐπὶ
3624 3893 3840 3960 μᾶλλον

2267 3981 2701 4053 Θρασυνομένους
2734 3981 2928 4043 αὐτοὺς
2964 3981 3129 4053 ἐώρα,
3166 3984 3256 4034 καὶ
3305 3983 3565 4052 πολεμίας
3617 3983 3726 4053 ἤδη
3779 3986 3841 4037 ἐν

2265 4074 2342 4144 τῷ
2364 4075 2597 4144 ἐμφανεῖ
2632 4072 2884 4142 συνέμιξε
2916 4075 3104 4143 χεῖρας
3131 4071 3414 4136 ἀπ”αίτίας
3443 4073 3677 4128 τοιᾶσδε.
3704 4076 3836 4126 Τῶν

2266 4183 2385 4220 τινα
2420 4165 2830 4234 ὲπισημοτέρων
2869 4165 3182 4234 Ἀλαμανῶν
3214 4167 3277 4236 (ι)
3305 4163 3713 4236 μαλακισθέντα
3773 4168 3836 4218 τὺ

2269 4257 2425 4328 σῶμα
2449 4258 2691 4327 σεμνεῖόν
2723 4275 2772 4310 τι
2795 4251 2908 4326 εἶχε
2942 4260 3049 4311 τῶν
3078 4257 3178 4310 ἀνὰ
3206 4258 3302 4326 τὴν
3334 4257 3485 4311 πόλιν
3537 4257 3833 4326 Ἀδριανοῦ

607 4349 791 4413 sicque
821 4345 1064 4413 pecuniis
1112 4347 1412 4411 potiuntur.
1446 4344 1614 4410 Quam
1665 4363 1776 4402 rem
1825 4350 1913 4403 ubi
1962 4352 2167 4418 accepit

2276 4347 2364 4401 σύν
2392 4365 2449 4400 τε
2479 4350 2723 4419 χρήμασι
2741 4348 2833 4400 καὶ
2864 4350 3140 4418 ἀποσκευῇ
3169 4351 3231 4418 τῇ
3264 4347 3444 4420 πάσῃο
3477 4347 3512 4402 ἃ
3541 4348 3837 4416 φωράσαν-

609 4433 948 4497 Fredericus,
984 4434 1214 4489 Conradi
1249 4450 1312 4488 ex
1345 4436 1511 4490 fratre
1557 4453 1746 4506 nepos,
1791 4439 1950 4493 homo
1990 4439 2167 4494 incre-

2276 4441 2357 4502 τές
2385 4456 2527 4502 τινες
2569 4439 2852 4507 Ῥωμαίων
2880 4438 2987 4491 τῶν
3007 4441 3071 4492 ὲκ
3099 4438 3335 4502 πεζικῶν
3367 4438 3682 4507 καταλόγων
3717 4441 3836 4510 πῦρ

607 4524 841 4577 dibiliter
867 4525 1032 4587 ferox,
1053 4515 1254 4592 impetu
1285 4528 1589 4591 vehemens,
1608 4529 1854 4598 elatoque
1875 4530 2162 4586 admodum

2276 4549 2326 4585 τε
2350 4534 2416 4601 τῇ
2461 4533 2757 4598 καταγωγῇ
2797 4531 3018 4598 ὑφῆψαν
3072 4531 3166 4582 καὶ
3201 4531 3290 4584 τὸν
3348 4530 3629 4599 ἄνθρωπον
3682 4531 3836 4583 οὕτω

607 4614 822 4681 animo,
884 4616 1284 4685 Adrianopolitn
1345 4631 1570 4685 propere
1630 4621 1884 4686 revertit,
1944 4623 2165 4676 duorum

2276 4621 2770 4692 προσαπολέσανές
2819 4621 2887 4673 τὰ
2941 4622 3197 4691 χρήματα
3236 4618 3412 4689 ἔσχον.
3471 4621 3556 4683 Ὠς
3589 4616 3685 4672 οὖν
3747 4625 3836 4684 εἰς

609 4703 801 4757 itinere
834 4705 1040 4758 dierum
1074 4705 1377 4758 Conradum
1421 4717 1772 4774 praeverteris,
1803 4724 1865 4763 ac
1895 4721 2166 4766 monaste-

2276 4713 2433 4774 ἀκοὰς
2459 4711 2764 4781 Φρεδερίκῳ
2790 4711 2901 4778 (89)
2937 4712 2995 4764 τὸ
3031 4713 3254 4780 γεγονὸς
3285 4708 3414 4782 ἦλθε
3445 4711 3519 4781 τῷ
3543 4712 3832 4780 Κορῤάδου

609 4795 768 4858 rium,
803 4795 854 4847 in
893 4809 998 4862 quo
1033 4797 1262 4862 primum
1293 4797 1583 4850 diverterat
1617 4783 1963 4864 Alemannus,
1990 4801 2169 4855 incen-

2276 4801 2547 4868 ὶδελφιδῷ,
2590 4801 2742 4870 ἀνδρὶ
2776 4799 2866 4852 ὑπ’
2916 4803 3269 4871 ἀσυμμέτρου
3302 4801 3586 4863 αὐθαδείας
3611 4801 3718 4870 τήν
3771 4819 3833 4854 τε

607 4885 702 4947 dit,
738 4886 920 4952 sicque
953 4886 1074 4938 belli
1115 4878 1452 4940 occasionem
1482 4887 1739 4942 Romanis
1772 4891 1930 4944 simul
1961 4907 2023 4945 ac
2051 4893 2166 4948 suis

2276 4893 2436 4964 5ρμὴν
2456 4891 2739 4961 άκαθέκτῳ
2783 4893 2876 4946 καὶ
2923 4893 3178 4955 ἐπιεικῶς
3215 4893 3578 4962 φρονηματία,
3611 4894 3831 4962 σπουδῇ

607 4974 856 5042 praebuit.
941 4975 1250 5030 l’rosuchus
1321 4976 1483 5044 igitur
1553 4979 1754 5035 idcirco
1820 4981 2163 5037 Fredericum

2276 4985 2587 5054 παλίνορσος
2618 4985 2708 5036 ἐπὶ
2741 4983 2835 5052 τὴν
2859 4983 3136 5054 Ἀδριανοῦ
3160 4980 3286 5055 ἦλθε
3309 4985 3484 5038 καίτοι
3512 4985 3657 5037 δυοῖν
3687 4985 3834 5054 ὴμέ-

1937 5101 2027 5164 Du
2059 5104 2282 5184 Cangii
2309 5109 2494 5165 nota).

677 5218 787 5290 (88)
819 5219 1054 5286 ’Λτερος
1104 5219 1173 5290 δὲ
1227 5222 1684 5288 χαρτουλάριος.
1755 5222 1990 5280 Basilius
2023 5225 2172 5281 Tzil-

607 5291 827 5353 zituces,
862 5291 925 5342 de
956 5304 1058 5356 quo
1101 5289 1338 5354 Nicetas,
1367 5292 1400 5345 Ι.
1433 5307 1468 5356 ι,
1510 5309 1562 5344 ιι.
1602 5295 1650 5344 t.

676 5359 784 5435 (8_9)
827 5358 1169 5435 φρεδερζξιφ,
1197 5360 1252 5435 ld
1308 5363 1479 5429 ipsum
1512 5361 1677 5416 refert
1709 5361 1949 5430 Nicetas,
1976 5363 2011 5418 l.
2042 5380 2082 5431 ι,
2119 5382 2173 5421 n.

610 5429 667 5496 5,
702 5428 1011 5483 Gotefridus
1048 5429 1247 5483 Viterb.

2415 5226 2598 5295 Adfuit
2622 5227 2848 5295 egregius
2890 5224 2972 5296 ΙΡ.
3001 5225 3127 5298 MO]
3183 5227 3482 5282 Fridericus
3531 5229 3641 5280 dua:
3693 5227 3834 5282 Sue-

3540 5314 3561 5346 ,.

2415 5365 2488 5420 ΑΞ
2493 5380 2593 5433 qua
2613 5381 2706 5417 suo
2723 5374 2909 5436 patruo
2929 5369 3054 5436 regit
3075 5368 3280 5436 agmina
3304 5299 3735 5435 Teutd:?c:r':;n,

2411 5437 2660 5490 Hostibus
2690 5435 2960 5504 ingeritur,
2999 5440 3210 5506 protegit
3240 5439 3348 5506 ipse
3384 5437 3572 5504 forum.

1861 5547 2137 5608 Cornelii
2172 5549 2360 5609 Tollii
2401 5557 2585 5611 nota).

677 5641 737 5722 (ι)
790 5641 912 5698 Τῶν
963 5656 1098 5693 τινα
1152 5640 1598 5711 ἑπισῃμοτέρων
1662 5645 2026 5715 ’Δλαμανῶν.
2101 5647 2174 5701 Ait

2276 5647 2475 5705 Nicctas
2520 5659 2818 5729 cognatum
2869 5652 3011 5709 hunc
3059 5654 3228 5711 fuisse
3275 5657 3418 5728 regis
3471 5657 3636 5726 ipsius
3671 5657 3833 5716 Con-

605 5725 727 5766 full.
