3968 6326
606 325 710 390 ιεε

1857 323 2180 388 ῘΟΑΝΝΙΞ
2214 324 2541 389 CINNAMI

3731 329 3844 396 4⁵⁵4

610 439 830 509 Scythis
874 446 1087 510 captum
1119 437 1289 492 fuisse
1308 445 1544 492 castrum
1577 435 1856 507 disimtts),
1884 453 2055 505 neque
2083 433 2176 492 res

2285 432 2435 494 σιλέα
2469 441 2929 513 μεταπέμπεσθαι
2959 445 3147 500 τοῦτον
3177 446 3414 512 ἀκούων,
3467 466 3486 499 ε
3530 450 3590 502 ΕΞ
3638 450 3851 518 βασιλεῖ

609 537 810 582 nostra:
847 528 935 581 hic
967 543 995 580 a
1045 526 1302 582 Barbaris
1334 526 1556 593 direpta
1595 542 1691 596 pro
1725 527 1876 581 libitu
1911 537 1964 581 et
1988 527 2181 581 ablata:

607 615 857 671 fuissent.
902 633 921 668 ο
981 613 1062 670 Ad
1096 618 1210 671 haec
1259 616 1410 670 aiunt
1453 616 1784 686 indignatum
1839 619 2181 686 respondisse

605 705 904 776 principem
946 723 961 759 :
994 725 1011 756 ε
1055 705 1168 759 N‘on
1197 705 1298 759 sim
1327 720 1427 775 ego
1457 704 1565 776 ille,
1597 707 1681 759 cui
1718 706 1979 761 divinitus
2001 720 2032 758 a
2068 705 2178 762 Deo

606 795 864 850 col-latum
917 805 995 848 εει
1028 792 1393 847 Romanorum
1419 774 1725 862 imperium,
1766 795 1866 847 nisi
1896 794 2178 848 confestim

607 884 848 936 audaciae
871 880 981 952 94
1008 894 1196 950 ρωποι
1228 871 1477 934 dederint
1500 881 1736 949 Scythae.
1780 899 1801 933 ι
1839 880 2181 951 Quapropter

612 974 879 1042 reliquum
931 971 1200 1026 exercitus
1248 986 1312 1026 eo
1351 970 1471 1034 loci,
1499 980 1552 1023 et
1579 972 1644 1024 ad
1674 973 1815 1038 ripas
1851 981 2030 1026 castra
2067 987 2181 1026 me-

610 1075 782 1120 talum
815 1064 1051 1132 reliquit.
1082 1063 1203 1132 Ipse
1275 1063 1398 1130 quia
1432 1063 1690 1126 nondum,
1723 1063 1801 1115 uti
1828 1062 2032 1117 dictum
2074 1073 2180 1129 est,

610 1160 951 1214 advenerant
1003 1163 1190 1220 naves,
1257 1156 1458 1224 aptatis
1508 1157 1871 1223 connexisque
1935 1155 2184 1210 inter'se

609 1248 826 1312 lembis,
885 1260 1007 1299 cum
1064 1246 1395 1313 quingentis,
1459 1245 1622 1299 exiis
1678 1244 1767 1313 qui
1803 1245 1902 1300 sibi
1932 1247 2179 1310 aderant,

609 1336 804 1393 Istrum
852 1337 1162 1404 superavit:
1198 1349 1429 1402 cumque
1483 1334 1622 1387 ultra
1678 1335 1836 1390 vellet
1861 1337 2178 1404 procedere,

615 1434 668 1484 in
733 1433 866 1484 duos
897 1429 1033 1483 alios
1096 1428 1429 1497 navigabiles
1495 1421 1686 1480 ﬂuvios
1717 1427 1928 1481 incidit.
1952 1428 2024 1482 Ut
2053 1442 2181 1481 vero

607 1522 814 1577 nullum
851 1521 922 1576 ibi
971 1520 1217 1589 apparuit
1260 1519 1552 1586 navigium,
1576 1532 1684 1586 quo
1717 1517 1781 1570 ad
1813 1517 2179 1586 traiectionem

610 1623 878 1677 uteretur,
931 1613 1042 1681 suis
1074 1606 1379 1680 imperavit,
1411 1618 1466 1660 ut
1517 1607 1784 1661 actuarias
1813 1622 1931 1675 qua:
1959 1607 2012 1659 in
2042 1606 2181 1660 Istro

541 1695 545 1699 ’
609 1713 766 1760 erant
793 1701 946 1771 equis
968 1702 1271 1770 alligarent,
1301 1709 1462 1767 atque
1515 1698 1587 1751 ita
1620 1699 1683 1750 ad
1708 1696 1900 1751 ﬂuvios
1933 1708 2180 1751 transve-

609 1798 823 1852 herent.
843 1764 974 1859 'Quo
1003 1764 1163 1854 laeto,
1220 1764 1388 1845 nullo—
1421 1789 1606 1843 labore
1666 1787 2010 1857 traiecerunt.
2039 1787 2180 1843 Loco
2212 1764 2254 1818 Β

609 1884 801 1940 deinde
821 1882 1057 1951 Spatioso
1073 1880 1408 1944 transmisso,
1439 1878 1504 1932 ad
1537 1889 1771 1932 montem
1808 1893 1980 1947 usque
2003 1878 2178 1948 (τένου

608 1972 829 2046 ὅρμον),
877 1971 970 2041 qui
1028 1968 1461 2040 Tauroscytbica:
1514 1967 1710 2023 ﬁnibus
1749 1969 2183 2036 adjacet,perveo

611 2085 761 2126 nere.
788 2071 865 2125 lbi
893 2083 1014 2124 cum
1046 2046 1212 2120 vacua
1241 2078 1578 2136 prorsus-ac
1609 2066 1820 2119 deserta
1850 2064 2182 2120 invenissent

611 2158 937 2231 Scytharum
989 2148 1168 2212 castra
1231 2159 1376 2223 (nam
1403 2153 1474 2208 illi
1527 2154 1688 2222 paqu
1727 2164 1852 2208 ante
1876 2169 1936 2209 se
1966 2156 2180 2214 indere-

611 2251 894 2323 ceperant)
923 2249 1147 2306 uiterius
1197 2248 1635 2319 progrediuntur.
1691 2247 1865 2302 Medio
1891 2258 2068 2302 autem
2094 2250 2181 2305 die

609 2355 729 2397 cum
783 2357 849 2396 es
906 2331 1156 2395 hostibus
1210 2353 1368 2394 nemo
1423 2348 1727 2409 appareret,
1786 2338 2036 2411 Scythas,
2087 2340 2177 2411 qui

609 2430 866 2484 [inmanis
890 2428 1211 2494 militabant,
1243 2429 1419 2498 seligit
1469 2430 1782 2496 imperator,
1819 2436 1874 2483 et
1895 2429 2176 2498 Giphardo

609 2521 770 2582 duce,
817 2518 936 2572 viro
995 2521 1071 2574 rei
1129 2519 1372 2573 militaris
1432 2519 1783 2589 peritissimo,
1842 2519 2026 2586 mittit,
2060 2529 2174 2574 uta

611 2621 764 2677 tergo
822 2608 1446 2678 inslstereu'tJiostibus,
1504 2611 1632 2665 etsi
1666 2611 1886 2665 daretur
1939 2611 2173 2676 occasio,

609 2712 803 2752 manus
841 2689 1212 2763 consererent,
1261 2697 1386 2751 dum
1419 2697 1563 2766 -ipse
1590 2699 1734 2753 lento
1772 2699 1976 2754 interea
2008 2703 2174 2769 gradu

611 2788 1052 2856 subsequeretur.
1121 2784 1368 2840 Nondum
1409 2787 1696 2856 plurimum
1769 2799 2176 2857 consumpserat

608 2878 818 2934 itineris
845 2875 1173 2945 Gipbardus,
1201 2891 1322 2930 cum
1350 2877 1406 2931 in
1444 2877 1627 2932 hostes
1674 2878 1880 2932 incidit.
1905 2880 2012 2934 Sed
2041 2895 2176 2949 pre-

608 2970 736 3024 lium
760 2966 1096 3024 committere
1135 2981 1238 3021 non
1262 2981 1445 3034 ausus,
1477 2969 1618 3036 quod
1643 2967 1798 3038 longe
1829 2970 2173 3025 numerosior

611 3062 974 3120 Barbarorum
1008 3060 1112 3115 sibi
1146 3059 1422 3127 videretur
1453 3060 1618 3126 acies,
1674 3059 2052 3129 imperatorem
2078 3075 2173 3129 per
2197 3086 2244 3148 ε

612 3151 850 3216 nuntios,
903 3158 962 3204 ut
1009 3148 1294 3205 confestim
1345 3148 1455 3220 95
1486 3149 1789 3215 accederet,
1844 3149 2169 3220 sollicitavit.

612 3241 709 3298 llis
761 3243 1020 3312 acceptis,
1073 3256 1218 3295 arma
1274 3242 1532 3294 continuo
1581 3239 2038 3318 induitprinceps,
2087 3256 2175 3294 ar-

613 3334 1061 3400 maturperinde
1106 3341 1161 3385 et
1226 3340 1372 3386 totus
1409 3332 1701 3386 exercitus.
1759 3331 1878 3385 Mox
1945 3345 1974 3384 a
2023 3342 2174 3400 tergo

609 3424 836 3495 Scythas
882 3422 1043 3478 simul
1098 3422 1294 3486 adONi,
1363 3433 1484 3478 cum
1516 3421 1583 3475 iis
1632 3435 1822 3476 manus
1859 3432 2170 3476 conserunt.

607 3513 790 3568 Primo
851 3512 1061 3583 quidem
1129 3521 1324 3567 stetere
1375 3510 1610 3581 bcytlm,
1669 3513 1816 3567 velut
1873 3512 2170 3568 subeuntes

608 3609 934 3674 excepturi:
966 3619 1030 3658 ac
1075 3603 1130 3657 in
1173 3603 1488 3673 phalangem
1538 3603 1795 3672 ordinati,
1858 3604 2075 3659 voluere
2115 3611 2174 3657 ut

609 3697 834 3762 auxilia,
865 3705 974 3749 tum
1009 3704 1104 3764 pro
1130 3708 1208 3760 se,
1247 3705 1357 3750 tum
1390 3709 1487 3763 pro
1512 3697 1685 3764 prada
1712 3710 1873 3765 quam
1908 3697 2170 3761 fecerant,

607 3786 818 3853 primos
863 3782 1093 3855 impetus
1139 3783 1778 3842 sustinerent..Validum
1807 3787 2078 3856 utrimque
2114 3788 2172 3841 lit

608 3877 870 3946 pretium.
900 3874 1236 3944 Complures
1256 3875 1482 3930 Romani
1523 3876 1776 3944 praeclare
1799 3877 1956 3931 factis
1991 3876 2060 3930 ibi
2090 3877 2172 3930 in-

611 3971 878 4032 claruere,
911 3975 1070 4036 atque
1096 3965 1150 4021 iu
1181 3966 1368 4036 primis
1393 3967 1703 4040 imperator.
1738 3964 1990 4022 Hostibus
2027 3966 2168 4020 enim

610 4058 853 4112 cominus
875 4056 1072 4110 acriter
1100 4057 1436 4126 urgentibus,
1474 4061 1590 4124 ipse
1622 4055 1863 4113 invectus
1883 4055 2038 4110 hasta
2059 4056 2170 4111 dis-

608 4146 769 4202 solvit
833 4144 1103 4200 conl‘ertos
1157 4144 1506 4214 pugnantium
1539 4144 1798 4209 ordines;
1854 4159 2028 4216 neque
2056 4145 2169 4199 sin-

605 4239 826 4310 gulatim
879 4237 1159 4300 duntaxat,
1219 4237 1313 4291 sed
1360 4244 1414 4291 et
1455 4236 1612 4292 binos
1655 4236 1815 4292 simul
1879 4237 2166 4301 interdum,

603 4330 790 4384 multis
843 4341 1026 4383 eorum
1079 4325 1250 4381 caesis.
1322 4325 1400 4381 ita
1428 4328 1629 4381 invicto
1668 4327 1920 4397 principis
1968 4328 2164 4398 impetu

2284 533 2394 584 τῶν
2430 533 2556 586 καθ’
2581 536 2728 604 ἡμᾶς
2755 535 2973 605 ἔμελεν,
3001 533 3172 599 εἶπεν,
3199 538 3297 591 οὐκ
3326 539 3393 592 ἂν
3419 539 3448 592 ὅ
3478 556 3537 590 τε
3567 541 3852 608 Δεμνίτζι-

2284 639 2382 685 κος
2413 623 2557 684 ἐάλω
2589 623 2751 693 (οὕτω
2778 625 2888 695 γὰρ
2917 626 2978 678 τὸ
3011 630 3120 689 τοῖς
3165 628 3419 693 Σκύθαις,
3465 628 3651 699 ῶσπερ
3691 631 3849 698 είρηο

2282 717 2409 772 ται,¹
2458 714 2676 784 αἱρεθέν
2733 715 3049 785 ὠνομάζετο
3105 719 3411 787 φρούριον),
3464 721 3555 771 καὶ
3603 721 3672 771 τά
3721 720 3845 770 καθ’

2283 803 2431 871 ἡμᾶς
2465 805 2602 875 πρὸς
2636 805 2744 860 τῶν
2775 806 3081 877 Βαρϐάρων
3121 807 3243 860 κατ’
3286 806 3535 871 ἐξουσίαν
3571 809 3731 878 ῆγετό
3784 824 3847 859 τε

2283 895 2376 946 καὶ
2430 897 2681 965 ἐφέρετο.
2725 915 2746 948 ι
2798 898 3028 966 Λέγεται
3065 898 3242 952 τοίνυν
3282 899 3417 968 πρὸς
3451 899 3619 951 ταῦτα
3651 899 3845 968 διηγα-

2282 986 2596 1053 νακτηκότα
2625 985 2716 1038 τὸν
2749 986 2976 1055 βασιλέα
3007 1006 3026 1038 ι
3065 988 3176 1042 Ναὶ
3204 988 3291 1057 δὴ,
3326 989 3516 1055 φάναι,
3547 988 3620 1058 μὴ
3646 988 3715 1041 ἂν
3739 990 3845 1040 αύ-

2282 1077 2374 1138 τδς
2407 1076 2568 1144 εἵην,
2621 1071 2665 1145 ᾦ
2721 1079 2791 1132 τὰ
2855 1079 3145 1148 Ῥωμαίων
3207 1079 3389 1133 θεόθεν
3445 1080 3846 1147 ἐπιτέτραπται

2283 1168 2611 1235 πράγματα,
2641 1170 2692 1221 εί
2729 1169 2804 1238 μὴ
2830 1169 3027 1222 αὐτίκα
3052 1168 3160 1222 τῶν
3189 1169 3608 1240 τετολμημένων
3635 1170 3844 1224 Σκύθαι
3879 1169 3882 1172 ’

2281 1255 2513 1310 δώσουσι
2551 1259 2728 1320 δίκας.
2765 1279 2783 1310 ι
2814 1261 2906 1312 Διὸ
2927 1260 2989 1329 δὴ
3024 1259 3086 1312 τὸ
3111 1259 3210 1329 μὲν
3235 1260 3416 1312 λοιπὸν
3446 1260 3536 1312 τοῦ
3581 1259 3846 1328 στρατεύο

2286 1363 2459 1416 ματος
2492 1347 2658 1401 αύτοῦ
2689 1365 2794 1400 που
2823 1351 2917 1402 καὶ
2946 1351 3039 1404 ἐπὶ
3086 1355 3208 1416 ταῖς
3243 1351 3428 1421 ὄχθαις
3479 1353 3844 1420 ἐνστρατοπε-

2280 1438 2604 1508 δευσόμενον
2627 1439 2830 1505 ἔλιπεν,
2849 1442 3009 1504 αὐτὸς
3039 1443 3095 1496 δὲ
3121 1444 3226 1496 τῶν
3244 1443 3378 1496 νεῶν
3392 1442 3452 1495 οὔ
3463 1460 3564 1507 πω,
3587 1442 3733 1496 καθά
3752 1459 3843 1511 τερ

2281 1531 2496 1599 εἴρηται
2529 1532 2877 1600 ἀφικομένων
2903 1532 3029 1596 τοὺς
3059 1533 3291 1602 λέμϐους
3315 1533 3559 1603 ἀλλήλοις
3577 1533 3844 1604 ξυνδήσας

2281 1621 2378 1673 καὶ
2415 1622 2800 1690 ἁρμοσάμενος
2831 1625 2930 1676 σὺν
2961 1625 3338 1687 πεντακοσίοις
3363 1625 3470 1676 τῶν
3503 1624 3638 1692 ἀμφ’
3675 1624 3845 1675 αὑτὸν

2282 1711 2374 1763 τὸν
2414 1711 2626 1782 Ἴστρον
2675 1713 2826 1784 διέϐη
2877 1730 2892 1745 ·
2931 1702 3139 1785 μέλλων
3202 1732 3261 1768 τε
3320 1714 3647 1783 ἐπίπροσθεν
3701 1713 3844 1764 ίέναι

2281 1801 2438 1854 δυσὶν
2469 1802 2649 1866 ἄλλοις
2684 1804 3002 1873 ἐντυγχάνει
3044 1806 3307 1872 ποταμοῖς
3344 1803 3714 1872 ναυσιπόροις.
3751 1802 3843 1862 '0;

2279 1890 2374 1947 οὖν
2403 1894 2614 1964 οὖδαμῆ
2658 1895 2951 1964 λεμϐάδιον
2995 1896 3227 1949 ἐνταῦθα
3259 1895 3582 1962 διεφαίνετο,
3613 1887 3657 1962 ᾧ
3706 1896 3848 1965 χρή-

2283 2003 2436 2039 σαιτο
2477 1987 2544 2041 ἀν
2575 2004 2660 2050 τις
2689 1990 2748 2052 ἐς
2786 1989 2886 2059 τὴν
2927 1989 3252 2059 περαίωσιν,
3289 1988 3510 2041 ἐκέλευε
3550 1987 3845 2057 τοῖςπερὶ

2279 2078 2445 2132 αὐτὸν
2487 2082 2603 2141 τοῖς
2618 2080 2741 2132 μτῶν
2798 2078 2983 2133 ἵππων
3020 2081 3262 2150 οὐραίοις
3308 2082 3377 2134 τὰ
3405 2075 3499 2133 ἐπὶ
3535 2081 3612 2150 τῷ
3639 2081 3845 2150 Ἴστρῳ

2279 2169 2482 2224 ἀκάτια
2540 2155 2904 2242 ξυνδῆσαντας
2943 2172 3025 2235 είς
3058 2173 3184 2236 τοὺς
3220 2173 3544 2242 εἰρημένους
3577 2173 3840 2241 μετάγειν

2276 2252 2390 2306 τῶν
2442 2249 2727 2328 ποταμῶν.
2789 2252 2863 2308 Οὗ
2919 2255 3206 2322 γεγονότος
3258 2257 3494 2324 ἀμογητὶ
3542 2255 3837 2317 διέῦαινον,

2278 2339 2460 2411 χῶρόν
2509 2340 2568 2393 τέ
2621 2357 2742 2394 τινα
2789 2341 2997 2412 δολιχὸν
3028 2341 3414 2411 διαμείψαντες
3447 2344 3575 2411 ἄχρι
3609 2342 3704 2396 καὶ
3742 2342 3842 2394 ἐπὶ

2275 2431 2401 2499 ὅρος
2418 2429 2573 2482 τένου
2587 2431 2755 2497 ὅρμον
2783 2425 2968 2508 ἦλθον,
2987 2432 3121 2501 ὅπερ
3145 2430 3311 2500 ἀγχοῦ
3339 2430 3446 2483 τῶν
3461 2429 3836 2500 Ταυροσκυθιο

2279 2523 2385 2590 κῆς
2402 2521 2570 2592 ὁρίων
2591 2521 2795 2591 ἀνέχει.
2831 2520 3000 2573 Ἔνθα
3025 2521 3083 2573 τὸ
3102 2521 3212 2574 τῶν
3229 2520 3450 2574 Σκυθῶν
3472 2519 3840 2589 στρατόπεδον

2278 2614 2489 2684 ἀνδρῶν
2521 2613 2872 2667 παντάπασιν
2902 2613 3110 2683 ἔρημον
3132 2612 3427 2684 εὑρηκότες
3457 2609 3841 2682 (ᾤχοντογὸρ

2275 2706 2336 2757 οὺ
2364 2705 2547 2773 πολλῷ
2579 2703 2850 2774 πρότερον
2894 2704 3172 2773 ἀπιόντες)
3207 2703 3539 2772 προσωτέρω
3568 2701 3836 2771 ἐχώρουν.

2289 2792 2442 2846 Ἐπεὶ
2473 2792 2526 2846 δὲ
2554 2793 2697 2861 ἀμφὶ
2732 2793 2907 2862 μέσην
2933 2791 3145 2862 ἡμέραν
3178 2790 3276 2862 ἤδη
3309 2785 3377 2861 ἦιν
3408 2791 3501 2844 καὶ
3543 2790 3714 2851 οὐδεὶς
3740 2789 3838 2842 οὐ·

2273 2882 2419 2952 δαμῆ
2451 2882 2728 2951 πολεμίων
2762 2881 3103 2949 διεφαίνετο,
3136 2879 3348 2941 Σκύθας
3383 2880 3507 2940 τοὺς
3532 2879 3648 2950 ὅσοι
3691 2876 3836 2931 Ῥω-

2277 2974 2460 3045 μαίοις
2489 2972 2909 3043 ξυνεστράτευον
2956 2971 3360 3040 ἀπολεξάμενος
3409 2968 3657 3039 βασιλεὺς
3698 2970 3836 3022 ὑπο-

2277 3063 2672 3136 στρατηγοῦντι
2722 3063 3014 3134 Γιφάρδῳ,
3062 3061 3223 3133 ἀνδρὶ
3278 3061 3530 3132 πολέμων
3571 3062 3836 3131 ἐμπείρῳ

2276 3153 2508 3216 πολλῶν,
2561 3153 2760 3214 αὐτοὺς
2818 3153 2918 3224 μὲν
2985 3153 3159 3206 ὀπίσω
3203 3150 3312 3204 τῶν
3359 3149 3633 3217 πολεμίων
3689 3150 3833 3202 ἰέναι

2273 3245 2541 3316 ἐπεμψεν,
2571 3243 3067 3314 ίχνοσκοπήσοντάς
3095 3260 3160 3320 ,τε
3196 3243 3289 3295 καὶ
3318 3243 3423 3313 ὅπη
3444 3241 3644 3294 δυνατά
3671 3240 3834 3295 ἔσται

2274 3337 2718 3408 μαχησομένους,
2771 3335 2934 3398 αὐτὸς
2989 3335 3046 3388 δέ
3082 3333 3317 3387 κατόπιν
3367 3333 3662 3402 ἐπορεύετο
3705 3349 3836 3403 σχο-

2271 3429 2569 3498 λαιότερον.
2595 3429 2708 3480 Οὐκ
2739 3429 2820 3488 είς
2861 3427 3080 3497 μακρὰν
3107 3421 3202 3479 οὖν
3229 3426 3258 3478 ὁ
3285 3425 3556 3495 Γιφάρδος
3584 3425 3698 3487 τοῖς
3731 3441 3836 3478 που

2270 3519 2484 3586 λεμίοις
2529 3514 2941 3584 ἐντετυχηκὼς,
2979 3515 3168 3585 ἐπειδὴ
3202 3515 3277 3586 μὴ
3311 3515 3536 3584 ἐθάρρει
3570 3517 3637 3584 τῇ
3685 3530 3833 3583 συμ-

2273 3608 2404 3678 ϐολῇ
2443 3607 2526 3678 (τὸ
2553 3606 2660 3676 γὰρ
2694 3606 3001 3676 Βαρϐάρων
3042 3607 3245 3676 πλῆθος
3285 3606 3521 3676 ἀριθμοῦ
3571 3610 3834 3675 κρεῖσσον

2273 3699 2422 3768 αὐτῷ
2482 3693 3086 3767 κἀτεφάνη),’πέμψας
3131 3697 3224 3749 ἐπὶ
3267 3696 3355 3749 τδν
3400 3695 3621 3766 βασιλέα
3669 3697 3832 3765 ἥκειν

2271 3792 2436 3845 αὐτὸν
2470 3790 2570 3860 τὴν
2600 3790 2864 3860 ταχίστην
2893 3790 3084 3843 ἐδεῖτο.
3132 3787 3313 3843 Ταῦτα
3341 3786 3526 3857 ἐπειδὴ
3570 3787 3834 3855 βασιλεὺς

2270 3883 2528 3953 ἤκουσεν,
2560 3875 2720 3944 αὑτός
2745 3897 2807 3934 τε
2837 3881 2976 3952 πρὸς
3004 3881 3116 3942 τοῖς
3143 3878 3326 3942 ὅπλοις
3364 3879 3560 3932 αὐτίκα
3603 3873 3834 3945 ἐγένετο

2273 3976 2366 4031 καὶ
2431 3976 2493 4029 τὸ
2563 3973 2878 4043 στράτευμα
2938 3970 3234 4037 ἐξώπλιστο
3278 3970 3442 4023 ἅπαν.
3513 3969 3718 4022 Ὀπίσω
3765 3986 3830 4022 τε

2270 4064 2494 4119 Σκυθῶν
2557 4049 2848 4126 διώξαντες
2898 4058 2978 4122 είς
3030 4060 3236 4128 χεῖρας,
3266 4057 3364 4128 ήδη
3418 4052 3582 4126 ἦλθον
3617 4058 3827 4119 αὐτοῖς.

2269 4155 2474 4208 Σκύθαι
2507 4153 2688 4206 τοίνυν
2723 4152 2785 4204 τὸ
2825 4151 2925 4220 μὲν
2957 4149 3175 4220 πρῶτον
3211 4147 3445 4218 ἔστησάν
3481 4164 3540 4200 τε
3575 4148 3650 4207 ὡς
3683 4149 3826 4202 ὐπο-

2269 4246 2544 4314 δεξύμενοι
2573 4243 2711 4310 σφᾶς
2750 4242 2848 4294 καὶ
2874 4243 2932 4303 ἐς
2967 4239 3221 4308 φάλαγγα
3252 4236 3541 4308 ταξάμενοι
3567 4238 3829 4308 βοήθειαν

2273 4335 2422 4403 σφῶν
2446 4350 2504 4387 τε
2535 4332 2716 4386 αὐτῶν
2749 4334 2844 4384 καὶ
2885 4322 2964 4384 ὧν
3006 4329 3274 4400 ἐπήγοντο
3309 4327 3566 4399 λαφύρων
3605 4345 3827 4403 προπο-

606 4420 940 4488 proturbatis
981 4417 1243 4484 hostibus,
1297 4416 1524 4473 Romani
1573 4419 1778 4495 viribus
1834 4419 2057 4490 integris
2087 4421 2166 4474 in-

2275 4425 2476 4481 νεῖσθαι
2503 4423 2712 4495 ἡθελον,
2739 4423 2774 4492 ἦ
2803 4439 2861 4474 τε
2905 4420 3144 4489 ξυμϐολὴ
3199 4421 3535 4490 ἑκατέρωθεν
3572 4421 3666 4474 σὺν
3693 4421 3830 4473 ὠθι-

604 4524 877 4583 gruentes,
913 4521 1078 4566 totam
1102 4510 1270 4565 aciem
1289 4523 1597 4579 perrupere.
1621 4507 1844 4563 Plurimi
1863 4517 1983 4564 tuin
2018 4511 2166 4564 ceci-

607 4609 732 4660 dere
759 4603 1140 4668 Barbarorum,
1203 4611 1416 4657 centum
1447 4601 1666 4654 circiter
1714 4601 1878 4674 capti,
1915 4602 2079 4670 atque
2114 4602 2164 4656 in

608 4696 674 4750 iis
733 4695 994 4755 Lazarus.
1049 4694 1216 4748 animi
1248 4696 1438 4748 robore
1486 4700 1766 4761 praestans,
1791 4698 1844 4746 et
1868 4691 2008 4745 inter
2032 4689 2165 4764 Scy-

608 4786 776 4839 thicos
813 4786 1135 4857 phylarchos
1187 4785 1532 4852 conspicuus.
1588 4781 1846 4850 Reliquos
1896 4796 2162 4851 equorum

604 4877 775 4929 virtus
814 4884 867 4928 et
912 4878 1074 4931 densa
1149 4877 1433 4940 montium,
1465 4876 1555 4943 qui
1578 4872 1878 4943 complures
1907 4873 1979 4928 ibi
2014 4883 2156 4940 sunt,

604 4977 926 5030 servavere’;
963 4967 1188 5020 Romani
1230 4976 1430 5030 autem,
1455 4974 1739 5034 postquam
1778 4974 1968 5018 cuncta
1991 4964 2161 5033 pabu-

527 5047 533 5053 ’
605 5060 892 5115 lationibus
946 5061 1378 5129 absumpserant,
1423 5070 1569 5114 retro
1620 5061 1811 5114 deinde
1862 5069 2160 5116 cesserunt.

605 5153 722 5217 Quo
751 5161 858 5206 tum
909 5162 1151 5218 tempore
1184 5149 1341 5204 Sotas
1403 5151 1509 5213 ille,
1547 5163 1706 5219 quem
1726 5165 1920 5218 genere
1948 5160 2001 5204 et
2031 5150 2166 5204 divi-

2268 4517 2390 4588 σμῷ
2439 4518 2530 4571 καὶ
2564 4515 2654 4585 βία
2677 4513 2905 4581 ἐγίνετο.
2934 4514 3063 4565 Ὅτε
3089 4511 3151 4582 δὴ
3182 4512 3365 4563 πολλοὶ
3400 4511 3496 4580 μὲν
3527 4510 3625 4562 καὶ
3667 4512 3824 4564 ἄλλοι

2275 4609 2569 4677 Ῥωμαίων
2634 4605 2830 4674 ἄνδρες
2890 4605 3139 4672 ἐγένοντο
3202 4601 3419 4670 ἀγαθοὶ,
3465 4600 3718 4671 βασιλεὺς
3762 4603 3822 4655 δὲ

2263 4697 2479 4750 πάντων
2510 4692 2873 4765 μάλιστα.-[Ρ.
2899 4689 2988 4764 55]
3015 4691 3133 4744 Τῶν
3160 4692 3266 4762 γὰρ
3292 4691 3564 4762 πολεμίων
3589 4692 3821 4759 ἔγγιστα

2264 4789 2605 4856 ἐγκειμένων
2640 4784 2894 4856 ἰσχυρῶς,
2923 4785 3088 4846 αὐτὸς
3127 4785 3225 4837 σὺν
3255 4784 3331 4854 τῷ
3360 4785 3545 4854 δόρατι
3588 4783 3824 4836 ἐπελαύ-

2265 4897 2372 4932 νων
2415 4881 2507 4930 τὸν
2553 4879 2933 4947 συνασπισμὸν
2983 4877 3167 4937 αὐτοῖς
3221 4876 3393 4939 ἔλυεν,
3443 4879 3504 4929 οὺ
3547 4874 3671 4930 καθ’
3721 4875 3821 4928 ινα

2269 4967 2450 5036 μόνον,
2468 4964 2584 5016 ἀλλ’
2605 4963 2706 5033 ήδη
2733 4965 2825 5016 καὶ
2844 4963 3035 5017 σύνδυο
3057 4962 3284 5025 πολλοὺς
3307 4963 3529 5016 ἐκείνων
3562 4964 3824 5016 ἀποκτιν-

2261 5058 2374 5119 νύς.
2404 5055 2568 5108 ’ὐθεν
2612 5055 2704 5106 καὶ⁸
2750 5053 2827 5124 τῷ
2859 5055 3217 5124 ἀνυποστάτῳ
3254 5054 3352 5123 τῆς
3401 5053 3665 5124 βασιλέως
3711 5071 3821 5112 παι

2267 5144 2718 5216 ρακεκινημένων
2777 5144 2977 5215 ὁρμῆς.
3042 5143 3304 5214 Ῥωμαῖοι
3371 5144 3823 5215 ὁλοσχερέστερον

2264 5240 2385 5292 κατ’
2419 5236 2598 5290 αὐτῶν
2628 5235 3006 5304 ἐπιϐρίσαντες
3044 5235 3299 5304 λαμπρὰν
3331 5235 3431 5306 ἤδη
3465 5236 3564 5305 τὴν
3599 5237 3823 5302 ἐπαγω.

607 5244 694 5298 tiis
751 5242 1172 5313 prapollentem,
1231 5253 1288 5294 ut
1341 5242 1593 5307 diximus,
1637 5250 1889 5310 ceperant
1931 5240 2164 5312 Scythae,

885 5318 1152 5396 ccasioue,
1185 5331 1305 5400 luga
1342 5331 1392 5384 in
1417 5341 1591 5385 castra
1625 5331 1887 5401 pervenit.
2271 5331 2372 5401 γὴν
2404 5328 2642 5380 ἐποίουν.
2673 5326 2866 5378 Πολλοὶ
2892 5327 2986 5393 μὲν
3017 5322 3108 5380 οὖν
3134 5325 3431 5396 Βαρϐάρων
3456 5327 3652 5381 ἔπεσον
3673 5367 3690 5392 ,
3722 5327 3820 5381 ἐά-

603 5346 813 5400 arrepta
842 5333 1152 5396 occasione,
1185 5331 1305 5400 luga
1342 5331 1392 5384 in
1417 5341 1591 5385 castra
1625 5331 1887 5403 pervenit.

602 5423 781 5476 λωσαν
806 5422 860 5476 δὲ
892 5427 986 5477 καὶ
1013 5427 1089 5488 είς
1119 5423 1309 5476 ἑκατὸν
1342 5422 1608 5493 μάλιστα,
1651 5425 1709 5476 ἐν
1739 5421 1823 5485 οἷς
1852 5423 1949 5477 καὶ
2009 5421 2260 5490 Λάζαρος
2297 5417 2388 5490 ἦν,
2435 5420 2573 5490 ἀνὴρ
2639 5419 2731 5471 ἐπὶ
2791 5419 3040 5472 πλεῖστον
3083 5418 3180 5489 μὲν
3221 5419 3464 5488 ἀνδρείας
3514 5418 3686 5488 ἥκων,
3726 5419 3821 5472 ἐπὶ

598 5515 714 5577 τοῖς
738 5518 801 5567 ἐν
845 5517 997 5583 σφίσι
1035 5517 1330 5586 φυλάρχοις
1375 5514 1716 5577 ἀπόϐλεπτος
1779 5513 1854 5566 ὢν
1889 5529 1902 5542 ·
1935 5514 2062 5574 τοὺς
2108 5512 2152 5564 δ’
2194 5511 2384 5572 ἄλλους
2408 5512 2590 5564 ἵππων
2614 5528 2671 5563 τε
2702 5513 2869 5581 ἀρετὴ
2930 5512 3021 5564 καὶ
3080 5511 3136 5564 τὸ
3198 5512 3304 5564 τῶν
3341 5512 3484 5581 ὀρῶν
3521 5511 3822 5564 διεσώσατο

599 5609 808 5672 λάσιον,
839 5607 874 5659 ἃ.
903 5606 1028 5675 τῇδε
1066 5607 1231 5658 πολλὰ
1264 5606 1662 5677 παρατέταται,
1717 5605 1976 5676 Ῥωμαῖοι
2036 5606 2093 5658 δὲ
2151 5607 2215 5658 τὰ
2258 5606 2323 5656 ὲκ
2353 5603 2632 5675 προνομῆς
2661 5604 2976 5675 ἀνελόμενοι
3003 5603 3176 5657 πάντα
3201 5605 3376 5659 ὀπίσω
3413 5605 3597 5658 λοιπὸν
3617 5603 3824 5673 ἀνεχώ-

604 5714 750 5766 ρουν,
800 5697 887 5748 ὅτε
921 5695 986 5763 δὴ
1013 5697 1107 5747 καὶ
1137 5697 1305 5757 Σόιας
1344 5699 1574 5759 ἐκεῖνος,
1607 5696 1665 5748 ὃν
1699 5695 1911 5765 πλούτῳ
1963 5713 2021 5748 τε
2060 5695 2157 5748 καὶ
2193 5695 2365 5761 γένει,
2397 5692 2644 5764 καθάπερ
2679 5695 2913 5765 εἴρηται,
2938 5695 3277 5765 διενεγκόντα
3331 5694 3822 5768 ἀνδραποδισθῆναι

603 5789 836 5852 Σκύθαις
897 5786 1117 5858 ξυνέϐη,
1161 5787 1342 5850 ἀδείας
1391 5788 1688 5860 λαϐόμενος
1741 5788 1917 5856 φυγὰς
1967 5789 2057 5840 ἐπὶ
2091 5787 2150 5839 τὸ
2192 5785 2555 5855 στρατόπεδον
2584 5781 2739 5858 ἦλθε.
