3968 6326
606 303 709 368 ιεει

1857 301 2178 366 ῙΟΑΝΝΙΒ
2208 301 2541 366 'ClNNAMI

3731 304 3836 372 4⁸⁸4

609 417 830 487 Scythis
874 424 1086 488 captum
1118 414 1288 470 fuisse
1307 423 1544 470 castrum
1577 413 1855 484 diximus),
1883 430 2054 482 neque
2083 412 2177 469 res

2284 410 2435 471 σιλέα
2469 419 2928 490 μεταπέμπεσθαι
2958 422 3146 476 τοῦτον
3176 423 3412 488 ἀκούων,
3465 443 3484 475 ι
3528 426 3588 478 ΕΞ
3636 427 3843 494 βασιιεί

608 515 810 560 nostra:
846 505 935 559 hic
966 521 995 559 a
1045 504 1302 559 Barbarie
1333 504 1555 571 direptae
1595 519 1690 574 pro
1724 504 1876 559 lihitu
1911 514 1964 559 et
1988 505 2180 558 ablatae

607 593 857 649 fuissent.
902 611 922 645 ι
981 590 1062 648 Ad
1096 595 1210 648 hac
1259 593 1409 648 aiunt
1452 594 1784 664 indignatum
1838 596 2182 663 respondisse

605 683 904 754 principem
946 700 961 737 :
993 702 1011 734 ι
1055 682 1168 737 Non
1197 683 1298 736 sim
1327 697 1427 752 ego
1457 682 1564 754 ille,
1597 685 1681 736 cui
1717 684 1978 738 divinitus
2001 697 2031 736 a
2069 682 2178 739 Deo

606 773 864 828 col-latum
917 783 995 826 est
1027 770 1393 825 Romanorum
1419 751 1739 840 imperium,
1765 772 1866 825 nisi
1896 771 2178 826 confestim

607 862 847 914 audaciae
871 858 981 930 94
1008 871 1197 928 ptenas
1227 846 1477 912 dederint
1500 859 1736 927 Scythae.
1780 876 1800 911 ι
1839 859 2181 928 QuaprOpter

611 952 878 1020 reliquum
931 949 1200 1004 exercitus
1247 964 1312 1003 eo
1352 948 1471 1012 loci,
1499 957 1552 1000 et
1579 951 1644 1002 ad
1673 952 1815 1017 ripas
1850 958 2030 1004 castra
2067 965 2180 1004 me-

610 1053 782 1098 tatum
815 1042 1051 1110 reliquit.
1083 1040 1203 1110 Ipse
1275 1040 1398 1108 quia
1432 1041 1690 1104 nondum,
1723 1041 1802 1093 uti
1828 1039 2032 1095 dictmn
2073 1051 2180 1107 est,

609 1138 951 1195 advenerant
1004 1141 1190 1198 naves,
1259 1133 1458 1203 aptatis
1509 1134 1872 1201 connexisque
1935 1133 2184 1187 inter'se

611 1226 827 1290 lembis,
886 1239 1008 1277 cum
1064 1224 1396 1291 quingentis,
1459 1222 1622 1277 exiis
1678 1222 1767 1290 qui
1803 1221 1901 1276 sibi
1932 1224 2178 1287 aderant,

609 1313 804 1370 Istrum
852 1315 1163 1384 superavit:
1199 1327 1429 1380 cumque
1483 1312 1622 1365 ultra
1678 1312 1836 1367 vellet
1861 1313 2178 1380 procedere,

616 1411 669 1462 in
734 1410 868 1462 duos
898 1391 1033 1460 alios
1095 1405 1430 1475 navigabiles
1495 1398 1686 1458 ﬂuvios
1717 1403 1929 1458 incidit.
1953 1405 2024 1459 Ut
2053 1419 2181 1458 vero

609 1500 815 1556 nullum
851 1499 922 1554 ibi
971 1497 1218 1566 apparuit
1261 1496 1552 1564 navigium,
1576 1509 1683 1563 quo
1717 1494 1781 1548 ad
1813 1494 2180 1563 tt‘ajectionem

611 1601 879 1656 uteretur,
932 1590 1043 1659 suis
1074 1586 1379 1656 imperavit,
1411 1595 1467 1638 ut
1518 1585 1784 1638 actuarias
1813 1599 1930 1652 qua:
1959 1583 2011 1636 in
2042 1583 2181 1637 Istro

541 1672 545 1677 ’
609 1691 767 1738 erant
793 1679 947 1749 equis
968 1679 1271 1748 alligarent,
1302 1686 1463 1744 atque
1515 1675 1587 1728 ita
1619 1676 1683 1727 ad
1708 1673 1900 1728 ﬂuvios
1933 1685 2180 1728 transve-

610 1740 974 1837 herent-Quo
1004 1740 1164 1831 iacto,
1221 1740 1389 1822 nullo
1422 1767 1606 1821 labore
1666 1764 2010 1834 traiecerunt.
2039 1764 2180 1820 Loco
2211 1740 2255 1795 Β

609 1862 801 1918 deinde
821 1860 1056 1929 spatioso
1074 1857 1408 1921 transmisso,
1439 1855 1504 1909 ad
1537 1866 1771 1909 montem
1808 1870 1979 1923 usque
2003 1855 2178 1924 (τένου

608 1950 830 2024 ὅρμον),
877 1948 970 2019 qui
1029 1946 1462 2028 Tauroscytbica:
1515 1944 1710 2000 ﬁnibus
1749 1946 2184 2014 adjacet,perve-

611 2063 761 2104 nere.
789 2049 866 2102 ibi
893 2061 1014 2102 cum
1047 2058 1212 2098 vacua
1241 2054 1579 2113 prorsus-ac
1610 2042 1820 2096 deserta
1850 2042 2182 2097 invenissent

611 2136 937 2209 Scytharum
989 2141 1169 2190 castra
1231 2137 1377 2201 (nam
1403 2129 1474 2184 illi
1529 2131 1688 2200 paulo
1727 2140 1851 2185 ante
1877 2146 1936 2187 se
1966 2133 2181 2192 indere-

612 2228 894 2301 ceperant)
923 2227 1148 2283 ulterius
1197 2225 1635 2297 progrediuntur.
1691 2224 1866 2280 Medio
1892 2235 2068 2280 autem
2094 2227 2182 2282 die

609 2330 730 2376 cum
783 2335 850 2374 ex
907 2309 1156 2373 hostibus
1211 2331 1369 2372 nemo
1423 2325 1728 2387 appareret,
1786 2315 2036 2389 Scythas,
2087 2306 2177 2388 qui

609 2407 867 2462 [inmanis
890 2407 1212 2471 militabant,
1243 2406 1420 2476 seligit
1469 2407 1783 2474 imperator,
1821 2413 1875 2460 et
1897 2406 2177 2476 Giphartlo

609 2499 772 2560 duce,
818 2495 936 2550 viro
995 2499 1072 2552 rei
1129 2498 1373 2551 militaris
1433 2496 1784 2566 peritissimo,
1843 2497 2027 2564 mittit,
2060 2506 2174 2550 uta

611 2599 765 2656 tergo
823 2586 1138 2642 insisterent
1158 2587 1447 2656 ﬁestibus,
1505 2588 1632 2642 etsi
1667 2587 1887 2642 daretur
1940 2589 2174 2653 occasio,

609 2690 804 2743 manus
842 2684 1212 2740 consererent,
1261 2675 1387 2729 dum
1419 2674 1563 2744 -ipse
1591 2676 1735 2730 lento
1773 2677 1977 2731 interea
2008 2679 2174 2746 gradu

611 2765 1053 2835 subsequeretur.
1122 2762 1368 2818 Nondum
1410 2764 1698 2834 plurimum
1770 2775 2178 2834 consumpserat

609 2856 819 2912 itineris
847 2853 1173 2923 Giphardus,
1203 2869 1323 2909 cum
1351 2854 1407 2908 in
1445 2855 1628 2909 hostes
1676 2855 1881 2910 incidit.
1906 2856 2012 2911 Sed
2041 2872 2177 2926 pra:-

608 2949 736 3003 lium
761 2944 1097 3002 committere
1137 2959 1240 3000 non
1263 2959 1446 3012 ausus,
1478 2947 1618 3014 quod
1643 2945 1799 3016 longe
1831 2948 2175 3002 numerosior

611 3040 974 3098 Barbarorum
1009 3038 1113 3093 sibi
1147 3037 1423 3106 videretur
1455 3038 1619 3103 acies,
1675 3037 2053 3107 imperatorem
2079 3053 2175 3107 per
2199 3063 2245 3125 ε

613 3129 850 3194 nuntios,
903 3136 962 3182 ut
1009 3126 1296 3183 confestim
1346 3125 1457 3198 95
1487 3127 1790 3192 accederet,
1846 3126 2171 3195 sollicitavit.

613 3220 710 3277 liis
762 3221 1020 3290 acceptis,
1073 3233 1220 3273 arma
1275 3219 1533 3272 continuo
1582 3217 2041 3296 induitprinceps,
2088 3233 2176 3272 ar-

614 3312 1063 3378 maturperinde
1108 3319 1162 3363 et
1228 3317 1374 3364 totus
1410 3309 1701 3363 exercitus.
1761 3308 1879 3363 Mox
1947 3323 1976 3361 a
2025 3319 2175 3376 tergo

609 3402 838 3473 Scythas
883 3400 1045 3455 simul
1099 3400 1296 3464 udOl‘ll,
1364 3411 1486 3456 cum
1517 3398 1584 3453 iis
1634 3413 1824 3453 manus
1861 3409 2172 3454 conserunt.

608 3492 792 3546 Primo
852 3490 1063 3561 quidem
1130 3499 1326 3545 stetere
1377 3488 1611 3559 Scytha,
1671 3490 1819 3544 velut
1875 3490 2172 3546 subeuntes

609 3568 936 3652 excepturi:-
968 3597 1032 3637 ac
1076 3582 1132 3635 in
1175 3581 1490 3651 phalangem
1540 3580 1796 3650 ordinati,
1860 3582 2077 3636 voluere
2118 3589 2176 3634 ut

611 3676 835 3740 auxilia,
866 3683 975 3728 tum
1011 3683 1106 3742 pro
1132 3686 1211 3738 se,
1250 3683 1359 3728 tum
1392 3687 1488 3741 pro
1514 3676 1687 3743 praeda
1714 3688 1874 3743 quam
1910 3674 2172 3739 fecerant,

609 3764 819 3832 primos
864 3760 1095 3834 impetus
1141 3761 1780 3820 sustinerent..\'alidum
1809 3765 2081 3834 utrimque
2116 3765 2174 3818 iit

610 3855 871 3924 praelium.
901 3853 1238 3922 Complures
1258 3853 1484 3909 Romani
1525 3855 1778 3923 praeiere
1802 3855 1958 3909 factis
1992 3853 2061 3908 ibi
2092 3855 2174 3907 in-

613 3949 880 4010 claruere,
912 3954 1072 4015 atque
1099 3945 1153 3999 in
1183 3945 1370 4014 primis
1395 3945 1706 4020 imperator.
1740 3942 1992 3999 Hostibus
2028 3944 2170 3997 enim

612 4036 856 4090 cominus
877 4034 1075 4088 acriter
1102 4035 1438 4104 urgentibus,
1477 4040 1592 4103 ipse
1624 4033 1865 4091 invectus
1886 4032 2040 4088 hasta
2061 4033 2172 4088 dis-

610 4125 771 4181 solvit
834 4122 1105 4178 confertos
1160 4122 1509 4193 pugnantium
1541 4123 1800 4186 ordines;
1856 4136 2029 4192 neque
2057 4123 2170 4176 sin-

607 4217 828 4288 gulatim
881 4215 1162 4278 duntaxat,
1222 4214 1316 4269 sed
1363 4222 1417 4269 et
1459 4214 1614 4269 binos
1656 4213 1817 4269 simul
1880 4213 2168 4279 interdum,

605 4308 792 4362 multis
845 4319 1030 4361 eorum
1081 4303 1254 4359 caesis.
1325 4303 1631 4358 ltainvicto
1669 4304 1922 4375 principis
1970 4305 2167 4376 impetu

2283 510 2394 562 τῶν
2429 511 2556 564 καθ’
2581 513 2728 580 ἡμᾶς
2755 512 2973 582 ἔμελεν,
3000 510 3171 576 εἶπεν,
3198 515 3296 568 οὐκ
3325 515 3391 568 ἂν
3418 516 3446 568 ὃ
3477 532 3535 567 τε
3565 517 3843 584 Δεμνίτξιο

2284 616 2382 662 κος
2413 600 2557 680 εάλω
2588 600 2751 670 (οὕτω
2777 601 2888 672 γὰρ
2917 603 2977 655 τὸ
3011 606 3119 666 τοῖς
3164 605 3417 669 Σκύθαις,
3463 604 3651 675 ὥσπερ
3691 607 3841 674 ετρη-

2281 706 2394 749 ται,
2457 691 2675 761 αίρεθὲν
2733 692 3048 762 ὠνομάζετο
3103 696 3410 764 φρούριον),
3463 697 3553 747 καί
3601 698 3672 748 τὰ
3720 696 3838 747 καθ’

2282 780 2430 848 ἡμᾶς
2465 781 2601 852 πρὸς
2636 782 2744 837 τῶν
2776 782 3080 854 Βαρϐάρων
3120 784 3242 836 κατ’
3285 783 3535 848 ἐξουσίαν
3570 785 3731 854 ῆγετό
3782 801 3839 836 τε

2283 873 2376 924 καὶ
2431 874 2681 942 ἐφέρετο.
2725 892 2745 924 ι
2798 875 3028 942 Λέγεται
3064 874 3242 929 τοίνυν
3282 875 3415 944 πρὸς
3449 875 3618 928 ταῦτα
3652 875 3837 943 διηγα-

2282 964 2595 1030 νακτηκότα
2623 963 2716 1015 τὸν
2748 963 2975 1032 βασιλέα
3006 982 3025 1014 ι
3065 965 3174 1019 Ναὶ
3203 964 3291 1034 δὴ,
3325 965 3514 1032 φάναι,
3546 964 3621 1035 μὴ
3649 964 3715 1018 ἂν
3739 966 3838 1016 αύ-

2282 1054 2374 1116 τὺς
2407 1053 2567 1121 εἵην,
2621 1048 2665 1122 ᾧ
2721 1055 2791 1108 τὰ
2854 1056 3144 1125 Ῥωμαίων
3205 1056 3388 1109 θεόθεν
3444 1056 3839 1123 ἐπιτέτραπται

2283 1144 2612 1212 πράγματα,
2641 1147 2692 1198 εί
2729 1145 2804 1215 μὴ
2831 1146 3027 1199 αὐτίκα
3051 1145 3159 1198 τῶν
3188 1147 3607 1216 τετολμημένων
3636 1146 3838 1198 Σκύθαι
3868 1145 3874 1150 ⁷

2281 1233 2512 1288 δώσουσι
2551 1236 2728 1297 δίκας.
2765 1256 2783 1287 ι
2814 1237 2906 1290 Διὸ
2927 1237 2988 1306 δὴ
3023 1236 3085 1288 τὸ
3110 1235 3210 1305 μὲν
3233 1236 3416 1288 λοιπὸν
3445 1235 3536 1288 τοῦ
3581 1235 3840 1304 στρατεύο

2287 1340 2459 1393 ματος
2492 1324 2658 1378 αύτοῦ
2689 1342 2793 1377 που
2822 1327 2916 1379 καὶ
2945 1328 3038 1380 ἐπὶ
3085 1331 3207 1392 ταῖς
3243 1327 3426 1396 δχθαις
3478 1330 3839 1396 ἐνστρατοπε-

2280 1415 2604 1486 δευσόμενον
2628 1416 2830 1482 ἔλιπεν,
2849 1418 3008 1480 αὐτὸς
3039 1419 3094 1473 δὲ
3120 1421 3225 1473 τῶν
3243 1419 3377 1471 νεῶν
3390 1418 3451 1472 οὗ
3461 1436 3565 1483 πω,
3587 1418 3733 1471 καθά
3750 1435 3800 1469 τε
3809 1435 3837 1486 ρ

2281 1507 2496 1576 εἴρηται
2530 1509 2877 1577 ἀφικομένων
2903 1509 3028 1572 τοὺς
3058 1509 3290 1578 λέμϐους
3314 1509 3560 1579 ἀλλήλοις
3577 1509 3839 1579 ξυνδήσας

2281 1597 2379 1649 καὶ
2415 1599 2800 1667 ἁρμοσάμενος
2831 1601 2930 1653 σὺν
2962 1601 3337 1663 πεντακοσίοις
3361 1601 3470 1652 τῶν
3502 1600 3640 1668 ἀμφ’
3676 1600 3840 1651 αὑτὸν

2282 1687 2374 1739 τὸν
2415 1687 2627 1759 Ἴστρον
2675 1690 2826 1760 διέϐη
2877 1706 2892 1720 ·
2931 1677 3139 1761 μέλλων
3201 1708 3261 1744 τε
3320 1690 3649 1760 ἐπίπροσθεν
3701 1689 3839 1740 ἰέναι

2281 1777 2439 1831 δυσὶν
2470 1779 2649 1842 ἄλλοις
2684 1781 3002 1848 ἐντυγχάνει
3045 1782 3307 1849 ποταμοῖς
3345 1779 3714 1848 ναυσιπόροις.
3752 1778 3837 1838 Ὠς

2279 1867 2376 1924 οὖν
2404 1870 2614 1940 οὐδαμῆ
2659 1871 2951 1940 λεμϐάδιον
2995 1871 3227 1925 ἐνταῦθα
3260 1871 3582 1939 διεφαίνετο,
3613 1863 3659 1937 ᾧ
3707 1871 3843 1941 χρή-

2283 1979 2437 2016 σαιτο
2478 1964 2545 2017 άν
2575 1981 2660 2027 τις
2689 1967 2748 2028 ἐς
2786 1965 2886 2035 τὴν
2927 1965 3252 2034 περαίωσιν,
3290 1964 3510 2018 ἐκέλευε
3551 1962 3839 2034 τοῖςπερὶ

2281 2055 2446 2108 αὐτὸν
2488 2058 2603 2117 τοῖς
2620 2056 2742 2108 τῶν
2799 2054 2983 2110 ἵππων
3021 2056 3263 2126 οὐραίοις
3308 2058 3376 2112 τά
3403 2050 3499 2110 ἐπὶ
3535 2057 3613 2126 τῷ
3640 2057 3840 2126 Ἰατρῳ

2279 2145 2483 2200 ἀκάτια
2541 2131 2906 2218 ξυνδὴσαντας
2943 2148 3025 2211 είς
3058 2149 3185 2211 τοὺς
3221 2148 3544 2219 εἰρημένους
3579 2148 3837 2217 μετάγειν

2277 2229 2390 2283 τῶν
2445 2223 2728 2305 ποταμῶν.
2790 2227 2864 2285 Οὖ
2919 2231 3206 2298 γεγονότος
3258 2232 3495 2300 ἀμογητὶ
3542 2231 3833 2292 διέϐαινον,

2279 2315 2461 2387 χῶρόν
2509 2316 2569 2369 τέ
2622 2333 2742 2369 τινα
2790 2317 2998 2388 δολιχὸν
3029 2317 3414 2387 διαμείψαντες
3448 2318 3576 2387 ἄχρι
3610 2317 3705 2372 καὶ
3743 2319 3838 2369 ἐπὶ

2276 2408 2400 2476 ὅρος
2418 2405 2574 2459 τένου
2589 2407 2756 2474 ὅρμον
2785 2401 2968 2486 ἦλθον,
2988 2408 3122 2478 ὅπερ
3145 2406 3312 2475 ἀγχοῦ
3339 2406 3446 2466 τῶν
3461 2405 3833 2476 Ταυροσκυθιο

2279 2499 2385 2567 κῆς
2403 2498 2571 2568 ὁρίων
2591 2498 2796 2568 ἀνέχει.
2832 2496 3000 2550 Ἔνθα
3025 2497 3084 2550 τὸ
3103 2497 3213 2550 τῶν
3230 2496 3450 2550 Σκυθῶν
3473 2495 3837 2565 στρατόπεδον

2278 2591 2490 2661 ἀνδρῶν
2522 2591 2873 2644 παντάπασιν
2903 2589 3111 2660 ἔρημον
3133 2589 3428 2660 εὑρηκότες
3459 2584 3838 2658 (ᾤχοντογάρ

2276 2683 2336 2734 ού
2365 2682 2549 2750 πολλῷ
2580 2680 2851 2751 πρότερον
2895 2680 3173 2750 ἀπιόντες)
3207 2679 3539 2750 προσωτέρω
3568 2677 3834 2748 ἐχώρουν.

2290 2769 2443 2824 Ἐπεὶ
2474 2770 2528 2823 δὲ
2555 2770 2698 2838 ἀμφὶ
2733 2769 2908 2838 μέσην
2933 2768 3147 2839 ⁴ἡμέραν
3179 2767 3278 2840 ἥδη
3310 2762 3378 2838 ἦιν
3409 2767 3501 2820 καὶ
3543 2766 3717 2828 οὐδεὶς
3744 2765 3836 2818 ού·

2273 2859 2421 2929 δαμῆ
2453 2858 2729 2929 πολεμίων
2763 2858 3105 2926 διεφαίνετο,
3136 2855 3350 2918 Σκύθας
3383 2856 3507 2917 τοὺς
3532 2855 3650 2926 ὅσοι
3696 2853 3835 2908 Ῥω·

2278 2951 2461 3022 μαίοις
2490 2949 2910 3020 ξυνεστράτευον
2957 2948 3361 3016 ἀπολεξάμενος
3410 2944 3660 3016 βασιλεὺς
3701 2946 3836 2999 ὕπο-

2279 3040 2674 3113 στρατηγοῦντι
2723 3039 3016 3110 Γιφάρδῳ,
3064 3038 3224 3109 ἀνδρὶ
3279 3037 3531 3107 πολέμων
3570 3038 3835 3107 ἐμπείρῳ

2277 3130 2509 3193 πολλῶν,
2562 3129 2762 3190 αὐτοὺς
2820 3129 2920 3200 μὲν
2979 3130 3160 3183 ὀπίσω
3205 3127 3313 3181 τῶν
3360 3125 3635 3193 πολεμίων
3691 3126 3833 3179 tam

2273 3221 2542 3293 επεμψεν,
2571 3220 3069 3291 ίχνοσκοπήσοντάε
3097 3236 3161 3296 re
3198 3219 3290 3272 καὶ
3319 3218 3424 3289 ὅπη
3445 3218 3646 3270 δυνατά
3675 3217 3834 3274 ἔσται

2276 3313 2720 3385 μαχησομένους,
2773 3312 2936 3375 αὐτὸς
2991 3312 3048 3365 δὲ
3083 3309 3318 3364 κατόπιν
3368 3309 3664 3379 ἐπορεύετο
3708 3325 3838 3379 σχο-

2272 3407 2571 3476 λαιότερον.
2597 3406 2710 3458 Οὐκ
2740 3405 2821 3466 είς
2863 3403 3082 3474 μακρὰν
3110 3398 3203 3456 οὖν
3232 3403 3259 3454 ὁ
3287 3401 3557 3472 Γιφάρδος
3586 3402 3700 3464 τοῖς
3735 3417 3836 3455 ποο

2271 3496 2485 3564 λεμίοις
2531 3492 2908 3561 ἐντετυχηκὼς
2929 3532 2943 3555 ,
2980 3491 3170 3562 ιπειδὴ
3204 3491 3279 3562 μὴ
3313 3491 3538 3562 ἐθάρρει
3572 3493 3639 3560 τῇ
3690 3507 3834 3559 συμ-

2275 3586 2405 3656 ϐολῇ
2445 3585 2528 3656 (τὸ
2556 3584 2662 3653 γάρ
2695 3583 3003 3654 Βαρϐάρων
3044 3584 3246 3652 πλῆθος
3286 3582 3523 3653 ἀριθμοῦ
3573 3586 3836 3652 κρεῖσσον

2275 3676 2424 3746 αύτῷ
2484 3671 3088 3745 κἀτεφάνη),’πέμψας
3133 3675 3225 3725 ἐπὶ
3269 3673 3357 3726 τὸν
3402 3671 3623 3742 βασιλέα
3672 3674 3834 3742 ἥκειν

2273 3769 2439 3822 αὑτὸν
2473 3768 2572 3837 τὴν
2602 3767 2866 3837 ταχίστην
2895 3767 3085 3820 ἐδεῖτο.
3133 3763 3314 3819 Ταῦτα
3343 3762 3529 3834 ἐπειδὴ
3572 3764 3836 3832 βασιλεὺς

2272 3861 2530 3930 ἤκουσεν,
2562 3851 2722 3921 αὑτός
2747 3875 2808 3910 τε
2839 3858 2976 3928 πρὸς
3005 3858 3119 3918 τοῖς
3145 3855 3328 3919 ὅπλοις
3366 3855 3562 3909 αὐτίκα
3606 3850 3836 3922 εγενετο

2275 3953 2369 4008 καὶ
2433 3953 2496 4006 τὸ
2565 3950 2880 4020 στράτευμα
2940 3946 3236 4014 egenum
3280 3947 3444 4000 ἅπαν.
3515 3945 3722 3999 Ὀπίσω
3769 3962 3834 3998 τε

2272 4040 2496 4095 Σκυθῶν
2559 4023 2850 4103 διώξαντες
2899 4036 2980 4099 είς
3031 4037 3238 4104 χεῖρας,
3268 4033 3366 4105 ήδη
3421 4029 3586 4103 ἦλθον
3620 4035 3831 4096 αὐτοῖς.

2272 4131 2477 4185 Σκύθαι
2509 4130 2690 4183 τοίνυν
2725 4129 2788 4180 τὸ
2827 4127 2928 4196 μὲν
2959 4125 3177 4197 πρῶτον
3213 4124 3447 4194 ἔστησάν
3483 4141 3543 4177 τε
3578 4125 3652 4184 ὡς
3688 4126 3830 4178 ὑπο-

2271 4222 2548 4290 δεξάμενοι
2575 4220 2713 4287 σφᾶς
2752 4219 2850 4271 καὶ
2876 4219 2933 4280 ἐς
2969 4216 3223 4284 φάλαγγα
3255 4212 3544 4284 ταξάμενοι
3570 4214 3833 4284 βοήθειαν

2277 4311 2424 4380 σφῶν
2449 4327 2508 4364 τε
2538 4309 2718 4363 αὐτῶν
2752 4310 2845 4361 καὶ
2887 4299 2966 4360 ὧν
3007 4305 3276 4377 ἐπήγοντο
3311 4303 3569 4375 λαφύρων
3610 4321 3832 4378 προπο-

609 4397 942 4466 proturbatis
984 4395 1246 4462 hostibus,
1301 4394 1526 4450 Romani
1575 4396 1781 4473 viribps
1836 4396 2059 4468 integris
2089 4398 2168 4451 in-

2276 4402 2480 4458 νεϊσθαι
2506 4399 2714 4472 ἤθελον,
2742 4399 2777 4468 ἧ
2805 4415 2864 4451 τε
2908 4396 3147 4465 ξυμϐολὴ
3201 4397 3538 4467 ἑκατέρωθεν
3574 4397 3668 4450 σὺν
3699 4397 3834 4450 ὠθι-

607 4502 880 4561 gruentes,
916 4499 1081 4543 totam
1105 4489 1273 4543 aciem
1293 4501 1600 4557 perrupere.
1623 4484 1847 4540 Plurimi
1865 4495 1985 4540 tum
2020 4487 2168 4542 ceci-

609 4587 734 4638 dere
761 4581 1143 4646 Barbarorum,
1206 4589 1418 4634 centum
1450 4579 1668 4632 circiter
1717 4579 1879 4650 capti,
1917 4580 2082 4648 atque
2116 4579 2167 4633 in

610 4674 676 4728 iis
735 4673 997 4733 Lazarus.
1052 4671 1219 4726 animi
1251 4673 1441 4724 robore
1488 4677 1769 4738 praestans,
1793 4676 1845 4723 et
1870 4669 2010 4723 inter
2034 4667 2167 4741 Scy-

2270 4494 2393 4564 σμῷ
2442 4494 2534 4547 καὶ
2567 4492 2656 4562 βίᾳ
2680 4490 2908 4558 ἐγίνετο.
2937 4490 3065 4542 Ὅτε
3091 4489 3154 4559 δὴ
3184 4489 3366 4540 πολλοὶ
3402 4487 3499 4557 μὲν
3536 4486 3629 4539 καὶ
3669 4488 3830 4541 ἄλλοι

2278 4585 2572 4654 Ῥωμαίων
2637 4581 2832 4650 ἄνδρες
2893 4581 3142 4648 ἐγένοντο
3205 4578 3421 4647 ἀγαθοὶ,
3467 4577 3724 4648 βασιλεὺς
3770 4579 3829 4632 δὲ

2265 4675 2482 4727 πάντων
2513 4668 2876 4741 μάλισταρμ).
2902 4666 2991 4740 55]
3018 4667 3136 4720 Τῶν
3162 4668 3269 4738 γὰρ
3295 4667 3566 4739 πολεμίων
3591 4668 3829 4735 ἔγγιστα

611 4764 780 4817 thicos
816 4763 1138 4834 phylarchos
1191 4761 1534 4830 conspicuus.
1591 4758 1848 4828 Reliquos
1899 4773 2165 4828 equorum

2276 4765 2608 4834 ἐγκειμένων
2643 4760 2897 4832 ἰσχυρῶς,
2927 4761 3092 4823 αὐτὸς
3130 4761 3233 4813 σὺν
3257 4760 3333 4830 τῷ
3363 4761 3548 4831 δόρατι
3589 4761 3830 4813 ἐπελαύ-

607 4855 779 4907 virtus
818 4862 871 4906 et
915 4855 1077 4909 densa
1152 4853 1436 4917 montium,
1469 4853 1558 4920 qui
1581 4849 1880 4920 complures
1910 4851 1981 4905 ibi
2016 4861 2159 4918 sunt,

607 4955 929 5008 servavere“,
967 4944 1192 4997 Romani
1233 4953 1435 5008 autem,
1459 4951 1742 5011 postquam
1781 4952 1971 4996 cuncta
1994 4941 2163 5010 pabu-

530 5025 536 5033 ’
607 5038 895 5093 lationibus
950 5039 1381 5107 absumpserant,
1428 5047 1573 5092 retro
1623 5039 1814 5091 deinde
1865 5046 2162 5094 cesserunt.

608 5131 726 5195 Quo
755 5140 862 5184 tum
913 5140 1155 5196 tempore
1188 5127 1345 5182 Sotas
1406 5128 1513 5190 ille.
1551 5141 1710 5197 quem
1729 5143 1923 5196 genere
1951 5136 2003 5181 et
2034 5127 2169 5181 divi-

611 5223 698 5276 tiis
755 5220 1175 5291 prapolientem,
1235 5230 1292 5272 ut
1345 5220 1597 5285 diximus,
1640 5227 1892 5288 ceperant
1934 5218 2167 5289 Scythae,

606 5323 818 5378 arrepta
846 5295 1155 5373 occasione,
1189 5308 1309 5377 luga
1346 5308 1396 5361 in
1421 5319 1595 5363 castra
1628 5309 1890 5381 pervenit.

2268 4874 2374 4910 νων
2418 4857 2510 4907 τὸν
2555 4855 2936 4922 συνασπισμὸν
2987 4853 3170 4913 αὐτοῖς
3223 4852 3396 4914 ἔλυεν,
3445 4855 3507 4905 οὐ
3550 4850 3673 4904 καθ’
3728 4852 3828 4904 ἕνα

2273 4944 2452 5013 μόνον,
2471 4940 2588 4993 ἀλλ’
2608 4940 2709 5010 ήδη
2736 4941 2829 4992 καὶ
2847 4939 3038 4994 σύνδυο
3060 4938 3287 5001 πολλοὺς
3310 4939 3533 4992 ἐκείνων
3565 4940 3832 4992 ἀποκτιν-

2263 5036 2377 5097 νύς.
2407 5031 2571 5085 Ὅθεν
2615 5032 2707 5083 καὶ
2753 5030 2830 5100 τῷ
2863 5031 3221 5101 ἀνυποστάτῳ
3257 5030 3356 5099 τῆς
3403 5029 3668 5099 βασιλέως
3716 5047 3828 5089 πα-

2270 5121 2721 5193 ρακεκινημένων
2779 5121 2980 5192 ὁρμῆς.
3045 5120 3308 5190 Ῥωμαῖοι
3375 5120 3831 5190 ὀλοσχερᾶστερον

2267 5217 2388 5269 κατ’
2421 5213 2600 5267 αὐτῶν
2630 5211 3010 5280 ἐπιϐρίσαντες
3047 5211 3302 5281 λαμπρὰν
3333 5212 3433 5282 ήδη
3468 5213 3566 5281 τὴν
3602 5213 3832 5278 ἑπαγω.

2274 5307 2376 5377 γὴν
2407 5304 2645 5357 ἐποίουν.
2676 5303 2869 5355 Πολλοὶ
2895 5303 2989 5370 μὲν
3021 5299 3112 5356 οὖν
3138 5301 3434 5372 Βαρϐάρων
3459 5303 3655 5356 ἔπεσον
3674 5342 3691 5368 ,
3727 5303 3827 5357 ἐά-

606 5401 785 5454 λωσαν
809 5399 864 5454 δὲ
897 5403 989 5454 καὶ
1016 5405 1093 5465 είς
1122 5401 1313 5453 ἑκατὸν
1347 5399 1612 5470 μάλιστα,
1655 5403 1712 5452 ὲν
1742 5398 1826 5462 οἷς
1855 5400 1952 5454 καὶ
2012 5399 2262 5467 Λάζαρος
2300 5393 2391 5467 ἦν,
2437 5397 2576 5467 ἀνὴρ
2641 5396 2734 5448 ἐπὶ
2794 5396 3044 5449 πλεῖστον
3087 5395 3184 5465 μὲν
3225 5395 3468 5465 ἀνδρείας
3518 5395 3687 5464 ἥκων,
3731 5395 3829 5448 ἐπὶ

601 5491 718 5554 τοῖς
741 5495 805 5544 ἐν
849 5493 1000 5559 σφίσι
1038 5493 1335 5564 φυλάρχοις
1380 5490 1719 5554 ἀπόϐλεπτος
1782 5489 1857 5542 ὧν
1892 5505 1906 5519 °
1939 5491 2066 5551 τοὺς
2111 5489 2155 5541 δ’
2197 5489 2388 5548 ἄλλου;
2411 5489 2592 5541 ῐππων
2617 5505 2674 5541 τε
2705 5489 2873 5558 ἀρετὴ
2934 5489 3026 5541 καί
3083 5489 3140 5540 τὸ
3202 5489 3308 5541 τῶν
3344 5488 3488 5558 ὀρῶν
3524 5486 3830 5540 διεσώσατο

602 5585 813 5650 λάσιον,
843 5583 878 5636 ἃ
907 5583 1033 5652 τῇδε
1070 5585 1236 5636 πολλά
1269 5583 1665 5654 παρατέταται.
1720 5581 1979 5652 Ῥωμαῖοι
2040 5583 2096 5635 δὲ
2153 5583 2218 5635 τά
2261 5583 2327 5633 ὲκ
2357 5580 2636 5652 προνομῆς
2665 5581 2979 5651 ἀνελόμενοι
3006 5581 3180 5634 πάντα
3205 5582 3379 5635 ὀπίσω
3416 5581 3597 5634 λοιπὸν
3618 5579 3833 5650 ἀνεκώ·

607 5691 754 5744 ρουν,
804 5675 891 5726 ὅτε
925 5673 991 5741 δὴ
1018 5675 1112 5725 καὶ
1141 5674 1309 5735 Σόιας
1349 5676 1578 5736 ἐκεῖνος,
1610 5673 1669 5725 ὃν
1702 5671 1915 5743 πλούτῳ
1967 5690 2025 5724 τε
2064 5672 2160 5726 καὶ
2196 5673 2369 5738 γένει,
2399 5669 2648 5742 καθάπερ
2682 5672 2916 5742 εἴρηται,
2942 5672 3280 5741 διενεγκόντα
3334 5669 3830 5744 ἀνδραποδισθῆναι

606 5767 841 5830 Σκύθαις
901 5763 1122 5836 ξυνέϐη,
1166 5765 1346 5827 ἁδείας
1395 5765 1692 5836 λαϐόμενος
1745 5765 1922 5834 φυγὰς
1970 5766 2060 5818 ἐπὶ
2094 5765 2153 5816 τὸ
2195 5762 2558 5832 στρατόπεδον
2588 5758 2742 5835 ἦλθε.
