3968 6326
637 294 738 359 ίδ3

633 404 797 459 fratre
846 416 1033 473 nepos,
1075 401 1165 470 qui
1201 401 1432 471 primus,
1485 408 1542 451 ιιι
1606 399 1778 462 alunt,
1829 397 2198 451 Andronicum

2306 395 2693 464 περιεστῶτες,

629 492 987 573 adverterat),
1021 500 1079 545 ut
1103 491 1271 561 igitur
1298 491 1350 544 id
1378 489 1511 543 vidit
1553 488 1916 551 Andronicus,
1940 486 2201 540 continuo

633 590 697 642 in
748 600 920 658 genua
966 582 1137 638 ﬂexus
1191 595 1489 637 exonerare
1538 595 1597 636 se
1656 579 1833 634 alvum
1892 578 2198 642 simulavit,

638 675 871 745 indeque
905 676 1105 729 sensim
1150 684 1295 728 retro
1318 675 1518 727 cedens
1554 670 1708 725 abiit.
1740 670 1816 724 Ita
1863 678 2092 725 conatus
2125 669 2199 722 illi

631 765 964 834 consiliaque
979 762 1270 817 Andronici
1289 776 1578 819 evanuere.
1601 762 1752 817 Brevi
1769 760 2055 830 interiecto
2072 770 2202 814 tem-

628 870 760 927 pore
775 870 897 910 cum
926 855 1134 952 maiore
1174 855 1479 909 Isaurorum
1521 870 1682 910 manu
1720 856 1785 910 ad
1814 854 2199 922 imperatorem

628 943 1030 1017 proﬂciscitur.‘
1062 945 1214 1011 Quod
1268 945 1358 998 ubi
1408 944 1715 1000 nuntiatum
1740 953 1829 999 est
1853 946 2107 1010 Augustae
2136 943 2201 997 ab

644 1037 836 1093 Alexio
865 1036 1195 1106 imperatorii
1230 1033 1422 1088 stabuli
1455 1035 1710 1103 praefecto
1734 1037 2200 1106 (protestratorem

630 1125 683 1179 id
716 1127 958 1181 numeris
1007 1135 1204 1180 vocant
1235 1124 1521 1188 Romani),
1559 1126 1773 1193 quiu..m
1823 1126 2093 1192 extemplo
2144 1121 2199 1175 in

630 1206 823 1286 primis'
856 1217 1142 1284 expeditus
1182 1228 1277 1269 eas
1316 1215 1542 1269 insidias
1589 1212 1821 1283 principi
1872 1213 2202 1267 indicaturus

631 1308 907 1363 mittitur:
956 1321 1188 1375 moxque
1240 1304 1416 1369 lsacb,
1460 1305 1615 1371 quia
1669 1303 1925 1358 barbaris
1967 1304 2202 1357 ducebat

641 1413 829 1469 genus.
864 1397 1190 1467 caeteroquin
1238 1395 1376 1448 [idus
1413 1408 1535 1448 cum
1580 1395 1818 1449 maxime
1860 1392 2198 1465 imperatori,

628 1504 753 1544 cum
785 1488 1059 1556 ltrecentis
1103 1488 1328 1544 armatis
1384 1486 1452 1540 ad
1486 1496 1608 1541 eum
1649 1486 1857 1555 pariter
1899 1486 2199 1553 proﬁt-isci-

630 1590 739 1633 tur.
772 1579 878 1634 Sed
913 1580 1235 1651 priusquam
1257 1579 1324 1633 ad
1356 1577 1531 1632 locum
1570 1577 1723 1632 lsaclt
1776 1579 2105 1645 perveniret,
2143 1594 2199 1630 re

1919 290 2237 350 JOANNIS
2275 288 2601 349 CINNAMI

2748 398 2805 445 iv
2857 387 2938 457 οἷς
2992 394 3088 447 καὶ
3130 395 3381 466 Ἰωάννης
3423 389 3492 466 ἦν
3535 394 3564 445 ὀ
3593 394 3848 463 βασιλέως

2300 486 2642 554 ἀδελφιδοῦς,
2670 488 2910 556 πρῶτος.
2955 487 3107 554 φασὶ,
3140 487 3230 538 τὸν
3275 487 3610 559 ’Δνδρόνικον
3634 487 3851 539 ἐπιόντα

2303 576 2503 645 εἰδὼς),
2537 578 2613 641 ὠς
2640 574 2733 631 οὖν
2763 579 2905 647 ἔγνω
2932 578 3103 631 ταῦτα
3136 577 3163 628 ό
3206 578 3565 650 Ἀνδρόνικος,
3604 578 3697 630 ἐπὶ
3730 578 3850 644 γόνυ
3936 610 3937 615 η

2302 668 2507 732 κλιθεὶς
2550 668 2641 721 τὸν
2701 668 2799 737 τῆς
2845 670 3080 739 γαστρὸς
3126 669 3284 739 δῆθεν
3328 671 3645 741 ἀποκρίνειν
3691 686 3853 740 προσ·

2304 764 2542 814 εποιεῖτε
2577 760 2969 839 σκυϐαλισμὸν,
2997 764 3138 816 οὕτω
3168 780 3227 815 τε
3267 764 3407 817 κατὰ
3437 764 3611 836 βραχῦ
3655 764 3852 817 ὑποπο-

2301 850 2455 914 δίσας
2512 852 2681 922 ᾤχετο
2731 847 2928 905 ἀπιών.
2980 853 3088 905 Καὶ
3139 853 3224 920 τὰ,
3263 853 3365 922 μὲν
3408 855 3510 923 τῆς
3564 853 3849 922 ἐπιϐουλῆς

2302 942 2519 1010 ἐκείνης
2574 942 2811 996 ἐνταῦθα
2850 944 3057 999 ἐλύετο.
3127 944 3323 1015 Ὀλίγῳ
3372 945 3430 998 δὲ
3484 945 3712 1017 ὕστερον
3764 946 3852 998 σὺν

2303 1034 2554 1087 πλείοσιν
2593 1032 2858 1101 Ἰσαύρων
2890 1033 3035 1104 ἐξῄει
3060 1035 3278 1107 νύκτωρ
3306 1036 3396 1088 ἐπὶ
3440 1035 3664 1105 βασιλέα
3708 1036 3852 1089 στελ-

2300 1125 2526 1197 λόμενος
2570 1139 2585 1154 ⁶
2639 1119 2812 1195 οὗπερ
2871 1126 3231 1194 ἀγγελθέντος
3308 1132 3374 1198 τῇ
3440 1126 3675 1197 βασιλίδι
3727 1126 3854 1197 πρὸς

2313 1217 2581 1281 Ἀλεξίου,
2646 1216 2707 1280 ὃς
2761 1219 2876 1279 τοῖς
2934 1217 3237 1286 βασιλικοῖς
3275 1220 3475 1289 τηνίκα
3531 1220 3855 1287 ίπποκομίαν

2300 1308 2546 1377 ἐφεστὼς
2596 1303 2667 1377 ἦν
2724 1309 3220 1380 (πρωτοστράτορα
3268 1310 3379 1383 (66)
3426 1310 3586 1365 τοῦτο
3639 1309 3857 1364 καλοῦσι

2312 1400 2573 1469 Ῥωμαῖοι
2616 1400 2677 1452 τὸ
2719 1386 3138 1471 λειτούργημα),
3172 1404 3229 1454 ὲν
3265 1404 3367 1472 μὲν
3414 1404 3493 1473 τῷ
3547 1402 3857 1474 παραυτίκα

2297 1492 2409 1542 τῶν
2457 1504 2543 1552 τις
2600 1487 2988 1559 εύζωνοτέρων
3031 1490 3317 1542 ἐστέλλετο
3368 1490 3625 1559 μηνύσων
3657 1491 3857 1559 βασιλεί

2296 1581 2395 1649 τὴν
2419 1579 2732 1651 ἐπιϐουλήν.
2760 1577 2891 1633 Εἶτα
2940 1581 3196 1648 καὶἸσάχ
3243 1582 3382 1650 ἀνὴρ
3429 1581 3853 1651 βαρϐαρογενὴς,

629 1681 877 1740 percepta
902 1668 1217 1739 imperator,
1240 1669 1398 1741 130
1450 1670 1808 1724 trementibus
1834 1668 1955 1723 aliis
1973 1679 2026 1722 et
2054 1678 2195 1721 metu

2306 1670 2489 1733 εὖνους
2522 1671 2579 1724 δὲ
2613 1669 2828 1741 βασιλεῖ
2855 1672 3092 1740 μάλιστα
3121 1671 3219 1725 σὺν
3251 1672 3618 1741 ὀπλοφοροῠσι
3642 1688 3857 1738 τριακο-

630 1763 995 1820 consternatis
1018 1763 1181 1834 (forte
1214 1764 1359 1816 enim
1396 1762 1474 1815 sic
1523 1777 1688 1816 casus
1719 1761 1926 1816 tulerat‘
1950 1768 2007 1814 ut
2037 1759 2197 1814 mulis

2306 1766 2436 1827 σίοις
2466 1734 2772 1832 ἐπέμπετο.
2818 1734 2961 1815 ’.ἀλλ’
2987 1763 3141 1817 ούπω
3168 1763 3263 1816 τοῦ
3298 1734 3441 1833 Ἰσὲίχ
3460 1734 3564 1816 ’ἐπὶ
3588 1734 3858 1816 τδνντόπον

630 1855 873 1924 plerique
898 1852 1267 1923 veherentur),
1296 1852 1411 1921 ipse
1437 1867 1465 1903 a
1496 1854 1579 1904 vla
1609 1863 1755 1905 recta
1783 1866 1903 1920 quae
1925 1850 1990 1905 ad
2020 1862 2196 1904 castra

628 1955 687 2001 et
714 1943 1123 2013 imperatorium
1157 1943 1564 1999 tabernaculum
1601 1942 1877 2009 tendebat,
1904 1942 2199 1997 deﬂecten-

628 2039 755 2095 dum
806 2038 1055 2106 censuit;
1107 2037 1320 2094 insolita
1372 2048 1554 2092 autem
1600 2047 1657 2092 et
1705 2036 1884 2093 minus
1915 2036 2198 2102 ,tritailln,

633 2144 797 2201 quam
831 2128 1156 2186 ostendebat
1202 2144 1391 2195 manu,
1443 2143 1619 2198 neque
1666 2127 1777 2183 lato
1818 2129 2054 2198 agmine,
2104 2129 2198 2181 sed

632 2206 941 2292 singulatim
1006 2220 1184 2290 spatio
1217 2219 1531 2275 intermisso
1583 2218 1972 2274 incedendum.
2050 2237 2070 2269 ι
2121 2216 2197 2270 Ita

633 2314 777 2367 enim
829 2310 1197 2381 pabulatores,
1245 2310 1440 2380 inquit.
1495 2308 1822 2375 videbimur,
1874 2308 1967 2377 qui
2015 2309 2083 2361 ad
2133 2324 2195 2361 ea

635 2403 861 2459 tendunt
891 2418 1011 2472 quae
1048 2404 1460 2471 conspiciuntur
1482 2402 1735 2456 tentoria.
1761 2420 1781 2454 ι
1815 2400 1909 2455 Sic
1937 2401 2199 2469 intrepide

635 2497 701 2551 ad
756 2495 1164 2550 tabernaculum
1214 2494 1454 2565 perrexit
1514 2493 1786 2564 princeps.
1810 2492 1876 2545 Et
1916 2489 2200 2555 Joannem,

634 2586 797 2657 cujus
824 2600 983 2657 supra
1008 2587 1337 2640 mentionem
1368 2585 1492 2655 feci,
1512 2600 1634 2639 cum
1660 2584 1850 2638 obvius
1879 2597 2009 2651 aper
2031 2583 2203 2636 denti-

641 2678 742 2733 bus
777 2680 1061 2748 laceraret,
1089 2692 1148 2731 ut
1188 2678 1238 2731 id
1265 2677 1505 2742 rescivit,
1531 2677 1788 2730 continuo
1822 2674 1890 2729 ad
1924 2689 2045 2728 cum
2073 2689 2203 2730 con-

635 2783 828 2826 versus
862 2769 1186 2834 revertitur,
1242 2767 1584 2837 peractisque
1629 2767 1698 2821 iis
1737 2780 1856 2833 quae
1891 2764 2200 2819 necessaria

634 2871 792 2917 erant
820 2862 1035 2917 tandem
1059 2862 1290 2915 eat-edit.
1314 2859 1485 2913 Tanta
1504 2868 1700 2933 autem
1736 2856 1902 2910 animi
1938 2857 2202 2925 magnitu-

645 2954 770 3008 dine
802 2960 915 3008 rem
949 2940 1107 3007 istam
1134 2950 1367 3019 accepit,
1402 2959 1461 3003 ut
1490 2964 1558 3003 ne
1604 2948 1755 3002 vultu
1788 2948 2005 3018 quidem
2040 2946 2198 3016 quid-

642 3058 807 3113 quam
842 3042 1338 3097 Andronico’fuerit
1372 3049 1624 3096 testatus.
1660 3039 1730 3093 At
1760 3037 1848 3094 ille
1879 3038 2034 3108 quasi
2062 3036 2213 3092 nihil

641 3150 830 3191 eorum
863 3150 984 3205 qua:
1029 3134 1357 3198 acciderant,
1397 3130 1501 3187 sibi
1548 3129 1838 3196 conscius,
1882 3144 2101 3199 equum,
2130 3128 2201 3184 de

634 3240 745 3296 quo
772 3225 885 3295 jam
913 3224 1142 3293 egimus,
1182 3222 1368 3277 sedulo
1395 3230 1576 3289 curat,
1605 3220 1776 3276 multa
1808 3221 2026 3276 interim
2070 3234 2203 3289 pro-

638 3317 813 3388 palam
852 3317 1110 3371 adversus
1146 3314 1411 3368 Joannem
1448 3312 1732 3383 proferens
1767 3326 1832 3367 ac
1874 3319 2056 3368 mente
2088 3312 2205 3366 vol-

640 3416 795 3457 vens.
832 3401 983 3456 Unde
1010 3411 1258 3471 rogante
1297 3401 1587 3468 aliquando
1618 3402 1886 3472 principe,
1918 3402 2047 3472 quid
2093 3404 2206 3456 haec

641 3489 745 3545 sibi
776 3490 941 3544 vellet
973 3491 1095 3559 equi
1147 3487 1399 3543 aﬂectata
1445 3489 1622 3546 cura?
1673 3508 1690 3541 ι
1726 3490 1815 3557 Ut,
1868 3492 2043 3560 inquit
2091 3491 2202 3557 ille,

640 3579 881 3633 omnium
934 3577 1062 3629 mihi
1114 3576 1465 3630 infensissimi
1515 3577 1689 3633 hostis
1734 3586 1986 3633 truncato
2025 3580 2204 3648 capite

641 3669 823 3722 statim
871 3666 1163 3735 aufugiam,
1198 3686 1215 3718 ι
1274 3671 1340 3723 iis
1369 3668 1622 3725 videlicet
1656 3668 1835 3725 verbis
1876 3673 2194 3739 protoseba-

642 3768 785 3812 stum
848 3759 1095 3816 innuens.
1149 3759 1249 3813 Ubi
1309 3759 1472 3828 igitur
1528 3775 1727 3829 aegrum
1785 3745 2018 3816 amentia
2075 3762 2206 3816 vidit

646 3846 920 3901 hominem
948 3888 962 3913 ,
1018 3864 1045 3901 a
1092 3850 1366 3903 consortio
1407 3863 1506 3904 suo
1558 3859 1859 3916 remotum,
1901 3850 1956 3904 in
2008 3850 2207 3921 palatio

650 3936 1030 3991 includendum
1063 3940 1293 3992 curavit.
1364 3952 1367 3955 '

2298 1857 2570 1921 ἐλθόντος,
2607 1856 2914 1926 πυθόμενος
2944 1858 3043 1928 ήδη
3074 1858 3139 1909 τὺ
3163 1858 3403 1927 πρᾶγμα
3435 1856 3716 1925 βασιλεὺς,
3758 1855 3859 1908 τῶν

2303 1947 2481 2000 ἄλλων
2524 1947 2890 2014 ἀγωνιώντων
2919 1948 3012 1998 καὶ
3049 1948 3583 2017 συνταραττομένων.
3607 1946 3693 2015 ἐφ’
3738 1945 3859 1998 ἐαυ-

2300 2039 2429 2100 τοὺς
2466 2038 2789 2109 (ἐτύγχανον
2812 2040 2923 2107 γὰρ
2948 2040 2998 2090 οἱ
3046 2037 3265 2101 πλείους
3292 2038 3564 2108 ήμιονίοις
3598 2034 3743 2088 οὕτω
3768 2052 3859 2087 τυ·

2300 2130 2396 2198 χον
2424 2127 2793 2199 ἐφεζόμενοι),
2855 2130 3020 2191 αὐτὸς
3065 2129 3269 2199 χρῆναι
3303 2129 3457 2195 ἔλεγε
3511 2128 3613 2197 τῆς
3648 2126 3859 2187 εὐθείας

2298 2217 2734 2284 ἀποσχομένους,
2768 2218 2801 2287 ἢ
2834 2216 2926 2270 ὲπί
2975 2234 3035 2269 τε
3086 2218 3149 2271 τὸ
3210 2218 3575 2287 στρατόπεδον
3628 2216 3727 2269 καὶ
3768 2215 3858 2285 τὴν

2300 2305 2574 2369 βασίλειον
2609 2306 2815 2378 σκηνὴν
2845 2309 2990 2375 ἄγει,
3024 2308 3122 2379 τὴν
3153 2308 3395 2379 ἀσυνήθη
3451 2310 3689 2378 ἐκείνην,
3728 2310 3863 2385 tino-

2299 2398 2480 2461 δείξας
2526 2400 2591 2468 τῇ
2646 2401 2816 2470 χειρὶ,
2870 2400 2966 2453 καὶ
3000 2401 3297 2455 ἄστειπτον
3332 2400 3491 2465 ἰέναι,
3557 2400 3635 2472 μὴ
3687 2401 3861 2470 μέντοι

2301 2484 2446 2538 κατὰ
2477 2485 2709 2549 πλάτος,
2762 2486 2878 2538 ἀλλ’
2911 2486 3176 2563 ἒναοκαίν
3203 2488 3300 2541 ἕνα
3337 2489 3394 2540 ὲν
3439 2488 3725 2541 διαστάσει
3771 2486 3860 2558 τὴν

2312 2577 2547 2645 πορείαν
2592 2577 2941 2646 τιθεμένους.
2973 2597 2991 2629 t
3031 2576 3189 2631 Οὕτω
3228 2577 3360 2650 γὰρ,
3391 2578 3522 2647 ἔφη,
3548 2578 3657 2630 τῶν
3684 2580 3749 2632 ἐκ
3768 2581 3859 2646 τῆς
3936 2580 3937 2587 “

2304 2665 2690 2736 χορταγωγίας
2724 2668 3059 2721 ἐπανιόντων
3109 2668 3368 2737 δόξαιμεν
3416 2663 3563 2720 εἶναι
3596 2684 3745 2730 τινες
3777 2667 3861 2718 ἐπὶ

2304 2758 2515 2827 σκηνάς
2549 2774 2608 2809 τε
2654 2759 2753 2820 τὰς
2786 2758 2912 2827 τῇδε
2956 2757 3290 2827 φαινομένας
3323 2756 3576 2828 χωρεῖν.»
3607 2756 3863 2818 Βασιλεὺς

2304 2852 2404 2920 μὲν
2428 2849 2522 2902 οὖν
2555 2848 2727 2912 οὕτως
2752 2849 3034 2919 ἀτρέστως
3054 2850 3148 2903 ἐπὶ
3180 2850 3281 2921 τὴν
3316 2849 3523 2920 σκηνὴν
3547 2850 3860 2919 ἐπορεύετο.

2313 2941 2570 3009 Ἰωάννην
2599 2941 2658 2994 δὲ
2704 2929 2878 3011 οὗπερ
2922 2941 3050 3010 άρτι
3099 2942 3378 3011 ἐμνήσθην
3407 2941 3505 3005 οὓς
3534 2942 3863 3001 ὑπαντιάσας

2303 3034 2418 3095 τοῖς
2477 3031 2662 3085 ὀδοῦσι
2719 3020 3107 3101 διεσπάραξὲν.
3167 3032 3233 3085 Ὃ
3283 3032 3517 3102 τάχιστα
3564 3032 3861 3103 πυθόμενος

2308 3122 2566 3194 βασιλεὺς
2590 3120 2999 3190 όπισθόρμητος
3039 3119 3129 3174 ἐπ’
3169 3122 3379 3174 ὲκεῖνον
3408 3116 3575 3192 ἦλθεν
3608 3121 3860 3191 ἐπιμελη-

2308 3211 2544 3283 σάμενός
2574 3227 2635 3264 τε
2657 3211 2728 3263 τὰ
2763 3211 2952 3264 εἰκότα
2985 3204 3303 3280 ἀπηλλάγη.
3335 3208 3494 3263 Οὕτω
3535 3211 3721 3280 μέντοι
3768 3226 3859 3279 με·

2307 3302 2637 3373 γαλοψύχως
2687 3301 2765 3371 τῷ
2817 3302 3105 3372 πράγματι
3157 3301 3548 3372 προσηνέχθη,
3606 3301 3683 3364 ὠς
3741 3300 3863 3371 μηδὲ

2307 3396 2436 3467 ἄχρι
2470 3395 2567 3448 καὶ
2602 3393 2911 3464 βλέμματος
2942 3392 3273 3462 Ἀνδρονίκῳ
3314 3393 3746 3464 προσενεχθῆναι
3772 3410 3865 3446 κα·
3936 3458 3937 3461 η

2306 3485 2441 3549 κῶς.
2485 3485 2546 3538 '0
2569 3485 2623 3538 δὲ
2652 3484 2841 3555 ὥσπερ
2887 3484 2997 3537 τῶν
3039 3484 3449 3555 πεπραγμένων
3495 3485 3649 3537 οὐδὲν
3696 3484 3864 3551 ἑαυτῷ

2309 3574 2563 3642 ξυνειδὼς
2603 3576 2699 3628 τοῦ
2753 3593 2811 3627 τε
2872 3579 3038 3628 ἵππου
3082 3576 3140 3631 ὃν
3182 3576 3281 3646 ἤδη
3316 3576 3453 3644 ἔφην
3497 3576 3557 3640 ἐς
3582 3578 3723 3645 ἄγαν
3750 3578 3861 3627 ἑπι-

2304 3670 2616 3740 μεμέληται
2643 3668 2738 3723 καὶ
2766 3666 2935 3731 πολὺς
2969 3664 3038 3738 ἦν
3064 3668 3139 3737 τῷ
3168 3668 3485 3738 φαινομένῳ
3519 3668 3663 3720 κατὰ
3699 3666 3865 3720 Ἰωάν-

2302 3779 2395 3815 νου
2430 3762 2525 3815 acati.
2559 3761 2734 3830 λέγων
2760 3762 2847 3816 ἀεὶ
2873 3761 2964 3813 καὶ
3002 3762 3235 3830 φρονῶν.
3273 3758 3440 3813 Ὅθεν
3481 3760 3575 3811 καὶ
3605 3758 3865 3811 πυνθανο-

2306 3854 2474 3923 μένου
2506 3854 2637 3905 ποτὲ
2665 3852 2760 3905 τοῦ
2795 3852 3060 3922 βασιλέως
3090 3854 3141 3904 τί
3175 3852 3260 3923 [Ρ.
3294 3850 3382 3923 75]
3421 3851 3673 3922 βούλεται
3704 3849 3865 3916 τούτῳ

2304 3944 2375 3999 τὰ
2398 3945 2501 4014 τῆς
2546 3943 2642 3996 τοῦ
2690 3943 2861 3995 ῐππου
2906 3942 3063 3994 τοῦδε
3108 3942 3525 4011 ὲπιμελήσεως;
3577 3960 3596 3992 ι
3644 3941 3735 4004 Ὠς
3781 3940 3861 3999 ἂν,

645 4028 749 4098 ἔφη
798 4030 1027 4091 ἐκεῖνος,
1073 4030 1165 4082 τὸν
1216 4032 1435 4084 πάντων
1469 4030 1591 4101 ἐμοὶ
1633 4026 2493 4106 δυσμενέστατον·τῆς·κιφαλῆς
2555 4036 2890 4105 ἀφελόμενος
2928 4034 3224 4105 οἰχήσομαι
3262 4035 3463 4099 ἀπιὼν,
3503 4053 3522 4086 ι
3552 4035 3641 4087 διὰ
3670 4036 3861 4087 τούτων

644 4119 806 4189 δῆθεν
857 4120 946 4172 τὺν
1002 4121 1461 4190 πρωτοσέὼστον
1507 4124 1903 4193 αἰνιττόμενος.
1970 4125 2061 4187 Ὠς
2118 4126 2212 4181 οὖν
2249 4128 2392 4197 ἔγνω
2457 4116 2719 4183 ἀπόνοιαν
2789 4128 3049 4182 νοσοῦντα
3092 4127 3187 4180 τὸν
3228 4125 3539 4196 ἄνθρωπον,
3591 4126 3862 4182 κοινωνίας

647 4215 896 4284 ἐκτεμὼν
924 4216 1023 4286 τῆς
1060 4215 1224 4270 αὑτοῦ
1256 4216 1569 4287 ἔμφρουρον
1596 4217 1711 4287 (67)
1738 4220 1798 4273 ιν
1831 4219 2081 4290 παλατίῳ
2102 4222 2447 4293 καθίστησιν.

720 4309 808 4363 l9.
845 4307 966 4373 Sic
1007 4307 1095 4363 ille
1142 4310 1195 4363 in
1234 4308 1480 4363 ordinem
1538 4318 1693 4365 actus
1726 4320 1829 4365 est.
1872 4310 1986 4366 Rex
2027 4322 2206 4367 autem
2244 4320 2291 4378 ι)

650 4397 939 4469 Ilungariae
977 4398 1236 4452 nihildum
1266 4398 1491 4454 edoctus
1525 4415 1711 4455 eorum
1756 4414 1878 4469 quae
1900 4400 2211 4457 Andronico

648 4498 959 4555 evenerant,
999 4496 1281 4545 contracto
1322 4504 1388 4545 ex
1432 4490 1668 4546 Tzecbis
1699 4500 1753 4546 et
1796 4488 2109 4567 Saxonibus
2154 4504 2208 4547 et

654 4581 805 4652 131
854 4581 974 4637 aliis
1010 4582 1261 4653 gentibus
1322 4582 1695 4652 compluribus
1741 4584 2022 4647 exercitu.
2079 4584 2210 4639 Bra-

652 4676 899 4728 nizobam
947 4675 1129 4729 urbem
1184 4687 1495 4745 oppugnare
1528 4676 1823 4742 contendit,
1868 4678 2039 4745 pactis
2075 4677 2213 4733 forte

652 4766 947 4831 conlidens,
977 4780 1093 4834 quae
1134 4781 1256 4819 cum
1292 4765 1601 4821 Andronico
1641 4766 1935 4835 pepigerat.
1968 4767 2099 4835 Ejus
2134 4768 2208 4820 rei

652 4858 841 4907 nuntio
864 4852 1267 4925 obstupefactus
1288 4856 1539 4923 princeps
1567 4855 1794 4909 miratus
1816 4865 1899 4908 est
1927 4855 2206 4926 perﬁdiam

654 4946 1054 5014 llungarorum,
1088 4947 1229 5015 quod
1262 4962 1379 5017 quae
1425 4948 1782 5002 sacramentis
1828 4948 1972 5003 baud
2004 4949 2208 5017 pridem

655 5040 998 5093 saneiverant
1032 5040 1178 5093 nulla
1209 5042 1273 5094 de
1297 5055 1459 5096 causa
1491 5040 1893 5109 postbaberent.
1925 5040 2215 5095 Celeritate

656 5132 818 5197 igitur
844 5144 1003 5198 egere
1044 5144 1156 5184 rem
1197 5133 1471 5201 opinatus,
1504 5145 1689 5185 versus
1728 5130 1920 5184 Istrum
1956 5132 2214 5185 continuo

658 5218 762 5271 iter
789 5205 1043 5273 intendit.
1073 5223 1138 5272 At
1168 5236 1288 5274 cum
1335 5221 1499 5275 sciret
1551 5237 1677 5275 suos
1722 5236 2056 5290 nequaquam
2096 5238 2214 5277 esse

661 5308 929 5379 llungaris
954 5328 1108 5379 pares
1137 5313 1357 5383 (quippe
1389 5312 1753 5367 liomanorum
1785 5314 1950 5378 vires,
2001 5312 2215 5367 nemine

2386 4313 2469 4368 ιθ’.
2525 4314 2581 4368 '0
2618 4314 2719 4383 μὲν
2747 4309 2841 4367 οὖν
2865 4316 2928 4366 ὲκ
2963 4312 3492 4380 ποδὼν.ὲγένετο.’0
3521 4312 3580 4366 δὲ
3610 4309 3860 4371 Παιονίας

2319 4406 2419 4477 ρὴξ
2468 4406 2638 4477 μήπω
2674 4423 2727 4458 τι
2778 4406 3132 4473 πεπυσμένος
3188 4404 3298 4457 τῶν
3358 4404 3687 4474 Ἀνδρονίκῳ
3738 4420 3863 4471 συμ-
3936 4416 3937 4421 ‘

2316 4497 2688 4549 πεπτωκότων
2727 4496 2984 4566 δυνάμεις
3016 4496 3079 4548 ἐκ
3126 4513 3185 4548 τε
3234 4497 3454 4566 Τξέχων
3500 4497 3596 4549 καὶ
3630 4496 3860 4563 Σαξόνων

2316 4585 2494 4637 ἄλλων
2525 4600 2584 4635 τε
2618 4584 2888 4637 πλείστων
2919 4584 3098 4654 ἑαυτῷ
3129 4586 3544 4655 συστησάμενος
3579 4588 3751 4640 ἐθνῶν
3791 4586 3861 4646 είς

2316 4673 2415 4744 τὴν
2458 4674 2829 4745 Βρανιτζόὸης
2883 4676 3203 4746 πολιορκίαν
3248 4678 3562 4740 καθίστατο.
3595 4679 3861 4749 ἐπαρθεὶς,

2317 4758 2490 4832 οἶμαι,
2512 4758 2592 4826 οἷς
2620 4764 2957 4833 Ἀνδρόνικος
2990 4766 3136 4835 αὑτῷ
3156 4765 3681 4837 διομολογησάμενος
3700 4769 3858 4837 ἔτυχε.

2317 4856 2533 4909 Τούτων
2571 4856 2822 4924 βασιλεὺς
2860 4858 3097 4921 ἀκούσας
3132 4860 3557 4929 καταπέπληκτο
3595 4862 3696 4929 μὲν
3742 4860 3861 4925 πρὸς

2318 4947 2416 5015 τὴν
2449 4949 2619 5014 ἀκοὴν
2645 4947 2738 4999 καὶ
2775 4946 2872 5017 τὴν
2909 4946 3126 5000 Ούννων
3155 4948 3466 5017 ἐθαύμαζεν
3512 4950 3793 5015 ἀπιστίαν,
3820 4949 3859 4999 εἰ

2316 5038 2424 5088 τῶν
2452 5038 2675 5106 ἔναγχος
2712 5039 2891 5106 σφίσιν
2934 5041 3341 5107 ὀμωμοσμένων
3369 5038 3428 5102 ἐξ
3460 5040 3717 5109 οὐδεμιᾶς
3754 5037 3861 5090 ἁλοο

2319 5132 2547 5195 γησειαν
2625 5128 2850 5188 αῐτὶα;’
2915 5128 3170 5197 ὀξύτητος
3227 5128 3271 5179 δ’
3335 5130 3482 5197 ὅμως
3540 5130 3745 5181 δεῖσθαι
3808 5126 3859 5177 τὸ

2319 5223 2549 5289 πρᾶγμα
2578 5220 3029 5289 βουλευσάμενος,
3070 5220 3268 5273 αὐτίκα
3304 5220 3400 5290 τὴν
3428 5221 3518 5272 ἐπὶ
3556 5222 3648 5273 τὸν
3674 5222 3859 5289 Ἵστρον

2319 5294 2566 5382 ἐφέρετο.
2615 5311 2781 5375 Εἰδὼς
2830 5314 2887 5365 δὲ
2924 5315 3047 5375 τοὺς
3081 5314 3179 5367 σὺν
3220 5312 3368 5381 αὐτῷ
3406 5313 3507 5366 οὐκ
3548 5302 3860 5385 ἀξιομάχους

1936 5534 1939 5537 Α
1981 5472 2067 5531 Du
2099 5469 2320 5547 Cangii
2369 5479 2552 5529 notua.

732 5591 839 5667 (b‘ij)
878 5595 1386 5663 Πρωτυστράτορα.
1416 5594 1489 5667 De
1521 5597 1617 5649 hac
1654 5598 1910 5664 dignitate
1946 5600 2062 5652 vide
2095 5611 2205 5653 net:

2316 5602 2378 5653 ad
2413 5617 2466 5667 ν.
2502 5599 2611 5652 ιατ,

733 5665 838 5733 (G7)
902 5669 1291 5735 "Epgpovpor.
1332 5668 1391 5719 V.
1422 5666 1593 5721 Nicer.
1628 5670 1662 5719 ι.
1701 5683 1780 5728 tu,
1816 5685 1863 5720 ς.
1898 5676 1947 5719 2.
