3958 6324
615 246 743 312 4Ἱ5-
1892 238 2208 304 JOANNIS
2248 239 2574 298 ClNNAMl
3722 243 3837 308 476

617 365 839 421 aliltcia
868 377 962 418 sua
988 363 1108 431 igne
1126 361 1372 416 consumi
1404 371 1708 430 vastarique
1737 371 1790 415 et
1825 362 2021 415 auferri
2056 377 2174 414 om-

2279 353 2500 421 τειχέων
2559 355 2851 408 συνέπεσον
2876 355 3264 424 φεύγουσιν,εοὶ
3291 357 3346 411 δέ
3368 356 3579 428 πρῶτον
3602 357 3715 428 μὲν
3747 357 3838 411 ἐπὶ

577 486 581 488 -
618 453 706 505 nia
736 466 764 504 a
797 449 1054 506 Romanis
1097 450 1455 518 conspiciunt,
1503 460 1611 504 tum
1646 465 1771 504 vero
1819 451 2140 506 descendunt

2275 445 2366 512 τὴν
2395 446 2686 515 ἀκρόπολιν
2724 447 3048 518 ἀνεχώρουν,
3079 449 3154 512 ὡς
3192 449 3249 500 δέ
3286 449 3545 516 Ῥωμαῖοι
3571 449 3691 518 πῦρ
3715 451 3838 511 ταῖς

618 541 998 608 dominumque
1041 557 1195 595 suum
1249 556 1495 610 magnum
1545 542 1913 609 imperatorem
1962 543 2171 611 procla-

2276 533 2575 602 οἰκοδομαῖς
2610 534 2705 605 ἤδη
2737 536 2934 604 ἐνῆκαν
2967 538 3031 588 τά
3070 554 3128 588 τε
3155 537 3293 589 οἴκοι
3331 537 3653 606 διήρπαζον,
3714 540 3839 590 ἐπι-

621 647 770 689 mant
798 653 811 688 :
839 642 998 701 atque
1043 633 1145 686 hoc
1186 634 1340 686 modo
1379 640 1558 685 castro
1607 632 1678 685 illi
1715 634 2007 702 potiuntur.
2039 632 2168 688 Cum

2275 627 2617 679 καταϐαίνειν
2643 644 2701 680 τε
2746 629 2976 698 ἤρξαντο
3019 630 3110 681 καὶ
3168 629 3352 699 κύριον
3410 631 3558 698 σφίσι
3603 631 3837 718 βέσιλέα

621 727 744 780 inde
780 725 844 778 ad
894 725 1188 805 civitatem,
1220 724 1363 777 cuia
1397 724 1520 777 divo
1566 723 1816 791 quodam,
1873 725 1960 792 qui
2008 725 2060 777 in
2111 739 2169 777 ea

2277 716 2448 785 μέγαν
2528 718 2761 788 ἀναϐοᾷν
2792 761 2803 773 .
2889 720 3087 772 Τούτου
3184 721 3280 790 μὲν
3353 721 3415 788 δὴ
3487 716 3666 785 οὕτως
3752 724 3837 789 ἐγ-

621 817 835 878 colitur,
888 814 1153 868 Flaviana:
1200 828 1392 868 nomen
1439 814 1663 868 inditum
1715 823 1815 875 est,
1868 825 2168 884 pergerent,

2277 808 2489 874 κρατεῖς
2509 809 2766 873 ἐγένοντο.
2789 809 2906 861 Ἐπὶ
2921 810 2976 861 δέ
3001 827 3120 863 τινα
3141 811 3290 862 πόλιν
3304 810 3606 881 ἐλθὸντωνή
3627 810 3840 865 ἐπώνυ-

619 906 909 974 p0pulares
937 919 1120 959 omnes
1151 904 1373 982 obviam
1396 904 1547 958 effusi
1580 921 1675 974 pro
1722 904 1862 974 agris
1895 907 2006 959 suis
2056 905 2172 959 illos

2278 915 2371 965 μος
2431 898 2506 966 τῷ
2545 899 2804 968 ,ἐνταῦθα
2865 886 3151 970 τιμωμένῳ
3211 902 3348 970 ἀγίῳ
3404 902 3679 969 Φλαϐιανὴ
3725 903 3834 968 (77)

623 1005 836 1065 rogant,
868 1010 930 1050 ac
965 1010 1029 1048 ne
1059 995 1182 1062 quid
1236 997 1288 1048 in
1325 1011 1381 1049 se
1427 998 1637 1064 gravius
1689 996 1976 1053 insolescat
2024 998 2175 1050 miles

2276 989 2558 1057 κέκληται,
2591 991 2824 1058 ἐξεχεῖτο
2884 992 3027 1054 ἄπας
3054 994 3080 1044 ὁ
3109 994 3277 1062 δῆμος
3306 994 3446 1060 ὑπὲρ
3476 995 3580 1047 τῶν
3651 996 3839 1064 ἀγρῶν

627 1089 982 1152 obtestantur,
1010 1101 1194 1140 servos
1219 1102 1276 1141 se
1303 1087 1512 1142 futuros
1539 1088 1786 1155 deinceps
1814 1089 2172 1157 imperatoris,

2276 1081 2512 1150 δεόμενοι
2535 1086 2626 1134 καὶ
2651 1083 2742 1136 τοῦ
2789 1084 2953 1153 μηδὲν
2983 1084 3162 1146 αὐτοῖς
3191 1086 3356 1154 ἄχαρι
3388 1086 3518 1154 πρὸς
3549 1087 3663 1138 τῶν
3705 1087 3839 1137 Ῥω-

628 1184 683 1228 et
711 1189 1036 1244 qnmcunque
1085 1174 1278 1229 Vellent
1326 1173 1551 1229 Romani
1583 1191 1640 1229 se
1674 1175 1907 1230 facturos
1936 1179 2173 1244 polliciti.

2280 1173 2453 1240 μαίων
2516 1173 2796 1226 πείσεσθαι
2854 1176 3218 1243 στρατιωτῶν,
3271 1176 3450 1227 δοῦλοί
3504 1193 3561 1228 τε
3602 1176 3843 1244 χβασιλεῖ

631 1270 744 1322 Dux
772 1268 1030 1335 ejusmodi
1063 1267 1445 1322 benevolentia:
1474 1267 1684 1321 illorum
1723 1271 1963 1336 gratiam
1991 1285 2178 1337 repen—

2276 1263 2582 1330 ὡμολόγουν
2614 1266 2705 1317 καὶ
2734 1264 2898 1317 τᾶλλα
2918 1266 3201 1336 ἔπραττον,
3236 1268 3331 1318 ὅσα
3366 1265 3662 1334 Ῥωμαίοις
3717 1267 3838 1334 βου-

629 1361 779 1420 dens,
812 1373 904 1426 per
934 1372 1114 1420 eorum
1164 1373 1318 1430 agros
1361 1359 1531 1411 amite
1583 1373 1644 1412 ac
1685 1368 1869 1426 pacate
1902 1358 2003 1412 iter
2032 1358 2174 1414 fecit.

2279 1354 2520 1423 λομένοις
2549 1351 2637 1425 ἦν.
2669 1355 2774 1416 Οὓς
2797 1357 2893 1425 τῆς
2940 1357 3147 1420 εὐνοίας
3193 1359 3548 1428 ἀμειϐόμενος
3587 1361 3613 1411 ὁ
3641 1377 3842 1430 στρατ-

635 1448 793 1519 138
819 1447 954 1502 Cum
1007 1448 1129 1501 inde
1172 1449 1474 1508 excederet,
1529 1446 1826 1503 Gulielmus
1875 1448 2178 1504 Bassaviltaa

2278 1446 2408 1515 ηγδς
2434 1447 2507 1507 ὡς
2557 1446 2643 1500 διὰ
2692 1448 2872 1514 φιλίας
2907 1448 3195 1519 ἐπορεύετο
3214 1449 3308 1519 τῆς
3348 1450 3552 1518 χώρας.
3589 1452 3754 1519 ’Λρτι
3788 1451 3840 1501 δέ

629 1538 815 1601 frater,
847 1539 935 1607 qui
970 1548 1024 1591 et
1071 1538 1185 1603 ipse
1231 1539 1280 1590 in
1319 1538 1677 1592 Romanorum
1731 1541 2017 1594 amicitiam
2049 1555 2180 1595 con-

2281 1539 2485 1592 ἐκεῖθεν
2510 1539 2797 1609 ἀπαίροντι
2828 1541 3106 1610 Γιλιέλμος
3129 1545 3155 1593 ὁ
3175 1541 3441 1593 Βασαϐίλα
3465 1543 3560 1609 μὲν
3585 1542 3837 1607 ἀδελφὸς,

630 1641 888 1693 cesserat,
923 1645 1042 1682 cum
1079 1628 1261 1682 fratris
1303 1629 1491 1683 litteris
1515 1631 1681 1694 venit,
1716 1632 1905 1698 quibus
1935 1642 1992 1684 ut
2017 1632 2180 1685 couti-

2284 1629 2468 1692 εὔνους
2499 1631 2553 1683 δὲ
2582 1630 2678 1683 καὶ
2716 1630 2877 1694 αὐτὸς
2936 1631 3221 1699 Ῥωμαίοις
3253 1633 3350 1702 ἤδη
3381 1632 3617 1700 γεγονὼς
3656 1634 3838 1700 γράμ-·

630 1722 821 1774 denter
848 1722 950 1774 dux
997 1719 1276 1774 accederet
1315 1719 1648 1782 hortabatur,
1681 1729 1863 1788 utpote
1896 1721 2183 1788 circumia-

2290 1736 2432 1788 ματα
2448 1679 2612 1789 ’παρά
2643 1721 2734 1773 τοῦ
2781 1679 3008 1790 ἀδέλφοῦ
3039 1679 3285 1791 κομίζων
3310 1679 3470 1792 ήλὸεᾷ
3518 1679 3680 1790 αὐτῷ.
3700 1679 3837 1793 ba;-

629 1822 784 1866 ccnte
819 1813 1034 1881 regione
1063 1811 1170 1880 jam
1201 1810 1454 1864 Romanis
1489 1820 1732 1879 parente.

2289 1811 2401 1877 ῥεῖν
2433 1809 2525 1861 τοῦ
2563 1811 2745 1862 λοιποῦ
2773 1813 3205 1881 προτρεπόμενα,
3260 1812 3334 1874 ὡς
3382 1813 3443 1865 τὸ
3474 1812 3600 1880 ἑξῆς
3652 1811 3840 1882 χώρας

2289 1902 2553 1968 κατηκόου
2588 1904 2949 1970 προκειμένης
2975 1904 3142 1971 αὐτῷ.
3793 1897 3800 1902 ’
3819 1975 3822 1977 Α

702 1987 755 2040 5.
790 1985 1113 2054 Palacologus
1157 1997 1333 2041 autem
1379 1988 1590 2050 Vescia,
1625 1997 1682 2041 ut
1725 1989 1922 2045 dictum
1963 2003 2064 2058 est,
2093 2008 2189 2061 per

2361 1988 2432 2055 γ’.
2490 1991 2549 2043 '0
2575 1990 2630 2042 δὲ
2686 1991 3046 2060 Παλαιολόγος
3091 1993 3273 2061 ἐπειδὴ
3321 1993 3566 2057 Βεστίαν,
3595 1993 3841 2062 καθάπερ

634 2075 968 2129 conditiones
999 2077 1220 2144 potitus,
1254 2077 1318 2129 ad
1351 2075 1569 2131 Tranim
1596 2079 1743 2132 venit
1777 2097 1789 2133 :
1822 2083 1972 2150 cujus
2002 2083 2189 2138 incolae

2288 2079 2521 2146 εἴρηται,
2553 2080 2810 2150 ὁμολογίᾳ
2858 2081 3256 2150 παρεστήσατο,
3285 2083 3375 2134 ἐπὶ
3393 2083 3634 2151 κΤρᾶνιν
3690 2079 3840 2151 ἦλθε.

635 2163 794 2217 simul
823 2178 884 2215 ac
914 2162 1213 2219 Romanum
1246 2166 1539 2220 exercitum
1570 2182 1916 2237 conspexere,
1944 2189 2063 2226 cum
2097 2189 2189 2228 ne-

2289 2171 2546 2239 Τρανῖται
2583 2170 2758 2222 τοίνυν
2810 2171 2882 2234 ὡς
2913 2173 3003 2223 τὸν
3065 2172 3352 2239 Ῥωμαίων
3401 2165 3537 2224 εἶδον
3591 2171 3839 2238 στρατὸν,

637 2270 900 2322 quaquam
936 2256 1121 2309 urbem
1162 2257 1355 2310 dedere
1400 2259 1618 2323 vellent,
1674 2261 1849 2316 missis
1893 2264 1957 2316 ad
2003 2264 2187 2318 ducem

2290 2259 2475 2328 ἐπειδὴ
2506 2260 2853 2330 παραδιδόναι
2886 2261 3036 2327 σφίσι
3068 2261 3166 2329 τὴν
3199 2261 3352 2313 πόλιν
3386 2261 3594 2329 οὐδαμῆ
3625 2261 3841 2330 ἢθελον,

638 2345 852 2413 legatis,
889 2355 947 2398 ut
979 2346 1171 2400 finibus
1200 2347 1310 2400 suis
1344 2349 1655 2403 abscederet
1688 2366 1941 2420 rogavero
1973 2372 1986 2407 :
2021 2367 2191 2421 neque

2291 2348 2546 2418 πρέσϐεις
2575 2347 2721 2415 παρὰ
2750 2349 2840 2401 τὸν
2867 2350 3166 2419 στρατηγὸν
3204 2349 3512 2418 πέμψαντες
3538 2349 3727 2417 ἠξίουν
3763 2350 3843 2401 ἐν-

535 2450 542 2455 ’
640 2437 783 2490 cutim
816 2437 960 2505 prius
987 2451 1144 2504 quam
1187 2436 1364 2490 Barim
1395 2439 1641 2507 cepisset,
1675 2440 1892 2496 Tranim
1930 2459 2087 2512 posse

2293 2438 2441 2491 θένδε
2474 2441 2659 2491 τοῦτον
2708 2439 2980 2506 ἀπαίρειν.
3033 2440 3120 2509 Μὴ
3181 2439 3284 2509 γὰρ
3362 2440 3625 2509 πρότερον
3683 2441 3843 2506 Βᾶριν

641 2527 731 2579 illo
760 2529 1070 2595 expugnari.
1117 2527 1292 2593 Quare
1321 2527 1558 2584 collectis
1604 2531 1784 2584 decem
1827 2547 1929 2585 non
1969 2532 2193 2602 amplius

2295 2531 2766 2600 παραστησαμένῳ
2789 2530 3022 2583 ἀδύνατα
3052 2531 3196 2599 αὐτῷ
3220 2531 3434 2582 ἔσεσθαι
3456 2531 3659 2598 Τρᾶνιν
3688 2530 3842 2581 ἑλεῖν.

643 2616 889 2677 navibus,
922 2616 1164 2670 discessit
1195 2616 1316 2670 inde
1360 2627 1410 2669 et
1445 2618 1511 2670 ad
1557 2619 1738 2671 urbem
1791 2620 1966 2675 Barim
2017 2624 2192 2689 venit,

2305 2621 2368 2672 '0
2395 2621 2449 2672 δὲ
2493 2621 2622 2681 ναῦς
2678 2620 2875 2673 αὐτίκα
2923 2621 2982 2672 οὐ
3039 2620 3200 2672 πλέον
3257 2620 3446 2689 ἢδέκα
3513 2619 3843 2686 ἐπαγόμενος

645 2720 747 2758 non
788 2715 892 2758 tam
926 2705 1150 2759 militum
1201 2716 1414 2761 secutus
1457 2708 1732 2762 consilium
1782 2711 1998 2779 (quippe
2029 2714 2195 2769 solcrs

2295 2710 2500 2763 ἐκεῖθέν
2534 2728 2592 2762 τε
2652 2711 2851 2779 μετέϐη
2883 2711 2977 2763 καὶ
3007 2712 3100 2763 ἐπὶ
3140 2712 3302 2780 Βᾶριν
3354 2707 3537 2780 ἦλθεν,
3591 2711 3691 2777 οὐχ
3729 2708 3844 2758 ὅσον

643 2803 760 2847 erat
805 2797 1087 2848 admodum
1127 2803 1180 2848 et
1207 2796 1283 2849 rei
1322 2796 1568 2851 militaris
1613 2799 1941 2866 experientia
1988 2803 2196 2855 nemine

2295 2804 2406 2863 τοῖς
2442 2800 2787 2876 στρατιωτῶν
2824 2801 3003 2866 λόγοις
3030 2801 3377 2863 ἀναπεισθεὶς
3429 2800 3709 2868 (ἀγχίνους
3744 2797 3842 2866 γὰρ

649 2883 912 2953 inferior),
958 2885 1048 2938 sed
1081 2885 1217 2952 quod
1267 2883 1485 2938 Tranim
1537 2887 1828 2954 expugnari
1865 2903 2047 2942 revera
2091 2904 2193 2944 non

2297 2886 2362 2950 ἦν
2385 2892 2477 2944 καὶ
2491 2895 2553 2960 τῇ
2578 2891 2706 2959 περ).
2721 2890 2788 2944 τὰ
2810 2891 3077 2962 πολεμικὰ
3101 2891 3359 2961 ἐμπειρίᾳ
3381 2890 3591 2951 οὐδενὸς
3614 2889 3844 2958 ἥσσων),

648 2989 801 3042 posse
838 2975 1019 3041 sciret,
1066 2972 1394 3042 proindeque
1431 2983 1640 3042 tempus
1691 2976 1760 3030 ibi
1793 2985 1963 3031 terere
2013 2993 2195 3045 parum

2301 2982 2434 3035 ἀλλά
2461 2983 2658 3049 Τρᾶνιν
2700 2981 2798 3034 οὐκ
2831 2980 3099 3052 ἐπίμαχον
3129 2980 3281 3043 εἰδὼς
3312 2980 3518 3048 τρίϐειν
3579 2979 3701 3046 εἰκῆ
3763 2977 3845 3029 τὸν

647 3064 945 3119 consultum
979 3064 1347 3118 arbitraretur.
1383 3063 1486 3118 Sed
1517 3076 1570 3118 et
1600 3067 1664 3118 ad
1702 3065 1865 3131 ipsam
1901 3067 2072 3122 Barim
2103 3085 2197 3124 co-

2302 3071 2487 3142 κάιρδν
2523 3070 2835 3140 ἀσύμφορον
2858 3070 3013 3141 ᾧετο.
3077 3071 3278 3124 Ἐδόκει
3314 3072 3412 3138 μὲν
3467 3064 3558 3122 οὖν
3687 3066 3847 3132 Βᾶρις

647 3159 762 3224 pias
785 3160 1067 3211 admovere
1095 3158 1232 3210 haud
1260 3167 1365 3211 tam
1397 3158 1554 3212 facile
1578 3159 1856 3213 videbatur
1883 3176 1898 3213 :
1923 3177 2040 3216 cum
2068 3178 2201 3231 prae-

2300 3162 2595 3231 ἀπρόσοδος
2633 3163 2780 3229 αὐτῷ
2815 3164 3010 3231 πάντη·
3040 3163 3192 3230 τείχη
3221 3178 3280 3213 τε
3318 3160 3425 3229 γὰρ
3469 3160 3640 3227 αὐτὴν
3702 3173 3847 3223 nept-

651 3263 891 3317 terqnam
917 3251 1056 3318 quod
1090 3250 1275 3304 validis
1298 3252 1600 3318 cingeretur
1626 3254 1815 3316 muris,
1849 3255 2037 3311 idoneo
2068 3257 2198 3310 bar-

2300 3251 2498 3314 εζώννυ
2538 3253 2800 3320 καρτερὰ,
2827 3255 2917 3305 καὶ
2963 3252 3250 3321 βαρϐάρων
3280 3249 3502 3319 στρατιὰ
3541 3251 3589 3302 οἱ
3636 3248 3736 3317 μὲν
3765 3245 3849 3298 ἐπὶ

650 3343 899 3396 barorum
950 3342 1196 3410 praesidio
1247 3351 1386 3396 esset
1425 3342 1627 3396 munita
1676 3360 1690 3397 :
1740 3360 1964 3412 quorum
2011 3347 2096 3400 alii
2147 3347 2198 3402 in

2299 3339 2406 3391 τῶν
2434 3340 2705 3405 ἐπάλξεων
2747 3341 3189 3404 ὁπλενδυτοῦντες
3218 3343 3527 3408 ἐνέστησαν,
3557 3342 3605 3392 oi
3648 3339 3705 3391 δέ
3765 3337 3850 3389 ἀνα

649 3431 889 3486 turribus
939 3433 1130 3486 armati
1183 3433 1416 3499 stabant,
1466 3433 1553 3487 alii
1601 3443 1723 3489 ante
1770 3446 1950 3504 portas
1998 3437 2202 3491 intinito

2303 3429 2534 3500 ἀριθμός
2566 3447 2649 3492 τις
2684 3430 2869 3498 ὅμιλος
2897 3430 3078 3482 πυλῶν
3109 3429 3470 3499 προχυθέντες
3497 3427 3652 3490 πεζοί
3678 3443 3736 3479 τε
3764 3426 3849 3478 καὶ

652 3536 815 3588 prope
836 3536 1061 3576 numero
1083 3522 1233 3577 effusi
1259 3521 1464 3588 pedites
1493 3523 1803 3592 equitesque
1832 3525 2052 3594 perinde
2078 3542 2199 3580 cum

2304 3523 2488 3586 ἱππεῖς
2517 3523 2610 3586 ξὺν
2635 3525 2745 3585 τοῖς
2782 3522 2966 3584 ὅπλοις
3003 3520 3326 3590 ἐπεφέροντο
3347 3519 3512 3588 αὐτῷ.
3537 3517 3626 3589 [Ρ.
3661 3517 3752 3588 81]
3791 3516 3847 3566 Ἥ

650 3612 817 3664 armis
854 3613 1235 3666 consistebant.
1264 3612 1344 3665 Ad
1377 3613 1489 3666 haec
1517 3623 1647 3668 aestu
1680 3614 1893 3669 insolito
1922 3614 2127 3670 fervens
2152 3626 2206 3671 et

2305 3615 2545 3670 θάλασσα
2588 3607 2649 3667 δὲ’
2676 3613 2920 3683 σφοδρῶς
2958 3611 3349 3680 ἐπεγειρομένη
3393 3609 3679 3662 καταδύειν
3706 3605 3851 3678 ἠπεί-

651 3700 1016 3756 ἱιιιιιηιεεοοηε
1047 3716 1193 3755 mare
1231 3701 1448 3772 jamjam
1480 3704 1706 3757 navibus
1744 3704 2012 3758 interitum
2045 3706 2206 3760 mini-

2303 3707 2385 3759 λει
2410 3705 2506 3767 τὰς
2551 3704 2704 3767 ναῦς.
2760 3704 2818 3756 '0
2878 3703 2936 3756 δὲ
2984 3702 3158 3756 καίτοι
3208 3701 3540 3771 πανταχόθεν
3577 3698 3724 3767 αὐτῷ
3753 3699 3850 3750 τῶν

654 3793 884 3846 tabatur.
919 3791 1051 3845 Cum
1084 3792 1248 3861 igitur
1277 3793 1443 3846 ardua
1477 3795 1655 3847 omnia
1703 3795 1939 3864 undique
1974 3810 2037 3850 ac
2067 3796 2205 3850 dilIi-

2308 3793 2649 3863 πραγμάτων
2707 3791 2924 3861 ἀπόρων
2948 3790 3138 3852 ὄντων,
3165 3791 3263 3843 οὐκ
3289 3789 3391 3855 ἔξω
3422 3791 3595 3857 πάντη
3630 3787 3849 3839 ἐλπίδων

653 3885 777 3937 cilia
808 3898 1026 3952 prorsus
1057 3884 1383 3948 viderentur,
1422 3900 1528 3939 non
1561 3885 1681 3941 ideo
1712 3897 1891 3942 tamen
1926 3902 2070 3956 spem
2117 3890 2210 3945 ille

2310 3883 2541 3950 ἐγένετο.
2569 3881 2645 3949 Τῇ
2683 3879 2906 3950 ἐπιούσῃ
2930 3880 3061 3946 γοῦν
3111 3879 3217 3933 τῶν
3248 3879 3499 3946 κυμάτων
3529 3879 3663 3939 τέως
3692 3876 3825 3943 ἀπηλ

653 3989 865 4029 omnem
888 3973 1173 4043 abiecerat.
1198 3973 1388 4028 Sedata
1410 3975 1572 4045 igitur
1591 3978 1843 4046 postridie
1871 3987 2207 4046 tempestate,

2310 3961 2573 4040 λαγμένος
2607 3968 2770 4038 ἔργου
2807 3967 3027 4037 ἔχεσθαι
3057 3968 3269 4036 ἧθελεν.
3308 3966 3397 4030 Ὠς
3437 3967 3493 4019 δὲ
3529 3969 3695 4037 μηδὲν
3716 3967 3849 4034 αὐτῷ

657 4081 767 4119 rem
801 4062 1011 4134 aggredi
1047 4065 1341 4121 constituit.
1370 4066 1438 4120 At
1469 4082 1589 4120 cum
1622 4068 1753 4121 nihil
1801 4070 1912 4122 fere
1959 4069 2117 4140 139
2144 4087 2208 4124 ex

2311 4065 2616 4136 προύχώρει
2635 4064 2884 4134 (τῶνγὰρ
2908 4061 3178 4130 πολεμίων
3202 4063 3249 4114 oi
3272 4062 3366 4131 μὲν
3382 4060 3561 4119 λίθους
3602 4064 3698 4114 καὶ
3735 4061 3853 4124 ξύλα

657 4155 819 4208 animi
851 4156 1113 4208 sententia
1149 4157 1461 4211 succederet
1493 4157 1748 4225 (hostium
1783 4159 1922 4211 enim
1951 4159 2039 4211 alii
2080 4160 2212 4227 lapi-

2312 4158 2403 4210 καὶ
2420 4158 2526 4209 πᾶν
2546 4155 2604 4208 τὸ
2632 4151 2943 4223 παρατυχδν
2959 4153 3192 4220 νιφάδων
3205 4153 3358 4222 δίκην
3376 4155 3438 4205 ἐκ
3468 4153 3572 4204 τῶν
3591 4152 3851 4216 ἐπάλξεων

657 4246 751 4300 des
786 4254 839 4299 et
868 4245 1010 4313 ligna
1061 4255 1114 4299 et
1142 4247 1493 4314 quodcunque
1535 4250 1851 4303 occurrebat
1879 4251 1944 4304 ad
1993 4265 2207 4302 manum

2313 4248 2383 4299 ἐπ
2399 4248 2412 4267 ’
2432 4245 2595 4298 αὑτὸν
2612 4244 2874 4316 ἔπεμπον,
2889 4243 2939 4295 οἱ
2967 4242 3023 4294 δὲ
3053 4242 3146 4295 καὶ
3167 4243 3274 4294 ἀπὸ
3298 4243 3400 4310 γῆς
3420 4242 3597 4310 βέλεσι
3621 4243 3713 4294 τὸν
3732 4243 3850 4308 ἀέρα

660 4338 861 4392 nivium
895 4337 1065 4392 instar
1090 4352 1120 4391 e
1151 4340 1386 4392 turribus
1417 4339 1731 4394 emittebant
1767 4357 1781 4393 :
1815 4341 1924 4403 alii,
1957 4342 2044 4408 qui
2078 4341 2215 4393 infra

2287 4342 2289 4359 '
2320 4338 2612 4403 ἐσκίαζον),
2644 4336 2912 4405 ἐντροπὴν
2955 4351 3075 4385 τινα
3102 4336 3158 4385 ἐν
3187 4333 3262 4402 τῷ
3286 4334 3596 4403 παραυτίκα
3638 4349 3850 4399 πεποιη-

657 4429 889 4494 Stabant,
913 4427 1281 4497 frequentibus
1299 4430 1416 4484 telis
1438 4430 2034 4498 obscurabantiaerem),
2061 4433 2218 4485 inter-

2319 4429 2475 4497 μένος
2510 4427 2612 4491 ἔξω
2637 4423 2804 4493 βελῶν
2833 4423 3062 4491 ἐγίνετο,
3089 4423 3264 4490 λόγοις
3287 4439 3343 4474 τε
3375 4425 3431 4484 ἐς
3461 4424 3660 4485 αὐτοὺς
3674 4423 3852 4493 ἐχρῆτο

657 4518 971 4572 mittendam
1003 4518 1055 4570 in
1090 4519 1334 4586 praesenti
1369 4520 1819 4589 oppugnationem
1873 4530 2019 4573 ratus
2065 4529 2216 4574 extra

2316 4519 2495 4585 ἀγαθὰ
2526 4517 2560 4570 ἃ
2590 4517 2685 4584 μὲν
2703 4515 2901 4568 αὐτίκα
2930 4518 3172 4581 ποιήσειν
3204 4513 3671 4581 ἐπαγγελλόμενος
3693 4517 3737 4565 εἰ
3769 4514 3851 4582 βα-

657 4610 750 4663 teli
789 4608 987 4675 iactum
1023 4609 1245 4664 recessit
1282 4619 1334 4664 et
1372 4609 1570 4679 pacisci
1610 4624 1730 4662 cum
1761 4609 2003 4664 hostibus
2033 4611 2216 4678 C(Bpit,

2318 4610 2456 4661 σιλεῖ
2497 4607 2718 4676 μεγάλῳ
2744 4604 2840 4674 τὴν
2879 4605 3031 4657 πόλιν
3058 4605 3300 4672 ἀμαχητὶ
3352 4597 3852 4672 παραθήσουσιν,ὧν

661 4701 826 4754 multa
863 4701 927 4755 iis
956 4703 1093 4756 bona
1126 4701 1417 4768 pollicitus,
1449 4715 1567 4768 quae
1603 4714 1724 4756 sese
1749 4705 1942 4769 partim
1971 4702 2214 4754 daturum

2316 4697 2371 4747 δὲ
2406 4698 2496 4748 καὶ
2526 4694 2716 4746 ἐλπίδα
2748 4693 3045 4745 ὑποτείνων
3075 4693 3222 4760 ἐξῆς’
3258 4692 3461 4745 τούτων
3491 4694 3785 4764 ἐπειδήπερ
3811 4690 3849 4741 οἱ

664 4788 944 4843 confestim
969 4791 1281 4858 spondebat,
1312 4790 1355 4843 si
1391 4789 1573 4843 urbem
1601 4789 1734 4843 citra
1764 4789 2000 4857 praelium
2028 4805 2217 4857 magno

2321 4787 2412 4838 ἐπὶ
2442 4786 2536 4855 τῆς
2559 4784 2764 4847 πόλεως
2795 4784 3052 4851 ἥκουσαν,
3090 4785 3295 4834 ἱππέων
3321 4783 3683 4853 ἐκδραμόντες
3706 4783 3848 4842 τινὲς.

665 4881 917 4934 dederent
940 4880 1268 4948 imperatori,
1292 4881 1482 4948 partim
1512 4880 1739 4934 subinde
1770 4881 2031 4948 speranda
2067 4880 2218 4946 inge-

2321 4881 2369 4930 οἱ
2390 4878 2444 4930 δὲ
2469 4879 2557 4927 καὶ
2571 4873 2877 4942 λεμϐαδίοις
2913 4875 3196 4939 ἐμϐάντες,
3236 4875 3576 4942 παρεκάλουν
3597 4876 3750 4927 αὐτὸν
3776 4872 3851 4925 ἐπὶ

665 4971 832 5026 rebat.
856 4961 1122 5039 Oppidani
1146 4971 1302 5026 simul
1328 4980 1487 5041 atque
1509 4971 1562 5025 id
1585 4986 1858 5040 accepere,
1894 4970 1981 5024 alii
2014 4971 2220 5038 equites

2321 4969 2420 5035 τὴν
2445 4966 2597 5017 πόλιν
2621 4963 2754 5017 ἰέναι
2779 4964 3205 5031 ἀνακεκλιμένας
3227 4963 3322 5024 τὰς
3342 4962 3512 5024 πύλας
3529 4962 3850 5017 ὑποδεικνύν-

661 5065 946 5128 excedunt,
985 5063 1072 5116 alii
1119 5067 1344 5133 scaphas
1379 5065 1768 5132 ingrediuntur,
1810 5078 2038 5130 eumque
2083 5063 2217 5115 invi-

2324 5075 2434 5116 τες.
2452 5057 2507 5108 ’0
2522 5058 2576 5108 δέ
2591 5056 2766 5117 δείσας
2784 5056 2916 5124 ὅπερ
2933 5049 2998 5122 ἦν
3015 5054 3089 5121 μὴ
3105 5049 3341 5119 agmen;
3361 5071 3441 5113 τις
3456 5053 3612 5120 είητὸ
3627 5056 3851 5122 πρᾶγμα,

664 5163 779 5207 tant
803 5164 861 5208 ut
889 5155 942 5208 in
971 5155 1177 5218 urbem,
1203 5138 1352 5222 cujus
1377 5156 1612 5209 reclusas
1635 5155 1986 5210 ostendebant
2017 5161 2217 5220 portas,

2326 5152 2382 5211 ἐς
2407 5153 2599 5220 πεῖραν
2628 5147 2822 5218 ἐχώρει
2850 5146 3128 5215 πρότερον.
3163 5144 3411 5196 Ἐκέλευε
3437 5145 3617 5195 τοίνυν
3654 5147 3753 5198 τῶν
3774 5143 3851 5194 σὺν

664 5247 891 5300 veniret.
942 5247 1008 5298 At
1055 5248 1141 5302 ille
1192 5262 1258 5300 ne
1305 5246 1458 5301 dolus
1492 5247 1731 5300 subesset
1780 5246 2001 5304 veritus,
2049 5242 2220 5309 primo

2325 5242 2470 5310 αὐτῷ
2491 5242 2620 5311 μίαν
2641 5241 2774 5292 νεῶν
2801 5240 2894 5290 ἐπὶ
2915 5236 3192 5306 τὴνάκτὴν
3226 5235 3543 5308 ίέναιιδῆθεν
3581 5233 3853 5307 ὁρμισθμέο

2486 5332 2529 5352 !.‘.
2543 5332 2562 5352 Ἀ
2576 5333 2587 5352 ι

663 5337 871 5391 animos
898 5338 1107 5393 illorum
1147 5349 1354 5394 tentare
1386 5339 1593 5394 statuit.
1623 5336 1792 5392 Jussit
1825 5337 2003 5403 itaque
2034 5347 2221 5387 navem

2326 5349 2454 5400 νηνῖ
2475 5332 2587 5383 ἀλλ’
2621 5331 2734 5399 ἅμα
2766 5345 2823 5380 τε
2853 5327 3180 5397 προσιοῦσαν
3203 5321 3342 5379 εἶδον
3369 5324 3534 5396 αὐτὴν
3553 5326 3605 5379 oi
3629 5325 3850 5393 πολέμιοι

1970 5472 2066 5531 Du
2102 5466 2322 5547 Cangii
2361 5474 2544 5528 notze.

748 5599 860 5670 (77)
919 5595 1240 5664 Φλαὸιιινή.
1312 5595 1621 5649 Flavianum
1677 5590 1814 5648 forte
1873 5589 2121 5661 oppidum
2169 5590 2222 5643 in
2262 5586 2596 5642 Samnitibus
2631 5584 2770 5640 circa
2800 5585 2948 5639 littus
2976 5582 3114 5639 haud
3141 5581 3325 5652 procul
3355 5579 3618 5638 Turdino.
