3958 6324
151 268 245 336 £81

1326 254 1867 320 IIISTORIARUM
1911 253 2058 315 LIB.
2103 253 2204 315 IV.

3228 237 3334 302 482

146 387 335 453 ἔμενεν.
378 379 438 433 ’0
463 379 518 431 δὲ
547 377 756 439 Δούκας
783 375 842 427 τὸ
873 374 969 425 σὺν
997 373 1072 442 τῷ
1133 371 1480 440 Παλαιολόγῳ
1511 367 1682 438 ῥυσά-

1787 364 2022 431 acceptis
2083 359 2362 428 l’almOIOgi
2410 356 2601 428 cepiis,
2635 355 2688 410 in
2721 349 3048 408 Ricltardum
3086 347 3349 418 procedit,

145 490 288 543 μενος
315 472 624 540 στράτευμα
679 468 771 519 ἐπὶ
817 464 1124 530 Ῥιτζὰρδον
1157 461 1462 531 μετεϐαινε,
1500 461 1677 512 καίτοι

143 567 226 632 τῆς
288 564 410 630 περὶ
465 557 630 610 αὐτὸν
674 555 956 624 δυνάμεως
1021 551 1199 620 πολλῴ
1253 551 1350 620 τὴν
1390 549 1677 617 Ῥωμαίων

145 653 316 724 πλήθει
355 646 797 720 ὑπερϐαλλούσης
822 661 841 676 ³
877 646 1003 708 τοὺς
1036 643 1135 714 μὲν
1174 646 1284 713 γὰρ
1336 641 1674 704 ἑξακοσίους,

144 747 196 798 ού
221 743 458 805 πλείονας
519 737 833 793 συνέϐαινεν
872 730 1031 798 εἶναι,
1080 734 1261 797 πεζῶν
1294 729 1446 794 ἄνευ,
1478 731 1527 782 οἳ
1582 731 1678 785 καὶ

146 835 279 887 αὐτοὶ
337 833 432 884 τοῦ
495 834 593 884 σὺν
654 829 733 898 τῷ
775 825 1072 897 Ῥιτξάρδῳ
1125 821 1356 888 πεζικοῦ
1417 823 1673 875 πλείστου

145 924 437 985 ἀποδέοντες
484 917 646 992 ἦσαν.
711 919 1004 988 Ῥιτζάρδῳ
1043 918 1097 970 δὲ
1130 917 1316 977 ίππεῐς
1371 915 1472 984 μὲν
1516 914 1675 965 ὀκτα-

146 1020 293 1068 uicto:
321 1014 414 1068 καὶ
442 1014 626 1083 χίλιοι,
653 1011 831 1077 πεζῶν
865 1012 920 1064 δὲ
949 1012 1048 1063 οὐκ
1073 1009 1436 1079 εύαρίθμητος
1495 1007 1677 1059 εἵπετο

146 1107 366 1176 στρατιά.
415 1105 697 1165 Ἐπιόντας
756 1103 934 1157 τοίνυν
977 1099 1328 1170 Ῥωμαίουςὸ
1367 1097 1659 1164 Ῥιτζάρδοί

143 1195 418 1261 ἀναμαθὼν
499 1193 762 1261 ἀντεξῆγε
824 1191 886 1244 τὸ
945 1190 1258 1260 στράτευμα
1333 1192 1426 1240 καὶ
1493 1187 1674 1244 αὐτός.

155 1286 345 1355 Ἐπειδή
375 1302 436 1338 τε
469 1285 634 1352 ἔγγὺς
666 1283 767 1353 ἤδη
793 1282 1064 1350 ἐγένοντο,
1103 1280 1362 1348 Ῥωμαῖοι
1397 1279 1497 1348 μὲν
1516 1279 1674 1347 τριχῆ

143 1373 482 1441 διαιρεθέντες
525 1372 784 1436 ἐτάξαντο
837 1363 960 1424 ὧδε.
990 1367 1269 1420 Σκύθαιδὲ
1291 1367 1383 1419 καὶ
1419 1369 1534 1420 ὅσοι
1584 1368 1678 1419 ἐπὶ

142 1461 291 1529 τόξοις
320 1460 464 1534 ἦσαν
485 1464 622 1534 πεζῇ
648 1463 994 1533 φαλαγγηδὸν
1033 1462 1124 1514 ἐπὶ
1137 1459 1386 1529 μέτωπον
1418 1459 1678 1530 ἔστησαν.

147 1554 366 1609 Ἱππέων
419 1555 477 1608 δὲ
514 1555 572 1618 ἐς
598 1555 767 1624 ῆμιου
795 1552 1029 1623 μάλιστα
1067 1553 1159 1606 καὶ
1185 1554 1381 1621 μοῖραν
1396 1551 1616 1604 Σκυθῶν
1648 1552 1675 1604 ὁ

147 1644 336 1708 Δούκας
369 1646 510 1716 ἔχων
534 1645 697 1706 αὐτὸς
731 1645 829 1715 μὲν
854 1643 953 1712 τὴν
983 1641 1256 1707 ὀπισθίαν,
1284 1640 1590 1704 Βασαὸίλας
1619 1641 1676 1693 δὲ

144 1737 226 1793 σὺν
249 1707 353 1791 τῶν
375 1707 552 1792 άλλων
576 1707 831 1807 κομήτων
851 1707 962 1790 τισὶ
986 1736 1047 1788 τὺ
1076 1735 1261 1789 λοιπὸν
1290 1735 1428 1805 ἔχων
1455 1733 1676 1786 ἱππικὸν
1704 1707 1749 1766 Β

141 1827 225 1899 τὴν
256 1829 424 1898 μέσην
451 1826 747 1897 ἐκληροῦτο
802 1827 1008 1898 χώραν.
1051 1825 1359 1895 Ῥιτζάρδος
1390 1826 1469 1890 δὲ,
1501 1824 1682 1896 πολλῷ

145 1922 375 1991 ἐχόμενος
406 1919 586 1988 θυμῷ,
617 1919 738 1972 οὐδὲ
763 1920 887 1972 ὅσον
911 1919 1175 1988 τακτικῆς
1206 1936 1260 1971 τι
1307 1917 1680 1988 μεταποιήσα-

146 2013 251 2065 σθαι
273 2012 639 2081 ἀνασχόμενος
682 2009 963 2081 ἀπήλαυνε
1013 2010 1109 2063 σὺν
1158 2011 1271 2070 τοῖς
1332 2008 1469 2078 ἀμφ’
1517 2009 1681 2062 αὐτὸν

145 2099 396 2165 ἱππεῦσιν,
419 2101 525 2162 ἕως
551 2103 610 2163 ἐς
638 2100 768 2152 αὐτὸ
791 2100 853 2153 τὸ
878 2099 1206 2168 μεσαίτατον
1224 2097 1317 2150 τοῦ
1372 2097 1679 2168 Ῥωμαϊκοῦ

145 2196 471 2263 καταντήσας
528 2194 932 2263 στρατεύματος
990 2189 1189 2261 στάδην
1238 2191 1337 2261 ἠδη
1375 2190 1472 2260 τὴν
1504 2190 1684 2260 μάχην

149 2286 381 2348 ἐποιεῖτο,
411 2287 506 2338 τοῦ
526 2285 666 2337 κατὰ
690 2284 941 2354 μέτωπον
963 2282 1176 2349 τοξικοῦ
1201 2281 1322 2334 οὐδὲ
1345 2282 1482 2334 κατὰ
1506 2281 1682 2351 βραχὺ

147 2375 465 2444 ἀντισχόντος
488 2373 658 2442 αὐτῷ.
688 2370 823 2427 Εἶτα
849 2373 914 2442 δὴ
949 2374 1041 2426 καὶ
1072 2373 1380 2426 Βασαὸίλαν
1415 2373 1682 2441 βιασάμε-

149 2483 218 2528 νος
237 2465 502 2537 ἐτρέψατό
542 2483 602 2518 τε
646 2469 787 2518 κατὰ
817 2465 1019 2535 κράτος,
1069 2465 1163 2518 καὶ
1224 2469 1336 2528 τοῖς
1399 2466 1543 2535 ἀμφὶ
1590 2465 1683 2516 τὸν

150 2554 329 2609 Δούκαν
393 2558 498 2626 ήδη
554 2555 801 2608 ἐπέθετο.
847 2557 1110 2609 Ἐνταῦθα
1161 2554 1307 2626 μάχη
1368 2557 1684 2609 συνίσταται

153 2649 388 2719 καρτερὰ,
425 2647 521 2699 καὶ
556 2646 812 2700 πίπτουσι
845 2647 943 2715 μὲν
975 2647 1082 2700 τῶν
1144 2651 1273 2717 περὶ
1305 2647 1396 2700 τὸν
1433 2645 1684 2716 Ῥιτζάρ-

150 2740 222 2791 δον
240 2739 443 2793 πολλοίο
473 2740 568 2793 ἆτε
599 2739 654 2792 δὲ
681 2739 738 2792 ὲν
769 2739 950 2810 πολλῷ
977 2739 1055 2809 τῷ
1124 2739 1317 2808 πλήθει
1357 2740 1683 2806 πιπτόντων,

152 2831 480 2900 συναίσθησις
556 2830 782 2900 οὐδεμία
853 2830 931 2899 τῷ
995 2829 1362 2900 στρατεύματι
1455 2831 1682 2898 ἐγίνετο.

161 2915 391 2985 Ὠθισμός
452 2932 512 2967 τε
535 2915 668 2983 γοῦν
702 2915 870 2977 πολὺς
900 2910 968 2984 ἦν
998 2915 1093 2967 καὶ
1116 2914 1356 2984 δοράτων
1391 2909 1526 2984 πρὸς
1556 2917 1676 2977 ταῖς

1786 454 1910 505 licet
1943 451 2085 503 illius
2113 450 2382 503 exercitus
2414 447 2728 501 bellatorum
2761 453 3004 516 numero
3040 437 3346 492 Romanum

1786 536 1945 602 longe
1977 542 2275 601 superaret.
2324 531 2503 600 Neque
2550 531 2693 583 enim
2729 525 2960 596 amplius
3006 530 3351 592 erantquam

1783 622 2021 678 sexcenti
2061 621 2114 675 in
2151 622 2305 673 Utica!
2351 621 2485 681 acie,
2519 630 2715 688 praeter
2758 615 2986 686 pedites,
3018 615 3113 684 qui
3149 621 3204 668 et
3250 611 3354 681 ipsi

1783 713 2123 784 pedestribus
2152 710 2409 764 Richardi
2439 710 2607 777 copiis
2654 709 2819 765 multo
2853 715 3006 763 erant
3042 702 3352 759 inferiores;

1784 809 1833 861 Is
1873 817 2048 860 autem
2107 803 2254 858 mille
2308 801 2738 870 octingentorum
2787 795 3338 868 equitutn,-peditult

1781 887 2259 951 vet'o'inuumcrm
2304 890 2668 945 multitudinis
2735 889 2966 944 habebat
3024 886 3350 951 exercitum.

1786 988 1855 1042 Ut
1890 989 2052 1057 igitur
2104 988 2394 1054 adventare
2451 983 2725 1036 Romanos
2776 980 2992 1034 rescivit
3024 979 3350 1043 Richardus,

1785 1084 1897 1152 ipse
1926 1081 2144 1150 perinde
2171 1093 2297 1134 suas
2324 1079 2511 1133 eduxit
2540 1075 2722 1145 COpias
2749 1092 2762 1127 :
2788 1087 3018 1140 cumque
3043 1071 3152 1152 jam
3187 1084 3354 1140 prepo

1781 1181 1984 1234 essent,
2032 1168 2297 1223 trifariam
2348 1168 2575 1222 Romani
2620 1167 2918 1220 exercitum
2957 1148 3208 1225 divisere,
3237 1161 3354 1215 acie

1785 1263 1837 1317 in
1874 1263 2016 1314 hunc
2041 1260 2254 1312 modum
2286 1258 2572 1312 instructa.
2602 1256 2812 1327 Scytha:
2837 1260 3170 1324 etquotquot
3199 1258 3355 1305 erant

1783 1350 2051 1422 sagittarii
2117 1348 2322 1418 pedites
2384 1347 2656 1401 turmatim
2718 1348 2768 1400 in
2838 1345 3014 1399 fruttte
3073 1342 3348 1397 stabant:

1788 1443 1960 1496 Ducas
1998 1456 2119 1495 cum
2155 1439 2377 1495 dimidia
2411 1438 2654 1507 equitum
2691 1447 2843 1506 parte
2887 1448 2940 1491 et
2975 1435 3177 1503 aliquot
3213 1433 3352 1503 Scy-

1787 1534 1888 1586 this
1948 1542 2320 1600 postremum,
2373 1526 2664 1582 Bassavilla
2722 1541 2847 1580 vero
2896 1539 3017 1580 cum
3085 1525 3348 1579 comitum

1786 1635 2057 1691 nonnullis
2082 1633 2202 1689 aliis
2235 1641 2288 1687 et
2311 1639 2510 1688 caetero
2533 1630 2774 1700 equitatu
2801 1627 3034 1682 medium
3062 1625 3350 1680 obtinuere

1785 1742 1979 1796 locum.
2016 1740 2084 1794 At
2111 1739 2417 1794 Richardus
2449 1749 2571 1790 cum
2607 1746 2818 1787 summo
2855 1728 3122 1799 pugnandi
3155 1727 3349 1782 ardore

1783 1831 2050 1902 ﬂagraret,
2087 1843 2188 1883 nec
2235 1807 2757 1902 curaret'ordinare
2801 1820 2990 1882 aciem,
3047 1831 3168 1872 cum
3201 1817 3354 1886 equi-

1785 1925 1926 1979 tibus
1955 1923 2068 1977 suis
2118 1923 2170 1976 in
2210 1922 2394 1975 hostes
2441 1916 2657 1971 fortiter
2695 1913 2988 1991 invehitur,
3019 1925 3189 1982 usque
3218 1910 3346 1965 dum

1784 2015 1975 2069 mediis
2023 2027 2210 2067 eorum
2255 2011 2424 2080 copiis
2471 2009 2686 2063 obviam
2725 2006 2919 2069 iactus,
2976 2005 3173 2059 collato
3211 2005 3349 2074 pede

1785 2105 2028 2174 praelium
2085 2103 2342 2164 conserit,
2392 2100 2440 2154 ei
2491 2113 2558 2154 ne
2599 2097 2788 2152 leviter
2816 2097 3028 2164 quidem
3060 2094 3346 2150 obsisten-

1787 2198 1927 2251 tibus
1960 2197 2011 2248 in
2042 2178 2439 2249 fronte'locati's
2467 2188 2782 2259 sagittariis.
2817 2185 2938 2240 Mox
2970 2197 3024 2241 et
3045 2184 3342 2239 Bassavilla

1785 2285 1904 2339 fuso
1938 2284 2228 2352 fugatoque
2257 2281 2312 2334 in
2339 2294 2454 2343 eos,
2487 2279 2577 2347 qui
2606 2292 2727 2331 cum
2763 2275 2908 2330 Duca
2933 2284 3132 2350 erant,
3187 2274 3351 2342 impe-

1785 2385 1894 2430 tum
1927 2375 2075 2430 facit.
2119 2373 2258 2427 Tum
2295 2363 2424 2448 vero
2454 2383 2582 2423 acre
2605 2368 2679 2421 ibi
2720 2366 3021 2421 instituitur
3049 2376 3348 2430 certamen,

1784 2468 2087 2530 caduntque
2130 2476 2198 2516 ex
2230 2459 2504 2527 [Richardi
2548 2455 2814 2512 militibus
2855 2456 3204 2525 quemplures
3240 2473 3255 2512 :
3297 2467 3353 2511 et

1785 2568 1928 2639 quod
1979 2568 2033 2621 in
2091 2579 2282 2633 magna
2346 2561 2566 2617 evenire
2628 2557 2764 2614 solet
2822 2556 3202 2623 multitudine,
3262 2558 3353 2613 vix

1789 2667 1933 2712 tanta
1964 2654 2137 2710 caedes
2169 2656 2236 2708 ab
2279 2651 2521 2707 exercitu
2577 2647 2994 2718 percipiebatur.
3047 2645 3139 2702 Fit
3187 2647 3353 2718 igitur

1787 2747 1975 2801 crebra
2015 2743 2284 2812 utrimque
2329 2738 2620 2809 propulsio,
2645 2747 2700 2792 et
2735 2737 3006 2791 hastarum
3045 2736 3097 2789 in
3137 2736 3352 2807 clypeos

1789 2834 2140 2903 impulsarum
2174 2831 2358 2900 fragor
2389 2827 2857 2913 lu-exauditur
2897 2842 2913 2878 :
2957 2828 3130 2894 spissa
3169 2826 3350 2881 volant

1793 2925 1920 2992 tela,
1972 2932 2028 2978 et
2058 2920 2267 2975 validus
2297 2919 2495 2988 ubique
2532 2919 2588 2971 lit
2617 2914 2902 2971 conﬂictus
2936 2931 2951 2969 :
2989 2918 3158 2971 donec
3191 2916 3353 2969 velte-

150 3003 344 3058 ἀσπίσιν
395 3003 918 3071 ἀποκαυλιζομένων
955 3002 1151 3065 δοῦπος
1203 3005 1480 3072 ἠγείρετοο
1513 3003 1684 3074 συχνά

1786 3016 2035 3072 mentiori
2067 3029 2189 3070 cum
2230 3013 2433 3082 impetu
2479 3026 2604 3066 sese
2645 3009 2882 3064 inferens
2913 3007 3217 3063 Riehardus
3253 3008 3351 3063 hos

151 3109 197 3145 τε
221 3093 338 3165 βέλη
391 3094 689 3147 ἑιπεπέτετο
747 3095 842 3148 καὶ
902 3094 1235 3164 πανταχόθεν
1291 3096 1586 3166 ἐστήρικτο
1623 3097 1685 3149 τὸ

150 3182 319 3250 δεινὸν,
375 3184 484 3248 ἕως
550 3183 867 3254 Ῥιτζάρδος
901 3186 996 3238 σὺν
1030 3184 1179 3256 ῥύμῃ
1225 3187 1510 3255 ὲπιὸρίσας
1542 3187 1686 3240 νῶτα

152 3274 236 3344 ἤδη
282 3273 569 3333 δεδωκέναι
618 3275 712 3328 καὶ
763 3276 981 3336 τούτους
1039 3275 1373 3345 ἠνάγκασεν.
1401 3277 1529 3330 Ὅτε
1591 3279 1683 3330 καὶ

153 3364 332 3437 {P.84]
381 3364 544 3429 αὐτὸς
600 3367 630 3418 ὀ
687 3365 892 3427 Δούκας
931 3367 1055 3434 παρ’
1100 3366 1278 3433 ὀλίγον
1305 3363 1438 3439 ἦλθε
1467 3365 1562 3420 τοῦ
1591 3369 1687 3420 καὶ

153 3460 328 3513 ἁλῶναι
351 3457 849 3529 καταδορατισθείς.
895 3458 1050 3511 Ἀλλὰ
1072 3459 1175 3529 γὰρ
1199 3461 1231 3528 ὴ
1261 3462 1484 3530 πρόνοια
1510 3460 1686 3513 πάντα

154 3552 199 3613 ἐς
229 3552 359 3623 ὅπερ
390 3553 464 3607 ἂν
483 3551 624 3621 αὕτη
670 3551 816 3605 θέλει
863 3551 984 3619 ἄγει
1046 3553 1140 3604 καὶ
1191 3550 1415 3621 στρέφει
1472 3553 1540 3604 τὰ
1593 3553 1687 3605 άν-

155 3643 395 3712 ῠρὼπεια.
426 3644 620 3698 Καίτοι
641 3643 719 3704 είς
761 3640 917 3694 τοῦτο
946 3642 1114 3711 τύχης
1150 3640 1441 3710 Ῥωμαίοις
1469 3640 1685 3695 ἐλθοῦσι

155 3732 286 3802 νικᾷ-δ
319 3735 467 3799 ὅμως
514 3733 606 3784 ἐπὶ
651 3729 835 3792 τέλους
877 3731 1108 3796 ἐγένετο.
1149 3730 1326 3799 Ἐφθη
1371 3731 1470 3798 μὲν
1515 3730 1622 3800 γὰρ
1656 3733 1685 3784 ὁ

157 3823 344 3887 Δούκας
385 3824 479 3876 ἐπί
516 3839 570 3875 τι
600 3822 706 3875 τῶν
739 3823 805 3874 ὲκ
849 3821 996 3872 λίθου
1027 3822 1409 3890 πεποιημένων
1461 3823 1686 3891 τειχέων

156 3913 450 3980 πεφευγὼς,
474 3912 511 3966 ἃ
544 3912 650 3982 πρὸ
686 3911 795 3964 τῶν
849 3911 1032 3963 πυλῶν
1057 3910 1291 3962 εἴθισται
1312 3912 1540 3984 τιτάνου.
1558 3911 1687 3965 ἄνευ

154 4001 181 4068 ἡ
208 4018 340 4066 τινος
366 4002 535 4072 ἄλλης
565 3999 893 4070 ὲπιχρίσεως
941 4000 1067 4063 τοὺς
1118 4001 1388 4069 λειμῶνας
1420 4001 1687 4071 περιζων-

157 4093 301 4158 νύειν,
373 4093 610 4146 ἐνταῦθα
684 4092 1111 4162 περισεσῶσθαι.
1176 4091 1315 4161 Ἤδη
1369 4091 1425 4144 δὲ
1479 4092 1573 4143 καὶ
1627 4091 1690 4143 τὸ

164 4182 427 4254 Ῥωμαίων
451 4184 671 4249 πεζικὸν
694 4186 750 4237 ὲν
777 4183 1065 4253 ἐπιτηδείῳ
1091 4183 1311 4250 γεγονὸς
1337 4182 1517 4245 λίθους
1547 4183 1688 4236 κατὰ

153 4280 245 4331 τῶν
273 4283 399 4350 περὶ
449 4279 758 4348 Ῥιτςάρδον
793 4277 1044 4346 ἠφίεσαν,
1089 4277 1162 4339 ὡς
1195 4276 1443 4329 ἐντεῦθεν
1469 4279 1687 4328 ἐπισυν-

1788 3121 2004 3176 quoque
2058 3116 2205 3175 terga
2255 3111 2466 3158 vertere
2525 3100 2886 3169 adegitzquo
2942 3109 3053 3151 tum
3110 3106 3353 3164 tempore

1787 3200 1920 3268 quin
1956 3199 2108 3252 hasta
2140 3195 2455 3250 vulneratus
2479 3203 2533 3247 et
2561 3193 2675 3260 ipse
2697 3189 2876 3245 Ducas
2902 3198 3186 3257 caperetur
3209 3189 3350 3242 haud

1787 3279 2016 3344 multum
2046 3283 2240 3339 abfuit.
2267 3282 2373 3336 Sed
2397 3283 2541 3336 enim
2569 3281 2747 3335 divina
2780 3292 3104 3348 quocunque
3135 3279 3350 3332 demum

1772 3377 1903 3430 vult
1943 3391 2028 3430 res
2061 3375 2325 3427 humanas
2354 3371 2462 3441 agit
2494 3370 2763 3438 vertitque
2802 3367 3161 3436 providentia.
3201 3366 3352 3424 Licet

1788 3469 1968 3535 itaque
2015 3467 2080 3518 ad
2111 3479 2229 3518 eam
2265 3463 2465 3517 redacti
2507 3461 2739 3516 fuissent
2782 3459 3048 3515 fortunam
3098 3459 3348 3528 Romani,

1788 3557 2141 3612 nihilominus
2171 3555 2388 3608 tandem
2417 3567 2638 3607 evasere
2665 3554 2922 3606 victores.
2942 3551 3149 3621 Quippe
3172 3551 3349 3607 Ducas

1787 3648 1926 3702 intra
1979 3646 2238 3715 quosdam
2290 3659 2354 3697 ex
2407 3642 2669 3711 lapidibus
2723 3654 3035 3716 compactos
3092 3654 3274 3695 muros
3317 3656 3350 3697 e

1786 3735 2026 3807 periculo
2055 3751 2115 3791 se
2147 3744 2444 3797 exemerat,
2485 3732 2787 3803 cujusmodi
2820 3735 3022 3802 absque
3065 3733 3209 3788 calce
3255 3742 3352 3786 aut

1787 3828 2013 3884 materia
2055 3828 2218 3883 simili
2267 3836 2443 3896 prata,
2488 3841 2610 3896 qua:
2659 3826 2870 3880 urbium
2930 3825 3102 3894 portis
3153 3825 3351 3880 obver-

1788 3931 2014 3986 santur,
2061 3917 2456 3974 circumvallari
2486 3905 2864 3988 solent.:Nacti
2926 3917 3130 3973 interea
3184 3918 3346 3976 etiam

1789 4012 1997 4083 pedites
2035 4009 2262 4065 Romani
2297 4010 2470 4065 locum
2515 4009 2790 4073 idoneum,
2843 4009 3044 4076 lapides
3090 4009 3348 4077 conjicie-

1789 4103 1916 4160 bant
1948 4103 2004 4158 in
2038 4102 2292 4157 Richardi
2327 4103 2575 4173 militem,
2603 4102 2736 4155 adeo
2764 4111 2818 4153 ut
2851 4101 3065 4168 plurimi
3091 4104 3179 4172 qui
3214 4102 3352 4172 fugae

1787 4209 1847 4249 se
1874 4194 2153 4259 dederant,
2207 4193 2331 4247 inde
2379 4205 2438 4246 se
2470 4179 2687 4245 rursum
2752 4191 3219 4258 conglomerari-ent
3255 4194 3352 4247 lto-

1792 4293 2041 4352 sternque
2082 4283 2424 4353 impeterent.
2471 4282 2569 4337 Ubi
2609 4282 2661 4336 id
2687 4281 2819 4336 vidit
2852 4281 3177 4348 Richardus,
3226 4299 3349 4338 cum

156 4345 378 4424 [στασθέι
443 4371 544 4441 ῆδη
610 4345 718 4423 τῶν
784 4345 1134 4438 πεφευγότων
1205 4367 1449 4429 πολλούς.
1514 4369 1684 4437 Ὅπερ

1794 4375 2067 4444 equitibus
2103 4388 2198 4428 sex
2230 4383 2285 4428 et
2315 4371 2532 4441 triginta
2573 4387 2664 4427 eos
2705 4387 2918 4427 rursum
2955 4373 3214 4427 adoritur.
3245 4375 3351 4428 Sed

153 4461 519 4533 ὁῬιτζάρδος
593 4460 714 4513 ἰδὼν
795 4460 1050 4514 ἱππεῦσιν
1103 4459 1160 4522 ἒξ
1216 4460 1333 4528 ἅμα
1391 4461 1484 4512 καὶ
1537 4459 1689 4529 τριά-

154 4568 296 4610 κοντα
320 4559 441 4610 κατ’
471 4555 650 4608 αὐτῶν
692 4551 845 4615 αὖθις
900 4553 1137 4622 ἐφέρετο.
1193 4552 1355 4605 Ἀλλά
1393 4569 1474 4614 τις
1499 4553 1608 4603 τῶν
1627 4552 1691 4602 ὲκ

155 4645 384 4715 Τράνεως
450 4649 532 4709 είς
591 4645 718 4708 τοὺς
770 4646 948 4714 ἱερέας
1019 4644 1185 4696 τελῶν
1253 4647 1392 4713 μέγα
1427 4661 1475 4694 τι
1503 4642 1692 4711 χρῆμα

154 4738 282 4792 λίθου
331 4743 388 4807 ἐξ
452 4738 784 4809 ὑπερδεξιῶν
837 4739 993 4805 ἀφεὶς
1041 4736 1256 4804 κνήμης
1323 4753 1381 4788 τε
1453 4735 1689 4803 θατέρας

153 4837 375 4902 τυχήσας
420 4831 590 4900 αὐτῷ,
616 4831 695 4892 είς
753 4829 856 4899 γῆν
893 4829 1193 4898 ἀναχθῆναι
1253 4826 1500 4896 ἐποίησε.
1531 4828 1690 4880 Καὶὸ

157 4922 239 4989 μὶν
258 4923 429 4976 ἔκειτο
458 4922 781 4991 σπαράττων
830 4919 932 4971 ὑπὸ
977 4920 1168 4989 ὀδύνης
1207 4920 1423 4984 ἑαυτὸν,
1449 4921 1476 4972 ὁ
1497 4921 1552 4973 δὲ
1585 4922 1680 4974 καὶ⁵

155 5013 390 5083 δευτέραν
435 5012 644 5081 κατῆρε
683 5011 777 5063 τοῦ
832 5011 1098 5081 τραχήλου
1140 5011 1318 5080 βολήν.
1384 5013 1600 5082 Ἐπειδὴ
1630 5030 1688 5065 τε

155 5101 240 5172 ήδη
275 5103 670 5172 κατηγιὶηιστο,
725 5104 897 5154 καίτοι
940 5101 1126 5154 τοῦτον
1175 5102 1346 5154 πολλὰ
1379 5105 1687 5159 ἱκετεύοντα

154 5194 323 5250 ὕπτιον
389 5194 680 5257 ἀνακλίνας
742 5191 1060 5263 ἐγχειρίδιον
1117 5194 1214 5263 μὲν
1280 5195 1378 5263 τῆς
1450 5198 1687 5269 γαστρὸς

154 5286 418 5355 διελαύνει,
441 5288 652 5356 ἔγκατα
682 5286 739 5339 δὲ
769 5284 944 5338 πάντα
970 5288 1159 5355 ἐκχέας
1189 5282 1301 5340 οἷόν
1331 5305 1452 5340 τινα
1486 5291 1686 5361 ἐδωδὴν

155 5379 233 5433 ἐπὶ
277 5380 369 5433 τοῦ
409 5381 673 5450 στόματος
710 5379 977 5448 παρέθετο
1006 5381 1307 5450 ὑπόδειγμα
1334 5383 1451 5434 καθ’
1489 5385 1684 5435 ἑαυτοῦ

155 5471 320 5524 τοῦτον
349 5472 412 5542 δὴ
441 5472 530 5524 τὸν
549 5472 647 5541 τῆς
679 5470 1068 5540 ἀπανθρωπίας
1092 5473 1290 5541 τρόπον
1314 5477 1682 5543 παρεσχηκότι

155 5561 219 5630 τῷ
238 5563 600 5632 κακοδαίμονι.
627 5563 732 5615 Καὶ
772 5564 829 5613 τὸ
870 5563 1118 5615 ἐντεῦθεν
1164 5567 1390 5634 Ἀντρον
1416 5585 1472 5619 τε
1503 5571 1597 5618 θεαὶ
1625 5571 1683 5619 τὸ

155 5657 266 5724 περὶ
293 5656 451 5711 αὐτὸν
521 5658 832 5726 στράτευμα
901 5657 1185 5720 Ῥωμαίοις
1217 5661 1472 5728 ὁμοὶςιγὶσ
1510 5679 1676 5725 πρισ-

1797 4465 2012 4520 'l’ranita
2046 4463 2265 4534 quidam
2293 4465 2546 4519 sacerdos
2580 4464 2799 4533 maioris
2851 4465 3004 4520 molis
3057 4466 3288 4534 lapidem
3325 4485 3355 4520 e

1794 4557 1912 4612 loco
1947 4558 2225 4625 superiore
2250 4554 2528 4621 dejiciens,
2564 4555 2746 4608 tibiam
2776 4555 2915 4609 illius
2952 4556 3174 4610 alteram
3207 4571 3354 4611 asse-

1793 4640 1978 4712 cutus,
2027 4648 2092 4700 ad
2147 4656 2348 4700 terram
2398 4647 2666 4700 hominem
2723 4647 3043 4715 prostravit,
3099 4651 3190 4717 qui
3241 4664 3349 4716 prie

1790 4739 1973 4793 dolore
2023 4753 2142 4793 sese
2187 4739 2416 4792 subinde
2499 4738 2828 4792 dilacerabat
2909 4755 2972 4794 ac
3046 4740 3350 4795 vellicubat.

1789 4832 1857 4883 At
1914 4829 2110 4882 iterato
2155 4829 2263 4883 ictu
2301 4829 2496 4882 collum
2529 4828 2671 4882 illius
2721 4845 2839 4883 cum
2872 4831 3135 4901 attigisset
3175 4847 3354 4886 Sacer-

1791 4921 1924 4982 dos,
1990 4923 2185 4973 vietum
2243 4923 2456 4974 tandem
2506 4931 2560 4973 et
2621 4921 2986 4989 nequidquam
3060 4923 3350 4991 supplicem

1791 5012 2021 5078 supinat,
2069 5012 2365 5079 adactoque
2416 5012 2469 5064 in
2506 5021 2747 5064 ventrem
2800 5013 3049 5081 pugione,
3101 5015 3352 5068 intestina

1790 5100 1978 5152 eximit
2001 5101 2203 5165 omnia,
2235 5115 2405 5169 eaque
2431 5101 2661 5168 jacentis
2697 5103 2778 5156 ori
2810 5102 2968 5158 veluti
3022 5104 3200 5158 cibum
3254 5104 3353 5158 ali-

1787 5217 1945 5270 quem
1989 5205 2256 5270 admoret,
2289 5213 2348 5258 ut
2381 5207 2471 5275 qui
2519 5207 2570 5260 in
2601 5207 2732 5260 alios
2767 5206 3027 5274 ejusmodi
3063 5209 3354 5263 crudelita-

1791 5306 1893 5350 tem
1929 5307 2273 5361 exercuerat,
2324 5300 2375 5350 in
2433 5313 2492 5350 se
2546 5297 2760 5351 tandem
2814 5296 2954 5350 illius
3017 5301 3354 5369 experiretur

1787 5389 2113 5457 exemplum.
2152 5385 2289 5442 Tum
2325 5397 2380 5442 et
2419 5392 2643 5443 Antrum
2693 5398 2745 5442 et
2795 5404 2913 5457 quae
2955 5389 3225 5445 liiciiardo
3256 5393 3352 5445 ad-

1788 5484 2053 5547 haeserant
2083 5483 2249 5551 copia:
2280 5481 2540 5536 iionmnis
2580 5496 2698 5537 sese
2732 5481 2889 5552 145
2925 5483 3216 5552 adiunxere
3247 5501 3260 5536 :
3299 5495 3352 5540 ct

1786 5573 1873 5641 qui
1906 5588 1964 5628 sc
2003 5575 2316 5643 neutiquam
2353 5589 2611 5629 evasuros
2655 5576 2950 5644 periculum
2987 5575 3350 5640 crediderant,

1786 5681 1905 5717 cum
1961 5669 2174 5735 tropaeis
2214 5667 2390 5721 Barim
2448 5680 2707 5724 venerunt
2750 5687 2761 5722 :
2804 5670 2891 5723 ubi
2945 5670 3176 5723 inventis
3225 5671 3353 5722 alla-
