  <div class='ocr_page' id='page_1' title='image "/cluster/home/n/w/nwhite01/storage/ocr_20150623/133/pst.000005714490/305.png"; bbox 0 0 3958 6324; ppageno 0'>
   <div class='ocr_carea' id='block_1_1' title="bbox 563 313 664 379">
    <p class='ocr_par' dir='ltr' id='par_1_1' title="bbox 563 313 664 379">
     <span class='ocr_line' id='line_1_1' title="bbox 563 313 664 379; baseline 0.01 -1"><span class='ocrx_word' id='word_1_1' title='bbox 563 313 664 379; x_wconf 64' lang='grc'><strong>48⁸1</strong></span> 
     </span>
    </p>
   </div>
   <div class='ocr_carea' id='block_1_2' title="bbox 568 512 2142 580">
    <p class='ocr_par' dir='ltr' id='par_1_2' title="bbox 568 512 2142 580">
     <span class='ocr_line' id='line_1_2' title="bbox 568 512 2142 580; baseline -0.001 -11"><span class='ocrx_word' id='word_1_2' title='bbox 568 528 781 569; x_wconf 87' lang='lat' dir='ltr'><strong>summo</strong></span> <span class='ocrx_word' id='word_1_3' title='bbox 811 512 974 567; x_wconf 88' lang='lat' dir='ltr'><strong>animi</strong></span> <span class='ocrx_word' id='word_1_4' title='bbox 1000 516 1196 568; x_wconf 88' lang='lat' dir='ltr'><strong>ardore</strong></span> <span class='ocrx_word' id='word_1_5' title='bbox 1226 516 1278 568; x_wconf 92' lang='lat' dir='ltr'><strong>in</strong></span> <span class='ocrx_word' id='word_1_6' title='bbox 1327 513 1534 568; x_wconf 88' lang='lat' dir='ltr'><strong>medios</strong></span> <span class='ocrx_word' id='word_1_7' title='bbox 1574 513 1790 568; x_wconf 90' lang='lat' dir='ltr'><strong>irruunt</strong></span> <span class='ocrx_word' id='word_1_8' title='bbox 1836 513 2142 580; x_wconf 83' lang='lat' dir='ltr'><strong>Romanos;</strong></span> 
     </span>
    </p>
   </div>
   <div class='ocr_carea' id='block_1_3' title="bbox 568 603 2145 673">
    <p class='ocr_par' dir='ltr' id='par_1_3' title="bbox 568 603 2145 673">
     <span class='ocr_line' id='line_1_3' title="bbox 568 603 2145 673; baseline -0.001 -16"><span class='ocrx_word' id='word_1_9' title='bbox 568 617 633 657; x_wconf 80' lang='lat' dir='ltr'><strong>ex</strong></span> <span class='ocrx_word' id='word_1_10' title='bbox 687 603 754 657; x_wconf 89' lang='lat' dir='ltr'><strong>iis</strong></span> <span class='ocrx_word' id='word_1_11' title='bbox 786 604 1000 659; x_wconf 63' lang='lat' dir='ltr'><strong>caedunt</strong></span> <span class='ocrx_word' id='word_1_12' title='bbox 1041 613 1292 673; x_wconf 91' lang='lat' dir='ltr'><strong>quatuor,</strong></span> <span class='ocrx_word' id='word_1_13' title='bbox 1353 618 1474 658; x_wconf 90' lang='lat' dir='ltr'><strong>cum</strong></span> <span class='ocrx_word' id='word_1_14' title='bbox 1515 603 1750 656; x_wconf 83' lang='lat' dir='ltr'><strong>vicissim</strong></span> <span class='ocrx_word' id='word_1_15' title='bbox 1780 619 1842 657; x_wconf 79' lang='lat' dir='ltr'><strong>ex</strong></span> <span class='ocrx_word' id='word_1_16' title='bbox 1885 603 2145 657; x_wconf 85' lang='lat' dir='ltr'><strong>suisduos</strong></span> 
     </span>
    </p>
   </div>
   <div class='ocr_carea' id='block_1_4' title="bbox 569 693 2141 764">
    <p class='ocr_par' dir='ltr' id='par_1_4' title="bbox 569 693 2141 764">
     <span class='ocr_line' id='line_1_4' title="bbox 569 693 2141 764; baseline -0.003 -17"><span class='ocrx_word' id='word_1_17' title='bbox 569 693 898 750; x_wconf 87' lang='lat' dir='ltr'><strong>amisissent.</strong></span> <span class='ocrx_word' id='word_1_18' title='bbox 953 695 1144 751; x_wconf 62' lang='lat' dir='ltr'><strong>Prmlio</strong></span> <span class='ocrx_word' id='word_1_19' title='bbox 1197 697 1376 764; x_wconf 84' lang='lat' dir='ltr'><strong>itaque</strong></span> <span class='ocrx_word' id='word_1_20' title='bbox 1419 695 1855 759; x_wconf 73' lang='lat' dir='ltr'><strong>recandesreute,</strong></span> <span class='ocrx_word' id='word_1_21' title='bbox 1917 694 2141 760; x_wconf 80' lang='lat' dir='ltr'><strong>jamjum</strong></span> 
     </span>
    </p>
   </div>
   <div class='ocr_carea' id='block_1_5' title="bbox 570 785 2144 857">
    <p class='ocr_par' dir='ltr' id='par_1_5' title="bbox 570 785 2144 857">
     <span class='ocr_line' id='line_1_5' title="bbox 570 785 2144 857; baseline -0.002 -18"><span class='ocrx_word' id='word_1_22' title='bbox 570 788 816 843; x_wconf 88' lang='lat' dir='ltr'><strong>cominus</strong></span> <span class='ocrx_word' id='word_1_23' title='bbox 880 789 1256 857; x_wconf 88' lang='lat' dir='ltr'><strong>pugnabatur:</strong></span> <span class='ocrx_word' id='word_1_24' title='bbox 1287 788 1378 842; x_wconf 90' lang='lat' dir='ltr'><strong>sed</strong></span> <span class='ocrx_word' id='word_1_25' title='bbox 1404 785 1631 842; x_wconf 81' lang='lat' dir='ltr'><strong>Romani</strong></span> <span class='ocrx_word' id='word_1_26' title='bbox 1680 788 1892 838; x_wconf 85' lang='lat' dir='ltr'><strong>tandem</strong></span> <span class='ocrx_word' id='word_1_27' title='bbox 1927 786 2144 854; x_wconf 83' lang='lat' dir='ltr'><strong>propria</strong></span> 
     </span>
    </p>
   </div>
   <div class='ocr_carea' id='block_1_6' title="bbox 571 876 2146 948">
    <p class='ocr_par' dir='ltr' id='par_1_6' title="bbox 571 876 2146 948">
     <span class='ocr_line' id='line_1_6' title="bbox 571 876 2146 948; baseline -0.003 -14"><span class='ocrx_word' id='word_1_28' title='bbox 571 877 693 934; x_wconf 82' lang='lat' dir='ltr'><strong>freti</strong></span> <span class='ocrx_word' id='word_1_29' title='bbox 728 879 925 935; x_wconf 84' lang='lat' dir='ltr'><strong>virtute</strong></span> <span class='ocrx_word' id='word_1_30' title='bbox 952 890 1228 935; x_wconf 84' lang='lat' dir='ltr'><strong>verterunt</strong></span> <span class='ocrx_word' id='word_1_31' title='bbox 1252 880 1437 934; x_wconf 89' lang='lat' dir='ltr'><strong>hostes</strong></span> <span class='ocrx_word' id='word_1_32' title='bbox 1461 879 1510 932; x_wconf 92' lang='lat' dir='ltr'><strong>in</strong></span> <span class='ocrx_word' id='word_1_33' title='bbox 1547 878 1748 948; x_wconf 82' lang='lat' dir='ltr'><strong>fugam.</strong></span> <span class='ocrx_word' id='word_1_34' title='bbox 1770 877 1846 930; x_wconf 85' lang='lat' dir='ltr'><strong>Eo</strong></span> <span class='ocrx_word' id='word_1_35' title='bbox 1886 878 1936 931; x_wconf 89' lang='lat' dir='ltr'><strong>in</strong></span> <span class='ocrx_word' id='word_1_36' title='bbox 1953 876 2146 931; x_wconf 89' lang='lat' dir='ltr'><strong>discri-</strong></span> 
     </span>
    </p>
   </div>
   <div class='ocr_carea' id='block_1_7' title="bbox 572 968 2145 1041">
    <p class='ocr_par' dir='ltr' id='par_1_7' title="bbox 572 968 2145 1041">
     <span class='ocr_line' id='line_1_7' title="bbox 572 968 2145 1041; baseline -0.004 -16"><span class='ocrx_word' id='word_1_37' title='bbox 572 972 713 1025; x_wconf 90' lang='lat' dir='ltr'><strong>miue</strong></span> <span class='ocrx_word' id='word_1_38' title='bbox 735 987 951 1041; x_wconf 82' lang='lat' dir='ltr'><strong>operam</strong></span> <span class='ocrx_word' id='word_1_39' title='bbox 982 973 1237 1041; x_wconf 80' lang='lat' dir='ltr'><strong>praeclare</strong></span> <span class='ocrx_word' id='word_1_40' title='bbox 1260 981 1524 1024; x_wconf 85' lang='lat' dir='ltr'><strong>navarunt</strong></span> <span class='ocrx_word' id='word_1_41' title='bbox 1550 980 1659 1022; x_wconf 92' lang='lat' dir='ltr'><strong>tum</strong></span> <span class='ocrx_word' id='word_1_42' title='bbox 1693 970 1871 1037; x_wconf 81' lang='lat' dir='ltr'><strong>plures</strong></span> <span class='ocrx_word' id='word_1_43' title='bbox 1895 968 2006 1031; x_wconf 86' lang='lat' dir='ltr'><strong>alii,</strong></span> <span class='ocrx_word' id='word_1_44' title='bbox 2035 976 2145 1018; x_wconf 90' lang='lat' dir='ltr'><strong>tum</strong></span> 
     </span>
    </p>
   </div>
   <div class='ocr_carea' id='block_1_8' title="bbox 571 1059 2146 1130">
    <p class='ocr_par' dir='ltr' id='par_1_8' title="bbox 571 1059 2146 1130">
     <span class='ocr_line' id='line_1_8' title="bbox 571 1059 2146 1130; baseline -0.004 -14"><span class='ocrx_word' id='word_1_45' title='bbox 571 1065 678 1116; x_wconf 88' lang='lat' dir='ltr'><strong>duo</strong></span> <span class='ocrx_word' id='word_1_46' title='bbox 721 1064 773 1117; x_wconf 92' lang='lat' dir='ltr'><strong>in</strong></span> <span class='ocrx_word' id='word_1_47' title='bbox 808 1064 993 1130; x_wconf 79' lang='lat' dir='ltr'><strong>primis</strong></span> <span class='ocrx_word' id='word_1_48' title='bbox 1014 1077 1078 1115; x_wconf 86' lang='lat' dir='ltr'><strong>ex</strong></span> <span class='ocrx_word' id='word_1_49' title='bbox 1127 1061 1463 1129; x_wconf 74' lang='lat' dir='ltr'><strong>Massagetis.</strong></span> <span class='ocrx_word' id='word_1_50' title='bbox 1513 1059 1588 1114; x_wconf 89' lang='lat' dir='ltr'><strong>lta</strong></span> <span class='ocrx_word' id='word_1_51' title='bbox 1617 1059 1846 1114; x_wconf 88' lang='lat' dir='ltr'><strong>solutum</strong></span> <span class='ocrx_word' id='word_1_52' title='bbox 1898 1068 2146 1125; x_wconf 64' lang='lat' dir='ltr'><strong>estprae-</strong></span> 
     </span>
    </p>
   </div>
   <div class='ocr_carea' id='block_1_9' title="bbox 571 1153 2142 1220">
    <p class='ocr_par' dir='ltr' id='par_1_9' title="bbox 571 1153 2142 1220">
     <span class='ocr_line' id='line_1_9' title="bbox 571 1153 2142 1220; baseline -0.006 -12"><span class='ocrx_word' id='word_1_53' title='bbox 571 1155 724 1210; x_wconf 84' lang='lat' dir='ltr'><strong>liurn.</strong></span> <span class='ocrx_word' id='word_1_54' title='bbox 787 1153 962 1207; x_wconf 89' lang='lat' dir='ltr'><strong>Ducas</strong></span> <span class='ocrx_word' id='word_1_55' title='bbox 1008 1164 1211 1218; x_wconf 86' lang='lat' dir='ltr'><strong>autem,</strong></span> <span class='ocrx_word' id='word_1_56' title='bbox 1241 1163 1525 1220; x_wconf 76' lang='lat' dir='ltr'><strong>postquam</strong></span> <span class='ocrx_word' id='word_1_57' title='bbox 1569 1153 1708 1205; x_wconf 89' lang='lat' dir='ltr'><strong>alter</strong></span> <span class='ocrx_word' id='word_1_58' title='bbox 1739 1153 2142 1203; x_wconf 85' lang='lat' dir='ltr'><strong>acccssitexer-</strong></span> 
     </span>
    </p>
   </div>
   <div class='ocr_carea' id='block_1_10' title="bbox 567 1241 2143 1316">
    <p class='ocr_par' dir='ltr' id='par_1_10' title="bbox 567 1241 2143 1316">
     <span class='ocr_line' id='line_1_10' title="bbox 567 1241 2143 1316; baseline -0.004 -15"><span class='ocrx_word' id='word_1_59' title='bbox 567 1248 728 1311; x_wconf 88' lang='lat' dir='ltr'><strong>citus,</strong></span> <span class='ocrx_word' id='word_1_60' title='bbox 763 1243 922 1316; x_wconf 67' lang='grc'><strong>149</strong></span> <span class='ocrx_word' id='word_1_61' title='bbox 945 1247 1132 1313; x_wconf 86' lang='lat' dir='ltr'><strong>positis</strong></span> <span class='ocrx_word' id='word_1_62' title='bbox 1156 1246 1351 1300; x_wconf 83' lang='lat' dir='ltr'><strong>castris</strong></span> <span class='ocrx_word' id='word_1_63' title='bbox 1375 1244 1606 1314; x_wconf 88' lang='lat' dir='ltr'><strong>primmn</strong></span> <span class='ocrx_word' id='word_1_64' title='bbox 1632 1241 1897 1306; x_wconf 84' lang='lat' dir='ltr'><strong>consedit,</strong></span> <span class='ocrx_word' id='word_1_65' title='bbox 1924 1250 2143 1309; x_wconf 87' lang='lat' dir='ltr'><strong>postero</strong></span> 
     </span>
    </p>
   </div>
   <div class='ocr_carea' id='block_1_11' title="bbox 571 1331 2148 1407">
    <p class='ocr_par' dir='ltr' id='par_1_11' title="bbox 571 1331 2148 1407">
     <span class='ocr_line' id='line_1_11' title="bbox 571 1331 2148 1407; baseline -0.005 -16"><span class='ocrx_word' id='word_1_66' title='bbox 571 1351 749 1394; x_wconf 90' lang='lat' dir='ltr'><strong>autem</strong></span> <span class='ocrx_word' id='word_1_67' title='bbox 772 1353 926 1391; x_wconf 87' lang='lat' dir='ltr'><strong>mane</strong></span> <span class='ocrx_word' id='word_1_68' title='bbox 944 1338 1206 1407; x_wconf 85' lang='lat' dir='ltr'><strong>processit</strong></span> <span class='ocrx_word' id='word_1_69' title='bbox 1230 1337 1476 1390; x_wconf 89' lang='lat' dir='ltr'><strong>ordinata</strong></span> <span class='ocrx_word' id='word_1_70' title='bbox 1503 1349 1598 1403; x_wconf 91' lang='lat' dir='ltr'><strong>per</strong></span> <span class='ocrx_word' id='word_1_71' title='bbox 1620 1342 1794 1387; x_wconf 89' lang='lat' dir='ltr'><strong>tumas</strong></span> <span class='ocrx_word' id='word_1_72' title='bbox 1813 1333 1948 1385; x_wconf 85' lang='lat' dir='ltr'><strong>acie.</strong></span> <span class='ocrx_word' id='word_1_73' title='bbox 1985 1331 2148 1384; x_wconf 84' lang='lat' dir='ltr'><strong>Facta</strong></span> 
     </span>
    </p>
   </div>
   <div class='ocr_carea' id='block_1_12' title="bbox 572 1423 2150 1496">
    <p class='ocr_par' dir='ltr' id='par_1_12' title="bbox 572 1423 2150 1496">
     <span class='ocr_line' id='line_1_12' title="bbox 572 1423 2150 1496; baseline -0.006 -15"><span class='ocrx_word' id='word_1_74' title='bbox 572 1429 737 1496; x_wconf 81' lang='lat' dir='ltr'><strong>igitur</strong></span> <span class='ocrx_word' id='word_1_75' title='bbox 785 1429 1211 1496; x_wconf 80' lang='lat' dir='ltr'><strong>oppugnatione,</strong></span> <span class='ocrx_word' id='word_1_76' title='bbox 1265 1426 1491 1481; x_wconf 78' lang='lat' dir='ltr'><strong>Romani</strong></span> <span class='ocrx_word' id='word_1_77' title='bbox 1518 1423 1638 1479; x_wconf 90' lang='lat' dir='ltr'><strong>telis</strong></span> <span class='ocrx_word' id='word_1_78' title='bbox 1667 1433 1719 1477; x_wconf 90' lang='lat' dir='ltr'><strong>et</strong></span> <span class='ocrx_word' id='word_1_79' title='bbox 1742 1423 1983 1492; x_wconf 85' lang='lat' dir='ltr'><strong>jactibus</strong></span> <span class='ocrx_word' id='word_1_80' title='bbox 2036 1437 2150 1474; x_wconf 89' lang='lat' dir='ltr'><strong>ma-</strong></span> 
     </span>
    </p>
   </div>
   <div class='ocr_carea' id='block_1_13' title="bbox 569 1507 2149 1580">
    <p class='ocr_par' dir='ltr' id='par_1_13' title="bbox 569 1507 2149 1580">
     <span class='ocr_line' id='line_1_13' title="bbox 569 1507 2149 1580; baseline -0.006 -9"><span class='ocrx_word' id='word_1_81' title='bbox 569 1519 855 1571; x_wconf 88' lang='lat' dir='ltr'><strong>chinarum</strong></span> <span class='ocrx_word' id='word_1_82' title='bbox 875 1515 1132 1571; x_wconf 79' lang='lat' dir='ltr'><strong>infestant</strong></span> <span class='ocrx_word' id='word_1_83' title='bbox 1150 1516 1403 1568; x_wconf 80' lang='lat' dir='ltr'><strong>obsessos</strong></span> <span class='ocrx_word' id='word_1_84' title='bbox 1425 1530 1442 1568; x_wconf 89' lang='lat'><strong>:</strong></span> <span class='ocrx_word' id='word_1_85' title='bbox 1464 1521 1626 1580; x_wconf 92' lang='lat' dir='ltr'><strong>atque</strong></span> <span class='ocrx_word' id='word_1_86' title='bbox 1653 1511 1708 1564; x_wconf 88' lang='lat' dir='ltr'><strong>hi</strong></span> <span class='ocrx_word' id='word_1_87' title='bbox 1734 1510 1968 1565; x_wconf 83' lang='lat' dir='ltr'><strong>vicissim</strong></span> <span class='ocrx_word' id='word_1_88' title='bbox 1998 1507 2149 1562; x_wconf 87' lang='lat' dir='ltr'><strong>forti-</strong></span> 
     </span>
    </p>
   </div>
   <div class='ocr_carea' id='block_1_14' title="bbox 572 1603 2147 1675">
    <p class='ocr_par' dir='ltr' id='par_1_14' title="bbox 572 1603 2147 1675">
     <span class='ocr_line' id='line_1_14' title="bbox 572 1603 2147 1675; baseline -0.004 -16"><span class='ocrx_word' id='word_1_89' title='bbox 572 1614 654 1661; x_wconf 91' lang='lat' dir='ltr'><strong>ter</strong></span> <span class='ocrx_word' id='word_1_90' title='bbox 678 1621 738 1660; x_wconf 87' lang='lat' dir='ltr'><strong>se</strong></span> <span class='ocrx_word' id='word_1_91' title='bbox 767 1621 829 1660; x_wconf 83' lang='lat' dir='ltr'><strong>ex</strong></span> <span class='ocrx_word' id='word_1_92' title='bbox 875 1605 1293 1675; x_wconf 79' lang='lat' dir='ltr'><strong>propugnaculis</strong></span> <span class='ocrx_word' id='word_1_93' title='bbox 1326 1613 1564 1658; x_wconf 86' lang='lat' dir='ltr'><strong>tuentur.</strong></span> <span class='ocrx_word' id='word_1_94' title='bbox 1599 1603 1715 1669; x_wconf 88' lang='lat' dir='ltr'><strong>Quo</strong></span> <span class='ocrx_word' id='word_1_95' title='bbox 1742 1613 1853 1654; x_wconf 89' lang='lat' dir='ltr'><strong>tum</strong></span> <span class='ocrx_word' id='word_1_96' title='bbox 1903 1611 2147 1668; x_wconf 88' lang='lat' dir='ltr'><strong>tempore</strong></span> 
     </span>
    </p>
   </div>
   <div class='ocr_carea' id='block_1_15' title="bbox 571 1692 2144 1753">
    <p class='ocr_par' dir='ltr' id='par_1_15' title="bbox 571 1692 2144 1753">
     <span class='ocr_line' id='line_1_15' title="bbox 571 1692 2144 1753; baseline -0.006 -2"><span class='ocrx_word' id='word_1_97' title='bbox 571 1711 658 1751; x_wconf 86' lang='lat' dir='ltr'><strong>res</strong></span> <span class='ocrx_word' id='word_1_98' title='bbox 684 1697 924 1751; x_wconf 81' lang='lat' dir='ltr'><strong>miranda</strong></span> <span class='ocrx_word' id='word_1_99' title='bbox 948 1698 1164 1750; x_wconf 88' lang='lat' dir='ltr'><strong>accidit.</strong></span> <span class='ocrx_word' id='word_1_100' title='bbox 1199 1695 1330 1750; x_wconf 88' lang='lat' dir='ltr'><strong>Cum</strong></span> <span class='ocrx_word' id='word_1_101' title='bbox 1356 1697 1501 1750; x_wconf 89' lang='lat' dir='ltr'><strong>enim</strong></span> <span class='ocrx_word' id='word_1_102' title='bbox 1535 1696 1641 1750; x_wconf 90' lang='lat' dir='ltr'><strong>duo</strong></span> <span class='ocrx_word' id='word_1_103' title='bbox 1675 1694 1829 1747; x_wconf 63' lang='lat' dir='ltr'><strong>Ducas</strong></span> <span class='ocrx_word' id='word_1_104' title='bbox 1866 1692 2144 1753; x_wconf 87' lang='lat' dir='ltr'><strong>satellites,</strong></span> 
     </span>
    </p>
   </div>
   <div class='ocr_carea' id='block_1_16' title="bbox 1875 315 2559 378">
    <p class='ocr_par' dir='ltr' id='par_1_16' title="bbox 1875 315 2559 378">
     <span class='ocr_line' id='line_1_16' title="bbox 1875 315 2559 378; baseline 0.001 -1"><span class='ocrx_word' id='word_1_105' title='bbox 1875 315 2196 377; x_wconf 70' lang='lat' dir='ltr'><strong>JOANNIS</strong></span> <span class='ocrx_word' id='word_1_106' title='bbox 2233 315 2559 378; x_wconf 77' lang='lat' dir='ltr'><strong>CINNAMI</strong></span> 
     </span>
    </p>
   </div>
   <div class='ocr_carea' id='block_1_17' title="bbox 575 420 2143 509">
    <p class='ocr_par' dir='ltr' id='par_1_17' title="bbox 575 420 2143 491">
     <span class='ocr_line' id='line_1_17' title="bbox 575 420 2143 491; baseline 0 -15"><span class='ocrx_word' id='word_1_107' title='bbox 575 422 862 478; x_wconf 83' lang='lat' dir='ltr'><strong>confestim</strong></span> <span class='ocrx_word' id='word_1_108' title='bbox 923 421 1222 491; x_wconf 77' lang='lat' dir='ltr'><strong>iri-optione</strong></span> <span class='ocrx_word' id='word_1_109' title='bbox 1275 423 1439 484; x_wconf 84' lang='lat' dir='ltr'><strong>facta,</strong></span> <span class='ocrx_word' id='word_1_110' title='bbox 1484 421 1573 489; x_wconf 86' lang='lat' dir='ltr'><strong>qui</strong></span> <span class='ocrx_word' id='word_1_111' title='bbox 1610 420 1754 474; x_wconf 90' lang='lat' dir='ltr'><strong>intus</strong></span> <span class='ocrx_word' id='word_1_112' title='bbox 1792 425 2143 476; x_wconf 70' lang='lat' dir='ltr'><strong>emulholei</strong></span> 
     </span>
    </p>
   </div>
   <div class='ocr_carea' id='block_1_18' title="bbox 2248 420 3679 509">
    <p class='ocr_par' dir='ltr' id='par_1_18' title="bbox 2257 421 3679 509">
     <span class='ocr_line' id='line_1_18' title="bbox 2257 421 3679 509; baseline 0.018 -35"><span class='ocrx_word' id='word_1_113' title='bbox 2257 421 2406 474; x_wconf 72' lang='grc' dir='ltr'>ἔνδον</span> <span class='ocrx_word' id='word_1_114' title='bbox 2442 425 2772 495; x_wconf 74' lang='grc' dir='ltr'>ἐπεξῄεσαν,</span> <span class='ocrx_word' id='word_1_115' title='bbox 2805 431 2887 493; x_wconf 75' lang='grc' dir='ltr'><strong>είς</strong></span> <span class='ocrx_word' id='word_1_116' title='bbox 2923 433 3124 502; x_wconf 78' lang='grc' dir='ltr'><strong>μέσους</strong></span> <span class='ocrx_word' id='word_1_117' title='bbox 3145 434 3149 439; x_wconf 74' lang='grc'><em>’</em></span> <span class='ocrx_word' id='word_1_118' title='bbox 3171 456 3228 490; x_wconf 86' lang='grc' dir='ltr'><strong>τε</strong></span> <span class='ocrx_word' id='word_1_119' title='bbox 3260 441 3679 509; x_wconf 79' lang='grc' dir='ltr'>ἐμπεπτιικότες</span> 
     </span>
    </p>
   </div>
   <div class='ocr_carea' id='block_1_19' title="bbox 3723 341 3826 398">
    <p class='ocr_par' dir='ltr' id='par_1_19' title="bbox 3723 341 3826 398">
     <span class='ocr_line' id='line_1_19' title="bbox 3723 341 3826 398; baseline -0.058 1"><span class='ocrx_word' id='word_1_120' title='bbox 3723 341 3826 398; x_wconf 60' lang='lat' dir='ltr'><strong>4S3</strong></span> 
     </span>
    </p>
   </div>
   <div class='ocr_carea' id='block_1_20' title="bbox 3712 452 3832 503">
    <p class='ocr_par' dir='ltr' id='par_1_20' title="bbox 3712 452 3832 503">
     <span class='ocr_line' id='line_1_20' title="bbox 3712 452 3832 503; baseline 0.025 -4"><span class='ocrx_word' id='word_1_121' title='bbox 3712 452 3832 503; x_wconf 74' lang='grc' dir='ltr'>τέτ-</span> 
     </span>
    </p>
   </div>
   <div class='ocr_carea' id='block_1_21' title="bbox 2253 515 3827 590">
    <p class='ocr_par' dir='ltr' id='par_1_21' title="bbox 2253 515 3827 590">
     <span class='ocr_line' id='line_1_21' title="bbox 2253 515 3827 590; baseline 0.015 -24"><span class='ocrx_word' id='word_1_122' title='bbox 2253 531 2424 582; x_wconf 82' lang='grc' dir='ltr'>ταρσι</span> <span class='ocrx_word' id='word_1_123' title='bbox 2477 515 2576 584; x_wconf 77' lang='grc' dir='ltr'>μὲν</span> <span class='ocrx_word' id='word_1_124' title='bbox 2617 518 2799 571; x_wconf 81' lang='grc' dir='ltr'>αὐτῶν</span> <span class='ocrx_word' id='word_1_125' title='bbox 2829 522 3163 589; x_wconf 77' lang='grc' dir='ltr'>ἐζημίωσαν,</span> <span class='ocrx_word' id='word_1_126' title='bbox 3199 528 3394 582; x_wconf 71' lang='grc' dir='ltr'>ἔπεσον</span> <span class='ocrx_word' id='word_1_127' title='bbox 3421 533 3477 584; x_wconf 83' lang='grc' dir='ltr'>δὲ</span> <span class='ocrx_word' id='word_1_128' title='bbox 3511 535 3604 585; x_wconf 81' lang='grc' dir='ltr'>καὶ</span> <span class='ocrx_word' id='word_1_129' title='bbox 3649 537 3827 590; x_wconf 82' lang='grc' dir='ltr'>αὐτῶν</span> 
     </span>
    </p>
   </div>
   <div class='ocr_carea' id='block_1_22' title="bbox 2252 605 3824 689">
    <p class='ocr_par' dir='ltr' id='par_1_22' title="bbox 2252 605 3824 689">
     <span class='ocr_line' id='line_1_22' title="bbox 2252 605 3824 689; baseline 0.012 -32"><span class='ocrx_word' id='word_1_130' title='bbox 2252 605 2366 658; x_wconf 84' lang='grc' dir='ltr'>δύο.</span> <span class='ocrx_word' id='word_1_131' title='bbox 2401 608 2510 657; x_wconf 78' lang='grc' dir='ltr'><strong>Καὶ</strong></span> <span class='ocrx_word' id='word_1_132' title='bbox 2541 608 2574 674; x_wconf 80' lang='grc' dir='ltr'><strong>ἡ</strong></span> <span class='ocrx_word' id='word_1_133' title='bbox 2605 609 2850 676; x_wconf 82' lang='grc' dir='ltr'>συμϐολὴ</span> <span class='ocrx_word' id='word_1_134' title='bbox 2878 612 2987 663; x_wconf 79' lang='grc' dir='ltr'><strong>ἀπὸ</strong></span> <span class='ocrx_word' id='word_1_135' title='bbox 3017 615 3194 682; x_wconf 80' lang='grc' dir='ltr'>χειρὸς</span> <span class='ocrx_word' id='word_1_136' title='bbox 3229 617 3330 684; x_wconf 73' lang='grc' dir='ltr'><strong>ήδη</strong></span> <span class='ocrx_word' id='word_1_137' title='bbox 3369 622 3574 686; x_wconf 69' lang='grc' dir='ltr'>μᾶλλον</span> <span class='ocrx_word' id='word_1_138' title='bbox 3597 625 3824 689; x_wconf 83' lang='grc' dir='ltr'>ἐγίνετο.</span> 
     </span>
    </p>
   </div>
   <div class='ocr_carea' id='block_1_23' title="bbox 2266 691 3826 776">
    <p class='ocr_par' dir='ltr' id='par_1_23' title="bbox 2266 691 3826 776">
     <span class='ocr_line' id='line_1_23' title="bbox 2266 691 3826 776; baseline 0.009 -31"><span class='ocrx_word' id='word_1_139' title='bbox 2266 691 2405 745; x_wconf 84' lang='grc' dir='ltr'>Ἀλλ’</span> <span class='ocrx_word' id='word_1_140' title='bbox 2430 694 2816 754; x_wconf 80' lang='grc' dir='ltr'>ἐπισυστάντες</span> <span class='ocrx_word' id='word_1_141' title='bbox 2859 695 3115 765; x_wconf 80' lang='grc' dir='ltr'>Ῥωμαῖοι</span> <span class='ocrx_word' id='word_1_142' title='bbox 3139 704 3203 768; x_wconf 82' lang='grc' dir='ltr'><strong>τῇ</strong></span> <span class='ocrx_word' id='word_1_143' title='bbox 3239 708 3476 774; x_wconf 80' lang='grc' dir='ltr'>σφετέρᾳ</span> <span class='ocrx_word' id='word_1_144' title='bbox 3515 708 3686 776; x_wconf 77' lang='grc' dir='ltr'>ἀρετῇ</span> <span class='ocrx_word' id='word_1_145' title='bbox 3705 712 3826 770; x_wconf 74' lang='grc' dir='ltr'>τοὺς</span> 
     </span>
    </p>
   </div>
   <div class='ocr_carea' id='block_1_24' title="bbox 2254 781 3823 860">
    <p class='ocr_par' dir='ltr' id='par_1_24' title="bbox 2254 781 3823 860">
     <span class='ocr_line' id='line_1_24' title="bbox 2254 781 3823 860; baseline 0.008 -26"><span class='ocrx_word' id='word_1_146' title='bbox 2254 781 2549 851; x_wconf 84' lang='grc' dir='ltr'>πολεμίους</span> <span class='ocrx_word' id='word_1_147' title='bbox 2586 783 2924 839; x_wconf 74' lang='grc' dir='ltr'>ἀπεώσαντο.</span> <span class='ocrx_word' id='word_1_148' title='bbox 2983 788 3069 839; x_wconf 82' lang='grc' dir='ltr'>Ἐν</span> <span class='ocrx_word' id='word_1_149' title='bbox 3093 791 3266 858; x_wconf 81' lang='grc' dir='ltr'>τούτῳ</span> <span class='ocrx_word' id='word_1_150' title='bbox 3299 792 3373 858; x_wconf 77' lang='grc' dir='ltr'>τῷ</span> <span class='ocrx_word' id='word_1_151' title='bbox 3419 797 3566 860; x_wconf 70' lang='grc' dir='ltr'>πόνῳ</span> <span class='ocrx_word' id='word_1_152' title='bbox 3595 795 3739 847; x_wconf 73' lang='grc' dir='ltr'>ἄλλοι</span> <span class='ocrx_word' id='word_1_153' title='bbox 3760 814 3823 846; x_wconf 80' lang='grc' dir='ltr'><strong>τε</strong></span> 
     </span>
    </p>
   </div>
   <div class='ocr_carea' id='block_1_25' title="bbox 2256 872 3826 947">
    <p class='ocr_par' dir='ltr' id='par_1_25' title="bbox 2256 872 3826 947">
     <span class='ocr_line' id='line_1_25' title="bbox 2256 872 3826 947; baseline 0.008 -24"><span class='ocrx_word' id='word_1_154' title='bbox 2256 872 2498 924; x_wconf 74' lang='grc' dir='ltr'>πλεῖστοι</span> <span class='ocrx_word' id='word_1_155' title='bbox 2541 873 2823 942; x_wconf 81' lang='grc' dir='ltr'>Ῥωμαίων</span> <span class='ocrx_word' id='word_1_156' title='bbox 2855 877 3046 944; x_wconf 79' lang='grc' dir='ltr'>ἄνδρες</span> <span class='ocrx_word' id='word_1_157' title='bbox 3082 882 3368 945; x_wconf 72' lang='grc' dir='ltr'>γεγόνασιν</span> <span class='ocrx_word' id='word_1_158' title='bbox 3392 884 3592 947; x_wconf 71' lang='grc' dir='ltr'>ἁγαθοὶ</span> <span class='ocrx_word' id='word_1_159' title='bbox 3617 888 3710 936; x_wconf 76' lang='grc' dir='ltr'>καὶ</span> <span class='ocrx_word' id='word_1_160' title='bbox 3735 886 3826 936; x_wconf 79' lang='grc' dir='ltr'><strong>δύο</strong></span> 
     </span>
    </p>
   </div>
   <div class='ocr_carea' id='block_1_26' title="bbox 2255 963 3820 1037">
    <p class='ocr_par' dir='ltr' id='par_1_26' title="bbox 2255 963 3820 1037">
     <span class='ocr_line' id='line_1_26' title="bbox 2255 963 3820 1037; baseline 0.006 -23"><span class='ocrx_word' id='word_1_161' title='bbox 2255 963 2616 1028; x_wconf 76' lang='grc' dir='ltr'>Μασαγετὼν.</span> <span class='ocrx_word' id='word_1_162' title='bbox 2662 963 2724 1017; x_wconf 83' lang='grc'><strong>’11</strong></span> <span class='ocrx_word' id='word_1_163' title='bbox 2774 966 2872 1030; x_wconf 79' lang='grc' dir='ltr'>μὲν</span> <span class='ocrx_word' id='word_1_164' title='bbox 2933 967 2998 1034; x_wconf 86' lang='grc' dir='ltr'>δὴ</span> <span class='ocrx_word' id='word_1_165' title='bbox 3053 969 3290 1037; x_wconf 66' lang='grc' dir='ltr'>ξυμϐολῇ</span> <span class='ocrx_word' id='word_1_166' title='bbox 3339 970 3569 1022; x_wconf 73' lang='grc' dir='ltr'>ἐνταῦθα</span> <span class='ocrx_word' id='word_1_167' title='bbox 3621 970 3820 1024; x_wconf 65' lang='grc' dir='ltr'>ἐλύεέο.</span> 
     </span>
    </p>
   </div>
   <div class='ocr_carea' id='block_1_27' title="bbox 2271 1053 3824 1128">
    <p class='ocr_par' dir='ltr' id='par_1_27' title="bbox 2271 1053 3824 1128">
     <span class='ocr_line' id='line_1_27' title="bbox 2271 1053 3824 1128; baseline 0.005 -26"><span class='ocrx_word' id='word_1_168' title='bbox 2271 1053 2329 1102; x_wconf 86' lang='grc' dir='ltr'><strong>Ὀ</strong></span> <span class='ocrx_word' id='word_1_169' title='bbox 2361 1054 2416 1104; x_wconf 76' lang='grc' dir='ltr'>δὲ</span> <span class='ocrx_word' id='word_1_170' title='bbox 2446 1054 2677 1119; x_wconf 81' lang='grc' dir='ltr'>Δούκας,</span> <span class='ocrx_word' id='word_1_171' title='bbox 2719 1055 2908 1125; x_wconf 77' lang='grc' dir='ltr'>ἐπειδὴ</span> <span class='ocrx_word' id='word_1_172' title='bbox 2944 1057 3040 1106; x_wconf 58' lang='grc' dir='ltr'><strong>καὶ⁴</strong></span> <span class='ocrx_word' id='word_1_173' title='bbox 3075 1058 3133 1107; x_wconf 44' lang='lat' dir='ltr'><strong>ea</strong></span> <span class='ocrx_word' id='word_1_174' title='bbox 3161 1055 3288 1110; x_wconf 73' lang='grc' dir='ltr'><strong>ἀ).ἴο</strong></span> <span class='ocrx_word' id='word_1_175' title='bbox 3321 1060 3637 1126; x_wconf 80' lang='grc' dir='ltr'>στράτευμα</span> <span class='ocrx_word' id='word_1_176' title='bbox 3674 1057 3824 1128; x_wconf 75' lang='grc' dir='ltr'>ἦλθε,</span> 
     </span>
    </p>
   </div>
   <div class='ocr_carea' id='block_1_28' title="bbox 2255 1146 3826 1217">
    <p class='ocr_par' dir='ltr' id='par_1_28' title="bbox 2255 1146 3826 1217">
     <span class='ocr_line' id='line_1_28' title="bbox 2255 1146 3826 1217; baseline 0.004 -22"><span class='ocrx_word' id='word_1_177' title='bbox 2255 1146 2375 1197; x_wconf 82' lang='grc' dir='ltr'>τότε</span> <span class='ocrx_word' id='word_1_178' title='bbox 2407 1146 2506 1213; x_wconf 83' lang='grc' dir='ltr'>μὲν</span> <span class='ocrx_word' id='word_1_179' title='bbox 2555 1146 2773 1213; x_wconf 62' lang='grc' dir='ltr'>χάρακα</span> <span class='ocrx_word' id='word_1_180' title='bbox 2834 1146 3150 1215; x_wconf 71' lang='grc' dir='ltr'>πηξάμενος</span> <span class='ocrx_word' id='word_1_181' title='bbox 3203 1147 3470 1215; x_wconf 74' lang='grc' dir='ltr'>ηὐλίζετο,</span> <span class='ocrx_word' id='word_1_182' title='bbox 3521 1148 3717 1217; x_wconf 76' lang='grc' dir='ltr'>ὄρθρου</span> <span class='ocrx_word' id='word_1_183' title='bbox 3764 1149 3826 1201; x_wconf 68' lang='grc' dir='ltr'>δὲ</span> 
     </span>
    </p>
   </div>
   <div class='ocr_carea' id='block_1_29' title="bbox 2253 1235 3826 1307">
    <p class='ocr_par' dir='ltr' id='par_1_29' title="bbox 2253 1235 3826 1307">
     <span class='ocr_line' id='line_1_29' title="bbox 2253 1235 3826 1307; baseline 0.001 -20"><span class='ocrx_word' id='word_1_184' title='bbox 2253 1235 2556 1304; x_wconf 71' lang='grc' dir='ltr'><strong>ταξάμενος</strong></span> <span class='ocrx_word' id='word_1_185' title='bbox 2581 1236 2777 1306; x_wconf 78' lang='grc' dir='ltr'><strong>ἐχώρει</strong></span> <span class='ocrx_word' id='word_1_186' title='bbox 2802 1237 2941 1288; x_wconf 85' lang='grc' dir='ltr'><strong>κατά</strong></span> <span class='ocrx_word' id='word_1_187' title='bbox 2971 1237 3278 1304; x_wconf 82' lang='grc' dir='ltr'>φάλαγγας.</span> <span class='ocrx_word' id='word_1_188' title='bbox 3312 1237 3625 1307; x_wconf 77' lang='grc' dir='ltr'>ΙΙροσϐολῆς</span> <span class='ocrx_word' id='word_1_189' title='bbox 3648 1240 3826 1290; x_wconf 81' lang='grc' dir='ltr'>τοίνυν</span> 
     </span>
    </p>
   </div>
   <div class='ocr_carea' id='block_1_30' title="bbox 2254 1325 3826 1397">
    <p class='ocr_par' dir='ltr' id='par_1_30' title="bbox 2254 1325 3826 1397">
     <span class='ocr_line' id='line_1_30' title="bbox 2254 1325 3826 1397; baseline 0.003 -20"><span class='ocrx_word' id='word_1_190' title='bbox 2254 1325 2553 1395; x_wconf 79' lang='grc' dir='ltr'><strong>γενομένης</strong></span> <span class='ocrx_word' id='word_1_191' title='bbox 2607 1327 2865 1394; x_wconf 84' lang='grc' dir='ltr'>Ῥωμαῖοι</span> <span class='ocrx_word' id='word_1_192' title='bbox 2896 1327 2995 1396; x_wconf 80' lang='grc' dir='ltr'>μὲν</span> <span class='ocrx_word' id='word_1_193' title='bbox 3045 1327 3225 1393; x_wconf 71' lang='grc' dir='ltr'>βέλεσι</span> <span class='ocrx_word' id='word_1_194' title='bbox 3264 1331 3356 1382; x_wconf 68' lang='grc' dir='ltr'>καὶ</span> <span class='ocrx_word' id='word_1_195' title='bbox 3385 1328 3570 1397; x_wconf 78' lang='grc' dir='ltr'><strong>βολαῖς</strong></span> <span class='ocrx_word' id='word_1_196' title='bbox 3612 1331 3726 1392; x_wconf 83' lang='grc' dir='ltr'>ταῖς</span> <span class='ocrx_word' id='word_1_197' title='bbox 3756 1332 3826 1382; x_wconf 87' lang='grc' dir='ltr'><strong>ἐκ</strong></span> 
     </span>
    </p>
   </div>
   <div class='ocr_carea' id='block_1_31' title="bbox 2255 1403 3826 1488">
    <p class='ocr_par' dir='ltr' id='par_1_31' title="bbox 2255 1403 3826 1488">
     <span class='ocr_line' id='line_1_31' title="bbox 2255 1403 3826 1488; baseline 0.001 -17"><span class='ocrx_word' id='word_1_198' title='bbox 2255 1418 2364 1471; x_wconf 87' lang='grc' dir='ltr'><strong>τῶν</strong></span> <span class='ocrx_word' id='word_1_199' title='bbox 2398 1403 2740 1488; x_wconf 75' lang='grc' dir='ltr'>πετροϐόλων</span> <span class='ocrx_word' id='word_1_200' title='bbox 2770 1424 2897 1483; x_wconf 81' lang='grc' dir='ltr'>τοὺς</span> <span class='ocrx_word' id='word_1_201' title='bbox 2930 1420 3078 1473; x_wconf 80' lang='grc' dir='ltr'>ἔνδον</span> <span class='ocrx_word' id='word_1_202' title='bbox 3112 1421 3391 1483; x_wconf 79' lang='grc' dir='ltr'>ἐϐιάζοντο</span> <span class='ocrx_word' id='word_1_203' title='bbox 3416 1439 3428 1451; x_wconf 85' lang='grc'><em>’</em></span> <span class='ocrx_word' id='word_1_204' title='bbox 3459 1424 3509 1474; x_wconf 81' lang='grc' dir='ltr'>οἱ</span> <span class='ocrx_word' id='word_1_205' title='bbox 3538 1424 3595 1475; x_wconf 87' lang='grc' dir='ltr'><strong>δέ</strong></span> <span class='ocrx_word' id='word_1_206' title='bbox 3625 1423 3826 1474; x_wconf 81' lang='grc' dir='ltr'>ἐκτῶν</span> 
     </span>
    </p>
   </div>
   <div class='ocr_carea' id='block_1_32' title="bbox 2254 1507 3822 1582">
    <p class='ocr_par' dir='ltr' id='par_1_32' title="bbox 2254 1507 3822 1582">
     <span class='ocr_line' id='line_1_32' title="bbox 2254 1507 3822 1582; baseline 0.004 -22"><span class='ocrx_word' id='word_1_207' title='bbox 2254 1507 2533 1571; x_wconf 80' lang='grc' dir='ltr'>ἐπάλξεων</span> <span class='ocrx_word' id='word_1_208' title='bbox 2580 1510 2853 1577; x_wconf 74' lang='grc' dir='ltr'>ἠμύνοντο</span> <span class='ocrx_word' id='word_1_209' title='bbox 2891 1509 3307 1581; x_wconf 79' lang='grc' dir='ltr'>καρτερώτατα.</span> <span class='ocrx_word' id='word_1_210' title='bbox 3371 1513 3639 1566; x_wconf 78' lang='grc' dir='ltr'>Ἐνταῦθα</span> <span class='ocrx_word' id='word_1_211' title='bbox 3674 1515 3822 1582; x_wconf 85' lang='grc' dir='ltr'>γίνε-</span> 
     </span>
    </p>
   </div>
   <div class='ocr_carea' id='block_1_33' title="bbox 2253 1595 3826 1674">
    <p class='ocr_par' dir='ltr' id='par_1_33' title="bbox 2253 1595 3826 1674">
     <span class='ocr_line' id='line_1_33' title="bbox 2253 1595 3826 1674; baseline 0.006 -25"><span class='ocrx_word' id='word_1_212' title='bbox 2253 1599 2342 1649; x_wconf 80' lang='grc' dir='ltr'><strong>ταί</strong></span> <span class='ocrx_word' id='word_1_213' title='bbox 2377 1617 2428 1649; x_wconf 88' lang='grc' dir='ltr'><strong>τι</strong></span> <span class='ocrx_word' id='word_1_214' title='bbox 2460 1598 2760 1668; x_wconf 82' lang='grc' dir='ltr'><strong>Θαυμάσιον</strong></span> <span class='ocrx_word' id='word_1_215' title='bbox 2788 1595 2918 1657; x_wconf 76' lang='grc' dir='ltr'>οἷον.</span> <span class='ocrx_word' id='word_1_216' title='bbox 2955 1602 3059 1656; x_wconf 87' lang='grc' dir='ltr'>Δύο</span> <span class='ocrx_word' id='word_1_217' title='bbox 3094 1604 3203 1674; x_wconf 86' lang='grc' dir='ltr'><strong>γάρ</strong></span> <span class='ocrx_word' id='word_1_218' title='bbox 3227 1621 3367 1666; x_wconf 89' lang='grc' dir='ltr'>τινες</span> <span class='ocrx_word' id='word_1_219' title='bbox 3397 1604 3504 1656; x_wconf 84' lang='grc' dir='ltr'>τῶν</span> <span class='ocrx_word' id='word_1_220' title='bbox 3528 1605 3629 1657; x_wconf 78' lang='grc' dir='ltr'><strong>τοῦ</strong></span> <span class='ocrx_word' id='word_1_221' title='bbox 3650 1606 3826 1658; x_wconf 73' lang='grc' dir='ltr'>Δούκα</span> 
     </span>
    </p>
   </div>
   <div class='ocr_carea' id='block_1_34' title="bbox 2255 1690 3821 1764">
    <p class='ocr_par' dir='ltr' id='par_1_34' title="bbox 2255 1690 3821 1764">
     <span class='ocr_line' id='line_1_34' title="bbox 2255 1690 3821 1764; baseline 0.004 -24"><span class='ocrx_word' id='word_1_222' title='bbox 2255 1690 2587 1760; x_wconf 82' lang='grc' dir='ltr'>δορυφόρων,</span> <span class='ocrx_word' id='word_1_223' title='bbox 2624 1692 2745 1744; x_wconf 78' lang='grc' dir='ltr'>ἐπεὶ</span> <span class='ocrx_word' id='word_1_224' title='bbox 2788 1693 2954 1755; x_wconf 82' lang='grc' dir='ltr'><strong>λίθοις</strong></span> <span class='ocrx_word' id='word_1_225' title='bbox 2988 1695 3336 1764; x_wconf 72' lang='grc' dir='ltr'>αἰκιζόμενον</span> <span class='ocrx_word' id='word_1_226' title='bbox 3363 1695 3644 1748; x_wconf 83' lang='grc' dir='ltr'>ἀνένδοτον</span> <span class='ocrx_word' id='word_1_227' title='bbox 3683 1691 3821 1748; x_wconf 71' lang='grc' dir='ltr'>εἶναι</span> 
     </span>
    </p>
   </div>
   <div class='ocr_carea' id='block_1_35' title="bbox 568 1768 2143 1858">
    <p class='ocr_par' dir='ltr' id='par_1_35' title="bbox 568 1781 2143 1858">
     <span class='ocr_line' id='line_1_35' title="bbox 568 1781 2143 1858; baseline -0.002 -19"><span class='ocrx_word' id='word_1_228' title='bbox 568 1788 838 1857; x_wconf 83' lang='lat' dir='ltr'><strong>quassatis</strong></span> <span class='ocrx_word' id='word_1_229' title='bbox 896 1787 1131 1858; x_wconf 80' lang='lat' dir='ltr'><strong>lapidum</strong></span> <span class='ocrx_word' id='word_1_230' title='bbox 1184 1787 1476 1842; x_wconf 84' lang='lat' dir='ltr'><strong>emissione</strong></span> <span class='ocrx_word' id='word_1_231' title='bbox 1513 1787 1679 1839; x_wconf 88' lang='lat' dir='ltr'><strong>muris</strong></span> <span class='ocrx_word' id='word_1_232' title='bbox 1711 1798 2049 1852; x_wconf 82' lang='lat' dir='ltr'><strong>nequaquam</strong></span> <span class='ocrx_word' id='word_1_233' title='bbox 2078 1781 2143 1836; x_wconf 88' lang='lat' dir='ltr'><strong>ad</strong></span> 
     </span>
    </p>
   </div>
   <div class='ocr_carea' id='block_1_36' title="bbox 2248 1768 3824 1858">
    <p class='ocr_par' dir='ltr' id='par_1_36' title="bbox 2248 1783 3824 1852">
     <span class='ocr_line' id='line_1_36' title="bbox 2248 1783 3824 1852; baseline 0.004 -20"><span class='ocrx_word' id='word_1_234' title='bbox 2248 1783 2308 1833; x_wconf 73' lang='grc' dir='ltr'>τὸ</span> <span class='ocrx_word' id='word_1_235' title='bbox 2333 1783 2591 1852; x_wconf 87' lang='grc' dir='ltr'>φρούριον</span> <span class='ocrx_word' id='word_1_236' title='bbox 2639 1786 2953 1851; x_wconf 82' lang='grc' dir='ltr'>κατενόουν,</span> <span class='ocrx_word' id='word_1_237' title='bbox 2999 1788 3191 1840; x_wconf 84' lang='grc' dir='ltr'><strong>ἀσπίσι</strong></span> <span class='ocrx_word' id='word_1_238' title='bbox 3238 1787 3336 1848; x_wconf 85' lang='grc' dir='ltr'>τὰς</span> <span class='ocrx_word' id='word_1_239' title='bbox 3372 1786 3614 1852; x_wconf 68' lang='grc' dir='ltr'>κεφαλὰς</span> <span class='ocrx_word' id='word_1_240' title='bbox 3656 1787 3824 1838; x_wconf 88' lang='grc' dir='ltr'>καλυ-</span> 
     </span>
    </p>
   </div>
   <div class='ocr_carea' id='block_1_37' title="bbox 571 1873 2144 1942">
    <p class='ocr_par' dir='ltr' id='par_1_37' title="bbox 571 1873 2144 1942">
     <span class='ocr_line' id='line_1_37' title="bbox 571 1873 2144 1942; baseline -0.006 -8"><span class='ocrx_word' id='word_1_241' title='bbox 571 1881 905 1934; x_wconf 89' lang='lat' dir='ltr'><strong>deditionem</strong></span> <span class='ocrx_word' id='word_1_242' title='bbox 965 1879 1226 1934; x_wconf 84' lang='lat' dir='ltr'><strong>inclinare</strong></span> <span class='ocrx_word' id='word_1_243' title='bbox 1277 1887 1564 1934; x_wconf 88' lang='lat' dir='ltr'><strong>cernerent</strong></span> <span class='ocrx_word' id='word_1_244' title='bbox 1637 1885 1898 1938; x_wconf 87' lang='lat' dir='ltr'><strong>castrum,</strong></span> <span class='ocrx_word' id='word_1_245' title='bbox 1955 1873 2144 1942; x_wconf 87' lang='lat' dir='ltr'><strong>clypeo</strong></span> 
     </span>
    </p>
   </div>
   <div class='ocr_carea' id='block_1_38' title="bbox 567 1963 2142 2040">
    <p class='ocr_par' dir='ltr' id='par_1_38' title="bbox 567 1963 2142 2040">
     <span class='ocr_line' id='line_1_38' title="bbox 567 1963 2142 2040; baseline -0.006 -16"><span class='ocrx_word' id='word_1_246' title='bbox 567 1972 875 2040; x_wconf 87' lang='lat' dir='ltr'><strong>operientcs</strong></span> <span class='ocrx_word' id='word_1_247' title='bbox 934 1978 1113 2039; x_wconf 81' lang='lat' dir='ltr'><strong>caput,</strong></span> <span class='ocrx_word' id='word_1_248' title='bbox 1173 1970 1342 2023; x_wconf 84' lang='lat' dir='ltr'><strong>altera</strong></span> <span class='ocrx_word' id='word_1_249' title='bbox 1389 1981 1550 2022; x_wconf 79' lang='lat' dir='ltr'><strong>manu</strong></span> <span class='ocrx_word' id='word_1_250' title='bbox 1574 1966 1722 2021; x_wconf 88' lang='lat' dir='ltr'><strong>faces</strong></span> <span class='ocrx_word' id='word_1_251' title='bbox 1762 1964 2017 2026; x_wconf 86' lang='lat' dir='ltr'><strong>ferentes,</strong></span> <span class='ocrx_word' id='word_1_252' title='bbox 2079 1963 2142 2016; x_wconf 89' lang='lat' dir='ltr'><strong>ad</strong></span> 
     </span>
    </p>
   </div>
   <div class='ocr_carea' id='block_1_39' title="bbox 569 2053 2141 2130">
    <p class='ocr_par' dir='ltr' id='par_1_39' title="bbox 569 2053 2141 2130">
     <span class='ocr_line' id='line_1_39' title="bbox 569 2053 2141 2130; baseline -0.003 -17"><span class='ocrx_word' id='word_1_253' title='bbox 569 2069 780 2130; x_wconf 88' lang='lat' dir='ltr'><strong>portas,</strong></span> <span class='ocrx_word' id='word_1_254' title='bbox 845 2068 906 2113; x_wconf 92' lang='lat' dir='ltr'><strong>ut</strong></span> <span class='ocrx_word' id='word_1_255' title='bbox 933 2060 999 2114; x_wconf 88' lang='lat' dir='ltr'><strong>iis</strong></span> <span class='ocrx_word' id='word_1_256' title='bbox 1024 2061 1196 2128; x_wconf 80' lang='lat' dir='ltr'><strong>ignem</strong></span> <span class='ocrx_word' id='word_1_257' title='bbox 1243 2060 1612 2122; x_wconf 87' lang='lat' dir='ltr'><strong>admoverent,</strong></span> <span class='ocrx_word' id='word_1_258' title='bbox 1643 2056 1997 2111; x_wconf 87' lang='lat' dir='ltr'><strong>contendunt.</strong></span> <span class='ocrx_word' id='word_1_259' title='bbox 2037 2053 2141 2108; x_wconf 86' lang='lat' dir='ltr'><strong>Sed</strong></span> 
     </span>
    </p>
   </div>
   <div class='ocr_carea' id='block_1_40' title="bbox 574 2148 2143 2221">
    <p class='ocr_par' dir='ltr' id='par_1_40' title="bbox 574 2148 2143 2221">
     <span class='ocr_line' id='line_1_40' title="bbox 574 2148 2143 2221; baseline -0.005 -14"><span class='ocrx_word' id='word_1_260' title='bbox 574 2150 845 2207; x_wconf 75' lang='lat' dir='ltr'><strong>ﬂammam</strong></span> <span class='ocrx_word' id='word_1_261' title='bbox 879 2166 986 2205; x_wconf 90' lang='lat' dir='ltr'><strong>non</strong></span> <span class='ocrx_word' id='word_1_262' title='bbox 1016 2152 1354 2221; x_wconf 83' lang='lat' dir='ltr'><strong>concipiente</strong></span> <span class='ocrx_word' id='word_1_263' title='bbox 1401 2151 1562 2220; x_wconf 86' lang='lat' dir='ltr'><strong>ligno,</strong></span> <span class='ocrx_word' id='word_1_264' title='bbox 1598 2165 1656 2204; x_wconf 92' lang='lat' dir='ltr'><strong>re</strong></span> <span class='ocrx_word' id='word_1_265' title='bbox 1683 2148 1878 2204; x_wconf 88' lang='lat' dir='ltr'><strong>infecta</strong></span> <span class='ocrx_word' id='word_1_266' title='bbox 1915 2148 2143 2212; x_wconf 78' lang='lat' dir='ltr'><strong>rediero,</strong></span> 
     </span>
    </p>
   </div>
   <div class='ocr_carea' id='block_1_41' title="bbox 571 2238 2147 2310">
    <p class='ocr_par' dir='ltr' id='par_1_41' title="bbox 571 2238 2147 2310">
     <span class='ocr_line' id='line_1_41' title="bbox 571 2238 2147 2310; baseline -0.003 -16"><span class='ocrx_word' id='word_1_267' title='bbox 571 2241 756 2295; x_wconf 80' lang='lat' dir='ltr'><strong>vitatis</strong></span> <span class='ocrx_word' id='word_1_268' title='bbox 818 2253 1011 2308; x_wconf 67' lang='lat' dir='ltr'><strong>praeter</strong></span> <span class='ocrx_word' id='word_1_269' title='bbox 1048 2241 1379 2309; x_wconf 89' lang='lat' dir='ltr'><strong>opinionem,</strong></span> <span class='ocrx_word' id='word_1_270' title='bbox 1433 2255 1552 2310; x_wconf 63' lang='lat' dir='ltr'><strong>qua:</strong></span> <span class='ocrx_word' id='word_1_271' title='bbox 1585 2239 1860 2308; x_wconf 80' lang='lat' dir='ltr'><strong>grandinis</strong></span> <span class='ocrx_word' id='word_1_272' title='bbox 1885 2238 2052 2292; x_wconf 87' lang='lat' dir='ltr'><strong>instar</strong></span> <span class='ocrx_word' id='word_1_273' title='bbox 2081 2239 2147 2290; x_wconf 89' lang='lat' dir='ltr'><strong>de</strong></span> 
     </span>
    </p>
   </div>
   <div class='ocr_carea' id='block_1_42' title="bbox 573 2327 2143 2395">
    <p class='ocr_par' dir='ltr' id='par_1_42' title="bbox 573 2327 2143 2395">
     <span class='ocr_line' id='line_1_42' title="bbox 573 2327 2143 2395; baseline -0.005 -10"><span class='ocrx_word' id='word_1_274' title='bbox 573 2332 838 2387; x_wconf 65' lang='lat' dir='ltr'><strong>moenibus</strong></span> <span class='ocrx_word' id='word_1_275' title='bbox 892 2332 1300 2395; x_wconf 86' lang='lat' dir='ltr'><strong>emittebantur,</strong></span> <span class='ocrx_word' id='word_1_276' title='bbox 1353 2331 1490 2385; x_wconf 83' lang='lat' dir='ltr'><strong>telis.</strong></span> <span class='ocrx_word' id='word_1_277' title='bbox 1545 2331 1680 2382; x_wconf 88' lang='lat' dir='ltr'><strong>Tum</strong></span> <span class='ocrx_word' id='word_1_278' title='bbox 1730 2343 1858 2383; x_wconf 89' lang='lat' dir='ltr'><strong>vero</strong></span> <span class='ocrx_word' id='word_1_279' title='bbox 1890 2327 2143 2389; x_wconf 84' lang='lat' dir='ltr'><strong>Romani,</strong></span> 
     </span>
    </p>
   </div>
   <div class='ocr_carea' id='block_1_43' title="bbox 572 2420 2146 2492">
    <p class='ocr_par' dir='ltr' id='par_1_43' title="bbox 572 2420 2146 2492">
     <span class='ocr_line' id='line_1_43' title="bbox 572 2420 2146 2492; baseline -0.006 -16"><span class='ocrx_word' id='word_1_280' title='bbox 572 2432 849 2492; x_wconf 85' lang='lat' dir='ltr'><strong>postquam</strong></span> <span class='ocrx_word' id='word_1_281' title='bbox 907 2431 1178 2490; x_wconf 89' lang='lat' dir='ltr'><strong>protracto</strong></span> <span class='ocrx_word' id='word_1_282' title='bbox 1211 2420 1278 2475; x_wconf 88' lang='lat' dir='ltr'><strong>ad</strong></span> <span class='ocrx_word' id='word_1_283' title='bbox 1331 2421 1460 2475; x_wconf 91' lang='lat' dir='ltr'><strong>solis</strong></span> <span class='ocrx_word' id='word_1_284' title='bbox 1491 2433 1659 2488; x_wconf 90' lang='lat' dir='ltr'><strong>usque</strong></span> <span class='ocrx_word' id='word_1_285' title='bbox 1681 2433 1932 2473; x_wconf 87' lang='lat' dir='ltr'><strong>occasum</strong></span> <span class='ocrx_word' id='word_1_286' title='bbox 1973 2424 2146 2470; x_wconf 83' lang='lat' dir='ltr'><strong>certa-</strong></span> 
     </span>
    </p>
   </div>
   <div class='ocr_carea' id='block_1_44' title="bbox 573 2506 2146 2579">
    <p class='ocr_par' dir='ltr' id='par_1_44' title="bbox 573 2506 2146 2579">
     <span class='ocr_line' id='line_1_44' title="bbox 573 2506 2146 2579; baseline -0.003 -13"><span class='ocrx_word' id='word_1_287' title='bbox 573 2512 721 2567; x_wconf 83' lang='lat' dir='ltr'><strong>mine</strong></span> <span class='ocrx_word' id='word_1_288' title='bbox 771 2511 902 2564; x_wconf 84' lang='lat' dir='ltr'><strong>nihil</strong></span> <span class='ocrx_word' id='word_1_289' title='bbox 954 2509 1251 2579; x_wconf 87' lang='lat' dir='ltr'><strong>profecere,</strong></span> <span class='ocrx_word' id='word_1_290' title='bbox 1285 2511 1336 2564; x_wconf 90' lang='lat' dir='ltr'><strong>in</strong></span> <span class='ocrx_word' id='word_1_291' title='bbox 1385 2520 1560 2563; x_wconf 87' lang='lat' dir='ltr'><strong>castra</strong></span> <span class='ocrx_word' id='word_1_292' title='bbox 1606 2512 1806 2564; x_wconf 84' lang='lat' dir='ltr'><strong>reversi</strong></span> <span class='ocrx_word' id='word_1_293' title='bbox 1831 2516 1982 2564; x_wconf 89' lang='lat' dir='ltr'><strong>sunt.</strong></span> <span class='ocrx_word' id='word_1_294' title='bbox 2013 2506 2146 2573; x_wconf 65' lang='lat' dir='ltr'><strong>Quae</strong></span> 
     </span>
    </p>
   </div>
   <div class='ocr_carea' id='block_1_45' title="bbox 570 2601 2147 2670">
    <p class='ocr_par' dir='ltr' id='par_1_45' title="bbox 570 2601 2147 2670">
     <span class='ocr_line' id='line_1_45' title="bbox 570 2601 2147 2670; baseline -0.002 -13"><span class='ocrx_word' id='word_1_295' title='bbox 570 2617 694 2658; x_wconf 89' lang='lat' dir='ltr'><strong>cum</strong></span> <span class='ocrx_word' id='word_1_296' title='bbox 737 2601 987 2656; x_wconf 85' lang='lat' dir='ltr'><strong>Gulielmi</strong></span> <span class='ocrx_word' id='word_1_297' title='bbox 1037 2604 1262 2657; x_wconf 85' lang='lat' dir='ltr'><strong>ducibus</strong></span> <span class='ocrx_word' id='word_1_298' title='bbox 1288 2611 1561 2670; x_wconf 84' lang='lat' dir='ltr'><strong>comperta</strong></span> <span class='ocrx_word' id='word_1_299' title='bbox 1583 2609 1782 2665; x_wconf 88' lang='lat' dir='ltr'><strong>essent,</strong></span> <span class='ocrx_word' id='word_1_300' title='bbox 1807 2609 1992 2656; x_wconf 89' lang='lat' dir='ltr'><strong>coacto</strong></span> <span class='ocrx_word' id='word_1_301' title='bbox 2019 2614 2147 2654; x_wconf 88' lang='lat' dir='ltr'><strong>con-</strong></span> 
     </span>
    </p>
   </div>
   <div class='ocr_carea' id='block_1_46' title="bbox 572 2691 2145 2762">
    <p class='ocr_par' dir='ltr' id='par_1_46' title="bbox 572 2691 2145 2762">
     <span class='ocr_line' id='line_1_46' title="bbox 572 2691 2145 2762; baseline -0.002 -14"><span class='ocrx_word' id='word_1_302' title='bbox 572 2693 714 2762; x_wconf 89' lang='lat' dir='ltr'><strong>cilio,</strong></span> <span class='ocrx_word' id='word_1_303' title='bbox 746 2708 813 2746; x_wconf 85' lang='lat' dir='ltr'><strong>an</strong></span> <span class='ocrx_word' id='word_1_304' title='bbox 873 2708 993 2748; x_wconf 92' lang='lat' dir='ltr'><strong>cum</strong></span> <span class='ocrx_word' id='word_1_305' title='bbox 1017 2693 1273 2748; x_wconf 80' lang='lat' dir='ltr'><strong>Romanis</strong></span> <span class='ocrx_word' id='word_1_306' title='bbox 1299 2708 1492 2748; x_wconf 90' lang='lat' dir='ltr'><strong>manus</strong></span> <span class='ocrx_word' id='word_1_307' title='bbox 1521 2701 1891 2756; x_wconf 86' lang='lat' dir='ltr'><strong>consererent,</strong></span> <span class='ocrx_word' id='word_1_308' title='bbox 1942 2691 2145 2746; x_wconf 90' lang='lat' dir='ltr'><strong>delibe-</strong></span> 
     </span>
    </p>
   </div>
   <div class='ocr_carea' id='block_1_47' title="bbox 575 2781 2140 2844">
    <p class='ocr_par' dir='ltr' id='par_1_47' title="bbox 575 2781 2140 2844">
     <span class='ocr_line' id='line_1_47' title="bbox 575 2781 2140 2844; baseline -0.003 -7"><span class='ocrx_word' id='word_1_309' title='bbox 575 2792 718 2837; x_wconf 90' lang='lat' dir='ltr'><strong>rant.</strong></span> <span class='ocrx_word' id='word_1_310' title='bbox 758 2781 891 2836; x_wconf 90' lang='lat' dir='ltr'><strong>Cum</strong></span> <span class='ocrx_word' id='word_1_311' title='bbox 943 2783 1182 2836; x_wconf 88' lang='lat' dir='ltr'><strong>omnium</strong></span> <span class='ocrx_word' id='word_1_312' title='bbox 1236 2781 1290 2836; x_wconf 92' lang='lat' dir='ltr'><strong>in</strong></span> <span class='ocrx_word' id='word_1_313' title='bbox 1337 2783 1387 2836; x_wconf 90' lang='lat' dir='ltr'><strong>id</strong></span> <span class='ocrx_word' id='word_1_314' title='bbox 1437 2781 1791 2837; x_wconf 89' lang='lat' dir='ltr'><strong>convenirent</strong></span> <span class='ocrx_word' id='word_1_315' title='bbox 1837 2781 2140 2844; x_wconf 72' lang='lat' dir='ltr'><strong>sententiae,</strong></span> 
     </span>
    </p>
   </div>
   <div class='ocr_carea' id='block_1_48' title="bbox 573 2873 2145 2943">
    <p class='ocr_par' dir='ltr' id='par_1_48' title="bbox 573 2873 2145 2943">
     <span class='ocr_line' id='line_1_48' title="bbox 573 2873 2145 2943; baseline -0.001 -16"><span class='ocrx_word' id='word_1_316' title='bbox 573 2875 863 2942; x_wconf 82' lang='lat' dir='ltr'><strong>assumptis</strong></span> <span class='ocrx_word' id='word_1_317' title='bbox 908 2873 1096 2943; x_wconf 91' lang='lat' dir='ltr'><strong>copiis,</strong></span> <span class='ocrx_word' id='word_1_318' title='bbox 1148 2888 1335 2928; x_wconf 81' lang='lat' dir='ltr'><strong>versus</strong></span> <span class='ocrx_word' id='word_1_319' title='bbox 1389 2873 1758 2929; x_wconf 82' lang='lat' dir='ltr'><strong>Romanorum</strong></span> <span class='ocrx_word' id='word_1_320' title='bbox 1826 2882 2002 2926; x_wconf 88' lang='lat' dir='ltr'><strong>castra</strong></span> <span class='ocrx_word' id='word_1_321' title='bbox 2042 2874 2145 2926; x_wconf 89' lang='lat' dir='ltr'><strong>iter</strong></span> 
     </span>
    </p>
   </div>
   <div class='ocr_carea' id='block_1_49' title="bbox 573 2962 2136 3019">
    <p class='ocr_par' dir='ltr' id='par_1_49' title="bbox 573 2962 2136 3019">
     <span class='ocr_line' id='line_1_49' title="bbox 573 2962 2136 3019; baseline -0.001 0"><span class='ocrx_word' id='word_1_322' title='bbox 573 2965 875 3019; x_wconf 76' lang='lat' dir='ltr'><strong>intendunt.</strong></span> <span class='ocrx_word' id='word_1_323' title='bbox 931 2964 1160 3018; x_wconf 79' lang='lat' dir='ltr'><strong>Romani</strong></span> <span class='ocrx_word' id='word_1_324' title='bbox 1193 2974 1379 3017; x_wconf 89' lang='lat' dir='ltr'><strong>contra</strong></span> <span class='ocrx_word' id='word_1_325' title='bbox 1433 2964 1517 3017; x_wconf 85' lang='lat' dir='ltr'><strong>his</strong></span> <span class='ocrx_word' id='word_1_326' title='bbox 1551 2964 1749 3019; x_wconf 80' lang='lat' dir='ltr'><strong>auditis</strong></span> <span class='ocrx_word' id='word_1_327' title='bbox 1783 2965 1847 3017; x_wconf 90' lang='lat' dir='ltr'><strong>ad</strong></span> <span class='ocrx_word' id='word_1_328' title='bbox 1877 2962 2136 3018; x_wconf 89' lang='lat' dir='ltr'><strong>resisten-</strong></span> 
     </span>
    </p>
   </div>
   <div class='ocr_carea' id='block_1_50' title="bbox 575 3054 2143 3125">
    <p class='ocr_par' dir='ltr' id='par_1_50' title="bbox 575 3054 2143 3125">
     <span class='ocr_line' id='line_1_50' title="bbox 575 3054 2143 3125; baseline -0.002 -14"><span class='ocrx_word' id='word_1_329' title='bbox 575 3057 699 3111; x_wconf 85' lang='lat' dir='ltr'><strong>dum</strong></span> <span class='ocrx_word' id='word_1_330' title='bbox 724 3071 843 3112; x_wconf 86' lang='lat' dir='ltr'><strong>sese.</strong></span> <span class='ocrx_word' id='word_1_331' title='bbox 870 3064 1202 3125; x_wconf 85' lang='lat' dir='ltr'><strong>comparant.</strong></span> <span class='ocrx_word' id='word_1_332' title='bbox 1233 3056 1380 3110; x_wconf 89' lang='lat' dir='ltr'><strong>Italis</strong></span> <span class='ocrx_word' id='word_1_333' title='bbox 1402 3056 1616 3122; x_wconf 86' lang='lat' dir='ltr'><strong>quidem</strong></span> <span class='ocrx_word' id='word_1_334' title='bbox 1651 3070 1844 3110; x_wconf 90' lang='lat' dir='ltr'><strong>novem</strong></span> <span class='ocrx_word' id='word_1_335' title='bbox 1882 3054 2143 3125; x_wconf 70' lang='lat' dir='ltr'><strong>prazfuere</strong></span> 
     </span>
    </p>
   </div>
   <div class='ocr_carea' id='block_1_51' title="bbox 577 3145 2138 3216">
    <p class='ocr_par' dir='ltr' id='par_1_51' title="bbox 577 3145 2138 3216">
     <span class='ocr_line' id='line_1_51' title="bbox 577 3145 2138 3216; baseline -0.001 -15"><span class='ocrx_word' id='word_1_336' title='bbox 577 3148 766 3211; x_wconf 88' lang='lat' dir='ltr'><strong>duces,</strong></span> <span class='ocrx_word' id='word_1_337' title='bbox 802 3147 998 3216; x_wconf 87' lang='lat' dir='ltr'><strong>quibus</strong></span> <span class='ocrx_word' id='word_1_338' title='bbox 1018 3147 1266 3201; x_wconf 85' lang='lat' dir='ltr'><strong>omnibus</strong></span> <span class='ocrx_word' id='word_1_339' title='bbox 1299 3146 1618 3216; x_wconf 64' lang='lat' dir='ltr'><strong>prapositus</strong></span> <span class='ocrx_word' id='word_1_340' title='bbox 1655 3154 1740 3202; x_wconf 89' lang='lat' dir='ltr'><strong>est</strong></span> <span class='ocrx_word' id='word_1_341' title='bbox 1765 3145 2138 3200; x_wconf 89' lang='lat' dir='ltr'><strong>cancellarius.</strong></span> 
     </span>
    </p>
   </div>
   <div class='ocr_carea' id='block_1_52' title="bbox 575 3236 2151 3307">
    <p class='ocr_par' dir='ltr' id='par_1_52' title="bbox 575 3236 2151 3307">
     <span class='ocr_line' id='line_1_52' title="bbox 575 3236 2151 3307; baseline -0.003 -14"><span class='ocrx_word' id='word_1_342' title='bbox 575 3236 765 3293; x_wconf 87' lang='lat' dir='ltr'><strong>Omnis</strong></span> <span class='ocrx_word' id='word_1_343' title='bbox 811 3247 989 3290; x_wconf 89' lang='lat' dir='ltr'><strong>autem</strong></span> <span class='ocrx_word' id='word_1_344' title='bbox 1026 3238 1294 3290; x_wconf 81' lang='lat' dir='ltr'><strong>exercitus</strong></span> <span class='ocrx_word' id='word_1_345' title='bbox 1343 3237 1529 3301; x_wconf 87' lang='lat' dir='ltr'><strong>armis,</strong></span> <span class='ocrx_word' id='word_1_346' title='bbox 1560 3237 1840 3307; x_wconf 74' lang='lat' dir='ltr'><strong>generosis</strong></span> <span class='ocrx_word' id='word_1_347' title='bbox 1883 3247 2151 3304; x_wconf 75' lang='lat' dir='ltr'><strong>przeterea‘</strong></span> 
     </span>
    </p>
   </div>
   <div class='ocr_carea' id='block_1_53' title="bbox 578 3327 2138 3397">
    <p class='ocr_par' dir='ltr' id='par_1_53' title="bbox 578 3327 2138 3397">
     <span class='ocr_line' id='line_1_53' title="bbox 578 3327 2138 3397; baseline 0 -17"><span class='ocrx_word' id='word_1_348' title='bbox 578 3329 750 3397; x_wconf 88' lang='lat' dir='ltr'><strong>equis,</strong></span> <span class='ocrx_word' id='word_1_349' title='bbox 783 3327 1060 3396; x_wconf 88' lang='lat' dir='ltr'><strong>longisque</strong></span> <span class='ocrx_word' id='word_1_350' title='bbox 1086 3329 1249 3381; x_wconf 87' lang='lat' dir='ltr'><strong>hastis</strong></span> <span class='ocrx_word' id='word_1_351' title='bbox 1277 3342 1436 3396; x_wconf 88' lang='lat' dir='ltr'><strong>quam</strong></span> <span class='ocrx_word' id='word_1_352' title='bbox 1472 3328 1672 3394; x_wconf 88' lang='lat' dir='ltr'><strong>optime</strong></span> <span class='ocrx_word' id='word_1_353' title='bbox 1695 3328 1987 3381; x_wconf 89' lang='lat' dir='ltr'><strong>instructus</strong></span> <span class='ocrx_word' id='word_1_354' title='bbox 2004 3335 2138 3381; x_wconf 87' lang='lat' dir='ltr'><strong>erat.</strong></span> 
     </span>
    </p>
   </div>
   <div class='ocr_carea' id='block_1_54' title="bbox 577 3417 2138 3488">
    <p class='ocr_par' dir='ltr' id='par_1_54' title="bbox 577 3417 2138 3488">
     <span class='ocr_line' id='line_1_54' title="bbox 577 3417 2138 3488; baseline -0.004 -14"><span class='ocrx_word' id='word_1_355' title='bbox 577 3418 655 3474; x_wconf 78' lang='lat' dir='ltr'><strong>Ex</strong></span> <span class='ocrx_word' id='word_1_356' title='bbox 714 3419 908 3488; x_wconf 85' lang='lat' dir='ltr'><strong>quibus</strong></span> <span class='ocrx_word' id='word_1_357' title='bbox 953 3433 1057 3472; x_wconf 88' lang='lat' dir='ltr'><strong>non</strong></span> <span class='ocrx_word' id='word_1_358' title='bbox 1119 3419 1362 3472; x_wconf 89' lang='lat' dir='ltr'><strong>modicus</strong></span> <span class='ocrx_word' id='word_1_359' title='bbox 1388 3417 1660 3470; x_wconf 79' lang='lat' dir='ltr'><strong>Romanos</strong></span> <span class='ocrx_word' id='word_1_360' title='bbox 1704 3418 1924 3472; x_wconf 86' lang='lat' dir='ltr'><strong>incessit</strong></span> <span class='ocrx_word' id='word_1_361' title='bbox 1955 3430 2138 3486; x_wconf 86' lang='lat' dir='ltr'><strong>pavor,</strong></span> 
     </span>
    </p>
   </div>
   <div class='ocr_carea' id='block_1_55' title="bbox 581 3507 2142 3563">
    <p class='ocr_par' dir='ltr' id='par_1_55' title="bbox 581 3507 2142 3563">
     <span class='ocr_line' id='line_1_55' title="bbox 581 3507 2142 3563; baseline -0.003 -1"><span class='ocrx_word' id='word_1_362' title='bbox 581 3511 745 3562; x_wconf 88' lang='lat' dir='ltr'><strong>animi</strong></span> <span class='ocrx_word' id='word_1_363' title='bbox 794 3509 981 3563; x_wconf 85' lang='lat' dir='ltr'><strong>dubios</strong></span> <span class='ocrx_word' id='word_1_364' title='bbox 1039 3524 1106 3562; x_wconf 88' lang='lat' dir='ltr'><strong>an</strong></span> <span class='ocrx_word' id='word_1_365' title='bbox 1147 3524 1268 3562; x_wconf 92' lang='lat' dir='ltr'><strong>cum</strong></span> <span class='ocrx_word' id='word_1_366' title='bbox 1328 3518 1476 3562; x_wconf 89' lang='lat' dir='ltr'><strong>tanto</strong></span> <span class='ocrx_word' id='word_1_367' title='bbox 1507 3514 1562 3563; x_wconf 88' lang='lat' dir='ltr'><strong>et</strong></span> <span class='ocrx_word' id='word_1_368' title='bbox 1593 3517 1698 3560; x_wconf 84' lang='lat' dir='ltr'><strong>tant</strong></span> <span class='ocrx_word' id='word_1_369' title='bbox 1755 3507 1892 3561; x_wconf 86' lang='lat' dir='ltr'><strong>bene</strong></span> <span class='ocrx_word' id='word_1_370' title='bbox 1933 3515 2142 3559; x_wconf 85' lang='lat' dir='ltr'><strong>armato</strong></span> 
     </span>
    </p>
   </div>
   <div class='ocr_carea' id='block_1_56' title="bbox 577 3595 2141 3667">
    <p class='ocr_par' dir='ltr' id='par_1_56' title="bbox 577 3595 2141 3667">
     <span class='ocr_line' id='line_1_56' title="bbox 577 3595 2141 3667; baseline -0.003 -15"><span class='ocrx_word' id='word_1_371' title='bbox 577 3599 815 3654; x_wconf 78' lang='lat' dir='ltr'><strong>exercitu</strong></span> <span class='ocrx_word' id='word_1_372' title='bbox 877 3600 1084 3667; x_wconf 81' lang='lat' dir='ltr'><strong>exiguis</strong></span> <span class='ocrx_word' id='word_1_373' title='bbox 1133 3598 1424 3652; x_wconf 91' lang='lat' dir='ltr'><strong>admodum</strong></span> <span class='ocrx_word' id='word_1_374' title='bbox 1448 3597 1618 3666; x_wconf 90' lang='lat' dir='ltr'><strong>copiis</strong></span> <span class='ocrx_word' id='word_1_375' title='bbox 1646 3596 2007 3650; x_wconf 86' lang='lat' dir='ltr'><strong>decertarent.</strong></span> <span class='ocrx_word' id='word_1_376' title='bbox 2038 3595 2141 3650; x_wconf 91' lang='lat' dir='ltr'><strong>Or-</strong></span> 
     </span>
    </p>
   </div>
   <div class='ocr_carea' id='block_1_57' title="bbox 581 3687 2141 3759">
    <p class='ocr_par' dir='ltr' id='par_1_57' title="bbox 581 3687 2141 3759">
     <span class='ocr_line' id='line_1_57' title="bbox 581 3687 2141 3759; baseline -0.005 -14"><span class='ocrx_word' id='word_1_377' title='bbox 581 3695 762 3745; x_wconf 80' lang='lat' dir='ltr'><strong>dinata</strong></span> <span class='ocrx_word' id='word_1_378' title='bbox 815 3691 1171 3745; x_wconf 82' lang='lat' dir='ltr'><strong>nihilominus</strong></span> <span class='ocrx_word' id='word_1_379' title='bbox 1220 3690 1338 3744; x_wconf 86' lang='lat' dir='ltr'><strong>acie</strong></span> <span class='ocrx_word' id='word_1_380' title='bbox 1385 3700 1438 3743; x_wconf 92' lang='lat' dir='ltr'><strong>et</strong></span> <span class='ocrx_word' id='word_1_381' title='bbox 1469 3704 1565 3759; x_wconf 88' lang='lat' dir='ltr'><strong>per</strong></span> <span class='ocrx_word' id='word_1_382' title='bbox 1603 3697 1808 3742; x_wconf 87' lang='lat' dir='ltr'><strong>turmas</strong></span> <span class='ocrx_word' id='word_1_383' title='bbox 1837 3687 2141 3750; x_wconf 85' lang='lat' dir='ltr'><strong>distributa,</strong></span> 
     </span>
    </p>
   </div>
   <div class='ocr_carea' id='block_1_58' title="bbox 582 3777 2142 3850">
    <p class='ocr_par' dir='ltr' id='par_1_58' title="bbox 582 3777 2142 3850">
     <span class='ocr_line' id='line_1_58' title="bbox 582 3777 2142 3850; baseline -0.003 -16"><span class='ocrx_word' id='word_1_384' title='bbox 582 3782 689 3834; x_wconf 82' lang='lat' dir='ltr'><strong>dux</strong></span> <span class='ocrx_word' id='word_1_385' title='bbox 721 3781 884 3834; x_wconf 87' lang='lat' dir='ltr'><strong>multa</strong></span> <span class='ocrx_word' id='word_1_386' title='bbox 909 3782 1148 3834; x_wconf 88' lang='lat' dir='ltr'><strong>oratione</strong></span> <span class='ocrx_word' id='word_1_387' title='bbox 1198 3780 1262 3833; x_wconf 88' lang='lat' dir='ltr'><strong>ad</strong></span> <span class='ocrx_word' id='word_1_388' title='bbox 1291 3779 1790 3850; x_wconf 82' lang='lat' dir='ltr'><strong>magnanimitatem</strong></span> <span class='ocrx_word' id='word_1_389' title='bbox 1823 3777 2018 3832; x_wconf 88' lang='lat' dir='ltr'><strong>milites</strong></span> <span class='ocrx_word' id='word_1_390' title='bbox 2048 3793 2142 3830; x_wconf 84' lang='lat' dir='ltr'><strong>co-</strong></span> 
     </span>
    </p>
   </div>
   <div class='ocr_carea' id='block_1_59' title="bbox 580 3869 2144 3941">
    <p class='ocr_par' dir='ltr' id='par_1_59' title="bbox 580 3869 2144 3941">
     <span class='ocr_line' id='line_1_59' title="bbox 580 3869 2144 3941; baseline -0.003 -15"><span class='ocrx_word' id='word_1_391' title='bbox 580 3873 842 3928; x_wconf 87' lang='lat' dir='ltr'><strong>hortatur.</strong></span> <span class='ocrx_word' id='word_1_392' title='bbox 873 3872 1116 3926; x_wconf 81' lang='lat' dir='ltr'><strong>Manibus</strong></span> <span class='ocrx_word' id='word_1_393' title='bbox 1148 3872 1454 3941; x_wconf 85' lang='lat' dir='ltr'><strong>aliquandiu</strong></span> <span class='ocrx_word' id='word_1_394' title='bbox 1472 3872 1538 3925; x_wconf 88' lang='lat' dir='ltr'><strong>ab</strong></span> <span class='ocrx_word' id='word_1_395' title='bbox 1565 3869 1722 3940; x_wconf 77' lang='lat'><strong>150</strong></span> <span class='ocrx_word' id='word_1_396' title='bbox 1743 3881 1969 3939; x_wconf 89' lang='lat' dir='ltr'><strong>utraque</strong></span> <span class='ocrx_word' id='word_1_397' title='bbox 1997 3878 2144 3938; x_wconf 88' lang='lat' dir='ltr'><strong>parte</strong></span> 
     </span>
    </p>
   </div>
   <div class='ocr_carea' id='block_1_60' title="bbox 581 3962 2140 4035">
    <p class='ocr_par' dir='ltr' id='par_1_60' title="bbox 581 3962 2140 4035">
     <span class='ocr_line' id='line_1_60' title="bbox 581 3962 2140 4035; baseline -0.001 -17"><span class='ocrx_word' id='word_1_398' title='bbox 581 3974 950 4035; x_wconf 86' lang='lat' dir='ltr'><strong>temperatum.</strong></span> <span class='ocrx_word' id='word_1_399' title='bbox 1005 3966 1072 4020; x_wconf 83' lang='lat' dir='ltr'><strong>At</strong></span> <span class='ocrx_word' id='word_1_400' title='bbox 1113 3974 1395 4032; x_wconf 85' lang='lat' dir='ltr'><strong>postquam</strong></span> <span class='ocrx_word' id='word_1_401' title='bbox 1437 3964 1716 4018; x_wconf 87' lang='lat' dir='ltr'><strong>classicum</strong></span> <span class='ocrx_word' id='word_1_402' title='bbox 1749 3963 2020 4028; x_wconf 89' lang='lat' dir='ltr'><strong>utrimque</strong></span> <span class='ocrx_word' id='word_1_403' title='bbox 2057 3962 2140 4016; x_wconf 87' lang='lat' dir='ltr'><strong>in-</strong></span> 
     </span>
    </p>
   </div>
   <div class='ocr_carea' id='block_1_61' title="bbox 582 4057 2140 4130">
    <p class='ocr_par' dir='ltr' id='par_1_61' title="bbox 582 4057 2140 4130">
     <span class='ocr_line' id='line_1_61' title="bbox 582 4057 2140 4130; baseline -0.004 -14"><span class='ocrx_word' id='word_1_404' title='bbox 582 4060 784 4126; x_wconf 88' lang='lat' dir='ltr'><strong>sonuit,</strong></span> <span class='ocrx_word' id='word_1_405' title='bbox 818 4069 872 4116; x_wconf 90' lang='lat' dir='ltr'><strong>et</strong></span> <span class='ocrx_word' id='word_1_406' title='bbox 893 4061 1104 4130; x_wconf 90' lang='lat' dir='ltr'><strong>signum</strong></span> <span class='ocrx_word' id='word_1_407' title='bbox 1132 4074 1326 4129; x_wconf 83' lang='lat' dir='ltr'><strong>pugnae</strong></span> <span class='ocrx_word' id='word_1_408' title='bbox 1383 4059 1568 4122; x_wconf 83' lang='lat' dir='ltr'><strong>datum</strong></span> <span class='ocrx_word' id='word_1_409' title='bbox 1604 4068 1706 4123; x_wconf 91' lang='lat' dir='ltr'><strong>est,</strong></span> <span class='ocrx_word' id='word_1_410' title='bbox 1733 4057 1981 4112; x_wconf 90' lang='lat' dir='ltr'><strong>omnibus</strong></span> <span class='ocrx_word' id='word_1_411' title='bbox 2004 4071 2140 4125; x_wconf 75' lang='lat' dir='ltr'><strong>prae-</strong></span> 
     </span>
    </p>
   </div>
   <div class='ocr_carea' id='block_1_62' title="bbox 580 4150 2141 4207">
    <p class='ocr_par' dir='ltr' id='par_1_62' title="bbox 580 4150 2141 4207">
     <span class='ocr_line' id='line_1_62' title="bbox 580 4150 2141 4207; baseline -0.003 -1"><span class='ocrx_word' id='word_1_412' title='bbox 580 4150 711 4206; x_wconf 88' lang='lat' dir='ltr'><strong>liutn</strong></span> <span class='ocrx_word' id='word_1_413' title='bbox 763 4152 943 4206; x_wconf 90' lang='lat' dir='ltr'><strong>ineunt</strong></span> <span class='ocrx_word' id='word_1_414' title='bbox 977 4153 1230 4207; x_wconf 89' lang='lat' dir='ltr'><strong>universi.</strong></span> <span class='ocrx_word' id='word_1_415' title='bbox 1279 4151 1390 4206; x_wconf 88' lang='lat' dir='ltr'><strong>Nec</strong></span> <span class='ocrx_word' id='word_1_416' title='bbox 1417 4151 1580 4206; x_wconf 91' lang='lat' dir='ltr'><strong>solem</strong></span> <span class='ocrx_word' id='word_1_417' title='bbox 1622 4151 1854 4204; x_wconf 79' lang='lat' dir='ltr'><strong>dixisses</strong></span> <span class='ocrx_word' id='word_1_418' title='bbox 1877 4164 1975 4204; x_wconf 90' lang='lat' dir='ltr'><strong>nec</strong></span> <span class='ocrx_word' id='word_1_419' title='bbox 2001 4151 2141 4204; x_wconf 90' lang='lat' dir='ltr'><strong>diem</strong></span> 
     </span>
    </p>
   </div>
   <div class='ocr_carea' id='block_1_63' title="bbox 582 4242 2144 4313">
    <p class='ocr_par' dir='ltr' id='par_1_63' title="bbox 582 4242 2144 4313">
     <span class='ocr_line' id='line_1_63' title="bbox 582 4242 2144 4313; baseline -0.001 -16"><span class='ocrx_word' id='word_1_420' title='bbox 582 4243 841 4312; x_wconf 88' lang='lat' dir='ltr'><strong>conspici,</strong></span> <span class='ocrx_word' id='word_1_421' title='bbox 901 4245 1031 4298; x_wconf 87' lang='lat' dir='ltr'><strong>adeo</strong></span> <span class='ocrx_word' id='word_1_422' title='bbox 1081 4260 1268 4300; x_wconf 82' lang='lat' dir='ltr'><strong>omnes</strong></span> <span class='ocrx_word' id='word_1_423' title='bbox 1311 4244 1480 4313; x_wconf 81' lang='lat' dir='ltr'><strong>caligo</strong></span> <span class='ocrx_word' id='word_1_424' title='bbox 1533 4242 1807 4297; x_wconf 84' lang='lat' dir='ltr'><strong>invaserat</strong></span> <span class='ocrx_word' id='word_1_425' title='bbox 1870 4243 2144 4312; x_wconf 89' lang='lat' dir='ltr'><strong>pulvisque</strong></span> 
     </span>
    </p>
   </div>
   <div class='ocr_carea' id='block_1_64' title="bbox 583 4330 2144 4401">
    <p class='ocr_par' dir='ltr' id='par_1_64' title="bbox 583 4330 2144 4401">
     <span class='ocr_line' id='line_1_64' title="bbox 583 4330 2144 4401; baseline -0.006 -11"><span class='ocrx_word' id='word_1_426' title='bbox 583 4335 775 4391; x_wconf 86' lang='lat' dir='ltr'><strong>creber</strong></span> <span class='ocrx_word' id='word_1_427' title='bbox 828 4335 879 4388; x_wconf 92' lang='lat' dir='ltr'><strong>in</strong></span> <span class='ocrx_word' id='word_1_428' title='bbox 943 4336 1137 4390; x_wconf 62' lang='lat' dir='ltr'><strong>coelum</strong></span> <span class='ocrx_word' id='word_1_429' title='bbox 1189 4335 1480 4389; x_wconf 79' lang='lat' dir='ltr'><strong>ferebatur.</strong></span> <span class='ocrx_word' id='word_1_430' title='bbox 1531 4331 1798 4401; x_wconf 87' lang='lat' dir='ltr'><strong>Strepitns</strong></span> <span class='ocrx_word' id='word_1_431' title='bbox 1832 4343 1883 4386; x_wconf 88' lang='lat' dir='ltr'><strong>et</strong></span> <span class='ocrx_word' id='word_1_432' title='bbox 1940 4330 2144 4384; x_wconf 85' lang='lat' dir='ltr'><strong>clamor</strong></span> 
     </span>
    </p>
   </div>
   <div class='ocr_carea' id='block_1_65' title="bbox 2244 1873 3824 1949">
    <p class='ocr_par' dir='ltr' id='par_1_65' title="bbox 2244 1873 3824 1949">
     <span class='ocr_line' id='line_1_65' title="bbox 2244 1873 3824 1949; baseline 0.003 -23"><span class='ocrx_word' id='word_1_433' title='bbox 2244 1873 2480 1942; x_wconf 65' lang='grc' dir='ltr'>φάμενοι</span> <span class='ocrx_word' id='word_1_434' title='bbox 2509 1875 2669 1946; x_wconf 80' lang='grc' dir='ltr'>δᾷδάς</span> <span class='ocrx_word' id='word_1_435' title='bbox 2698 1894 2755 1928; x_wconf 87' lang='grc' dir='ltr'><strong>τε</strong></span> <span class='ocrx_word' id='word_1_436' title='bbox 2790 1879 2946 1947; x_wconf 74' lang='grc' dir='ltr'>χερσὶ</span> <span class='ocrx_word' id='word_1_437' title='bbox 2973 1880 3092 1941; x_wconf 79' lang='grc' dir='ltr'>ταῖς</span> <span class='ocrx_word' id='word_1_438' title='bbox 3125 1879 3340 1949; x_wconf 85' lang='grc' dir='ltr'>ἐτέραις</span> <span class='ocrx_word' id='word_1_439' title='bbox 3371 1878 3582 1947; x_wconf 74' lang='grc' dir='ltr'>ἔχοντες</span> <span class='ocrx_word' id='word_1_440' title='bbox 3611 1880 3702 1932; x_wconf 78' lang='grc' dir='ltr'><strong>ἐπὶ</strong></span> <span class='ocrx_word' id='word_1_441' title='bbox 3723 1881 3824 1943; x_wconf 69' lang='grc' dir='ltr'>τὰς</span> 
     </span>
    </p>
   </div>
   <div class='ocr_carea' id='block_1_66' title="bbox 2247 1965 3819 2042">
    <p class='ocr_par' dir='ltr' id='par_1_66' title="bbox 2247 1965 3819 2042">
     <span class='ocr_line' id='line_1_66' title="bbox 2247 1965 3819 2042; baseline 0.005 -26"><span class='ocrx_word' id='word_1_442' title='bbox 2247 1965 2423 2028; x_wconf 84' lang='grc' dir='ltr'>πύλας</span> <span class='ocrx_word' id='word_1_443' title='bbox 2492 1967 2746 2040; x_wconf 20' lang='grc' dir='ltr'>ἐχώρουν,</span> <span class='ocrx_word' id='word_1_444' title='bbox 2795 1971 2870 2032; x_wconf 82' lang='grc' dir='ltr'>ὡς</span> <span class='ocrx_word' id='word_1_445' title='bbox 2923 1970 3014 2040; x_wconf 84' lang='grc' dir='ltr'><strong>[Ρ.</strong></span> <span class='ocrx_word' id='word_1_446' title='bbox 3045 1971 3138 2042; x_wconf 83' lang='lat'><strong>87]</strong></span> <span class='ocrx_word' id='word_1_447' title='bbox 3191 1972 3567 2041; x_wconf 73' lang='grc' dir='ltr'><strong>ἐμπρήσοντες</strong></span> <span class='ocrx_word' id='word_1_448' title='bbox 3628 1972 3819 2031; x_wconf 81' lang='grc' dir='ltr'>αὐτάς.</span> 
     </span>
    </p>
   </div>
   <div class='ocr_carea' id='block_1_67' title="bbox 2260 2059 3820 2134">
    <p class='ocr_par' dir='ltr' id='par_1_67' title="bbox 2260 2059 3820 2134">
     <span class='ocr_line' id='line_1_67' title="bbox 2260 2059 3820 2134; baseline 0.003 -22"><span class='ocrx_word' id='word_1_449' title='bbox 2260 2059 2424 2112; x_wconf 84' lang='grc' dir='ltr'><strong>Ἀλλά</strong></span> <span class='ocrx_word' id='word_1_450' title='bbox 2455 2060 2557 2130; x_wconf 80' lang='grc' dir='ltr'>τῆς</span> <span class='ocrx_word' id='word_1_451' title='bbox 2595 2060 2727 2131; x_wconf 79' lang='grc' dir='ltr'>ὕλης</span> <span class='ocrx_word' id='word_1_452' title='bbox 2757 2062 2857 2115; x_wconf 76' lang='grc' dir='ltr'>οὐκ</span> <span class='ocrx_word' id='word_1_453' title='bbox 2887 2064 3197 2132; x_wconf 85' lang='grc' dir='ltr'>εὐπρήστου</span> <span class='ocrx_word' id='word_1_454' title='bbox 3238 2063 3519 2134; x_wconf 83' lang='grc' dir='ltr'><strong>παρούσης</strong></span> <span class='ocrx_word' id='word_1_455' title='bbox 3547 2063 3820 2134; x_wconf 77' lang='grc' dir='ltr'><strong>ἄπρακτοι</strong></span> 
     </span>
    </p>
   </div>
   <div class='ocr_carea' id='block_1_68' title="bbox 2247 2148 3820 2224">
    <p class='ocr_par' dir='ltr' id='par_1_68' title="bbox 2247 2148 3820 2224">
     <span class='ocr_line' id='line_1_68' title="bbox 2247 2148 3820 2224; baseline 0.005 -24"><span class='ocrx_word' id='word_1_456' title='bbox 2247 2148 2460 2202; x_wconf 85' lang='grc' dir='ltr'>ἐκεῖθεν</span> <span class='ocrx_word' id='word_1_457' title='bbox 2489 2151 2866 2223; x_wconf 78' lang='grc' dir='ltr'><strong>ἀνεχώρησαν,</strong></span> <span class='ocrx_word' id='word_1_458' title='bbox 2891 2154 3211 2224; x_wconf 83' lang='grc' dir='ltr'>παραδόξως</span> <span class='ocrx_word' id='word_1_459' title='bbox 3236 2156 3334 2217; x_wconf 84' lang='grc' dir='ltr'>τὰς</span> <span class='ocrx_word' id='word_1_460' title='bbox 3365 2156 3446 2208; x_wconf 81' lang='grc' dir='ltr'><strong>ἐκ</strong></span> <span class='ocrx_word' id='word_1_461' title='bbox 3483 2154 3579 2208; x_wconf 85' lang='grc' dir='ltr'>τοῦ</span> <span class='ocrx_word' id='word_1_462' title='bbox 3605 2156 3820 2224; x_wconf 84' lang='grc' dir='ltr'>τείχους</span> 
     </span>
    </p>
   </div>
   <div class='ocr_carea' id='block_1_69' title="bbox 2247 2239 3821 2316">
    <p class='ocr_par' dir='ltr' id='par_1_69' title="bbox 2247 2239 3821 2316">
     <span class='ocr_line' id='line_1_69' title="bbox 2247 2239 3821 2316; baseline 0.005 -26"><span class='ocrx_word' id='word_1_463' title='bbox 2247 2239 2558 2309; x_wconf 80' lang='grc' dir='ltr'>χαλαζηδὸν</span> <span class='ocrx_word' id='word_1_464' title='bbox 2613 2243 2699 2294; x_wconf 87' lang='grc' dir='ltr'><strong>ἐπ’</strong></span> <span class='ocrx_word' id='word_1_465' title='bbox 2754 2244 2953 2306; x_wconf 81' lang='grc' dir='ltr'>αὐτοὺς</span> <span class='ocrx_word' id='word_1_466' title='bbox 3009 2248 3367 2316; x_wconf 80' lang='grc' dir='ltr'>πεμπομένας</span> <span class='ocrx_word' id='word_1_467' title='bbox 3419 2246 3821 2314; x_wconf 78' lang='grc' dir='ltr'>ἐκπεφευγότες</span> 
     </span>
    </p>
   </div>
   <div class='ocr_carea' id='block_1_70' title="bbox 2248 2326 3820 2404">
    <p class='ocr_par' dir='ltr' id='par_1_70' title="bbox 2248 2326 3820 2404">
     <span class='ocr_line' id='line_1_70' title="bbox 2248 2326 3820 2404; baseline 0.005 -26"><span class='ocrx_word' id='word_1_468' title='bbox 2248 2326 2431 2396; x_wconf 82' lang='grc' dir='ltr'>βολάς.</span> <span class='ocrx_word' id='word_1_469' title='bbox 2465 2331 2596 2385; x_wconf 82' lang='grc' dir='ltr'>Τότε</span> <span class='ocrx_word' id='word_1_470' title='bbox 2645 2333 2746 2402; x_wconf 80' lang='grc' dir='ltr'>μὲν</span> <span class='ocrx_word' id='word_1_471' title='bbox 2789 2330 2884 2386; x_wconf 86' lang='grc' dir='ltr'>οὖν</span> <span class='ocrx_word' id='word_1_472' title='bbox 2923 2331 3185 2403; x_wconf 75' lang='grc' dir='ltr'>Ῥωμαῖοι</span> <span class='ocrx_word' id='word_1_473' title='bbox 3214 2335 3312 2403; x_wconf 82' lang='grc' dir='ltr'><strong>τῆς</strong></span> <span class='ocrx_word' id='word_1_474' title='bbox 3352 2335 3530 2403; x_wconf 82' lang='grc' dir='ltr'>μάχης</span> <span class='ocrx_word' id='word_1_475' title='bbox 3571 2337 3696 2404; x_wconf 78' lang='grc' dir='ltr'>ἄχρι</span> <span class='ocrx_word' id='word_1_476' title='bbox 3723 2335 3820 2387; x_wconf 76' lang='grc' dir='ltr'>καὶ</span> 
     </span>
    </p>
   </div>
   <div class='ocr_carea' id='block_1_71' title="bbox 2247 2419 3816 2494">
    <p class='ocr_par' dir='ltr' id='par_1_71' title="bbox 2247 2419 3816 2494">
     <span class='ocr_line' id='line_1_71' title="bbox 2247 2419 3816 2494; baseline 0.003 -24"><span class='ocrx_word' id='word_1_477' title='bbox 2247 2419 2305 2482; x_wconf 89' lang='grc' dir='ltr'><strong>ἐς</strong></span> <span class='ocrx_word' id='word_1_478' title='bbox 2335 2419 2527 2475; x_wconf 80' lang='grc' dir='ltr'>δύοντα</span> <span class='ocrx_word' id='word_1_479' title='bbox 2565 2423 2964 2493; x_wconf 84' lang='grc' dir='ltr'>κατατεινάσης</span> <span class='ocrx_word' id='word_1_480' title='bbox 2991 2423 3164 2494; x_wconf 77' lang='grc' dir='ltr'>ἥλιον,</span> <span class='ocrx_word' id='word_1_481' title='bbox 3201 2423 3387 2492; x_wconf 86' lang='grc' dir='ltr'>ἐπειδὴ</span> <span class='ocrx_word' id='word_1_482' title='bbox 3422 2422 3593 2493; x_wconf 73' lang='grc' dir='ltr'>μηδὲν</span> <span class='ocrx_word' id='word_1_483' title='bbox 3627 2424 3816 2494; x_wconf 83' lang='grc' dir='ltr'>ἡνυον,</span> 
     </span>
    </p>
   </div>
   <div class='ocr_carea' id='block_1_72' title="bbox 2247 2508 3818 2582">
    <p class='ocr_par' dir='ltr' id='par_1_72' title="bbox 2247 2508 3818 2582">
     <span class='ocr_line' id='line_1_72' title="bbox 2247 2508 3818 2582; baseline 0.001 -19"><span class='ocrx_word' id='word_1_484' title='bbox 2247 2511 2342 2563; x_wconf 77' lang='grc' dir='ltr'><strong>ἐπὶ</strong></span> <span class='ocrx_word' id='word_1_485' title='bbox 2379 2510 2440 2563; x_wconf 84' lang='grc' dir='ltr'>τὸ</span> <span class='ocrx_word' id='word_1_486' title='bbox 2487 2511 2850 2580; x_wconf 82' lang='grc' dir='ltr'>στρατόπεδον</span> <span class='ocrx_word' id='word_1_487' title='bbox 2898 2508 3083 2582; x_wconf 81' lang='grc' dir='ltr'>ἦλθον.</span> <span class='ocrx_word' id='word_1_488' title='bbox 3129 2513 3192 2564; x_wconf 79' lang='lat' dir='ltr'><strong>Oi</strong></span> <span class='ocrx_word' id='word_1_489' title='bbox 3229 2511 3284 2564; x_wconf 80' lang='grc' dir='ltr'>δὲ</span> <span class='ocrx_word' id='word_1_490' title='bbox 3332 2512 3615 2582; x_wconf 70' lang='grc' dir='ltr'>Γιλιέλμου</span> <span class='ocrx_word' id='word_1_491' title='bbox 3652 2529 3818 2582; x_wconf 83' lang='grc' dir='ltr'>στρα-</span> 
     </span>
    </p>
   </div>
   <div class='ocr_carea' id='block_1_73' title="bbox 2248 2602 3816 2675">
    <p class='ocr_par' dir='ltr' id='par_1_73' title="bbox 2248 2602 3816 2675">
     <span class='ocr_line' id='line_1_73' title="bbox 2248 2602 3816 2675; baseline 0.001 -19"><span class='ocrx_word' id='word_1_492' title='bbox 2248 2605 2470 2675; x_wconf 86' lang='grc' dir='ltr'>τάρχαι,</span> <span class='ocrx_word' id='word_1_493' title='bbox 2500 2607 2708 2657; x_wconf 88' lang='grc' dir='ltr'>τούτων</span> <span class='ocrx_word' id='word_1_494' title='bbox 2738 2603 3092 2668; x_wconf 86' lang='grc' dir='ltr'>ἀκούσαντες,</span> <span class='ocrx_word' id='word_1_495' title='bbox 3131 2605 3208 2666; x_wconf 84' lang='grc' dir='ltr'><strong>είς</strong></span> <span class='ocrx_word' id='word_1_496' title='bbox 3237 2603 3431 2672; x_wconf 80' lang='grc' dir='ltr'>βουλὴν</span> <span class='ocrx_word' id='word_1_497' title='bbox 3469 2602 3816 2670; x_wconf 74' lang='grc' dir='ltr'>συλλεγέντες</span> 
     </span>
    </p>
   </div>
   <div class='ocr_carea' id='block_1_74' title="bbox 2246 2691 3816 2765">
    <p class='ocr_par' dir='ltr' id='par_1_74' title="bbox 2246 2691 3816 2765">
     <span class='ocr_line' id='line_1_74' title="bbox 2246 2691 3816 2765; baseline -0.001 -18"><span class='ocrx_word' id='word_1_498' title='bbox 2246 2697 2295 2747; x_wconf 84' lang='grc' dir='ltr'>ει</span> <span class='ocrx_word' id='word_1_499' title='bbox 2334 2695 2439 2764; x_wconf 79' lang='grc' dir='ltr'>χρὴ</span> <span class='ocrx_word' id='word_1_500' title='bbox 2481 2693 2769 2763; x_wconf 86' lang='grc' dir='ltr'>Ῥωμαίοις</span> <span class='ocrx_word' id='word_1_501' title='bbox 2824 2695 3085 2765; x_wconf 80' lang='grc' dir='ltr'>πολεμεῖν</span> <span class='ocrx_word' id='word_1_502' title='bbox 3134 2696 3480 2748; x_wconf 85' lang='grc' dir='ltr'>ἐσκέπτοντο.</span> <span class='ocrx_word' id='word_1_503' title='bbox 3530 2692 3695 2756; x_wconf 71' lang='grc' dir='ltr'>Δόξαν</span> <span class='ocrx_word' id='word_1_504' title='bbox 3719 2691 3816 2745; x_wconf 72' lang='grc' dir='ltr'>οὖν</span> 
     </span>
    </p>
   </div>
   <div class='ocr_carea' id='block_1_75' title="bbox 2245 2771 3816 2852">
    <p class='ocr_par' dir='ltr' id='par_1_75' title="bbox 2245 2771 3816 2852">
     <span class='ocr_line' id='line_1_75' title="bbox 2245 2771 3816 2852; baseline -0.001 -18"><span class='ocrx_word' id='word_1_505' title='bbox 2245 2783 2418 2851; x_wconf 64' lang='grc' dir='ltr'>οὕτω,</span> <span class='ocrx_word' id='word_1_506' title='bbox 2453 2783 2550 2844; x_wconf 73' lang='grc' dir='ltr'>τὰς</span> <span class='ocrx_word' id='word_1_507' title='bbox 2597 2783 2856 2852; x_wconf 84' lang='grc' dir='ltr'>δυνάμεις</span> <span class='ocrx_word' id='word_1_508' title='bbox 2895 2771 3258 2845; x_wconf 81' lang='grc' dir='ltr'>ἀναλαϐόντες</span> <span class='ocrx_word' id='word_1_509' title='bbox 3305 2783 3377 2844; x_wconf 82' lang='grc' dir='ltr'><strong>ὡς</strong></span> <span class='ocrx_word' id='word_1_510' title='bbox 3424 2782 3518 2834; x_wconf 81' lang='grc' dir='ltr'>ἐπὶ</span> <span class='ocrx_word' id='word_1_511' title='bbox 3570 2783 3628 2834; x_wconf 83' lang='grc' dir='ltr'><strong>τὸ</strong></span> <span class='ocrx_word' id='word_1_512' title='bbox 3680 2782 3816 2834; x_wconf 85' lang='grc' dir='ltr'><strong>Ῥω-</strong></span> 
     </span>
    </p>
   </div>
   <div class='ocr_carea' id='block_1_76' title="bbox 2249 2873 3813 2945">
    <p class='ocr_par' dir='ltr' id='par_1_76' title="bbox 2249 2873 3813 2945">
     <span class='ocr_line' id='line_1_76' title="bbox 2249 2873 3813 2945; baseline -0.001 -20"><span class='ocrx_word' id='word_1_513' title='bbox 2249 2875 2423 2942; x_wconf 89' lang='grc' dir='ltr'>μαίων</span> <span class='ocrx_word' id='word_1_514' title='bbox 2459 2874 2703 2945; x_wconf 87' lang='grc' dir='ltr'>ἐχώρουν</span> <span class='ocrx_word' id='word_1_515' title='bbox 2745 2874 3108 2945; x_wconf 80' lang='grc' dir='ltr'>στρατόπεδον</span> <span class='ocrx_word' id='word_1_516' title='bbox 3128 2891 3142 2904; x_wconf 85' lang='grc'><strong>·</strong></span> <span class='ocrx_word' id='word_1_517' title='bbox 3174 2874 3202 2926; x_wconf 83' lang='grc' dir='ltr'><strong>δ</strong></span> <span class='ocrx_word' id='word_1_518' title='bbox 3235 2873 3523 2942; x_wconf 82' lang='grc' dir='ltr'>πυθόμενοι</span> <span class='ocrx_word' id='word_1_519' title='bbox 3545 2876 3633 2926; x_wconf 75' lang='grc' dir='ltr'>καὶ</span> <span class='ocrx_word' id='word_1_520' title='bbox 3682 2873 3813 2925; x_wconf 83' lang='grc' dir='ltr'><strong>Ῥω-</strong></span> 
     </span>
    </p>
   </div>
   <div class='ocr_carea' id='block_1_77' title="bbox 2248 2966 3814 3035">
    <p class='ocr_par' dir='ltr' id='par_1_77' title="bbox 2248 2966 3814 3035">
     <span class='ocr_line' id='line_1_77' title="bbox 2248 2966 3814 3035; baseline 0 -18"><span class='ocrx_word' id='word_1_521' title='bbox 2248 2969 2398 3034; x_wconf 87' lang='grc' dir='ltr'>μαῖοι</span> <span class='ocrx_word' id='word_1_522' title='bbox 2427 2966 2501 3028; x_wconf 78' lang='grc' dir='ltr'>ὡς</span> <span class='ocrx_word' id='word_1_523' title='bbox 2548 2969 2684 3034; x_wconf 84' lang='grc' dir='ltr'>πρὸς</span> <span class='ocrx_word' id='word_1_524' title='bbox 2728 2967 3005 3030; x_wconf 78' lang='grc' dir='ltr'>ἀντίταξιν</span> <span class='ocrx_word' id='word_1_525' title='bbox 3055 2966 3433 3035; x_wconf 75' lang='grc' dir='ltr'>ἡτοιμάζοντο.</span> <span class='ocrx_word' id='word_1_526' title='bbox 3496 2968 3678 3019; x_wconf 78' lang='grc' dir='ltr'>Ἐννέα</span> <span class='ocrx_word' id='word_1_527' title='bbox 3713 2967 3814 3035; x_wconf 83' lang='grc' dir='ltr'>μὲν</span> 
     </span>
    </p>
   </div>
   <div class='ocr_carea' id='block_1_78' title="bbox 2245 3053 3814 3128">
    <p class='ocr_par' dir='ltr' id='par_1_78' title="bbox 2245 3053 3814 3128">
     <span class='ocr_line' id='line_1_78' title="bbox 2245 3053 3814 3128; baseline -0.001 -19"><span class='ocrx_word' id='word_1_528' title='bbox 2245 3053 2336 3109; x_wconf 81' lang='grc' dir='ltr'><strong>οὖν</strong></span> <span class='ocrx_word' id='word_1_529' title='bbox 2393 3055 2620 3119; x_wconf 83' lang='grc' dir='ltr'>Ἰταλοῖς</span> <span class='ocrx_word' id='word_1_530' title='bbox 2667 3057 3088 3128; x_wconf 80' lang='grc' dir='ltr'>ἐφειστήκεισαν</span> <span class='ocrx_word' id='word_1_531' title='bbox 3120 3056 3383 3126; x_wconf 76' lang='grc' dir='ltr'>ἡγεμόνες</span> <span class='ocrx_word' id='word_1_532' title='bbox 3415 3071 3432 3089; x_wconf 80' lang='grc' dir='ltr'><strong>ο</strong></span> <span class='ocrx_word' id='word_1_533' title='bbox 3465 3056 3559 3110; x_wconf 81' lang='grc' dir='ltr'><strong>ἐπί</strong></span> <span class='ocrx_word' id='word_1_534' title='bbox 3605 3073 3668 3123; x_wconf 86' lang='grc' dir='ltr'><strong>γε</strong></span> <span class='ocrx_word' id='word_1_535' title='bbox 3705 3057 3814 3126; x_wconf 76' lang='grc' dir='ltr'>μὴν</span> 
     </span>
    </p>
   </div>
   <div class='ocr_carea' id='block_1_79' title="bbox 2246 3146 3814 3219">
    <p class='ocr_par' dir='ltr' id='par_1_79' title="bbox 2246 3146 3814 3219">
     <span class='ocr_line' id='line_1_79' title="bbox 2246 3146 3814 3219; baseline -0.001 -17"><span class='ocrx_word' id='word_1_536' title='bbox 2246 3148 2450 3202; x_wconf 85' lang='grc' dir='ltr'>ἆπασιν</span> <span class='ocrx_word' id='word_1_537' title='bbox 2494 3149 2525 3201; x_wconf 81' lang='grc' dir='ltr'><strong>ὁ</strong></span> <span class='ocrx_word' id='word_1_538' title='bbox 2572 3147 2945 3219; x_wconf 81' lang='grc' dir='ltr'>καντζιλέριος</span> <span class='ocrx_word' id='word_1_539' title='bbox 2995 3149 3365 3218; x_wconf 81' lang='grc' dir='ltr'>ἐστρατήγει’</span> <span class='ocrx_word' id='word_1_540' title='bbox 3397 3146 3458 3201; x_wconf 80' lang='grc' dir='ltr'><strong>τὺ</strong></span> <span class='ocrx_word' id='word_1_541' title='bbox 3498 3148 3814 3218; x_wconf 84' lang='grc' dir='ltr'>στράτευμα</span> 
     </span>
    </p>
   </div>
   <div class='ocr_carea' id='block_1_80' title="bbox 2243 3239 3812 3310">
    <p class='ocr_par' dir='ltr' id='par_1_80' title="bbox 2243 3239 3812 3310">
     <span class='ocr_line' id='line_1_80' title="bbox 2243 3239 3812 3310; baseline 0 -18"><span class='ocrx_word' id='word_1_542' title='bbox 2243 3241 2300 3293; x_wconf 82' lang='grc' dir='ltr'>δὲ</span> <span class='ocrx_word' id='word_1_543' title='bbox 2326 3240 2510 3305; x_wconf 86' lang='grc' dir='ltr'>αὐτοῖς</span> <span class='ocrx_word' id='word_1_544' title='bbox 2543 3242 2600 3304; x_wconf 83' lang='grc' dir='ltr'><strong>ἐς</strong></span> <span class='ocrx_word' id='word_1_545' title='bbox 2639 3241 2700 3293; x_wconf 72' lang='grc' dir='ltr'>τδ</span> <span class='ocrx_word' id='word_1_546' title='bbox 2740 3241 2967 3310; x_wconf 85' lang='grc' dir='ltr'>ἀκριϐὲς</span> <span class='ocrx_word' id='word_1_547' title='bbox 3006 3239 3318 3306; x_wconf 78' lang='grc' dir='ltr'>ἐξόπλιστον</span> <span class='ocrx_word' id='word_1_548' title='bbox 3352 3242 3482 3304; x_wconf 79' lang='grc' dir='ltr'>πᾶν,</span> <span class='ocrx_word' id='word_1_549' title='bbox 3526 3240 3728 3302; x_wconf 75' lang='grc' dir='ltr'>ἵππους</span> <span class='ocrx_word' id='word_1_550' title='bbox 3752 3255 3812 3292; x_wconf 82' lang='grc' dir='ltr'><strong>τε</strong></span> 
     </span>
    </p>
   </div>
   <div class='ocr_carea' id='block_1_81' title="bbox 2242 3331 3807 3402">
    <p class='ocr_par' dir='ltr' id='par_1_81' title="bbox 2242 3331 3807 3402">
     <span class='ocr_line' id='line_1_81' title="bbox 2242 3331 3807 3402; baseline 0.001 -19"><span class='ocrx_word' id='word_1_551' title='bbox 2242 3331 2481 3400; x_wconf 88' lang='grc' dir='ltr'>γαύρους</span> <span class='ocrx_word' id='word_1_552' title='bbox 2536 3332 2884 3402; x_wconf 79' lang='grc' dir='ltr'>ἀναϐεϐηκδς</span> <span class='ocrx_word' id='word_1_553' title='bbox 2916 3334 3010 3384; x_wconf 77' lang='grc' dir='ltr'>καὶ</span> <span class='ocrx_word' id='word_1_554' title='bbox 3042 3332 3242 3402; x_wconf 88' lang='grc' dir='ltr'>δόρατα</span> <span class='ocrx_word' id='word_1_555' title='bbox 3268 3331 3558 3400; x_wconf 85' lang='grc' dir='ltr'>κραδαῖνον</span> <span class='ocrx_word' id='word_1_556' title='bbox 3596 3331 3807 3400; x_wconf 79' lang='grc' dir='ltr'>μακρά.</span> 
     </span>
    </p>
   </div>
   <div class='ocr_carea' id='block_1_82' title="bbox 2258 3415 3812 3497">
    <p class='ocr_par' dir='ltr' id='par_1_82' title="bbox 2258 3415 3812 3497">
     <span class='ocr_line' id='line_1_82' title="bbox 2258 3415 3812 3497; baseline -0.001 -23"><span class='ocrx_word' id='word_1_557' title='bbox 2258 3423 2372 3490; x_wconf 82' lang='grc' dir='ltr'><strong>Ἐφ’</strong></span> <span class='ocrx_word' id='word_1_558' title='bbox 2401 3415 2480 3484; x_wconf 83' lang='grc' dir='ltr'>οἷς</span> <span class='ocrx_word' id='word_1_559' title='bbox 2508 3423 2770 3497; x_wconf 69' lang='grc' dir='ltr'>ἐκπλήξις</span> <span class='ocrx_word' id='word_1_560' title='bbox 2813 3424 2906 3474; x_wconf 83' lang='grc' dir='ltr'>τὸν</span> <span class='ocrx_word' id='word_1_561' title='bbox 2966 3421 3250 3496; x_wconf 82' lang='grc' dir='ltr'>Ῥωμαίων</span> <span class='ocrx_word' id='word_1_562' title='bbox 3288 3417 3400 3492; x_wconf 76' lang='grc' dir='ltr'>εἶχε</span> <span class='ocrx_word' id='word_1_563' title='bbox 3450 3422 3680 3489; x_wconf 80' lang='grc' dir='ltr'>στρατὸν</span> <span class='ocrx_word' id='word_1_564' title='bbox 3720 3421 3812 3474; x_wconf 80' lang='grc' dir='ltr'>καὶ</span> 
     </span>
    </p>
   </div>
   <div class='ocr_carea' id='block_1_83' title="bbox 2245 3510 3811 3581">
    <p class='ocr_par' dir='ltr' id='par_1_83' title="bbox 2245 3510 3811 3581">
     <span class='ocr_line' id='line_1_83' title="bbox 2245 3510 3811 3581; baseline 0.001 -20"><span class='ocrx_word' id='word_1_565' title='bbox 2245 3512 2472 3580; x_wconf 74' lang='grc' dir='ltr'>θάμϐος,</span> <span class='ocrx_word' id='word_1_566' title='bbox 2501 3514 2551 3564; x_wconf 88' lang='grc' dir='ltr'><strong>εί</strong></span> <span class='ocrx_word' id='word_1_567' title='bbox 2580 3514 2715 3579; x_wconf 76' lang='grc' dir='ltr'>πρὸς</span> <span class='ocrx_word' id='word_1_568' title='bbox 2744 3512 2914 3574; x_wconf 72' lang='grc' dir='ltr'>οὖεως</span> <span class='ocrx_word' id='word_1_569' title='bbox 2940 3511 3166 3564; x_wconf 78' lang='grc' dir='ltr'>εὖοπλον</span> <span class='ocrx_word' id='word_1_570' title='bbox 3191 3511 3291 3570; x_wconf 77' lang='grc' dir='ltr'>καὶ</span> <span class='ocrx_word' id='word_1_571' title='bbox 3319 3510 3493 3572; x_wconf 78' lang='grc' dir='ltr'>οὕτως</span> <span class='ocrx_word' id='word_1_572' title='bbox 3508 3512 3811 3581; x_wconf 77' lang='grc' dir='ltr'>ἀνάριθμον</span> 
     </span>
    </p>
   </div>
   <div class='ocr_carea' id='block_1_84' title="bbox 2243 3601 3813 3676">
    <p class='ocr_par' dir='ltr' id='par_1_84' title="bbox 2243 3601 3813 3676">
     <span class='ocr_line' id='line_1_84' title="bbox 2243 3601 3813 3676; baseline -0.001 -21"><span class='ocrx_word' id='word_1_573' title='bbox 2243 3603 2401 3676; x_wconf 80' lang='grc' dir='ltr'>ὀλίγῃ</span> <span class='ocrx_word' id='word_1_574' title='bbox 2426 3602 2724 3672; x_wconf 73' lang='grc' dir='ltr'>μαχοῦνται</span> <span class='ocrx_word' id='word_1_575' title='bbox 2744 3603 2995 3672; x_wconf 80' lang='grc' dir='ltr'>στρατιᾷ.</span> <span class='ocrx_word' id='word_1_576' title='bbox 3019 3602 3322 3672; x_wconf 80' lang='grc' dir='ltr'>Ταξάμενοι</span> <span class='ocrx_word' id='word_1_577' title='bbox 3350 3601 3394 3654; x_wconf 82' lang='grc' dir='ltr'>δ’</span> <span class='ocrx_word' id='word_1_578' title='bbox 3417 3603 3566 3671; x_wconf 82' lang='grc' dir='ltr'>ὅμως</span> <span class='ocrx_word' id='word_1_579' title='bbox 3596 3603 3813 3656; x_wconf 78' lang='grc' dir='ltr'>ἵσταντο</span> 
     </span>
    </p>
   </div>
   <div class='ocr_carea' id='block_1_85' title="bbox 2245 3692 3811 3764">
    <p class='ocr_par' dir='ltr' id='par_1_85' title="bbox 2245 3692 3811 3764">
     <span class='ocr_line' id='line_1_85' title="bbox 2245 3692 3811 3764; baseline -0.003 -17"><span class='ocrx_word' id='word_1_580' title='bbox 2245 3696 2384 3749; x_wconf 75' lang='grc' dir='ltr'>κατὰ</span> <span class='ocrx_word' id='word_1_581' title='bbox 2415 3695 2603 3764; x_wconf 78' lang='grc' dir='ltr'>λόχους</span> <span class='ocrx_word' id='word_1_582' title='bbox 2634 3696 2731 3749; x_wconf 76' lang='grc' dir='ltr'>καὶ</span> <span class='ocrx_word' id='word_1_583' title='bbox 2769 3694 2950 3758; x_wconf 77' lang='grc' dir='ltr'>αὐτοὶ,</span> <span class='ocrx_word' id='word_1_584' title='bbox 2993 3693 3163 3746; x_wconf 87' lang='grc' dir='ltr'>πολλὰ</span> <span class='ocrx_word' id='word_1_585' title='bbox 3198 3693 3290 3745; x_wconf 81' lang='grc' dir='ltr'>τοῦ</span> <span class='ocrx_word' id='word_1_586' title='bbox 3327 3692 3636 3763; x_wconf 83' lang='grc' dir='ltr'>στρατηγοῦ</span> <span class='ocrx_word' id='word_1_587' title='bbox 3674 3693 3811 3761; x_wconf 86' lang='grc' dir='ltr'>πρὸς</span> 
     </span>
    </p>
   </div>
   <div class='ocr_carea' id='block_1_86' title="bbox 2243 3782 3809 3856">
    <p class='ocr_par' dir='ltr' id='par_1_86' title="bbox 2243 3782 3809 3856">
     <span class='ocr_line' id='line_1_86' title="bbox 2243 3782 3809 3856; baseline -0.001 -20"><span class='ocrx_word' id='word_1_588' title='bbox 2243 3785 2508 3854; x_wconf 83' lang='grc' dir='ltr'>εὐψυχίαν</span> <span class='ocrx_word' id='word_1_589' title='bbox 2544 3785 2801 3856; x_wconf 85' lang='grc' dir='ltr'>ὁρμῶντα</span> <span class='ocrx_word' id='word_1_590' title='bbox 2834 3785 3019 3854; x_wconf 82' lang='grc' dir='ltr'>σφίσιν</span> <span class='ocrx_word' id='word_1_591' title='bbox 3047 3782 3482 3849; x_wconf 82' lang='grc' dir='ltr'>ύποτεινομένου.</span> <span class='ocrx_word' id='word_1_592' title='bbox 3505 3782 3684 3852; x_wconf 81' lang='grc' dir='ltr'>Μέχρι</span> <span class='ocrx_word' id='word_1_593' title='bbox 3709 3782 3809 3851; x_wconf 78' lang='grc' dir='ltr'>μὲν</span> 
     </span>
    </p>
   </div>
   <div class='ocr_carea' id='block_1_87' title="bbox 2242 3870 3810 3946">
    <p class='ocr_par' dir='ltr' id='par_1_87' title="bbox 2242 3870 3810 3946">
     <span class='ocr_line' id='line_1_87' title="bbox 2242 3870 3810 3946; baseline -0.001 -20"><span class='ocrx_word' id='word_1_594' title='bbox 2242 3874 2335 3927; x_wconf 74' lang='grc' dir='ltr'>οὖν</span> <span class='ocrx_word' id='word_1_595' title='bbox 2361 3892 2505 3937; x_wconf 87' lang='grc' dir='ltr'>τινος</span> <span class='ocrx_word' id='word_1_596' title='bbox 2541 3875 2816 3945; x_wconf 84' lang='grc' dir='ltr'>οὐδέτεροι</span> <span class='ocrx_word' id='word_1_597' title='bbox 2859 3873 3060 3946; x_wconf 84' lang='grc' dir='ltr'>χειρῶν</span> <span class='ocrx_word' id='word_1_598' title='bbox 3109 3870 3302 3944; x_wconf 83' lang='grc' dir='ltr'>ἦρχον.</span> <span class='ocrx_word' id='word_1_599' title='bbox 3369 3873 3519 3926; x_wconf 78' lang='grc' dir='ltr'>Ἐπεὶ</span> <span class='ocrx_word' id='word_1_600' title='bbox 3567 3872 3624 3924; x_wconf 75' lang='grc' dir='ltr'><strong>δέ</strong></span> <span class='ocrx_word' id='word_1_601' title='bbox 3663 3872 3722 3925; x_wconf 81' lang='grc' dir='ltr'>αῖ</span> <span class='ocrx_word' id='word_1_602' title='bbox 3753 3889 3810 3925; x_wconf 86' lang='grc' dir='ltr'><strong>τε</strong></span> 
     </span>
    </p>
   </div>
   <div class='ocr_carea' id='block_1_88' title="bbox 2246 3962 3809 4036">
    <p class='ocr_par' dir='ltr' id='par_1_88' title="bbox 2246 3962 3809 4036">
     <span class='ocr_line' id='line_1_88' title="bbox 2246 3962 3809 4036; baseline -0.003 -18"><span class='ocrx_word' id='word_1_603' title='bbox 2246 3965 2543 4034; x_wconf 84' lang='grc' dir='ltr'>σάλπιγγες</span> <span class='ocrx_word' id='word_1_604' title='bbox 2583 3966 2683 4036; x_wconf 77' lang='grc' dir='ltr'><strong>ήδη</strong></span> <span class='ocrx_word' id='word_1_605' title='bbox 2721 3966 3059 4036; x_wconf 80' lang='grc' dir='ltr'>ἑκατέρωθεν</span> <span class='ocrx_word' id='word_1_606' title='bbox 3107 3968 3273 4035; x_wconf 83' lang='grc' dir='ltr'>ήχουν</span> <span class='ocrx_word' id='word_1_607' title='bbox 3323 3965 3416 4016; x_wconf 79' lang='grc' dir='ltr'>καὶ</span> <span class='ocrx_word' id='word_1_608' title='bbox 3456 3963 3517 4014; x_wconf 81' lang='grc' dir='ltr'>τὸ</span> <span class='ocrx_word' id='word_1_609' title='bbox 3555 3962 3809 4031; x_wconf 85' lang='grc' dir='ltr'>σύνθημα</span> 
     </span>
    </p>
   </div>
   <div class='ocr_carea' id='block_1_89' title="bbox 2241 4051 3806 4123">
    <p class='ocr_par' dir='ltr' id='par_1_89' title="bbox 2241 4051 3806 4123">
     <span class='ocr_line' id='line_1_89' title="bbox 2241 4051 3806 4123; baseline 0.001 -19"><span class='ocrx_word' id='word_1_610' title='bbox 2241 4052 2460 4118; x_wconf 80' lang='grc' dir='ltr'>ἐδίδοτο,</span> <span class='ocrx_word' id='word_1_611' title='bbox 2494 4054 2761 4123; x_wconf 85' lang='grc' dir='ltr'>ἐμάχοντο</span> <span class='ocrx_word' id='word_1_612' title='bbox 2791 4055 3164 4122; x_wconf 85' lang='grc' dir='ltr'>συμπεσόντες</span> <span class='ocrx_word' id='word_1_613' title='bbox 3201 4052 3309 4106; x_wconf 83' lang='grc' dir='ltr'>ἀπὸ</span> <span class='ocrx_word' id='word_1_614' title='bbox 3338 4051 3522 4120; x_wconf 83' lang='grc' dir='ltr'>χειρὸς</span> <span class='ocrx_word' id='word_1_615' title='bbox 3553 4052 3806 4114; x_wconf 76' lang='grc' dir='ltr'>ἕκαστος.</span> 
     </span>
    </p>
   </div>
   <div class='ocr_carea' id='block_1_90' title="bbox 2243 4139 3808 4214">
    <p class='ocr_par' dir='ltr' id='par_1_90' title="bbox 2243 4139 3808 4214">
     <span class='ocr_line' id='line_1_90' title="bbox 2243 4139 3808 4214; baseline -0.001 -19"><span class='ocrx_word' id='word_1_616' title='bbox 2243 4144 2355 4195; x_wconf 81' lang='grc' dir='ltr'>Οὐκ</span> <span class='ocrx_word' id='word_1_617' title='bbox 2376 4141 2442 4195; x_wconf 80' lang='grc' dir='ltr'>ἂν</span> <span class='ocrx_word' id='word_1_618' title='bbox 2472 4139 2625 4205; x_wconf 74' lang='grc' dir='ltr'>εἶπες</span> <span class='ocrx_word' id='word_1_619' title='bbox 2649 4143 2801 4212; x_wconf 78' lang='grc' dir='ltr'>ἥλιον</span> <span class='ocrx_word' id='word_1_620' title='bbox 2827 4143 2938 4197; x_wconf 79' lang='grc' dir='ltr'>οὐδ’</span> <span class='ocrx_word' id='word_1_621' title='bbox 2968 4145 3034 4196; x_wconf 81' lang='grc' dir='ltr'>ἂν</span> <span class='ocrx_word' id='word_1_622' title='bbox 3067 4145 3278 4214; x_wconf 81' lang='grc' dir='ltr'>ἡμέραν</span> <span class='ocrx_word' id='word_1_623' title='bbox 3306 4141 3439 4211; x_wconf 82' lang='grc' dir='ltr'>όρᾷν</span> <span class='ocrx_word' id='word_1_624' title='bbox 3458 4159 3470 4171; x_wconf 87' lang='grc'>·</span> <span class='ocrx_word' id='word_1_625' title='bbox 3499 4142 3669 4212; x_wconf 84' lang='grc' dir='ltr'>ἀχλὺς</span> <span class='ocrx_word' id='word_1_626' title='bbox 3701 4143 3808 4211; x_wconf 71' lang='grc' dir='ltr'><strong>γὰρ</strong></span> 
     </span>
    </p>
   </div>
   <div class='ocr_carea' id='block_1_91' title="bbox 2243 4234 3808 4306">
    <p class='ocr_par' dir='ltr' id='par_1_91' title="bbox 2243 4234 3808 4306">
     <span class='ocr_line' id='line_1_91' title="bbox 2243 4234 3808 4306; baseline 0.002 -21"><span class='ocrx_word' id='word_1_627' title='bbox 2243 4234 2451 4297; x_wconf 85' lang='grc' dir='ltr'>πάντας</span> <span class='ocrx_word' id='word_1_628' title='bbox 2475 4236 2660 4306; x_wconf 79' lang='grc' dir='ltr'>ἐπεῖχε</span> <span class='ocrx_word' id='word_1_629' title='bbox 2690 4235 2786 4289; x_wconf 64' lang='grc' dir='ltr'>καὶ.</span> <span class='ocrx_word' id='word_1_630' title='bbox 2817 4236 2968 4298; x_wconf 84' lang='grc' dir='ltr'>κόνις</span> <span class='ocrx_word' id='word_1_631' title='bbox 3003 4238 3083 4298; x_wconf 84' lang='grc' dir='ltr'><strong>είς</strong></span> <span class='ocrx_word' id='word_1_632' title='bbox 3133 4234 3361 4305; x_wconf 78' lang='grc' dir='ltr'>οὐρανὸν</span> <span class='ocrx_word' id='word_1_633' title='bbox 3398 4235 3602 4300; x_wconf 76' lang='grc' dir='ltr'>ἵστατο,</span> <span class='ocrx_word' id='word_1_634' title='bbox 3637 4236 3808 4290; x_wconf 77' lang='grc' dir='ltr'>πάτα-</span> 
     </span>
    </p>
   </div>
   <div class='ocr_carea' id='block_1_92' title="bbox 2243 4321 3806 4392">
    <p class='ocr_par' dir='ltr' id='par_1_92' title="bbox 2243 4321 3806 4392">
     <span class='ocr_line' id='line_1_92' title="bbox 2243 4321 3806 4392; baseline -0.001 -18"><span class='ocrx_word' id='word_1_635' title='bbox 2243 4324 2339 4388; x_wconf 83' lang='grc' dir='ltr'><strong>γός</strong></span> <span class='ocrx_word' id='word_1_636' title='bbox 2383 4340 2441 4375; x_wconf 84' lang='grc' dir='ltr'><strong>τε</strong></span> <span class='ocrx_word' id='word_1_637' title='bbox 2495 4323 2724 4390; x_wconf 79' lang='grc' dir='ltr'>ἠκούετο</span> <span class='ocrx_word' id='word_1_638' title='bbox 2773 4324 2867 4376; x_wconf 81' lang='grc' dir='ltr'>καὶ</span> <span class='ocrx_word' id='word_1_639' title='bbox 2901 4322 3090 4392; x_wconf 78' lang='grc' dir='ltr'>ἄγριος</span> <span class='ocrx_word' id='word_1_640' title='bbox 3125 4322 3374 4391; x_wconf 76' lang='grc' dir='ltr'>ἠγείρετο</span> <span class='ocrx_word' id='word_1_641' title='bbox 3417 4321 3601 4388; x_wconf 78' lang='grc' dir='ltr'>θροῦς.</span> <span class='ocrx_word' id='word_1_642' title='bbox 3627 4323 3806 4391; x_wconf 83' lang='grc' dir='ltr'>Μέχρι</span> 
     </span>
    </p>
   </div>
   <div class='ocr_carea' id='block_1_93' title="bbox 586 4411 2143 4493">
    <p class='ocr_par' dir='ltr' id='par_1_93' title="bbox 586 4421 2140 4493">
     <span class='ocr_line' id='line_1_93' title="bbox 586 4421 2140 4493; baseline -0.006 -13"><span class='ocrx_word' id='word_1_643' title='bbox 586 4425 858 4481; x_wconf 90' lang='lat' dir='ltr'><strong>horribilis</strong></span> <span class='ocrx_word' id='word_1_644' title='bbox 912 4428 1321 4482; x_wconf 79' lang='lat' dir='ltr'><strong>exaudiebatur.</strong></span> <span class='ocrx_word' id='word_1_645' title='bbox 1351 4425 1531 4493; x_wconf 87' lang='lat' dir='ltr'><strong>Usque</strong></span> <span class='ocrx_word' id='word_1_646' title='bbox 1556 4425 1623 4479; x_wconf 88' lang='lat' dir='ltr'><strong>ad</strong></span> <span class='ocrx_word' id='word_1_647' title='bbox 1702 4424 1933 4477; x_wconf 87' lang='lat' dir='ltr'><strong>medium</strong></span> <span class='ocrx_word' id='word_1_648' title='bbox 2000 4421 2140 4474; x_wconf 89' lang='lat' dir='ltr'><strong>diem</strong></span> 
     </span>
    </p>
   </div>
   <div class='ocr_carea' id='block_1_94' title="bbox 2248 4411 3804 4493">
    <p class='ocr_par' dir='ltr' id='par_1_94' title="bbox 2252 4411 3804 4485">
     <span class='ocr_line' id='line_1_94' title="bbox 2252 4411 3804 4485; baseline -0.001 -20"><span class='ocrx_word' id='word_1_649' title='bbox 2252 4415 2348 4483; x_wconf 82' lang='grc' dir='ltr'>μὲν</span> <span class='ocrx_word' id='word_1_650' title='bbox 2377 4411 2471 4467; x_wconf 77' lang='grc' dir='ltr'>οὖν</span> <span class='ocrx_word' id='word_1_651' title='bbox 2501 4432 2562 4482; x_wconf 90' lang='grc' dir='ltr'><strong>γε</strong></span> <span class='ocrx_word' id='word_1_652' title='bbox 2595 4415 2737 4484; x_wconf 81' lang='grc' dir='ltr'>ἀμφὶ</span> <span class='ocrx_word' id='word_1_653' title='bbox 2774 4417 2949 4485; x_wconf 86' lang='grc' dir='ltr'>μέσην</span> <span class='ocrx_word' id='word_1_654' title='bbox 2998 4415 3208 4484; x_wconf 80' lang='grc' dir='ltr'>ἡμέραν</span> <span class='ocrx_word' id='word_1_655' title='bbox 3269 4413 3528 4482; x_wconf 80' lang='grc' dir='ltr'>ίσοπαλής</span> <span class='ocrx_word' id='word_1_656' title='bbox 3581 4414 3612 4480; x_wconf 88' lang='grc' dir='ltr'><strong>ἡ</strong></span> <span class='ocrx_word' id='word_1_657' title='bbox 3659 4415 3804 4482; x_wconf 77' lang='grc' dir='ltr'>μάχη</span> 
     </span>
    </p>
   </div>
   <div class='ocr_carea' id='block_1_95' title="bbox 585 4503 2142 4587">
    <p class='ocr_par' dir='ltr' id='par_1_95' title="bbox 585 4503 2142 4587">
     <span class='ocr_line' id='line_1_95' title="bbox 585 4503 2142 4587; baseline -0.005 -16"><span class='ocrx_word' id='word_1_658' title='bbox 585 4533 737 4587; x_wconf 63' lang='lat' dir='ltr'><strong>atquo</strong></span> <span class='ocrx_word' id='word_1_659' title='bbox 781 4529 1067 4587; x_wconf 79' lang='lat' dir='ltr'><strong>pugnatum</strong></span> <span class='ocrx_word' id='word_1_660' title='bbox 1127 4503 1315 4568; x_wconf 58' lang='lat' dir='ltr'><strong>Marte.</strong></span> <span class='ocrx_word' id='word_1_661' title='bbox 1371 4514 1474 4568; x_wconf 87' lang='lat' dir='ltr'><strong>Sed</strong></span> <span class='ocrx_word' id='word_1_662' title='bbox 1521 4511 1820 4566; x_wconf 86' lang='lat' dir='ltr'><strong>numerosis</strong></span> <span class='ocrx_word' id='word_1_663' title='bbox 1873 4525 1932 4564; x_wconf 87' lang='lat' dir='ltr'><strong>se</strong></span> <span class='ocrx_word' id='word_1_664' title='bbox 1975 4511 2142 4578; x_wconf 85' lang='lat' dir='ltr'><strong>copiis</strong></span> 
     </span>
    </p>
   </div>
   <div class='ocr_carea' id='block_1_96' title="bbox 589 4602 2141 4670">
    <p class='ocr_par' dir='ltr' id='par_1_96' title="bbox 589 4602 2141 4670">
     <span class='ocr_line' id='line_1_96' title="bbox 589 4602 2141 4670; baseline -0.006 -8"><span class='ocrx_word' id='word_1_665' title='bbox 589 4610 875 4662; x_wconf 75' lang='lat' dir='ltr'><strong>inferentes</strong></span> <span class='ocrx_word' id='word_1_666' title='bbox 935 4609 1068 4670; x_wconf 75' lang='lat' dir='ltr'><strong>Itali,</strong></span> <span class='ocrx_word' id='word_1_667' title='bbox 1119 4607 1271 4657; x_wconf 68' lang='lat' dir='ltr'><strong>Ducm</strong></span> <span class='ocrx_word' id='word_1_668' title='bbox 1311 4606 1478 4658; x_wconf 90' lang='lat' dir='ltr'><strong>aciem</strong></span> <span class='ocrx_word' id='word_1_669' title='bbox 1529 4604 1739 4656; x_wconf 88' lang='lat' dir='ltr'><strong>tandem</strong></span> <span class='ocrx_word' id='word_1_670' title='bbox 1797 4602 2141 4654; x_wconf 89' lang='lat' dir='ltr'><strong>inclinarunt.</strong></span> 
     </span>
    </p>
   </div>
   <div class='ocr_carea' id='block_1_97' title="bbox 588 4691 2142 4765">
    <p class='ocr_par' dir='ltr' id='par_1_97' title="bbox 588 4691 2142 4765">
     <span class='ocr_line' id='line_1_97' title="bbox 588 4691 2142 4765; baseline -0.006 -12"><span class='ocrx_word' id='word_1_671' title='bbox 588 4699 740 4765; x_wconf 80' lang='lat' dir='ltr'><strong>Quod</strong></span> <span class='ocrx_word' id='word_1_672' title='bbox 767 4699 856 4752; x_wconf 88' lang='lat' dir='ltr'><strong>ubi</strong></span> <span class='ocrx_word' id='word_1_673' title='bbox 889 4699 933 4750; x_wconf 88' lang='lat' dir='ltr'><strong>is</strong></span> <span class='ocrx_word' id='word_1_674' title='bbox 963 4696 1358 4757; x_wconf 83' lang='lat' dir='ltr'><strong>animadvertit,</strong></span> <span class='ocrx_word' id='word_1_675' title='bbox 1415 4694 1733 4762; x_wconf 80' lang='lat' dir='ltr'><strong>phalangem</strong></span> <span class='ocrx_word' id='word_1_676' title='bbox 1760 4707 1912 4744; x_wconf 90' lang='lat' dir='ltr'><strong>suam</strong></span> <span class='ocrx_word' id='word_1_677' title='bbox 1947 4691 1997 4742; x_wconf 92' lang='lat' dir='ltr'><strong>in</strong></span> <span class='ocrx_word' id='word_1_678' title='bbox 2031 4704 2142 4743; x_wconf 88' lang='lat' dir='ltr'><strong>me-</strong></span> 
     </span>
    </p>
   </div>
   <div class='ocr_carea' id='block_1_98' title="bbox 589 4780 2145 4852">
    <p class='ocr_par' dir='ltr' id='par_1_98' title="bbox 589 4780 2145 4852">
     <span class='ocr_line' id='line_1_98' title="bbox 589 4780 2145 4852; baseline -0.008 -9"><span class='ocrx_word' id='word_1_679' title='bbox 589 4792 703 4844; x_wconf 89' lang='lat' dir='ltr'><strong>dios</strong></span> <span class='ocrx_word' id='word_1_680' title='bbox 732 4789 968 4842; x_wconf 87' lang='lat' dir='ltr'><strong>immittit</strong></span> <span class='ocrx_word' id='word_1_681' title='bbox 993 4789 1193 4849; x_wconf 84' lang='lat' dir='ltr'><strong>hostes,</strong></span> <span class='ocrx_word' id='word_1_682' title='bbox 1227 4784 1484 4852; x_wconf 68' lang='lat' dir='ltr'><strong>cmsisque</strong></span> <span class='ocrx_word' id='word_1_683' title='bbox 1531 4797 1591 4835; x_wconf 90' lang='lat' dir='ltr'><strong>ac</strong></span> <span class='ocrx_word' id='word_1_684' title='bbox 1618 4782 1898 4849; x_wconf 86' lang='lat' dir='ltr'><strong>prostratis</strong></span> <span class='ocrx_word' id='word_1_685' title='bbox 1920 4780 2145 4833; x_wconf 89' lang='lat' dir='ltr'><strong>subinde</strong></span> 
     </span>
    </p>
   </div>
   <div class='ocr_carea' id='block_1_99' title="bbox 591 4871 2143 4945">
    <p class='ocr_par' dir='ltr' id='par_1_99' title="bbox 591 4871 2143 4945">
     <span class='ocr_line' id='line_1_99' title="bbox 591 4871 2143 4945; baseline -0.009 -11"><span class='ocrx_word' id='word_1_686' title='bbox 591 4881 730 4945; x_wconf 87' lang='lat' dir='ltr'><strong>aliis,</strong></span> <span class='ocrx_word' id='word_1_687' title='bbox 762 4890 818 4932; x_wconf 87' lang='lat' dir='ltr'><strong>ut</strong></span> <span class='ocrx_word' id='word_1_688' title='bbox 850 4893 908 4932; x_wconf 91' lang='lat' dir='ltr'><strong>se</strong></span> <span class='ocrx_word' id='word_1_689' title='bbox 939 4887 1253 4945; x_wconf 83' lang='lat' dir='ltr'><strong>sequeretur</strong></span> <span class='ocrx_word' id='word_1_690' title='bbox 1283 4875 1493 4926; x_wconf 84' lang='lat' dir='ltr'><strong>invitat.</strong></span> <span class='ocrx_word' id='word_1_691' title='bbox 1521 4871 1752 4925; x_wconf 72' lang='lat' dir='ltr'><strong>[{ut&#39;sum</strong></span> <span class='ocrx_word' id='word_1_692' title='bbox 1782 4871 1944 4939; x_wconf 81' lang='lat' dir='ltr'><strong>igitur</strong></span> <span class='ocrx_word' id='word_1_693' title='bbox 1995 4884 2143 4924; x_wconf 89' lang='lat' dir='ltr'><strong>com-</strong></span> 
     </span>
    </p>
   </div>
   <div class='ocr_carea' id='block_1_100' title="bbox 594 4960 2144 5036">
    <p class='ocr_par' dir='ltr' id='par_1_100' title="bbox 594 4960 2144 5036">
     <span class='ocr_line' id='line_1_100' title="bbox 594 4960 2144 5036; baseline -0.009 -11"><span class='ocrx_word' id='word_1_694' title='bbox 594 4972 873 5025; x_wconf 86' lang='lat' dir='ltr'><strong>mittuntur</strong></span> <span class='ocrx_word' id='word_1_695' title='bbox 926 4971 1188 5036; x_wconf 84' lang='lat' dir='ltr'><strong>utrimque</strong></span> <span class='ocrx_word' id='word_1_696' title='bbox 1253 4967 1418 5028; x_wconf 83' lang='lat' dir='ltr'><strong>acies,</strong></span> <span class='ocrx_word' id='word_1_697' title='bbox 1473 4966 1757 5030; x_wconf 88' lang='lat' dir='ltr'><strong>acriusque</strong></span> <span class='ocrx_word' id='word_1_698' title='bbox 1814 4960 2144 5014; x_wconf 86' lang='lat' dir='ltr'><strong>recrudescit</strong></span> 
     </span>
    </p>
   </div>
   <div class='ocr_carea' id='block_1_101' title="bbox 592 5053 2143 5131">
    <p class='ocr_par' dir='ltr' id='par_1_101' title="bbox 592 5053 2143 5131">
     <span class='ocr_line' id='line_1_101' title="bbox 592 5053 2143 5131; baseline -0.007 -17"><span class='ocrx_word' id='word_1_699' title='bbox 592 5063 854 5131; x_wconf 69' lang='lat' dir='ltr'><strong>praelium,</strong></span> <span class='ocrx_word' id='word_1_700' title='bbox 886 5075 1052 5126; x_wconf 88' lang='lat' dir='ltr'><strong>usque</strong></span> <span class='ocrx_word' id='word_1_701' title='bbox 1082 5062 1202 5109; x_wconf 92' lang='lat' dir='ltr'><strong>dum</strong></span> <span class='ocrx_word' id='word_1_702' title='bbox 1235 5056 1448 5125; x_wconf 86' lang='lat' dir='ltr'><strong>propria</strong></span> <span class='ocrx_word' id='word_1_703' title='bbox 1477 5055 1696 5107; x_wconf 85' lang='lat' dir='ltr'><strong>animati</strong></span> <span class='ocrx_word' id='word_1_704' title='bbox 1729 5053 1925 5105; x_wconf 85' lang='lat' dir='ltr'><strong>virtute</strong></span> <span class='ocrx_word' id='word_1_705' title='bbox 1949 5053 2143 5106; x_wconf 83' lang='lat' dir='ltr'><strong>Roma-</strong></span> 
     </span>
    </p>
   </div>
   <div class='ocr_carea' id='block_1_102' title="bbox 596 5142 2145 5215">
    <p class='ocr_par' dir='ltr' id='par_1_102' title="bbox 596 5142 2145 5215">
     <span class='ocr_line' id='line_1_102' title="bbox 596 5142 2145 5215; baseline -0.006 -10"><span class='ocrx_word' id='word_1_706' title='bbox 596 5153 648 5205; x_wconf 91' lang='lat' dir='ltr'><strong>ni</strong></span> <span class='ocrx_word' id='word_1_707' title='bbox 688 5154 866 5205; x_wconf 79' lang='lat' dir='ltr'><strong>hostes</strong></span> <span class='ocrx_word' id='word_1_708' title='bbox 911 5149 1133 5202; x_wconf 86' lang='lat' dir='ltr'><strong>fundunt</strong></span> <span class='ocrx_word' id='word_1_709' title='bbox 1187 5149 1496 5215; x_wconf 73' lang='lat' dir='ltr'><strong>fugantque.</strong></span> <span class='ocrx_word' id='word_1_710' title='bbox 1555 5143 1809 5197; x_wconf 78' lang='lat' dir='ltr'><strong>Cecidere</strong></span> <span class='ocrx_word' id='word_1_711' title='bbox 1862 5145 2002 5196; x_wconf 85' lang='lat' dir='ltr'><strong>inter</strong></span> <span class='ocrx_word' id='word_1_712' title='bbox 2057 5142 2145 5196; x_wconf 84' lang='lat' dir='ltr'><strong>fu-</strong></span> 
     </span>
    </p>
   </div>
   <div class='ocr_carea' id='block_1_103' title="bbox 594 5234 2146 5312">
    <p class='ocr_par' dir='ltr' id='par_1_103' title="bbox 594 5234 2146 5312">
     <span class='ocr_line' id='line_1_103' title="bbox 594 5234 2146 5312; baseline -0.008 -15"><span class='ocrx_word' id='word_1_713' title='bbox 594 5244 838 5312; x_wconf 87' lang='lat' dir='ltr'><strong>giendum</strong></span> <span class='ocrx_word' id='word_1_714' title='bbox 893 5242 1098 5309; x_wconf 77' lang='lat' dir='ltr'><strong>equites</strong></span> <span class='ocrx_word' id='word_1_715' title='bbox 1137 5238 1244 5291; x_wconf 65' lang='lat' dir='ltr'><strong>fere</strong></span> <span class='ocrx_word' id='word_1_716' title='bbox 1295 5238 1538 5301; x_wconf 86' lang='lat' dir='ltr'><strong>trecenti,</strong></span> <span class='ocrx_word' id='word_1_717' title='bbox 1597 5235 2033 5302; x_wconf 87' lang='lat' dir='ltr'><strong>peditumautcm</strong></span> <span class='ocrx_word' id='word_1_718' title='bbox 2065 5234 2146 5286; x_wconf 91' lang='lat' dir='ltr'><strong>in-</strong></span> 
     </span>
    </p>
   </div>
   <div class='ocr_carea' id='block_1_104' title="bbox 597 5324 2148 5396">
    <p class='ocr_par' dir='ltr' id='par_1_104' title="bbox 597 5324 2148 5396">
     <span class='ocr_line' id='line_1_104' title="bbox 597 5324 2148 5396; baseline -0.008 -8"><span class='ocrx_word' id='word_1_719' title='bbox 597 5351 816 5388; x_wconf 81' lang='lat' dir='ltr'><strong>numera</strong></span> <span class='ocrx_word' id='word_1_720' title='bbox 879 5333 1162 5386; x_wconf 89' lang='lat' dir='ltr'><strong>multitudo</strong></span> <span class='ocrx_word' id='word_1_721' title='bbox 1219 5351 1229 5383; x_wconf 92' lang='lat'>:</span> <span class='ocrx_word' id='word_1_722' title='bbox 1291 5332 1376 5384; x_wconf 75' lang='lat' dir='ltr'><strong>alii</strong></span> <span class='ocrx_word' id='word_1_723' title='bbox 1432 5330 1555 5396; x_wconf 69' lang='lat' dir='ltr'><strong>fuga</strong></span> <span class='ocrx_word' id='word_1_724' title='bbox 1617 5328 1803 5396; x_wconf 83' lang='lat' dir='ltr'><strong>dilapsi</strong></span> <span class='ocrx_word' id='word_1_725' title='bbox 1855 5337 2000 5381; x_wconf 91' lang='lat' dir='ltr'><strong>sunt.</strong></span> <span class='ocrx_word' id='word_1_726' title='bbox 2055 5324 2148 5377; x_wconf 86' lang='lat' dir='ltr'><strong>liis</strong></span> 
     </span>
    </p>
   </div>
   <div class='ocr_carea' id='block_1_105' title="bbox 597 5420 2145 5497">
    <p class='ocr_par' dir='ltr' id='par_1_105' title="bbox 597 5420 2145 5497">
     <span class='ocr_line' id='line_1_105' title="bbox 597 5420 2145 5497; baseline -0.005 -18"><span class='ocrx_word' id='word_1_727' title='bbox 597 5441 844 5497; x_wconf 87' lang='lat' dir='ltr'><strong>prospere</strong></span> <span class='ocrx_word' id='word_1_728' title='bbox 908 5428 1072 5494; x_wconf 81' lang='lat' dir='ltr'><strong>gestis</strong></span> <span class='ocrx_word' id='word_1_729' title='bbox 1131 5426 1337 5479; x_wconf 84' lang='lat' dir='ltr'><strong>rediere</strong></span> <span class='ocrx_word' id='word_1_730' title='bbox 1411 5424 1475 5475; x_wconf 87' lang='lat' dir='ltr'><strong>ad</strong></span> <span class='ocrx_word' id='word_1_731' title='bbox 1524 5422 1795 5475; x_wconf 83' lang='lat' dir='ltr'><strong>castellum</strong></span> <span class='ocrx_word' id='word_1_732' title='bbox 1861 5420 2145 5474; x_wconf 81' lang='lat' dir='ltr'><strong>Romani:</strong></span> 
     </span>
    </p>
   </div>
   <div class='ocr_carea' id='block_1_106' title="bbox 596 5513 2151 5583">
    <p class='ocr_par' dir='ltr' id='par_1_106' title="bbox 596 5513 2151 5583">
     <span class='ocr_line' id='line_1_106' title="bbox 596 5513 2151 5583; baseline -0.006 -12"><span class='ocrx_word' id='word_1_733' title='bbox 596 5531 763 5583; x_wconf 87' lang='lat' dir='ltr'><strong>coque</strong></span> <span class='ocrx_word' id='word_1_734' title='bbox 800 5529 907 5568; x_wconf 92' lang='lat' dir='ltr'><strong>non</strong></span> <span class='ocrx_word' id='word_1_735' title='bbox 965 5517 1124 5568; x_wconf 89' lang='lat' dir='ltr'><strong>multo</strong></span> <span class='ocrx_word' id='word_1_736' title='bbox 1175 5515 1452 5582; x_wconf 85' lang='lat' dir='ltr'><strong>intcrjecto</strong></span> <span class='ocrx_word' id='word_1_737' title='bbox 1508 5522 1745 5581; x_wconf 87' lang='lat' dir='ltr'><strong>tempore</strong></span> <span class='ocrx_word' id='word_1_738' title='bbox 1779 5513 1954 5582; x_wconf 88' lang='lat' dir='ltr'><strong>potiti,</strong></span> <span class='ocrx_word' id='word_1_739' title='bbox 2003 5525 2151 5566; x_wconf 91' lang='lat' dir='ltr'><strong>com-</strong></span> 
     </span>
    </p>
   </div>
   <div class='ocr_carea' id='block_1_107' title="bbox 598 5597 2149 5674">
    <p class='ocr_par' dir='ltr' id='par_1_107' title="bbox 598 5597 2149 5674">
     <span class='ocr_line' id='line_1_107' title="bbox 598 5597 2149 5674; baseline -0.004 -12"><span class='ocrx_word' id='word_1_740' title='bbox 598 5597 800 5662; x_wconf 80' lang='lat' dir='ltr'><strong>meatus</strong></span> <span class='ocrx_word' id='word_1_741' title='bbox 855 5615 1267 5674; x_wconf 79' lang='lat' dir='ltr'><strong>cactcrarmnquc</strong></span> <span class='ocrx_word' id='word_1_742' title='bbox 1331 5621 1506 5660; x_wconf 89' lang='lat' dir='ltr'><strong>rerum</strong></span> <span class='ocrx_word' id='word_1_743' title='bbox 1577 5605 1935 5660; x_wconf 85' lang='lat' dir='ltr'><strong>necessarium</strong></span> <span class='ocrx_word' id='word_1_744' title='bbox 1995 5602 2149 5672; x_wconf 87' lang='lat' dir='ltr'><strong>c0pia</strong></span> 
     </span>
    </p>
   </div>
   <div class='ocr_carea' id='block_1_108' title="bbox 601 5698 1588 5765">
    <p class='ocr_par' dir='ltr' id='par_1_108' title="bbox 601 5698 1588 5765">
     <span class='ocr_line' id='line_1_108' title="bbox 601 5698 1588 5765; baseline -0.001 -14"><span class='ocrx_word' id='word_1_745' title='bbox 601 5699 673 5751; x_wconf 89' lang='lat' dir='ltr'><strong>ibi</strong></span> <span class='ocrx_word' id='word_1_746' title='bbox 698 5701 930 5762; x_wconf 85' lang='lat' dir='ltr'><strong>inventa,</strong></span> <span class='ocrx_word' id='word_1_747' title='bbox 959 5698 1132 5750; x_wconf 80' lang='lat' dir='ltr'><strong>Barim</strong></span> <span class='ocrx_word' id='word_1_748' title='bbox 1165 5713 1222 5751; x_wconf 91' lang='lat' dir='ltr'><strong>sc</strong></span> <span class='ocrx_word' id='word_1_749' title='bbox 1254 5707 1588 5765; x_wconf 72' lang='lat' dir='ltr'><strong>receperunt.</strong></span> 
     </span>
    </p>
   </div>
   <div class='ocr_carea' id='block_1_109' title="bbox 2246 4503 3804 4574">
    <p class='ocr_par' dir='ltr' id='par_1_109' title="bbox 2246 4503 3804 4574">
     <span class='ocr_line' id='line_1_109' title="bbox 2246 4503 3804 4574; baseline -0.001 -19"><span class='ocrx_word' id='word_1_750' title='bbox 2246 4506 2470 4571; x_wconf 85' lang='grc' dir='ltr'>ἐγίνετο.</span> <span class='ocrx_word' id='word_1_751' title='bbox 2511 4507 2582 4557; x_wconf 70' lang='lat' dir='ltr'><strong>To</strong></span> <span class='ocrx_word' id='word_1_752' title='bbox 2603 4506 2646 4558; x_wconf 83' lang='grc' dir='ltr'>δ’</span> <span class='ocrx_word' id='word_1_753' title='bbox 2669 4505 2920 4558; x_wconf 81' lang='grc' dir='ltr'>ἐντεῦθεν</span> <span class='ocrx_word' id='word_1_754' title='bbox 2947 4506 3021 4574; x_wconf 82' lang='grc' dir='ltr'>τῷ</span> <span class='ocrx_word' id='word_1_755' title='bbox 3050 4504 3241 4574; x_wconf 80' lang='grc' dir='ltr'>πλήθει</span> <span class='ocrx_word' id='word_1_756' title='bbox 3267 4503 3579 4572; x_wconf 81' lang='grc' dir='ltr'>βάσάμενοι</span> <span class='ocrx_word' id='word_1_757' title='bbox 3615 4505 3804 4556; x_wconf 79' lang='grc' dir='ltr'>Ἰταλοὶ</span> 
     </span>
    </p>
   </div>
   <div class='ocr_carea' id='block_1_110' title="bbox 2244 4596 3804 4670">
    <p class='ocr_par' dir='ltr' id='par_1_110' title="bbox 2244 4596 3804 4670">
     <span class='ocr_line' id='line_1_110' title="bbox 2244 4596 3804 4670; baseline 0 -20"><span class='ocrx_word' id='word_1_758' title='bbox 2244 4601 2368 4662; x_wconf 82' lang='grc' dir='ltr'>τοὺς</span> <span class='ocrx_word' id='word_1_759' title='bbox 2399 4601 2523 4670; x_wconf 81' lang='grc' dir='ltr'>περὶ</span> <span class='ocrx_word' id='word_1_760' title='bbox 2552 4600 2644 4652; x_wconf 80' lang='grc' dir='ltr'><strong>τὸν</strong></span> <span class='ocrx_word' id='word_1_761' title='bbox 2669 4599 2874 4653; x_wconf 83' lang='grc' dir='ltr'>Δούκαν</span> <span class='ocrx_word' id='word_1_762' title='bbox 2904 4601 3138 4665; x_wconf 78' lang='grc' dir='ltr'>ἐπίεζον.</span> <span class='ocrx_word' id='word_1_763' title='bbox 3173 4596 3231 4652; x_wconf 80' lang='grc' dir='ltr'>Ὀ</span> <span class='ocrx_word' id='word_1_764' title='bbox 3249 4599 3304 4650; x_wconf 82' lang='grc' dir='ltr'>δὲ</span> <span class='ocrx_word' id='word_1_765' title='bbox 3327 4601 3461 4668; x_wconf 81' lang='grc' dir='ltr'>ταχὺ</span> <span class='ocrx_word' id='word_1_766' title='bbox 3493 4599 3552 4650; x_wconf 81' lang='grc' dir='ltr'>τὸ</span> <span class='ocrx_word' id='word_1_767' title='bbox 3574 4602 3804 4668; x_wconf 82' lang='grc' dir='ltr'>πρᾶγμα</span> 
     </span>
    </p>
   </div>
   <div class='ocr_carea' id='block_1_111' title="bbox 2245 4693 3805 4764">
    <p class='ocr_par' dir='ltr' id='par_1_111' title="bbox 2245 4693 3805 4764">
     <span class='ocr_line' id='line_1_111' title="bbox 2245 4693 3805 4764; baseline -0.002 -19"><span class='ocrx_word' id='word_1_768' title='bbox 2245 4696 2608 4763; x_wconf 84' lang='grc' dir='ltr'>κατανοήσας,</span> <span class='ocrx_word' id='word_1_769' title='bbox 2666 4695 2816 4764; x_wconf 74' lang='grc' dir='ltr'>παρὰ</span> <span class='ocrx_word' id='word_1_770' title='bbox 2843 4696 3014 4763; x_wconf 85' lang='grc' dir='ltr'>μέσην</span> <span class='ocrx_word' id='word_1_771' title='bbox 3054 4694 3352 4746; x_wconf 71' lang='grc' dir='ltr'>εἰσελαύνει</span> <span class='ocrx_word' id='word_1_772' title='bbox 3399 4694 3507 4744; x_wconf 84' lang='grc' dir='ltr'>τῶν</span> <span class='ocrx_word' id='word_1_773' title='bbox 3533 4693 3805 4762; x_wconf 87' lang='grc' dir='ltr'>πολεμίων</span> 
     </span>
    </p>
   </div>
   <div class='ocr_carea' id='block_1_112' title="bbox 2245 4779 3804 4850">
    <p class='ocr_par' dir='ltr' id='par_1_112' title="bbox 2245 4779 3804 4850">
     <span class='ocr_line' id='line_1_112' title="bbox 2245 4779 3804 4850; baseline -0.001 -18"><span class='ocrx_word' id='word_1_774' title='bbox 2245 4782 2342 4850; x_wconf 84' lang='grc' dir='ltr'>τὴν</span> <span class='ocrx_word' id='word_1_775' title='bbox 2373 4781 2626 4848; x_wconf 77' lang='grc' dir='ltr'>φάλαγγα</span> <span class='ocrx_word' id='word_1_776' title='bbox 2657 4799 2668 4810; x_wconf 92' lang='grc'><strong>·</strong></span> <span class='ocrx_word' id='word_1_777' title='bbox 2705 4781 2898 4843; x_wconf 83' lang='grc' dir='ltr'>ἀλλους</span> <span class='ocrx_word' id='word_1_778' title='bbox 2929 4798 2987 4833; x_wconf 88' lang='grc' dir='ltr'><strong>τε</strong></span> <span class='ocrx_word' id='word_1_779' title='bbox 3023 4780 3210 4833; x_wconf 81' lang='grc' dir='ltr'>ἄλλοτε</span> <span class='ocrx_word' id='word_1_780' title='bbox 3247 4779 3423 4833; x_wconf 86' lang='grc' dir='ltr'>παίων</span> <span class='ocrx_word' id='word_1_781' title='bbox 3456 4779 3542 4832; x_wconf 76' lang='grc' dir='ltr'><strong>ἀεὶ</strong></span> <span class='ocrx_word' id='word_1_782' title='bbox 3575 4779 3804 4832; x_wconf 72' lang='grc' dir='ltr'>ἔπεσθαι</span> 
     </span>
    </p>
   </div>
   <div class='ocr_carea' id='block_1_113' title="bbox 2246 4861 3816 4938">
    <p class='ocr_par' dir='ltr' id='par_1_113' title="bbox 2246 4861 3816 4938">
     <span class='ocr_line' id='line_1_113' title="bbox 2246 4861 3816 4938; baseline -0.001 -18"><span class='ocrx_word' id='word_1_783' title='bbox 2246 4867 2393 4936; x_wconf 83' lang='grc' dir='ltr'><strong>αὑτῷ</strong></span> <span class='ocrx_word' id='word_1_784' title='bbox 2447 4873 2544 4920; x_wconf 73' lang='grc' dir='ltr'>σὺν</span> <span class='ocrx_word' id='word_1_785' title='bbox 2585 4868 2681 4938; x_wconf 78' lang='grc' dir='ltr'><strong>βοῇ</strong></span> <span class='ocrx_word' id='word_1_786' title='bbox 2719 4869 2998 4938; x_wconf 84' lang='grc' dir='ltr'>παρώρμα</span> <span class='ocrx_word' id='word_1_787' title='bbox 3036 4869 3097 4920; x_wconf 82' lang='grc' dir='ltr'>τὸ</span> <span class='ocrx_word' id='word_1_788' title='bbox 3147 4867 3469 4936; x_wconf 81' lang='grc' dir='ltr'>Ῥωμαϊκόν.</span> <span class='ocrx_word' id='word_1_789' title='bbox 3503 4861 3668 4929; x_wconf 78' lang='grc' dir='ltr'>Αὖθις</span> <span class='ocrx_word' id='word_1_790' title='bbox 3713 4865 3816 4918; x_wconf 75' lang='grc' dir='ltr'><strong>οὖν’</strong></span> 
     </span>
    </p>
   </div>
   <div class='ocr_carea' id='block_1_114' title="bbox 2248 4953 3802 5026">
    <p class='ocr_par' dir='ltr' id='par_1_114' title="bbox 2248 4953 3802 5026">
     <span class='ocr_line' id='line_1_114' title="bbox 2248 4953 3802 5026; baseline -0.002 -18"><span class='ocrx_word' id='word_1_791' title='bbox 2248 4956 2572 5008; x_wconf 86' lang='grc' dir='ltr'>συνέπιπτον</span> <span class='ocrx_word' id='word_1_792' title='bbox 2615 4955 2864 5026; x_wconf 84' lang='grc' dir='ltr'>ἀλλήλοις</span> <span class='ocrx_word' id='word_1_793' title='bbox 2895 4958 2964 5007; x_wconf 82' lang='grc' dir='ltr'>τὰ</span> <span class='ocrx_word' id='word_1_794' title='bbox 3004 4955 3409 5024; x_wconf 69' lang='grc' dir='ltr'>στρατεύματα,</span> <span class='ocrx_word' id='word_1_795' title='bbox 3453 4954 3542 5006; x_wconf 77' lang='grc' dir='ltr'>καὶ</span> <span class='ocrx_word' id='word_1_796' title='bbox 3587 4953 3619 5019; x_wconf 87' lang='grc' dir='ltr'><strong>ἡ</strong></span> <span class='ocrx_word' id='word_1_797' title='bbox 3659 4957 3802 5023; x_wconf 79' lang='grc' dir='ltr'>μάχη</span> 
     </span>
    </p>
   </div>
   <div class='ocr_carea' id='block_1_115' title="bbox 2246 5043 3805 5116">
    <p class='ocr_par' dir='ltr' id='par_1_115' title="bbox 2246 5043 3805 5116">
     <span class='ocr_line' id='line_1_115' title="bbox 2246 5043 3805 5116; baseline -0.001 -19"><span class='ocrx_word' id='word_1_798' title='bbox 2246 5045 2520 5114; x_wconf 84' lang='grc' dir='ltr'>ἐμαίνετο,</span> <span class='ocrx_word' id='word_1_799' title='bbox 2560 5046 2662 5108; x_wconf 74' lang='grc' dir='ltr'>ἕως</span> <span class='ocrx_word' id='word_1_800' title='bbox 2697 5050 2764 5116; x_wconf 79' lang='grc' dir='ltr'>τῇ</span> <span class='ocrx_word' id='word_1_801' title='bbox 2805 5045 3046 5116; x_wconf 80' lang='grc' dir='ltr'>σφετέρα</span> <span class='ocrx_word' id='word_1_802' title='bbox 3080 5047 3245 5115; x_wconf 83' lang='grc' dir='ltr'>ἀρετῇ</span> <span class='ocrx_word' id='word_1_803' title='bbox 3284 5043 3541 5113; x_wconf 84' lang='grc' dir='ltr'>Ῥωμαῖοι</span> <span class='ocrx_word' id='word_1_804' title='bbox 3564 5044 3805 5106; x_wconf 83' lang='grc' dir='ltr'>τοὺςπο-</span> 
     </span>
    </p>
   </div>
   <div class='ocr_carea' id='block_1_116' title="bbox 2246 5133 3802 5207">
    <p class='ocr_par' dir='ltr' id='par_1_116' title="bbox 2246 5133 3802 5207">
     <span class='ocr_line' id='line_1_116' title="bbox 2246 5133 3802 5207; baseline -0.003 -18"><span class='ocrx_word' id='word_1_805' title='bbox 2246 5137 2465 5207; x_wconf 81' lang='grc' dir='ltr'>λεμίους</span> <span class='ocrx_word' id='word_1_806' title='bbox 2505 5137 2820 5207; x_wconf 81' lang='grc' dir='ltr'>ἐτρέψαντο.</span> <span class='ocrx_word' id='word_1_807' title='bbox 2853 5139 2960 5189; x_wconf 75' lang='grc' dir='ltr'><strong>Καὶ</strong></span> <span class='ocrx_word' id='word_1_808' title='bbox 3008 5137 3185 5190; x_wconf 81' lang='grc' dir='ltr'>αὐτῶν</span> <span class='ocrx_word' id='word_1_809' title='bbox 3226 5139 3283 5189; x_wconf 87' lang='grc' dir='ltr'><strong>ἐν</strong></span> <span class='ocrx_word' id='word_1_810' title='bbox 3333 5135 3411 5202; x_wconf 86' lang='grc' dir='ltr'>τῷ</span> <span class='ocrx_word' id='word_1_811' title='bbox 3464 5133 3691 5203; x_wconf 81' lang='grc' dir='ltr'>φεύγειν</span> <span class='ocrx_word' id='word_1_812' title='bbox 3724 5135 3802 5185; x_wconf 83' lang='grc' dir='ltr'>ίπ·</span> 
     </span>
    </p>
   </div>
   <div class='ocr_carea' id='block_1_117' title="bbox 2248 5222 3777 5300">
    <p class='ocr_par' dir='ltr' id='par_1_117' title="bbox 2248 5222 3777 5300">
     <span class='ocr_line' id='line_1_117' title="bbox 2248 5222 3777 5300; baseline -0.007 -17"><span class='ocrx_word' id='word_1_813' title='bbox 2248 5234 2370 5292; x_wconf 86' lang='grc' dir='ltr'>πεῖς</span> <span class='ocrx_word' id='word_1_814' title='bbox 2413 5233 2512 5300; x_wconf 80' lang='grc' dir='ltr'>μὲν</span> <span class='ocrx_word' id='word_1_815' title='bbox 2541 5233 2595 5293; x_wconf 88' lang='grc' dir='ltr'><strong>ἐς</strong></span> <span class='ocrx_word' id='word_1_816' title='bbox 2628 5233 2972 5299; x_wconf 85' lang='grc' dir='ltr'>τριακοσίους</span> <span class='ocrx_word' id='word_1_817' title='bbox 3023 5228 3237 5290; x_wconf 72' lang='grc' dir='ltr'>ἔπεσον,</span> <span class='ocrx_word' id='word_1_818' title='bbox 3294 5225 3472 5287; x_wconf 80' lang='grc' dir='ltr'>πεζῶν</span> <span class='ocrx_word' id='word_1_819' title='bbox 3501 5223 3556 5275; x_wconf 80' lang='grc' dir='ltr'>δὲ</span> <span class='ocrx_word' id='word_1_820' title='bbox 3593 5222 3777 5291; x_wconf 80' lang='grc' dir='ltr'>ἀμύθη</span> 
     </span>
    </p>
   </div>
   <div class='ocr_carea' id='block_1_118' title="bbox 2247 5315 3802 5390">
    <p class='ocr_par' dir='ltr' id='par_1_118' title="bbox 2247 5315 3802 5390">
     <span class='ocr_line' id='line_1_118' title="bbox 2247 5315 3802 5390; baseline -0.006 -16"><span class='ocrx_word' id='word_1_821' title='bbox 2247 5324 2338 5375; x_wconf 84' lang='grc' dir='ltr'><strong>τόν</strong></span> <span class='ocrx_word' id='word_1_822' title='bbox 2357 5340 2408 5374; x_wconf 86' lang='grc' dir='ltr'><strong>τι</strong></span> <span class='ocrx_word' id='word_1_823' title='bbox 2438 5323 2664 5390; x_wconf 77' lang='grc' dir='ltr'>πλῆθος,</span> <span class='ocrx_word' id='word_1_824' title='bbox 2686 5324 2733 5374; x_wconf 79' lang='grc' dir='ltr'>οἱ</span> <span class='ocrx_word' id='word_1_825' title='bbox 2763 5323 2939 5374; x_wconf 70' lang='grc' dir='ltr'>λοιποὶ</span> <span class='ocrx_word' id='word_1_826' title='bbox 2964 5322 3020 5373; x_wconf 83' lang='grc' dir='ltr'>δὲ</span> <span class='ocrx_word' id='word_1_827' title='bbox 3043 5319 3243 5389; x_wconf 66' lang='grc' dir='ltr'>ᾤχοντο</span> <span class='ocrx_word' id='word_1_828' title='bbox 3277 5319 3582 5386; x_wconf 83' lang='grc' dir='ltr'>φεύγοντες.</span> <span class='ocrx_word' id='word_1_829' title='bbox 3617 5315 3802 5369; x_wconf 82' lang='grc' dir='ltr'>Ταῦτα</span> 
     </span>
    </p>
   </div>
   <div class='ocr_carea' id='block_1_119' title="bbox 2249 5406 3802 5483">
    <p class='ocr_par' dir='ltr' id='par_1_119' title="bbox 2249 5406 3802 5483">
     <span class='ocr_line' id='line_1_119' title="bbox 2249 5406 3802 5483; baseline -0.006 -17"><span class='ocrx_word' id='word_1_830' title='bbox 2249 5415 2671 5483; x_wconf 75' lang='grc' dir='ltr'>κατωρθωκότες</span> <span class='ocrx_word' id='word_1_831' title='bbox 2715 5413 2973 5482; x_wconf 74' lang='grc' dir='ltr'>Ῥωμαῖοι</span> <span class='ocrx_word' id='word_1_832' title='bbox 3014 5416 3107 5464; x_wconf 79' lang='grc' dir='ltr'>ἐπὶ</span> <span class='ocrx_word' id='word_1_833' title='bbox 3151 5414 3211 5464; x_wconf 83' lang='grc' dir='ltr'>τὸ</span> <span class='ocrx_word' id='word_1_834' title='bbox 3251 5411 3510 5479; x_wconf 80' lang='grc' dir='ltr'>φρούριον</span> <span class='ocrx_word' id='word_1_835' title='bbox 3548 5406 3802 5477; x_wconf 69' lang='grc' dir='ltr'>ἀνέστρεο</span> 
     </span>
    </p>
   </div>
   <div class='ocr_carea' id='block_1_120' title="bbox 2250 5497 3800 5571">
    <p class='ocr_par' dir='ltr' id='par_1_120' title="bbox 2250 5497 3800 5571">
     <span class='ocr_line' id='line_1_120' title="bbox 2250 5497 3800 5571; baseline -0.006 -16"><span class='ocrx_word' id='word_1_836' title='bbox 2250 5521 2366 5571; x_wconf 85' lang='grc' dir='ltr'>φον.</span> <span class='ocrx_word' id='word_1_837' title='bbox 2394 5503 2507 5554; x_wconf 86' lang='grc' dir='ltr'>Οὺκ</span> <span class='ocrx_word' id='word_1_838' title='bbox 2543 5502 2620 5563; x_wconf 81' lang='grc' dir='ltr'>εἰς</span> <span class='ocrx_word' id='word_1_839' title='bbox 2653 5503 2872 5569; x_wconf 80' lang='grc' dir='ltr'>μακράν</span> <span class='ocrx_word' id='word_1_840' title='bbox 2921 5502 3099 5554; x_wconf 90' lang='grc' dir='ltr'>τοίνυν</span> <span class='ocrx_word' id='word_1_841' title='bbox 3132 5501 3406 5565; x_wconf 82' lang='grc' dir='ltr'>ἐξελόντες</span> <span class='ocrx_word' id='word_1_842' title='bbox 3438 5497 3569 5549; x_wconf 74' lang='grc' dir='ltr'>αὐτὸ</span> <span class='ocrx_word' id='word_1_843' title='bbox 3589 5497 3708 5556; x_wconf 85' lang='grc' dir='ltr'>τοῖς</span> <span class='ocrx_word' id='word_1_844' title='bbox 3745 5511 3800 5546; x_wconf 79' lang='grc' dir='ltr'><strong>τε</strong></span> 
     </span>
    </p>
   </div>
   <div class='ocr_carea' id='block_1_121' title="bbox 2252 5586 3801 5663">
    <p class='ocr_par' dir='ltr' id='par_1_121' title="bbox 2252 5586 3801 5663">
     <span class='ocr_line' id='line_1_121' title="bbox 2252 5586 3801 5663; baseline -0.007 -17"><span class='ocrx_word' id='word_1_845' title='bbox 2252 5594 2577 5663; x_wconf 70' lang='grc' dir='ltr'>ἐπιτηδείοις</span> <span class='ocrx_word' id='word_1_846' title='bbox 2603 5594 2856 5659; x_wconf 71' lang='grc' dir='ltr'>ἀφθόνοις</span> <span class='ocrx_word' id='word_1_847' title='bbox 2897 5593 3391 5661; x_wconf 74' lang='grc' dir='ltr'>περιτετυχήκεσαν</span> <span class='ocrx_word' id='word_1_848' title='bbox 3425 5591 3482 5640; x_wconf 86' lang='grc' dir='ltr'><strong>ἐν</strong></span> <span class='ocrx_word' id='word_1_849' title='bbox 3519 5586 3678 5655; x_wconf 75' lang='grc' dir='ltr'>αὐτῷ</span> <span class='ocrx_word' id='word_1_850' title='bbox 3713 5587 3801 5640; x_wconf 80' lang='grc' dir='ltr'>καὶ</span> 
     </span>
    </p>
   </div>
   <div class='ocr_carea' id='block_1_122' title="bbox 2252 5675 3702 5753">
    <p class='ocr_par' dir='ltr' id='par_1_122' title="bbox 2252 5675 3702 5753">
     <span class='ocr_line' id='line_1_122' title="bbox 2252 5675 3702 5753; baseline -0.005 -13"><span class='ocrx_word' id='word_1_851' title='bbox 2252 5687 2370 5740; x_wconf 56' lang='grc' dir='ltr'><strong>τῶν</strong></span> <span class='ocrx_word' id='word_1_852' title='bbox 2388 5687 2560 5741; x_wconf 80' lang='grc' dir='ltr'>ἄλλων</span> <span class='ocrx_word' id='word_1_853' title='bbox 2595 5684 2926 5753; x_wconf 72' lang='grc' dir='ltr'>πλησθέντες</span> <span class='ocrx_word' id='word_1_854' title='bbox 2959 5684 3179 5750; x_wconf 81' lang='grc' dir='ltr'>ἀγαθῶν</span> <span class='ocrx_word' id='word_1_855' title='bbox 3208 5683 3299 5736; x_wconf 77' lang='grc' dir='ltr'>ἐπὶ</span> <span class='ocrx_word' id='word_1_856' title='bbox 3328 5683 3491 5750; x_wconf 87' lang='grc' dir='ltr'>Βᾶριν</span> <span class='ocrx_word' id='word_1_857' title='bbox 3514 5675 3702 5748; x_wconf 81' lang='grc' dir='ltr'>ἦλθον.</span> 
     </span>
    </p>
   </div>
  </div>
