3958 6324
175 315 266 378 493

1309 318 1848 381 ιιιεΤοιιιΑιιυΜ
1889 319 2036 381 LIB.
2080 321 2178 381 ιν.

3245 323 3348 387 498

174 423 326 492 μαίων
370 425 537 495 ὀλίγοι
587 427 898 500 ἐπιθόμενοί
950 448 1097 495 τινας
1136 431 1405 488 ἔκτειναν.
1453 435 1604 487 Ἐπεὶ
1636 433 1677 485 δὲ

1795 440 2038 500 tempore
2069 433 2318 488 adessent
2356 431 2556 486 bellicre
2612 433 2891 499 Inachium,
2938 434 3181 500 classem,
3228 452 3350 506 quze

171 515 317 582 ἐγγὺς
345 517 616 586 Τάραντος
647 521 746 591 ήδη
791 522 1057 589 ἐγένοντο,
1099 524 1372 578 ἀνάλωτον
1405 521 1544 578 εἷναι
1594 527 1693 599 τὴν

171 609 304 660 πόλιν
335 619 764 680 κατανοήσαντες
793 614 960 682 αὐτῆς
989 615 1088 683 μὲν
1122 616 1364 686 ἀπῆραν,
1395 617 1693 670 Μονοπόλει

169 699 216 750 δέ
239 701 450 754 πελάσαι
477 703 867 773 διανοηθέντες,
891 707 1075 776 ἐπειδὴ
1103 707 1323 777 ἀπορεῖν
1351 709 1532 770 αὐτοῖς
1564 726 1691 762 συν-

169 789 326 842 έϐαινε
349 795 759 864 τειχομαχικῶν,
793 795 1079 865 γράμμασι
1103 798 1193 851 τὸν
1216 801 1273 851 ἐν
1318 798 1481 870 Βάρει
1528 816 1686 868 μετε-

169 879 421 949 πέμποντο
455 886 674 951 στόλον,
727 889 810 956 ἐφ’
835 881 878 956 ᾧ
911 889 1162 942 τοιούτων
1213 890 1418 942 ἐκεῖθεν
1451 892 1684 963 εὐπορή-

171 987 268 1022 σειν
295 972 442 1040 ῆκειν
479 975 561 1028 ὅτι
598 977 850 1047 τάχιστα.
892 980 977 1032 Ἐν
998 979 1054 1032 δὲ
1081 979 1251 1049 τούτῳ
1267 979 1531 1050 τετύχηκε
1559 983 1693 1036 Ῥω-

171 1061 330 1127 μαίοις
383 1063 467 1118 διὰ
525 1066 707 1136 χώρας
777 1068 1161 1138 πορευομένοις
1216 1071 1534 1140 εὐδαίμονος
1597 1076 1693 1127 καὶ

164 1151 391 1218 ἀξθόνοις
437 1158 853 1232 περιϐριθούσης
898 1162 1121 1230 ἀγαθοῖς
1177 1163 1386 1232 μυρίων
1422 1164 1558 1216 ὅσων
1591 1182 1689 1216 πε-

165 1242 376 1312 πλῆσθαι
409 1250 606 1303 καλῶν.
633 1251 864 1318 Λέγεται
889 1254 996 1322 γὰρ
1020 1253 1148 1305 δέκα
1173 1253 1271 1322 μὲν
1293 1255 1541 1322 τηνικάδε
1567 1253 1690 1323 βοῦς

1797 522 1916 576 Bari
1973 524 2169 589 stabat,
2206 525 2461 577 utomnia
2509 524 2610 576 ista
2643 524 2917 577 celerrime
2942 525 3224 580 adveheret
3256 542 3350 597 per

1791 613 2000 668 litteras
2042 615 2456 668 arcessirerunt.
2513 614 2728 667 interim
2791 614 3037 680 Romani,
3077 619 3196 669 dum
3247 617 3350 672 iter

1785 692 1990 758 faciunt
2047 719 2140 772 per
2177 706 2446 774 regionem
2510 706 2812 774 opulentam
2846 708 3130 760 admodum
3164 717 3216 762 et
3247 710 3350 762 im-

1789 810 1975 849 mensa
2037 796 2297 849 bonorum
2349 796 2501 863 copia
2591 794 2913 860 afﬂuentem,
2989 798 3352 873 multipliciter

1781 887 2044 941 ditantur.
2076 888 2238 940 Aiunt
2270 888 2412 941 enim
2447 895 2558 940 tum
2599 887 2818 941 militem
2852 904 2958 944 uno
2997 890 3111 942 auri
3150 875 3352 945 statere

1799 980 1965 1032 boves
2028 977 2210 1032 decem
2263 979 2589 1032 armentales
2646 979 2960 1042 vendidisse,
3019 980 3119 1033 alia
3172 982 3386 1036 autctn‘

1798 1086 1994 1142 pecora
2028 1083 2242 1126 centum
2275 1086 2328 1127 et
2358 1075 2588 1144 triginta.
2624 1073 2814 1128 Multos
2847 1078 2911 1129 ad
2950 1077 3061 1130 haec
3086 1077 3351 1132 Romanos

1798 1165 2065 1218 diuturnis
2116 1165 2422 1220 carceribus
2476 1176 2771 1222 maceralos
2819 1167 3160 1237 compedibus
3188 1184 3352 1224 exue-

1799 1263 1942 1307 runt.

164 1337 397 1402 ἀγελαίας
430 1341 629 1408 χρυσοῦ
661 1342 752 1394 τὸν
786 1344 1123 1414 στρατιώτην
1183 1346 1481 1399 ἀποδόσθαι
1537 1346 1820 1416 στατῆρος,
1863 1346 2110 1417 πρόϐατα
2149 1347 2202 1399 δὲ
2271 1363 2561 1416 τριακοντα
2624 1351 2716 1399 καὶ
2769 1348 2978 1403 ἑκατόν.
3012 1349 3138 1401 Ὅτε
3161 1349 3223 1420 δὴ
3256 1351 3349 1402 καὶ

170 1428 432 1500 Ῥωμαίων
454 1435 605 1496 τινὰς
634 1436 877 1504 εἱρκταῖς
921 1438 982 1489 ἐκ
1012 1438 1204 1490 πολλοῦ
1248 1439 1682 1508 προστετηκότας
1723 1439 1980 1509 εὑρόντες
2011 1439 2120 1492 τῶν
2153 1438 2348 1492 κλοιῶν
2380 1439 2506 1500 τοὺς
2539 1438 2751 1502 ἀθλίους
2786 1439 3014 1507 ἀνῆκαν.

222 1521 282 1574 θ’.
316 1523 463 1575 Ἐπεὶ
492 1524 559 1590 δέ,
595 1530 894 1596 πεμπταῖοι
941 1530 1020 1592 είς
1065 1528 1365 1582 Μονόπολιν
1406 1530 1687 1598 ἀφίκοντο,

159 1613 354 1683 ἐπεξῄει
400 1617 494 1682 μὲν
530 1616 712 1680 αὐτοῖς
742 1619 863 1670 οὐδὲ
895 1614 975 1682 εἷς
1010 1619 1168 1688 (ἔφθη
1190 1621 1297 1689 γὰρ
1324 1622 1357 1690 ἡ
1383 1621 1540 1690 φήμη
1559 1637 1692 1690 προ-

1866 1528 1918 1581 9.
1967 1527 2321 1597 Posteaquam
2370 1529 2557 1596 quinto
2610 1527 2730 1581 inde
2787 1528 2873 1581 die
2924 1531 2988 1582 ad
3030 1528 3345 1598 Monopolim

1797 1629 2077 1685 venerunt,
2135 1634 2290 1675 nemo
2344 1620 2408 1672 iis
2451 1619 2684 1672 occurrit
2731 1619 2980 1673 hostium.
3038 1619 3152 1688 ipsa
3202 1621 3344 1676 cnim

159 1705 521 1773 καταπλήξασα
559 1706 778 1771 τούτους
803 1707 950 1762 ἔνδον
999 1711 1186 1764 ἐλάσαι
1213 1710 1450 1780 τειχῶν),
1483 1711 1618 1782 ὑπὲρ
1635 1711 1677 1762 δὲ

1792 1709 1898 1775 jam
1946 1719 2067 1764 ante
2102 1708 2238 1763 fama
2271 1709 2593 1764 consternati
2626 1708 2760 1762 intra
2795 1709 2986 1763 mmnia
3021 1725 3075 1763 se
3103 1713 3345 1764 contine-

157 1793 249 1844 τῶν
278 1793 490 1863 πύργων
517 1796 778 1850 πάνοπλοι
831 1800 1152 1870 ἑστήκεσαν,
1186 1801 1239 1854 ετ
1256 1817 1338 1864 τις
1365 1801 1590 1870 ἐπιϐολὴ
1613 1801 1688 1870 τῷ

158 1885 404 1956 περιϐόλῳ
435 1888 650 1941 ἐπέλθοι
683 1890 1065 1958 ἀμυνούμενοι.
1105 1890 1237 1944 Τότε
1270 1893 1368 1961 μὲν
1400 1889 1493 1946 οὖν
1524 1892 1688 1944 αὑτοῦ

158 1991 244 2025 που
272 1977 326 2026 ἐν
349 1979 618 2048 ἐπικαίρῳ
666 1979 766 2049 τῆς
795 1981 1000 2045 πόλεως
1031 1982 1092 2033 οὐ
1139 1982 1317 2051 πολλῷ
1363 1983 1565 2036 ἄποθεν
1598 1984 1689 2036 τὸν

157 2065 351 2134 χάρακα
380 2069 684 2137 πηξάμενοι
728 2071 940 2139 ἔμενον.
983 2073 1132 2125 Ἐπεὶ
1164 2072 1220 2124 δέ
1256 2075 1348 2126 καὶ
1379 2074 1437 2126 ὃν
1489 2074 1553 2126 ἐκ
1578 2075 1685 2126 Βα-

159 2155 276 2223 ρέως
321 2159 734 2228 μετεπέμψαντο
753 2163 848 2232 ἤδη
887 2161 971 2234 [Ρ.
1000 2163 1090 2235 90]
1135 2163 1338 2230 στόλον,
1386 2164 1686 2218 Μονοπόλει

156 2249 386 2318 προσχὼν
414 2251 483 2302 τά
536 2253 594 2312 ἐς
633 2252 945 2321 πολιορκίαν
991 2254 1234 2324 αὐτάρκη
1286 2254 1531 2325 ἐκόμισε,
1567 2256 1685 2308 τότε

154 2335 205 2406 δὴ
224 2342 513 2410 πανστρατὶ
540 2340 618 2409 τῷ
642 2343 909 2412 περιϐόλῳ
931 2344 1207 2398 ἐπέθεντο.
1251 2344 1411 2397 Ἀλλά
1439 2345 1686 2397 Mavorte-

153 2423 275 2478 λτται
303 2428 395 2481 άτε
424 2432 515 2494 ἀφ’
555 2431 758 2500 ὑψηλοῦ
812 2433 869 2495 ἐς
898 2435 1020 2493 τοὺς
1053 2433 1342 2502 πολεμίους
1400 2431 1682 2502 βάλλοντες

154 2519 498 2596 ἀπεκρούοντό
525 2539 585 2576 τε
634 2525 760 2586 τοὺς
790 2525 1110 2596 προσιόντας
1159 2524 1449 2594 Ῥωμαίων
1475 2523 1569 2577 καί
1607 2539 1684 2576 τι-

154 2625 236 2671 νας
258 2611 511 2667 ἔκτεινον.
551 2615 626 2666 Ἦ
648 2631 708 2666 τε
745 2615 888 2685 μάχη
921 2615 1063 2684 πρωῒ
1093 2615 1375 2686 ἀρξαμένη
1410 2615 1470 2678 ἐς
1515 2613 1682 2667 νύκτα

155 2701 406 2758 ἐτελεύτα.
443 2705 706 2775 Ῥωμαῖοι
739 2707 837 2774 μ’ὲν
884 2706 996 2773 οὖν,
1051 2707 1237 2777 ἐπειδὴ
1291 2705 1684 2769 συνεσκόταζεν

153 2794 259 2865 ήδη,
292 2799 461 2852 ἐπὶτὸ
482 2781 850 2869 ¹στρατόπεδον
884 2801 1256 2871 ἀνεχώρησαν.
1321 2799 1680 2855 Μονοπολῖται

154 2882 201 2935 δὲ
220 2886 450 2952 φυλακάς
481 2891 575 2941 ἐπὶ
625 2890 736 2942 τῶν
799 2890 1023 2955 πύργων
1048 2886 1192 2960 εἶχον
1239 2891 1302 2942 ἐκ
1344 2887 1679 2960 περιτροπῆς

152 2966 482 3034 καθιστάντες
512 2971 618 3033 ἀεὶ,
653 2972 728 3032 ὼς
754 2971 828 3044 μὴ
878 2973 1086 3025 λάθοιεν
1115 2969 1585 3042 κακουργήσαντές
1627 2985 1679 3020 τι

1795 1802 1943 1854 bant.
2011 1799 2068 1854 In
2128 1799 2362 1854 turribus
2417 1807 2594 1852 autem
2651 1799 2835 1851 armati
2875 1800 3177 1864 constitere,
3204 1809 3259 1853 ut
3297 1801 3342 1854 si

1789 1892 1912 1959 quis
1949 1890 2000 1943 in
2032 1890 2226 1943 vallum
2265 1894 2413 1944 iicret
2442 1890 2690 1958 impetus,
2717 1899 2898 1944 contra
2929 1891 2965 1944 ii
2995 1890 3339 1944 obsisterent.

1793 1979 2021 2033 Romani
2055 1980 2231 2047 itaque
2257 1980 2444 2047 positis
2471 1978 2658 2032 idoneo
2682 1979 2800 2034 loco
2835 1980 2970 2033 haud
2996 1980 3178 2048 procul
3220 1981 3342 2034 inde

1787 2069 2004 2134 castris,
2031 2068 2338 2123 consedere.
2379 2068 2481 2122 Sed
2521 2069 2630 2134 ubi,
2656 2083 2812 2137 quam
2865 2068 2982 2122 Bari
3013 2071 3335 2133 acciverant,

1787 2161 1998 2226 classis,
2053 2175 2171 2231 quae
2222 2161 2286 2216 ad
2340 2161 2790 2230 oppugnationem
2853 2163 3150 2217 necessaria
3186 2174 3338 2216 erant

1787 2250 2021 2317 advexit,
2083 2265 2205 2306 cum
2253 2251 2500 2305 omnibus
2555 2251 2723 2319 copiis
2768 2252 2963 2305 mantia
2999 2253 3334 2307 adoriuntur.

1784 2327 1853 2392 At
1893 2338 2270 2409 Iionopolitani
2319 2341 2530 2395 emissis
2583 2355 2647 2394 ex
2708 2340 2815 2395 alto
2872 2341 2958 2402 in,
2992 2343 3170 2397 hostes
3215 2343 3334 2400 telis

1784 2431 2076 2486 subeuntes
2091 2431 2351 2501 'repeliuut
2374 2432 2664 2494 Romanos,
2693 2432 3074 2501 nonnullosquc
3099 2433 3332 2489 credunt.

1784 2519 1998 2590 incepto
2049 2536 2204 2576 mane
2257 2522 2438 2591 prmlio
2483 2522 2536 2576 in
2592 2530 2802 2576 noctem
2857 2537 3023 2591 usque
3044 2533 3328 2593 protracto,

1785 2610 2034 2678 Romani,
2090 2627 2208 2667 cum
2246 2612 2362 2679 .iam
2422 2613 2911 2680 advesperasceret,
2961 2613 3010 2668 in
3047 2625 3223 2670 castra
3245 2631 3336 2671 reo

1787 2709 2087 2757 vertuntur.
2134 2701 2516 2772 Monopolitani
2548 2702 2704 2772 155
2735 2717 2861 2757 vero
2886 2704 2935 2757 in
2967 2704 3204 2761 turribus
3242 2721 3336 2761 cu~

1783 2793 1990 2848 stodias
2032 2792 2228 2857 locant,
2287 2807 2487 2861 easque
2554 2808 2647 2862 per
2682 2795 2819 2848 vices
2863 2808 3075 2862 semper
3106 2806 3331 2864 mutant,

1783 2897 1850 2935 ne
1877 2882 1924 2936 si
1959 2881 2088 2952 quid
2121 2883 2345 2940 Romani
2372 2884 2438 2937 de
2466 2894 2622 2938 nocte
2641 2891 2984 2951 attentarent,
3009 2900 3102 2940 eos
3126 2887 3329 2943 lateret.

1779 2971 2044 3042 Utrinque
2081 2983 2338 3042 praeterea
2393 2974 2822 3028 accendebantur
2877 2974 3043 3046 ignes,
3085 2978 3333 3048 tihircque

153 3058 345 3130 νύκτωρ
372 3062 462 3132 ἐπὶ
484 3062 581 3133 τὴν
615 3063 765 3116 πόλιν
821 3063 1100 3132 Ῥωμαῖοι.
1142 3063 1295 3128 Πυρά
1313 3079 1371 3115 τε
1409 3063 1676 3132 ἑκατέρω·

1780 3075 1842 3115 ac
1861 3062 1997 3116 tuba:
2015 3064 2430 3132 perstrcprbant.
2453 3063 2670 3133 Jamque
2698 3074 2934 3119 exortam
2957 3075 3332 3135 praetervectus

154 3139 232 3193 θεν
264 3144 504 3197 ἐκαίοντο
532 3145 719 3208 πολλὰ,
754 3146 848 3198 καὶ
899 3145 1051 3198 αὐλοὶ
1081 3147 1174 3198 καὶ
1209 3145 1464 3215 σύριγγες
1493 3145 1674 3213 ἦχουν.

157 3223 296 3293 Ἄρτι
324 3226 377 3278 δὲ
401 3227 492 3280 τὸν
520 3227 652 3297 ἐῷον
680 3228 926 3296 ὁρίζοντα
966 3226 1321 3296 παραμείψας
1353 3227 1502 3295 ἥλιος
1533 3228 1591 3288 ἐς
1618 3226 1678 3276 τδ

152 3307 232 3372 τῆς
255 3306 354 3376 γῆς
404 3310 726 3377 παρέκυπτε
779 3308 1090 3379 πρόσωπον,
1151 3310 1242 3362 καὶ
1283 3310 1543 3375 Ῥωμαῖοι
1577 3309 1678 3376 μέν

149 3395 243 3448 τῶν
273 3400 684 3469 χαρακωμάτων
710 3400 943 3466 ἐξιόντες
971 3403 1063 3454 ἐπὶ
1103 3401 1211 3453 τῶν
1251 3400 1427 3470 ἔργων
1454 3401 1546 3454 καὶ
1572 3400 1677 3453 πάι

149 3485 218 3537 λιν
242 3488 493 3560 ἐγίνοντο,
545 3489 924 3547 Μονοπολϊται,
958 3491 1016 3542 δὲ
1055 3491 1238 3561 δρόμῳ
1270 3491 1362 3543 καὶ
1409 3491 1563 3542 αὐτοὶ
1595 3493 1673 3552 είς
1712 3535 1714 3540 .

147 3573 233 3637 τὰς
278 3575 526 3643 ἐπάλξεις
555 3577 795 3648 ἐχώρουν
828 3581 923 3632 καὶ
967 3579 1104 3650 πρὸς
1141 3582 1254 3643 τοῖς
1302 3579 1484 3642 ὅπλοις
1515 3575 1673 3649 ἦσαν.

149 3665 243 3719 Καὶ
287 3669 431 3734 ἀγὼν
482 3665 637 3732 αὖθις
666 3671 904 3740 ήπλοῦτο
957 3673 1189 3739 ἐξαίσιος
1236 3668 1346 3736 οἶος
1385 3675 1673 3742 Ῥωμαίοις
1731 3684 1746 3697 '

149 3757 234 3825 μὲν
277 3758 371 3829 τὴν
394 3762 451 3822 ἐς
475 3761 539 3813 τδ
571 3763 744 3832 τεῖχος
770 3761 1111 3833 βιαζομένοις
1150 3764 1352 3832 ἂνοδογ,
1379 3765 1674 3818 Μονοπολί-

147 3861 250 3912 ταις
274 3851 327 3904 δέ
359 3854 679 3922 προσιόντας
699 3855 1036 3908 ἀπωθεῖσθαι
1064 3857 1188 3918 τοὺς
1221 3855 1526 3925 πολεμίους.
1559 3855 1671 3910 Μέ-

147 3955 224 4006 χρι
253 3940 347 4009 μὲν
386 3938 479 3994 οὖν
503 3959 645 4003 τινος
684 3945 776 3996 ἐπὶ
799 3946 1057 4008 τοιούτοις
1078 3948 1391 3999 ἐπονοῦντο’
1420 3947 1481 3999 τὸ
1509 3944 1552 4001 δ’
1581 3949 1672 4000 ἐν·

143 4026 314 4082 τεῦθεν
331 4029 440 4101 πῦρ
468 4031 599 4085 ἔνθα
620 4033 686 4086 τά
713 4033 893 4102 σκάφη
919 4035 1310 4096 Μονοπολίταις
1340 4035 1590 4104 ὑφώρμει
1613 4035 1672 4088 τὸ

152 4115 420 4186 Ῥωμαίων
457 4121 694 4191 ἐμϐαλὸν
733 4125 1046 4193 στράτευμα
1077 4124 1250 4193 φλόγα
1285 4125 1550 4195 μεγίστην
1573 4127 1673 4194 ἁρ-

143 4204 282 4274 θῆναι
314 4212 586 4282 ἐποίησεν.
639 4213 768 4266 Ὀτε
805 4215 895 4266 καὶ
930 4214 1040 4267 τῶν
1071 4229 1154 4277 τις
1195 4214 1478 4284 Ῥωμαίων
1510 4233 1672 4286 στρα-

145 4300 332 4352 τιωτῶν
368 4302 642 4366 Ἱκανάτος
672 4303 956 4373 ἐπίκλησιν
981 4305 1138 4374 λόγου
1172 4309 1265 4359 καὶ
1287 4306 1452 4374 ἀκοῆς
1485 4308 1670 4378 εῐργα-

1780 3167 2025 3206 auroram
2075 3168 2228 3207 suum
2273 3154 2428 3208 terris
2479 3153 2637 3223 jubar
2689 3156 2769 3210 sol
2837 3155 3147 3221 inferebat,
3208 3173 3328 3214 cum

1778 3243 1974 3311 cgressi
2004 3258 2034 3298 e
2082 3242 2220 3297 vallo
2250 3243 2476 3298 Romani
2540 3247 2980 3316 Oppugnationem
3033 3248 3205 3304 denuo
3235 3265 3330 3320 ag-

1777 3333 2111 3401 grediuntur.
2157 3334 2534 3402 Monopolitaui
2595 3347 2778 3392 contra
2815 3354 2973 3393 cursu
3022 3355 3079 3394 se
3125 3342 3177 3394 in
3207 3357 3327 3410 pro-

1777 3426 2071 3494 pugnacula
2127 3426 2501 3494 proripientes,
2548 3427 2780 3482 vicissim
2807 3442 3093 3498 capessunt
3153 3447 3325 3491 arma.

1777 3512 2011 3569 Rursum
2038 3515 2202 3582 igitur
2227 3517 2413 3584 ingens
2442 3518 2769 3573 instauratur
2793 3530 3083 3586 certamen,
3133 3521 3328 3577 Roma-

1777 3603 1860 3658 nis
1914 3605 2162 3657 nimirum
2211 3607 2260 3658 vi
2305 3606 2599 3662 ascendere
2683 3624 2862 3664 muros
2934 3613 3322 3676 annitentibus.

1775 3693 2071 3749 subeuntes
2123 3709 2249 3748 vero
2329 3697 2705 3764 repellentibus
2755 3698 3182 3768 Monopolitanis.
3233 3703 3324 3758 Sic

1775 3782 2082 3850 aliquandiu
2112 3784 2164 3837 in
2207 3786 2270 3839 iis
2326 3786 2644 3842 laboratum.
2680 3788 2956 3844 Exercitus
2989 3792 3178 3847 deinde
3215 3793 3320 3847 llo-

1775 3888 1963 3928 nianus
2008 3874 2116 3942 igni
2179 3876 2394 3945 injecto,
2430 3878 2747 3950 uhiuavigia
2803 3882 3164 3936 subduxeraut
3210 3883 3320 3938 Μο-

1775 3965 2082 4030 nopolitani,
2130 3967 2395 4034 ingentem
2444 3967 2708 4022 ﬂatnmam
2783 3974 3086 4026 excitarunt
3148 3993 3162 4027 :
3214 3992 3321 4043 quo

1773 4064 1882 4108 tmn
1927 4065 2162 4124 tempore
2220 4057 2488 4111 llonianus
2540 4060 2751 4126 quidam
2809 4061 2982 4127 miles,
3034 4061 3321 4118 llicanatus

1774 4145 2006 4208 numine,
2069 4161 2175 4198 rem
2216 4145 2359 4201 dictu
2395 4148 2681 4215 audituque
2726 4148 2936 4217 dignam
2981 4153 3162 4219 gessit.
3201 4151 3312 4209 Mo-

1771 4233 2002 4299 nopolim
2053 4234 2247 4301 quippe
2295 4249 2475 4286 murus
2528 4235 2897 4305 circumcingit
2947 4236 3165 4305 duplex,
3223 4242 3318 4294 sed

1771 4323 1991 4377 interior
2019 4323 2181 4378 altius
2206 4325 2447 4387 eductus,
2478 4326 2720 4380 hostilem
2747 4341 3077 4396 nequaquam
3108 4331 3312 4385 hastam

147 4405 226 4441 στο
247 4391 386 4458 ἀξια.
415 4394 715 4447 Μονόπολιν
759 4393 866 4465 γάρ
897 4395 1060 4449 διπλᾶ
1113 4395 1211 4464 μὲν
1241 4395 1466 4459 ξὼννυσι
1492 4398 1663 4468 τείχη,

1777 4420 1986 4473 veretur
2017 4431 2030 4466 :
2056 4412 2190 4467 alter
2238 4424 2415 4467 autem
2447 4415 2598 4467 tertia
2628 4425 2777 4482 parte
2828 4416 2999 4470 minor
3029 4419 3166 4474 illius
3195 4420 3314 4474 fun-

141 4476 256 4530 ἀλλὰ
297 4482 358 4532 τὸ
407 4482 506 4549 μὲν
536 4481 681 4534 ἔνδον
715 4484 808 4535 ἐπὶ
847 4485 1096 4536 πλεῖστόν
1148 4499 1206 4534 τε
1260 4485 1545 4555 ἐπαίρεται
1574 4489 1666 4539 καὶ

141 4567 376 4638 πολεμίου
399 4572 552 4642 δορὸς
581 4572 736 4640 λόγον
763 4573 950 4626 οὐδένα
971 4574 1031 4625 τὸ
1065 4575 1326 4643 παράπαν
1348 4577 1662 4646 πεποίηται,

139 4658 186 4709 τὸ
208 4659 248 4709 δ’
278 4661 400 4714 ἄλλο
430 4665 487 4725 ἐς
511 4665 858 4734 τριτημόριον
900 4666 1132 4733 μάλιστα
1163 4666 1256 4717 τοῦ
1293 4670 1557 4736 προτέρου
1582 4673 1664 4721 αε-

139 4750 343 4818 ρόμενον
373 4753 468 4817 τάς
517 4757 787 4823 κρηπῖδας
815 4755 965 4824 αὐτῷ
993 4757 1251 4827 περιθέει.
1302 4758 1387 4819 Ἐς
1415 4757 1572 4811 τοῦτο
1599 4759 1661 4828 δὴ

136 4841 186 4893 τὸ
208 4844 500 4914 περίτειχος
549 4845 640 4896 δύο
667 4846 810 4907 τινὲς
847 4848 1224 4899 Μονοπολιτῶν
1255 4849 1552 4912 ἀναϐάντες
1567 4852 1663 4902 αὐ-

136 4930 204 4979 τοί
247 4948 303 4982 τε
354 4935 407 4994 ἐς
431 4935 557 4996 τοὺς
581 4933 872 5003 πολεμίους
917 4935 1139 4986 ἔϐαλλον
1178 4936 1269 4987 και)⁸
1322 4937 1442 4998 τοὺς
1470 4939 1660 5002 ἄλλους

138 5019 251 5088 πρὸς
291 5021 448 5074 τοῦτο
494 5025 831 5093 παρώρμων.
873 5025 1048 5094 Ὅπερ
1073 5027 1241 5077 ίόὼνὸ
1264 5027 1531 5089 Ἰκανὰτος
1562 5030 1658 5080 σὺν

137 5109 202 5175 τῲ
234 5110 409 5180 δόρατι
451 5113 718 5175 ἐπελάσας
747 5115 972 5182 θατέρου
1007 5121 1113 5168 τῶν
1142 5119 1446 5185 εἰρημένων
1468 5135 1657 5170 κατευ-

137 5207 314 5271 στοχεῖ.
361 5207 418 5258 '0
464 5206 519 5258 δὲ
548 5205 737 5268 ὕπτιος
767 5208 1023 5276 παραυτά
1062 5206 1403 5278 ἐξεκυλίσθη,
1454 5211 1548 5280 βοή
1597 5227 1655 5262 τε

134 5295 248 5359 πρὸς
277 5299 366 5349 τοῦ
399 5299 680 5368 Ῥωμαίων
724 5299 862 5370 ἤρθη
893 5298 1123 5367 στρατοῦ
1174 5301 1266 5351 καὶ
1298 5303 1484 5368 κρότος
1513 5302 1654 5365 ἐξαί-

135 5385 231 5448 οιός
256 5404 312 5438 τε
341 5390 434 5441 καὶ
481 5391 649 5459 ἀκοῆς
680 5396 946 5458 κρείσσων
976 5391 1211 5456 ἐγένετο.
1255 5392 1392 5460 Πρὸς
1426 5392 1452 5442 ὃ
1489 5408 1655 5443 κατα-

134 5475 403 5544 πλαγέντες
424 5481 471 5532 oi
495 5479 588 5531 ἐπὶ
616 5480 723 5530 τῶν
752 5479 975 5549 πύργων
1005 5480 1320 5548 νομίσαντές
1350 5499 1408 5532 τε
1432 5483 1530 5550 ἤδη
1554 5483 1650 5552 τὴν

132 5569 265 5622 πόλιν
309 5573 528 5637 ἁλῶναι,
579 5573 703 5633 τοὺς
739 5573 980 5643 πύργους
1030 5574 1276 5636 λιπόντες
1327 5575 1427 5627 ἀνὰ
1476 5576 1650 5644 μέσην

131 5660 212 5724 τὴν
241 5664 387 5716 πόλιν
410 5663 666 5734 ἐχώρουν.
700 5665 807 5720 Καὶ
841 5668 889 5718 εί
932 5668 1006 5735 μὴ
1055 5670 1187 5734 ταχὺ
1220 5669 1278 5720 τό
1303 5669 1531 5735 πρᾶγμα
1567 5671 1649 5722 αἱ·

1767 4502 2013 4557 damcnta
2059 4505 2451 4558 circumambit.
2504 4506 2556 4557 lu
2618 4506 2757 4561 hunc
2804 4507 2962 4575 igitur
2991 4511 3308 4565 exteriorem

1765 4607 1972 4645 mutum
2032 4595 2387 4646 ascenderunt
2447 4595 2820 4662 lliunopolitani
2878 4597 3002 4661 duo,
3065 4601 3152 4667 qui
3187 4601 3308 4655 telis

1765 4677 1886 4732 inde
1936 4680 2119 4733 hostes
2158 4682 2511 4744 laccssehaut,
2567 4693 2892 4751 czctcrosque
2925 4694 2981 4737 ut
3013 4686 3152 4739 idem
3186 4701 3311 4756 age-

1763 4777 1884 4821 rent
1915 4768 2286 4822 hortabantur.
2313 4770 2461 4834 Quod
2517 4771 2601 4824 uhi
2672 4775 2929 4841 conspicit
2996 4777 3305 4844 llicanatus,

1762 4864 1971 4924 arrepta
2029 4859 2184 4911 hasta
2235 4872 2298 4910 eo
2355 4861 2688 4926 perveniens,
2722 4863 2944 4916 alterum
2974 4867 3121 4920 exiis
3160 4867 3304 4934 ferit,

1758 4947 2172 5015 promeruitquc.
2207 4947 2326 5002 Mox
2385 4951 2573 5016 ingens
2606 4951 2805 5006 tollitur
2830 4969 2857 5006 a
2887 4955 3126 5010 Romano
3153 4971 3304 5011 exer-

1759 5039 1866 5091 citu
1912 5036 2070 5107 156
2117 5038 2339 5101 clamor,
2398 5048 2683 5108 tantusque
2741 5044 2990 5111 plausus,
3067 5059 3122 5099 ut
3172 5050 3302 5104 nihil

1759 5133 2047 5200 quidquam
2095 5133 2337 5185 exaudiri
2397 5144 2595 5202 posset.
2635 5135 2786 5192 Unde
2829 5143 3104 5194 conterriti
3131 5144 3222 5210 qui
3252 5145 3302 5196 in

1758 5224 1994 5277 turribus
2021 5226 2236 5278 stabant
2266 5225 2536 5294 oppidani,
2574 5239 2781 5296 captam
2809 5231 2916 5297 jam
2969 5233 3149 5286 urbem
3179 5235 3298 5296 rati,

1758 5314 1954 5366 relictis
1978 5314 2363 5383 turribusipsis
2389 5317 2441 5368 iu
2468 5319 2691 5371 mediam
2725 5322 2904 5373 urbem
2951 5323 3297 5390 confugiunt:

1755 5417 1808 5457 et
1869 5405 1920 5456 ni
1948 5407 2202 5459 continuo
2223 5420 2278 5460 re
2299 5409 2511 5475 cognita
2561 5410 2611 5461 in
2649 5405 3039 5479 pr'Opuguacula
3089 5431 3298 5469 rursum

1755 5507 1874 5546 sese
1935 5495 2280 5563 recepissent,
2319 5499 2446 5552 urbs
2493 5515 2520 5551 a
2591 5499 2842 5553 Romanis
2917 5503 3055 5556 illico
3113 5504 3299 5560 t‘uissct

1754 5594 1930 5652 capta.
1995 5586 2083 5639 Sic
2133 5595 2242 5639 tum
2280 5588 2444 5641 altera
2501 5592 2551 5641 in
2585 5589 2902 5657 Monopolim
2939 5595 3094 5646 desiit
3132 5611 3300 5663 oppu-

1755 5678 1954 5743 gnaliu.
1983 5678 2243 5745 Oppidani
2273 5695 2396 5732 vero
2425 5681 2510 5732 uhi
2538 5698 2593 5732 sc
2620 5681 2876 5750 angustiis
2917 5686 3144 5752 turdique
3176 5703 3298 5754 μνο-
