3958 6324
630 259 734 321 ἇθθ

1881 265 2198 326 JOANNIS
2236 267 2561 331 CINNAMI

3705 276 3804 337 500

623 379 682 430 iu
713 376 884 431 stadio
903 377 967 430 ad
999 387 1263 431 certamen
1298 377 1577 461 aeciugerc
1610 380 1965 449 constricinnt.
2007 380 2176 435 Simul

2280 386 2439 454 ἔγνω,
2474 389 2923 462 θωρακισάμενος
2952 391 3043 447 καὶ
3086 360 3269 455 αὐτὸς⁸
3311 392 3501 461 ἐξῆλθε
3563 392 3703 460 παρᾶ
3747 394 3804 445 τὸ

624 470 789 538 igitur
847 484 909 522 ac
963 468 1189 536 proximi
1243 450 1412 533 fuere,
1469 470 1717 525 admissis
1766 473 1943 539 equis,
2009 474 2175 526 hastis

624 569 970 613 concurrunt.
1025 559 1085 611 Et
1110 559 1319 613 hastam
1354 560 1568 628 quidem
1616 561 1852 617 Thomas
1888 577 1981 630 per
2008 564 2175 617 bustis

628 652 872 719 clypeum
920 652 1269 703 ettboraccm
1297 650 1363 702 ad
1399 659 1572 705 cutem
1640 666 1806 719 usque
1848 652 2030 721 adigit.
2072 652 2177 706 Eu-

629 740 821 807 cltelys
862 753 990 793 vero
1054 739 1280 808 impulsa
1338 740 1387 793 in
1409 743 1652 810 clypeum
1697 743 1870 806 hasta,
1898 759 2000 811 qua
2028 752 2179 813 parte

626 830 785 898 capiti
849 831 1019 886 elatus
1048 830 1114 884 ab
1164 832 1494 897 adversario,
1526 841 1584 886 ut
1636 847 1755 901 qua:
1788 833 1993 888 circum
2027 841 2179 887 erant

626 930 849 988 tegeret,
903 921 1353 990 praztendcbatur,
1403 922 1570 993 ipsius
1621 923 1828 993 galeam
1890 924 2181 993 perforavit

626 1039 948 1093 carnemque
989 1024 1183 1093 attigit.
1242 1025 1316 1080 Ita
1370 1026 1621 1096 digressi,
1704 1028 1842 1082 alter
1899 1028 1952 1082 in
1999 1037 2174 1083 castra

627 1115 889 1177 Romana,
911 1118 1046 1170 alter
1079 1116 1131 1171 in
1160 1117 1341 1171 urbem
1369 1131 1702 1173 concessere.
1738 1117 1961 1172 Romani
1989 1128 2175 1173 exacta

617 1208 725 1272 iam
752 1206 1040 1261 festivitate
1066 1207 1309 1260 ordinata
1346 1206 1460 1261 acie
1497 1208 1549 1262 in
1602 1209 1785 1263 urbem
1828 1208 2175 1262 contendunt.

624 1296 728 1351 Sed
768 1312 897 1351 cum
945 1298 1150 1351 crebris
1208 1298 1575 1352 machinarum
1623 1298 1931 1352 bellicarum
1982 1296 2177 1353 ictibus

622 1400 830 1437 murum
893 1393 1208 1449 tentassent,
1243 1385 1603 1454 nequidquam
1635 1401 1693 1439 se
1718 1386 1963 1441 laborare
1990 1386 2180 1439 adver-

621 1484 794 1529 tentcs
826 1476 1039 1543 (quippe
1070 1483 1277 1528 veteres
1300 1486 1358 1528 ut
1386 1475 1437 1528 in
1457 1476 1667 1530 caeteris
1684 1476 1897 1544 quidem
1927 1475 2179 1543 operibus

617 1564 833 1617 multant
859 1564 1163 1631 impendere
1178 1579 1383 1627 curam,
1408 1564 1665 1633 majorem
1690 1575 1862 1618 tamen
1892 1563 1944 1618 in
1964 1573 2177 1618 exstru-

614 1652 1025 1717 endisurbibns,
1064 1652 2061 1723 necinjuria,diligentiamadbibuere)
2108 1652 2175 1707 ab
2211 1646 2237 1723 r'

617 1727 831 1809 incepto
854 1744 1138 1797 desistunt.
1158 1742 1387 1811 Longius
1413 1756 1557 1803 vero.
1589 1750 1644 1795 et
1674 1742 1746 1795 ita
1765 1750 1821 1795 ut
1839 1740 1974 1795 ultra
2000 1756 2180 1797 muros

614 1845 887 1899 evolarunt
924 1846 1145 1914 lapides,
1164 1846 1253 1913 qui
1277 1845 1415 1899 intra
1442 1844 1626 1899 urbem
1644 1826 1965 1909 reciderent,
1986 1845 2179 1912 dirige.

621 1938 771 1989 ltant.
811 1936 1015 2003 Vixque
1046 1936 1250 2004 primus
1271 1936 1500 1990 emissus
1518 1933 1775 2003 estlapis.
1806 1950 1929 1989 cum
1960 1935 2013 1989 in
2047 1936 2180 1991 urbe

616 2030 717 2082 iter
744 2028 948 2082 faciens
983 2026 1289 2081 muliercula
1324 2040 1387 2081 eo
1411 2025 1489 2079 sic
1520 2025 1815 2095 percutitur
1857 2025 1912 2079 in
1952 2026 2176 2090 vertice,

617 2128 675 2171 ut
736 2118 1098 2172 (liﬂinderetur
1158 2116 1310 2186 161
1383 2123 1565 2184 caput,
1651 2115 1998 2184 onmiumque
2050 2129 2176 2171 ossa

618 2210 977 2264 membrorum
1051 2210 1490 2263 dissolverentur.
1541 2205 1665 2261 Inde
1706 2215 1821 2261 orta
1862 2207 2103 2276 eiulatio.
2125 2216 2180 2263 et

614 2301 779 2357 veluti
837 2302 964 2356 urbs
1030 2309 1173 2354 esset
1235 2308 1410 2368 capta,
1447 2296 1772 2351 consternati
1803 2297 2078 2367 oppidani.
2114 2313 2179 2352 ne

626 2393 692 2445 ad
755 2402 1095 2462 coospectum
1146 2390 1357 2458 quidem
1414 2387 1644 2442 infelicis
1682 2388 1839 2442 istius
1860 2387 2095 2442 mulieris
2120 2388 2175 2443 in

621 2482 887 2552 publicum
924 2481 1125 2551 ingredi
1163 2480 1451 2532 audebant.
1484 2476 1555 2533 Ut
1582 2485 1761 2532 autem
1790 2476 1967 2547 jactus
2021 2477 2175 2541 alter,

2281 481 2459 533 πεδίον
2483 482 2650 553 βάδην
2677 485 3049 552 ἀντιμέτωπος
3084 485 3158 555 τῷ
3177 534 3182 538 ,
3204 484 3375 554 Θωμᾷ
3436 484 3800 552 πορευόμενος.

2280 571 2409 624 Ὅτε
2441 572 2503 641 δὴ
2527 573 2734 643 θάμϐος
2760 571 2903 643 εἶχεν
2928 575 3313 645 ἀμφοτέρωθεν
3344 575 3581 645 ὁρῶντας
3622 574 3804 641 ἀνδρας

2277 663 2418 716 οὕτω
2451 666 2549 733 μὲν
2587 665 2913 729 πανόπλους,
2949 666 3089 720 οὕτω
3118 666 3174 719 δὲ
3230 667 3529 731 γενναίους,
3568 664 3689 719 ὥστ’
3721 664 3806 716 ἐπὶ

2280 756 2492 809 στάδιον
2514 755 2608 808 τὸν
2640 757 2813 825 χῶρον
2872 757 3079 810 ἐκεῖνον
3135 757 3555 825 ἀποδυομένους.
3606 753 3804 821 Ἐπειδὴ

2276 847 2456 899 τοίνυν
2520 848 2691 917 ἀγχοῦ
2755 848 2855 919 ἤδη
2895 848 3161 917 ἐγένοντο,
3194 850 3319 912 τοὺς
3349 847 3431 919 [Ρ.
3465 846 3554 917 93]
3621 847 3805 907 ίππους

2277 940 2645 1002 ἐπελάσαντες
2679 942 2973 995 συνέπεσον
3019 944 3139 1002 ταῖς
3206 942 3451 1010 αἰχμαῖς.
3512 938 3687 1005 Θωμᾶη
3719 936 3805 1004 μὲν

2286 1024 2380 1083 οὖν
2407 1030 2440 1099 ή
2476 1030 2643 1100 αίχμὴ
2670 1030 2737 1084 δι’
2768 1031 2991 1093 ἀσπίδος
3022 1030 3250 1083 ἐλθοῦσα
3279 1030 3373 1082 καὶ
3409 1028 3653 1096 Θώρακος
3713 1025 3805 1077 αύ-

2276 1121 2369 1176 τοῦ
2401 1121 2529 1192 ἄχρι
2559 1122 2654 1177 καὶ
2679 1123 2772 1175 ἐπὶ
2793 1123 2854 1175 τὸ
2882 1123 3055 1193 δέρμα
3076 1121 3413 1186 διεξέπεσεν,
3431 1123 3457 1173 ὁ
3486 1119 3531 1172 δ’
3570 1118 3807 1185 Ἐγχέλυς

2276 1212 2345 1266 δι’
2388 1213 2611 1277 ἀσπίδος
2660 1213 2755 1266 καὶ
2812 1213 2974 1277 αὐτὸς
3030 1212 3091 1266 τδ
3138 1214 3266 1282 δόρυ
3313 1212 3530 1276 ἐλάσας,
3573 1208 3694 1261 ἔνθα
3719 1206 3810 1273 τῆς

2280 1305 2522 1373 κεφαλῆς
2557 1303 3021 1373 ὑπερανίστασθαι
3060 1304 3266 1372 ταύτην
3328 1310 3660 1363 συνεοαινεν,
3714 1298 3808 1350 ὐπ-

2278 1394 2605 1462 ανασχόντος
2642 1394 2741 1462 ἤδη
2769 1393 2861 1446 τοῦ
2894 1391 3227 1463 στρατιώτου
3260 1391 3336 1453 ὡς
3363 1391 3448 1443 τά-
3478 1388 3607 1458 περὶ
3653 1385 3808 1452 αὐτὴν

2279 1483 2564 1553 φράξαντο,
2606 1481 2802 1551 κράνος
2853 1499 2914 1535 τε
2964 1482 3095 1535 αὐτὸ
3153 1480 3435 1549 διετόρησε
3476 1476 3571 1530 καὶ
3624 1474 3812 1544 σαρκὸς

2277 1571 2527 1641 ἔψαυσεν.
2579 1570 2735 1624 Οὕτω
2786 1588 2845 1625 τε
2898 1571 3141 1641 ἀλλήλων
3191 1567 3598 1636 ἀπαλλαγέντες
3641 1566 3670 1618 ό
3720 1562 3810 1633 μέν

2281 1661 2375 1716 ἐπὶ
2411 1663 2471 1715 τὸ
2513 1662 2795 1731 Ῥωμαίων
2828 1662 3070 1733 ἐχώρησε
3102 1662 3480 1732 στρατόπεδον,
3525 1659 3712 1727 ἅτερος
3763 1655 3808 1707 δ’

2280 1754 2375 1807 ἐπὶ
2407 1754 2506 1826 τὴν
2544 1755 2699 1809 πόλιν
2729 1752 2881 1826 ἦλθε.
2925 1754 3184 1825 Ῥωμαῖοι
3212 1754 3267 1807 δὲ
3294 1752 3479 1823 ἐπειδὴ
3522 1750 3673 1810 τέλος
3715 1747 3808 1817 ἠδη

2280 1847 2349 1900 τά
2373 1845 2481 1899 τῶν
2513 1846 2581 1911 [Ῑ.
2617 1845 2738 1918 τῆς]
2779 1848 2836 1900 ἐν
2870 1846 3054 1914 σφίσιν
3074 1847 3230 1915 ἔσχεν
3260 1846 3472 1913 ἑορτῆς,
3526 1833 3808 1909 ταξάμενοι

2280 1938 2375 1991 ἐπὶ
2398 1938 2496 2007 τὴν
2527 1938 2681 1991 πόλιν
2710 1936 2969 2007 ἐχώρουν.
3014 1937 3100 1999 Ὧς
3137 1936 3193 1990 δέ
3234 1934 3403 1988 πολλὰ
3457 1936 3570 1996 τοῖς
3628 1947 3808 2000 πετρο-

2281 2028 2457 2092 ϐόλοις
2488 2028 2557 2083 τὰ
2584 2028 2735 2099 τείχη
2786 2029 3140 2095 μαστίξαντες
3188 2026 3476 2096 ἀνηνύτοις
3528 2022 3811 2093 ἐπιχειρεῖν

2278 2120 2520 2186 ἔγνωσαν
2550 2120 2618 2193 (of
2644 2120 2752 2190 γάρ
2778 2120 2942 2175 πάλαι
2993 2118 3103 2190 (96)
3149 2118 3425 2189 ἄνθρωποι
3480 2114 3679 2185 πολλὴν
3727 2112 3812 2165 ἐπὶ

2278 2214 2384 2267 τῶν
2408 2213 2582 2284 ἔργων
2611 2214 2923 2283 ποιούμενοι
2944 2213 3042 2283 τὴν
3072 2211 3389 2281 ἐπιμέλειαν
3434 2208 3570 2263 πολὺ
3626 2206 3811 2277 μᾶλλον

2278 2306 2336 2367 ἐς
2361 2305 2458 2368 τάς
2481 2303 2589 2358 τῶν
2619 2305 2846 2367 πόλεων,
2884 2303 2960 2367 ώς
2992 2303 3053 2357 τὸ
3076 2301 3240 2367 εἰκὸς,
3275 2297 3813 2369 πεφιλοτίμηνταιοί-

2278 2395 2555 2465 κοδομάς),
2590 2396 2776 2449 τούτου
2799 2395 2895 2464 μὲν
2925 2394 3241 2465 ἀπέσχοντο,
3278 2391 3610 2463 προσωτέρω
3649 2388 3702 2441 δέ
3727 2387 3813 2440 καὶ

2276 2488 2386 2557 ὅσῳ
2410 2488 2630 2557 τειχέων
2656 2485 3199 2556 ύπερίπτασθαιτοὺς
3231 2484 3413 2547 λίθους
3441 2479 3814 2535 ἀποδισκεύον-

614 2586 845 2641 tnoxquc
869 2570 1043 2625 crebri
1078 2570 1165 2623 alii
1192 2584 1219 2621 a
1245 2567 1503 2623 Romanis
1541 2567 1829 2629 iterantur,
1892 2565 2175 2621 confestim

2280 2595 2367 2641 τες
2401 2580 2499 2647 τῆς
2526 2578 2733 2641 πόλεως
2764 2579 2909 2640 ἐντὸς
2961 2578 3181 2631 πίπτειν
3233 2576 3476 2629 ἐποίουν.
3529 2574 3666 2627 Ἀλλ’
3704 2572 3813 2639 ἅμα

625 2661 874 2716 turbatur
905 2660 1073 2727 plebs,
1118 2674 1180 2714 ac
1226 2673 1388 2725 supra
1426 2667 1587 2733 caput
1628 2657 1911 2711 imminere
1944 2656 2173 2724 lapidem

2280 2687 2334 2723 τε
2373 2670 2597 2741 πρώτην
2616 2669 2854 2739 ἀφῆκαν,
2885 2670 2978 2723 καὶ
2999 2667 3221 2738 γύναιόν
3252 2686 3303 2720 τι
3364 2668 3467 2719 ἀνά
3525 2666 3623 2733 τὴν
3669 2663 3811 2718 πόλιν

618 2750 721 2807 sibi
751 2751 975 2820 quisque
1023 2751 1212 2812 credit,
1254 2749 1409 2803 aliter
1462 2748 1619 2817 plane
1650 2762 1711 2801 ac
1741 2748 1807 2801 de
1853 2746 2177 2802 Tantalolo—

2280 2765 2467 2820 σοϐοῦν
2513 2765 2652 2819 κατά
2680 2762 2919 2835 κορυφὴν
2942 2761 3236 2832 δεξάμενον
3277 2760 3374 2829 τὴν
3405 2757 3566 2828 βολὴν
3613 2758 3708 2826 τήν
3755 2770 3812 2807 τε

617 2852 853 2913 quuntur
903 2840 1114 2895 fabulae.
1141 2839 1269 2893 Inde
1296 2853 1416 2893 cum
1445 2839 1511 2894 de
1549 2837 1870 2907 recipiendis
1896 2837 1950 2891 iu
1984 2836 2173 2891 urbem

2280 2857 2517 2926 κεφαλὴν
2549 2855 2922 2925 διεσπαράχθη
2958 2855 3050 2907 καὶ
3090 2855 3269 2907 πᾶσαν
3329 2850 3506 2920 μελῶν
3545 2846 3809 2919 παρελύθη

619 2945 876 3000 Romanis
930 2943 1287 2998 deliberarent
1314 2941 1588 3011 oppidani,
1641 2951 1837 2995 utrem
1895 2940 2174 2995 advertere

2280 2952 2373 3021 τὴν
2399 2952 2647 3005 δστωσιν.
2694 2950 3028 3020 ὐλοφυρμδς
3058 2943 3150 3002 οὖν
3193 2947 3434 3015 ἐγένετο,
3491 2946 3577 2998 καὶ
3640 2943 3814 3013 σχῆμα

616 3034 935 3105 prmaidiarii
990 3034 1185 3087 milites
1235 3042 1287 3087 et
1343 3041 1601 3101 quotquot
1650 3033 1939 3086 tuebantur
1974 3040 2165 3092 turres,

2280 3044 2478 3107 πόλεως
2513 3043 2744 3113 ἀλούσης
2777 3043 2960 3111 ἐπεῖχε
2995 3041 3115 3094 τότε
3144 3038 3272 3100 τοὺς
3326 3038 3475 3090 ἔνδον
3526 3036 3643 3089 ούδέ
3696 3036 3812 3086 ὅσον

623 3125 869 3181 celeriter
918 3125 970 3179 in
999 3124 1288 3194 acropolim
1355 3123 1663 3195 confugere,
1718 3134 1947 3189 moxque
2023 3120 2174 3191 plebs

2280 3133 2373 3188 ἐπὶ
2404 3133 2531 3187 θέαν
2576 3134 2674 3201 τῆς
2702 3132 2961 3203 δυστήνου
3018 3133 3230 3199 ἐκείνης
3276 3126 3562 3195 ἀνθρώπου
3619 3125 3814 3190 ἐξιέναι

620 3218 821 3285 apertis
852 3216 1025 3284 portis
1070 3216 1340 3269 Romanas
1365 3214 1549 3281 cepias
1581 3212 1895 3267 introduxit.
1925 3210 2037 3266 Hac
2072 3211 2175 3264 ita—

620 3321 726 3375 que
784 3308 963 3375 potius
1021 3306 1180 3360 etiam
1226 3304 1359 3360 urbe
1385 3304 1579 3367 Ducas,
1633 3303 1867 3357 exercitu
1927 3300 2172 3356 bifariam

619 3397 811 3459 diviso,
843 3406 1044 3465 partem
1082 3396 1237 3448 aliam
1267 3410 1381 3462 qum
1406 3408 1586 3448 arcem
1612 3402 1944 3462 oppugnaret
1974 3391 2025 3444 in
2044 3393 2176 3445 urbe

622 3484 907 3547 continuit,
940 3483 1096 3536 aliam
1120 3482 1380 3536 emisitad
1403 3482 1805 3551 depopulandos
1823 3495 1999 3549 agros.
2039 3479 2173 3534 Dum

620 3585 738 3640 haec
781 3585 851 3639 ibi
880 3591 1157 3656 geruntur,
1185 3585 1327 3654 regio
1354 3584 1590 3653 quasdam
1653 3582 1846 3638 fertilis
1882 3582 2177 3651 incolisqne

621 3694 857 3763 cepiosa.
915 3708 1069 3762 quam
1123 3691 1403 3747 llalitzium
1478 3701 1691 3755 vocant,
1758 3706 1877 3744 cum
1932 3704 1994 3744 ea
2058 3703 2177 3759 quae

624 3781 922 3839 Brundusio
980 3792 1272 3837 evenerant
1324 3782 1637 3845 revolveret,
1682 3780 1747 3833 ad
1791 3780 2173 3849 imperatorem

519 3900 522 3903 -
622 3873 838 3930 defecit.
889 3873 1128 3929 llostium
1177 3873 1247 3927 ibi
1306 3873 1511 3941 exiguae
1567 3872 1733 3943 copiae
1789 3872 1971 3941 (Celta:
1997 3882 2172 3925 autem

622 3971 796 4040 erant)
821 3970 1041 4023 saltibus
1067 3968 1277 4031 abditae,
1312 3976 1366 4021 et
1393 3968 1458 4021 iis
1481 3968 1569 4036 qtti
1624 3967 1984 4020 Romanorum
2013 3980 2177 4033 equos

626 4060 1267 4128 pascebantinsidiantes,
1295 4073 1484 4113 somno
1509 4058 1697 4126 sopitis
1723 4058 1847 4119 illis,
1880 4057 2174 4124 equitatum

622 4165 834 4206 onmem
874 4150 995 4205 inde
1056 4148 1347 4203 abduxere.
1386 4148 1515 4203 Illud
1545 4148 1702 4201 simul
1740 4160 1898 4216 atque
1922 4162 2177 4215 percepe-

627 4250 751 4295 runt
779 4240 1027 4301 Romani,
1059 4256 1118 4293 ex
1143 4240 1208 4292 iis
1232 4240 1365 4307 quia
1384 4238 1727 4307 pabulatione
1753 4239 2172 4301 revertebantur,

628 4330 805 4381 ltus-tea
839 4342 996 4395 quam
1025 4327 1276 4379 citissime
1309 4326 1553 4392 insecuti,
1594 4336 1648 4380 et
1682 4342 1845 4395 equos
1888 4326 2171 4393 recipiunt,

625 4432 675 4471 et
694 4417 921 4472 hostium
942 4417 1220 4484 plerosque
1238 4416 1385 4471 vivos
1399 4418 1636 4485 capiunt,
1680 4428 1838 4485 atque
1863 4417 1917 4469 in
1942 4417 2041 4469 bis,
2059 4416 2179 4469 illu-

625 4519 787 4561 strem
820 4508 1049 4559 maxime
1070 4509 1205 4560 inter
1227 4508 1387 4562 italos
1414 4508 1606 4570 virum,
1635 4509 1847 4561 nomine
1867 4508 2177 4577 Sycherem.

630 4597 785 4667 162
812 4593 913 4649 Sed
949 4600 992 4649 is
1016 4598 1319 4665 priusquam
1343 4597 1460 4664 quis
1478 4606 1617 4651 esset
1650 4608 2053 4665 agnosceretur,
2074 4613 2176 4649 nu—

2282 3229 2637 3300 θαρσοῦντας.
2668 3229 2755 3292 Ὠς
2784 3230 2840 3282 δὲ
2874 3230 2966 3281 καὶ
2996 3228 3255 3296 δευτέραν
3276 3224 3580 3296 ἐπέρριψαν
3608 3221 3696 3274 καὶ
3717 3219 3817 3289 ἤδη

2282 3322 2479 3393 συχνὰς
2509 3321 2786 3375 ἐποιοῦντο
2829 3320 3086 3390 Ῥωμαῖοι
3104 3320 3202 3381 τὰς
3233 3316 3412 3386 βολὰς,
3464 3311 3821 3377 ἐκπλαγέντες

2281 3410 2496 3480 όδῆμος
2519 3408 2665 3461 λίθον
2711 3408 2849 3478 ὑπὲρ
2897 3406 3140 3475 κεφαλῆς
3188 3403 3519 3472 ἐφαντάζετο
3576 3402 3818 3461 ἕκαστος,

2280 3500 2438 3557 ἄλλον
2460 3500 2659 3569 τρόπον
2688 3500 2781 3552 καὶ
2806 3498 2901 3567 οὐχ
2929 3498 3096 3567 ὅνπερ
3130 3496 3178 3548 οἱ
3213 3495 3371 3565 μῦθοι
3404 3495 3531 3565 περὶ
3550 3489 3815 3544 Ταντάλου

2284 3594 2470 3661 φασίν.
2512 3593 2673 3645 Ὅθεν
2701 3590 2921 3645 καὶτῶν
2965 3589 3199 3644 πολιτῶν
3262 3586 3660 3657 βουλευομένων
3717 3582 3818 3653 ἤδη

2294 3683 2581 3753 Ῥωμαίοις
2612 3683 2816 3735 εἰσόδου
2848 3682 3190 3751 παραχωρεῖν
3213 3678 3534 3747 αἰσθόμενον
3553 3677 3611 3730 τὸ
3642 3684 3818 3741 ’στρα-

2284 3772 2533 3827 τιωτικὸν
2566 3774 2659 3825 καὶ
2687 3773 2809 3826 ὅσον
2846 3773 2936 3823 ἐπὶ
2966 3771 3073 3823 τῶν
3133 3770 3357 3840 πύργων
3404 3767 3644 3837 φυλακὴν
3690 3764 3818 3835 εἷχε,

2283 3866 2465 3935 δρόμῳ
2493 3863 2669 3934 πολλῷ
2702 3864 2791 3916 ἐπὶ
2816 3864 2912 3933 τὴν
2941 3862 3235 3931 ἀκρόπολιν
3276 3858 3598 3929 ἀνεχώρουν.
3643 3856 3714 3909 Δῖ
3764 3871 3817 3906 τε

2285 3957 2450 4010 πύλαι
2506 3957 2640 4027 πρὸς
2660 3956 2753 4009 τοῦ
2777 3957 2947 4026 δήμου
2981 3955 3350 4008 ἀνακλιθεϊσαι
3378 3952 3468 4005 τὸν
3531 3950 3818 4020 Ῥωμαίων

2285 4048 2598 4113 είσωδὶαζον
2661 4032 2913 4118 στρατόν.
2969 4045 3187 4115 Ἐπειδὴ
3240 4044 3371 4113 γοῦν
3419 4044 3512 4096 καὶ
3558 4043 3757 4110 ταύτην
3794 4040 3820 4091 ό

2284 4141 2491 4203 Δούκας
2516 4140 2659 4209 ἔσχε,
2695 4139 2817 4207 διχῆ
2848 4138 2909 4190 τὺ
2939 4141 3247 4206 στράτευμα
3280 4136 3489 4199 διελὼν,
3520 4134 3547 4186 ὃ
3578 4133 3676 4204 μὲν
3728 4131 3820 4183 αὒ-

2281 4231 2375 4285 τοῦ
2406 4249 2507 4283 που
2529 4232 2677 4299 παρὰ
2701 4230 2795 4299 τὴν
2822 4230 2973 4281 πόλιν
2999 4231 3213 4299 κατεῖχε
3237 4230 3347 4290 τοῖς
3374 4228 3461 4279 ἐπ’
3487 4224 3822 4293 ἀκροπόλεως

2287 4323 2646 4391 μαχούμενον,
2716 4322 2776 4373 τὸ
2820 4322 2863 4375 δ’
2919 4322 3047 4375 ἀλλο
3109 4323 3167 4383 ἐς
3241 4320 3521 4390 προνομὰς
3593 4313 3816 4384 ἔπεμψε.

2286 4413 2473 4467 Ταῦτα
2502 4413 2600 4482 μὲν
2635 4412 2728 4465 οὖν
2754 4413 2878 4482 τῇδε
2909 4414 3213 4484 ἐπράσσετο
3241 4428 3255 4442 ·
3286 4410 3441 4481 χώρα
3466 4408 3522 4462 δέ
3546 4424 3631 4470 τις
3668 4404 3819 4457 πολυ-

2282 4503 2674 4573 ανθρωποτάτη
2730 4504 2823 4556 καὶ
2895 4502 3138 4572 εὔγεως,
3198 4503 3262 4574 ἥν
3329 4501 3585 4555 καλοῦσιν
3656 4499 3819 4551 Ἀλίτ-

2284 4596 2396 4661 ξιον
2415 4598 2546 4667 (97),
2581 4598 2647 4650 τὰ
2679 4599 2769 4649 ἐπὶ
2808 4596 3113 4666 Βρεντεσίῳ
3146 4594 3582 4665 συμπεπτωκότα
3611 4593 3819 4658 λογισα-

631 4702 827 4741 tncrata
848 4686 923 4741 illi
942 4702 966 4739 a
997 4701 1104 4757 quo
1134 4698 1317 4754 captus
1347 4685 1519 4739 fuerat
1538 4688 1759 4755 pecunia
1780 4702 1900 4743 sese
1930 4689 2175 4745 redemit.

2288 4686 2419 4755 μένη
2454 4684 2530 4751 τῷ
2563 4684 2769 4754 βασιλεῖ
2800 4682 3207 4754 προσεχώρησε.
3237 4682 3513 4751 Πολεμίων
3545 4680 3602 4733 δέ
3654 4680 3818 4746 ὀλίγος

631 4780 857 4851 στρατὸς
914 4780 1005 4831 ἐπὶ
1040 4780 1241 4848 λόχμης
1302 4779 1443 4841 τινος
1496 4783 1605 4842 τοῖς
1648 4781 1745 4850 τὴν
1822 4781 2107 4850 Ῥωμαίων
2162 4779 2411 4849 νέμουσιν
2470 4778 2853 4847 ἐλλοχὴσαντες
2917 4779 3079 4831 ἵππον
3104 4776 3319 4850 (Κελτοὶ
3351 4778 3406 4830 δὲ
3432 4772 3615 4846 ἦσαν),
3683 4776 3817 4827 ἐπειο

627 4872 798 4941 δήπερ
824 4872 901 4931 εἰς
929 4868 1091 4920 ὓπνον
1112 4868 1305 4930 αὐτοὺς
1368 4868 1680 4937 ἐνεχθέντας
1714 4867 1870 4934 εἶδον,
1908 4868 2005 4939 τὴν
2070 4870 2237 4921 ἵππον
2276 4867 2485 4921 ἐκεῖθεν
2527 4869 2732 4937 ἤλασαν
2757 4886 2771 4901 ο
2822 4868 2957 4937 ὅπερ
3005 4868 3331 4931 ἀκούσαντες
3389 4869 3645 4935 Ῥωμαῖοι
3694 4867 3817 4937 πρὸς

627 4963 737 5015 τῶν
760 4963 821 5013 ἐκ
853 4962 949 5030 τῆς
982 4962 1361 5031 χορταγωγίας
1392 4961 1721 5013 ἐπανιόντων
1771 4962 1953 5026 αὐτοῖς
1985 4961 2268 5030 ἀγγελθὲν,
2299 4963 2435 5030 ταχὺ
2497 4960 2783 5024 διώξαντες
2813 4962 2911 5029 τήν
2969 4977 3028 5012 τε
3096 4961 3259 5014 ἵππον
3316 4958 3588 5013 ἀνείλοντο
3650 4959 3817 5011 πᾶσαν

628 5052 855 5107 καὶτῶν
883 5052 1154 5121 πολεμίων
1184 5052 1303 5114 τοὺς
1340 5053 1625 5117 πλείστους
1667 5055 2051 5125 ζωγρήσαντες
2107 5054 2269 5108 εἷλον.
2314 5054 2443 5107 Ὅτε
2474 5054 2536 5124 δὴ
2593 5054 2687 5106 καὶ
2717 5053 2901 5113 ,ἄνδρα
2962 5054 3070 5106 τῶν
3111 5053 3343 5123 μάλιστα
3410 5052 3466 5103 ἐν
3501 5050 3817 5111 Ἰταλιώταις

630 5147 862 5216 δοκίμων
876 5146 1116 5215 Συχέρην
1137 5143 1305 5212 ὄνομα
1336 5144 1533 5199 ἁλῶναι
1558 5148 1873 5217 τετύχηκεν.
1914 5148 2052 5201 Ἀλλ’
2070 5147 2221 5201 οὔπω
2247 5146 2559 5217 καταφανὴς
2583 5148 2727 5209 ὅστις
2758 5147 2844 5215 εἴη
2874 5145 3111 5215 γεγονὼς
3130 5143 3350 5216 χρυσίου
3377 5144 3520 5197 δόσει
3545 5143 3635 5196 τὸν
3658 5159 3816 5196 κατα-

630 5239 823 5310 σχόντα
849 5234 1092 5289 ὑπελθὼν
1122 5235 1310 5287 ἐαυτὸν
1339 5236 1518 5291 ἔλυσε.

1922 5332 2018 5390 Du
2057 5331 2275 5409 Cangii
2312 5336 2496 5391 notat.

698 5428 822 5500 (96)_
862 5431 927 5482 Ol
963 5431 1079 5500 γάρΔ
1098 5430 1302 5485 πάλαι.
1330 5430 1494 5484 Vetus
1525 5440 1712 5483 auctor
1749 5445 2066 5500 anonyntus,
2102 5430 2176 5483 De
2281 5430 2409 5500 rium
2436 5430 2785 5500 conferebant.

629 5497 949 5552 re‘militari
997 5515 1009 5551 :
1055 5498 1290 5553 Rectores
1342 5502 1622 5567 superioris
1667 5502 1784 5553 vita;
1839 5497 1940 5553 non
1995 5500 2172 5552 otiosis
2353 5498 2466 5623 s97)
2520 5499 2811 5560 Ἀλίτζιῡν.
2867 5498 3100 5569 Elysmm
3147 5498 3302 5562 forte,
3342 5501 3441 5554 etsi
3499 5500 3551 5554 in
3608 5501 3673 5555 iis
3719 5503 3816 5560 oris

632 5567 832 5623 quibus.
881 5568 967 5621 sed
1014 5570 1289 5621 condendis
1323 5570 1495 5623 vatius
1535 5570 1787 5623 moenibus
1834 5571 2170 5623 Imlabanlur.
2280 5584 2349 5623 nu
2378 5570 2456 5623 lus
2492 5571 2617 5623 mihi
2647 5571 2869 5623 huiusce
2888 5569 3260 5623 appellationis
3282 5571 3518 5623 occurrit
3551 5571 3720 5623 locus.

632 5567 832 5641 opibus,
881 5568 989 5641 sed
1014 5570 1296 5641 condendis
1323 5570 1495 5635 patina
1535 5570 1787 5641 mcenibus
1834 5571 2170 5631 Imtabantur,
2280 5567 2456 5626 nullus
2492 5571 2617 5625 mihi
2647 5571 2869 5640 hujusce
2888 5567 3260 5641 appellationis
3282 5571 3518 5626 occurrit
3551 5571 3720 5629 locus.

629 5638 684 5691 in
706 5653 923 5706 quorum
957 5637 1187 5693 decorem
1210 5638 1498 5695 universam
1538 5640 1655 5694 auri
1686 5641 1983 5700 argentique
2007 5648 2171 5693 mate-
