3958 6324
139 333 222 394 505
1273 318 1356 378 ΙΙΙ
1366 310 1665 375 STORIAI

1770 310 1821 369 Μ
1863 308 2008 372 LIB.
2059 314 2158 374 IV.

3225 311 3330 376 ἶιζιϐ

137 438 508 508 επιϐρισάντων
537 430 690 499 αὖθις
723 434 812 488 ἐπὶ
857 433 917 486 τὸ
969 434 1142 502 τεῖχος
1171 430 1340 494 ἔθεον,
1372 424 1465 481 καὶ
1500 428 1548 479 εἰ
1580 425 1654 496 μὴ

1770 421 1995 489 fortuna,
2029 425 2257 478 venisset
2297 421 2438 476 haud
2480 421 2637 476 dubie
2680 419 3035 498 Brundusium
3065 419 3328 478 ineorum

140 532 244 598 τύχη
293 546 376 592 τις
407 528 766 596 ἐπιγενομένη
812 525 1118 594 Ῥωμαίους
1174 519 1492 583 διεκώλυσε,
1523 518 1664 586 τάχα

137 625 186 675 ἂν
211 623 318 689 ἥλω
360 621 506 672 κατὰ
554 620 754 689 κράτος
799 616 918 668 τότε
976 612 1319 683 Βρεντέσιον.
1367 609 1665 675 ’Λνέϐησαν

137 715 219 783 μὲν
240 715 344 782 γὰρ
373 714 474 781 ήδη
500 712 591 764 τὸν
624 709 908 779 περίϐολον
936 708 1032 761 καὶ
1050 706 1157 759 ἀπὸ
1172 704 1280 757 τῶν
1298 703 1524 773 πύργων
1553 699 1666 762 τοῖς

135 806 257 857 ἔνδον
285 804 578 870 ἐμάχοντο,
612 801 746 854 ἀλλὰ
775 798 908 852 πολύ
968 815 1022 849 τι
1077 796 1241 865 μέρος
1271 796 1447 848 αὐτῶν
1497 809 1667 844 πεπο-

137 895 272 963 νηκὸς
300 895 399 964 ἥδη
441 897 559 955 ταῖς
598 894 816 960 συχναῖς
850 888 1174 959 προσϐολαῖς
1207 887 1288 948 είς
1329 886 1430 954 γῆν
1459 883 1664 954 ἠνέχθη

135 987 274 1037 πεσὸν
320 983 750 1052 συγκατέσπασὲ
785 1000 843 1035 τε
895 980 1126 1042 πολλοὺς
1173 979 1374 1039 αὐτῶν,
1429 976 1570 1029 οῦτω
1607 993 1664 1028 τε

133 1077 380 1142 ἄπρακτοι
425 1073 800 1143 ἀνεχώρησαν.
854 1071 1064 1124 Σικελοὶ
1109 1069 1185 1134 δὲ,
1216 1068 1405 1136 ἐπειδὴ
1442 1064 1666 1132 μηδέπω

132 1167 162 1216 Γ
167 1166 389 1232 ιλίελμος
425 1169 631 1235 παρῆν,
679 1165 875 1234 βουλὴν
911 1163 1189 1216 ἐποιοῦντο
1214 1163 1362 1221 ὅπως
1403 1157 1665 1226 ὁμολογίᾳ

137 1257 404 1326 Ῥωμαίοις
449 1257 508 1308 τὸ
562 1257 819 1326 φρούριον
873 1254 1230 1307 ἐνδώσουσιν·
1284 1252 1394 1304 ἀλλ’
1446 1253 1478 1317 ἡ
1528 1251 1660 1319 τύχη

130 1344 291 1412 ὥσπερ
334 1346 536 1396 τακτόν
587 1361 708 1395 τινα
750 1341 1040 1406 Ῥωμαίοις
1078 1339 1302 1407 ἕψεσθαι
1335 1336 1667 1404 ἐπαγγειλα-

134 1437 245 1504 μένη
301 1435 536 1504 χρόνον,’
568 1431 684 1487 εἶτα
735 1433 1164 1504 ἐκμετρηθέντος
1208 1432 1506 1498 αἰσθομένη
1557 1430 1666 1482 ἀπὸ

133 1526 281 1595 μέσης
318 1526 517 1588 αὐτοὺς
551 1525 649 1594 τῆς
673 1525 878 1585 πόλεως
904 1523 1138 1576 λιποῦσα
1167 1523 1358 1591 ᾧχετο’
1379 1523 1464 1576 Ἐν
1491 1515 1534 1587 ᾧ
1558 1520 1666 1589 γὰρ

133 1617 274 1670 ταῦτα
308 1617 524 1669 Σικελοὶ
553 1616 876 1679 διενοοῦντο,
917 1615 1124 1683 ἠγγέλη
1151 1615 1331 1673 αὐτοῖς
1362 1612 1530 1679 ἐγγὺς
1566 1612 1665 1680 ἤδη

130 1709 384 1776 Γιλίελμον
439 1708 657 1777 στρατῷ
707 1708 930 1775 μεγάλῳ
984 1706 1218 1758 ἐπ·έναι.
1256 1706 1435 1773 Ὅπερ
1468 1706 1664 1756 ἐκεῖνοι

131 1797 438 1859 ἀκούσαντες
472 1797 775 1865 ἀπέσχοντο
805 1796 905 1865 μὲν
929 1795 1036 1846 τῶν
1067 1795 1530 1862 βεϐουλευμένων,
1572 1793 1666 1846 ἐπὶ

130 1889 174 1939 δὲ
195 1890 254 1940 τὰ
283 1890 434 1958 τείχη
472 1889 772 1949 ἀναϐάντες
801 1886 1150 1956 ἐκροτάλιζον
1181 1885 1328 1948 θαμὰ
1356 1886 1450 1937 καὶ
1478 1884 1664 1954 ὥσπερ

130 1976 214 2044 ήδη
256 1976 559 2045 Ῥωμαίους
587 1974 937 2038 ἐξελάσαντες
967 1975 1176 2042 ἡμέραν
1204 1970 1337 2044 ἦγον
1363 1973 1590 2043 ἑὸρτιον.

190 2063 288 2132 αγ’.
327 2064 514 2118 Ταῦτα
548 2065 646 2134 μὲν
671 2064 736 2134 δὴ
769 2064 896 2133 τῇδε
929 2064 1234 2132 ἐπράσσετο
1257 2080 1270 2094 ·
1305 2061 1586 2129 Γιλὶελμος
1609 2061 1666 2113 δέ

129 2158 246 2222 ἄρας
267 2161 328 2211 ἐκ
353 2156 568 2218 Μυζίας
601 2157 762 2207 παντὶ
784 2155 860 2223 τῷ
885 2152 1102 2220 στρατῷ
1136 2153 1211 2214 ὡς
1234 2153 1328 2205 ἐπὶ
1350 2151 1664 2220 Βρεντέσιον

127 2247 397 2316 ἐπορεύετο
418 2287 432 2311 ,
469 2247 497 2298 ὅ
527 2262 586 2298 τε
617 2244 800 2307 στόλος
846 2243 995 2312 αύτῷ
1028 2243 1118 2293 ἐπὶ
1165 2241 1264 2310 τῆς
1292 2241 1662 2307 ἀντιπόρθμου

129 2339 192 2405 τῷ
230 2337 529 2405 Βρεντεσίῳ
562 2335 773 2404 νησίδος
803 2335 1000 2401 ὀλίγων
1036 2334 1140 2386 ἀπὸ
1176 2333 1406 2391 σταδίων
1437 2332 1665 2400 ὁρμισά-

131 2445 269 2494 μενος
304 2428 508 2480 ἵστατο.
544 2426 698 2478 Κατὰ
726 2424 918 2477 ταύτὸν
947 2423 1058 2493 γὰρ
1101 2421 1492 2490 ἀμφοτέρωθεν
1532 2422 1665 2472 Ῥω-

131 2520 288 2586 μαίοις
343 2518 444 2586 τὴν
497 2515 804 2586 προσϐολὴν
863 2514 1137 2567 ποιεῖσθαι
1190 2514 1464 2565 διενοεῖτο.
1507 2511 1664 2563 Ἀλλὰ

138 2604 424 2675 Ῥωμαίους
451 2606 514 2658 τὸ
551 2605 649 2674 μὲν
675 2606 874 2659 αὐτίκα
903 2605 1341 2673 διαναυμαχῆσαι
1363 2603 1491 2673 πρὶν
1516 2603 1546 2671 ἦ
1574 2603 1666 2654 καὶ

129 2695 396 2765 Γιλίελμον
438 2697 624 2758 αὐτοῖς
674 2696 986 2764 ἐπιστῆναι,
1039 2694 1328 2746 δυσϐουλία
1360 2711 1442 2755 τις
1476 2693 1666 2746 καίτδ

130 2785 308 2855 χρῆναι
336 2782 501 2862 οἶμαι,
521 2787 704 2848 κακῶς
735 2787 933 2847 αὐτοὺς
969 2785 1297 2850 πεπονθέναι
1330 2785 1622 2853 παρείλετο
1647 2801 1660 2814 ·

129 2876 245 2945 πρὸς
282 2876 348 2949 ,δὲ
407 2875 752 2946 ἀμφοτέρους
803 2875 903 2944 τὴν
945 2877 1126 2945 μάχην
1174 2877 1543 2943 διενεγκόντες
1597 2876 1665 2927 τὰ

132 2961 370 3031 βασιλέως
400 2966 704 3035 διέφθειρον
744 2966 1062 3033 πράγματα.
1097 2965 1333 3033 Στρατὸν
1373 2965 1480 3034 γὰρ
1504 2965 1660 3034 ἥκειν

1767 525 2108 584 potestatem,
2154 515 2310 582 vique
2353 523 2712 582 expugnatum
2751 490 2985 575 'l'uisset;
3032 511 3139 577 jam
3192 510 3332 561 enim

1769 605 1962 657 vallum
2013 614 2419 671 superaverant,
2469 614 2629 670 atque
2664 618 2692 654 e
2727 601 2964 652 turribus
2995 615 3114 651 cum
3150 599 3213 650 iis
3245 600 3333 664 qui

1769 675 1906 746 iutra
1962 694 2143 746 urbem
2193 703 2368 756 erant,
2414 692 2772 754 dimicabant;
2825 690 2914 741 sed
2950 690 3120 756 major
3151 703 3360 739 carum

1769 798 1916 851 pars,
1960 783 2167 835 crebris
2216 781 2704 850 oppugnationibus
2734 791 3009 846 quassata,
3045 782 3096 830 in
3137 790 3335 831 terram

1769 872 1983 935 decidit,
2039 880 2094 925 et
2154 885 2218 924 ex
2273 872 2339 924 iis
2394 869 2817 939 quamplurimos
2893 883 3075 922 secum
3154 867 3335 927 traxit,

1768 962 1951 1028 sicque
1977 977 2031 1013 re
2064 962 2256 1015 inlecta
2286 961 2509 1014 rediere.
2542 958 2706 1012 Siculi
2737 968 2934 1017 autem.
2959 973 3078 1010 cum
3108 945 3333 1008 necdum

1769 1052 1979 1104 adesset
2020 1051 2337 1112 Gulielmus,
2388 1048 2559 1102 iniere
2590 1047 2876 1100 consilium
2910 1046 3049 1099 areis
3088 1061 3179 1111 per
3210 1061 3337 1096 cou-

1767 1145 1996 1198 ditiones
2037 1142 2292 1196 Romanis
2339 1141 2615 1194 dedendae.
2665 1137 2864 1193 Verum
2913 1138 3144 1196 fortuna,
3191 1149 3338 1190 certo

1768 1233 1918 1302 quasi
1949 1233 2205 1301 temporis
2240 1232 2469 1300 quodam
2506 1230 2678 1297 spatio
2722 1245 2780 1282 se
2815 1229 3086 1282 Romanos
3120 1237 3339 1280 secutu-

1770 1342 1881 1378 ram
1916 1333 2057 1380 esset
2095 1336 2265 1392 pacta,
2308 1323 2468 1389 idque
2504 1323 2616 1391 jam
2651 1321 2888 1388 elapsum
2923 1321 3203 1382 sensisset,
3235 1317 3341 1371 illis

1768 1415 1821 1466 iu
1856 1412 2026 1465 media
2059 1411 2275 1464 civitate
2306 1410 2528 1473 relictis,
2565 1411 2822 1464 recessit.
2864 1410 2995 1462 Dum
3042 1408 3182 1478 enim
3229 1407 3342 1459 hzrc

1768 1503 1932 1559 Siculi
1977 1502 2293 1562 deliberant,
2346 1501 2620 1551 nuntiatur
2673 1499 2960 1565 oppidanis
3005 1497 3337 1562 Gglielmum

1769 1609 1960 1660 magno
1996 1608 2115 1646 eum
2153 1592 2391 1644 exercitu
2429 1605 2595 1657 prope
2623 1590 2835 1642 adesse.
2876 1587 3084 1653 Quibus
3115 1587 3336 1640 auditis.

1770 1682 2049 1736 consilium
2079 1682 2129 1733 id
2159 1681 2493 1732 intermisere
2526 1689 2577 1731 et
2611 1679 2662 1730 iu
2697 1693 2877 1732 muros
2919 1693 2948 1744 p
2973 1679 3188 1744 ‘ogrcssi
3231 1676 3340 1730 frc-

1769 1773 1954 1840 quenti
2011 1773 2196 1840 plausu
2251 1769 2400 1837 quasi
2455 1769 2692 1838 depulsis
2741 1753 2851 1836 iam
2917 1770 3039 1822 inde
3085 1768 3338 1820 Romanis

1771 1864 1958 1918 festum
1992 1871 2214 1932 egerunt
2244 1861 2404 1913 diem.

1839 2061 1928 2112 15.
1966 2056 2090 2112 ll.rc
2127 2067 2236 2108 tum
2277 2057 2347 2109 ibi
2383 2055 2728 2124 gerebantur.
2765 2052 2982 2108 Moveus
3012 2068 3137 2108 vero
3167 2052 3340 2122 Myzia

1768 2149 2062 2203 Gu'ielmus
2105 2164 2223 2202 cum
2274 2149 2524 2201 universo
2565 2147 2805 2200 exercitu
2858 2161 3046 2200 versus
3093 2145 3343 2200 Brundu-

1767 2246 1904 2300 sium
1957 2244 2253 2306 centendit,
2286 2243 2411 2295 dum
2459 2242 2650 2296 classis
2706 2241 2886 2294 Sicula
2938 2241 3002 2293 ad
3059 2241 3338 2306 parvulam

1766 2335 1996 2387 insu'am
2031 2333 2329 2385 Brundusio
2365 2333 2550 2400 paucis
2580 2331 2778 2386 abhinc
2813 2330 3003 2384 stadiis
3048 2332 3338 2384 obversata

1767 2422 2032 2489 appellit:
2071 2423 2136 2473 ab
2171 2431 2396 2487 utraque
2445 2420 2587 2472 enim
2628 2431 2782 2488 parte
2830 2418 3104 2474 Romanos
3140 2420 3338 2476 adoriri

1768 2519 2049 2562 statuerat.
2111 2510 2213 2561 Sed
2271 2509 2424 2572 illos,
2486 2508 2774 2574 quo-linus
2833 2507 3101 2574 extemplo
3154 2507 3342 2570 navale

1767 2598 2169 2653 committerent
2198 2597 2434 2663 pra-lium
2472 2599 2782 2666 priusquam
2821 2612 2849 2647 a
2878 2596 3140 2649 Gulielmo
3173 2597 3342 2665 impc-

1770 2698 2031 2752 terentur,
2067 2691 2248 2742 nescio
2284 2690 2425 2757 quod
2448 2705 2666 2756 pravqu
2692 2688 2997 2751 coasilium,
3019 2697 3073 2740 et
3104 2690 3246 2753 quod
3278 2689 3341 2741 iis

1768 2785 1930 2840 fatale
1963 2786 2227 2854 quoddam
2269 2786 2609 2851 impendebat
2643 2787 2922 2848 damnum,
2946 2784 3160 2838 avertit.
3207 2786 3340 2838 Dum

1770 2879 2115 2930 cnimcontra
2139 2885 2426 2942 utrumque
2443 2885 2716 2928 certamen
2749 2875 2954 2933 ineunt,
2995 2889 3078 2926 tes
3112 2874 3342 2947 impera-

1772 2968 1903 3021 toris
1955 2966 2390 3033 pessumdedere.
2427 2963 2626 3033 N0,\'um
2672 2965 2828 3033 167
2859 2967 3052 3033 quippe
3087 2963 3342 3033 Byzantio

130 3058 182 3109 ἐκ
214 3055 499 3120 Βυζαντίου
532 3053 963 3122 καραδοκοῦντες
1019 3054 1143 3124 ἤδη,
1196 3055 1249 3116 ἐς
1297 3055 1395 3124 τὴν
1453 3053 1664 3105 ἐκείνου

1770 3061 2070 3116 exercitum
2103 3067 2480 3125 exspectantes
2513 3072 2793 3126 quousque
2818 3059 3032 3110 adesset
3066 3056 3150 3109 ille
3176 3055 3338 3124 (quod

129 3149 250 3218 τάχα
295 3148 602 3217 παρουσίαν
631 3146 732 3214 τὴν
769 3145 1076 3215 προσϐολὴν
1103 3145 1439 3199 ἀπετίθεντο.
1488 3147 1574 3208 Ὠς
1608 3145 1663 3199 δὲ

129 3237 215 3308 ήδη
243 3237 407 3304 ἐγγὺς
454 3236 596 3288 εἶναι
629 3235 920 3304 ἠγγέλλετο
968 3234 1250 3304 Γιλίελμος
1271 3275 1285 3299 ,
1315 3235 1437 3286 τότε
1466 3234 1529 3303 δὴ
1566 3235 1663 3303 τὴν

129 3327 438 3396 ἀμφοτέρων
459 3329 683 3388 ᾶκοντες
707 3325 1020 3393 ἀνεδέχοντο
1055 3324 1458 3395 μάχην.”Δνδρε
1487 3323 1664 3376 τοίνυν

128 3417 207 3470 δύο
228 3417 435 3486 δοκίμω
464 3418 533 3470 τὰ
569 3419 649 3480 εἰς
688 3416 787 3478 τὰς
819 3417 998 3486 μάχας
1039 3416 1436 3484 ἐπιλεξάμενοι,
1484 3417 1665 3470 Ἰωαν-

129 3505 297 3558 νάκιόν
351 3504 412 3558 τέ
442 3523 566 3559 τινα
620 3504 938 3573 Κριτόπλην
970 3508 1064 3556 καὶ
1103 3506 1396 3574 Παιράμην
1452 3506 1663 3576 Πέρσην

127 3598 285 3661 γένος,
318 3598 431 3667 ἅμα
465 3598 679 3668 Ἴϐηρσι
711 3598 805 3650 καὶ
842 3599 1231 3665 Μασσαγέταις
1254 3600 1341 3666 ἐφ’
1369 3591 1412 3665 ᾧ
1434 3599 1674 3668 ἀκροϐο-·

127 3687 352 3742 λίσσεσθαι
383 3688 468 3760 [Ρ.
495 3689 588 3758 97]
657 3689 939 3758 ἔπεμψαν
971 3689 1020 3741 οἶ
1069 3689 1162 3741 καὶ
1198 3690 1386 3756 ἐπειδὴ
1432 3690 1664 3759 τάχιστα

127 3782 224 3841 τοίς
247 3780 530 3849 πολεμίοις
560 3780 857 3848 συνέμιξαν
883 3781 990 3850 πρὸ
1021 3779 1181 3832 πέντε
1214 3797 1316 3834 που
1346 3781 1441 3832 καὶ
1467 3797 1664 3833 τεσσα-

131 3873 347 3938 ράκοντα
404 3872 634 3924 σταδίων
687 3874 806 3952 τδνς
839 3874 1057 3943 χάρακα
1116 3873 1467 3942 πηξαμένοις,
1505 3877 1563 3924 ἐν
1597 3875 1662 3943 τῇ

130 3959 339 4027 ἐγγύθεν
376 3961 687 4030 άποπορεία
742 3953 883 4014 κατὰ
922 3961 1089 4014 νώτου
1128 3963 1306 4024 αὐτοῖς
1355 3961 1665 4028 ἐπιθέμενοι

128 4051 339 4113 πολλούς
391 4068 454 4103 τε
513 4051 619 4103 τῶν
670 4052 762 4103 ἐπὶ
805 4051 905 4119 τῆς
956 4052 1221 4120 ούραγῐας
1271 4051 1519 4104 ἔκτειναν
1572 4054 1667 4104 καὶ

129 4141 308 4206 ἵππους
330 4145 440 4196 τῶν
472 4143 819 4212 σκευοφόρων
849 4144 1074 4211 συχνοὺς
1099 4143 1326 4217 ἤλασαν,
1359 4143 1582 4212 σημεῖόν
1607 4161 1664 4196 τε

129 4236 253 4301 σφᾶς
281 4236 611 4304 ἀφελόμενοι
647 4237 740 4286 ἐπὶ
773 4235 1091 4304 Βρεντέσιον
1138 4231 1325 4304 ἦλθον.
1389 4235 1550 4288 Ἀλλὰ
1580 4237 1666 4288 Σι-

1767 3153 1914 3207 brevi
1942 3151 2181 3206 futurum
2218 3149 2659 3218 arbitrabantur),
2695 3149 2879 3201 hostes
2917 3147 3130 3216 aggredi
3171 3148 3341 3200 distu-

1765 3243 1962 3296 lerunt.
1993 3240 2094 3295 Ubi
2135 3255 2262 3292 vero
2305 3239 2622 3294 Gulielmum
2664 3253 2829 3305 prepe
2866 3237 3054 3290 adesse
3098 3235 3337 3289 atTerturv

1769 3342 1878 3385 tum
1921 3347 2050 3385 vero
2095 3333 2258 3384 etiam
2309 3330 2457 3383 inviti
2509 3339 2798 3397 utrumque
2839 3330 3018 3381 ineunt
3072 3329 3336 3396 prmlium.

1768 3424 1910 3479 Duos
1941 3428 2119 3493 itaque
2148 3432 2397 3490 spectatae
2422 3423 2472 3474 in
2499 3423 2638 3476 bello
2673 3423 2886 3474 virtutis
2910 3423 3147 3475 delectos
3172 3423 3336 3483 viros,

1764 3515 2103 3570 Joannicium
2144 3513 2426 3584 quemdam
2466 3513 2755 3580 Critoplcm
2808 3523 2860 3565 et
2901 3513 3197 3565 ﬂeramem
3246 3527 3341 3563 na-

1769 3607 1913 3659 tione
1947 3605 2183 3668 Persam,
2221 3619 2342 3658 eum
2389 3605 2553 3656 lberis
2585 3614 2637 3655 et
2667 3601 2982 3669 Massagetis
3012 3601 3076 3655 ad
3108 3602 3336 3653 velitau-

1769 3697 1894 3751 dum
1930 3711 2051 3748 eum
2094 3695 2334 3748 hostibus
2377 3695 2726 3760 praemittunt.
2779 3690 2880 3745 Ubi
2934 3707 2991 3744 se
3044 3691 3110 3744 iis
3154 3691 3335 3743 statim

1769 3792 2132 3853 immiseuere,
2180 3799 2363 3858 utpote
2410 3789 2475 3841 ad
2503 3788 2748 3856 quintum
2783 3797 2837 3839 et
2865 3786 3335 3854 quadragesimum

1769 3883 1998 3938 stadium
2057 3889 2234 3935 castra
2295 3880 2668 3944 habentibus;
2730 3876 3043 3944 fugientes,
3111 3891 3336 3944 quorum

1769 3974 1949 4029 brevis
1971 3975 2035 4025 ad
2058 3987 2184 4027 suos
2205 3980 2325 4024 erat
2347 3971 2571 4033 reditus,
2597 3986 2624 4022 a
2658 3977 2807 4036 tergo
2838 3968 3114 4028 invadunt,
3146 3967 3341 4020 multos

1770 4069 1835 4120 de
1882 4051 2118 4118 extrema
2162 4065 2371 4117 caedunt
2418 4060 2552 4122 acie,
2602 4058 2964 4125 plurimosque
3001 4056 3325 4110 sarcinarios

1770 4154 1986 4221 capiunt
2022 4166 2207 4219 equos,
2251 4151 2572 4218 tandemque
2617 4157 2800 4216 erepto
2841 4149 2904 4198 ad
2950 4148 3062 4200 haec
3113 4147 3335 4202 militari

1770 4247 1922 4311 signo
1952 4243 2165 4295 Brundu
2203 4242 2310 4293 'utn
2347 4249 2721 4294 revertuntur.
2766 4239 2961 4292 Verum
2992 4253 3019 4287 a
3053 4236 3246 4289 Siculis
3277 4252 3336 4288 ea

127 4324 258 4377 κελεὶ
304 4325 497 4378 τούτου
561 4326 660 4394 μὲν
715 4321 876 4396 ἦττον
931 4327 1256 4396 ἐφρόντισαν
1295 4326 1413 4394 (ἅτε
1452 4326 1560 4396 γὰρ
1609 4329 1665 4378 ἐν

1775 4337 1959 4390 clades
1989 4336 2040 4387 in
2069 4335 2168 4387 levi
2201 4334 2401 4396 habita,
2436 4348 2555 4385 cum
2596 4333 2647 4384 in
2685 4341 2826 4385 tanta
2881 4331 3220 4381 multitudine
3252 4331 3338 4380 vix

126 4414 307 4484 πλήθει
341 4416 562 4486 μεγάλῳ
603 4415 854 4484 αἴσθησις
882 4416 1110 4486 οὐδεμία
1155 4417 1366 4476 τούτοις
1407 4417 1670 4486 ἐγένετο),

125 4508 271 4578 ὀλίγῳ
339 4508 396 4562 δὲ
456 4508 746 4576 Ῥωμαίων
813 4509 1482 4578 ἁπεστρατοπεδευμένοι,
1561 4510 1670 4579 ὅσῳ

125 4601 437 4671 ἀμφοτέροις
490 4600 619 4664 τοὺς
665 4600 1059 4669 ’χορταγωγοὺς
1116 4601 1524 4669 ἐπιμίγνυσθαι,
1579 4603 1669 4655 τὸν

127 4692 349 4760 πόλεμον
375 4692 693 4762 διέγραφον.
728 4693 866 4762 Ἤδη
891 4692 946 4745 δὲ
988 4694 1080 4744 καὶ
1123 4694 1184 4744 τὸ
1212 4695 1464 4746 ναυτικὸν
1493 4694 1669 4762 ὀλίγον

126 4781 297 4834 λοιπὸν
330 4781 424 4836 τοῦ
457 4779 678 4850 λιμένος
711 4781 1048 4835 ἀποσαλεῦον
1073 4782 1260 4834 ἵστατο
1286 4784 1520 4845 τούτοις.
1563 4787 1670 4838 Καὶ

125 4872 323 4926 Σικελοὶ
357 4873 455 4939 μὲν
483 4875 542 4925 ἐν
571 4872 785 4934 τούτοις
828 4867 967 4941 ἦσαν
988 4888 1002 4903 ο
1045 4874 1306 4942 Ῥωμαῖοι
1337 4874 1392 4928 δὲ
1424 4876 1515 4926 καί
1541 4877 1672 4944 πρό-

123 4981 266 5034 τερον
297 4967 398 5035 μὲν
431 4967 614 5034 πολλῷ
639 4966 716 5034 τῷ
738 4966 1112 5019 διαλλάσσοντι
1139 4967 1233 5018 τοῦ
1256 4968 1363 5019 τῶν
1398 4969 1667 5037 πολεμίων

125 5055 499 5119 ἡλαττονοῦντο
557 5058 810 5126 στρατοῦ,
853 5058 972 5109 τότε
1003 5057 1060 5109 δὲ
1096 5059 1176 5109 ἔτι
1212 5059 1411 5126 μᾶλλον
1439 5061 1666 5131 ὑπέρρει

124 5143 183 5197 τὰ
209 5146 305 5214 τῆς
335 5147 621 5214 δυνάμεως
651 5148 853 5209 αὐτοῖς.
885 5145 1069 5199 ’Δλλοι
1101 5165 1156 5198 τε
1191 5148 1299 5216 γὰρ
1326 5149 1400 5210 ὼς
1424 5151 1668 5205 πλεῖστοι

127 5238 413 5306 συμμάχων
435 5238 779 5300 άπετάξαντο
803 5237 1041 5300 τούτοις,
1067 5238 1164 5290 καὶ
1180 5239 1245 5310 δὴ
1276 5240 1373 5293 καὶ
1395 5244 1558 5310 μοῖρά
1584 5261 1671 5306 τις

128 5327 337 5380 Κελτῶν
366 5330 463 5380 οὐκ
493 5329 724 5396 ἀγεννὴς
775 5329 964 5397 μισθοῦ
1011 5331 1307 5400 Ῥωμαίοις
1346 5333 1669 5397 δουλεύουσα

126 5415 382 5486 Γιλιέλμῳ
427 5417 795 5486 λαθραιότατα
844 5418 1259 5489 προσεχώρησε.
1293 5421 1474 5473 Ταῦτα
1509 5425 1535 5475 ὁ
1589 5425 1670 5475 Γι-

127 5504 331 5575 λίελμος
366 5508 502 5577 δρῶν
529 5508 638 5560 δεῖν
660 5507 801 5574 ἔγνω
832 5510 928 5575 τὴν
952 5510 1044 5560 τοῦ
1071 5510 1264 5579 καιροῦ
1294 5512 1668 5581 προαρπάζειν

123 5595 372 5665 ὀξύτητα,
407 5602 478 5667 μή
510 5617 638 5652 ποτε
672 5598 762 5651 τοῦ
800 5601 990 5668 χρόνου
1023 5600 1465 5671 διαγενομένουῆ
1507 5604 1668 5673 Ῥομ-

128 5686 312 5756 πέρτον
347 5690 528 5753 αὐτοῖς
564 5689 925 5759 ἐπιϐοηθῆσαι
967 5691 1178 5759 γένοιτο
1207 5692 1523 5763 (ἠγγέλλετο
1558 5695 1664 5766 γὰρ

1780 4426 2165 4494 perciperetur.
2197 4421 2368 4475 Simul
2417 4432 2579 4490 atque
2625 4436 2749 4474 vero
2799 4420 2904 4484 jam
2949 4420 3194 4486 proxime
3240 4418 3341 4469 lto-

1779 4530 1967 4568 ntanos
2005 4523 2179 4568 castra
2221 4513 2255 4565 ii
2289 4514 2592 4575 admovere,
2629 4511 2700 4563 ita
2744 4520 2800 4562 ut
2848 4509 3018 4575 partis
3064 4511 3339 4575 utriusque

1772 4607 2118 4675 pabulatores
2154 4604 2536 4664 miscerentur,
2583 4604 2970 4654 ordinaverunt
3010 4602 3151 4653 acies
3181 4619 3194 4652 :
3231 4601 3336 4666 iam

1772 4711 1871 4750 nec
1897 4695 2082 4763 procul
2111 4711 2137 4746 a
2170 4704 2323 4762 portu
2361 4697 2547 4746 aberat
2579 4694 2789 4745 illorum
2818 4695 3028 4745 classis.
3057 4692 3203 4744 Talis
3223 4702 3339 4744 erat

1772 4801 1949 4840 rerqu
2000 4785 2138 4854 apud
2185 4785 2398 4838 Siculos
2435 4794 2629 4837 status.
2680 4784 2812 4836 Tum
2864 4798 2992 4836 vero
3037 4783 3266 4834 Inaxime
3309 4797 3336 4833 a

1770 4878 2050 4939 Romanis,
2084 4879 2172 4945 qui
2202 4877 2310 4944 jam
2345 4887 2502 4929 antea
2543 4876 2772 4928 militum
2822 4891 3048 4927 numero
3077 4877 3227 4936 longe
3260 4875 3340 4924 in-

1771 4971 1996 5026 feriores
2031 4969 2208 5022 hostili
2240 4978 2392 5020 erant
2415 4969 2679 5027 exercitu,
2714 4965 2934 5018 deﬂuxit
2976 4965 3137 5017 robur
3166 4974 3216 5016 et
3246 4979 3339 5016 an-

1770 5061 1943 5114 dacia.
1980 5059 2110 5112 Nam
2161 5067 2212 5110 et
2263 5058 2488 5110 aliorum
2532 5058 2804 5110 sociorum
2851 5071 3008 5121 quam
3051 5055 3229 5120 plures
3271 5055 3338 5106 ab

1769 5153 1836 5210 iis
1869 5161 1992 5206 sunt
2022 5149 2235 5216 dilapsi,
2267 5158 2320 5202 et
2366 5148 2637 5201 Celtarum
2685 5162 2788 5199 non
2845 5147 3090 5214 ignobilis
3143 5157 3335 5210 turma,

1770 5258 1887 5310 qua:
1916 5243 2014 5295 sub
2045 5239 2301 5294 Romanis
2336 5239 2600 5306 stipendia
2635 5239 2894 5298 merebat,
2923 5240 2986 5287 ad
3016 5237 3333 5290 Gulielmum

1769 5333 2137 5388 occultissime
2162 5332 2431 5386 transivit.
2469 5331 2541 5384 Ea
2569 5331 2658 5383 ubi
2693 5330 2735 5382 is
2771 5329 2920 5392 vidit,
2959 5329 3208 5380 utendum
3241 5342 3334 5379 oc-

1771 5425 1987 5479 casione
2011 5423 2264 5490 temporis
2293 5422 2489 5491 putavit
2549 5422 2707 5491 168
2727 5436 2792 5473 ne
2815 5420 3017 5472 interea
3048 5417 3335 5479 Rohertus,

1770 5531 1924 5584 quem
1958 5515 2249 5568 contractis
2284 5514 2450 5581 copiis
2482 5517 2775 5565 adventare
2809 5525 2989 5562 rumor
3018 5518 3153 5569 erat,
3188 5510 3338 5561 auxi-

1772 5609 1840 5662 lia
1885 5609 1951 5662 iis
1990 5609 2179 5670 ferret,
2217 5618 2306 5658 aut
2343 5614 2626 5660 terrestres
2667 5603 3020 5657 maritimzeve
3064 5601 3230 5669 capite
3267 5601 3332 5652 ab

1771 5700 2090 5765 imperatore
2159 5695 2332 5749 tuissze
2399 5694 2767 5749 subvenirent.
2836 5690 3096 5747 instructa
3154 5693 3329 5758 itaque
