  <div class='ocr_page' id='page_1' title='image "/cluster/home/n/w/nwhite01/storage/ocr_20150623/133/pst.000005714490/332.png"; bbox 0 0 3958 6324; ppageno 0'>
   <div class='ocr_carea' id='block_1_1' title="bbox 194 309 277 376">
    <p class='ocr_par' dir='ltr' id='par_1_1' title="bbox 194 309 277 376">
     <span class='ocr_line' id='line_1_1' title="bbox 194 309 277 376; baseline -0.06 0"><span class='ocrx_word' id='word_1_1' title='bbox 194 309 277 376; x_wconf 70' lang='grc'><strong>511</strong></span> 
     </span>
    </p>
   </div>
   <div class='ocr_carea' id='block_1_2' title="bbox 1374 308 2244 373">
    <p class='ocr_par' dir='ltr' id='par_1_2' title="bbox 1374 308 2244 373">
     <span class='ocr_line' id='line_1_2' title="bbox 1374 308 2244 373; baseline 0.006 -5"><span class='ocrx_word' id='word_1_2' title='bbox 1374 308 1918 371; x_wconf 78' lang='lat' dir='ltr'><strong>HISTORIARUM</strong></span> <span class='ocrx_word' id='word_1_3' title='bbox 1956 309 2100 369; x_wconf 85' lang='lat' dir='ltr'><strong>LIB.</strong></span> <span class='ocrx_word' id='word_1_4' title='bbox 2146 311 2244 373; x_wconf 83' lang='lat' dir='ltr'><strong>IV.</strong></span> 
     </span>
    </p>
   </div>
   <div class='ocr_carea' id='block_1_3' title="bbox 3303 303 3411 368">
    <p class='ocr_par' dir='ltr' id='par_1_3' title="bbox 3303 303 3411 368">
     <span class='ocr_line' id='line_1_3' title="bbox 3303 303 3411 368; baseline -0.009 -1"><span class='ocrx_word' id='word_1_5' title='bbox 3303 303 3411 368; x_wconf 74' lang='grc'><strong>512</strong></span> 
     </span>
    </p>
   </div>
   <div class='ocr_carea' id='block_1_4' title="bbox 193 415 1737 494">
    <p class='ocr_par' dir='ltr' id='par_1_4' title="bbox 193 418 1731 494">
     <span class='ocr_line' id='line_1_4' title="bbox 193 418 1731 494; baseline -0.001 -18"><span class='ocrx_word' id='word_1_6' title='bbox 193 421 728 490; x_wconf 72' lang='grc' dir='ltr'><strong>πολυανθρωπότατον</strong></span> <span class='ocrx_word' id='word_1_7' title='bbox 770 418 862 492; x_wconf 91' lang='grc' dir='ltr'><strong>[Ρ.</strong></span> <span class='ocrx_word' id='word_1_8' title='bbox 897 420 1022 494; x_wconf 78' lang='grc'><strong>113]</strong></span> <span class='ocrx_word' id='word_1_9' title='bbox 1045 421 1186 474; x_wconf 74' lang='grc' dir='ltr'><strong>οὕτω</strong></span> <span class='ocrx_word' id='word_1_10' title='bbox 1232 422 1543 492; x_wconf 81' lang='grc' dir='ltr'><strong>στράτευμα</strong></span> <span class='ocrx_word' id='word_1_11' title='bbox 1597 424 1731 493; x_wconf 77' lang='grc' dir='ltr'><strong>πρδς</strong></span> 
     </span>
    </p>
   </div>
   <div class='ocr_carea' id='block_1_5' title="bbox 1842 415 3408 494">
    <p class='ocr_par' dir='ltr' id='par_1_5' title="bbox 1842 415 3408 490">
     <span class='ocr_line' id='line_1_5' title="bbox 1842 415 3408 490; baseline -0.003 -14"><span class='ocrx_word' id='word_1_12' title='bbox 1842 425 2039 476; x_wconf 83' lang='lat' dir='ltr'><strong>Verum</strong></span> <span class='ocrx_word' id='word_1_13' title='bbox 2080 433 2140 476; x_wconf 89' lang='lat' dir='ltr'><strong>ut</strong></span> <span class='ocrx_word' id='word_1_14' title='bbox 2190 422 2408 476; x_wconf 78' lang='lat' dir='ltr'><strong>tandem</strong></span> <span class='ocrx_word' id='word_1_15' title='bbox 2449 419 2580 490; x_wconf 85' lang='lat' dir='ltr'><strong>quid</strong></span> <span class='ocrx_word' id='word_1_16' title='bbox 2630 418 2707 474; x_wconf 85' lang='lat' dir='ltr'><strong>rei</strong></span> <span class='ocrx_word' id='word_1_17' title='bbox 2752 427 2896 474; x_wconf 81' lang='lat' dir='ltr'><strong>esset</strong></span> <span class='ocrx_word' id='word_1_18' title='bbox 2947 415 3408 482; x_wconf 82' lang='lat' dir='ltr'><strong>animadvertunt.</strong></span> 
     </span>
    </p>
   </div>
   <div class='ocr_carea' id='block_1_6' title="bbox 190 512 1745 585">
    <p class='ocr_par' dir='ltr' id='par_1_6' title="bbox 190 512 1745 585">
     <span class='ocr_line' id='line_1_6' title="bbox 190 512 1745 585; baseline -0.003 -17"><span class='ocrx_word' id='word_1_19' title='bbox 190 515 358 583; x_wconf 80' lang='grc' dir='ltr'><strong>ἀνδρὸς</strong></span> <span class='ocrx_word' id='word_1_20' title='bbox 381 513 638 566; x_wconf 86' lang='grc' dir='ltr'><strong>διώκοιτο</strong></span> <span class='ocrx_word' id='word_1_21' title='bbox 671 513 809 576; x_wconf 87' lang='grc' dir='ltr'><strong>ἐνός.</strong></span> <span class='ocrx_word' id='word_1_22' title='bbox 841 514 914 565; x_wconf 85' lang='grc' dir='ltr'><strong>Τὸ</strong></span> <span class='ocrx_word' id='word_1_23' title='bbox 946 512 1055 583; x_wconf 80' lang='grc' dir='ltr'><strong>γὰρ</strong></span> <span class='ocrx_word' id='word_1_24' title='bbox 1091 513 1204 576; x_wconf 78' lang='grc' dir='ltr'><strong>δέος</strong></span> <span class='ocrx_word' id='word_1_25' title='bbox 1232 513 1516 583; x_wconf 78' lang='grc' dir='ltr'><strong>κατάκρας</strong></span> <span class='ocrx_word' id='word_1_26' title='bbox 1546 514 1745 585; x_wconf 80' lang='grc' dir='ltr'><strong>αὐτῶν¹</strong></span> 
     </span>
    </p>
   </div>
   <div class='ocr_carea' id='block_1_7' title="bbox 192 602 1728 673">
    <p class='ocr_par' dir='ltr' id='par_1_7' title="bbox 192 602 1728 673">
     <span class='ocr_line' id='line_1_7' title="bbox 192 602 1728 673; baseline -0.001 -15"><span class='ocrx_word' id='word_1_27' title='bbox 192 604 523 673; x_wconf 76' lang='grc' dir='ltr'><strong>περιγεγονὸς</strong></span> <span class='ocrx_word' id='word_1_28' title='bbox 553 603 846 670; x_wconf 74' lang='grc' dir='ltr'><strong>ἐπεσκότει</strong></span> <span class='ocrx_word' id='word_1_29' title='bbox 889 608 1010 666; x_wconf 85' lang='grc' dir='ltr'><strong>ταῖς</strong></span> <span class='ocrx_word' id='word_1_30' title='bbox 1038 602 1193 671; x_wconf 73' lang='grc' dir='ltr'><strong>ὄψεσι</strong></span> <span class='ocrx_word' id='word_1_31' title='bbox 1231 603 1444 665; x_wconf 80' lang='grc' dir='ltr'><strong>δεινῶς.</strong></span> <span class='ocrx_word' id='word_1_32' title='bbox 1489 603 1641 656; x_wconf 80' lang='grc' dir='ltr'><strong>Ἐπεὶ</strong></span> <span class='ocrx_word' id='word_1_33' title='bbox 1670 604 1728 658; x_wconf 71' lang='grc' dir='ltr'><strong>δέ</strong></span> 
     </span>
    </p>
   </div>
   <div class='ocr_carea' id='block_1_8' title="bbox 191 693 1728 762">
    <p class='ocr_par' dir='ltr' id='par_1_8' title="bbox 191 693 1728 762">
     <span class='ocr_line' id='line_1_8' title="bbox 191 693 1728 762; baseline -0.001 -14"><span class='ocrx_word' id='word_1_34' title='bbox 191 711 300 748; x_wconf 85' lang='grc' dir='ltr'><strong>ποτε</strong></span> <span class='ocrx_word' id='word_1_35' title='bbox 331 695 628 760; x_wconf 83' lang='grc' dir='ltr'><strong>διέγνωστο</strong></span> <span class='ocrx_word' id='word_1_36' title='bbox 663 693 815 761; x_wconf 80' lang='grc' dir='ltr'><strong>σφίσι</strong></span> <span class='ocrx_word' id='word_1_37' title='bbox 845 693 908 745; x_wconf 83' lang='grc' dir='ltr'><strong>τδ</strong></span> <span class='ocrx_word' id='word_1_38' title='bbox 932 693 1187 762; x_wconf 76' lang='grc' dir='ltr'><strong>πρᾶγμα.</strong></span> <span class='ocrx_word' id='word_1_39' title='bbox 1225 695 1399 746; x_wconf 80' lang='grc' dir='ltr'><strong>πολλὰ</strong></span> <span class='ocrx_word' id='word_1_40' title='bbox 1422 694 1530 762; x_wconf 58' lang='lat' dir='ltr'><strong>{sic</strong></span> <span class='ocrx_word' id='word_1_41' title='bbox 1560 695 1728 747; x_wconf 87' lang='grc' dir='ltr'><strong>ἀναν-</strong></span> 
     </span>
    </p>
   </div>
   <div class='ocr_carea' id='block_1_9' title="bbox 187 783 1728 854">
    <p class='ocr_par' dir='ltr' id='par_1_9' title="bbox 187 783 1728 854">
     <span class='ocr_line' id='line_1_9' title="bbox 187 783 1728 854; baseline -0.001 -17"><span class='ocrx_word' id='word_1_42' title='bbox 187 787 320 854; x_wconf 83' lang='grc' dir='ltr'><strong>δρίας</strong></span> <span class='ocrx_word' id='word_1_43' title='bbox 345 784 615 854; x_wconf 81' lang='grc' dir='ltr'><strong>ἀλλήλους</strong></span> <span class='ocrx_word' id='word_1_44' title='bbox 646 783 1094 846; x_wconf 82' lang='grc' dir='ltr'><strong>ἐπιτωθάσαντες</strong></span> <span class='ocrx_word' id='word_1_45' title='bbox 1139 784 1336 854; x_wconf 81' lang='grc' dir='ltr'><strong>ἀθρόον</strong></span> <span class='ocrx_word' id='word_1_46' title='bbox 1372 785 1728 854; x_wconf 83' lang='grc' dir='ltr'><strong>ἐπεστράφη-</strong></span> 
     </span>
    </p>
   </div>
   <div class='ocr_carea' id='block_1_10' title="bbox 189 873 1727 944">
    <p class='ocr_par' dir='ltr' id='par_1_10' title="bbox 189 873 1727 944">
     <span class='ocr_line' id='line_1_10' title="bbox 189 873 1727 944; baseline 0.001 -18"><span class='ocrx_word' id='word_1_47' title='bbox 189 877 272 927; x_wconf 68' lang='lat' dir='ltr'><strong>civ</strong></span> <span class='ocrx_word' id='word_1_48' title='bbox 312 890 369 926; x_wconf 86' lang='grc' dir='ltr'><strong>τε</strong></span> <span class='ocrx_word' id='word_1_49' title='bbox 427 875 524 926; x_wconf 79' lang='grc' dir='ltr'><strong>καὶ</strong></span> <span class='ocrx_word' id='word_1_50' title='bbox 574 873 943 941; x_wconf 77' lang='grc' dir='ltr'><strong>ἀντιμέτωποι</strong></span> <span class='ocrx_word' id='word_1_51' title='bbox 992 873 1140 939; x_wconf 82' lang='grc' dir='ltr'><strong>αὑτῴ</strong></span> <span class='ocrx_word' id='word_1_52' title='bbox 1189 873 1447 940; x_wconf 77' lang='grc' dir='ltr'><strong>ἔστησαν.</strong></span> <span class='ocrx_word' id='word_1_53' title='bbox 1485 874 1560 926; x_wconf 85' lang='grc' dir='ltr'><strong>Οὐ</strong></span> <span class='ocrx_word' id='word_1_54' title='bbox 1618 875 1727 944; x_wconf 82' lang='grc' dir='ltr'><strong>μὴν</strong></span> 
     </span>
    </p>
   </div>
   <div class='ocr_carea' id='block_1_11' title="bbox 185 963 1729 1034">
    <p class='ocr_par' dir='ltr' id='par_1_11' title="bbox 185 963 1729 1034">
     <span class='ocr_line' id='line_1_11' title="bbox 185 963 1729 1034; baseline -0.001 -16"><span class='ocrx_word' id='word_1_55' title='bbox 185 967 268 1034; x_wconf 71' lang='grc' dir='ltr'><strong>ἤδη</strong></span> <span class='ocrx_word' id='word_1_56' title='bbox 298 966 549 1033; x_wconf 79' lang='grc' dir='ltr'><strong>ἀκρατῶς</strong></span> <span class='ocrx_word' id='word_1_57' title='bbox 573 963 854 1031; x_wconf 80' lang='grc' dir='ltr'><strong>ἐξεχέοντο</strong></span> <span class='ocrx_word' id='word_1_58' title='bbox 884 963 1138 1028; x_wconf 77' lang='grc' dir='ltr'><strong>καθάπαξ</strong></span> <span class='ocrx_word' id='word_1_59' title='bbox 1169 964 1246 1032; x_wconf 81' lang='grc' dir='ltr'><strong>τῷ</strong></span> <span class='ocrx_word' id='word_1_60' title='bbox 1276 964 1384 1016; x_wconf 82' lang='grc' dir='ltr'><strong>δέει</strong></span> <span class='ocrx_word' id='word_1_61' title='bbox 1414 967 1513 1026; x_wconf 76' lang='grc' dir='ltr'><strong>τὰς</strong></span> <span class='ocrx_word' id='word_1_62' title='bbox 1551 965 1729 1034; x_wconf 74' lang='grc' dir='ltr'><strong>ὁρμὰς</strong></span> 
     </span>
    </p>
   </div>
   <div class='ocr_carea' id='block_1_12' title="bbox 184 1054 1726 1126">
    <p class='ocr_par' dir='ltr' id='par_1_12' title="bbox 184 1054 1726 1126">
     <span class='ocr_line' id='line_1_12' title="bbox 184 1054 1726 1126; baseline -0.002 -18"><span class='ocrx_word' id='word_1_63' title='bbox 184 1055 649 1123; x_wconf 75' lang='grc' dir='ltr'><strong>ἁνασειραζόμενοι</strong></span> <span class='ocrx_word' id='word_1_64' title='bbox 671 1071 685 1084; x_wconf 94' lang='grc'><strong>·</strong></span> <span class='ocrx_word' id='word_1_65' title='bbox 710 1055 994 1126; x_wconf 77' lang='grc' dir='ltr'><strong>φαρέτρας</strong></span> <span class='ocrx_word' id='word_1_66' title='bbox 1023 1054 1078 1107; x_wconf 87' lang='grc' dir='ltr'><strong>δὲ</strong></span> <span class='ocrx_word' id='word_1_67' title='bbox 1107 1056 1236 1118; x_wconf 84' lang='grc' dir='ltr'><strong>ὅλας</strong></span> <span class='ocrx_word' id='word_1_68' title='bbox 1263 1055 1506 1117; x_wconf 66' lang='grc' dir='ltr'><strong>ἐκὲνουν,</strong></span> <span class='ocrx_word' id='word_1_69' title='bbox 1540 1056 1640 1108; x_wconf 83' lang='grc' dir='ltr'><strong>όδὲ</strong></span> <span class='ocrx_word' id='word_1_70' title='bbox 1660 1058 1726 1124; x_wconf 79' lang='grc' dir='ltr'><strong>τῇ</strong></span> 
     </span>
    </p>
   </div>
   <div class='ocr_carea' id='block_1_13' title="bbox 183 1147 1732 1217">
    <p class='ocr_par' dir='ltr' id='par_1_13' title="bbox 183 1147 1732 1217">
     <span class='ocr_line' id='line_1_13' title="bbox 183 1147 1732 1217; baseline 0 -18"><span class='ocrx_word' id='word_1_71' title='bbox 183 1147 348 1199; x_wconf 80' lang='grc' dir='ltr'><strong>ἀσπίδι</strong></span> <span class='ocrx_word' id='word_1_72' title='bbox 389 1148 521 1215; x_wconf 78' lang='grc' dir='ltr'><strong>παρ’</strong></span> <span class='ocrx_word' id='word_1_73' title='bbox 568 1147 808 1217; x_wconf 83' lang='grc' dir='ltr'><strong>ἐκάτερα</strong></span> <span class='ocrx_word' id='word_1_74' title='bbox 853 1148 1224 1217; x_wconf 82' lang='grc' dir='ltr'><strong>στρεφόμενος</strong></span> <span class='ocrx_word' id='word_1_75' title='bbox 1251 1147 1352 1209; x_wconf 82' lang='grc' dir='ltr'><strong>τὰς</strong></span> <span class='ocrx_word' id='word_1_76' title='bbox 1387 1147 1550 1217; x_wconf 82' lang='grc' dir='ltr'><strong>βολὰς</strong></span> <span class='ocrx_word' id='word_1_77' title='bbox 1622 1164 1732 1200; x_wconf 84' lang='grc' dir='ltr'><strong>απ-</strong></span> 
     </span>
    </p>
   </div>
   <div class='ocr_carea' id='block_1_14' title="bbox 189 1235 1732 1309">
    <p class='ocr_par' dir='ltr' id='par_1_14' title="bbox 189 1235 1732 1309">
     <span class='ocr_line' id='line_1_14' title="bbox 189 1235 1732 1309; baseline 0.002 -20"><span class='ocrx_word' id='word_1_78' title='bbox 189 1237 491 1304; x_wconf 68' lang='grc' dir='ltr'><strong>ωϐούμενος</strong></span> <span class='ocrx_word' id='word_1_79' title='bbox 517 1237 622 1302; x_wconf 82' lang='grc' dir='ltr'><strong>ἔξω</strong></span> <span class='ocrx_word' id='word_1_80' title='bbox 649 1238 819 1307; x_wconf 85' lang='grc' dir='ltr'><strong>βελῶν</strong></span> <span class='ocrx_word' id='word_1_81' title='bbox 838 1238 899 1292; x_wconf 79' lang='grc' dir='ltr'><strong>τὸ</strong></span> <span class='ocrx_word' id='word_1_82' title='bbox 919 1239 1077 1308; x_wconf 85' lang='grc' dir='ltr'><strong>σῶμα</strong></span> <span class='ocrx_word' id='word_1_83' title='bbox 1099 1239 1356 1309; x_wconf 85' lang='grc' dir='ltr'><strong>διετήρει.</strong></span> <span class='ocrx_word' id='word_1_84' title='bbox 1375 1235 1483 1292; x_wconf 84' lang='grc' dir='ltr'><strong>Ἦν</strong></span> <span class='ocrx_word' id='word_1_85' title='bbox 1498 1238 1553 1292; x_wconf 85' lang='grc' dir='ltr'><strong>δέ</strong></span> <span class='ocrx_word' id='word_1_86' title='bbox 1568 1257 1650 1301; x_wconf 90' lang='grc' dir='ltr'><strong>τις</strong></span> <span class='ocrx_word' id='word_1_87' title='bbox 1672 1240 1732 1292; x_wconf 90' lang='grc' dir='ltr'><strong>ἐν</strong></span> 
     </span>
    </p>
   </div>
   <div class='ocr_carea' id='block_1_15' title="bbox 183 1325 1731 1402">
    <p class='ocr_par' dir='ltr' id='par_1_15' title="bbox 183 1325 1731 1402">
     <span class='ocr_line' id='line_1_15' title="bbox 183 1325 1731 1402; baseline 0.001 -22"><span class='ocrx_word' id='word_1_88' title='bbox 183 1329 404 1398; x_wconf 79' lang='grc' dir='ltr'><strong>Πέρσαις</strong></span> <span class='ocrx_word' id='word_1_89' title='bbox 463 1329 605 1398; x_wconf 72' lang='grc' dir='ltr'><strong>ἀνὴρ</strong></span> <span class='ocrx_word' id='word_1_90' title='bbox 653 1328 949 1399; x_wconf 80' lang='grc' dir='ltr'><strong>Θυμοειδὴς</strong></span> <span class='ocrx_word' id='word_1_91' title='bbox 1005 1331 1100 1382; x_wconf 74' lang='grc' dir='ltr'><strong>καὶ</strong></span> <span class='ocrx_word' id='word_1_92' title='bbox 1156 1331 1508 1402; x_wconf 81' lang='grc' dir='ltr'><strong>δραστήριος.</strong></span> <span class='ocrx_word' id='word_1_93' title='bbox 1562 1325 1731 1393; x_wconf 72' lang='grc' dir='ltr'><strong>Οὗτος</strong></span> 
     </span>
    </p>
   </div>
   <div class='ocr_carea' id='block_1_16' title="bbox 181 1417 1732 1490">
    <p class='ocr_par' dir='ltr' id='par_1_16' title="bbox 181 1417 1732 1490">
     <span class='ocr_line' id='line_1_16' title="bbox 181 1417 1732 1490; baseline 0.002 -22"><span class='ocrx_word' id='word_1_94' title='bbox 181 1417 350 1486; x_wconf 83' lang='grc' dir='ltr'><strong>ἐπειδὴ</strong></span> <span class='ocrx_word' id='word_1_95' title='bbox 405 1417 610 1487; x_wconf 78' lang='grc' dir='ltr'><strong>μηδένα</strong></span> <span class='ocrx_word' id='word_1_96' title='bbox 667 1418 727 1482; x_wconf 82' lang='grc' dir='ltr'><strong>ἐξ</strong></span> <span class='ocrx_word' id='word_1_97' title='bbox 760 1418 1046 1472; x_wconf 49' lang='grc' dir='ltr'><strong>νάπάντων</strong></span> <span class='ocrx_word' id='word_1_98' title='bbox 1103 1419 1315 1488; x_wconf 73' lang='grc' dir='ltr'><strong>βασιλεῖ</strong></span> <span class='ocrx_word' id='word_1_99' title='bbox 1362 1421 1500 1490; x_wconf 80' lang='grc' dir='ltr'><strong>πρὸς</strong></span> <span class='ocrx_word' id='word_1_100' title='bbox 1550 1420 1732 1490; x_wconf 87' lang='grc' dir='ltr'><strong>μάχην</strong></span> 
     </span>
    </p>
   </div>
   <div class='ocr_carea' id='block_1_17' title="bbox 178 1509 1734 1582">
    <p class='ocr_par' dir='ltr' id='par_1_17' title="bbox 178 1509 1734 1582">
     <span class='ocr_line' id='line_1_17' title="bbox 178 1509 1734 1582; baseline 0.003 -22"><span class='ocrx_word' id='word_1_101' title='bbox 178 1509 696 1578; x_wconf 74' lang='grc' dir='ltr'><strong>ἀντικαθιστάμενον</strong></span> <span class='ocrx_word' id='word_1_102' title='bbox 746 1509 918 1580; x_wconf 84' lang='grc' dir='ltr'><strong>ἐώρα,</strong></span> <span class='ocrx_word' id='word_1_103' title='bbox 970 1511 1280 1582; x_wconf 77' lang='grc' dir='ltr'><strong>ὑπερζέσας</strong></span> <span class='ocrx_word' id='word_1_104' title='bbox 1328 1511 1406 1580; x_wconf 85' lang='grc' dir='ltr'><strong>τῷ</strong></span> <span class='ocrx_word' id='word_1_105' title='bbox 1437 1511 1592 1582; x_wconf 83' lang='grc' dir='ltr'><strong>θυμῷ</strong></span> <span class='ocrx_word' id='word_1_106' title='bbox 1622 1511 1734 1564; x_wconf 86' lang='grc' dir='ltr'><strong>τῶν</strong></span> 
     </span>
    </p>
   </div>
   <div class='ocr_carea' id='block_1_18' title="bbox 181 1599 1730 1674">
    <p class='ocr_par' dir='ltr' id='par_1_18' title="bbox 181 1599 1730 1674">
     <span class='ocr_line' id='line_1_18' title="bbox 181 1599 1730 1674; baseline 0.005 -24"><span class='ocrx_word' id='word_1_107' title='bbox 181 1599 464 1668; x_wconf 81' lang='grc' dir='ltr'><strong>συμφύλων</strong></span> <span class='ocrx_word' id='word_1_108' title='bbox 494 1602 644 1670; x_wconf 82' lang='grc' dir='ltr'><strong>αὕτῷ</strong></span> <span class='ocrx_word' id='word_1_109' title='bbox 666 1619 814 1665; x_wconf 82' lang='grc' dir='ltr'><strong>τινος</strong></span> <span class='ocrx_word' id='word_1_110' title='bbox 845 1605 904 1656; x_wconf 82' lang='grc' dir='ltr'><strong>τὸ</strong></span> <span class='ocrx_word' id='word_1_111' title='bbox 945 1603 1096 1672; x_wconf 78' lang='grc' dir='ltr'><strong>ξίφος</strong></span> <span class='ocrx_word' id='word_1_112' title='bbox 1124 1603 1233 1657; x_wconf 86' lang='grc' dir='ltr'><strong>τῶν</strong></span> <span class='ocrx_word' id='word_1_113' title='bbox 1259 1604 1458 1674; x_wconf 85' lang='grc' dir='ltr'><strong>χειρῶν</strong></span> <span class='ocrx_word' id='word_1_114' title='bbox 1482 1605 1730 1657; x_wconf 85' lang='grc' dir='ltr'><strong>ἀποσπά·</strong></span> 
     </span>
    </p>
   </div>
   <div class='ocr_carea' id='block_1_19' title="bbox 179 1692 1732 1766">
    <p class='ocr_par' dir='ltr' id='par_1_19' title="bbox 179 1692 1732 1766">
     <span class='ocr_line' id='line_1_19' title="bbox 179 1692 1732 1766; baseline 0.005 -25"><span class='ocrx_word' id='word_1_115' title='bbox 179 1708 267 1752; x_wconf 88' lang='grc' dir='ltr'><strong>σας</strong></span> <span class='ocrx_word' id='word_1_116' title='bbox 295 1693 368 1753; x_wconf 83' lang='grc' dir='ltr'><strong>ὡς</strong></span> <span class='ocrx_word' id='word_1_117' title='bbox 398 1692 658 1756; x_wconf 75' lang='grc' dir='ltr'><strong>πατάξων</strong></span> <span class='ocrx_word' id='word_1_118' title='bbox 683 1694 914 1765; x_wconf 79' lang='grc' dir='ltr'><strong>ἐφέρετο</strong></span> <span class='ocrx_word' id='word_1_119' title='bbox 931 1694 1137 1748; x_wconf 74' lang='grc' dir='ltr'><strong>τοῦτον.</strong></span> <span class='ocrx_word' id='word_1_120' title='bbox 1157 1695 1298 1748; x_wconf 78' lang='grc' dir='ltr'><strong>Ἀλλ’</strong></span> <span class='ocrx_word' id='word_1_121' title='bbox 1320 1699 1348 1746; x_wconf 83' lang='grc' dir='ltr'><strong>δ</strong></span> <span class='ocrx_word' id='word_1_122' title='bbox 1372 1696 1732 1766; x_wconf 76' lang='grc' dir='ltr'><strong>αὐτοκράτωρ</strong></span> 
     </span>
    </p>
   </div>
   <div class='ocr_carea' id='block_1_20' title="bbox 178 1782 1730 1858">
    <p class='ocr_par' dir='ltr' id='par_1_20' title="bbox 178 1782 1730 1858">
     <span class='ocr_line' id='line_1_20' title="bbox 178 1782 1730 1858; baseline 0.005 -26"><span class='ocrx_word' id='word_1_123' title='bbox 178 1783 276 1835; x_wconf 81' lang='grc' dir='ltr'><strong>τῶν</strong></span> <span class='ocrx_word' id='word_1_124' title='bbox 302 1784 508 1853; x_wconf 79' lang='grc' dir='ltr'><strong>τριχῶν</strong></span> <span class='ocrx_word' id='word_1_125' title='bbox 528 1783 830 1853; x_wconf 88' lang='grc' dir='ltr'><strong>λαϐόμενος</strong></span> <span class='ocrx_word' id='word_1_126' title='bbox 861 1786 1041 1848; x_wconf 76' lang='grc' dir='ltr'><strong>ἄλλοις</strong></span> <span class='ocrx_word' id='word_1_127' title='bbox 1070 1782 1252 1840; x_wconf 72' lang='grc' dir='ltr'><strong>εἷλκεν</strong></span> <span class='ocrx_word' id='word_1_128' title='bbox 1281 1787 1401 1858; x_wconf 75' lang='grc' dir='ltr'><strong>ἅμα</strong></span> <span class='ocrx_word' id='word_1_129' title='bbox 1429 1791 1575 1858; x_wconf 77' lang='grc' dir='ltr'><strong>τρισὶ</strong></span> <span class='ocrx_word' id='word_1_130' title='bbox 1607 1805 1730 1857; x_wconf 88' lang='grc' dir='ltr'><strong>γεν-</strong></span> 
     </span>
    </p>
   </div>
   <div class='ocr_carea' id='block_1_21' title="bbox 177 1871 1729 1952">
    <p class='ocr_par' dir='ltr' id='par_1_21' title="bbox 177 1871 1729 1952">
     <span class='ocr_line' id='line_1_21' title="bbox 177 1871 1729 1952; baseline 0.006 -27"><span class='ocrx_word' id='word_1_131' title='bbox 177 1874 334 1934; x_wconf 77' lang='grc' dir='ltr'><strong>ναίοις</strong></span> <span class='ocrx_word' id='word_1_132' title='bbox 366 1877 464 1927; x_wconf 68' lang='grc' dir='ltr'><strong>καὶ</strong></span> <span class='ocrx_word' id='word_1_133' title='bbox 498 1874 712 1938; x_wconf 78' lang='grc' dir='ltr'><strong>τούτοις</strong></span> <span class='ocrx_word' id='word_1_134' title='bbox 735 1893 750 1907; x_wconf 89' lang='grc'><strong>·</strong></span> <span class='ocrx_word' id='word_1_135' title='bbox 779 1877 864 1945; x_wconf 83' lang='grc' dir='ltr'><strong>ἐφ’</strong></span> <span class='ocrx_word' id='word_1_136' title='bbox 899 1871 977 1940; x_wconf 77' lang='grc' dir='ltr'><strong>οἷς</strong></span> <span class='ocrx_word' id='word_1_137' title='bbox 1016 1879 1404 1947; x_wconf 81' lang='grc' dir='ltr'><strong>ἀντιπράττειν</strong></span> <span class='ocrx_word' id='word_1_138' title='bbox 1445 1881 1544 1933; x_wconf 82' lang='grc' dir='ltr'><strong>οὐκ</strong></span> <span class='ocrx_word' id='word_1_139' title='bbox 1577 1881 1729 1952; x_wconf 72' lang='grc' dir='ltr'><strong>ἔχονο-</strong></span> 
     </span>
    </p>
   </div>
   <div class='ocr_carea' id='block_1_22' title="bbox 174 1965 1730 2037">
    <p class='ocr_par' dir='ltr' id='par_1_22' title="bbox 174 1965 1730 2037">
     <span class='ocr_line' id='line_1_22' title="bbox 174 1965 1730 2037; baseline 0.006 -21"><span class='ocrx_word' id='word_1_140' title='bbox 174 1981 253 2026; x_wconf 82' lang='grc' dir='ltr'><strong>τες</strong></span> <span class='ocrx_word' id='word_1_141' title='bbox 275 1967 323 2018; x_wconf 84' lang='lat' dir='ltr'><strong>oi</strong></span> <span class='ocrx_word' id='word_1_142' title='bbox 359 1966 531 2030; x_wconf 74' lang='grc' dir='ltr'><strong>ἄλλοι,</strong></span> <span class='ocrx_word' id='word_1_143' title='bbox 562 1965 768 2037; x_wconf 78' lang='grc' dir='ltr'><strong>ᾤχοντο</strong></span> <span class='ocrx_word' id='word_1_144' title='bbox 794 1969 1069 2030; x_wconf 81' lang='grc' dir='ltr'><strong>ἀπιόντες.</strong></span> <span class='ocrx_word' id='word_1_145' title='bbox 1102 1971 1365 2035; x_wconf 76' lang='grc' dir='ltr'><strong>Βασιλεὺς</strong></span> <span class='ocrx_word' id='word_1_146' title='bbox 1402 1972 1460 2025; x_wconf 74' lang='grc' dir='ltr'><strong>δὲ</strong></span> <span class='ocrx_word' id='word_1_147' title='bbox 1490 1973 1588 2025; x_wconf 80' lang='grc' dir='ltr'><strong>σὺν</strong></span> <span class='ocrx_word' id='word_1_148' title='bbox 1617 1975 1730 2036; x_wconf 83' lang='grc' dir='ltr'><strong>τοῖς</strong></span> 
     </span>
    </p>
   </div>
   <div class='ocr_carea' id='block_1_23' title="bbox 176 2058 1729 2138">
    <p class='ocr_par' dir='ltr' id='par_1_23' title="bbox 176 2058 1729 2138">
     <span class='ocr_line' id='line_1_23' title="bbox 176 2058 1729 2138; baseline 0.006 -32"><span class='ocrx_word' id='word_1_149' title='bbox 176 2058 480 2127; x_wconf 79' lang='grc' dir='ltr'><strong>εἰρημένοις</strong></span> <span class='ocrx_word' id='word_1_150' title='bbox 507 2060 602 2138; x_wconf 69' lang='grc' dir='ltr'><strong>ἐπὶ</strong></span> <span class='ocrx_word' id='word_1_151' title='bbox 629 2059 690 2112; x_wconf 75' lang='grc' dir='ltr'><strong>τὸ</strong></span> <span class='ocrx_word' id='word_1_152' title='bbox 724 2061 1090 2125; x_wconf 81' lang='grc' dir='ltr'><strong>στρατόπεδον</strong></span> <span class='ocrx_word' id='word_1_153' title='bbox 1118 2062 1417 2131; x_wconf 80' lang='grc' dir='ltr'><strong>ἐπανῆκεν,</strong></span> <span class='ocrx_word' id='word_1_154' title='bbox 1444 2063 1636 2133; x_wconf 81' lang='grc' dir='ltr'><strong>ἐπειδὴ</strong></span> <span class='ocrx_word' id='word_1_155' title='bbox 1667 2080 1729 2116; x_wconf 82' lang='grc' dir='ltr'><strong>τε</strong></span> 
     </span>
    </p>
   </div>
   <div class='ocr_carea' id='block_1_24' title="bbox 173 2149 1727 2229">
    <p class='ocr_par' dir='ltr' id='par_1_24' title="bbox 173 2149 1727 2229">
     <span class='ocr_line' id='line_1_24' title="bbox 173 2149 1727 2229; baseline 0.009 -33"><span class='ocrx_word' id='word_1_156' title='bbox 173 2149 262 2216; x_wconf 78' lang='grc' dir='ltr'><strong>τὴν</strong></span> <span class='ocrx_word' id='word_1_157' title='bbox 293 2153 588 2221; x_wconf 81' lang='grc' dir='ltr'><strong>χειμερίαν</strong></span> <span class='ocrx_word' id='word_1_158' title='bbox 614 2151 766 2222; x_wconf 81' lang='grc' dir='ltr'><strong>ὥραν</strong></span> <span class='ocrx_word' id='word_1_159' title='bbox 791 2153 1157 2224; x_wconf 75' lang='grc' dir='ltr'><strong>σφοδροτέραν</strong></span> <span class='ocrx_word' id='word_1_160' title='bbox 1187 2155 1521 2226; x_wconf 85' lang='grc' dir='ltr'><strong>ἐγκειμένην</strong></span> <span class='ocrx_word' id='word_1_161' title='bbox 1559 2154 1727 2229; x_wconf 80' lang='grc' dir='ltr'><strong>ἐώρα,</strong></span> 
     </span>
    </p>
   </div>
   <div class='ocr_carea' id='block_1_25' title="bbox 173 2241 1760 2316">
    <p class='ocr_par' dir='ltr' id='par_1_25' title="bbox 173 2241 1760 2316">
     <span class='ocr_line' id='line_1_25' title="bbox 173 2241 1760 2316; baseline 0.01 -24"><span class='ocrx_word' id='word_1_162' title='bbox 173 2241 255 2293; x_wconf 80' lang='grc' dir='ltr'><strong>ἐπὶ</strong></span> <span class='ocrx_word' id='word_1_163' title='bbox 289 2241 589 2306; x_wconf 82' lang='grc' dir='ltr'><strong>Βυζάντιον</strong></span> <span class='ocrx_word' id='word_1_164' title='bbox 617 2243 838 2316; x_wconf 87' lang='grc' dir='ltr'><strong>ἐχώρει.</strong></span> <span class='ocrx_word' id='word_1_165' title='bbox 1757 2306 1760 2308; x_wconf 30' lang='grc' dir='ltr'><strong>ν</strong></span> 
     </span>
    </p>
   </div>
   <div class='ocr_carea' id='block_1_26' title="bbox 234 2331 1732 2407">
    <p class='ocr_par' dir='ltr' id='par_1_26' title="bbox 234 2331 1732 2407">
     <span class='ocr_line' id='line_1_26' title="bbox 234 2331 1732 2407; baseline 0.004 -23"><span class='ocrx_word' id='word_1_166' title='bbox 234 2337 339 2399; x_wconf 86' lang='grc' dir='ltr'><strong>κγ’.</strong></span> <span class='ocrx_word' id='word_1_167' title='bbox 393 2331 538 2385; x_wconf 67' lang='grc' dir='ltr'><strong>Ἀλλ’</strong></span> <span class='ocrx_word' id='word_1_168' title='bbox 569 2334 698 2401; x_wconf 74' lang='grc' dir='ltr'><strong>ἄρτι</strong></span> <span class='ocrx_word' id='word_1_169' title='bbox 732 2333 832 2402; x_wconf 90' lang='grc' dir='ltr'><strong>μέν</strong></span> <span class='ocrx_word' id='word_1_170' title='bbox 861 2333 894 2402; x_wconf 82' lang='grc' dir='ltr'><strong>ἡ</strong></span> <span class='ocrx_word' id='word_1_171' title='bbox 925 2334 1066 2387; x_wconf 84' lang='grc' dir='ltr'><strong>κατὰ</strong></span> <span class='ocrx_word' id='word_1_172' title='bbox 1096 2334 1354 2390; x_wconf 87' lang='grc' dir='ltr'><strong>Βιθυνίαν</strong></span> <span class='ocrx_word' id='word_1_173' title='bbox 1393 2331 1507 2407; x_wconf 75' lang='grc' dir='ltr'><strong>εἷχε</strong></span> <span class='ocrx_word' id='word_1_174' title='bbox 1541 2337 1732 2390; x_wconf 76' lang='grc' dir='ltr'><strong>τοῦτον</strong></span> 
     </span>
    </p>
   </div>
   <div class='ocr_carea' id='block_1_27' title="bbox 174 2421 1733 2496">
    <p class='ocr_par' dir='ltr' id='par_1_27' title="bbox 174 2421 1733 2496">
     <span class='ocr_line' id='line_1_27' title="bbox 174 2421 1733 2496; baseline 0.007 -26"><span class='ocrx_word' id='word_1_175' title='bbox 174 2421 417 2491; x_wconf 82' lang='grc' dir='ltr'><strong>πολίχνη,</strong></span> <span class='ocrx_word' id='word_1_176' title='bbox 451 2421 580 2474; x_wconf 72' lang='grc' dir='ltr'><strong>ἔνθα</strong></span> <span class='ocrx_word' id='word_1_177' title='bbox 613 2423 740 2484; x_wconf 81' lang='grc' dir='ltr'><strong>τοὺς</strong></span> <span class='ocrx_word' id='word_1_178' title='bbox 783 2423 846 2475; x_wconf 79' lang='grc' dir='ltr'><strong>ἐκ</strong></span> <span class='ocrx_word' id='word_1_179' title='bbox 893 2423 1204 2494; x_wconf 78' lang='grc' dir='ltr'><strong>Φιλομιλίου</strong></span> <span class='ocrx_word' id='word_1_180' title='bbox 1257 2427 1542 2496; x_wconf 86' lang='grc' dir='ltr'><strong>δεσμώτας</strong></span> <span class='ocrx_word' id='word_1_181' title='bbox 1598 2426 1733 2481; x_wconf 86' lang='grc' dir='ltr'><strong>Ῥω-</strong></span> 
     </span>
    </p>
   </div>
   <div class='ocr_carea' id='block_1_28' title="bbox 175 2509 1728 2587">
    <p class='ocr_par' dir='ltr' id='par_1_28' title="bbox 175 2509 1728 2587">
     <span class='ocr_line' id='line_1_28' title="bbox 175 2509 1728 2587; baseline 0.005 -25"><span class='ocrx_word' id='word_1_182' title='bbox 175 2513 340 2575; x_wconf 82' lang='grc' dir='ltr'><strong>μαίων</strong></span> <span class='ocrx_word' id='word_1_183' title='bbox 376 2509 794 2579; x_wconf 77' lang='grc' dir='ltr'><strong>ἐνοικισάμενος</strong></span> <span class='ocrx_word' id='word_1_184' title='bbox 823 2509 962 2581; x_wconf 71' lang='grc' dir='ltr'><strong>ἔφθη</strong></span> <span class='ocrx_word' id='word_1_185' title='bbox 996 2513 1194 2583; x_wconf 83' lang='grc' dir='ltr'><strong>(Πύλαι</strong></span> <span class='ocrx_word' id='word_1_186' title='bbox 1225 2514 1398 2587; x_wconf 82' lang='grc' dir='ltr'><strong>ταύτῃ</strong></span> <span class='ocrx_word' id='word_1_187' title='bbox 1423 2515 1484 2569; x_wconf 83' lang='grc' dir='ltr'><strong>τὸ</strong></span> <span class='ocrx_word' id='word_1_188' title='bbox 1509 2516 1728 2586; x_wconf 71' lang='grc' dir='ltr'><strong>ὄνομα),</strong></span> 
     </span>
    </p>
   </div>
   <div class='ocr_carea' id='block_1_29' title="bbox 174 2601 1732 2674">
    <p class='ocr_par' dir='ltr' id='par_1_29' title="bbox 174 2601 1732 2674">
     <span class='ocr_line' id='line_1_29' title="bbox 174 2601 1732 2674; baseline 0.005 -23"><span class='ocrx_word' id='word_1_189' title='bbox 174 2601 257 2651; x_wconf 79' lang='grc' dir='ltr'><strong>καὶ</strong></span> <span class='ocrx_word' id='word_1_190' title='bbox 286 2601 589 2671; x_wconf 86' lang='grc' dir='ltr'><strong>πρέσϐεσιν</strong></span> <span class='ocrx_word' id='word_1_191' title='bbox 627 2602 693 2653; x_wconf 90' lang='grc' dir='ltr'><strong>ἐκ</strong></span> <span class='ocrx_word' id='word_1_192' title='bbox 718 2601 814 2654; x_wconf 81' lang='grc' dir='ltr'><strong>τοῦ</strong></span> <span class='ocrx_word' id='word_1_193' title='bbox 856 2601 1084 2656; x_wconf 86' lang='grc' dir='ltr'><strong>σουλτὰν</strong></span> <span class='ocrx_word' id='word_1_194' title='bbox 1121 2604 1474 2674; x_wconf 82' lang='grc' dir='ltr'><strong>ἀφικομένοις</strong></span> <span class='ocrx_word' id='word_1_195' title='bbox 1497 2605 1732 2659; x_wconf 79' lang='grc' dir='ltr'><strong>ἐνταῦθά</strong></span> 
     </span>
    </p>
   </div>
   <div class='ocr_carea' id='block_1_30' title="bbox 173 2684 1731 2766">
    <p class='ocr_par' dir='ltr' id='par_1_30' title="bbox 173 2684 1731 2766">
     <span class='ocr_line' id='line_1_30' title="bbox 173 2684 1731 2766; baseline 0.004 -22"><span class='ocrx_word' id='word_1_196' title='bbox 173 2709 266 2745; x_wconf 77' lang='grc' dir='ltr'><strong>που</strong></span> <span class='ocrx_word' id='word_1_197' title='bbox 298 2694 674 2762; x_wconf 75' lang='grc' dir='ltr'><strong>χρηματίσας,</strong></span> <span class='ocrx_word' id='word_1_198' title='bbox 707 2684 1092 2766; x_wconf 76' lang='grc' dir='ltr'><strong>ἐπειδὴμηδὲν</strong></span> <span class='ocrx_word' id='word_1_199' title='bbox 1124 2696 1276 2762; x_wconf 78' lang='grc' dir='ltr'><strong>ὑγιὲς</strong></span> <span class='ocrx_word' id='word_1_200' title='bbox 1305 2697 1503 2759; x_wconf 80' lang='grc' dir='ltr'><strong>αὐτοὺς</strong></span> <span class='ocrx_word' id='word_1_201' title='bbox 1548 2697 1731 2762; x_wconf 85' lang='grc' dir='ltr'><strong>ἀπαγ-</strong></span> 
     </span>
    </p>
   </div>
   <div class='ocr_carea' id='block_1_31' title="bbox 174 2781 1732 2858">
    <p class='ocr_par' dir='ltr' id='par_1_31' title="bbox 174 2781 1732 2858">
     <span class='ocr_line' id='line_1_31' title="bbox 174 2781 1732 2858; baseline 0.002 -25"><span class='ocrx_word' id='word_1_202' title='bbox 174 2781 457 2846; x_wconf 80' lang='grc' dir='ltr'><strong>γέλλοντας</strong></span> <span class='ocrx_word' id='word_1_203' title='bbox 487 2782 650 2858; x_wconf 82' lang='grc' dir='ltr'><strong>ἐγνω,</strong></span> <span class='ocrx_word' id='word_1_204' title='bbox 682 2783 878 2844; x_wconf 65' lang='grc' dir='ltr'><strong>αὐτοὺς</strong></span> <span class='ocrx_word' id='word_1_205' title='bbox 908 2783 1009 2852; x_wconf 80' lang='grc' dir='ltr'><strong>μὲν</strong></span> <span class='ocrx_word' id='word_1_206' title='bbox 1034 2781 1405 2852; x_wconf 81' lang='grc' dir='ltr'><strong>ἀπεπέμψατο</strong></span> <span class='ocrx_word' id='word_1_207' title='bbox 1431 2782 1732 2854; x_wconf 67' lang='grc' dir='ltr'><strong>ἀπειλησά-</strong></span> 
     </span>
    </p>
   </div>
   <div class='ocr_carea' id='block_1_32' title="bbox 178 2871 1734 2943">
    <p class='ocr_par' dir='ltr' id='par_1_32' title="bbox 178 2871 1734 2943">
     <span class='ocr_line' id='line_1_32' title="bbox 178 2871 1734 2943; baseline 0.002 -21"><span class='ocrx_word' id='word_1_208' title='bbox 178 2887 353 2939; x_wconf 83' lang='grc' dir='ltr'><strong>μενος,</strong></span> <span class='ocrx_word' id='word_1_209' title='bbox 418 2873 502 2924; x_wconf 82' lang='grc' dir='ltr'><strong>ὅτι</strong></span> <span class='ocrx_word' id='word_1_210' title='bbox 555 2888 619 2940; x_wconf 90' lang='grc' dir='ltr'><strong>γε</strong></span> <span class='ocrx_word' id='word_1_211' title='bbox 665 2873 739 2943; x_wconf 80' lang='grc' dir='ltr'><strong>μὴ</strong></span> <span class='ocrx_word' id='word_1_212' title='bbox 795 2873 940 2925; x_wconf 81' lang='grc' dir='ltr'><strong>κατὰ</strong></span> <span class='ocrx_word' id='word_1_213' title='bbox 971 2874 1197 2942; x_wconf 83' lang='grc' dir='ltr'><strong>γνώμην</strong></span> <span class='ocrx_word' id='word_1_214' title='bbox 1248 2871 1398 2943; x_wconf 79' lang='grc' dir='ltr'><strong>αὐτῷ</strong></span> <span class='ocrx_word' id='word_1_215' title='bbox 1432 2871 1734 2926; x_wconf 80' lang='grc' dir='ltr'><strong>ποιούντων</strong></span> 
     </span>
    </p>
   </div>
   <div class='ocr_carea' id='block_1_33' title="bbox 175 2962 1733 3035">
    <p class='ocr_par' dir='ltr' id='par_1_33' title="bbox 175 2962 1733 3035">
     <span class='ocr_line' id='line_1_33' title="bbox 175 2962 1733 3035; baseline 0.004 -24"><span class='ocrx_word' id='word_1_216' title='bbox 175 2962 266 3013; x_wconf 78' lang='grc' dir='ltr'><strong>οὐκ</strong></span> <span class='ocrx_word' id='word_1_217' title='bbox 289 2967 370 3025; x_wconf 75' lang='grc' dir='ltr'><strong>τίς</strong></span> <span class='ocrx_word' id='word_1_218' title='bbox 408 2964 631 3035; x_wconf 76' lang='grc' dir='ltr'><strong>μακράν</strong></span> <span class='ocrx_word' id='word_1_219' title='bbox 662 2966 696 3031; x_wconf 82' lang='grc' dir='ltr'>ἡ</span> <span class='ocrx_word' id='word_1_220' title='bbox 747 2963 1039 3034; x_wconf 85' lang='grc' dir='ltr'><strong>Ῥωμαίων</strong></span> <span class='ocrx_word' id='word_1_221' title='bbox 1084 2965 1188 3033; x_wconf 80' lang='grc' dir='ltr'><strong>τῆς</strong></span> <span class='ocrx_word' id='word_1_222' title='bbox 1244 2963 1515 3034; x_wconf 76' lang='grc' dir='ltr'><strong>σφετέρας</strong></span> <span class='ocrx_word' id='word_1_223' title='bbox 1559 2979 1733 3017; x_wconf 81' lang='grc' dir='ltr'><strong>κατα-</strong></span> 
     </span>
    </p>
   </div>
   <div class='ocr_carea' id='block_1_34' title="bbox 102 3045 1806 3147">
    <p class='ocr_par' dir='ltr' id='par_1_34' title="bbox 102 3045 1806 3147">
     <span class='ocr_line' id='line_1_34' title="bbox 102 3045 1806 3147; baseline 0.001 -43"><span class='ocrx_word' id='word_1_224' title='bbox 102 3071 111 3083; x_wconf 69' lang='lat'>~</span> <span class='ocrx_word' id='word_1_225' title='bbox 173 3053 456 3124; x_wconf 79' lang='grc' dir='ltr'><strong>δραμεῖται</strong></span> <span class='ocrx_word' id='word_1_226' title='bbox 487 3056 652 3116; x_wconf 78' lang='grc' dir='ltr'><strong>ἵππος</strong></span> <span class='ocrx_word' id='word_1_227' title='bbox 693 3055 787 3108; x_wconf 77' lang='grc' dir='ltr'><strong>καὶ</strong></span> <span class='ocrx_word' id='word_1_228' title='bbox 819 3055 1097 3126; x_wconf 77' lang='grc' dir='ltr'><strong>λητσονται</strong></span> <span class='ocrx_word' id='word_1_229' title='bbox 1118 3056 1299 3140; x_wconf 82' lang='grc' dir='ltr'><strong>πάντα</strong></span> <span class='ocrx_word' id='word_1_230' title='bbox 1321 3054 1502 3124; x_wconf 86' lang='grc' dir='ltr'><strong>πολλῷ</strong></span> <span class='ocrx_word' id='word_1_231' title='bbox 1535 3045 1735 3125; x_wconf 74' lang='grc' dir='ltr'><strong>μᾶλλον</strong></span> <span class='ocrx_word' id='word_1_232' title='bbox 1763 3089 1806 3147; x_wconf 73' lang='lat' dir='ltr'><strong><em>C</em></strong></span> 
     </span>
    </p>
   </div>
   <div class='ocr_carea' id='block_1_35' title="bbox 175 3136 1731 3219">
    <p class='ocr_par' dir='ltr' id='par_1_35' title="bbox 175 3136 1731 3219">
     <span class='ocr_line' id='line_1_35' title="bbox 175 3136 1731 3219; baseline 0 -20"><span class='ocrx_word' id='word_1_233' title='bbox 175 3146 344 3214; x_wconf 79' lang='grc' dir='ltr'><strong>ἢνῦν.</strong></span> <span class='ocrx_word' id='word_1_234' title='bbox 390 3146 451 3200; x_wconf 85' lang='grc'><strong>⁸0</strong></span> <span class='ocrx_word' id='word_1_235' title='bbox 485 3147 544 3200; x_wconf 77' lang='grc' dir='ltr'><strong>δέ</strong></span> <span class='ocrx_word' id='word_1_236' title='bbox 572 3147 658 3200; x_wconf 80' lang='grc' dir='ltr'><strong>ἐπ’</strong></span> <span class='ocrx_word' id='word_1_237' title='bbox 703 3147 888 3216; x_wconf 78' lang='grc' dir='ltr'><strong>ὀλίγον</strong></span> <span class='ocrx_word' id='word_1_238' title='bbox 917 3150 984 3218; x_wconf 79' lang='grc' dir='ltr'><strong>τῇ</strong></span> <span class='ocrx_word' id='word_1_239' title='bbox 1018 3136 1301 3219; x_wconf 78' lang='grc' dir='ltr'><strong>Αὐγούστῃ</strong></span> <span class='ocrx_word' id='word_1_240' title='bbox 1343 3146 1731 3217; x_wconf 78' lang='grc' dir='ltr'><strong>συνδιατρίψας</strong></span> 
     </span>
    </p>
   </div>
   <div class='ocr_carea' id='block_1_36' title="bbox 174 3235 1732 3310">
    <p class='ocr_par' dir='ltr' id='par_1_36' title="bbox 174 3235 1732 3310">
     <span class='ocr_line' id='line_1_36' title="bbox 174 3235 1732 3310; baseline 0 -20"><span class='ocrx_word' id='word_1_241' title='bbox 174 3236 380 3307; x_wconf 78' lang='grc' dir='ltr'><strong>χρόνον,</strong></span> <span class='ocrx_word' id='word_1_242' title='bbox 421 3235 544 3292; x_wconf 82' lang='grc' dir='ltr'><strong>εῐτα</strong></span> <span class='ocrx_word' id='word_1_243' title='bbox 587 3240 800 3292; x_wconf 79' lang='grc' dir='ltr'><strong>ἐκεῖθεν</strong></span> <span class='ocrx_word' id='word_1_244' title='bbox 833 3239 1078 3308; x_wconf 80' lang='grc' dir='ltr'><strong>μεταϐὰς</strong></span> <span class='ocrx_word' id='word_1_245' title='bbox 1123 3236 1259 3310; x_wconf 78' lang='grc' dir='ltr'><strong>(εἶχε</strong></span> <span class='ocrx_word' id='word_1_246' title='bbox 1287 3240 1394 3308; x_wconf 74' lang='grc' dir='ltr'><strong>γὰρ</strong></span> <span class='ocrx_word' id='word_1_247' title='bbox 1425 3237 1590 3292; x_wconf 79' lang='grc' dir='ltr'><strong>αὑτὸν</strong></span> <span class='ocrx_word' id='word_1_248' title='bbox 1619 3255 1732 3306; x_wconf 85' lang='grc' dir='ltr'><strong>χω-</strong></span> 
     </span>
    </p>
   </div>
   <div class='ocr_carea' id='block_1_37' title="bbox 177 3324 1735 3396">
    <p class='ocr_par' dir='ltr' id='par_1_37' title="bbox 177 3324 1735 3396">
     <span class='ocr_line' id='line_1_37' title="bbox 177 3324 1735 3396; baseline 0.001 -21"><span class='ocrx_word' id='word_1_249' title='bbox 177 3324 284 3391; x_wconf 90' lang='grc' dir='ltr'><strong>ρίον</strong></span> <span class='ocrx_word' id='word_1_250' title='bbox 344 3325 608 3394; x_wconf 78' lang='grc' dir='ltr'><strong>τηνικάδε</strong></span> <span class='ocrx_word' id='word_1_251' title='bbox 661 3328 722 3389; x_wconf 85' lang='grc' dir='ltr'><strong>ἐς</strong></span> <span class='ocrx_word' id='word_1_252' title='bbox 767 3326 867 3394; x_wconf 82' lang='grc' dir='ltr'><strong>τὴν</strong></span> <span class='ocrx_word' id='word_1_253' title='bbox 907 3325 1140 3396; x_wconf 75' lang='grc' dir='ltr'><strong>περαίαν</strong></span> <span class='ocrx_word' id='word_1_254' title='bbox 1188 3325 1452 3378; x_wconf 87' lang='grc' dir='ltr'><strong>διαϐάντα</strong></span> <span class='ocrx_word' id='word_1_255' title='bbox 1502 3325 1735 3388; x_wconf 82' lang='grc' dir='ltr'><strong>Ῥιτζίον</strong></span> 
     </span>
    </p>
   </div>
   <div class='ocr_carea' id='block_1_38' title="bbox 176 3417 1733 3490">
    <p class='ocr_par' dir='ltr' id='par_1_38' title="bbox 176 3417 1733 3490">
     <span class='ocr_line' id='line_1_38' title="bbox 176 3417 1733 3490; baseline 0.003 -22"><span class='ocrx_word' id='word_1_256' title='bbox 176 3417 305 3486; x_wconf 80' lang='grc' dir='ltr'><strong>πρὸς</strong></span> <span class='ocrx_word' id='word_1_257' title='bbox 339 3417 452 3470; x_wconf 80' lang='grc' dir='ltr'><strong>τῶν</strong></span> <span class='ocrx_word' id='word_1_258' title='bbox 479 3418 764 3489; x_wconf 77' lang='grc' dir='ltr'><strong>ἐγχωρίων</strong></span> <span class='ocrx_word' id='word_1_259' title='bbox 789 3419 1170 3490; x_wconf 73' lang='grc' dir='ltr'><strong>κεκλημένον),</strong></span> <span class='ocrx_word' id='word_1_260' title='bbox 1191 3419 1283 3471; x_wconf 78' lang='grc' dir='ltr'><strong>ἐπὶ</strong></span> <span class='ocrx_word' id='word_1_261' title='bbox 1313 3418 1411 3488; x_wconf 74' lang='grc' dir='ltr'><strong>τὴν</strong></span> <span class='ocrx_word' id='word_1_262' title='bbox 1440 3419 1733 3489; x_wconf 81' lang='grc' dir='ltr'><strong>ἀντίπορθ-</strong></span> 
     </span>
    </p>
   </div>
   <div class='ocr_carea' id='block_1_39' title="bbox 181 3492 1736 3580">
    <p class='ocr_par' dir='ltr' id='par_1_39' title="bbox 181 3492 1736 3580">
     <span class='ocr_line' id='line_1_39' title="bbox 181 3492 1736 3580; baseline 0.003 -20"><span class='ocrx_word' id='word_1_263' title='bbox 181 3526 274 3576; x_wconf 86' lang='grc' dir='ltr'><strong>μον</strong></span> <span class='ocrx_word' id='word_1_264' title='bbox 310 3506 514 3580; x_wconf 78' lang='grc' dir='ltr'><strong>ἦλθεν,</strong></span> <span class='ocrx_word' id='word_1_265' title='bbox 574 3510 789 3563; x_wconf 76' lang='grc' dir='ltr'><strong>ἐκεῖθέν</strong></span> <span class='ocrx_word' id='word_1_266' title='bbox 829 3527 888 3563; x_wconf 88' lang='grc' dir='ltr'><strong>τε</strong></span> <span class='ocrx_word' id='word_1_267' title='bbox 925 3511 1027 3580; x_wconf 79' lang='grc' dir='ltr'><strong>ὁδῷ</strong></span> <span class='ocrx_word' id='word_1_268' title='bbox 1071 3510 1278 3578; x_wconf 85' lang='grc' dir='ltr'><strong>προῖὼν</strong></span> <span class='ocrx_word' id='word_1_269' title='bbox 1331 3492 1426 3563; x_wconf 25' lang='grc' dir='ltr'><strong>διὰ.</strong></span> <span class='ocrx_word' id='word_1_270' title='bbox 1464 3510 1579 3564; x_wconf 84' lang='grc' dir='ltr'><strong>τῶν</strong></span> <span class='ocrx_word' id='word_1_271' title='bbox 1633 3512 1736 3578; x_wconf 82' lang='grc' dir='ltr'><strong>ἀγ-</strong></span> 
     </span>
    </p>
   </div>
   <div class='ocr_carea' id='block_1_40' title="bbox 177 3600 1734 3671">
    <p class='ocr_par' dir='ltr' id='par_1_40' title="bbox 177 3600 1734 3671">
     <span class='ocr_line' id='line_1_40' title="bbox 177 3600 1734 3671; baseline 0.001 -20"><span class='ocrx_word' id='word_1_272' title='bbox 177 3600 374 3670; x_wconf 86' lang='grc' dir='ltr'><strong>χιάλων</strong></span> <span class='ocrx_word' id='word_1_273' title='bbox 412 3601 624 3656; x_wconf 86' lang='grc' dir='ltr'><strong>πόλεων</strong></span> <span class='ocrx_word' id='word_1_274' title='bbox 663 3602 757 3654; x_wconf 75' lang='grc' dir='ltr'><strong>ἐπὶ</strong></span> <span class='ocrx_word' id='word_1_275' title='bbox 805 3603 904 3669; x_wconf 75' lang='grc' dir='ltr'><strong>τὴν</strong></span> <span class='ocrx_word' id='word_1_276' title='bbox 936 3602 1266 3670; x_wconf 78' lang='grc' dir='ltr'><strong>Φιλαδέλφου</strong></span> <span class='ocrx_word' id='word_1_277' title='bbox 1301 3601 1734 3671; x_wconf 84' lang='grc' dir='ltr'><strong>καταλαμϐάνει,</strong></span> 
     </span>
    </p>
   </div>
   <div class='ocr_carea' id='block_1_41' title="bbox 175 3693 1749 3766">
    <p class='ocr_par' dir='ltr' id='par_1_41' title="bbox 175 3693 1749 3766">
     <span class='ocr_line' id='line_1_41' title="bbox 175 3693 1749 3766; baseline 0.001 -21"><span class='ocrx_word' id='word_1_278' title='bbox 175 3693 290 3746; x_wconf 78' lang='grc' dir='ltr'><strong>ὅθεν</strong></span> <span class='ocrx_word' id='word_1_279' title='bbox 323 3696 809 3763; x_wconf 80' lang='grc' dir='ltr'><strong>συσκευασάμενος</strong></span> <span class='ocrx_word' id='word_1_280' title='bbox 830 3694 1086 3764; x_wconf 82' lang='grc' dir='ltr'><strong>ἐμϐάλλει</strong></span> <span class='ocrx_word' id='word_1_281' title='bbox 1117 3699 1184 3765; x_wconf 81' lang='grc' dir='ltr'><strong>τῇ</strong></span> <span class='ocrx_word' id='word_1_282' title='bbox 1224 3696 1488 3765; x_wconf 79' lang='grc' dir='ltr'><strong>Περσικῇ.</strong></span> <span class='ocrx_word' id='word_1_283' title='bbox 1519 3696 1584 3747; x_wconf 83' lang='lat' dir='ltr'><strong>Oi</strong></span> <span class='ocrx_word' id='word_1_284' title='bbox 1612 3696 1749 3766; x_wconf 74' lang='grc' dir='ltr'><strong>μέν·⁴</strong></span> 
     </span>
    </p>
   </div>
   <div class='ocr_carea' id='block_1_42' title="bbox 179 3780 1740 3852">
    <p class='ocr_par' dir='ltr' id='par_1_42' title="bbox 179 3780 1740 3852">
     <span class='ocr_line' id='line_1_42' title="bbox 179 3780 1740 3852; baseline 0.004 -22"><span class='ocrx_word' id='word_1_285' title='bbox 179 3797 254 3835; x_wconf 82' lang='grc' dir='ltr'><strong>τοι</strong></span> <span class='ocrx_word' id='word_1_286' title='bbox 319 3782 588 3852; x_wconf 79' lang='grc' dir='ltr'><strong>πρέσϐεις</strong></span> <span class='ocrx_word' id='word_1_287' title='bbox 657 3783 748 3835; x_wconf 70' lang='grc' dir='ltr'><strong>διὰ</strong></span> <span class='ocrx_word' id='word_1_288' title='bbox 801 3780 909 3834; x_wconf 85' lang='grc' dir='ltr'><strong>τῶν</strong></span> <span class='ocrx_word' id='word_1_289' title='bbox 965 3781 1256 3845; x_wconf 82' lang='grc' dir='ltr'><strong>Δορυλαίου</strong></span> <span class='ocrx_word' id='word_1_290' title='bbox 1323 3781 1740 3836; x_wconf 84' lang='grc' dir='ltr'><strong>πεδιάδωνίόν-</strong></span> 
     </span>
    </p>
   </div>
   <div class='ocr_carea' id='block_1_43' title="bbox 176 3865 1738 3941">
    <p class='ocr_par' dir='ltr' id='par_1_43' title="bbox 176 3865 1738 3941">
     <span class='ocr_line' id='line_1_43' title="bbox 176 3865 1738 3941; baseline 0 -17"><span class='ocrx_word' id='word_1_291' title='bbox 176 3888 285 3937; x_wconf 83' lang='grc' dir='ltr'><strong>τες,</strong></span> <span class='ocrx_word' id='word_1_292' title='bbox 310 3872 560 3941; x_wconf 79' lang='grc' dir='ltr'><strong>ἀγνῶτές</strong></span> <span class='ocrx_word' id='word_1_293' title='bbox 588 3890 648 3925; x_wconf 82' lang='grc' dir='ltr'><strong>τε</strong></span> <span class='ocrx_word' id='word_1_294' title='bbox 677 3871 766 3926; x_wconf 90' lang='grc' dir='ltr'><strong>διά</strong></span> <span class='ocrx_word' id='word_1_295' title='bbox 798 3865 957 3924; x_wconf 79' lang='grc' dir='ltr'><strong>τοῦτο</strong></span> <span class='ocrx_word' id='word_1_296' title='bbox 974 3871 1035 3923; x_wconf 81' lang='grc' dir='ltr'><strong>τὸ</strong></span> <span class='ocrx_word' id='word_1_297' title='bbox 1072 3871 1334 3941; x_wconf 78' lang='grc' dir='ltr'><strong>παράπαν</strong></span> <span class='ocrx_word' id='word_1_298' title='bbox 1351 3870 1448 3924; x_wconf 79' lang='grc' dir='ltr'><strong>τοῦ</strong></span> <span class='ocrx_word' id='word_1_299' title='bbox 1475 3872 1738 3940; x_wconf 79' lang='grc' dir='ltr'><strong>βασιλέως</strong></span> 
     </span>
    </p>
   </div>
   <div class='ocr_carea' id='block_1_44' title="bbox 179 3950 1737 4035">
    <p class='ocr_par' dir='ltr' id='par_1_44' title="bbox 179 3950 1737 4035">
     <span class='ocr_line' id='line_1_44' title="bbox 179 3950 1737 4035; baseline 0 -20"><span class='ocrx_word' id='word_1_300' title='bbox 179 3965 267 4016; x_wconf 74' lang='grc' dir='ltr'><strong>ἐπὶ</strong></span> <span class='ocrx_word' id='word_1_301' title='bbox 319 3966 424 4035; x_wconf 80' lang='grc' dir='ltr'><strong>τὴν</strong></span> <span class='ocrx_word' id='word_1_302' title='bbox 476 3965 667 4033; x_wconf 76' lang='grc' dir='ltr'><strong>αὐτῶν</strong></span> <span class='ocrx_word' id='word_1_303' title='bbox 702 3959 844 4032; x_wconf 80' lang='grc' dir='ltr'><strong>ἦσαν</strong></span> <span class='ocrx_word' id='word_1_304' title='bbox 901 3950 1103 4035; x_wconf 68' lang='grc' dir='ltr'><strong>όρμὴνζ</strong></span> <span class='ocrx_word' id='word_1_305' title='bbox 1150 3964 1243 4016; x_wconf 81' lang='grc' dir='ltr'><strong>καὶ</strong></span> <span class='ocrx_word' id='word_1_306' title='bbox 1291 3966 1404 4024; x_wconf 78' lang='grc' dir='ltr'><strong>τοῖς</strong></span> <span class='ocrx_word' id='word_1_307' title='bbox 1440 3962 1737 4026; x_wconf 81' lang='grc' dir='ltr'><strong>Βυζαντίου</strong></span> 
     </span>
    </p>
   </div>
   <div class='ocr_carea' id='block_1_45' title="bbox 179 4041 1735 4126">
    <p class='ocr_par' dir='ltr' id='par_1_45' title="bbox 179 4041 1735 4126">
     <span class='ocr_line' id='line_1_45' title="bbox 179 4041 1735 4126; baseline 0.002 -21"><span class='ocrx_word' id='word_1_308' title='bbox 179 4057 524 4124; x_wconf 80' lang='grc' dir='ltr'><strong>προαστείοις</strong></span> <span class='ocrx_word' id='word_1_309' title='bbox 557 4055 844 4126; x_wconf 79' lang='grc' dir='ltr'><strong>διατριϐὴν</strong></span> <span class='ocrx_word' id='word_1_310' title='bbox 873 4054 1036 4108; x_wconf 79' lang='grc' dir='ltr'><strong>αὑτὸν</strong></span> <span class='ocrx_word' id='word_1_311' title='bbox 1066 4054 1340 4107; x_wconf 82' lang='grc' dir='ltr'><strong>ποιεῖσθαι</strong></span> <span class='ocrx_word' id='word_1_312' title='bbox 1375 4041 1735 4124; x_wconf 77' lang='grc' dir='ltr'><strong>ίσχυρίζοντο.</strong></span> 
     </span>
    </p>
   </div>
   <div class='ocr_carea' id='block_1_46' title="bbox 180 4135 1740 4216">
    <p class='ocr_par' dir='ltr' id='par_1_46' title="bbox 180 4135 1740 4216">
     <span class='ocr_line' id='line_1_46' title="bbox 180 4135 1740 4216; baseline -0.003 -16"><span class='ocrx_word' id='word_1_313' title='bbox 180 4145 342 4200; x_wconf 79' lang='grc' dir='ltr'><strong>Ὅθεν</strong></span> <span class='ocrx_word' id='word_1_314' title='bbox 366 4135 594 4215; x_wconf 75' lang='grc' dir='ltr'><strong>καὶτῆς</strong></span> <span class='ocrx_word' id='word_1_315' title='bbox 638 4146 930 4216; x_wconf 81' lang='grc' dir='ltr'><strong>Ῥωμαίων</strong></span> <span class='ocrx_word' id='word_1_316' title='bbox 963 4146 1152 4213; x_wconf 66' lang='grc' dir='ltr'><strong>ἐφόδου</strong></span> <span class='ocrx_word' id='word_1_317' title='bbox 1198 4145 1536 4212; x_wconf 66' lang='grc' dir='ltr'><strong>πανταχόθεν</strong></span> <span class='ocrx_word' id='word_1_318' title='bbox 1586 4144 1740 4212; x_wconf 89' lang='grc' dir='ltr'><strong>διαγ-</strong></span> 
     </span>
    </p>
   </div>
   <div class='ocr_carea' id='block_1_47' title="bbox 179 4234 1742 4308">
    <p class='ocr_par' dir='ltr' id='par_1_47' title="bbox 179 4234 1742 4308">
     <span class='ocr_line' id='line_1_47' title="bbox 179 4234 1742 4308; baseline 0 -19"><span class='ocrx_word' id='word_1_319' title='bbox 179 4238 538 4308; x_wconf 81' lang='grc' dir='ltr'><strong>γελλομένης,</strong></span> <span class='ocrx_word' id='word_1_320' title='bbox 573 4237 784 4306; x_wconf 74' lang='grc' dir='ltr'><strong>Πέρσαι</strong></span> <span class='ocrx_word' id='word_1_321' title='bbox 813 4237 882 4290; x_wconf 87' lang='grc' dir='ltr'><strong>τὰ</strong></span> <span class='ocrx_word' id='word_1_322' title='bbox 906 4237 1100 4306; x_wconf 86' lang='grc' dir='ltr'><strong>πρῶτα</strong></span> <span class='ocrx_word' id='word_1_323' title='bbox 1126 4237 1322 4306; x_wconf 85' lang='grc' dir='ltr'><strong>κομιδῆ</strong></span> <span class='ocrx_word' id='word_1_324' title='bbox 1345 4237 1573 4290; x_wconf 81' lang='grc' dir='ltr'><strong>ἄπιστον</strong></span> <span class='ocrx_word' id='word_1_325' title='bbox 1601 4234 1742 4289; x_wconf 83' lang='grc' dir='ltr'><strong>εἶναι</strong></span> 
     </span>
    </p>
   </div>
   <div class='ocr_carea' id='block_1_48' title="bbox 181 4327 1741 4402">
    <p class='ocr_par' dir='ltr' id='par_1_48' title="bbox 181 4327 1741 4402">
     <span class='ocr_line' id='line_1_48' title="bbox 181 4327 1741 4402; baseline -0.003 -18"><span class='ocrx_word' id='word_1_326' title='bbox 181 4333 237 4384; x_wconf 66' lang='grc' dir='ltr'><strong>τὸ</strong></span> <span class='ocrx_word' id='word_1_327' title='bbox 264 4333 506 4402; x_wconf 82' lang='grc' dir='ltr'><strong>πρᾶγμα</strong></span> <span class='ocrx_word' id='word_1_328' title='bbox 565 4329 819 4400; x_wconf 79' lang='grc' dir='ltr'><strong>ἡγοῦντο,</strong></span> <span class='ocrx_word' id='word_1_329' title='bbox 870 4329 991 4381; x_wconf 73' lang='grc' dir='ltr'><strong>ἐπεὶ</strong></span> <span class='ocrx_word' id='word_1_330' title='bbox 1018 4328 1076 4380; x_wconf 85' lang='grc' dir='ltr'><strong>ὃέ</strong></span> <span class='ocrx_word' id='word_1_331' title='bbox 1121 4327 1583 4397; x_wconf 83' lang='grc' dir='ltr'><strong>αὐτοπτησάντων</strong></span> <span class='ocrx_word' id='word_1_332' title='bbox 1639 4329 1741 4398; x_wconf 70' lang='grc' dir='ltr'><strong>ἤδη</strong></span> 
     </span>
    </p>
   </div>
   <div class='ocr_carea' id='block_1_49' title="bbox 1833 507 3413 578">
    <p class='ocr_par' dir='ltr' id='par_1_49' title="bbox 1833 507 3413 578">
     <span class='ocr_line' id='line_1_49' title="bbox 1833 507 3413 578; baseline -0.003 -12"><span class='ocrx_word' id='word_1_333' title='bbox 1833 521 2074 566; x_wconf 90' lang='lat' dir='ltr'><strong>mutuam</strong></span> <span class='ocrx_word' id='word_1_334' title='bbox 2121 512 2224 567; x_wconf 83' lang='lat' dir='ltr'><strong>sibi</strong></span> <span class='ocrx_word' id='word_1_335' title='bbox 2277 510 2509 566; x_wconf 76' lang='lat' dir='ltr'><strong>invicem</strong></span> <span class='ocrx_word' id='word_1_336' title='bbox 2560 508 2880 578; x_wconf 74' lang='lat' dir='ltr'><strong>objicientes</strong></span> <span class='ocrx_word' id='word_1_337' title='bbox 2928 507 3222 578; x_wconf 74' lang='lat' dir='ltr'><strong>ignaviam,</strong></span> <span class='ocrx_word' id='word_1_338' title='bbox 3259 511 3413 563; x_wconf 83' lang='lat' dir='ltr'><strong>dere-</strong></span> 
     </span>
    </p>
   </div>
   <div class='ocr_carea' id='block_1_50' title="bbox 1831 579 3408 671">
    <p class='ocr_par' dir='ltr' id='par_1_50' title="bbox 1831 579 3408 671">
     <span class='ocr_line' id='line_1_50' title="bbox 1831 579 3408 671; baseline -0.003 -15"><span class='ocrx_word' id='word_1_339' title='bbox 1831 609 1995 671; x_wconf 87' lang='lat' dir='ltr'><strong>pente</strong></span> <span class='ocrx_word' id='word_1_340' title='bbox 2043 615 2102 655; x_wconf 86' lang='lat' dir='ltr'><strong>se</strong></span> <span class='ocrx_word' id='word_1_341' title='bbox 2149 607 2472 655; x_wconf 86' lang='lat' dir='ltr'><strong>convertunt</strong></span> <span class='ocrx_word' id='word_1_342' title='bbox 2533 598 2873 667; x_wconf 79' lang='lat' dir='ltr'><strong>principique</strong></span> <span class='ocrx_word' id='word_1_343' title='bbox 2927 611 3052 652; x_wconf 85' lang='lat' dir='ltr'><strong>sese</strong></span> <span class='ocrx_word' id='word_1_344' title='bbox 3110 579 3408 664; x_wconf 76' lang='lat' dir='ltr'><strong>opponunt.</strong></span> 
     </span>
    </p>
   </div>
   <div class='ocr_carea' id='block_1_51' title="bbox 1830 687 3411 767">
    <p class='ocr_par' dir='ltr' id='par_1_51' title="bbox 1830 687 3411 767">
     <span class='ocr_line' id='line_1_51' title="bbox 1830 687 3411 767; baseline -0.003 -20"><span class='ocrx_word' id='word_1_345' title='bbox 1830 693 2016 762; x_wconf 83' lang='lat' dir='ltr'><strong>Neque</strong></span> <span class='ocrx_word' id='word_1_346' title='bbox 2042 701 2220 746; x_wconf 85' lang='lat' dir='ltr'><strong>tamen</strong></span> <span class='ocrx_word' id='word_1_347' title='bbox 2275 691 2486 746; x_wconf 80' lang='lat' dir='ltr'><strong>alacres</strong></span> <span class='ocrx_word' id='word_1_348' title='bbox 2531 689 2683 744; x_wconf 81' lang='lat' dir='ltr'><strong>ivere</strong></span> <span class='ocrx_word' id='word_1_349' title='bbox 2736 688 2789 742; x_wconf 88' lang='lat' dir='ltr'><strong>in</strong></span> <span class='ocrx_word' id='word_1_350' title='bbox 2841 702 3098 767; x_wconf 70' lang='lat' dir='ltr'><strong>pugnam,</strong></span> <span class='ocrx_word' id='word_1_351' title='bbox 3153 687 3411 757; x_wconf 90' lang='lat' dir='ltr'><strong>impetum</strong></span> 
     </span>
    </p>
   </div>
   <div class='ocr_carea' id='block_1_52' title="bbox 1832 777 3413 848">
    <p class='ocr_par' dir='ltr' id='par_1_52' title="bbox 1832 777 3413 848">
     <span class='ocr_line' id='line_1_52' title="bbox 1832 777 3413 848; baseline -0.003 -10"><span class='ocrx_word' id='word_1_352' title='bbox 1832 784 2157 838; x_wconf 84' lang='lat' dir='ltr'><strong>relundente</strong></span> <span class='ocrx_word' id='word_1_353' title='bbox 2204 781 2380 834; x_wconf 85' lang='lat' dir='ltr'><strong>adhuc</strong></span> <span class='ocrx_word' id='word_1_354' title='bbox 2430 789 2574 834; x_wconf 85' lang='lat' dir='ltr'><strong>metu</strong></span> <span class='ocrx_word' id='word_1_355' title='bbox 2615 779 2896 848; x_wconf 66' lang='lat' dir='ltr'><strong>:‘cnmque</strong></span> <span class='ocrx_word' id='word_1_356' title='bbox 2946 777 3233 846; x_wconf 75' lang='lat' dir='ltr'><strong>pharetras</strong></span> <span class='ocrx_word' id='word_1_357' title='bbox 3284 794 3413 834; x_wconf 80' lang='lat' dir='ltr'><strong>suas</strong></span> 
     </span>
    </p>
   </div>
   <div class='ocr_carea' id='block_1_53' title="bbox 1831 869 3496 941">
    <p class='ocr_par' dir='ltr' id='par_1_53' title="bbox 1831 869 3496 941">
     <span class='ocr_line' id='line_1_53' title="bbox 1831 869 3496 941; baseline -0.004 -14"><span class='ocrx_word' id='word_1_358' title='bbox 1831 875 2205 936; x_wconf 84' lang='lat' dir='ltr'><strong>exhaurirent,</strong></span> <span class='ocrx_word' id='word_1_359' title='bbox 2237 873 2405 927; x_wconf 84' lang='lat' dir='ltr'><strong>nihilo</strong></span> <span class='ocrx_word' id='word_1_360' title='bbox 2427 874 2605 927; x_wconf 89' lang='lat' dir='ltr'><strong>minus</strong></span> <span class='ocrx_word' id='word_1_361' title='bbox 2632 871 2743 936; x_wconf 89' lang='lat' dir='ltr'><strong>ille,</strong></span> <span class='ocrx_word' id='word_1_362' title='bbox 2787 871 3012 939; x_wconf 88' lang='lat' dir='ltr'><strong>repulsis</strong></span> <span class='ocrx_word' id='word_1_363' title='bbox 3039 872 3227 941; x_wconf 81' lang='lat' dir='ltr'><strong>clypeo</strong></span> <span class='ocrx_word' id='word_1_364' title='bbox 3259 869 3415 922; x_wconf 83' lang='lat' dir='ltr'><strong>undi-</strong></span> <span class='ocrx_word' id='word_1_365' title='bbox 3491 893 3496 898; x_wconf 64' lang='grc' dir='ltr'><strong>ι</strong></span> 
     </span>
    </p>
   </div>
   <div class='ocr_carea' id='block_1_54' title="bbox 1831 959 3416 1034">
    <p class='ocr_par' dir='ltr' id='par_1_54' title="bbox 1831 959 3416 1034">
     <span class='ocr_line' id='line_1_54' title="bbox 1831 959 3416 1034; baseline -0.002 -18"><span class='ocrx_word' id='word_1_366' title='bbox 1831 980 1935 1034; x_wconf 89' lang='lat' dir='ltr'><strong>que</strong></span> <span class='ocrx_word' id='word_1_367' title='bbox 1983 965 2204 1018; x_wconf 87' lang='lat' dir='ltr'><strong>vibratis</strong></span> <span class='ocrx_word' id='word_1_368' title='bbox 2240 963 2382 1026; x_wconf 85' lang='lat' dir='ltr'><strong>telis,</strong></span> <span class='ocrx_word' id='word_1_369' title='bbox 2409 979 2608 1033; x_wconf 83' lang='lat' dir='ltr'><strong>corpus</strong></span> <span class='ocrx_word' id='word_1_370' title='bbox 2635 961 2950 1016; x_wconf 86' lang='lat' dir='ltr'><strong>inviolatum</strong></span> <span class='ocrx_word' id='word_1_371' title='bbox 2997 962 3250 1015; x_wconf 89' lang='lat' dir='ltr'><strong>servavit.</strong></span> <span class='ocrx_word' id='word_1_372' title='bbox 3286 959 3416 1013; x_wconf 85' lang='lat' dir='ltr'><strong>Erat</strong></span> 
     </span>
    </p>
   </div>
   <div class='ocr_carea' id='block_1_55' title="bbox 1835 1053 3412 1124">
    <p class='ocr_par' dir='ltr' id='par_1_55' title="bbox 1835 1053 3412 1124">
     <span class='ocr_line' id='line_1_55' title="bbox 1835 1053 3412 1124; baseline 0 -18"><span class='ocrx_word' id='word_1_373' title='bbox 1835 1071 1963 1111; x_wconf 83' lang='lat' dir='ltr'><strong>vero</strong></span> <span class='ocrx_word' id='word_1_374' title='bbox 1990 1056 2129 1124; x_wconf 89' lang='lat' dir='ltr'><strong>apud</strong></span> <span class='ocrx_word' id='word_1_375' title='bbox 2167 1055 2362 1109; x_wconf 86' lang='lat' dir='ltr'><strong>Persas</strong></span> <span class='ocrx_word' id='word_1_376' title='bbox 2422 1057 2507 1109; x_wconf 88' lang='lat' dir='ltr'><strong>vir</strong></span> <span class='ocrx_word' id='word_1_377' title='bbox 2553 1055 2736 1110; x_wconf 84' lang='lat' dir='ltr'><strong>animo</strong></span> <span class='ocrx_word' id='word_1_378' title='bbox 2780 1053 3092 1124; x_wconf 53' lang='lat' dir='ltr'><strong>pratcellcna</strong></span> <span class='ocrx_word' id='word_1_379' title='bbox 3138 1064 3412 1120; x_wconf 84' lang='lat' dir='ltr'><strong>manuque</strong></span> 
     </span>
    </p>
   </div>
   <div class='ocr_carea' id='block_1_56' title="bbox 1837 1132 3413 1226">
    <p class='ocr_par' dir='ltr' id='par_1_56' title="bbox 1837 1132 3413 1226">
     <span class='ocr_line' id='line_1_56' title="bbox 1837 1132 3413 1226; baseline -0.003 -27"><span class='ocrx_word' id='word_1_380' title='bbox 1837 1146 2085 1216; x_wconf 77' lang='lat' dir='ltr'><strong>impiger.</strong></span> <span class='ocrx_word' id='word_1_381' title='bbox 2113 1147 2203 1216; x_wconf 87' lang='lat' dir='ltr'><strong>qui</strong></span> <span class='ocrx_word' id='word_1_382' title='bbox 2233 1147 2321 1202; x_wconf 90' lang='lat' dir='ltr'><strong>ubi</strong></span> <span class='ocrx_word' id='word_1_383' title='bbox 2353 1146 2621 1226; x_wconf 71' lang='lat' dir='ltr'><strong>nemipem</strong></span> <span class='ocrx_word' id='word_1_384' title='bbox 2656 1161 2720 1199; x_wconf 80' lang='lat' dir='ltr'><strong>ex</strong></span> <span class='ocrx_word' id='word_1_385' title='bbox 2749 1132 3000 1199; x_wconf 73' lang='lat' dir='ltr'><strong>omnibus</strong></span> <span class='ocrx_word' id='word_1_386' title='bbox 3026 1158 3148 1198; x_wconf 90' lang='lat' dir='ltr'><strong>cum</strong></span> <span class='ocrx_word' id='word_1_387' title='bbox 3173 1142 3413 1210; x_wconf 80' lang='lat' dir='ltr'><strong>impera-</strong></span> 
     </span>
    </p>
   </div>
   <div class='ocr_carea' id='block_1_57' title="bbox 1835 1227 3420 1307">
    <p class='ocr_par' dir='ltr' id='par_1_57' title="bbox 1835 1227 3420 1307">
     <span class='ocr_line' id='line_1_57' title="bbox 1835 1227 3420 1307; baseline -0.003 -19"><span class='ocrx_word' id='word_1_388' title='bbox 1835 1243 1954 1291; x_wconf 91' lang='lat' dir='ltr'><strong>tore</strong></span> <span class='ocrx_word' id='word_1_389' title='bbox 2002 1233 2093 1307; x_wconf 40' lang='lat' dir='ltr'><strong>ad.</strong></span> <span class='ocrx_word' id='word_1_390' title='bbox 2118 1245 2396 1292; x_wconf 86' lang='lat' dir='ltr'><strong>certamen</strong></span> <span class='ocrx_word' id='word_1_391' title='bbox 2446 1227 2772 1292; x_wconf 84' lang='lat' dir='ltr'><strong>descendere</strong></span> <span class='ocrx_word' id='word_1_392' title='bbox 2811 1233 3107 1305; x_wconf 79' lang='lat' dir='ltr'><strong>perspexit,</strong></span> <span class='ocrx_word' id='word_1_393' title='bbox 3141 1233 3220 1287; x_wconf 83' lang='lat' dir='ltr'><strong>ira</strong></span> <span class='ocrx_word' id='word_1_394' title='bbox 3255 1229 3420 1286; x_wconf 70' lang='lat' dir='ltr'><strong>eler-</strong></span> 
     </span>
    </p>
   </div>
   <div class='ocr_carea' id='block_1_58' title="bbox 1832 1323 3418 1401">
    <p class='ocr_par' dir='ltr' id='par_1_58' title="bbox 1832 1323 3418 1401">
     <span class='ocr_line' id='line_1_58' title="bbox 1832 1323 3418 1401; baseline -0.004 -19"><span class='ocrx_word' id='word_1_395' title='bbox 1832 1344 2088 1395; x_wconf 82' lang='lat' dir='ltr'><strong>vescens,</strong></span> <span class='ocrx_word' id='word_1_396' title='bbox 2138 1339 2358 1399; x_wconf 89' lang='lat' dir='ltr'><strong>arrepto</strong></span> <span class='ocrx_word' id='word_1_397' title='bbox 2403 1329 2468 1384; x_wconf 93' lang='lat' dir='ltr'><strong>de</strong></span> <span class='ocrx_word' id='word_1_398' title='bbox 2506 1328 2790 1401; x_wconf 81' lang='lat' dir='ltr'><strong>popularis</strong></span> <span class='ocrx_word' id='word_1_399' title='bbox 2835 1325 3114 1390; x_wconf 73' lang='lat' dir='ltr'><strong>cuiusdam</strong></span> <span class='ocrx_word' id='word_1_400' title='bbox 3164 1323 3418 1376; x_wconf 79' lang='lat' dir='ltr'><strong>manibus</strong></span> 
     </span>
    </p>
   </div>
   <div class='ocr_carea' id='block_1_59' title="bbox 1837 1413 3424 1492">
    <p class='ocr_par' dir='ltr' id='par_1_59' title="bbox 1837 1413 3424 1492">
     <span class='ocr_line' id='line_1_59' title="bbox 1837 1413 3424 1492; baseline -0.006 -17"><span class='ocrx_word' id='word_1_401' title='bbox 1837 1423 2037 1492; x_wconf 60' lang='lat' dir='ltr'><strong>gladio,</strong></span> <span class='ocrx_word' id='word_1_402' title='bbox 2068 1423 2134 1476; x_wconf 85' lang='lat' dir='ltr'><strong>ad</strong></span> <span class='ocrx_word' id='word_1_403' title='bbox 2170 1436 2293 1476; x_wconf 90' lang='lat' dir='ltr'><strong>eum</strong></span> <span class='ocrx_word' id='word_1_404' title='bbox 2345 1419 2756 1490; x_wconf 85' lang='lat' dir='ltr'><strong>percutiendum</strong></span> <span class='ocrx_word' id='word_1_405' title='bbox 2803 1417 2983 1472; x_wconf 86' lang='lat' dir='ltr'><strong>irruit.</strong></span> <span class='ocrx_word' id='word_1_406' title='bbox 3026 1413 3133 1492; x_wconf 77' lang='lat' dir='ltr'><strong>Sed</strong></span> <span class='ocrx_word' id='word_1_407' title='bbox 3160 1413 3424 1484; x_wconf 81' lang='lat' dir='ltr'><strong>princeps</strong></span> 
     </span>
    </p>
   </div>
   <div class='ocr_carea' id='block_1_60' title="bbox 1833 1489 3429 1580">
    <p class='ocr_par' dir='ltr' id='par_1_60' title="bbox 1833 1489 3429 1580">
     <span class='ocr_line' id='line_1_60' title="bbox 1833 1489 3429 1580; baseline -0.009 -13"><span class='ocrx_word' id='word_1_408' title='bbox 1833 1489 2079 1572; x_wconf 76' lang='lat' dir='ltr'><strong>crinibus</strong></span> <span class='ocrx_word' id='word_1_409' title='bbox 2142 1489 2468 1580; x_wconf 84' lang='lat' dir='ltr'><strong>prehensum</strong></span> <span class='ocrx_word' id='word_1_410' title='bbox 2519 1511 2792 1565; x_wconf 89' lang='lat' dir='ltr'><strong>hominem</strong></span> <span class='ocrx_word' id='word_1_411' title='bbox 2848 1489 3034 1572; x_wconf 74' lang='lat' dir='ltr'><strong>trahit,</strong></span> <span class='ocrx_word' id='word_1_412' title='bbox 3082 1514 3250 1574; x_wconf 83' lang='lat' dir='ltr'><strong>atque</strong></span> <span class='ocrx_word' id='word_1_413' title='bbox 3308 1495 3429 1554; x_wconf 84' lang='lat' dir='ltr'><strong>una</strong></span> 
     </span>
    </p>
   </div>
   <div class='ocr_carea' id='block_1_61' title="bbox 1841 1590 3414 1674">
    <p class='ocr_par' dir='ltr' id='par_1_61' title="bbox 1841 1590 3414 1674">
     <span class='ocr_line' id='line_1_61' title="bbox 1841 1590 3414 1674; baseline -0.01 -15"><span class='ocrx_word' id='word_1_414' title='bbox 1841 1602 2004 1674; x_wconf 63' lang='lat'><strong>195</strong></span> <span class='ocrx_word' id='word_1_415' title='bbox 2050 1618 2170 1656; x_wconf 89' lang='lat' dir='ltr'><strong>cum</strong></span> <span class='ocrx_word' id='word_1_416' title='bbox 2222 1603 2399 1657; x_wconf 88' lang='lat' dir='ltr'><strong>tribus</strong></span> <span class='ocrx_word' id='word_1_417' title='bbox 2427 1601 2569 1665; x_wconf 85' lang='lat' dir='ltr'><strong>aliis,</strong></span> <span class='ocrx_word' id='word_1_418' title='bbox 2605 1599 2736 1654; x_wconf 88' lang='lat' dir='ltr'><strong>viris</strong></span> <span class='ocrx_word' id='word_1_419' title='bbox 2757 1606 2820 1655; x_wconf 83' lang='lat' dir='ltr'><strong>et</strong></span> <span class='ocrx_word' id='word_1_420' title='bbox 2861 1598 2992 1668; x_wconf 82' lang='lat' dir='ltr'><strong>ipsis</strong></span> <span class='ocrx_word' id='word_1_421' title='bbox 3026 1590 3414 1666; x_wconf 70' lang='lat' dir='ltr'><strong>magnanimis,</strong></span> 
     </span>
    </p>
   </div>
   <div class='ocr_carea' id='block_1_62' title="bbox 1839 1687 3418 1760">
    <p class='ocr_par' dir='ltr' id='par_1_62' title="bbox 1839 1687 3418 1760">
     <span class='ocr_line' id='line_1_62' title="bbox 1839 1687 3418 1760; baseline -0.008 -6"><span class='ocrx_word' id='word_1_422' title='bbox 1839 1700 2086 1754; x_wconf 83' lang='lat' dir='ltr'><strong>abduxit.</strong></span> <span class='ocrx_word' id='word_1_423' title='bbox 2141 1696 2198 1752; x_wconf 88' lang='lat' dir='ltr'><strong>id</strong></span> <span class='ocrx_word' id='word_1_424' title='bbox 2247 1697 2334 1751; x_wconf 84' lang='lat' dir='ltr'><strong>ubi</strong></span> <span class='ocrx_word' id='word_1_425' title='bbox 2386 1696 2637 1760; x_wconf 78' lang='lat' dir='ltr'><strong>viderunt</strong></span> <span class='ocrx_word' id='word_1_426' title='bbox 2662 1693 2866 1758; x_wconf 65' lang='lat' dir='ltr'><strong>caeteri,</strong></span> <span class='ocrx_word' id='word_1_427' title='bbox 2897 1706 2999 1747; x_wconf 88' lang='lat' dir='ltr'><strong>nec</strong></span> <span class='ocrx_word' id='word_1_428' title='bbox 3026 1705 3088 1745; x_wconf 85' lang='lat' dir='ltr'><strong>se</strong></span> <span class='ocrx_word' id='word_1_429' title='bbox 3126 1704 3248 1745; x_wconf 80' lang='lat' dir='ltr'><strong>esse</strong></span> <span class='ocrx_word' id='word_1_430' title='bbox 3277 1687 3418 1743; x_wconf 78' lang='lat' dir='ltr'><strong>resi-</strong></span> 
     </span>
    </p>
   </div>
   <div class='ocr_carea' id='block_1_63' title="bbox 1839 1780 3415 1858">
    <p class='ocr_par' dir='ltr' id='par_1_63' title="bbox 1839 1780 3415 1858">
     <span class='ocr_line' id='line_1_63' title="bbox 1839 1780 3415 1858; baseline -0.01 -12"><span class='ocrx_word' id='word_1_431' title='bbox 1839 1791 2034 1846; x_wconf 87' lang='lat' dir='ltr'><strong>stendo</strong></span> <span class='ocrx_word' id='word_1_432' title='bbox 2087 1803 2267 1857; x_wconf 83' lang='lat' dir='ltr'><strong>pares,</strong></span> <span class='ocrx_word' id='word_1_433' title='bbox 2315 1787 2494 1858; x_wconf 80' lang='lat' dir='ltr'><strong>fugam</strong></span> <span class='ocrx_word' id='word_1_434' title='bbox 2535 1785 2824 1840; x_wconf 80' lang='lat' dir='ltr'><strong>confestim</strong></span> <span class='ocrx_word' id='word_1_435' title='bbox 2869 1780 3185 1836; x_wconf 88' lang='lat' dir='ltr'><strong>inierc.llle</strong></span> <span class='ocrx_word' id='word_1_436' title='bbox 3231 1789 3415 1833; x_wconf 89' lang='lat' dir='ltr'><strong>autem</strong></span> 
     </span>
    </p>
   </div>
   <div class='ocr_carea' id='block_1_64' title="bbox 1837 1870 3419 1949">
    <p class='ocr_par' dir='ltr' id='par_1_64' title="bbox 1837 1870 3419 1949">
     <span class='ocr_line' id='line_1_64' title="bbox 1837 1870 3419 1949; baseline -0.009 -12"><span class='ocrx_word' id='word_1_437' title='bbox 1837 1897 1960 1937; x_wconf 89' lang='lat' dir='ltr'><strong>cum</strong></span> <span class='ocrx_word' id='word_1_438' title='bbox 2007 1870 2168 1936; x_wconf 86' lang='lat' dir='ltr'><strong>dictis</strong></span> <span class='ocrx_word' id='word_1_439' title='bbox 2196 1879 2426 1949; x_wconf 77' lang='lat' dir='ltr'><strong>captivis</strong></span> <span class='ocrx_word' id='word_1_440' title='bbox 2467 1877 2520 1933; x_wconf 90' lang='lat' dir='ltr'><strong>in</strong></span> <span class='ocrx_word' id='word_1_441' title='bbox 2560 1885 2738 1930; x_wconf 85' lang='lat' dir='ltr'><strong>castra</strong></span> <span class='ocrx_word' id='word_1_442' title='bbox 2778 1887 3028 1929; x_wconf 85' lang='lat' dir='ltr'><strong>reversus</strong></span> <span class='ocrx_word' id='word_1_443' title='bbox 3047 1880 3419 1938; x_wconf 86' lang='lat' dir='ltr'><strong>est;cnmque</strong></span> 
     </span>
    </p>
   </div>
   <div class='ocr_carea' id='block_1_65' title="bbox 1838 1963 3414 2039">
    <p class='ocr_par' dir='ltr' id='par_1_65' title="bbox 1838 1963 3414 2039">
     <span class='ocr_line' id='line_1_65' title="bbox 1838 1963 3414 2039; baseline -0.01 -9"><span class='ocrx_word' id='word_1_444' title='bbox 1838 1975 2073 2030; x_wconf 84' lang='lat' dir='ltr'><strong>hiemem</strong></span> <span class='ocrx_word' id='word_1_445' title='bbox 2134 1972 2458 2026; x_wconf 81' lang='lat' dir='ltr'><strong>acerrimam</strong></span> <span class='ocrx_word' id='word_1_446' title='bbox 2519 1969 2730 2025; x_wconf 79' lang='lat' dir='ltr'><strong>videret</strong></span> <span class='ocrx_word' id='word_1_447' title='bbox 2786 1966 3009 2039; x_wconf 85' lang='lat' dir='ltr'><strong>jamjam</strong></span> <span class='ocrx_word' id='word_1_448' title='bbox 3091 1963 3414 2030; x_wconf 83' lang='lat' dir='ltr'><strong>imminere,</strong></span> 
     </span>
    </p>
   </div>
   <div class='ocr_carea' id='block_1_66' title="bbox 1838 2062 2474 2136">
    <p class='ocr_par' dir='ltr' id='par_1_66' title="bbox 1838 2062 2474 2136">
     <span class='ocr_line' id='line_1_66' title="bbox 1838 2062 2474 2136; baseline -0.005 -17"><span class='ocrx_word' id='word_1_449' title='bbox 1838 2064 2154 2136; x_wconf 80' lang='lat' dir='ltr'><strong>Byzantium</strong></span> <span class='ocrx_word' id='word_1_450' title='bbox 2189 2062 2371 2117; x_wconf 86' lang='lat' dir='ltr'><strong>rediit.</strong></span> <span class='ocrx_word' id='word_1_451' title='bbox 2471 2087 2474 2090; x_wconf 68' lang='lat'><strong><em>~</em></strong></span> 
     </span>
    </p>
   </div>
   <div class='ocr_carea' id='block_1_67' title="bbox 1908 2331 3416 2407">
    <p class='ocr_par' dir='ltr' id='par_1_67' title="bbox 1908 2331 3416 2407">
     <span class='ocr_line' id='line_1_67' title="bbox 1908 2331 3416 2407; baseline -0.005 -15"><span class='ocrx_word' id='word_1_452' title='bbox 1908 2337 2003 2392; x_wconf 73' lang='lat'><strong>25.</strong></span> <span class='ocrx_word' id='word_1_453' title='bbox 2024 2335 2145 2407; x_wconf 29' lang='lat' dir='ltr'><strong>.Sed</strong></span> <span class='ocrx_word' id='word_1_454' title='bbox 2180 2351 2302 2392; x_wconf 81' lang='lat' dir='ltr'><strong>mox</strong></span> <span class='ocrx_word' id='word_1_455' title='bbox 2322 2335 2376 2390; x_wconf 90' lang='lat' dir='ltr'><strong>in</strong></span> <span class='ocrx_word' id='word_1_456' title='bbox 2408 2332 2667 2406; x_wconf 84' lang='lat' dir='ltr'><strong>oppidum</strong></span> <span class='ocrx_word' id='word_1_457' title='bbox 2692 2333 2822 2389; x_wconf 87' lang='lat' dir='ltr'><strong>illud</strong></span> <span class='ocrx_word' id='word_1_458' title='bbox 2855 2332 3123 2406; x_wconf 78' lang='lat' dir='ltr'><strong>Bithynia:</strong></span> <span class='ocrx_word' id='word_1_459' title='bbox 3148 2331 3416 2404; x_wconf 75' lang='lat' dir='ltr'><strong>pervenit,</strong></span> 
     </span>
    </p>
   </div>
   <div class='ocr_carea' id='block_1_68' title="bbox 1839 2423 3432 2500">
    <p class='ocr_par' dir='ltr' id='par_1_68' title="bbox 1839 2423 3432 2500">
     <span class='ocr_line' id='line_1_68' title="bbox 1839 2423 3432 2500; baseline -0.004 -17"><span class='ocrx_word' id='word_1_460' title='bbox 1839 2431 1981 2500; x_wconf 91' lang='lat' dir='ltr'><strong>quod</strong></span> <span class='ocrx_word' id='word_1_461' title='bbox 2013 2428 2259 2484; x_wconf 87' lang='lat' dir='ltr'><strong>deductis</strong></span> <span class='ocrx_word' id='word_1_462' title='bbox 2288 2425 2606 2482; x_wconf 86' lang='lat' dir='ltr'><strong>Philomelio</strong></span> <span class='ocrx_word' id='word_1_463' title='bbox 2631 2424 2912 2493; x_wconf 64' lang='lat' dir='ltr'><strong>Romanis</strong></span> <span class='ocrx_word' id='word_1_464' title='bbox 2939 2425 3170 2495; x_wconf 81' lang='lat' dir='ltr'><strong>captivis</strong></span> <span class='ocrx_word' id='word_1_465' title='bbox 3200 2423 3432 2494; x_wconf 47' lang='lat' dir='ltr'><strong>inhahi-y</strong></span> 
     </span>
    </p>
   </div>
   <div class='ocr_carea' id='block_1_69' title="bbox 1841 2514 3420 2586">
    <p class='ocr_par' dir='ltr' id='par_1_69' title="bbox 1841 2514 3420 2586">
     <span class='ocr_line' id='line_1_69' title="bbox 1841 2514 3420 2586; baseline -0.003 -11"><span class='ocrx_word' id='word_1_466' title='bbox 1841 2520 2063 2575; x_wconf 82' lang='lat' dir='ltr'><strong>tandum</strong></span> <span class='ocrx_word' id='word_1_467' title='bbox 2099 2526 2465 2580; x_wconf 82' lang='lat' dir='ltr'><strong>concesserat,</strong></span> <span class='ocrx_word' id='word_1_468' title='bbox 2490 2516 2576 2570; x_wconf 92' lang='lat' dir='ltr'><strong>cui</strong></span> <span class='ocrx_word' id='word_1_469' title='bbox 2606 2514 2750 2586; x_wconf 69' lang='lat' dir='ltr'><strong>Pylae</strong></span> <span class='ocrx_word' id='word_1_470' title='bbox 2775 2531 2989 2571; x_wconf 82' lang='lat' dir='ltr'><strong>nomen.</strong></span> <span class='ocrx_word' id='word_1_471' title='bbox 3013 2515 3087 2570; x_wconf 90' lang='lat' dir='ltr'><strong>lbi</strong></span> <span class='ocrx_word' id='word_1_472' title='bbox 3119 2528 3420 2570; x_wconf 85' lang='lat' dir='ltr'><strong>convenere</strong></span> 
     </span>
    </p>
   </div>
   <div class='ocr_carea' id='block_1_70' title="bbox 1842 2603 3418 2677">
    <p class='ocr_par' dir='ltr' id='par_1_70' title="bbox 1842 2603 3418 2677">
     <span class='ocr_line' id='line_1_70' title="bbox 1842 2603 3418 2677; baseline -0.003 -15"><span class='ocrx_word' id='word_1_473' title='bbox 1842 2609 1994 2663; x_wconf 86' lang='lat' dir='ltr'><strong>missi</strong></span> <span class='ocrx_word' id='word_1_474' title='bbox 2029 2610 2098 2663; x_wconf 88' lang='lat' dir='ltr'><strong>ab</strong></span> <span class='ocrx_word' id='word_1_475' title='bbox 2129 2608 2344 2662; x_wconf 88' lang='lat' dir='ltr'><strong>sultano</strong></span> <span class='ocrx_word' id='word_1_476' title='bbox 2388 2605 2574 2676; x_wconf 75' lang='lat' dir='ltr'><strong>legati,</strong></span> <span class='ocrx_word' id='word_1_477' title='bbox 2606 2620 2766 2672; x_wconf 81' lang='lat' dir='ltr'><strong>quos,</strong></span> <span class='ocrx_word' id='word_1_478' title='bbox 2794 2615 2853 2677; x_wconf 90' lang='lat' dir='ltr'><strong>ut</strong></span> <span class='ocrx_word' id='word_1_479' title='bbox 2902 2605 3037 2669; x_wconf 85' lang='lat' dir='ltr'><strong>nihil</strong></span> <span class='ocrx_word' id='word_1_480' title='bbox 3085 2607 3206 2660; x_wconf 78' lang='lat' dir='ltr'><strong>sani</strong></span> <span class='ocrx_word' id='word_1_481' title='bbox 3243 2603 3314 2659; x_wconf 84' lang='lat' dir='ltr'><strong>ab</strong></span> <span class='ocrx_word' id='word_1_482' title='bbox 3351 2605 3418 2658; x_wconf 88' lang='lat' dir='ltr'><strong>iis</strong></span> 
     </span>
    </p>
   </div>
   <div class='ocr_carea' id='block_1_71' title="bbox 1841 2691 3529 2765">
    <p class='ocr_par' dir='ltr' id='par_1_71' title="bbox 1841 2691 3529 2765">
     <span class='ocr_line' id='line_1_71' title="bbox 1841 2691 3529 2765; baseline -0.005 -11"><span class='ocrx_word' id='word_1_483' title='bbox 1841 2699 2022 2754; x_wconf 78' lang='lat' dir='ltr'><strong>alferri</strong></span> <span class='ocrx_word' id='word_1_484' title='bbox 2064 2696 2220 2765; x_wconf 85' lang='lat' dir='ltr'><strong>vidit,</strong></span> <span class='ocrx_word' id='word_1_485' title='bbox 2250 2697 2470 2752; x_wconf 88' lang='lat' dir='ltr'><strong>domum</strong></span> <span class='ocrx_word' id='word_1_486' title='bbox 2505 2695 2732 2760; x_wconf 88' lang='lat' dir='ltr'><strong>remisit,</strong></span> <span class='ocrx_word' id='word_1_487' title='bbox 2766 2693 2963 2749; x_wconf 85' lang='lat' dir='ltr'><strong>additis</strong></span> <span class='ocrx_word' id='word_1_488' title='bbox 2992 2693 3178 2756; x_wconf 79' lang='lat' dir='ltr'><strong>minis.</strong></span> <span class='ocrx_word' id='word_1_489' title='bbox 3201 2693 3302 2748; x_wconf 89' lang='lat' dir='ltr'><strong>nisi</strong></span> <span class='ocrx_word' id='word_1_490' title='bbox 3335 2691 3419 2746; x_wconf 71' lang='grc' dir='ltr'><strong>τοο</strong></span> <span class='ocrx_word' id='word_1_491' title='bbox 3527 2714 3529 2716; x_wconf 90' lang='grc'>·</span> 
     </span>
    </p>
   </div>
   <div class='ocr_carea' id='block_1_72' title="bbox 1841 2781 3419 2857">
    <p class='ocr_par' dir='ltr' id='par_1_72' title="bbox 1841 2781 3419 2857">
     <span class='ocr_line' id='line_1_72' title="bbox 1841 2781 3419 2857; baseline -0.007 -13"><span class='ocrx_word' id='word_1_492' title='bbox 1841 2798 2028 2845; x_wconf 90' lang='lat' dir='ltr'><strong>cerent</strong></span> <span class='ocrx_word' id='word_1_493' title='bbox 2051 2803 2115 2842; x_wconf 89' lang='lat' dir='ltr'><strong>ea</strong></span> <span class='ocrx_word' id='word_1_494' title='bbox 2150 2800 2271 2857; x_wconf 65' lang='lat' dir='ltr'><strong>quae</strong></span> <span class='ocrx_word' id='word_1_495' title='bbox 2297 2785 2432 2855; x_wconf 75' lang='lat' dir='ltr'><strong>ipse</strong></span> <span class='ocrx_word' id='word_1_496' title='bbox 2471 2783 2653 2849; x_wconf 87' lang='lat' dir='ltr'><strong>vellet,</strong></span> <span class='ocrx_word' id='word_1_497' title='bbox 2686 2783 2835 2838; x_wconf 86' lang='lat' dir='ltr'><strong>brevi</strong></span> <span class='ocrx_word' id='word_1_498' title='bbox 2883 2783 3183 2851; x_wconf 85' lang='lat' dir='ltr'><strong>equitatum</strong></span> <span class='ocrx_word' id='word_1_499' title='bbox 3221 2781 3419 2835; x_wconf 79' lang='lat' dir='ltr'><strong>Roma-</strong></span> 
     </span>
    </p>
   </div>
   <div class='ocr_carea' id='block_1_73' title="bbox 1841 2872 3418 2948">
    <p class='ocr_par' dir='ltr' id='par_1_73' title="bbox 1841 2872 3418 2948">
     <span class='ocr_line' id='line_1_73' title="bbox 1841 2872 3418 2948; baseline -0.004 -15"><span class='ocrx_word' id='word_1_500' title='bbox 1841 2894 1970 2934; x_wconf 87' lang='lat' dir='ltr'><strong>num</strong></span> <span class='ocrx_word' id='word_1_501' title='bbox 2002 2874 2654 2948; x_wconf 41' lang='lat' dir='ltr'><strong>incursaturum‘illorum</strong></span> <span class='ocrx_word' id='word_1_502' title='bbox 2675 2889 2858 2942; x_wconf 69' lang='lat' dir='ltr'><strong>agros,</strong></span> <span class='ocrx_word' id='word_1_503' title='bbox 2882 2876 2936 2928; x_wconf 85' lang='lat' dir='ltr'><strong>et</strong></span> <span class='ocrx_word' id='word_1_504' title='bbox 2967 2873 3137 2928; x_wconf 84' lang='lat' dir='ltr'><strong>multo</strong></span> <span class='ocrx_word' id='word_1_505' title='bbox 3163 2872 3418 2926; x_wconf 84' lang='lat' dir='ltr'><strong>hostilius</strong></span> 
     </span>
    </p>
   </div>
   <div class='ocr_carea' id='block_1_74' title="bbox 1840 2962 3417 3040">
    <p class='ocr_par' dir='ltr' id='par_1_74' title="bbox 1840 2962 3417 3040">
     <span class='ocr_line' id='line_1_74' title="bbox 1840 2962 3417 3040; baseline -0.004 -17"><span class='ocrx_word' id='word_1_506' title='bbox 1840 2983 2003 3040; x_wconf 91' lang='lat' dir='ltr'><strong>quam</strong></span> <span class='ocrx_word' id='word_1_507' title='bbox 2033 2969 2181 3024; x_wconf 83' lang='lat' dir='ltr'><strong>nunc</strong></span> <span class='ocrx_word' id='word_1_508' title='bbox 2219 2965 2398 3022; x_wconf 91' lang='lat' dir='ltr'><strong>omnia</strong></span> <span class='ocrx_word' id='word_1_509' title='bbox 2423 2964 2894 3035; x_wconf 82' lang='lat' dir='ltr'><strong>depopulaturum.</strong></span> <span class='ocrx_word' id='word_1_510' title='bbox 2928 2962 3066 3018; x_wconf 86' lang='lat' dir='ltr'><strong>Tum</strong></span> <span class='ocrx_word' id='word_1_511' title='bbox 3102 2962 3417 3032; x_wconf 81' lang='lat' dir='ltr'><strong>aliquandiu</strong></span> 
     </span>
    </p>
   </div>
   <div class='ocr_carea' id='block_1_75' title="bbox 1842 3052 3416 3132">
    <p class='ocr_par' dir='ltr' id='par_1_75' title="bbox 1842 3052 3416 3132">
     <span class='ocr_line' id='line_1_75' title="bbox 1842 3052 3416 3132; baseline -0.006 -18"><span class='ocrx_word' id='word_1_512' title='bbox 1842 3061 1982 3132; x_wconf 89' lang='lat' dir='ltr'><strong>apud</strong></span> <span class='ocrx_word' id='word_1_513' title='bbox 2001 3059 2572 3130; x_wconf 72' lang='lat' dir='ltr'><strong>Augustammoratus</strong></span> <span class='ocrx_word' id='word_1_514' title='bbox 2605 3056 3032 3128; x_wconf 73' lang='lat' dir='ltr'><strong>(transgressum</strong></span> <span class='ocrx_word' id='word_1_515' title='bbox 3055 3055 3200 3110; x_wconf 91' lang='lat' dir='ltr'><strong>enim</strong></span> <span class='ocrx_word' id='word_1_516' title='bbox 3219 3052 3416 3110; x_wconf 67' lang='lat' dir='ltr'><strong>Eretum</strong></span> 
     </span>
    </p>
   </div>
   <div class='ocr_carea' id='block_1_76' title="bbox 1843 3140 3418 3220">
    <p class='ocr_par' dir='ltr' id='par_1_76' title="bbox 1843 3140 3418 3220">
     <span class='ocr_line' id='line_1_76' title="bbox 1843 3140 3418 3220; baseline -0.006 -11"><span class='ocrx_word' id='word_1_517' title='bbox 1843 3153 2158 3217; x_wconf 80' lang='lat' dir='ltr'><strong>substiterat</strong></span> <span class='ocrx_word' id='word_1_518' title='bbox 2190 3140 2246 3206; x_wconf 85' lang='lat' dir='ltr'><strong>in</strong></span> <span class='ocrx_word' id='word_1_519' title='bbox 2278 3151 2419 3212; x_wconf 87' lang='lat' dir='ltr'><strong>loco,</strong></span> <span class='ocrx_word' id='word_1_520' title='bbox 2442 3164 2602 3220; x_wconf 89' lang='lat' dir='ltr'><strong>quem</strong></span> <span class='ocrx_word' id='word_1_521' title='bbox 2627 3145 2862 3202; x_wconf 79' lang='lat' dir='ltr'><strong>Ritzium</strong></span> <span class='ocrx_word' id='word_1_522' title='bbox 2887 3155 3081 3202; x_wconf 89' lang='lat' dir='ltr'><strong>vocant</strong></span> <span class='ocrx_word' id='word_1_523' title='bbox 3103 3142 3418 3216; x_wconf 60' lang='lat' dir='ltr'><strong>indigena).</strong></span> 
     </span>
    </p>
   </div>
   <div class='ocr_carea' id='block_1_77' title="bbox 1842 3235 3422 3310">
    <p class='ocr_par' dir='ltr' id='par_1_77' title="bbox 1842 3235 3422 3310">
     <span class='ocr_line' id='line_1_77' title="bbox 1842 3235 3422 3310; baseline -0.006 -10"><span class='ocrx_word' id='word_1_524' title='bbox 1842 3245 1966 3300; x_wconf 84' lang='lat' dir='ltr'><strong>inde</strong></span> <span class='ocrx_word' id='word_1_525' title='bbox 2014 3244 2066 3298; x_wconf 91' lang='lat' dir='ltr'><strong>in</strong></span> <span class='ocrx_word' id='word_1_526' title='bbox 2120 3244 2402 3297; x_wconf 83' lang='lat' dir='ltr'><strong>adversam</strong></span> <span class='ocrx_word' id='word_1_527' title='bbox 2460 3241 2631 3310; x_wconf 85' lang='lat' dir='ltr'><strong>ripam</strong></span> <span class='ocrx_word' id='word_1_528' title='bbox 2684 3238 2916 3306; x_wconf 78' lang='lat' dir='ltr'><strong>traiecit.</strong></span> <span class='ocrx_word' id='word_1_529' title='bbox 2959 3236 3098 3292; x_wconf 81' lang='lat' dir='ltr'><strong>ilinc</strong></span> <span class='ocrx_word' id='word_1_530' title='bbox 3145 3235 3289 3292; x_wconf 82' lang='lat' dir='ltr'><strong>facto</strong></span> <span class='ocrx_word' id='word_1_531' title='bbox 3323 3250 3422 3306; x_wconf 87' lang='lat' dir='ltr'><strong>per</strong></span> 
     </span>
    </p>
   </div>
   <div class='ocr_carea' id='block_1_78' title="bbox 1844 3323 3417 3410">
    <p class='ocr_par' dir='ltr' id='par_1_78' title="bbox 1844 3323 3417 3410">
     <span class='ocr_line' id='line_1_78' title="bbox 1844 3323 3417 3410; baseline -0.006 -11"><span class='ocrx_word' id='word_1_532' title='bbox 1844 3345 2146 3401; x_wconf 88' lang='lat' dir='ltr'><strong>maritimas</strong></span> <span class='ocrx_word' id='word_1_533' title='bbox 2169 3343 2420 3398; x_wconf 85' lang='lat' dir='ltr'><strong>civitates</strong></span> <span class='ocrx_word' id='word_1_534' title='bbox 2444 3341 2655 3402; x_wconf 86' lang='lat' dir='ltr'><strong>itinere.</strong></span> <span class='ocrx_word' id='word_1_535' title='bbox 2689 3340 2934 3410; x_wconf 88' lang='lat' dir='ltr'><strong>pervenit</strong></span> <span class='ocrx_word' id='word_1_536' title='bbox 2963 3323 3417 3406; x_wconf 85' lang='lat' dir='ltr'><strong>Philadelphiam,</strong></span> 
     </span>
    </p>
   </div>
   <div class='ocr_carea' id='block_1_79' title="bbox 1845 3425 3422 3502">
    <p class='ocr_par' dir='ltr' id='par_1_79' title="bbox 1845 3425 3422 3502">
     <span class='ocr_line' id='line_1_79' title="bbox 1845 3425 3422 3502; baseline -0.008 -13"><span class='ocrx_word' id='word_1_537' title='bbox 1845 3451 1910 3489; x_wconf 78' lang='lat' dir='ltr'><strong>ex</strong></span> <span class='ocrx_word' id='word_1_538' title='bbox 1943 3449 2048 3502; x_wconf 89' lang='lat' dir='ltr'><strong>qua</strong></span> <span class='ocrx_word' id='word_1_539' title='bbox 2077 3433 2238 3488; x_wconf 83' lang='lat' dir='ltr'><strong>rebus</strong></span> <span class='ocrx_word' id='word_1_540' title='bbox 2262 3430 2514 3486; x_wconf 88' lang='lat' dir='ltr'><strong>omnibus</strong></span> <span class='ocrx_word' id='word_1_541' title='bbox 2547 3431 2648 3484; x_wconf 92' lang='lat' dir='ltr'><strong>rite</strong></span> <span class='ocrx_word' id='word_1_542' title='bbox 2677 3428 3006 3497; x_wconf 84' lang='lat' dir='ltr'><strong>comparatis</strong></span> <span class='ocrx_word' id='word_1_543' title='bbox 3035 3425 3309 3481; x_wconf 85' lang='lat' dir='ltr'><strong>Persidem</strong></span> <span class='ocrx_word' id='word_1_544' title='bbox 3336 3425 3422 3478; x_wconf 86' lang='lat' dir='ltr'><strong>in-</strong></span> 
     </span>
    </p>
   </div>
   <div class='ocr_carea' id='block_1_80' title="bbox 1845 3516 3421 3593">
    <p class='ocr_par' dir='ltr' id='par_1_80' title="bbox 1845 3516 3421 3593">
     <span class='ocr_line' id='line_1_80' title="bbox 1845 3516 3421 3593; baseline -0.006 -15"><span class='ocrx_word' id='word_1_545' title='bbox 1845 3527 2011 3580; x_wconf 86' lang='lat' dir='ltr'><strong>vasit.</strong></span> <span class='ocrx_word' id='word_1_546' title='bbox 2047 3522 2256 3579; x_wconf 87' lang='lat' dir='ltr'><strong>Interea</strong></span> <span class='ocrx_word' id='word_1_547' title='bbox 2308 3521 2724 3593; x_wconf 12' lang='lat' dir='ltr'><strong>proﬁciscentes,</strong></span> <span class='ocrx_word' id='word_1_548' title='bbox 2763 3533 2859 3588; x_wconf 83' lang='lat' dir='ltr'><strong>per</strong></span> <span class='ocrx_word' id='word_1_549' title='bbox 2911 3516 3140 3588; x_wconf 70' lang='lat' dir='ltr'><strong>Doryltei</strong></span> <span class='ocrx_word' id='word_1_550' title='bbox 3195 3528 3421 3583; x_wconf 81' lang='lat' dir='ltr'><strong>campos</strong></span> 
     </span>
    </p>
   </div>
   <div class='ocr_carea' id='block_1_81' title="bbox 1845 3603 3420 3685">
    <p class='ocr_par' dir='ltr' id='par_1_81' title="bbox 1845 3603 3420 3685">
     <span class='ocr_line' id='line_1_81' title="bbox 1845 3603 3420 3685; baseline -0.01 -15"><span class='ocrx_word' id='word_1_551' title='bbox 1845 3616 2030 3685; x_wconf 75' lang='lat' dir='ltr'><strong>legati,</strong></span> <span class='ocrx_word' id='word_1_552' title='bbox 2051 3616 2430 3682; x_wconf 78' lang='lat' dir='ltr'><strong>imperatorem</strong></span> <span class='ocrx_word' id='word_1_553' title='bbox 2454 3610 2507 3665; x_wconf 90' lang='lat' dir='ltr'><strong>in</strong></span> <span class='ocrx_word' id='word_1_554' title='bbox 2527 3625 2686 3682; x_wconf 72' lang='lat' dir='ltr'><strong>agros</strong></span> <span class='ocrx_word' id='word_1_555' title='bbox 2709 3623 2834 3664; x_wconf 83' lang='lat' dir='ltr'><strong>suos</strong></span> <span class='ocrx_word' id='word_1_556' title='bbox 2852 3607 3202 3676; x_wconf 86' lang='lat' dir='ltr'><strong>irruptionem</strong></span> <span class='ocrx_word' id='word_1_557' title='bbox 3227 3603 3420 3658; x_wconf 79' lang='lat' dir='ltr'><strong>iecisse</strong></span> 
     </span>
    </p>
   </div>
   <div class='ocr_carea' id='block_1_82' title="bbox 1846 3690 3420 3777">
    <p class='ocr_par' dir='ltr' id='par_1_82' title="bbox 1846 3690 3420 3777">
     <span class='ocr_line' id='line_1_82' title="bbox 1846 3690 3420 3777; baseline -0.01 -16"><span class='ocrx_word' id='word_1_558' title='bbox 1846 3721 2074 3777; x_wconf 89' lang='lat' dir='ltr'><strong>prorsus</strong></span> <span class='ocrx_word' id='word_1_559' title='bbox 2142 3701 2521 3774; x_wconf 73' lang='lat' dir='ltr'><strong>ignari,‘illum</strong></span> <span class='ocrx_word' id='word_1_560' title='bbox 2575 3700 2630 3755; x_wconf 91' lang='lat' dir='ltr'><strong>in</strong></span> <span class='ocrx_word' id='word_1_561' title='bbox 2659 3699 2854 3756; x_wconf 87' lang='lat' dir='ltr'><strong>vicinis</strong></span> <span class='ocrx_word' id='word_1_562' title='bbox 2911 3695 3173 3768; x_wconf 79' lang='lat' dir='ltr'><strong>Byzantio</strong></span> <span class='ocrx_word' id='word_1_563' title='bbox 3203 3690 3420 3762; x_wconf 62' lang='lat' dir='ltr'><strong>pradiis</strong></span> 
     </span>
    </p>
   </div>
   <div class='ocr_carea' id='block_1_83' title="bbox 1846 3783 3418 3852">
    <p class='ocr_par' dir='ltr' id='par_1_83' title="bbox 1846 3783 3418 3852">
     <span class='ocr_line' id='line_1_83' title="bbox 1846 3783 3418 3852; baseline -0.009 -2"><span class='ocrx_word' id='word_1_564' title='bbox 1846 3797 2054 3851; x_wconf 80' lang='lat' dir='ltr'><strong>versari</strong></span> <span class='ocrx_word' id='word_1_565' title='bbox 2083 3793 2442 3848; x_wconf 65' lang='lat' dir='ltr'><strong>afﬁrmabant.</strong></span> <span class='ocrx_word' id='word_1_566' title='bbox 2465 3790 2616 3846; x_wconf 88' lang='lat' dir='ltr'><strong>Unde</strong></span> <span class='ocrx_word' id='word_1_567' title='bbox 2643 3805 2765 3846; x_wconf 88' lang='lat' dir='ltr'><strong>cum</strong></span> <span class='ocrx_word' id='word_1_568' title='bbox 2789 3784 3153 3843; x_wconf 79' lang='lat' dir='ltr'><strong>Rmnanorum</strong></span> <span class='ocrx_word' id='word_1_569' title='bbox 3177 3783 3418 3852; x_wconf 86' lang='lat' dir='ltr'><strong>undique</strong></span> 
     </span>
    </p>
   </div>
   <div class='ocr_carea' id='block_1_84' title="bbox 1845 3876 3419 3951">
    <p class='ocr_par' dir='ltr' id='par_1_84' title="bbox 1845 3876 3419 3951">
     <span class='ocr_line' id='line_1_84' title="bbox 1845 3876 3419 3951; baseline -0.01 -9"><span class='ocrx_word' id='word_1_570' title='bbox 1845 3887 2188 3942; x_wconf 88' lang='lat' dir='ltr'><strong>nuntiaretur</strong></span> <span class='ocrx_word' id='word_1_571' title='bbox 2234 3881 2478 3951; x_wconf 86' lang='lat' dir='ltr'><strong>irruptio,</strong></span> <span class='ocrx_word' id='word_1_572' title='bbox 2510 3897 2625 3935; x_wconf 90' lang='lat' dir='ltr'><strong>rem</strong></span> <span class='ocrx_word' id='word_1_573' title='bbox 2675 3879 2850 3950; x_wconf 84' lang='lat' dir='ltr'><strong>primo</strong></span> <span class='ocrx_word' id='word_1_574' title='bbox 2889 3876 3259 3932; x_wconf 87' lang='lat' dir='ltr'><strong>incredibilem</strong></span> <span class='ocrx_word' id='word_1_575' title='bbox 3295 3887 3419 3928; x_wconf 80' lang='lat' dir='ltr'><strong>esse</strong></span> 
     </span>
    </p>
   </div>
   <div class='ocr_carea' id='block_1_85' title="bbox 1847 3965 3421 4035">
    <p class='ocr_par' dir='ltr' id='par_1_85' title="bbox 1847 3965 3421 4035">
     <span class='ocr_line' id='line_1_85' title="bbox 1847 3965 3421 4035; baseline -0.01 -3"><span class='ocrx_word' id='word_1_576' title='bbox 1847 3975 2066 4032; x_wconf 89' lang='lat' dir='ltr'><strong>omnino</strong></span> <span class='ocrx_word' id='word_1_577' title='bbox 2093 3973 2388 4028; x_wconf 87' lang='lat' dir='ltr'><strong>credebant</strong></span> <span class='ocrx_word' id='word_1_578' title='bbox 2435 3971 2631 4026; x_wconf 66' lang='lat' dir='ltr'><strong>Persae.</strong></span> <span class='ocrx_word' id='word_1_579' title='bbox 2661 3969 2765 4031; x_wconf 79' lang='lat' dir='ltr'><strong>Sed</strong></span> <span class='ocrx_word' id='word_1_580' title='bbox 2810 3969 2898 4023; x_wconf 90' lang='lat' dir='ltr'><strong>ubi</strong></span> <span class='ocrx_word' id='word_1_581' title='bbox 2943 3982 2973 4020; x_wconf 87' lang='lat' dir='ltr'><strong>a</strong></span> <span class='ocrx_word' id='word_1_582' title='bbox 3019 3965 3261 4035; x_wconf 87' lang='lat' dir='ltr'><strong>plurimis</strong></span> <span class='ocrx_word' id='word_1_583' title='bbox 3287 3978 3421 4017; x_wconf 57' lang='lat' dir='ltr'><strong>cena</strong></span> 
     </span>
    </p>
   </div>
   <div class='ocr_carea' id='block_1_86' title="bbox 1846 4051 3419 4136">
    <p class='ocr_par' dir='ltr' id='par_1_86' title="bbox 1846 4051 3419 4136">
     <span class='ocr_line' id='line_1_86' title="bbox 1846 4051 3419 4136; baseline -0.008 -14"><span class='ocrx_word' id='word_1_584' title='bbox 1846 4064 2062 4136; x_wconf 75' lang='lat' dir='ltr'><strong>spectes</strong></span> <span class='ocrx_word' id='word_1_585' title='bbox 2113 4079 2234 4120; x_wconf 83' lang='lat' dir='ltr'><strong>esse</strong></span> <span class='ocrx_word' id='word_1_586' title='bbox 2284 4063 2688 4126; x_wconf 79' lang='lat' dir='ltr'><strong>intellexerunt,</strong></span> <span class='ocrx_word' id='word_1_587' title='bbox 2744 4071 2857 4116; x_wconf 87' lang='lat' dir='ltr'><strong>tum</strong></span> <span class='ocrx_word' id='word_1_588' title='bbox 2914 4051 3419 4114; x_wconf 43' lang='lat' dir='ltr'><strong>vero&#39;iestittarttttt</strong></span> 
     </span>
    </p>
   </div>
   <div class='ocr_carea' id='block_1_87' title="bbox 1849 4150 3417 4226">
    <p class='ocr_par' dir='ltr' id='par_1_87' title="bbox 1849 4150 3417 4226">
     <span class='ocr_line' id='line_1_87' title="bbox 1849 4150 3417 4226; baseline -0.008 -10"><span class='ocrx_word' id='word_1_589' title='bbox 1849 4179 1971 4216; x_wconf 89' lang='lat' dir='ltr'><strong>cum</strong></span> <span class='ocrx_word' id='word_1_590' title='bbox 2009 4159 2276 4214; x_wconf 84' lang='lat' dir='ltr'><strong>universis</strong></span> <span class='ocrx_word' id='word_1_591' title='bbox 2323 4159 2496 4226; x_wconf 82' lang='lat' dir='ltr'><strong>cepiis</strong></span> <span class='ocrx_word' id='word_1_592' title='bbox 2533 4171 2843 4212; x_wconf 87' lang='lat' dir='ltr'><strong>occurrere.</strong></span> <span class='ocrx_word' id='word_1_593' title='bbox 2880 4154 3039 4226; x_wconf 77' lang='lat'><strong>195</strong></span> <span class='ocrx_word' id='word_1_594' title='bbox 3070 4153 3225 4208; x_wconf 76' lang='lat' dir='ltr'><strong>Nulla</strong></span> <span class='ocrx_word' id='word_1_595' title='bbox 3269 4150 3417 4207; x_wconf 87' lang='lat' dir='ltr'><strong>enim</strong></span> 
     </span>
    </p>
   </div>
   <div class='ocr_carea' id='block_1_88' title="bbox 1851 4249 3416 4320">
    <p class='ocr_par' dir='ltr' id='par_1_88' title="bbox 1851 4249 3416 4320">
     <span class='ocr_line' id='line_1_88' title="bbox 1851 4249 3416 4320; baseline -0.009 -12"><span class='ocrx_word' id='word_1_596' title='bbox 1851 4269 1909 4309; x_wconf 91' lang='lat' dir='ltr'><strong>re</strong></span> <span class='ocrx_word' id='word_1_597' title='bbox 1936 4254 2037 4307; x_wconf 89' lang='lat' dir='ltr'><strong>alia</strong></span> <span class='ocrx_word' id='word_1_598' title='bbox 2065 4267 2219 4320; x_wconf 69' lang='lat' dir='ltr'><strong>aeque</strong></span> <span class='ocrx_word' id='word_1_599' title='bbox 2248 4261 2624 4305; x_wconf 81' lang='lat' dir='ltr'><strong>commovetur</strong></span> <span class='ocrx_word' id='word_1_600' title='bbox 2670 4249 2944 4304; x_wconf 86' lang='lat' dir='ltr'><strong>Barbarus</strong></span> <span class='ocrx_word' id='word_1_601' title='bbox 2981 4262 3047 4300; x_wconf 84' lang='lat' dir='ltr'><strong>ac</strong></span> <span class='ocrx_word' id='word_1_602' title='bbox 3086 4258 3305 4300; x_wconf 88' lang='lat' dir='ltr'><strong>suarum</strong></span> <span class='ocrx_word' id='word_1_603' title='bbox 3334 4257 3416 4295; x_wconf 74' lang='lat' dir='ltr'><strong>re-</strong></span> 
     </span>
    </p>
   </div>
   <div class='ocr_carea' id='block_1_89' title="bbox 1849 4333 3420 4407">
    <p class='ocr_par' dir='ltr' id='par_1_89' title="bbox 1849 4333 3420 4407">
     <span class='ocr_line' id='line_1_89' title="bbox 1849 4333 3420 4407; baseline -0.006 -12"><span class='ocrx_word' id='word_1_604' title='bbox 1849 4358 1972 4396; x_wconf 87' lang='lat' dir='ltr'><strong>rum</strong></span> <span class='ocrx_word' id='word_1_605' title='bbox 2003 4350 2058 4395; x_wconf 91' lang='lat' dir='ltr'><strong>et</strong></span> <span class='ocrx_word' id='word_1_606' title='bbox 2107 4340 2507 4407; x_wconf 79' lang='lat' dir='ltr'><strong>possessionum</strong></span> <span class='ocrx_word' id='word_1_607' title='bbox 2544 4338 2856 4392; x_wconf 88' lang='lat' dir='ltr'><strong>amissione.</strong></span> <span class='ocrx_word' id='word_1_608' title='bbox 2901 4333 3197 4403; x_wconf 86' lang='lat' dir='ltr'><strong>Imperator</strong></span> <span class='ocrx_word' id='word_1_609' title='bbox 3235 4341 3420 4385; x_wconf 87' lang='lat' dir='ltr'><strong>autem</strong></span> 
     </span>
    </p>
   </div>
   <div class='ocr_carea' id='block_1_90' title="bbox 181 4416 1737 4501">
    <p class='ocr_par' dir='ltr' id='par_1_90' title="bbox 181 4416 1737 4487">
     <span class='ocr_line' id='line_1_90' title="bbox 181 4416 1737 4487; baseline -0.002 -16"><span class='ocrx_word' id='word_1_610' title='bbox 181 4419 394 4471; x_wconf 78' lang='grc' dir='ltr'><strong>πολλῶν</strong></span> <span class='ocrx_word' id='word_1_611' title='bbox 455 4417 723 4487; x_wconf 78' lang='grc' dir='ltr'><strong>ἧκουσαν,</strong></span> <span class='ocrx_word' id='word_1_612' title='bbox 779 4417 902 4469; x_wconf 77' lang='grc' dir='ltr'><strong>τότε</strong></span> <span class='ocrx_word' id='word_1_613' title='bbox 955 4416 1019 4486; x_wconf 82' lang='grc' dir='ltr'><strong>δὴ</strong></span> <span class='ocrx_word' id='word_1_614' title='bbox 1073 4419 1383 4486; x_wconf 79' lang='grc' dir='ltr'><strong>πανστρατὶ</strong></span> <span class='ocrx_word' id='word_1_615' title='bbox 1427 4417 1737 4484; x_wconf 76' lang='grc' dir='ltr'><strong>κινηθέντες</strong></span> 
     </span>
    </p>
   </div>
   <div class='ocr_carea' id='block_1_91' title="bbox 1842 4416 3423 4501">
    <p class='ocr_par' dir='ltr' id='par_1_91' title="bbox 1851 4424 3423 4501">
     <span class='ocr_line' id='line_1_91' title="bbox 1851 4424 3423 4501; baseline -0.008 -16"><span class='ocrx_word' id='word_1_616' title='bbox 1851 4432 2266 4501; x_wconf 87' lang='lat' dir='ltr'><strong>haudquaquam</strong></span> <span class='ocrx_word' id='word_1_617' title='bbox 2327 4429 2502 4484; x_wconf 87' lang='lat' dir='ltr'><strong>adhuc</strong></span> <span class='ocrx_word' id='word_1_618' title='bbox 2543 4429 2685 4483; x_wconf 83' lang='lat' dir='ltr'><strong>scire</strong></span> <span class='ocrx_word' id='word_1_619' title='bbox 2731 4427 2925 4482; x_wconf 89' lang='lat' dir='ltr'><strong>Persas</strong></span> <span class='ocrx_word' id='word_1_620' title='bbox 2971 4441 3090 4494; x_wconf 53' lang='lat' dir='ltr'><strong>quia:</strong></span> <span class='ocrx_word' id='word_1_621' title='bbox 3118 4424 3423 4494; x_wconf 74' lang='lat' dir='ltr'><strong>agebantur-</strong></span> 
     </span>
    </p>
   </div>
   <div class='ocr_carea' id='block_1_92' title="bbox 140 4507 1743 4578">
    <p class='ocr_par' dir='ltr' id='par_1_92' title="bbox 140 4507 1743 4578">
     <span class='ocr_line' id='line_1_92' title="bbox 140 4507 1743 4578; baseline -0.002 -14"><span class='ocrx_word' id='word_1_622' title='bbox 140 4539 143 4543; x_wconf 88' lang='lat'><strong><em>-</em></strong></span> <span class='ocrx_word' id='word_1_623' title='bbox 182 4509 539 4564; x_wconf 81' lang='grc' dir='ltr'><strong>ὑπαντιάσειν</strong></span> <span class='ocrx_word' id='word_1_624' title='bbox 565 4508 882 4578; x_wconf 76' lang='grc' dir='ltr'><strong>ἠπείγοντο.</strong></span> <span class='ocrx_word' id='word_1_625' title='bbox 926 4507 1043 4560; x_wconf 83' lang='grc' dir='ltr'><strong>Ἐπ’</strong></span> <span class='ocrx_word' id='word_1_626' title='bbox 1078 4508 1256 4560; x_wconf 78' lang='grc' dir='ltr'><strong>οὐδενὶ</strong></span> <span class='ocrx_word' id='word_1_627' title='bbox 1289 4509 1396 4578; x_wconf 85' lang='grc' dir='ltr'><strong>γὰρ</strong></span> <span class='ocrx_word' id='word_1_628' title='bbox 1443 4507 1588 4562; x_wconf 75' lang='grc' dir='ltr'><strong>οὕτω</strong></span> <span class='ocrx_word' id='word_1_629' title='bbox 1639 4528 1743 4561; x_wconf 87' lang='grc' dir='ltr'><strong>πα-</strong></span> 
     </span>
    </p>
   </div>
   <div class='ocr_carea' id='block_1_93' title="bbox 183 4598 1744 4672">
    <p class='ocr_par' dir='ltr' id='par_1_93' title="bbox 183 4598 1744 4672">
     <span class='ocr_line' id='line_1_93' title="bbox 183 4598 1744 4672; baseline -0.002 -17"><span class='ocrx_word' id='word_1_630' title='bbox 183 4602 427 4655; x_wconf 79' lang='grc' dir='ltr'><strong>θαίνεται</strong></span> <span class='ocrx_word' id='word_1_631' title='bbox 472 4600 749 4670; x_wconf 86' lang='grc' dir='ltr'><strong>βάρϐαρος</strong></span> <span class='ocrx_word' id='word_1_632' title='bbox 780 4599 854 4662; x_wconf 84' lang='grc' dir='ltr'><strong>ὼς</strong></span> <span class='ocrx_word' id='word_1_633' title='bbox 903 4601 996 4653; x_wconf 71' lang='grc' dir='ltr'><strong>ἐπὶ</strong></span> <span class='ocrx_word' id='word_1_634' title='bbox 1049 4598 1349 4670; x_wconf 84' lang='grc' dir='ltr'><strong>χρημάτων</strong></span> <span class='ocrx_word' id='word_1_635' title='bbox 1379 4601 1412 4672; x_wconf 73' lang='grc' dir='ltr'>ἢ</span> <span class='ocrx_word' id='word_1_636' title='bbox 1448 4600 1744 4669; x_wconf 87' lang='grc' dir='ltr'><strong>κτημάτων</strong></span> 
     </span>
    </p>
   </div>
   <div class='ocr_carea' id='block_1_94' title="bbox 180 4690 1746 4764">
    <p class='ocr_par' dir='ltr' id='par_1_94' title="bbox 180 4690 1746 4764">
     <span class='ocr_line' id='line_1_94' title="bbox 180 4690 1746 4764; baseline -0.003 -15"><span class='ocrx_word' id='word_1_637' title='bbox 180 4695 444 4764; x_wconf 80' lang='grc' dir='ltr'><strong>ἀποϐολῇ.</strong></span> <span class='ocrx_word' id='word_1_638' title='bbox 471 4691 741 4755; x_wconf 80' lang='grc' dir='ltr'><strong>Βασιλεὺς</strong></span> <span class='ocrx_word' id='word_1_639' title='bbox 767 4692 823 4746; x_wconf 68' lang='grc' dir='ltr'><strong>δὲ</strong></span> <span class='ocrx_word' id='word_1_640' title='bbox 856 4690 935 4745; x_wconf 83' lang='grc' dir='ltr'><strong>ἐτι</strong></span> <span class='ocrx_word' id='word_1_641' title='bbox 965 4693 1188 4763; x_wconf 85' lang='grc' dir='ltr'><strong>μηδέπω</strong></span> <span class='ocrx_word' id='word_1_642' title='bbox 1211 4690 1419 4757; x_wconf 86' lang='grc' dir='ltr'><strong>γνῶναι</strong></span> <span class='ocrx_word' id='word_1_643' title='bbox 1443 4692 1657 4762; x_wconf 80' lang='grc' dir='ltr'><strong>Πέρσας</strong></span> <span class='ocrx_word' id='word_1_644' title='bbox 1679 4691 1746 4745; x_wconf 87' lang='grc' dir='ltr'><strong>τά</strong></span> 
     </span>
    </p>
   </div>
   <div class='ocr_carea' id='block_1_95' title="bbox 184 4781 1745 4856">
    <p class='ocr_par' dir='ltr' id='par_1_95' title="bbox 184 4781 1745 4856">
     <span class='ocr_line' id='line_1_95' title="bbox 184 4781 1745 4856; baseline -0.003 -17"><span class='ocrx_word' id='word_1_645' title='bbox 184 4787 546 4856; x_wconf 73' lang='grc' dir='ltr'><strong>πρασσόμενα</strong></span> <span class='ocrx_word' id='word_1_646' title='bbox 579 4784 807 4851; x_wconf 73' lang='grc' dir='ltr'><strong>οἰηθεὶς,</strong></span> <span class='ocrx_word' id='word_1_647' title='bbox 845 4783 906 4836; x_wconf 73' lang='grc' dir='ltr'><strong>τὸ</strong></span> <span class='ocrx_word' id='word_1_648' title='bbox 942 4783 1040 4852; x_wconf 88' lang='grc' dir='ltr'><strong>μέν</strong></span> <span class='ocrx_word' id='word_1_649' title='bbox 1077 4782 1204 4836; x_wconf 73' lang='grc' dir='ltr'><strong>ἄλλο</strong></span> <span class='ocrx_word' id='word_1_650' title='bbox 1247 4783 1539 4852; x_wconf 86' lang='grc' dir='ltr'><strong>Ῥωμαίων</strong></span> <span class='ocrx_word' id='word_1_651' title='bbox 1579 4781 1745 4851; x_wconf 85' lang='grc' dir='ltr'><strong>στρά-</strong></span> 
     </span>
    </p>
   </div>
   <div class='ocr_carea' id='block_1_96' title="bbox 183 4875 1747 4950">
    <p class='ocr_par' dir='ltr' id='par_1_96' title="bbox 183 4875 1747 4950">
     <span class='ocr_line' id='line_1_96' title="bbox 183 4875 1747 4950; baseline -0.002 -19"><span class='ocrx_word' id='word_1_652' title='bbox 183 4896 360 4950; x_wconf 79' lang='grc' dir='ltr'><strong>τευμα</strong></span> <span class='ocrx_word' id='word_1_653' title='bbox 395 4878 589 4948; x_wconf 76' lang='grc' dir='ltr'><strong>πρόσω</strong></span> <span class='ocrx_word' id='word_1_654' title='bbox 628 4877 723 4929; x_wconf 75' lang='grc' dir='ltr'><strong>ἐπὶ</strong></span> <span class='ocrx_word' id='word_1_655' title='bbox 763 4876 1042 4946; x_wconf 82' lang='grc' dir='ltr'><strong>διαρπαγῇ</strong></span> <span class='ocrx_word' id='word_1_656' title='bbox 1075 4875 1342 4944; x_wconf 80' lang='grc' dir='ltr'><strong>ἐπεμψεν,</strong></span> <span class='ocrx_word' id='word_1_657' title='bbox 1375 4877 1402 4928; x_wconf 85' lang='grc' dir='ltr'>ὁ</span> <span class='ocrx_word' id='word_1_658' title='bbox 1431 4877 1488 4927; x_wconf 82' lang='grc' dir='ltr'><strong>δέ</strong></span> <span class='ocrx_word' id='word_1_659' title='bbox 1514 4877 1747 4928; x_wconf 85' lang='grc' dir='ltr'><strong>κατόπιν</strong></span> 
     </span>
    </p>
   </div>
   <div class='ocr_carea' id='block_1_97' title="bbox 185 4967 1747 5041">
    <p class='ocr_par' dir='ltr' id='par_1_97' title="bbox 185 4967 1747 5041">
     <span class='ocr_line' id='line_1_97' title="bbox 185 4967 1747 5041; baseline -0.004 -15"><span class='ocrx_word' id='word_1_660' title='bbox 185 4976 279 5027; x_wconf 78' lang='grc' dir='ltr'><strong>σὺν</strong></span> <span class='ocrx_word' id='word_1_661' title='bbox 306 4973 511 5039; x_wconf 78' lang='grc' dir='ltr'><strong>ὀλίγοις</strong></span> <span class='ocrx_word' id='word_1_662' title='bbox 552 4969 774 5041; x_wconf 81' lang='grc' dir='ltr'><strong>ἐχώρει.</strong></span> <span class='ocrx_word' id='word_1_663' title='bbox 807 4969 973 5022; x_wconf 82' lang='grc' dir='ltr'><strong>ὐθεν</strong></span> <span class='ocrx_word' id='word_1_664' title='bbox 1016 4969 1113 5021; x_wconf 75' lang='grc' dir='ltr'><strong>καὶ</strong></span> <span class='ocrx_word' id='word_1_665' title='bbox 1165 4969 1378 5037; x_wconf 83' lang='grc' dir='ltr'><strong>Πέρσας</strong></span> <span class='ocrx_word' id='word_1_666' title='bbox 1427 4967 1747 5038; x_wconf 83' lang='grc' dir='ltr'><strong>κεκινῆσθαι</strong></span> 
     </span>
    </p>
   </div>
   <div class='ocr_carea' id='block_1_98' title="bbox 185 5060 1750 5136">
    <p class='ocr_par' dir='ltr' id='par_1_98' title="bbox 185 5060 1750 5136">
     <span class='ocr_line' id='line_1_98' title="bbox 185 5060 1750 5136; baseline -0.005 -18"><span class='ocrx_word' id='word_1_667' title='bbox 185 5066 282 5136; x_wconf 68' lang='grc' dir='ltr'><strong>ἠδη</strong></span> <span class='ocrx_word' id='word_1_668' title='bbox 307 5065 631 5134; x_wconf 74' lang='grc' dir='ltr'><strong>παμπληθεὶ</strong></span> <span class='ocrx_word' id='word_1_669' title='bbox 663 5060 766 5132; x_wconf 72' lang='grc' dir='ltr'><strong>[Ροι</strong></span> <span class='ocrx_word' id='word_1_670' title='bbox 791 5060 914 5132; x_wconf 72' lang='grc'><strong>114]</strong></span> <span class='ocrx_word' id='word_1_671' title='bbox 943 5061 1273 5122; x_wconf 83' lang='grc' dir='ltr'><strong>ἀκούσαντες</strong></span> <span class='ocrx_word' id='word_1_672' title='bbox 1307 5060 1587 5128; x_wconf 86' lang='grc' dir='ltr'><strong>Ῥωμαῖοι,</strong></span> <span class='ocrx_word' id='word_1_673' title='bbox 1623 5076 1750 5111; x_wconf 73' lang='grc' dir='ltr'><strong>συνο</strong></span> 
     </span>
    </p>
   </div>
   <div class='ocr_carea' id='block_1_99' title="bbox 187 5151 1750 5226">
    <p class='ocr_par' dir='ltr' id='par_1_99' title="bbox 187 5151 1750 5226">
     <span class='ocr_line' id='line_1_99' title="bbox 187 5151 1750 5226; baseline -0.004 -16"><span class='ocrx_word' id='word_1_674' title='bbox 187 5155 570 5226; x_wconf 68' lang='grc' dir='ltr'><strong>ἐταράχθησαν</strong></span> <span class='ocrx_word' id='word_1_675' title='bbox 604 5154 704 5224; x_wconf 71' lang='grc' dir='ltr'><strong>μὲν</strong></span> <span class='ocrx_word' id='word_1_676' title='bbox 737 5153 812 5216; x_wconf 82' lang='grc' dir='ltr'><strong>ὡς</strong></span> <span class='ocrx_word' id='word_1_677' title='bbox 840 5152 902 5204; x_wconf 81' lang='grc' dir='ltr'><strong>τὸ</strong></span> <span class='ocrx_word' id='word_1_678' title='bbox 931 5153 1100 5215; x_wconf 78' lang='grc' dir='ltr'><strong>εἰκὸς,</strong></span> <span class='ocrx_word' id='word_1_679' title='bbox 1133 5151 1306 5214; x_wconf 78' lang='grc' dir='ltr'><strong>ἄλλως</strong></span> <span class='ocrx_word' id='word_1_680' title='bbox 1363 5170 1421 5203; x_wconf 85' lang='grc' dir='ltr'><strong>τε</strong></span> <span class='ocrx_word' id='word_1_681' title='bbox 1450 5151 1546 5203; x_wconf 61' lang='grc' dir='ltr'><strong>καὶ</strong></span> <span class='ocrx_word' id='word_1_682' title='bbox 1594 5151 1750 5220; x_wconf 83' lang='grc' dir='ltr'><strong>βασι-</strong></span> 
     </span>
    </p>
   </div>
   <div class='ocr_carea' id='block_1_100' title="bbox 187 5241 1748 5316">
    <p class='ocr_par' dir='ltr' id='par_1_100' title="bbox 187 5241 1748 5316">
     <span class='ocr_line' id='line_1_100' title="bbox 187 5241 1748 5316; baseline -0.003 -18"><span class='ocrx_word' id='word_1_683' title='bbox 187 5247 321 5310; x_wconf 81' lang='grc' dir='ltr'><strong>λέως</strong></span> <span class='ocrx_word' id='word_1_684' title='bbox 349 5245 426 5316; x_wconf 77' lang='grc' dir='ltr'><strong>μὴ</strong></span> <span class='ocrx_word' id='word_1_685' title='bbox 459 5245 842 5314; x_wconf 82' lang='grc' dir='ltr'><strong>συμπαρόντος</strong></span> <span class='ocrx_word' id='word_1_686' title='bbox 869 5243 1076 5308; x_wconf 82' lang='grc' dir='ltr'><strong>αὐτοῖς,</strong></span> <span class='ocrx_word' id='word_1_687' title='bbox 1097 5244 1172 5305; x_wconf 83' lang='grc' dir='ltr'><strong>ὡς</strong></span> <span class='ocrx_word' id='word_1_688' title='bbox 1206 5244 1263 5295; x_wconf 85' lang='grc' dir='ltr'><strong>δὲ</strong></span> <span class='ocrx_word' id='word_1_689' title='bbox 1289 5241 1390 5312; x_wconf 75' lang='grc' dir='ltr'><strong>ήδη</strong></span> <span class='ocrx_word' id='word_1_690' title='bbox 1421 5243 1748 5311; x_wconf 83' lang='grc' dir='ltr'><strong>ἀνεμίγνυτο</strong></span> 
     </span>
    </p>
   </div>
   <div class='ocr_carea' id='block_1_101' title="bbox 186 5333 1747 5404">
    <p class='ocr_par' dir='ltr' id='par_1_101' title="bbox 186 5333 1747 5404">
     <span class='ocr_line' id='line_1_101' title="bbox 186 5333 1747 5404; baseline -0.004 -13"><span class='ocrx_word' id='word_1_691' title='bbox 186 5337 399 5401; x_wconf 84' lang='grc' dir='ltr'><strong>τούτοις</strong></span> <span class='ocrx_word' id='word_1_692' title='bbox 427 5337 529 5389; x_wconf 77' lang='grc' dir='ltr'><strong>καὶ</strong></span> <span class='ocrx_word' id='word_1_693' title='bbox 559 5336 744 5398; x_wconf 82' lang='grc' dir='ltr'><strong>αὐτός’</strong></span> <span class='ocrx_word' id='word_1_694' title='bbox 783 5333 927 5402; x_wconf 74' lang='grc' dir='ltr'><strong>ἐγνω</strong></span> <span class='ocrx_word' id='word_1_695' title='bbox 959 5335 1069 5404; x_wconf 83' lang='grc' dir='ltr'><strong>γὰρ</strong></span> <span class='ocrx_word' id='word_1_696' title='bbox 1113 5335 1211 5403; x_wconf 80' lang='grc' dir='ltr'><strong>τὴν</strong></span> <span class='ocrx_word' id='word_1_697' title='bbox 1261 5333 1487 5404; x_wconf 83' lang='grc' dir='ltr'><strong>Περσῶν</strong></span> <span class='ocrx_word' id='word_1_698' title='bbox 1538 5334 1747 5400; x_wconf 68' lang='grc' dir='ltr'><strong>ἔφοδον,</strong></span> 
     </span>
    </p>
   </div>
   <div class='ocr_carea' id='block_1_102' title="bbox 188 5421 1748 5500">
    <p class='ocr_par' dir='ltr' id='par_1_102' title="bbox 188 5421 1748 5500">
     <span class='ocr_line' id='line_1_102' title="bbox 188 5421 1748 5500; baseline -0.003 -19"><span class='ocrx_word' id='word_1_699' title='bbox 188 5430 674 5500; x_wconf 81' lang='grc' dir='ltr'><strong>ἀναθαρσήσαντες</strong></span> <span class='ocrx_word' id='word_1_700' title='bbox 713 5425 905 5481; x_wconf 80' lang='grc' dir='ltr'><strong>λοιπὸν</strong></span> <span class='ocrx_word' id='word_1_701' title='bbox 949 5421 1347 5494; x_wconf 85' lang='grc' dir='ltr'><strong>συντονώτερον</strong></span> <span class='ocrx_word' id='word_1_702' title='bbox 1401 5424 1748 5494; x_wconf 84' lang='grc' dir='ltr'><strong>ἐπορεύοντο.</strong></span> 
     </span>
    </p>
   </div>
   <div class='ocr_carea' id='block_1_103' title="bbox 205 5509 1754 5596">
    <p class='ocr_par' dir='ltr' id='par_1_103' title="bbox 205 5509 1754 5596">
     <span class='ocr_line' id='line_1_103' title="bbox 205 5509 1754 5596; baseline -0.004 -16"><span class='ocrx_word' id='word_1_703' title='bbox 205 5529 361 5581; x_wconf 74' lang='grc' dir='ltr'><strong>Ἐπεὶ</strong></span> <span class='ocrx_word' id='word_1_704' title='bbox 387 5527 445 5580; x_wconf 76' lang='grc' dir='ltr'><strong>δὲ</strong></span> <span class='ocrx_word' id='word_1_705' title='bbox 476 5527 572 5596; x_wconf 78' lang='grc' dir='ltr'><strong>ὀψὲ</strong></span> <span class='ocrx_word' id='word_1_706' title='bbox 605 5528 705 5596; x_wconf 76' lang='grc' dir='ltr'><strong>τῆς</strong></span> <span class='ocrx_word' id='word_1_707' title='bbox 729 5517 943 5596; x_wconf 79' lang='grc' dir='ltr'><strong>ἡμέρας</strong></span> <span class='ocrx_word' id='word_1_708' title='bbox 975 5509 1066 5595; x_wconf 67' lang='grc' dir='ltr'><strong>ἦν,</strong></span> <span class='ocrx_word' id='word_1_709' title='bbox 1104 5524 1213 5576; x_wconf 88' lang='grc' dir='ltr'><strong>τῶν</strong></span> <span class='ocrx_word' id='word_1_710' title='bbox 1243 5524 1430 5576; x_wconf 77' lang='grc' dir='ltr'><strong>ἵππων</strong></span> <span class='ocrx_word' id='word_1_711' title='bbox 1454 5523 1754 5583; x_wconf 79' lang='grc' dir='ltr'><strong>ἀποϐάντες</strong></span> 
     </span>
    </p>
   </div>
   <div class='ocr_carea' id='block_1_104' title="bbox 193 5613 1755 5686">
    <p class='ocr_par' dir='ltr' id='par_1_104' title="bbox 193 5613 1755 5686">
     <span class='ocr_line' id='line_1_104' title="bbox 193 5613 1755 5686; baseline -0.004 -15"><span class='ocrx_word' id='word_1_712' title='bbox 193 5622 302 5682; x_wconf 76' lang='grc' dir='ltr'><strong>τοῖς</strong></span> <span class='ocrx_word' id='word_1_713' title='bbox 351 5637 414 5673; x_wconf 90' lang='grc' dir='ltr'><strong>τε</strong></span> <span class='ocrx_word' id='word_1_714' title='bbox 454 5619 647 5680; x_wconf 76' lang='grc' dir='ltr'><strong>ἵπποις</strong></span> <span class='ocrx_word' id='word_1_715' title='bbox 702 5617 911 5686; x_wconf 79' lang='grc' dir='ltr'><strong>φορϐὴν</strong></span> <span class='ocrx_word' id='word_1_716' title='bbox 960 5617 1101 5670; x_wconf 82' lang='grc' dir='ltr'><strong>κατὰ</strong></span> <span class='ocrx_word' id='word_1_717' title='bbox 1151 5615 1212 5668; x_wconf 87' lang='grc' dir='ltr'><strong>τὸ</strong></span> <span class='ocrx_word' id='word_1_718' title='bbox 1261 5615 1381 5676; x_wconf 79' lang='grc' dir='ltr'><strong>ἔθος</strong></span> <span class='ocrx_word' id='word_1_719' title='bbox 1416 5615 1619 5668; x_wconf 74' lang='grc' dir='ltr'><strong>ἐδίδουν</strong></span> <span class='ocrx_word' id='word_1_720' title='bbox 1659 5613 1755 5666; x_wconf 70' lang='grc' dir='ltr'><strong>καὶ</strong></span> 
     </span>
    </p>
   </div>
   <div class='ocr_carea' id='block_1_105' title="bbox 197 5700 1755 5783">
    <p class='ocr_par' dir='ltr' id='par_1_105' title="bbox 197 5700 1755 5783">
     <span class='ocr_line' id='line_1_105' title="bbox 197 5700 1755 5783; baseline -0.003 -20"><span class='ocrx_word' id='word_1_721' title='bbox 197 5712 336 5782; x_wconf 75' lang='grc' dir='ltr'><strong>πρὸς</strong></span> <span class='ocrx_word' id='word_1_722' title='bbox 369 5710 541 5783; x_wconf 74' lang='grc' dir='ltr'><strong>βραχὺ</strong></span> <span class='ocrx_word' id='word_1_723' title='bbox 572 5711 1091 5782; x_wconf 55' lang='grc' dir='ltr'><strong>διαναπαεσάμενοι,</strong></span> <span class='ocrx_word' id='word_1_724' title='bbox 1128 5709 1318 5771; x_wconf 75' lang='grc' dir='ltr'><strong>νυκτὸς</strong></span> <span class='ocrx_word' id='word_1_725' title='bbox 1355 5708 1456 5779; x_wconf 72' lang='grc' dir='ltr'><strong>ήδη</strong></span> <span class='ocrx_word' id='word_1_726' title='bbox 1490 5700 1755 5762; x_wconf 75' lang='grc' dir='ltr'><strong>ἐπιλαϐο-</strong></span> 
     </span>
    </p>
   </div>
   <div class='ocr_carea' id='block_1_106' title="bbox 1779 4514 3419 4591">
    <p class='ocr_par' dir='ltr' id='par_1_106' title="bbox 1779 4514 3419 4591">
     <span class='ocr_line' id='line_1_106' title="bbox 1779 4514 3419 4591; baseline -0.007 -13"><span class='ocrx_word' id='word_1_727' title='bbox 1779 4574 1783 4578; x_wconf 87' lang='grc'><strong>.</strong></span> <span class='ocrx_word' id='word_1_728' title='bbox 1849 4535 2017 4588; x_wconf 87' lang='lat' dir='ltr'><strong>ratus,</strong></span> <span class='ocrx_word' id='word_1_729' title='bbox 2042 4523 2248 4591; x_wconf 89' lang='lat' dir='ltr'><strong>aliquot</strong></span> <span class='ocrx_word' id='word_1_730' title='bbox 2274 4521 2641 4576; x_wconf 80' lang='lat' dir='ltr'><strong>Romanorum</strong></span> <span class='ocrx_word' id='word_1_731' title='bbox 2665 4519 2852 4588; x_wconf 85' lang='lat' dir='ltr'><strong>copias</strong></span> <span class='ocrx_word' id='word_1_732' title='bbox 2874 4517 2938 4571; x_wconf 89' lang='lat' dir='ltr'><strong>ad</strong></span> <span class='ocrx_word' id='word_1_733' title='bbox 2961 4516 3194 4587; x_wconf 70' lang='lat' dir='ltr'><strong>praedam</strong></span> <span class='ocrx_word' id='word_1_734' title='bbox 3219 4514 3419 4570; x_wconf 80' lang='lat' dir='ltr'><strong>facien-</strong></span> 
     </span>
    </p>
   </div>
   <div class='ocr_carea' id='block_1_107' title="bbox 1846 4605 3413 4683">
    <p class='ocr_par' dir='ltr' id='par_1_107' title="bbox 1846 4605 3413 4683">
     <span class='ocr_line' id='line_1_107' title="bbox 1846 4605 3413 4683; baseline -0.006 -16"><span class='ocrx_word' id='word_1_735' title='bbox 1846 4614 1967 4667; x_wconf 88' lang='lat' dir='ltr'><strong>dam</strong></span> <span class='ocrx_word' id='word_1_736' title='bbox 2002 4610 2314 4682; x_wconf 61' lang='lat' dir='ltr'><strong>praegnittit,‘</strong></span> <span class='ocrx_word' id='word_1_737' title='bbox 2343 4614 2565 4680; x_wconf 88' lang='lat' dir='ltr'><strong>ipseque</strong></span> <span class='ocrx_word' id='word_1_738' title='bbox 2596 4625 2626 4664; x_wconf 76' lang='grc' dir='ltr'><strong>ο</strong></span> <span class='ocrx_word' id='word_1_739' title='bbox 2657 4622 2808 4679; x_wconf 80' lang='lat' dir='ltr'><strong>tergo</strong></span> <span class='ocrx_word' id='word_1_740' title='bbox 2837 4623 2960 4662; x_wconf 87' lang='lat' dir='ltr'><strong>cum</strong></span> <span class='ocrx_word' id='word_1_741' title='bbox 3009 4607 3195 4683; x_wconf 89' lang='lat' dir='ltr'><strong>paucis</strong></span> <span class='ocrx_word' id='word_1_742' title='bbox 3225 4605 3413 4659; x_wconf 86' lang='lat' dir='ltr'><strong>subse-</strong></span> 
     </span>
    </p>
   </div>
   <div class='ocr_carea' id='block_1_108' title="bbox 1845 4695 3421 4776">
    <p class='ocr_par' dir='ltr' id='par_1_108' title="bbox 1845 4695 3421 4776">
     <span class='ocr_line' id='line_1_108' title="bbox 1845 4695 3421 4776; baseline -0.003 -22"><span class='ocrx_word' id='word_1_743' title='bbox 1845 4704 2045 4773; x_wconf 87' lang='lat' dir='ltr'><strong>quitur.</strong></span> <span class='ocrx_word' id='word_1_744' title='bbox 2071 4701 2270 4757; x_wconf 80' lang='lat' dir='ltr'><strong>Verum</strong></span> <span class='ocrx_word' id='word_1_745' title='bbox 2295 4713 2352 4755; x_wconf 88' lang='lat' dir='ltr'><strong>ut</strong></span> <span class='ocrx_word' id='word_1_746' title='bbox 2378 4703 2632 4776; x_wconf 75' lang='lat' dir='ltr'><strong>audivere</strong></span> <span class='ocrx_word' id='word_1_747' title='bbox 2655 4700 2884 4756; x_wconf 79' lang='lat' dir='ltr'><strong>Romani</strong></span> <span class='ocrx_word' id='word_1_748' title='bbox 2909 4699 3198 4753; x_wconf 86' lang='lat' dir='ltr'><strong>adventare</strong></span> <span class='ocrx_word' id='word_1_749' title='bbox 3221 4695 3421 4751; x_wconf 80' lang='lat' dir='ltr'><strong>Persas</strong></span> 
     </span>
    </p>
   </div>
   <div class='ocr_carea' id='block_1_109' title="bbox 1846 4791 3415 4858">
    <p class='ocr_par' dir='ltr' id='par_1_109' title="bbox 1846 4791 3415 4858">
     <span class='ocr_line' id='line_1_109' title="bbox 1846 4791 3415 4858; baseline -0.008 -8"><span class='ocrx_word' id='word_1_750' title='bbox 1846 4812 1968 4850; x_wconf 88' lang='lat' dir='ltr'><strong>cum</strong></span> <span class='ocrx_word' id='word_1_751' title='bbox 2000 4811 2285 4850; x_wconf 88' lang='lat' dir='ltr'><strong>numeroso</strong></span> <span class='ocrx_word' id='word_1_752' title='bbox 2302 4793 2839 4856; x_wconf 80' lang='lat' dir='ltr'><strong>exercitu.continuo</strong></span> <span class='ocrx_word' id='word_1_753' title='bbox 2859 4791 2977 4846; x_wconf 85' lang='lat' dir='ltr'><strong>illos</strong></span> <span class='ocrx_word' id='word_1_754' title='bbox 3007 4791 3203 4844; x_wconf 86' lang='lat' dir='ltr'><strong>invasit</strong></span> <span class='ocrx_word' id='word_1_755' title='bbox 3223 4801 3415 4858; x_wconf 79' lang='lat' dir='ltr'><strong>pavor,</strong></span> 
     </span>
    </p>
   </div>
   <div class='ocr_carea' id='block_1_110' title="bbox 1848 4877 3411 4952">
    <p class='ocr_par' dir='ltr' id='par_1_110' title="bbox 1848 4877 3411 4952">
     <span class='ocr_line' id='line_1_110' title="bbox 1848 4877 3411 4952; baseline -0.007 -14"><span class='ocrx_word' id='word_1_756' title='bbox 1848 4899 1911 4938; x_wconf 90' lang='lat' dir='ltr'><strong>eo</strong></span> <span class='ocrx_word' id='word_1_757' title='bbox 1941 4883 2110 4952; x_wconf 79' lang='lat' dir='ltr'><strong>magis</strong></span> <span class='ocrx_word' id='word_1_758' title='bbox 2136 4885 2277 4951; x_wconf 90' lang='lat' dir='ltr'><strong>quod</strong></span> <span class='ocrx_word' id='word_1_759' title='bbox 2314 4882 2384 4938; x_wconf 90' lang='lat' dir='ltr'><strong>ab</strong></span> <span class='ocrx_word' id='word_1_760' title='bbox 2428 4882 2492 4937; x_wconf 87' lang='lat' dir='ltr'><strong>iis</strong></span> <span class='ocrx_word' id='word_1_761' title='bbox 2539 4882 2754 4937; x_wconf 88' lang='lat' dir='ltr'><strong>abesset</strong></span> <span class='ocrx_word' id='word_1_762' title='bbox 2811 4879 3081 4949; x_wconf 87' lang='lat' dir='ltr'><strong>princeps.</strong></span> <span class='ocrx_word' id='word_1_763' title='bbox 3116 4877 3220 4931; x_wconf 88' lang='lat' dir='ltr'><strong>Sed</strong></span> <span class='ocrx_word' id='word_1_764' title='bbox 3263 4885 3411 4945; x_wconf 58' lang='lat' dir='ltr'><strong>post.</strong></span> 
     </span>
    </p>
   </div>
   <div class='ocr_carea' id='block_1_111' title="bbox 1847 4958 3416 5046">
    <p class='ocr_par' dir='ltr' id='par_1_111' title="bbox 1847 4958 3416 5046">
     <span class='ocr_line' id='line_1_111' title="bbox 1847 4958 3416 5046; baseline -0.004 -18"><span class='ocrx_word' id='word_1_765' title='bbox 1847 4991 2012 5046; x_wconf 86' lang='lat' dir='ltr'><strong>quam</strong></span> <span class='ocrx_word' id='word_1_766' title='bbox 2063 4958 2455 5039; x_wconf 80' lang='lat' dir='ltr'><strong>ille,inlellecm</strong></span> <span class='ocrx_word' id='word_1_767' title='bbox 2483 4974 2768 5028; x_wconf 87' lang='lat' dir='ltr'><strong>Persarum</strong></span> <span class='ocrx_word' id='word_1_768' title='bbox 2806 4973 3056 5026; x_wconf 81' lang='lat' dir='ltr'><strong>adventu.</strong></span> <span class='ocrx_word' id='word_1_769' title='bbox 3097 4969 3160 5023; x_wconf 83' lang='lat' dir='ltr'><strong>ad</strong></span> <span class='ocrx_word' id='word_1_770' title='bbox 3205 4984 3300 5024; x_wconf 86' lang='lat' dir='ltr'><strong>eos</strong></span> <span class='ocrx_word' id='word_1_771' title='bbox 3325 4983 3416 5022; x_wconf 61' lang='lat' dir='ltr'><strong>acw</strong></span> 
     </span>
    </p>
   </div>
   <div class='ocr_carea' id='block_1_112' title="bbox 1850 5062 3420 5132">
    <p class='ocr_par' dir='ltr' id='par_1_112' title="bbox 1850 5062 3420 5132">
     <span class='ocr_line' id='line_1_112' title="bbox 1850 5062 3420 5132; baseline -0.003 -11"><span class='ocrx_word' id='word_1_772' title='bbox 1850 5067 2038 5132; x_wconf 81' lang='lat' dir='ltr'><strong>cessit,</strong></span> <span class='ocrx_word' id='word_1_773' title='bbox 2101 5065 2344 5119; x_wconf 90' lang='lat' dir='ltr'><strong>collectis</strong></span> <span class='ocrx_word' id='word_1_774' title='bbox 2392 5065 2588 5118; x_wconf 87' lang='lat' dir='ltr'><strong>animis</strong></span> <span class='ocrx_word' id='word_1_775' title='bbox 2643 5062 2833 5132; x_wconf 85' lang='lat' dir='ltr'><strong>majori</strong></span> <span class='ocrx_word' id='word_1_776' title='bbox 2887 5077 3008 5115; x_wconf 90' lang='lat' dir='ltr'><strong>cum</strong></span> <span class='ocrx_word' id='word_1_777' title='bbox 3068 5062 3420 5116; x_wconf 82' lang='lat' dir='ltr'><strong>contentione</strong></span> 
     </span>
    </p>
   </div>
   <div class='ocr_carea' id='block_1_113' title="bbox 1850 5152 3415 5226">
    <p class='ocr_par' dir='ltr' id='par_1_113' title="bbox 1850 5152 3415 5226">
     <span class='ocr_line' id='line_1_113' title="bbox 1850 5152 3415 5226; baseline -0.006 -13"><span class='ocrx_word' id='word_1_778' title='bbox 1850 5158 2107 5225; x_wconf 79' lang='lat' dir='ltr'><strong>deinceps</strong></span> <span class='ocrx_word' id='word_1_779' title='bbox 2137 5155 2636 5226; x_wconf 71' lang='lat' dir='ltr'><strong>progrediebantur.</strong></span> <span class='ocrx_word' id='word_1_780' title='bbox 2661 5152 2919 5222; x_wconf 83' lang='lat' dir='ltr'><strong>Cumjam</strong></span> <span class='ocrx_word' id='word_1_781' title='bbox 2949 5154 3415 5221; x_wconf 78' lang='lat' dir='ltr'><strong>adveperasceret.l</strong></span> 
     </span>
    </p>
   </div>
   <div class='ocr_carea' id='block_1_114' title="bbox 1851 5242 3416 5317">
    <p class='ocr_par' dir='ltr' id='par_1_114' title="bbox 1851 5242 3416 5317">
     <span class='ocr_line' id='line_1_114' title="bbox 1851 5242 3416 5317; baseline -0.004 -14"><span class='ocrx_word' id='word_1_782' title='bbox 1851 5265 1917 5304; x_wconf 76' lang='lat' dir='ltr'><strong>ex</strong></span> <span class='ocrx_word' id='word_1_783' title='bbox 1962 5248 2116 5317; x_wconf 87' lang='lat' dir='ltr'><strong>equis</strong></span> <span class='ocrx_word' id='word_1_784' title='bbox 2147 5247 2458 5301; x_wconf 67' lang='lat' dir='ltr'><strong>desilientes</strong></span> <span class='ocrx_word' id='word_1_785' title='bbox 2495 5246 2857 5314; x_wconf 87' lang='lat' dir='ltr'><strong>pabulumque</strong></span> <span class='ocrx_word' id='word_1_786' title='bbox 2888 5245 2955 5297; x_wconf 87' lang='lat' dir='ltr'><strong>iis</strong></span> <span class='ocrx_word' id='word_1_787' title='bbox 3001 5242 3066 5296; x_wconf 83' lang='lat' dir='ltr'><strong>de</strong></span> <span class='ocrx_word' id='word_1_788' title='bbox 3099 5259 3247 5298; x_wconf 87' lang='lat' dir='ltr'><strong>more</strong></span> <span class='ocrx_word' id='word_1_789' title='bbox 3281 5256 3416 5304; x_wconf 72' lang='lat' dir='ltr'><strong>pne-</strong></span> 
     </span>
    </p>
   </div>
   <div class='ocr_carea' id='block_1_115' title="bbox 1855 5333 3419 5405">
    <p class='ocr_par' dir='ltr' id='par_1_115' title="bbox 1855 5333 3419 5405">
     <span class='ocr_line' id='line_1_115' title="bbox 1855 5333 3419 5405; baseline -0.001 -13"><span class='ocrx_word' id='word_1_790' title='bbox 1855 5342 2042 5392; x_wconf 86' lang='lat' dir='ltr'><strong>bentes</strong></span> <span class='ocrx_word' id='word_1_791' title='bbox 2097 5337 2370 5405; x_wconf 89' lang='lat' dir='ltr'><strong>paulisper</strong></span> <span class='ocrx_word' id='word_1_792' title='bbox 2423 5336 2736 5404; x_wconf 82' lang='lat' dir='ltr'><strong>quievere:</strong></span> <span class='ocrx_word' id='word_1_793' title='bbox 2789 5333 2981 5390; x_wconf 86' lang='lat' dir='ltr'><strong>deinde</strong></span> <span class='ocrx_word' id='word_1_794' title='bbox 3019 5342 3076 5404; x_wconf 83' lang='lat' dir='ltr'><strong>ut</strong></span> <span class='ocrx_word' id='word_1_795' title='bbox 3133 5350 3235 5388; x_wconf 82' lang='lat' dir='ltr'><strong>uox</strong></span> <span class='ocrx_word' id='word_1_796' title='bbox 3298 5333 3419 5401; x_wconf 72' lang='lat' dir='ltr'><strong>ipsa</strong></span> 
     </span>
    </p>
   </div>
   <div class='ocr_carea' id='block_1_116' title="bbox 1855 5422 3422 5496">
    <p class='ocr_par' dir='ltr' id='par_1_116' title="bbox 1855 5422 3422 5496">
     <span class='ocr_line' id='line_1_116' title="bbox 1855 5422 3422 5496; baseline -0.003 -15"><span class='ocrx_word' id='word_1_797' title='bbox 1855 5428 2092 5494; x_wconf 87' lang='lat' dir='ltr'><strong>advenit,</strong></span> <span class='ocrx_word' id='word_1_798' title='bbox 2123 5427 2484 5496; x_wconf 62' lang='lat' dir='ltr'><strong>praeeuntibus</strong></span> <span class='ocrx_word' id='word_1_799' title='bbox 2509 5426 2756 5493; x_wconf 86' lang='lat' dir='ltr'><strong>latcrnis,</strong></span> <span class='ocrx_word' id='word_1_800' title='bbox 2786 5426 2888 5481; x_wconf 87' lang='lat' dir='ltr'><strong>iter</strong></span> <span class='ocrx_word' id='word_1_801' title='bbox 2918 5422 3252 5480; x_wconf 76' lang='lat' dir='ltr'><strong>feceruntJn</strong></span> <span class='ocrx_word' id='word_1_802' title='bbox 3273 5424 3422 5476; x_wconf 88' lang='lat' dir='ltr'><strong>huno</strong></span> 
     </span>
    </p>
   </div>
   <div class='ocr_carea' id='block_1_117' title="bbox 1855 5510 3514 5596">
    <p class='ocr_par' dir='ltr' id='par_1_117' title="bbox 1855 5510 3514 5596">
     <span class='ocr_line' id='line_1_117' title="bbox 1855 5510 3514 5596; baseline 0.001 -17"><span class='ocrx_word' id='word_1_803' title='bbox 1855 5537 2036 5580; x_wconf 87' lang='lat' dir='ltr'><strong>autem</strong></span> <span class='ocrx_word' id='word_1_804' title='bbox 2087 5527 2302 5580; x_wconf 83' lang='lat' dir='ltr'><strong>modum</strong></span> <span class='ocrx_word' id='word_1_805' title='bbox 2354 5519 2612 5581; x_wconf 65' lang='lat' dir='ltr'><strong>confecta</strong></span> <span class='ocrx_word' id='word_1_806' title='bbox 2679 5536 2807 5581; x_wconf 78' lang='lat' dir='ltr'><strong>sunt</strong></span> <span class='ocrx_word' id='word_1_807' title='bbox 2858 5525 3118 5596; x_wconf 80' lang='lat' dir='ltr'><strong>ejusmodi</strong></span> <span class='ocrx_word' id='word_1_808' title='bbox 3172 5525 3417 5584; x_wconf 67' lang='lat' dir='ltr'><strong>laterum.</strong></span> <span class='ocrx_word' id='word_1_809' title='bbox 3510 5510 3514 5514; x_wconf 14' lang='grc' dir='ltr'><strong>Δ</strong></span> 
     </span>
    </p>
   </div>
   <div class='ocr_carea' id='block_1_118' title="bbox 1857 5612 3420 5684">
    <p class='ocr_par' dir='ltr' id='par_1_118' title="bbox 1857 5612 3420 5684">
     <span class='ocr_line' id='line_1_118' title="bbox 1857 5612 3420 5684; baseline -0.001 -15"><span class='ocrx_word' id='word_1_810' title='bbox 1857 5617 2284 5683; x_wconf 82' lang='lat' dir='ltr'><strong>Quadrilaterum</strong></span> <span class='ocrx_word' id='word_1_811' title='bbox 2309 5616 2436 5684; x_wconf 89' lang='lat' dir='ltr'><strong>quid</strong></span> <span class='ocrx_word' id='word_1_812' title='bbox 2462 5616 2514 5670; x_wconf 91' lang='lat' dir='ltr'><strong>in</strong></span> <span class='ocrx_word' id='word_1_813' title='bbox 2553 5615 2666 5670; x_wconf 52' lang='lat' dir='ltr'><strong>subi</strong></span> <span class='ocrx_word' id='word_1_814' title='bbox 2697 5617 2923 5671; x_wconf 78' lang='lat' dir='ltr'><strong>formam</strong></span> <span class='ocrx_word' id='word_1_815' title='bbox 2945 5612 3089 5671; x_wconf 76' lang='lat' dir='ltr'><strong>l‘drro</strong></span> <span class='ocrx_word' id='word_1_816' title='bbox 3111 5616 3420 5680; x_wconf 78' lang='lat' dir='ltr'><strong>elaborant,</strong></span> 
     </span>
    </p>
   </div>
   <div class='ocr_carea' id='block_1_119' title="bbox 1859 5704 3413 5777">
    <p class='ocr_par' dir='ltr' id='par_1_119' title="bbox 1859 5704 3413 5777">
     <span class='ocr_line' id='line_1_119' title="bbox 1859 5704 3413 5777; baseline 0.007 -24"><span class='ocrx_word' id='word_1_817' title='bbox 1859 5706 2000 5776; x_wconf 81' lang='lat' dir='ltr'><strong>quod</strong></span> <span class='ocrx_word' id='word_1_818' title='bbox 2033 5705 2480 5760; x_wconf 74' lang='lat' dir='ltr'><strong>circuuaambiunt</strong></span> <span class='ocrx_word' id='word_1_819' title='bbox 2507 5704 2769 5763; x_wconf 59' lang='lat' dir='ltr'><strong>distivrta</strong></span> <span class='ocrx_word' id='word_1_820' title='bbox 2807 5721 2905 5777; x_wconf 75' lang='lat' dir='ltr'><strong>per</strong></span> <span class='ocrx_word' id='word_1_821' title='bbox 2935 5706 3214 5766; x_wconf 80' lang='lat' dir='ltr'><strong>intervalla</strong></span> <span class='ocrx_word' id='word_1_822' title='bbox 3246 5715 3413 5764; x_wconf 58' lang='lat' dir='ltr'><strong>recte</strong></span> 
     </span>
    </p>
   </div>
  </div>
