3958 6324
639 297 748 368 603

1921 311 2164 373 JOANN
2174 313 2209 373 ll

2311 312 2601 376 IINNAM]
2870 309 2878 314 ’
3759 315 3841 381 ιιι

631 416 848 472 tandem
884 417 939 473 in
976 417 1239 488 Stephani
1298 419 1719 491 protomartyris
1776 419 2007 477 intulere
2059 433 2202 479 tem-

2311 425 2613 489 ἐτάττοντο,
2641 426 2846 493 ἀσινεῖς
2871 429 3192 498 διεγένοντο,
3231 430 3327 486 ἅτε
3356 431 3619 502 ὁμολογίᾳ
3644 431 3843 503 τοιαύτῃ

627 507 798 574 plum,
821 508 1002 578 ibique
1029 509 1192 563 humo
1227 509 1572 565 mandavere.

2302 519 2402 586 τὴν
2429 520 2579 572 πόλιν
2603 521 2843 586 ἐνδόντες
2884 523 3087 589 αὐτοῖς.
3129 521 3399 579 Οὗννοιόδ
3427 526 3503 595 τῷ
3533 525 3626 578 τοῦ
3661 525 3842 592 Στεφά-

625 607 719 650 νου
752 598 1126 670 ἐνυϐρίζοντες
1173 599 1354 671 νεκρῷ
1395 600 1458 654 τδ
1529 601 1630 671 μὲν
1662 601 1879 671 πρῶτον
1930 601 2056 656 οὔτε
2115 602 2269 669 ὁσίας
2309 609 2621 690 μετέδωκαν
2681 611 2810 664 οὗτε
2859 610 3005 678 τινὸς
3074 615 3233 669 ἀλλου
3278 616 3392 668 τῶν
3459 618 3552 668 ἐπὶ
3600 615 3836 668 τεθνεῶτι

627 692 716 764 [Ρ.
736 693 873 767 159]
889 695 1142 764 ’νομίμων
1183 695 1462 764 ὴξίωσαν,²
1493 698 1600 767 πρὸ
1633 697 1694 750 δὲ
1725 697 1834 750 τῶν
1857 697 1976 767 ’τῆς
2032 698 2244 776 πόλεως
2281 700 2501 754 ἔκθετον
2525 707 2882 777 ποιησάμενοι
2904 709 3122 784 πυλῶν,
3149 711 3353 778 ἇταφον
3371 711 3556 778 μένειν
3573 708 3840 762 ἐδικαίουν.

637 784 767 854 Ὀψὲ
795 784 841 837 δ’
861 784 953 837 οὖν
989 784 1094 870 ὑπὸ
1135 785 1234 854 τῆς
1291 784 1507 854 φύσεως
1540 786 1992 858 παρακληθέντες
2018 788 2075 850 ἐς
2104 788 2193 842 τὸν
2234 791 2503 862 Στεφάνου
2539 793 2633 848 τοῦ
2660 790 3128 870 πρωθμάρτύρος
3187 801 3380 868 ἄγουσι
3447 801 3606 863 νεὼν,
3634 788 3758 853 ἔνθα
3783 799 3844 868 τῷ

625 877 842 946 χώματι
863 861 1054 928 τοῦτον
1083 875 1310 930 ἔδωκαν.
1352 881 1353 884 “

696 969 784 1024 14.
843 967 1136 1036 Postquam
1196 969 1310 1024 hac
1362 971 1572 1041 accepit
1633 972 1911 1041 princeps,
1963 972 2204 1042 Augusta

626 1063 754 1116 licet
784 1062 1016 1130 graviori
1061 1063 1251 1118 morbo
1286 1063 1352 1117 iis
1392 1062 1587 1118 diebus
1630 1065 2052 1129 conﬂictaretur,
2089 1066 2204 1133 ipse

626 1151 813 1206 divino
841 1152 1101 1221 quodam,
1144 1153 1220 1207 uti
1258 1152 1486 1216 solebat,
1527 1169 1787 1209 accensus
1810 1155 2027 1220 ardore,
2058 1165 2205 1210 totus

626 1245 682 1297 iu
716 1244 912 1298 bellum
943 1245 1212 1316 incubuit.
1247 1245 1532 1301 Sardicam
1567 1261 1695 1316 ergo
1719 1260 1844 1300 cum
1870 1231 2205 1314 pervenisset

626 1331 930 1402 Illyriorum
978 1333 1341 1402 ntelropolim,
1389 1335 1572 1402 copias
1627 1334 1697 1388 ibi
1731 1335 2027 1390 contrahit.
2076 1334 2205 1392 lude

626 1416 787 1471 Junio
829 1433 1015 1472 mense
1055 1429 1251 1472 exacto
1283 1419 1444 1474 motis
1471 1419 1678 1475 castris
1716 1421 1782 1474 ad
1832 1419 2028 1475 Istrum
2071 1435 2202 1475 con-

629 1509 802 1590 tendit
831 1527 846 1564 :
876 1524 1107 1579 eumque
1135 1510 1282 1564 illum
1333 1502 1660 1582 traiecturus
1697 1522 1866 1577 esset,
1903 1513 1956 1565 id
1986 1513 2202 1581 potissi-

628 1613 778 1652 mum
829 1594 1300 1669 comminiscitur:
1355 1609 1594 1673 quoquot
1647 1613 1804 1658 erant
1855 1602 1906 1657 in
1962 1605 2200 1659 exercitu

628 1689 825 1758 potiori
871 1699 1144 1746 armatura
1191 1701 1285 1746 aut
1331 1696 1527 1748 robore
1572 1694 1881 1762 conspicui,
1911 1708 1942 1748 e
1987 1698 2202 1764 regione

628 1781 845 1836 Chrami
876 1773 1167 1855 [iungarias
1193 1782 1372 1852 oppidi
1406 1783 1720 1851 collocavit,
1753 1799 1817 1837 eo
1855 1784 1956 1838 loci
1998 1797 2209 1839 extem-

628 1871 718 1940 plo
751 1872 1198 1927 transmissurum
1229 1888 1288 1929 se
1337 1873 1536 1928 Istrum
1591 1873 1853 1928 simulans
1893 1892 1908 1926 :
1943 1890 2062 1928 cum
2105 1891 2204 1927 an—

639 1973 750 2016 tem
793 1964 996 2018 videret
1035 1963 1260 2019 adversa
1297 1965 1661 2021 consistentes
1685 1966 1800 2035 ripa
1833 1967 2205 2036 [lungarorum

630 2056 839 2123 capias,
871 2058 935 2110 ad
978 2056 1268 2126 Belegrada
1305 2067 1661 2128 progressus,
1708 2059 1796 2112 ubi
1839 2058 2038 2120 illuxit,
2083 2073 2210 2110 con-

631 2145 810 2200 testim
839 2147 962 2200 inde
984 2149 1239 2203 excessit.
1270 2147 1346 2201 ita
1379 2148 1617 2203 hostium
1649 2139 1760 2204 illic
1793 2149 1937 2205 vires
1965 2151 2192 2205 distrahi

633 2252 698 2292 ac
756 2237 936 2317 divelli
998 2239 1247 2310 contigit,
1306 2240 1431 2294 dum
1485 2242 1702 2310 utrique
1751 2242 2015 2296 obsistere
2067 2226 2204 2311 parti

632 2329 1000 2383 cormituntur.
1053 2329 1238 2400 Neque
1279 2338 1458 2386 tamen
1509 2333 1690 2386 minor
1731 2333 1797 2385 ad
1829 2333 2206 2401 trajiciendum

632 2416 1000 2473 Romanorum
1053 2421 1262 2476 animos
1294 2423 1578 2491 occupavit
1611 2437 1797 2492 pavor.
1846 2415 2000 2488 Quod
2047 2422 2209 2476 simul

638 2521 803 2581 atque
851 2513 1081 2567 advertit
1127 2517 1444 2584 imperator,
1478 2517 1595 2586 ipse
1652 2527 1776 2570 ante
1849 2518 2004 2580 alios,
2033 2515 2208 2586 qualia

633 2618 778 2674 saepe
822 2619 986 2659 ausus
1031 2615 1132 2672 est,
1180 2609 1437 2676 scapham
1498 2610 1773 2680 ingressus
1819 2610 1869 2662 in
1922 2610 2206 2662 adversam

633 2698 805 2762 ripam
847 2697 1106 2753 transiit:
1159 2707 1324 2766 atque
1372 2699 1496 2753 inde
1551 2701 1790 2768 reliquus
1839 2699 2206 2752 Romanorum

633 2791 904 2840 exercitus
957 2788 1303 2854 imperatoris
1362 2789 1610 2842 ardorem
1692 2788 1963 2841 reveritus
2043 2800 2208 2841 naves

635 2878 974 2931 conscendit.
1024 2876 1264 2945 Hungari
1319 2892 1443 2932 vero
1485 2888 1769 2948 postquam
1827 2879 2206 2946 imperatorem

637 2967 1007 3023 transmisisse
1037 2969 1311 3033 viderunt,
1342 2969 1511 3037 ruptis
1548 2970 1728 3023 statim
1757 2969 2036 3022 ordinibus
2059 2975 2206 3020 retro

2384 977 2463 1033 ιδ’.
2495 975 2714 1034 Τούτων
2763 980 3002 1046 ἀκούσας
3041 981 3318 1052 βασιλεὺς,
3369 983 3547 1036 καίτοι
3588 982 3690 1051 τῆς
3713 981 3845 1051 βασι-

2306 1067 2447 1130 λίδος
2503 1058 2643 1140 νόσῳ
2706 1071 2902 1142 βαρείᾳ
2929 1074 2991 1125 τὸ
3041 1072 3295 1143 τηνικάδε
3333 1071 3679 1140 πιεζομένης,
3704 1073 3842 1133 αὐτὸς

2305 1156 2561 1228 δαιμονίᾳ
2595 1160 2700 1211 τινὶ
2730 1159 2921 1230 ὥσπερ
2950 1159 3126 1214 είὼθει
3157 1161 3513 1230 κεκινημένος
3541 1162 3682 1229 ὁρμῇ
3729 1161 3843 1213 καθ-

2313 1244 2500 1300 ίστατο
2536 1248 2671 1316 πρὸς
2719 1249 2810 1301 τὸν
2856 1249 3110 1320 πόλεμον.
3167 1251 3255 1302 Ἔν
3283 1250 3516 1319 Σαρδικῇ
3573 1249 3748 1301 τοίνυν
3789 1251 3841 1316 τῇ

2322 1331 2601 1403 Ἰλλυριῶν
2625 1337 2915 1406 γενόμενος
2965 1340 3291 1410 μητροπόλει
3319 1339 3550 1392 ἐνταῦθα
3582 1340 3670 1391 τὸν
3696 1355 3842 1408 στρα-

2308 1421 2396 1474 τὸν
2449 1423 2722 1494 ἤθροιζεν.
2779 1428 2998 1480 Ἰουνίου
3029 1428 3084 1480 δέ
3113 1428 3390 1494 φθίνοντος
3453 1421 3661 1481 ἐκεῖθεν
3725 1428 3844 1495 ἄρας

2307 1512 2400 1564 ἐπὶ⁵
2425 1509 2516 1565 τὸν
2552 1513 2763 1585 Ἵστρον
2814 1512 2964 1586 ἦλθε.
3018 1518 3242 1570 Μέλλων
3289 1518 3344 1570 ὄέ
3375 1518 3473 1588 ήδη
3511 1515 3843 1583 περαιοῦσθαι

2310 1600 2449 1654 κατά
2491 1601 2617 1657 τάδε
2668 1605 2864 1659 ἐποίει.
2955 1606 3181 1658 Ὀπόσον
3235 1607 3302 1658 ἐν
3360 1605 3435 1676 τῷ
3494 1605 3843 1675 στρατεύματι

2308 1691 2523 1747 ὁπλίσει
2546 1711 2604 1747 τε
2629 1695 2884 1764 διαφέρον
2938 1697 3030 1748 καὶ
3087 1697 3468 1766 μαχιμώτερον
3507 1691 3597 1767 ἦν,
3637 1697 3842 1762 ἀντικρῦ

2310 1785 2539 1853 Χράμου
2566 1784 2771 1848 πόλεως
2802 1786 3027 1857 ἔστησεν
3045 1788 3328 1856 Οὑννικῆς,
3355 1788 3585 1856 δόκησιν
3611 1791 3841 1856 παρέχων

2309 1872 2384 1935 ὡς
2423 1874 2616 1926 αὐτίκα
2633 1875 2842 1927 ἐκεῖθεν
2875 1875 3332 1943 περαιωσάμενος.
3367 1875 3528 1928 Ὅθεν
3553 1877 3644 1929 καὶ
3676 1875 3845 1941 ἐπειδὴ

2308 1954 2678 2032 ἀντίπορθμον
2703 1958 2936 2015 ἐνταῦθα
2988 1961 3048 2014 τὸ
3079 1961 3332 2016 υὺννικὸν
3376 1961 3549 2026 ἑστὼς
3588 1959 3843 2027 εἶδεν,ἐπὶ

2308 2049 2617 2122 Βελέγραδα
2675 2054 2918 2122 μεταϐὰς
2965 2054 3162 2124 ὄρθρου
3200 2054 3409 2107 ἐκεῖθεν
3442 2054 3694 2109 ἀπέπλει.
3740 2053 3842 2107 Ἕν·

2307 2143 2501 2197 τεῦθέν
2528 2163 2587 2198 τε
2609 2146 2899 2217 διῃρῆσθαι
2927 2148 3205 2200 συνέϐαινε
3236 2148 3362 2210 τοὺς
3398 2147 3686 2217 πολεμίους
3731 2147 3844 2198 ἐκα·

2307 2230 2484 2297 τέροις
2541 2231 2930 2297 ἀντιτάξασθαι
2982 2233 3393 2302 διανοουμένους
3446 2227 3843 2304 μέρεσι.’ῐ]λῆν

2309 2321 2443 2374 ἀλλὰ
2471 2323 2563 2374 καὶ
2591 2323 2638 2373 oi
2656 2323 2912 2392 Ῥωμαῖοι
2942 2324 3163 2394 ὀκνήσει
3200 2324 3367 2396 πολλῇ
3400 2327 3459 2387 ἐς
3482 2325 3584 2395 τὴν
3613 2325 3844 2378 διάϐασιν

2307 2412 2535 2480 είχοντο,
2578 2412 2605 2464 ὂ
2640 2415 2800 2478 γνοὺς
2854 2414 3110 2482 βασιλεὺς
3151 2415 3311 2479 αὐτὸς
3359 2416 3466 2486 πρὸ
3507 2417 3618 2469 τῶν
3665 2410 3844 2477 ἄλλων,

2306 2503 2464 2556 ὁποῖα
2527 2503 2781 2565 πολλάκις
2837 2505 2936 2574 ήδη
2994 2504 3271 2574 τολμήσας
3333 2505 3532 2576 ἔτυχε,
3589 2502 3843 2577 λεμϐαδίῳ

2305 2593 2504 2654 ἐπιϐὰς
2549 2594 2640 2644 ἐπί
2690 2595 2788 2662 τὴν
2849 2595 3145 2665 ἀντιπέρας
3175 2595 3398 2666 ἐφέρετο
3427 2595 3612 2665 ὄχθην,
3651 2593 3770 2662 ἑξῆς
3794 2593 3842 2644 δὲ

2307 2685 2400 2734 καὶ
2428 2686 2454 2734 ὁ
2505 2684 2792 2752 Ῥωμαίων
2821 2685 3047 2756 στρατὸς
3073 2685 3168 2755 τὴν
3204 2684 3462 2754 βασιλέως
3501 2683 3670 2754 ὁρμὴν
3705 2683 3834 2735 αίόε·

2310 2758 2526 2834 σθέντες
2586 2775 2675 2824 ἐπὶ
2712 2773 2810 2836 τάς
2869 2774 2998 2837 ναῦς
3066 2773 3323 2843 ἐχώρουν.
3372 2771 3557 2828 Οὖννοι
3588 2771 3642 2828 δὲ
3672 2767 3843 2840 ἐπειδὴ

2307 2863 2536 2932 βασιλέα
2593 2866 3043 2935 περαιωσάμενον
3107 2861 3266 2930 εἶδον,
3293 2866 3444 2918 έλυόν
3472 2881 3532 2917 τε
3571 2865 3694 2934 παρ’
3721 2862 3845 2940 αὐτὰ

2306 2955 2398 3004 τὸν
2434 2957 2810 3022 συνασπισμὺν
2851 2942 2946 3009 καὶ
2973 2956 3276 3026 ἀνεχώρουν
3327 2955 3522 3010 ὀπίσω.
3572 2956 3699 3008 Ὅτε
3742 2969 3845 3004 συν-

636 3071 868 3111 cessere.
901 3056 1018 3123 Quo
1053 3067 1165 3110 tum
1199 3067 1437 3127 tempore
1467 3059 1685 3124 accidit,
1717 3067 1777 3112 ut
1808 3058 1933 3110 dum
1965 3057 2201 3125 impera-

2311 3040 2404 3110 ἐϐη
2436 3041 2513 3109 τῷ
2547 3040 2757 3108 βασιλεῖ
2804 3043 2861 3093 ἐν
2891 3044 2956 3113 τῇ
2991 3043 3126 3114 πρὸς
3166 3043 3264 3111 τὴν
3299 3042 3562 3111 πολεμίαν
3597 3039 3846 3095 ἀποϐάσει

637 3158 721 3199 tor
749 3147 812 3199 ad
844 3157 1043 3201 terram
1081 3126 1333 3203 hostilem
1363 3149 1639 3216 appellens
1666 3148 1878 3219 longius
1909 3146 2074 3216 quam
2109 3161 2203 3214 par

2311 3129 2529 3199 πλέονῆ
2593 3129 2758 3200 ἐχρῆν
2807 3132 3052 3201 ἀλομένῳ
3111 3131 3250 3202 (οὐδὲ
3298 3131 3404 3199 γὰρ
3459 3126 3847 3200 συνεχώρει,ιό

635 3246 752 3290 erat
779 3232 1052 3306 prosiliret
1083 3237 1350 3308 (obstabat
1379 3241 1574 3310 quippe
1598 3239 1778 3304 limus,
1803 3237 1961 3311 241
1979 3241 2207 3308 .quomi-

636 3345 737 3384 nus
793 3331 1013 3399 propius
1046 3331 1110 3384 ad
1163 3331 1313 3386 littus
1365 3342 1545 3401 posset
1605 3333 1756 3386 navis
1797 3331 2078 3403 applicari)
2116 3346 2207 3400 pes

637 3416 776 3470 alter
810 3419 1026 3487 gravius
1055 3416 1337 3472 oﬂ'enderit
1365 3458 1378 3483 ,
1413 3431 1572 3490 atque
1624 3421 1751 3474 inde
1795 3420 1934 3474 male
1968 3420 2206 3473 haberet.

638 3507 824 3576 Neque
859 3519 1034 3562 tamen
1063 3510 1182 3561 ideo
1211 3526 1237 3560 ιι
1267 3511 1428 3573 priori
1466 3512 1671 3564 remisit
1697 3510 1928 3564 ardore:
1963 3513 2054 3564 sed
2081 3510 2204 3562 dum

639 3599 878 3652 ﬂurniuis
901 3615 1118 3654 cursum
1149 3601 1416 3656 divertere
1444 3613 1694 3666 conatur,
1727 3611 1944 3668 totoque
1971 3599 2058 3654 die
2086 3599 2211 3653 huic

639 3691 788 3758 operi
847 3691 1090 3753 interest,
1135 3700 1439 3744 tumescere
1490 3706 1616 3759 pars
1663 3691 1786 3745 laesa
1825 3676 1975 3758 pedis
2025 3689 2207 3757 coepit.

642 3781 864 3836 Plurimi
923 3796 1050 3835 vero
1095 3796 1156 3834 ex
1203 3780 1457 3836 Barbaris
1498 3782 1586 3850 qui
1625 3781 1893 3852 Zeugmen
1930 3782 2212 3834 tuebantur

639 3881 797 3927 extra
842 3873 1040 3925 Inmnia
1094 3881 1477 3941 procurrentes
1518 3887 1790 3940 opponere
1848 3886 1908 3926 se
1954 3869 2213 3925 Romanis

641 3973 858 4031 parant.
894 3961 1087 4016 Verum
1139 3963 1299 4015 simul
1351 3969 1512 4032 atque
1566 3963 1944 4031 imperatorem
2000 3963 2208 4026 vident,

645 4052 769 4104 dum
820 4064 939 4104 sese
996 4050 1224 4104 invicem
1290 4059 1614 4117 praevertere
1679 4052 1948 4114 nituntur,
2007 4049 2209 4118 ingenti

645 4142 876 4195 tumultu
909 4151 962 4196 et
995 4143 1350 4211 trepidatione
1402 4142 1452 4195 in
1503 4143 1689 4196 urbem
1734 4142 1966 4204 irruunt,
2005 4155 2103 4194 nec
2149 4157 2209 4194 ea

649 4233 881 4300 amplius
923 4233 1122 4286 audent
1147 4232 1352 4302 egredi.
1383 4232 1608 4287 Romani
1643 4242 1764 4302 post
1790 4231 1926 4295 haec,
1967 4230 2214 4284 omnibus

648 4337 770 4389 quae
804 4323 866 4376 ad
893 4322 1348 4397 oppugnationem
1382 4323 1688 4378 necessaria
1723 4331 1879 4375 erant
1913 4319 2210 4390 apparatis,

2304 3223 2605 3288 τεναγῶδες
2638 3226 2703 3292 τῇ
2735 3222 2913 3293 χέρσῳ
2967 3224 3227 3275 διοκεῖλαι
3285 3221 3385 3292 τὴν
3425 3219 3576 3290 ναῦν)
3635 3219 3847 3288 θάτερον

2307 3309 2743 3377 παρασφήλαντα
2773 3312 2884 3374 τοῖν
2940 3310 3120 3361 ποδοῖν
3153 3311 3402 3378 πονήρως
3433 3305 3585 3377 αὑτῷ
3609 3304 3846 3373 διατεθῆ-

2303 3389 2413 3452 ’ναι.
2445 3400 2503 3452 Ὀ
2534 3401 2586 3451 δὲ
2617 3401 2730 3452 οὐδὲ
2763 3400 2837 3471 ὣς
2860 3402 2953 3469 τῆς
2982 3401 3120 3467 ἀγαν
3143 3400 3297 3471 ήθελε
3316 3400 3503 3467 λήγειν
3533 3395 3847 3466 προθυμίας,

2309 3490 2444 3543 ἀλλά
2470 3507 2590 3542 τινα
2615 3490 2707 3542 τοῦ
2751 3466 2994 3559 πόταμοῦ
3018 3466 3123 3559 γὰρ
3151 3466 3239 3544 οὖν
3293 3466 3643 3558 ἐπειγόμενος
3674 3486 3851 3554 ἐκτρο-

2309 3577 2438 3646 πὴν,
2463 3579 2517 3629 ἐν
2549 3577 2721 3646 τούτῳ
2748 3595 2807 3628 τε
2857 3577 3221 3647 διημερεύσας
3252 3577 3330 3648 τῷ
3369 3577 3518 3646 πόνῳ
3557 3577 3635 3638 είς
3691 3573 3847 3641 ὄγκον

2310 3669 2480 3739 ἐπῆρε
2512 3672 2570 3721 τὸ
2626 3670 2929 3739 πεπονηκὸς
2972 3669 3245 3738 αὺτῷτοῦ
3295 3669 3453 3731 ποδὸς
3515 3668 3704 3738 μέρος.
3739 3665 3850 3718 Τῶν

2309 3760 2363 3812 δὲ
2392 3763 2488 3829 τήν
2540 3759 2795 3830 Ζεύγμην
2860 3761 3235 3831 φρουρούντων
3267 3760 3564 3830 Βαρϐάρων
3587 3759 3661 3821 ὡς
3709 3755 3851 3808 πλεῖς

2313 3871 2426 3906 στοι
2454 3855 2675 3923 τειχέων
2699 3854 3060 3924 ἐκδραμόντες
3083 3855 3157 3916 ὼς
3187 3850 3594 3922 ἀντιταξάμενοι
3627 3851 3852 3917 ἔστησαν

2322 3945 2461 3997 Ἀλλ’
2528 3947 2644 4016 ἅμα
2677 3961 2734 3998 τε
2759 3944 2981 4013 βασιλέα
3013 3940 3151 3998 εἶδον
3183 3946 3273 3996 καὶ
3297 3943 3451 4007 ἀλλος
3507 3943 3666 3996 ἄλλον
3730 3956 3852 4008 προ-
3889 4011 3894 4016 π

2314 4038 2536 4106 φθάνειν
2582 4038 2923 4106 ἐπειγόμενοι
2973 4035 3247 4104 ταραγμῷ
3294 4036 3389 4088 καὶ
3422 4034 3637 4105 θορύϐῳ
3671 4035 3729 4098 ἐς
3765 4031 3852 4100 τὴν

2314 4129 2467 4180 πόλιν
2489 4128 2801 4180 είσέπιπτον
2843 4128 3116 4192 ἐπεξιέναι
3140 4145 3197 4179 τε
3232 4127 3412 4179 οὐκέτι
3463 4125 3722 4193 ἐτόλμων.
3753 4123 3853 4176 Καὶ

2313 4221 2493 4272 λοιπὸν
2531 4220 2884 4288 Ῥωμαῖοιτά
2928 4220 3062 4288 πρὸς
3123 4217 3475 4288 τειχομαχίαν
3520 4215 3851 4286 ἐξηρτύοντο.

2314 4312 2482 4382 Τρίτῃ
2517 4314 2570 4365 δὲ
2599 4313 2715 4380 μετ’
2749 4312 2965 4380 ἐκείνην
2991 4312 3170 4381 ἡμέρᾳ
3196 4311 3286 4363 καὶ
3319 4309 3481 4380 ἔργου
3514 4309 3742 4378 εἴχοντο.
3799 4306 3855 4358 Oi

651 4412 813 4466 tertio
855 4423 974 4480 post
999 4412 1087 4466 die
1126 4427 1234 4465 rem
1266 4413 1673 4479 aggrediuntur.
1715 4409 1939 4464 Barbari
1981 4419 2156 4462 autem
2189 4422 2209 4460 ε

2319 4403 2372 4456 δὲ
2398 4402 2670 4470 Βάρϐαροι
2700 4403 2762 4454 ἐκ
2785 4401 2893 4452 τῶν
2939 4401 3217 4463 ἐπάλξεων
3274 4399 3604 4468 ἀμυνόμενοι
3634 4411 3857 4465 κεκραγ-

648 4485 885 4553 ιῖιττίὺυε
917 4508 1337 4567 propugnantes,
1381 4500 1816 4566 clamoribusque
1844 4505 1896 4550 et
1942 4497 2210 4549 vocilera-

649 4591 887 4644 tionibus
918 4592 1203 4658 implentes
1243 4605 1422 4643 aerem
1450 4634 1462 4654 ,
1502 4591 1603 4644 tela
1648 4590 1908 4644 continuo
1941 4589 2216 4656 iaciebant

653 4684 877 4752 telisque
905 4682 1142 4735 vicissim
1196 4682 1615 4750 impetehantur.
1655 4685 1827 4748 Atque
1863 4680 1912 4733 in
1941 4696 2005 4734 eo
2040 4687 2217 4732 certa-

651 4775 814 4828 minis
843 4788 1038 4840 genere
1081 4773 1194 4826 dies
1233 4773 1334 4826 iste
1376 4783 1429 4826 et
1462 4786 1693 4841 sequens
1726 4783 2074 4837 consumptus
2111 4781 2213 4824 est.

655 4863 910 4916 Romanis
938 4864 1157 4932 perinde
1199 4878 1262 4917 ac
1311 4863 1582 4929 [qugaris
1615 4863 1742 4915 nihil
1789 4862 2215 4929 proﬁcientibus.

653 4956 789 5009 Tum
816 4964 868 5010 et
910 4955 1010 5007 alia
1058 4955 1315 5008 demirari
1357 4955 1501 5009 Subit
1547 4957 1597 5008 in
1645 4970 1706 5008 ea
1740 4953 2018 5008 obsidione
2054 4953 2216 5018 facta,

653 5048 952 5115 prmsertim
988 5061 1114 5099 vero
1147 5046 1487 5115 imperatoris
1534 5046 1809 5098 audacium
1840 5062 1852 5096 :
1895 5059 2080 5112 quam,
2117 5045 2216 5098 nisi

659 5146 782 5191 tunc
834 5115 1093 5202 temporis
1139 5133 1428 5188 adfuissem
1470 5149 1726 5203 pricseus,
1761 5143 1814 5186 et
1863 5148 2047 5187 eorum
2095 5147 2215 5201 quae.

659 5227 746 5280 hic
777 5237 923 5296 gesta
960 5237 1084 5279 sunt
1122 5227 1274 5280 testis
1306 5228 1421 5294 ipse
1452 5229 1806 5291 Exstitissem,
1838 5225 1956 5279 aliis
1989 5241 2220 5279 narran-

662 5320 802 5369 tibus
835 5319 918 5368 vix
945 5332 1008 5369 ac
1033 5335 1096 5371 ne
1132 5319 1215 5370 vix
1241 5318 1452 5384 quidem
1491 5318 1786 5370 crederem.
1817 5316 2044 5370 Romani
2077 5318 2217 5369 enim

661 5409 834 5473 lignea
893 5419 1165 5463 exstructa
1220 5409 1353 5462 turri
1403 5410 1784 5463 transcendere
1842 5409 1891 5460 in
1928 5408 2114 5461 urbem
2154 5417 2221 5460 .et

665 5503 965 5554 comminus
997 5516 1116 5553 cum
1153 5501 1398 5554 Barbaris
1442 5504 1633 5555 mmuia
1672 5501 2076 5554 defensantibus
2112 5513 2222 5549 m9.-

667 5606 767 5645 nus
815 5606 1094 5645 conscrch
1145 5601 1466 5644 statuerunt.
1498 5591 1611 5657 Ipse
1659 5602 1835 5644 autem
1873 5592 2072 5656 primus
2100 5604 2216 5642 0m-

674 5681 819 5734 uium
852 5697 949 5735 con
985 5684 1212 5735 cendere
1246 5681 1414 5735 voluit
1446 5699 1455 5733 :
1491 5702 1506 5733 ι
1544 5682 1684 5737 Istud
1711 5697 1817 5750 pter~
1868 5680 2096 5742 caeteris,
2129 5678 2214 5730 inv

2318 4494 2433 4564 μῶν
2500 4511 2658 4545 τινων
2691 4494 2787 4545 καὶ
2851 4492 3080 4562 ἀσήμων
3113 4490 3395 4559 ἀλαλαγῶν
3430 4490 3518 4544 τον
3544 4489 3682 4559 ἀέρα
3705 4487 3858 4553 ἐπλήο

2317 4603 2441 4656 ρουν
2478 4585 2702 4638 ἔϐαλλόν
2727 4600 2785 4635 τε
2815 4583 3062 4653 διηνεκὲς
3115 4585 3209 4637 καὶ
3251 4583 3554 4636 ἐϐάλλοντο.
3598 4581 3741 4635 Ἀλλ’
3775 4577 3857 4631 ἐπὶ

2313 4677 2572 4738 τοιούτοις
2607 4677 2704 4746 μὲν
2733 4677 2986 4745 ἠαύτίκα
3012 4678 3105 4730 καὶ⁵
3129 4678 3160 4745 ή
3193 4675 3307 4746 μετ’
3359 4675 3574 4744 ἐκείνην
3603 4674 3853 4743 ὴνάλωτο,

2319 4772 2412 4822 καὶ
2463 4769 2612 4822 οὐδὲν
2682 4768 2804 4821 οὗτε
2868 4769 3160 4836 Ῥωμαίοις
3214 4767 3333 4820 οὔτε
3360 4765 3602 4839 [P.HO]
3649 4765 3855 4821 Οὖννοις

2321 4856 2650 4926 προύχώρει.
2713 4854 2853 4922 Ἐγὼ
2882 4855 2939 4908 δὲ
2966 4855 3058 4907 καὶ
3106 4855 3240 4908 ἄλλα
3270 4853 3369 4922 μὲν
3403 4853 3509 4906 τῶν
3533 4854 3612 4914 είς
3654 4851 3855 4915 ἐκείνην

2317 4946 2716 5016 τετελεσμένων
2749 4944 3046 5013 θαυμάζειν
3070 4945 3176 5014 ἔχω
3238 4945 3334 5014 τὴν
3382 4944 3720 5014 πολιορκίαν,
3767 4942 3856 5009 τήν

2319 5056 2378 5106 γε
2420 5039 2523 5108 μὴν
2549 5037 2643 5090 τοῦ
2673 5037 2931 5106 βασιλέως
2951 5036 3173 5105 τόλμαν,
3215 5037 3262 5086 εί
3284 5035 3355 5106 μή
3392 5035 3584 5105 παρὼν
3633 5033 3856 5099 ἐτύγχα-

2319 5144 2408 5180 νον
2441 5128 2564 5196 τῇδε
2579 5126 2688 5179 τῶν
2703 5126 3087 5197 πραττομένων
3107 5124 3376 5192 αὐτόπτης
3390 5125 3690 5192 γινόμενος,
3709 5119 3857 5190 σχολίι

2319 5219 2382 5270 ἂν
2410 5219 2810 5286 ἀφηγουμένοις
2861 5217 3174 5269 ἐπίστευσα.
3239 5213 3494 5282 Ῥωμαῖοι
3529 5213 3636 5281 γὰρ
3664 5212 3857 5276 ξύλινον

2319 5310 2709 5378 τεκτηνάμενοι
2740 5308 2949 5377 πύργον
2973 5308 3281 5360 ἀναϐαίνειν
3310 5309 3400 5358 ἐπὶ
3427 5306 3523 5375 τὴν
3569 5305 3726 5356 πόλιν
3758 5300 3856 5354 ὄιε-

2319 5400 2556 5460 νοοῦντο,
2614 5399 2687 5460 ὡς
2740 5398 2848 5450 ἀπὸ
2900 5398 3078 5466 χειρὸς
3123 5400 3237 5459 τοῖς
3280 5397 3370 5449 ἐπὶ
3421 5395 3530 5448 τῶν
3586 5395 3857 5462 ἐπάλξεων

2320 5490 2902 5559 ἀντικαταστησόμενοι
2969 5489 3289 5558 Βαρϐἀροις.
3329 5488 3386 5540 Ὀ
3409 5487 3463 5540 δὲ
3521 5488 3740 5556 πρῶτος
3760 5485 3859 5538 τῶν

2323 5583 2495 5636 ἄλλων
2550 5581 2859 5633 ἀναϐαίνειν
2912 5580 3064 5649 ἠξίου
3122 5580 3374 5644 «Ταύτην
3421 5577 3476 5631 δέ
3523 5595 3635 5646 μοι,
3674 5578 3860 5645 λέγων,

2323 5675 2510 5743 ἄνδρες
2565 5673 2842 5742 Ῥωμαῖοι,
2904 5672 3069 5741 μείζω
3093 5670 3194 5724 τῶν
3244 5670 3416 5724 ἄλλων
3461 5669 3741 5739 χαριεῖσθε
3773 5669 3862 5735 τὴν
