3958 6324
603 225 704 287 θίΠ

1884 235 2203 296 JO.\NNlS
2239 235 2562 311 CINNAMI

3588 244 3595 250 ’
3695 237 3798 299 (-08

600 345 911 399 damnavit:
949 366 967 396 ι
997 345 1183 419 Νοὺίε
1217 350 1367 404 enim.
1386 326 1589 415 aiebat,
1618 351 1949 405 obsidionem
1986 352 2151 404 omit-

2265 348 2384 418 γάρ,
2435 351 2610 419 ἔλεγε,
2662 354 2758 421 τῆς
2802 352 3115 423 πολιορκίας
3193 351 3579 422 ἀποσχομένων
3648 353 3799 421 ἡμῶν

602 434 859 499 tentibus,
895 437 1158 507 integrum
1190 440 1293 493 erit
1318 438 1604 508 Ilungaris,
1630 442 1723 510 qui
1756 442 2003 510 praesidio
2036 444 2151 496 urbi

601 535 749 588 sunt,
780 526 1014 596 majores
1058 529 1237 596 copias
1267 544 1457 597 cogere
1489 538 1544 585 et
1582 531 1904 585 commeatui
1950 532 2155 599 largius

602 617 901 682 providere.
931 616 1152 672 Censuit
1196 620 1359 687 igitur
1390 622 1502 688 ipse
1532 629 1587 673 ut
1630 620 1858 676 imbellis
1889 622 2155 677 exercitus

602 721 726 771 pars
758 708 982 776 linoque
1026 724 1089 763 ac
1128 710 1343 764 calones
1392 720 1767 777 armarentur,
1798 723 1852 767 et
1898 715 1966 768 ibi
2009 713 2153 766 circa

604 796 789 863 urbem
817 799 917 851 sub
947 799 1153 868 aliquot
1190 800 1418 855 ducibus
1455 801 1593 855 haud
1640 803 1922 855 admodum
1966 803 2156 872 nobili-

602 886 700 937 bus
731 898 1043 953 manereut;
1075 888 1309 956 reliquus
1358 901 1531 946 autem
1577 892 1846 946 exercitus
1889 907 2070 946 secum
2102 895 2152 946 in

603 974 839 1041 reliquos
870 975 1145 1045 llungaros
1175 992 1503 1047 pugnaturus
1536 981 1727 1034 exiret.
1764 981 1886 1036 llaec
1915 984 2006 1037 ubi
2037 999 2157 1039 sen-

605 1064 775 1117 tentia
807 1064 976 1126 stetit,
1009 1065 1075 1117 ad
1108 1065 1211 1118 iter
1241 1081 1297 1118 se
1342 1067 1392 1118 in
1422 1067 1719 1133 proximum
1764 1069 1902 1123 diem
1949 1087 2155 1140 pra-pa-

574 1134 743 1214 rant.
779 1153 922 1231 Cum'
952 1168 1080 1209 vero
1113 1154 1242 1207 nihil
1284 1158 1416 1210 certi
1469 1158 1598 1225 ipsis
1640 1168 1785 1212 esset
1831 1160 2152 1223 nuntiatum,

604 1244 831 1310 sumptis
864 1242 1033 1312 prima
1072 1243 1187 1297 luce
1224 1247 1390 1298 armis
1422 1247 1635 1300 tertium
1668 1249 1718 1300 in
1748 1250 1934 1302 urbem
1989 1252 2153 1319 impe-

603 1343 713 1383 tum
766 1332 988 1386 faciunt.
1025 1334 1202 1403 Pugna
1240 1336 1417 1403 itaque
1466 1351 1677 1390 rursum
1725 1341 2053 1403 conseritur,
2094 1357 2157 1395 ae

604 1422 836 1488 llungari
868 1425 1105 1490 quidem,
1137 1426 1225 1497 qui
1260 1428 1454 1480 mcenia
1488 1426 1855 1493 defensabant,
1892 1432 2156 1499 lapidibus

604 1514 1241 1582 sagittisque’rebusque
1320 1515 1440 1568 aliis
1519 1517 1926 1588 quibuseunque
1988 1520 2167 1602 obviis

602 1606 891 1658 subeuntes
929 1607 1183 1661 arcebant
1222 1606 1512 1662 Rotuanos.
1558 1607 1619 1661 lli
1652 1625 1778 1663 vero
1813 1612 1968 1681 longe
1996 1628 2154 1680 quam

605 1705 756 1746 antea
788 1697 1154 1749 vehementius
1182 1697 1525 1759 fundamenta
1554 1700 1929 1769 sull‘odiebant,
1958 1706 2159 1758 machi-

607 1785 796 1851 nisque
869 1787 1117 1852 petrariis
1177 1787 1408 1843 admotis
1472 1806 1748 1845 murorum
1801 1792 2000 1848 loricas
2054 1795 2159 1849 dir-

607 1872 929 1940 fringcbant.
963 1876 1173 1928 Crebra:
1216 1882 1486 1946 utrimque
1538 1882 1941 1939 adhortatimtes
1982 1894 2033 1938 et
2079 1887 2161 1940 in-

605 1964 917 2029 citamenta,
970 1982 1237 2034 vocesque
1290 1979 1342 2023 et
1392 1970 1642 2030 ululatus.
1681 1973 2039 2044 dissonusque
2091 1958 2159 2030 ae

606 2058 840 2110 inceztus
874 2058 1076 2112 clamor
1115 2060 1562 2129 exaudiebantur.
1596 2059 1768 2116 Simul
1798 2075 1958 2135 atque
2002 2067 2162 2135 igitur

608 2149 893 2223 llungaria
925 2152 1184 2207 Romanis
1234 2152 1577 2209 fundamenta
1630 2160 1881 2215 viderunt
1925 2178 2163 2217 commo-

603 2239 736 2302 veri,
769 2240 819 2292 id
852 2242 1031 2295 statim
1064 2242 1372 2296 moliuntur.
1412 2245 1611 2299 Saxum
1642 2257 1761 2300 erat
1793 2249 1930 2304 intra
1960 2254 2157 2306 muenia

606 2329 838 2394 ingentis
856 2328 1241 2398 magnitudinis
1267 2348 1280 2383 :
1316 2332 1367 2384 id
1394 2334 1635 2387 trabibus
1663 2340 1958 2406 suppositis
1979 2340 2169 2409 alliga-

606 2420 782 2487 lisque
814 2419 1027 2473 funibus
1064 2422 1114 2475 in
1151 2415 1383 2491 ligneum
1415 2426 1650 2481 educunt
1687 2433 2161 2499 propugnaculum,

605 2512 747 2576 quod
770 2510 865 2578 ipsi
889 2510 1304 2577 fabricaveram,
1335 2516 1659 2586 murisjipsis
1686 2520 1843 2589 longe
1875 2520 2161 2588 excelsius,

607 2609 666 2653 ut
720 2601 841 2655 inde
889 2600 943 2655 in
997 2604 1269 2659 Romanos
1339 2605 1465 2661 illud
1520 2610 1883 2665 devolverent.
1944 2612 2165 2670 Sublato

532 2732 533 2735 η
607 2690 768 2757 igitur
805 2690 855 2743 in
889 2692 1077 2746 turrim
1110 2694 1285 2762 lapide
1308 2733 1323 2758 ,
1364 2711 1483 2749 eum
1526 2708 1731 2751 tantum
1767 2702 1971 2767 pondus
1998 2706 2163 2755 susti-

607 2796 733 2832 nere
776 2780 863 2834 illa
914 2799 1017 2852 non
1066 2795 1246 2851 posset
1291 2786 1427 2854 (erat
1466 2787 1612 2843 enim
1666 2791 1939 2844 immensae
1988 2794 2166 2862 molis)

606 2882 825 2938 repente
871 2887 992 2925 cmn
1030 2874 1158 2942 ipsis
1192 2873 1478 2944 "nugaris,
1526 2894 1752 2947 quorum
2009 2900 2166 2939 nemo

2254 434 2489 503 δύναμίν
2526 454 2585 488 τε
2613 437 2809 507 πολλήν
2837 438 2937 506 τῆς
2966 439 3061 491 νῦν
3092 439 3256 508 μείζω
3291 439 3382 491 καὶ
3421 438 3488 490 τὰ
3524 436 3803 507 ἐπιτήδεια

2254 525 2495 595 διαρκῶς
2519 528 2916 597 ἐσκομίσασθαι
2950 529 3202 591 θῠννους,
3256 530 3304 580 οἳ
3353 528 3497 597 ἀμφὶ
3541 530 3606 596 τῇ
3653 528 3802 580 πόλει

2260 617 2507 685 φρουράν
2569 617 2871 671 ποιοῦνται.
2931 638 2947 670 ι
3024 620 3226 671 Ἐδόκει
3288 619 3343 671 δὲ
3404 619 3553 687 αὐτῷ
3602 612 3663 670 τὸ
3710 619 3803 685 μὲν

2256 702 2605 772 ἀχρειότερον
2628 704 2721 756 τοῦ
2756 704 2985 774 στρατοῦ
3016 720 3106 757 και
3130 706 3255 757 ὅσον
3278 704 3547 755 οἰκετικὸν
3577 701 3644 773 ἦν
3666 705 3803 756 ὅπλα

2256 793 2609 864 περιθέμενον
2634 795 2798 849 αὑτοῦ
2831 795 2959 865 πρὸς
2984 798 3048 865 τῇ
3082 795 3235 846 πόλει
3262 798 3439 862 μεῖναι
3471 795 3578 846 ὑπὸ
3603 811 3797 863 στρατ-

2255 886 2407 950 ηγοῖς
2436 903 2544 939 τισι
2582 886 2692 939 τῖ’-ν
2737 886 2798 939 οὐ
2826 886 2946 940 λίαν
2977 888 3283 955 ἐπισήμων,
3315 887 3374 939 τὸ
3411 888 3455 939 δ’
3495 887 3624 939 ἄλλο
3664 889 3806 938 Ξπαν

2255 973 2373 1043 ἃμα
2406 976 2553 1041 αὺτῷ
2581 978 2672 1030 ἐπὶ
2708 977 2941 1039 Οὕννους
2972 976 3099 1038 τοὺς
3147 974 3340 1038 ἄλλους
3386 976 3521 1043 ἰέναι
3566 974 3804 1042 μαχησόο

2260 1085 2443 1135 μενον.
2482 1069 2572 1131 Ὠς
2595 1065 2688 1121 οὖν
2718 1060 3154 1137 ἐκράτειταῦτα,
3199 1066 3675 1137 παρεσκευάζοντο
3713 1066 3807 1133 μέν

2257 1160 2356 1226 τῆς
2388 1159 2648 1227 ἐπιούσης
2682 1159 2891 1211 ἐκεῖθεν
2941 1158 3364 1225 ἀναστησόμενοι
3385 1198 3399 1218 ,
3432 1158 3552 1209 ἐπεὶ
3570 1157 3625 1208 δέ
3661 1156 3809 1208 οὐδὲν

2256 1249 2467 1301 οὐδέπω
2526 1248 2697 1317 σαφὲς
2754 1251 2939 1311 αὐτοῖς
2998 1248 3321 1317 ἀπηγγέλη,
3387 1247 3809 1314 ἐξοπλισάμενοι

2258 1340 2433 1392 ἕωθεν
2492 1341 2587 1392 καὶ
2633 1341 2822 1411 τρίτην
2857 1342 2957 1408 ἠδη
2993 1344 3188 1409 πεῖραν
3223 1339 3503 1408 προσῆγον
3529 1341 3596 1408 τῇ
3636 1338 3806 1391 πόλει.

2256 1431 2416 1499 Μάχη
2452 1412 2628 1482 τοίνυν
2656 1427 2809 1492 αὖθις
2842 1430 3150 1484 συνίσταται
3162 1448 3212 1513 λ’
3249 1432 3343 1481 καὶ
3380 1427 3571 1493 υῦννοι
3617 1431 3715 1497 μὲν
3763 1430 3809 1481 oi

2257 1525 2349 1576 ἐπὶ
2380 1523 2487 1575 τῶν
2520 1514 2797 1587 ἐπάλξεων
2828 1524 2996 1587 λίθοις
3028 1525 3121 1577 καὶ
3167 1523 3344 1593 βέλεσι
3382 1528 3475 1577 καὶ
3519 1524 3686 1576 παντὶ
3736 1524 3810 1591 τῷ

2262 1613 2631 1679 παρατυχόντι
2662 1615 2753 1663 τὸν
2795 1611 3084 1681 Ῥωμαίων
3113 1611 3382 1680 ἠμύνοντο
3406 1613 3655 1680 στρατὸν,
3684 1613 3732 1664 οἱ
3756 1611 3810 1663 δι

2262 1697 2519 1767 μᾶλλονῆ
2558 1699 2819 1768 πρότερον
2851 1698 3172 1767 ὑπώρυσσον
3211 1716 3270 1750 τε
3313 1700 3378 1752 τά
3409 1700 3810 1769 κρηπιδώματα

2263 1788 2361 1840 καὶ
2392 1788 2507 1848 τοῖς
2540 1788 2890 1857 πετροϐόλοις
2928 1788 3024 1850 τὰς
3070 1788 3178 1840 τῶν
3210 1787 3375 1841 λίθων
3425 1788 3810 1856 διεσπάραττον

2260 1878 2513 1946 ἐμϐολὰς,
2549 1878 2989 1947 παρακελευσμοί
3037 1896 3089 1932 τι
3129 1879 3313 1947 συχνοὶ
3344 1880 3437 1932 καὶ
3467 1879 3810 1946 παραινέσεις

2260 1970 2537 2039 ἑκατέρων
2597 1968 2877 2036 ἠκούοντο,
2935 1970 3029 2022 καὶ
3072 1969 3168 2039 βοή
3210 1970 3304 2021 καὶ
3352 1962 3665 2036 ἀλαλαγμὸς
3727 1964 3808 2035 ἦν,

2261 2060 2353 2110 καὶ
2380 2057 2543 2127 θροῦς
2572 2057 2828 2127 ἠγείρετο
2856 2058 3088 2127 ἄσημος.
3116 2054 3307 2113 Οὖννοι
3337 2058 3516 2130 τοίνυν
3564 2059 3692 2119 τοὺς
3725 2058 3812 2109 ἐπὶ

2262 2150 2370 2201 τῶν
2412 2148 2678 2217 θεμελίων
2713 2147 3179 2217 ὑπομοχλεύοντας
3211 2146 3474 2214 θεώμενοι
3527 2147 3811 2216 Ῥωμαίων

2262 2240 2442 2293 τοιάδε
2482 2240 2719 2292 ἐποίουν.
2752 2239 2915 2301 Λίθος
2947 2240 3087 2308 μέγα
3116 2256 3173 2291 τε
3196 2224 3385 2309 χρῆμα
3414 2239 3563 2302 ἐντὸς
3593 2239 3811 2307 τειχέων

2263 2331 2511 2400 κείμενος
2538 2324 2605 2399 ἦν
2632 2347 2646 2362 ·
2672 2329 2869 2383 τοῦτον
2894 2330 2997 2383 ὑπὸ
3028 2329 3336 2399 ξυλώμασιν
3361 2330 3639 2399 ἐνθέμενοι
3672 2330 3810 2405 σχοί-

2274 2437 2397 2483 νους
2427 2437 2485 2474 τε
2518 2421 2823 2491 ἀνάψαντες
2860 2420 3010 2488 σφῶν
3058 2420 3149 2473 ἐπὶ
3192 2420 3254 2473 τὸ
3309 2419 3521 2484 ξύλινον
3570 2419 3809 2474 ἀνεῖλκον

2264 2508 2597 2579 προπύργιον
2614 2511 2747 2577 ὅπερ
2776 2510 2957 2570 αὐτοῖς
2983 2505 3380 2561 κατεσκεύαστο
3403 2509 3630 2576 τειχέων
3654 2507 3816 2579 ὑπερ-

2267 2597 2576 2665 ιστάμενον,
2648 2597 2721 2659 ὡς
2762 2597 2973 2651 ἐκεῖθεν
3000 2598 3091 2650 ἐπὶ
3145 2595 3461 2666 Ῥωμαίους
3491 2597 3810 2667 ἀφήσουσιν.

2278 2687 2418 2740 Ἀλλ’
2468 2689 2592 2756 ἄρτι
2623 2689 2651 2740 ό
2704 2687 2851 2749 λίθος
2897 2686 3092 2755 ὡμίλει
3140 2684 3220 2754 τῷ
3256 2686 3491 2755 πυργίον
3519 2686 3579 2739 τὸ
3628 2685 3685 2739 δὲ
3722 2686 3814 2738 οἰκ

2266 2777 2493 2846 ἐνεγκὸν
2523 2780 2621 2849 τήν
2653 2779 2822 2849 όλκήν
2852 2779 3049 2847 (μέγας
3089 2778 3198 2851 γὰρ
3243 2779 3537 2849 ὑπερφυῶς
3570 2772 3661 2848 ἦν)
3693 2776 3812 2841 ἐξα-

2268 2871 2500 2933 πιναίως
2552 2872 2721 2941 ῥαγέν
2769 2872 2851 2932 είς
2896 2871 2997 2939 γῆν
3048 2853 3245 2940 ἠνέχθη
3302 2872 3398 2924 σὺν
3444 2870 3553 2923 τῶν
3605 2860 3813 2922 Οὗννων

605 2962 894 3017 discrimen
943 2967 1135 3030 evasit,
1179 2967 1393 3033 delapsa
1424 2970 1474 3021 in
1525 2980 1723 3023 terram
1771 2974 1996 3031 corruit.
2037 2975 2162 3028 lnvle

2267 2962 2506 3025 πολλοῖς,
2574 2966 2669 3015 καὶ
2733 2962 2912 3014 αὐτῶν
2971 2963 3148 3024 οὐδεὶς
3194 2962 3285 3015 τὸν
3344 2961 3587 3013 κίνδυνον
3631 2960 3812 3030 ἔφυγε.

603 3052 799 3103 iterum
850 3052 1048 3105 clamor
1083 3056 1209 3107 oriri
1255 3061 1437 3123 coepit,
1476 3068 1529 3110 et
1570 3074 1743 3129 pugna
1792 3062 1957 3115 multo
1986 3066 2163 3118 acrior

606 3141 765 3195 facta.
802 3140 936 3195 Tum
968 3145 1128 3198 etiam
1166 3146 1541 3213 imperatorem
1584 3150 1756 3219 aiunt,
1784 3167 1907 3205 cuin
1962 3152 2164 3207 Itoma-

607 3249 731 3286 num
769 3237 1053 3301 quemdam
1083 3247 1230 3291 certo
1264 3241 1367 3291 ictu
1401 3241 1468 3293 ab
1497 3240 1736 3296 hostibus
1762 3248 2164 3316 percutiendum

605 3332 661 3378 et
690 3325 830 3377 baud
862 3327 1019 3381 dubie
1041 3328 1330 3394 periturum
1362 3331 1600 3395 vidisset
1622 3336 1922 3390 accurrisse
1956 3346 2008 3391 et
2035 3352 2162 3407 pro-

607 3422 761 3468 tenso
790 3414 974 3485 elypeo
1006 3432 1033 3469 a
1068 3417 1291 3474 vibratis
1315 3420 1433 3475 telis
1461 3421 1731 3478 hominem
1760 3440 2028 3483 servasse.

675 3502 764 3557 16.
796 3504 1032 3575 llungari
1071 3522 1195 3571 vero
1228 3494 1286 3562 ut
1322 3513 1584 3579 angustiis
1631 3529 1690 3568 se
1725 3516 1963 3584 undique
1990 3506 2163 3587 premi

605 3594 971 3668 adverterunt,
1015 3598 1195 3652 missis
1230 3598 1418 3667 legatis
1448 3600 1745 3669 principem
1796 3616 2074 3672 rogavero,
2108 3616 2162 3660 ut

604 3686 861 3740 dedentes
905 3687 1178 3741 civitatem
1225 3690 1355 3742 salvi
1399 3698 1453 3743 et
1484 3691 1779 3746 incolumes
1824 3706 2043 3763 possent
2068 3700 2181 3750 εις-⁷

606 3776 819 3831 cedere.
852 3779 919 3829 At
963 3778 1050 3830 ille
1082 3795 1185 3831 non
1221 3796 1279 3833 se
1315 3782 1462 3848 prius
1500 3783 1550 3835 id
1582 3784 1841 3835 lacturum
1872 3788 2164 3853 respondit,

605 3880 765 3932 quam
795 3865 1089 3933 Gregorius
1114 3879 1163 3921 et
1183 3871 1272 3937 qui
1301 3886 1421 3923 rum
1455 3854 1517 3925 iis
1547 3884 1699 3926 erant
1722 3877 1913 3943 zupaui
1948 3880 2167 3933 astricto

608 3955 822 4009 futilibus
854 3957 1012 4023 collo,
1049 3961 1272 4027 pedibus
1294 3963 1663 4032 capitibusque
1688 3966 1845 4020 nudis
1874 3970 2165 4025 venissent.

606 4043 809 4111 Quibus
842 4063 962 4101 cum
1009 4050 1113 4103 hoc
1149 4066 1407 4121 responso
1451 4054 1708 4122 remissis,
1750 4058 1972 4112 Romani
2015 4062 2043 4114 la
2069 4080 2167 4132 age

608 4137 786 4189 acrius
821 4138 1004 4193 urbem
1052 4140 1223 4195 adorti
1268 4158 1383 4197 eam
1414 4159 1511 4213 per
1542 4147 1647 4200 vim
1690 4163 2022 4217 expugnant.
2052 4152 2165 4219 Qua

609 4238 785 4295 capta,
819 4227 1109 4300 Gregorius
1138 4243 1190 4287 et
1214 4238 1393 4289 caeteri
1441 4236 1814 4308 llungarornm
1850 4244 2016 4299 duces
2044 4262 2163 4302 eum

2263 3050 2435 3119 Θροῦς
2466 3050 2643 3102 τοίνυν
2672 3052 2766 3102 καὶ
2789 3050 2948 3102 πάλιν
2976 3049 3060 3120 [Ρ.
3090 3048 3216 3121 14⁸2]
3248 3051 3454 3121 ἠγέρθη
3489 3050 3580 3100 καὶ
3611 3050 3643 3119 ή
3676 3048 3813 3117 μάχη

2265 3143 2346 3194 ἐτι
2385 3142 2583 3211 μᾶλλον
2636 3142 2907 3209 ἐμαίνετο.
2946 3142 3073 3194 Ὅτε
3124 3141 3359 3209 λέγεται,
3409 3139 3481 3203 ὡς
3540 3138 3817 3207 Ῥωμαίων

2266 3235 2388 3287 τινὰ
2416 3234 2800 3302 εὐστοχώτατα
2858 3234 3313 3301 ἐπιτοξαζόμενον
3357 3232 3607 3303 βασιλεὺς
3654 3248 3817 3284 κατα-

2267 3326 2466 3393 νοήσας
2494 3326 2769 3396 ἐπέδραμέ
2796 3344 2854 3377 τε
2888 3326 2980 3378 καὶ
3006 3326 3104 3393 τήν
3129 3326 3333 3379 ἀσπίδα
3360 3324 3647 3395 προτείνας
3678 3324 3816 3376 ἀπα-

2270 3417 2338 3486 θῆ
2374 3417 2545 3486 βελῶν
2580 3420 2863 3486 συνετήρει
2892 3418 2984 3469 τὸν
3032 3416 3335 3487 ἄνθρωπον.

2343 3507 2439 3571 ις’.
2475 3505 2665 3561 Οὖννοι
2700 3508 2777 3571 δὲ,
2812 3507 3113 3577 ἐπειδήπερ
3138 3508 3194 3559 ἐν
3228 3505 3397 3574 στενῷ
3435 3505 3631 3573 κομιδῆ
3657 3522 3816 3574 περιέ

2271 3599 2461 3668 στῆναι
2512 3599 2663 3666 σφίσι
2712 3599 2779 3649 τά
2827 3599 3128 3667 πράγματα
3178 3597 3445 3665 ἔγνωσαν,
3511 3597 3816 3664 πέμψαντες

2274 3690 2510 3761 ἔχρῃζον
2570 3690 2855 3758 βασιλέως,
2908 3688 2981 3751 ὡς
3032 3690 3274 3751 ἐνδόντες
3317 3687 3414 3756 τὴν
3465 3688 3621 3741 πόλιν
3676 3686 3817 3754 αὑτῷ

2268 3781 2433 3851 ἀθῷοι
2496 3780 2750 3834 ἐντεῦθεν
2780 3780 2964 3833 λοιπὸν
2992 3780 3396 3844 ἀπαλλάξωσιν.
3426 3778 3485 3831 '0
3510 3780 3565 3831 δὲ
3598 3780 3658 3831 οὐ
3696 3779 3816 3848 πρό-

2268 3888 2426 3941 τερον
2477 3870 2581 3938 ἔφη
2634 3872 2793 3923 τοῦτο
2846 3872 3090 3937 ποιήσειν
3140 3871 3267 3937 πρὶν
3312 3870 3376 3922 ἂν
3432 3867 3667 3922 καλώδια
3714 3868 3817 3919 τῶν

2267 3961 2546 4031 τραχήλων
2559 3961 2852 4031 Γρηγόριός
2873 3979 2928 4011 τε
2959 3963 3049 4012 καὶ
3076 3960 3182 4015 τῶν
3207 3963 3263 4013 ἐν
3295 3961 3441 4027 σφίσι
3464 3959 3746 4024 ζουπανῶν
3772 3958 3815 4010 οξ

2270 4050 2427 4103 ἄλλοις
2453 4051 2792 4121 ἀναψάμενοι
2826 4051 3161 4120 γυμνωθείσι
3226 4053 3355 4103 ποσὶ
3394 4052 3488 4103 καὶ
3530 4051 3814 4117 ἀκαλυφέσι

2268 4143 2390 4205 ταῖς
2440 4142 2705 4211 κεφαλαῖς
2754 4145 2875 4205 ταῖς
2914 4141 3093 4195 αὐτῶν
3140 4141 3364 4195 ἔλθοιεν.
3417 4142 3475 4194 '0
3504 4142 3606 4210 μὲν
3636 4143 3696 4211 δή
3733 4141 3817 4194 ἐπὶ

2267 4232 2527 4297 τοιούτοις
2553 4234 2763 4294 αὐτοὺς
2795 4233 3179 4303 ἀπεπέμψατο·
3230 4231 3492 4301 Ῥωμαῖοι
3520 4234 3576 4285 δὲ
3606 4232 3815 4303 σφοδρό-

612 4314 925 4385 ignominia,
960 4321 1023 4374 ad
1060 4336 1181 4377 eum
1222 4338 1379 4392 quem
1412 4326 1647 4384 diximus
1688 4333 1904 4386 modum
1942 4332 2162 4390 miSera-

2270 4342 2428 4394 τερον
2460 4325 2846 4395 ἐπιϐρίσαντες
2869 4324 2965 4394 τὴν
2993 4323 3147 4377 πόλιν
3174 4318 3338 4387 εἷλον,
3374 4318 3441 4393 ἦς
3477 4324 3579 4394 ἠδη
3610 4313 3815 4377 ἁλίσκο-

612 4408 702 4461 bili
735 4411 916 4464 habitu
946 4426 1043 4467 nec
1067 4415 1183 4467 sine
1215 4414 1416 4482 ejnlatu
1447 4421 1511 4471 ad
1536 4422 1832 4490 principem
1866 4439 2167 4483 accessere.

619 4496 812 4550 Verum
882 4499 968 4552 ille
1019 4500 1329 4570 aliquandiu
1392 4521 1459 4559 ne
1525 4520 1744 4577 aspectu
1803 4513 2017 4580 quidem
2079 4532 2171 4571 eos

611 4586 857 4657 dignatus
884 4600 1006 4645 est:
1047 4596 1137 4647 sed
1179 4598 1389 4649 tandem
1438 4595 1559 4652 Bela
1597 4600 1989 4669 intercedente,
2023 4623 2168 4660 mor-

537 4731 542 4735 ,
612 4685 718 4731 tem
767 4680 1109 4745 condonavit,
1171 4698 1373 4753 eosque
1431 4688 1482 4738 in
1547 4690 1846 4745 custodiam
1904 4697 2171 4765 extemplo

612 4768 809 4838 conjici
838 4770 1021 4837 jussit.
1078 4773 1303 4828 Romani
1343 4785 1518 4831 autem
1550 4794 1761 4836 summo
1784 4783 1945 4837 animi
1978 4786 2172 4843 ardore

613 4862 798 4915 urbem
830 4863 1051 4932 ingressi
1082 4867 1322 4922 homines
1345 4868 1412 4922 ibi
1444 4871 1587 4924 velut
1612 4864 1776 4942 agnos
1810 4876 2167 4935 trucidarunt.

615 4954 765 5009 Unde
795 4955 922 5009 mihi
960 4955 1280 5011 oboriuntur
1307 4943 1579 5031 lacr'ymte,
1613 4979 1734 5018 cum
1780 4967 1939 5020 vitam
1975 4968 2168 5022 buma-

614 5059 735 5095 nam
756 5044 1009 5110 _intneor,
1059 5056 1111 5098 et
1144 5049 1359 5116 quantis
1409 5050 1547 5105 ultro
1606 5068 1666 5106 se
1716 5055 1868 5109 malis
1918 5056 2167 5112 miserum

614 5134 724 5187 hoe-
756 5135 1030 5188 hominum
1084 5152 1251 5205 genus
1303 5139 1549 5194 involwt.
1604 5144 2002 5200 Aufert-bantttt'
2048 5150 2169 5201 the.

614 5206 757 5277 saturi
794 5233 849 5277 ct
885 5236 1059 5278 vestes
1119 5238 1174 5281 et
1223 5245 1348 5283 vasa
1400 5241 1674 5298 argentea,
1707 5237 1993 5305 omniaque
2037 5240 2169 5291 adeo

612 5329 800 5366 eorum
840 5316 973 5368 bona
1011 5316 1418 5385 diripiebantur.
1454 5320 1592 5385 Quin
1638 5335 1688 5375 et
1725 5324 1935 5377 inventa
1978 5337 2058 5380 est
2089 5326 2168 5377 in-

634 5405 736 5455 vlix
784 5404 948 5475 246
983 5398 1431 5474 ιιιιιιὶιειέουίίινουί
1468 5427 1588 5479 pars
1620 5428 1722 5480 qua
1768 5414 2016 5468 sedemus
2066 5416 2169 5469 telo

614 5497 867 5547 tuus-lixa
942 5508 1074 5550 erat.
1127 5496 1180 5551 ltl
1230 5504 1274 5554 ei
1329 5505 1593 5570 quomodo
1642 5506 1896 5558 :lCthit‘l'll
1937 5521 2166 5561 comme-

615 5585 858 5638 morabo.
899 5586 1019 5642 llaec
1048 5590 1277 5644 nondum
1330 5594 1501 5648 adhuc.
1537 5606 1691 5649 cauta
1737 5597 1952 5650 civitate
2008 5612 2165 5651 suum

2276 4415 2470 4485 μένης,
2502 4414 2803 4486 Γρηγὸριός
2831 4432 2887 4469 τε
2920 4414 3013 4468 καὶ
3036 4415 3084 4467 οἱ
3106 4415 3204 4468 σὺν
3233 4414 3379 4483 αὐτῷ
3405 4413 3698 4482 στρατηγοὶ
3718 4411 3815 4464 τῶν

2273 4504 2492 4559 Οὖννων
2526 4506 2623 4559 σὺν
2659 4505 2857 4576 ἀτιμίᾳ
2890 4504 3088 4574 τρόπον
3128 4506 3220 4557 τὸν
3262 4505 3554 4573 εἰρημένον
3605 4500 3815 4556 ἐλεεινοὶ

2270 4597 2379 4650 τῶν
2426 4597 2723 4667 σχημάτων
2781 4596 2989 4666 βασιλεῖ
3044 4595 3360 4667 προσιόντες
3406 4594 3616 4648 ἔκλαον.
3657 4594 3714 4647 '0
3757 4591 3813 4661 ﬁt

2276 4691 2435 4759 μέχρι
2462 4690 2562 4758 μέν
2582 4705 2724 4759 τινος
2745 4689 2865 4740 οὗδέ
2891 4687 3248 4758 προσϐλέπειν
3270 4687 3438 4756 ἠξίου,
3459 4686 3554 4754 ὀψὲ
3578 4686 3635 4740 δὲ
3659 4684 3812 4739 πολλὰ

2273 4778 2369 4831 τοῦ
2408 4778 2544 4830 Βελᾶ
2577 4777 3081 4847 παραιτησαμένου,
3129 4776 3220 4830 τὸν
3253 4778 3351 4845 μὲν
3392 4775 3552 4844 φόνον
3595 4775 3810 4843 ἀφῆκεν,

2272 4871 2329 4933 ἐς
2371 4871 2427 4927 δὲ
2471 4870 2714 4941 φρουράν
2757 4870 2957 4921 αὐτίκα
2993 4868 3229 4938 έπεμψε.
3286 4869 3548 4938 Ῥωμαῖοι
3582 4868 3639 4921 δὲ
3671 4862 3813 4935 θυμῷ

2274 4960 2494 5032 μεγάλῳ
2548 4962 2625 5022 εἰς
2668 4959 2766 5028 τὴν
2820 4959 2973 5011 πόλιν
3029 4960 3283 5019 εἰσιόντες
3340 4959 3433 5011 ἅτε
3487 4958 3658 5028 ἄρνας
3700 4954 3811 5014 τοὺς

2271 5053 2397 5120 τῇδε
2434 5050 2690 5102 κατέθυον
2716 5048 3060 5118 ἀνθρώπους.
3103 5049 3230 5100 Ὅτε
3281 5064 3371 5117 μοι
3422 5048 3515 5099 καὶ
3556 5046 3811 5117 δακρῦσαι

2272 5140 2471 5211 ἐπῆλθε
2505 5140 2622 5209 βίον
2654 5138 2991 5209 ἐννοουμένῳ
3020 5140 3111 5191 τὸν
3137 5138 3474 5209 ἀνθρώπειον
3503 5139 3653 5201 ὅσοις
3674 5155 3731 5189 τε
3758 5138 3811 5187 τὸ

2270 5234 2498 5286 δείλαιον
2531 5231 2689 5285 τοῦτο
2734 5232 2887 5298 γένος
2921 5232 3185 5293 ἑκουσίοις
3219 5231 3377 5284 ἑαυτὸ
3424 5231 3681 5298 ξυνέδησε
3723 5243 3809 5282 κα-

2272 5326 2410 5385 κοῖς.
2451 5324 2686 5389 Ἵίγοντο
2726 5323 2985 5391 κειμήλια
3013 5322 3108 5374 καὶ
3134 5323 3417 5391 ίματισμοῖ
3450 5324 3543 5373 καὶ
3574 5317 3808 5389 ἀργυρὼε

2276 5434 2440 5487 ματα,
2472 5417 2565 5468 καὶ
2596 5416 2767 5469 πάντα
2791 5416 2854 5467 τά
2877 5415 3095 5467 ἐκείνων
3116 5412 3357 5483 ὲληῖζετο
3387 5411 3811 5478 ἀγαθά.”οπλι,ις

2274 5511 2387 5571 τοῖς
2420 5507 2628 5577 ἐχθρῶν
2658 5506 2965 5575 ἠμπίσχετο
2996 5506 3220 5567 ἕκαστος
3256 5506 3347 5557 καὶ
3374 5504 3479 5556 τῶν
3498 5503 3677 5566 ’ψιλῶν
3699 5498 3808 5552 τοὺ-

2274 5617 2379 5651 τωη
2412 5600 2505 5650 ναὶ
2534 5597 2780 5651 ἀνόπλων
2823 5596 3101 5658 μαγητῶν,
3152 5596 3240 5649 ὅτε
3282 5596 3345 5658 δὴ
3390 5595 3481 5648 καὶ
3513 5592 3728 5655 γύναιόν
3762 5601 3808 5637 τι
