3958 6324
638 261 734 323 (iiii

1914 271 2231 334 JOANNIS
2270 272 2602 340 CINNAMI

3764 286 3864 344 632

639 375 802 427 ΝΟΜ·
845 375 1234 470 A‘blesccnms
1290 383 1494 453 ³ῙῘΨ¹⁰⁸
1539 401 1692 457 (ἓτίυο
1742 388 1901 442 (Πνίςί
1954 389 2094 441 ῘΜΘΓ
2147 400 2204 438 se
2238 392 2400 445 Ατὸν
2455 396 2763 466 εἰθισμένον
2797 398 2855 452 ὃν
2911 400 3191 469 βασιλεῦσι
3235 403 3331 456 καλ⁵
3393 406 3551 456 παισὶ
3611 400 3864 470 βασιλέων

634 471 864 553 numero
901 469 1098 525 factum
1132 487 1195 526 ex
1237 475 1385 529 corio
1435 478 1596 545 pilam
1649 478 2020 547 magnitudine
2065 477 2204 531 malo

636 557 865 612 similem
905 561 956 613 in
984 561 1156 616 locum
1183 568 1472 632 quemdam
1495 569 1558 621 ad
1595 570 1644 622 id
1674 570 1823 636 prius
1850 577 2004 638 prout
2028 568 2202 622 visum

636 649 798 703 fuerit
830 650 1134 707 dimensum
1166 657 1445 714 emittunt.
1490 659 1624 713 Tum
1657 675 1784 713 vero
1815 660 1881 713 ad
1935 660 2080 713 illam
2114 674 2205 712 ve-

635 739 731 794 lttti
793 743 1071 810 praemium
1129 746 1349 816 aliqu’od
1411 751 1460 803 in
1515 751 1692 804 medio
1753 753 1983 820 positam
2030 750 2204 818 plenis

637 833 869 888 invicem
917 834 1168 902 habenis
1232 842 1601 904 contendunt,
1654 842 1848 911 singuli
1900 842 1950 894 in
1999 842 2204 895 dextris

635 923 843 992 virgam
907 925 1212 993 habentes,
1278 945 1397 998 qua:
1447 931 1786 1001 longitudine
1832 931 2091 984 mediocri
2146 931 2199 984 in

634 1017 993 1073 orbiculatam
1043 1023 1340 1090 quamdam
1375 1023 1714 1079 latitudinem
1769 1025 1950 1080 subito
1979 1025 2201 1090 desinit,

626 1106 785 1175 cujus
807 1109 1279 1167 medium‘chnrdis
1303 1115 1510 1184 aliqu0t
1531 1116 1814 1172 desiccatis
1837 1115 2004 1188 264
2034 1116 2198 1171 retis-

634 1214 738 1265 qne
789 1201 840 1253 in
882 1203 1097 1257 modum
1136 1205 1370 1260 intense
1414 1207 1676 1262 connexis
1705 1208 2064 1277 intercipitur.
2101 1206 2230 1276 Dat.

635 1305 766 1345 vero
796 1307 1018 1359 operam
1051 1305 1284 1367 utraque
1323 1312 1450 1367 pars
1478 1299 1710 1352 utultra
1760 1299 1988 1353 alteram
2045 1306 2199 1352 antea

636 1382 914 1437 deﬁnitam
949 1395 1148 1441 metam
1180 1389 1329 1456 prior
1370 1389 1600 1457 quisque
1643 1390 1808 1458 pilam
1843 1389 2198 1443 transmittat.

635 1473 770 1526 Cum
826 1475 969 1528 enim
1004 1475 1058 1529 in
1095 1476 1415 1530 alterutram
1473 1487 1670 1533 metam
1709 1477 2008 1533 reticulatis
2037 1477 2202 1546 virgis

637 1563 746 1629 pila
782 1567 1195 1631 transmittitur,
1229 1567 1280 1620 id
1327 1568 1466 1635 parti
1503 1569 1659 1623 alteri
1698 1583 1795 1638 pro
1823 1568 2051 1623 victoria
2094 1577 2195 1622 est.

637 1654 957 1725 llujusmodi
991 1657 1209 1725 quidem
1247 1669 1331 1712 est
1365 1658 1522 1713 ludus
1557 1660 1677 1725 iste,
1715 1658 1892 1727 lapsui
1926 1657 2201 1712 obnoxius

633 1746 792 1813 plane
830 1760 893 1801 ac
927 1748 1286 1817 periculosus.
1319 1748 1552 1804 Necesse
1584 1750 1784 1820 quippe
1809 1755 1896 1803 est
1923 1757 1981 1803 ut
2014 1748 2105 1817 qui
2146 1747 2201 1801 in

632 1853 697 1891 eo
747 1852 807 1892 se
852 1847 1068 1892 exercet
1109 1854 1228 1894 sese
1271 1842 1487 1908 supinet
1539 1840 1802 1895 continuo
1848 1840 2012 1908 inque
2063 1838 2205 1894 latus

635 1938 922 1996 utrumque
947 1927 1211 1991 ﬂectatur,
1235 1937 1290 1982 ut
1319 1930 1370 1984 in
1403 1931 1591 1985 orbem
1630 1945 1838 1999 equum
1867 1931 2204 1997 circumagat

634 2029 689 2074 et
723 2020 905 2074 varios
940 2019 1174 2074 subinde
1205 2021 1460 2074 instituat
1487 2035 1684 2076 cursus
1720 2020 2058 2088 totidemque
2089 2035 2204 2073 mo-

636 2119 744 2176 tus,
785 2119 919 2178 quot
965 2110 1130 2180 pilam
1183 2110 1366 2165 facere
1399 2111 1690 2180 comigerit
1743 2128 1756 2165 :
1795 2119 1959 2179 atque
1998 2109 2101 2163 hoc
2147 2123 2204 2164 se

637 2202 798 2256 modo
831 2179 988 2256 habet
1021 2203 1340 2256 exercitium
1372 2202 1540 2257 istud.
1562 2179 1710 2256 iDum
1753 2179 2204 2272 igitur'pzrinceps

638 2294 777 2347 miro
812 2294 1044 2362 quodam
1080 2293 1240 2348 modo
1269 2294 1321 2347 in
1356 2309 1420 2349 eo
1451 2295 1573 2349 sese
1607 2296 2025 2364 circumageret,
2062 2293 2204 2347 acci-

637 2387 714 2438 rlit
762 2391 820 2439 ut
859 2398 965 2453 quo
1006 2384 1303 2439 vehebatur
1339 2399 1512 2454 equus
1539 2385 1592 2439 in
1650 2394 1850 2441 terram
1883 2393 2024 2439 totus
2076 2400 2201 2439 coro

641 2484 845 2531 rueret.
887 2474 1129 2544 Cumque
1162 2475 1252 2530 ille
1287 2476 1476 2531 subter
1522 2475 1722 2532 eﬂ‘usus
1759 2489 1956 2544 magno
1996 2476 2202 2540 labore,

639 2577 696 2619 ut
731 2581 788 2622 se
817 2567 1051 2637 erigeret
1076 2581 1104 2619 υ
1137 2581 1264 2621 casu
1299 2567 1422 2632 isto,
1464 2568 1822 2631 anniteretur,
1858 2582 1961 2625 nec
2006 2581 2202 2635 equum

639 2668 774 2723 toto,
802 2658 880 2711 uti
936 2655 1194 2722 diximus,
1226 2656 1632 2712 incumbentem
1664 2671 1893 2726 corpore
1922 2671 2204 2711 removere

638 2756 843 2816 posset,
883 2746 1060 2802 femur
1107 2762 1452 2815 manumque,
1487 2750 1613 2802 dum
1646 2750 1748 2804 sub
1777 2747 1909 2803 sella
1966 2747 2204 2816 equestri

574 2891 578 2893 ,
641 2839 1078 2910 intercipiuntur,
1116 2840 1352 2909 graviter
1385 2839 1522 2894 laesit
1556 2858 1569 2893 :
1631 2848 1894 2910 tantaque
1922 2839 1973 2894 id
2007 2839 2203 2893 malum

639 2931 947 2987 constantia
982 2930 1225 3008 pertulit,
1272 2939 1329 2985 ut
1377 2931 1730 2999 quantumvis
1766 2931 1996 2985 lethales
2051 2939 2206 2999 pate-

2307 484 2619 541 ἁνέκαθεν.⁶
2655 489 2809 541 Ἔστι
2840 489 2980 542 δὲτὸ
3025 492 3280 546 τοιοῦτον.
3339 493 3568 546 Νεανίαι
3608 489 3751 551 τινὲς
3789 489 3863 548 εἰς

2307 573 2398 624 ἴσα
2452 575 2814 646 διαιρεθέντες
2858 579 3107 647 ἀλλήλοις
3185 584 3426 650 σφαῖραν
3491 577 3716 637 σκύτους
3769 577 3861 645 μὲν

2305 667 2686 737 πεποιημένην
2740 669 2898 739 μήλῳ
2935 671 2990 722 δὲ
3018 671 3354 740 παρεμφερῆ
3384 672 3464 724 τδ
3516 669 3744 740 μέγεθος
3786 668 3862 728 είς

2305 756 2480 825 χῶρόν
2504 774 2626 811 τινα
2660 758 2850 812 ὕπτιον
2879 762 3123 826 ἀφιᾶσιν,
3147 760 3206 822 ὃς
3223 761 3288 813 ἂν
3322 760 3522 830 δηλαδὴ
3552 775 3860 828 συμμετρη-

2305 851 2561 918 σαμένοις
2623 853 2808 914 αὐτοῖς
2865 853 3013 923 δόξῃ,
3069 854 3157 904 ἐπ’
3185 840 3353 920 αὐτήν
3381 855 3452 916 re]
3485 845 3598 903 οἷόν
3623 867 3673 900 τι
3706 845 3860 902 ἆθλον

2304 941 2360 991 ἐν
2394 942 2701 1011 μεταιχμίῳ
2755 945 3015 1012 κειμένην
3074 943 3182 995 ἀπὸ
3251 944 3487 1012 ῥυτῆρος
3529 940 3860 993 ἀντιθέονσιν

2303 1031 2553 1097 ἀλλήλοις
2586 1071 2602 1095 ,
2663 1032 2859 1101 ῥάϐδον
2927 1032 3137 1097 ἐνδέξια
3205 1033 3586 1102 χειριζόμενος
3645 1031 3861 1089 ἕκαστος

2304 1121 2634 1192 συμμέτρως
2665 1122 2764 1192 μὲν
2805 1123 3174 1195 ἐπιμήκη,είς
3211 1123 3268 1177 δὲ
3313 1123 3545 1192 καμπήν
3569 1137 3689 1173 τινα
3732 1120 3860 1172 πλα-

2300 1214 2452 1264 τεῖαν
2483 1214 2638 1279 ἄφνω
2682 1213 3035 1278 τελευτῶσαν,
3065 1209 3130 1284 ἦς
3172 1213 3233 1266 τὸ
3270 1212 3431 1281 μέσον
3491 1210 3704 1280 χορδαῖς
3755 1224 3860 1260 τισι

2303 1304 2478 1372 χρόνῳ
2515 1305 2612 1373 μὲν
2641 1305 3016 1367 αὐανθείσαις.
3039 1305 3298 1374 ἀλλήλαις
3327 1305 3382 1358 δὲ
3409 1304 3703 1356 δικτυωτόν
3747 1317 3860 1350 τινα

2303 1395 2822 1466 ξυμπεπλεγμέναις
2883 1396 3309 1464 διαλαμϐάνεται
3374 1397 3599 1459 τρόπον.
3631 1389 3860 1460 Σπουδὴν

2308 1485 2490 1554 μέντοι
2520 1487 2782 1556 ἑκάτερον
2839 1487 3130 1558 πεποίηται
3168 1488 3330 1557 μέρος
3366 1487 3513 1549 ὅπως
3557 1484 3624 1537 ἂν
3651 1485 3742 1536 ἐπὶ
3771 1482 3860 1534 θά-

2302 1595 2459 1648 τερον
2489 1580 2934 1649 προτερήσαντες
2967 1578 3320 1649 μεταγάγωσι
3359 1577 3554 1647 πέρας,
3585 1573 3860 1644 δδηλονότι

2233 1668 2542 1762 Βάρχῆθεν
2596 1670 2786 1732 αὐτοῖς
2839 1670 3216 1724 ἀποδέδασται.
3278 1667 3533 1722 Ἐπειδὰν
3581 1664 3691 1735 γὰρ
3747 1666 3860 1727 ταῖς

2310 1759 2528 1827 ῥάϐδοις
2581 1761 2662 1822 είς
2719 1759 3079 1828 ὁποτερονοῦν
3140 1758 3498 1826 ἐπειγόμενος
3566 1757 3596 1808 ὁ
3641 1757 3859 1824 σφαῖρος

2307 1851 2569 1922 ἀφίκηται
2609 1851 2806 1919 πέρας.
2863 1850 3024 1904 τοῦτο
3087 1853 3120 1922 ἡ
3177 1849 3301 1920 νίκη
3355 1848 3551 1917 ἐκείνῳ
3599 1845 3677 1916 τῷ
3710 1845 3862 1913 μέρει

2306 1944 2538 2011 γίνεται.
2575 1942 2648 1995 Ἠ
2677 1943 2774 2012 μὲν
2806 1943 2997 1996 παιδιά
3058 1942 3238 1996 τοιάδε
3290 1942 3374 2002 τίς
3406 1944 3578 2005 ἐστιν,
3611 1935 3861 2005 ὀλισθηρὰ

2306 2033 2484 2101 πάντη
2521 2033 2616 2087 καὶ
2645 2034 2995 2104 κινδυνώδης.
3034 2031 3350 2097 Ὕπτιάζειν
3403 2048 3463 2084 τε
3495 2030 3606 2099 γὰρ
3630 2028 3714 2081 ἀεὶ
3777 2028 3862 2078 καὶ

2315 2125 2583 2194 ἶσχιάξειν
2652 2125 2865 2194 ἀνάγκη
2905 2125 2996 2178 τὸν
3022 2124 3224 2194 ταύτην
3277 2122 3553 2192 μετιόντα,
3600 2121 3656 2170 ὲν
3691 2117 3860 2185 κύκλῳ

2305 2238 2365 2274 τε
2397 2220 2489 2273 τὸν
2519 2221 2688 2271 ἵππον
2713 2219 3070 2289 περιελίσσειν
3083 2219 3178 2272 καὶ
3198 2215 3574 2276 πανταποδοὺς
3607 2209 3860 2265 ποιεῖσθαι

2305 2313 2431 2375 τοὺς
2478 2311 2712 2380 δρόμους
2771 2308 3051 2372 τοσούτοις
3079 2325 3139 2360 τε
3182 2307 3455 2377 κινήσεων
3513 2300 3856 2370 ὑπενηνέχθαι

2307 2405 2534 2468 εἴδεσιν,
2596 2403 2743 2464 ὅσοις
2801 2401 2974 2471 δήπου
3006 2400 3100 2453 καὶ
3151 2399 3250 2470 τὴν
3288 2400 3526 2468 σφαῖραν
3560 2393 3854 2462 ξυμϐαίνει.

2318 2497 2382 2547 Ἠ
2436 2494 2534 2562 μὲν
2565 2493 2630 2564 δὴ
2655 2489 2846 2546 παιδιὰ
2896 2490 3073 2545 τοιάδε
3123 2490 3204 2552 τίς
3251 2492 3389 2542 ἐστι.
3419 2487 3511 2556 Τῷ
3556 2487 3612 2538 δὲ
3665 2482 3861 2548 βασιλεῖ

2267 2614 2273 2618 ·
2305 2585 2598 2655 δαιμονίως
2651 2586 2780 2653 περὶ
2825 2583 3032 2651 ταύτην
3084 2579 3435 2652 στρεφομένῳ
3471 2577 3762 2644 πάνσωμον
3789 2573 3861 2632 εἰς

2306 2676 2410 2744 γῆν
2475 2674 2756 2746 ἐνεχθῆναι
2806 2671 3006 2742 συνέϐη
3051 2671 3144 2724 τὸν
3207 2671 3394 2724 ἵππον.
3456 2669 3515 2722 '0
3569 2668 3627 2720 δὲ
3682 2663 3859 2733 νέρθεν

2308 2767 2624 2837 ὑπενεχθεὶς
2677 2767 2885 2835 ἔκαμνε
2941 2765 3038 2835 μὲν
3093 2766 3185 2818 καὶ
3248 2761 3418 2814 πολλά
3468 2760 3718 2822 ἐϐιάζετο
3774 2753 3857 2806 τοῦ

2307 2859 2601 2928 πτώματος
2659 2856 2975 2922 ἀνανεῦσαι,
3002 2857 3102 2909 οὐκ
3155 2853 3293 2934 ἔχων
3319 2853 3362 2904 δ’
3393 2852 3540 2912 ὅπως
3588 2849 3678 2901 τὸν
3705 2849 3858 2900 ἵππον

2307 2952 2632 3020 διωθήσαιτο
2675 2949 2970 3017 ὁλόσωμον,
3018 2945 3205 3014 ὥσπερ
3251 2943 3410 3012 ἔφην,
3444 2940 3608 2995 αὐτοῦ
3678 2953 3861 2990 κατεν-

643 3034 794 3076 retur
832 3021 1068 3087 dolores,
1114 3033 1170 3076 et
1201 3021 1486 3075 confestim
1516 3023 1838 3086 surrexerit,
1871 3022 2053 3077 multis
2078 3037 2201 3077 eum

2307 3044 2624 3116 ηνεγμένον,
2657 3043 2828 3109 μηρόν
2857 3057 2914 3092 τε
2934 3039 3028 3090 καὶ
3041 3040 3196 3109 χεῖρα
3220 3037 3286 3105 τῇ
3322 3037 3386 3089 ὲκ
3416 3033 3516 3103 τῆς
3556 3020 3860 3101 ὲφεστρίδός

638 3116 747 3185 jam
771 3113 1271 3180 circumstantibus,
1297 3124 1352 3170 et
1375 3115 1753 3170 censcenderit
1786 3129 1976 3168 rursus
2006 3129 2205 3183 equum

642 3220 942 3275 cursusque
998 3204 1206 3272 aliquot
1257 3206 1396 3260 citra
1447 3206 1688 3261 laborem
1743 3205 1932 3260 fecerit
1980 3205 2208 3260 :donec

644 3310 936 3366 augescere
988 3296 1201 3351 dolores
1263 3298 1573 3366 percipiens
1625 3297 1689 3351 ad
1741 3298 1937 3352 lectum
1993 3299 2206 3351 tandem

644 3401 764 3440 sese
795 3385 1047 3439 contulit.
1078 3386 1340 3454 Deinceps
1376 3402 1502 3442 vero
1549 3387 1620 3441 ita
1663 3387 1837 3442 crevit
1895 3386 2118 3450 malum,
2153 3395 2212 3440 ut

646 3493 710 3531 ex
735 3477 900 3530 animi
923 3477 1159 3547 deliquio
1183 3479 1315 3532 nihil
1342 3479 1602 3546 postridie
1625 3493 1813 3533 eorum
1835 3492 1952 3546 qua:
1975 3477 2209 3543 dixerat,

646 3576 738 3620 ant
783 3567 1007 3632 fecerat,
1066 3569 1469 3622 recordaretur.
1523 3567 1578 3622 Id
1638 3569 1856 3640 quidem
1904 3569 2209 3634 huiusmodi

648 3661 771 3715 fuit.
813 3659 973 3730 285
1006 3659 1173 3715 Biduo
1215 3670 1392 3715 autem
1448 3671 1607 3730 post,
1664 3677 1786 3717 eum
1822 3661 2210 3727 convaluisset,

648 3755 941 3823 Apameam
977 3752 1339 3828 proﬁciscitur
1373 3769 1386 3805 :
1426 3761 1478 3805 at
1509 3767 1574 3806 ex
1611 3751 1826 3816 itinere,
1859 3765 1957 3805 nec
1989 3751 2208 3815 mirum,

649 3856 767 3900 orta
800 3859 1087 3899 nervorum
1129 3845 1485 3905 distensione.
1542 3854 1723 3899 tumor
1779 3843 1976 3898 iterum
2025 3844 2208 3907 rediit,

649 3937 934 4004 crebrique
983 3950 1108 3989 eum
1170 3936 1385 3989 dolores
1438 3949 1699 4004 puuxere.
1772 3935 2114 4004 Quapropter
2160 3936 2211 3988 in

651 4034 784 4085 urbe
832 4029 1079 4100 Selybria
1128 4029 1318 4084 diebus
1383 4030 1740 4085 Paschalibus
1793 4031 2104 4092 transactis,
2155 4037 2215 4083 ut

651 4121 843 4176 melius
884 4135 943 4175 se
982 4120 1182 4174 habere
1218 4121 1410 4182 sensit,
1450 4121 1860 4191 Philippopolim
1894 4121 2215 4176 contendit:

2313 3133 2566 3204 ἐπιλήψει
2597 3132 2809 3201 διετέθη
2837 3130 3043 3192 κακῶς.
3075 3129 3231 3181 Οὕτω
3268 3127 3450 3198 μέντοι
3489 3119 3862 3194 μεγαλοψύχως

2311 3228 2562 3298 ἧνεγκεν,
2591 3225 2670 3287 ὡς
2699 3222 2878 3275 καίτοι
2911 3219 3249 3289 καιριώτατα
3290 3215 3581 3278 πεπονθὼς
3616 3213 3862 3284 ιάναστῆ-

2311 3317 2400 3368 ναί
2431 3332 2491 3367 τε
2516 3314 2751 3381 ταχέως,
2810 3311 3023 3364 πολλῶν
3081 3310 3184 3379 ἤδη
3250 3306 3624 3375 περιστάντων
3689 3303 3861 3362 αὑτῦν,

2312 3407 2521 3460 καὶτὸν
2576 3405 2745 3458 ἵππον
2801 3398 2957 3471 αὖθις
3009 3400 3292 3471 ἀναθορεῖν
3326 3398 3575 3458 διαύλους
3605 3394 3666 3447 τέ
3724 3408 3861 3451 τινας

2316 3497 2479 3567 σχολῇ
2520 3494 2788 3548 ποιεῖσθαι
2831 3494 2913 3560 ἐφ’
2952 3491 3154 3551 ἱκανὸν,
3198 3489 3302 3552 ἕως
3347 3489 3448 3558 ήδη
3505 3482 3862 3554 σφοδροτέρων

2315 3585 2632 3655 αἰσθόμενος
2688 3585 2794 3636 τῶν
2860 3582 3061 3634 ὀδυνῶν
3117 3582 3209 3633 ἐπὶ
3254 3578 3353 3648 τὴν
3394 3577 3582 3645 κλίνην
3625 3571 3770 3643 ἦλθε.
3799 3571 3866 3622 Τὸ

2315 3679 2358 3731 δ’
2384 3675 2631 3728 ἐντεῦθεν
2656 3673 2798 3725 οὕτω
2840 3672 2906 3740 δὴ
2935 3671 3028 3722 τοῦ
3058 3671 3259 3730 πάθους
3290 3669 3517 3737 ἥττητο,
3555 3665 3630 3725 ὼς
3662 3666 3723 3714 ὲκ
3777 3662 3864 3726 τῆς

2317 3761 2704 3832 περιχυθείσης
2740 3760 3044 3826 αὑτὸνξτότε
3076 3758 3309 3828 ἀθυμίας
3360 3759 3426 3826 τῇ
3473 3753 3734 3822 ὑστεραίᾳ
3767 3768 3864 3818 μγ,-

2314 3852 2504 3922 δεμίαν
2590 3850 2696 3903 τῶν
2765 3849 2886 3901 τότε
2933 3849 3316 3917 λελαλημένων
3371 3846 3403 3915 ἢ
3473 3841 3861 3913 πεπραγμένων

2321 3944 2539 4011 μνήμην
2569 3941 2738 4009 ἴσχειν
2770 3940 2911 3992 τινά.
2951 3938 3123 3990 Τοῦτο
3143 3937 3238 4006 μὲν
3267 3937 3330 4005 δή
3361 3935 3606 3988 τοιοῦτον
3639 3933 3860 3999 ἐγένετο,

2316 4036 2343 4086 ὁ
2369 4033 2422 4085 δὲ
2457 4032 2601 4083 δυεῖν
2628 4030 2852 4101 ὕστερον
2889 4030 3124 4099 ἡμέραιν
3147 4029 3294 4098 ῥᾴων
3337 4025 3578 4095 γεγονὼς
3607 4021 3864 4076 ὲπὶἋπά·

2321 4141 2478 4194 μειαν
2539 4122 2788 4190 ἐφέρετο.
2844 4116 2945 4173 Οἷα
2995 4119 3051 4172 δὲ
3099 4118 3244 4180 είκδς
3305 4103 3613 4178 συντάσεως
3658 4117 3720 4167 ὲκ
3777 4111 3863 4178 τῆς

651 4213 742 4266 ubi
769 4228 888 4266 cum
933 4212 1250 4266 Pannonum
1301 4213 1491 4281 legatis
1537 4229 1881 4283 congressus,
1920 4228 2040 4266 cum
2083 4213 2205 4266 nihil

2318 4215 2624 4284 ὁδοιπορίας
2648 4211 3019 4281 γεγενημένης
3048 4211 3189 4273 τινὸς
3226 4210 3389 4278 δγκος
3408 4207 3562 4270 αὖθις
3586 4205 3752 4273 ἀνέϐη
3780 4203 3862 4256 καὶ

654 4319 746 4357 eos
771 4306 888 4359 sani
922 4303 1113 4358 aﬂ'erre
1139 4307 1500 4373 cognovisset,
1537 4307 1628 4359 sed
1658 4305 1781 4360 belli
1819 4287 2205 4359 tantum‘indu-

2320 4307 2503 4358 ὀδύναι
2534 4304 2723 4357 τοῦτον
2773 4304 3028 4356 ὲκέντουν
3069 4301 3280 4371 συχναί.
3317 4301 3425 4354 Καὶ
3456 4301 3521 4370 δὴ
3543 4298 3687 4368 ἀμφὶ
3726 4296 3860 4349 πόλει

655 4395 768 4447 cias
793 4395 1131 4448 oinni'niodo
1166 4395 1480 4457 sollicitare,
1516 4395 1680 4448 rebus
1716 4393 1933 4448 infectis
1964 4395 2205 4448 dimisit:

2317 4395 2739 4466 Σηλυϐρίᾳοτὰς
2790 4368 3169 4462 πασχαλίουςη
3199 4391 3479 4460 διαγαγὼν
3588 4389 3861 4457 ἐπειδήπερ

657 4487 832 4552 iisque
877 4485 1121 4552 adjunxit
1151 4485 1454 4538 Romanum
1488 4484 1774 4554 quemdam
1803 4521 1820 4549 ,
1860 4485 1948 4553 qui
1986 4493 2039 4538 et
2076 4482 2205 4536 Cha-

2315 4487 2510 4556 ᾔσθετο
2532 4490 2589 4538 ὲν
2623 4486 2863 4538 καλλίονι
2910 4485 3168 4552 γεγονὼς,
3198 4484 3293 4534 ἐπὶ
3334 4482 3432 4552 τὴν
3457 4480 3727 4533 Φιλίππου
3751 4479 3861 4544 ἐφέ-

657 4575 853 4642 luphen
916 4583 1211 4643 repeteret,
1247 4583 1302 4628 et
1353 4576 1456 4629 nisi
1490 4591 1611 4627 mox
1642 4575 1905 4641 imperata
1953 4571 2205 4636 facerent1

2321 4594 2463 4647 ρετο.
2500 4578 2670 4629 Ἔνθα
2709 4577 2773 4645 δὴ
2840 4575 3106 4645 πρέσϐεσι
3159 4575 3507 4644 χρηματίσας
3538 4575 3602 4625 ἐκ
3640 4571 3862 4623 Παιόνων

655 4666 1041 4733 iniperaIOrem
1100 4680 1312 4718 rursum
1369 4665 1842 4731 Romanorumque
1913 4663 2205 4716 exercitunt

2318 4667 2897 4738 ἀφικομένοις,ὲπειδὴ
2928 4667 3093 4736 μηδὲν
3145 4665 3295 4731 ὑγιὲς
3353 4665 3552 4726 αθτοὺς
3601 4660 3860 4728 ἀπαγγέλ-

657 4741 1006 4826 ρῐδιιξειοίοτιε
1035 4739 1356 4810 minaretur.
1404 4756 1523 4824 Ipse
1561 4767 1741 4808 autem
1774 4753 2054 4808 Serdicam
2089 4769 2205 4822 pro-

2319 4761 2431 4811 λειν
2451 4761 2610 4827 ἔγνω,
2654 4759 2962 4828 ἐκεχειρίαν
2993 4758 3048 4810 δὲ
3085 4756 3246 4826 μόνον
3285 4756 3382 4808 καὶ
3413 4756 3613 4824 ἁνοχήν
3645 4745 3857 4805 τινατοῦ

660 4863 900 4916 gressus,
934 4849 1117 4917 capias
1162 4849 1433 4902 contrahit
1467 4865 1481 4901 :
1535 4847 1625 4900 ubi
1670 4846 1795 4899 dum
1833 4853 2071 4897 moratur
2106 4845 2205 4898 han

2330 4852 2566 4920 πολέμου
2599 4853 2663 4902 ἐκ
2698 4852 2897 4913 παντὸς
2947 4850 3146 4919 τρόπου
3207 4847 3509 4917 πειρῶντας
3536 4845 3741 4907 λαϐεῖν,
3771 4840 3856 4892 αὖ·

663 4940 930 4994 accidere.

2332 4939 2455 5000 τοὺς
2484 4939 2612 5006 ξμὲν
2674 4938 2989 5004 ἀπράκτους
3049 4935 3457 5004 ἀπεπέμψατο,
3493 4930 3860 4999 συνεκπέμψας

665 5035 962 5098 αὐτοῖςκαὶ
1010 5036 1293 5103 Ῥωμαίων
1354 5033 1495 5095 τινὰ,
1523 5033 1604 5099 ἐφ’
1635 5027 1678 5099 ᾧ
1745 5032 1836 5096 τόν
1871 5049 1928 5082 τε
1996 5032 2282 5099 Χαλούφην
2322 5034 2606 5101 αἰτήσαιτο
2662 5034 2773 5097 καὶ,
2801 5034 2874 5099 ei}
2909 5032 2982 5102 μὴ
3044 5034 3152 5093 τοῖς
3209 5029 3543 5098 δεδογμένοις
3600 5027 3861 5094 ἀγαπῷεν,

665 5127 861 5178 αὐτίκα
899 5127 990 5178 καὶ
1041 5127 1202 5179 πάλιν
1257 5126 1549 5194 ἀπειλῆσαι
1612 5117 1846 5193 βασιλέα
1907 5127 1999 5176 καὶ
2061 5124 2153 5176 τὸν
2222 5124 2504 5193 Ῥωμαίων
2570 5126 2800 5195 στρατὸν
2859 5124 3104 5193 ὄψεσθαι.
3146 5124 3202 5176 Ὀ
3232 5125 3289 5176 δὲ
3335 5125 3428 5177 ἐπὶ
3471 5122 3740 5192 Σαρδικῆς
3785 5133 3863 5185 γε’

665 5219 835 5285 γονὼς
868 5219 1096 5272 ἐνταῦθα
1121 5222 1218 5281 τὰς
1241 5220 1496 5286 δυνάμεις
1519 5218 1796 5289 ἤθροισεν.

736 5312 787 5362 6.
832 5312 1054 5363 Alcxins
1085 5311 1174 5378 qui
1201 5309 1616 5379 protostratoris
1646 5298 1774 5360 tunc
1802 5306 2063 5374 dignitate
2096 5305 2216 5356 iun-

667 5402 910 5469 gcbatur,
946 5401 1019 5452 uti
1049 5401 1241 5470 saepius
1271 5417 1300 5453 a
1337 5415 1420 5455 me
1457 5409 1735 5453 narratum
1769 5407 1875 5459 est,
1901 5399 2215 5465 jamdudum

2399 5313 2469 5368 ς’.
2527 5307 2694 5358 Ἔνθα
2759 5306 3037 5374 διατριϐὴν
3092 5303 3414 5372 ποιουμένου
3497 5299 3757 5361 συνέπεσέ
3809 5315 3835 5348 τ

2326 5396 2585 5447 τοιοῦτον.
2604 5397 2836 5460 Ἀλέξιος
2865 5397 2973 5466 (51)
3002 5397 3058 5459 ὃς
3089 5397 3186 5465 τὴν
3224 5394 3704 5466 πρωτοττράτορος
3725 5390 3858 5448 «τότε,

1997 5529 2092 5585 Du
2128 5525 2347 5602 Cangii
2385 5530 2566 5582 notae.

742 5658 847 5725 (El)
882 5656 1160 5724 ‘.-l.tr’t','io;.
1198 5656 1434 5711 Alcxium
1467 5654 1742 5708 Axuchunt
1796 5659 2236 5720 protostratorem
2279 5650 2582 5702 invidorum
2625 5647 2908 5703 ca‘utvuiis
2961 5661 3273 5715 oppressum
3325 5643 3514 5700 scribit
3554 5639 3780 5700 Nicetas,
3817 5637 3847 5688 ι.
