3958 6324
524 248 632 313 639

1827 255 2148 321 IOANNIS
2188 255 2516 319 CINNAMI

3645 257 3762 323 6ίο

432 420 438 424 ,
531 368 741 423 ratione
774 371 1023 429 instruit.
1072 374 1303 447 Scythas
1347 386 1404 433 et
1455 381 1750 432 maximam
1801 375 2087 430 Persarmn

2196 374 2376 443 μαίων
2402 377 2635 446 στρατὸν
2664 378 2804 433 ὅπλα
2834 380 3198 448 περιθέμενον
3227 381 3389 451 ἐξῆγε
3424 379 3518 433 τοῦ
3569 382 3761 453 χάρα-

529 460 891 522 ριιιιθιιιευιη
926 466 1110 534 paucis
1138 468 1438 537 equitibus,
1462 470 1552 538 qui
1587 470 1760 524 hastis
1785 470 2087 531 decertant,

529 555 839 613 prmeedere
905 557 1081 621 jubet.
1140 558 1270 614 Inde
1316 575 1346 613 a
1397 561 1661 616 lateribus
1718 561 2087 627 Romanorum

527 644 893 708 sequebantur
916 648 1237 719 phalanges,
1272 652 1472 719 quibus
1504 663 1774 723 praeerant
1805 651 2089 721 ,Cocroba-

528 733 682 793 silius
713 746 766 788 et
802 736 1124 803 Pliiloeales,
1167 752 1538 813 praetereaque
1566 743 1811 813 Tatieius
1841 753 1895 798 et
1928 757 2089 811 quem

527 824 1124 891 Asl’ielelltvocabant.
1150 832 1350 887 llorum
1387 850 1417 889 a
1438 841 1613 902 ‘Iergo
1644 836 1791 889 ibant
1823 836 2090 903 gravioris

527 929 816 971 armatura:
844 920 1046 976 milites
1069 922 1369 990 sagittariis
1398 923 1684 979 intermisti
1710 934 1766 978 et
1802 923 2088 978 Persarum

528 1013 704 1081 turma
731 1010 910 1077 gravis
940 1021 1250 1082 armaturas.
1286 1009 1413 1066 Post
1439 1013 1572 1067 istos
1602 1025 1834 1081 utroque
1866 1030 1895 1067 a
1925 1013 2091 1067 latere

526 1093 796 1163 loseplius
820 1092 1118 1169 Bt’yunnius
1144 1111 1200 1157 et
1225 1101 1486 1172 Georgius
1511 1088 2087 1169 Branas‘incedebant,

528 1187 659 1240 item
680 1189 984 1246 Demetrius
1004 1192 1123 1262 ejus
1146 1192 1315 1247 frater
1336 1204 1388 1247 et
1409 1194 1796 1253 Constantinus
1816 1195 2085 1263 Aspietes,

456 1318 463 1323 ι
528 1283 610 1334 vir
641 1285 841 1337 sebasti
872 1286 1132 1357 dignitate
1158 1301 1350 1343 aucuts
1374 1305 1387 1341 :
1412 1288 1539 1341 inde
1567 1288 1909 1342 Andronicus
1938 1288 2088 1356 prin-

524 1373 661 1438 ripis
714 1367 1105 1441 chartuiarius,
1159 1378 1526 1446 cognomento
1564 1379 1916 1448 Lampardasi
1965 1394 2088 1433 cum

525 1461 758 1518 delectis
808 1465 968 1519 simul
1016 1466 1280 1522 Romanis
1319 1479 1371 1523 et
1403 1470 1720 1523 Alemannis
1751 1483 1851 1542 nec
1898 1485 2003 1526 non
2034 1480 2091 1525 et

528 1550 729 1606 Persis.
779 1542 833 1606 in
874 1548 1153 1622 postrema
1188 1558 1425 1626 denique
1464 1557 1581 1611 acie
1607 1567 1717 1611 erat
1750 1557 2089 1611 Andronicus

526 1655 813 1710 supremus
856 1644 988 1710 dux,
1045 1661 1167 1703 cum
1224 1649 1344 1703 aliis
1395 1649 1578 1703 multis
1632 1648 1819 1718 inclyti
1852 1648 2090 1702 nominis

528 1733 660 1789 viris
713 1735 926 1804 (quales
972 1739 1288 1807 imperatori
1334 1742 1386 1795 in
1443 1741 1644 1795 bellum
1701 1740 1851 1793 eunti
1901 1739 2088 1793 adesse

525 1837 741 1891 semper
785 1828 953 1882 moris
1003 1828 1110 1899 est)
1143 1840 1198 1885 et
1226 1831 1376 1887 Italis
1421 1829 1811 1900 stipendiariis,
1850 1830 2088 1899 itemque

526 1911 756 1981 Serviis,
808 1920 900 1985 qui
954 1936 1094 1990 pone
1143 1923 1740 1992 sequebantur,,bastis
1785 1922 1998 1983 armati,
2033 1930 2089 1975 et

526 2006 864 2076 longioribus
891 2011 1094 2081 clypeis
1115 2014 1388 2073 instructi.
1416 2016 1570 2071 Hune
1603 2017 1657 2070 in
1687 2016 1905 2070 modum
1936 2014 2086 2069 ordi-

527 2108 653 2151 nato
683 2101 927 2156 exercitu
965 2104 1196 2160 Romani
1242 2107 1345 2161 iter
1376 2106 1687 2161 instituunt.
1719 2103 1822 2161 Ubi
1861 2095 1991 2160 vero
2020 2106 2089 2160 ad

526 2184 699 2241 locum
729 2205 947 2267 venere,
973 2193 1029 2247 in
1062 2208 1169 2261 quo
1194 2194 1488 2266 Dionysius
1514 2196 1816 2251 occisorum
1853 2195 2086 2249 militum

523 2277 789 2332 tumulum
819 2293 1091 2347 erexerat,
1115 2286 1271 2354 equis
1322 2280 1644 2342 desilientes
1669 2286 1908 2356 graviter
1941 2285 2089 2356 inge-

506 2383 735 2428 -muere.
763 2363 924 2442 272
951 2374 1218 2445 iidemque
1240 2376 1353 2432 sibi.
1373 2376 1608 2433 invicem
1630 2377 1971 2433 obstrinxere
1990 2392 2089 2447 pro

528 2461 928 2521 eoturibulibus
970 2480 1034 2519 ac
1082 2466 1499 2535 consanguineis
1524 2483 1586 2524 se
1634 2482 1901 2536 quemque
1930 2467 2092 2521 nzori-

525 2560 738 2615 turum,
763 2552 1044 2626 Dionysius
1073 2570 1200 2610 vero
1228 2556 1317 2611 ubi
1358 2559 1655 2627 adventare
1682 2558 1958 2612 Romanos
1989 2572 2090 2611 au-

524 2642 682 2703 divit,
714 2644 907 2697 liducia
947 2648 1180 2719 quadam
1214 2648 1585 2715 prattumidus.
1610 2664 1731 2703 cum
1766 2628 1929 2704 multa
1966 2649 2090 2705 irri-

418 2749 431 2763 ο
524 2731 675 2784 sione
702 2732 884 2786 vinum
916 2733 1101 2790 bibere
1127 2736 1413 2805 Hungaros
1427 2740 1614 2809 jussit,
1643 2746 1698 2794 et
1725 2750 1776 2792 ut
1806 2740 1995 2808 pocula
2023 2742 2087 2794 ad

526 2818 897 2877 Romanorum
953 2826 1238 2884 sanitatem
1271 2837 1326 2883 et
1368 2829 1793 2885 incolumitatem
1828 2832 2085 2902 propina—

527 2922 668 2965 rent.
702 2912 777 2965 illi
822 2923 1104 2984 surgentes
1137 2917 1421 2973 confestim
1455 2934 1518 2974 ea
1554 2922 1803 2985 hausere,
1828 2922 2090 2991 sumptis-

2122 1703 2159 1756 Β

2194 484 2309 530 κος.
2360 468 2622 535 Ἐτάξατο
2656 470 2714 523 δὲ
2744 466 2867 525 ὧδε.
2900 472 3115 536 Σκύθας
3152 472 3252 542 μὲν
3283 472 3380 526 καὶ
3409 472 3470 525 τὸ
3496 473 3757 525 πλεῖστον

2191 559 2284 612 τοῦ
2321 562 2597 631 Περσικοῦ
2632 564 2887 632 ἡγεῖσθαι
2910 564 3159 617 ἐκέλευεν
3195 565 3457 618 ἱππεῦσιν
3487 563 3604 634 ἅμα
3636 565 3760 617 ὀλι-

2188 664 2311 710 γοις
2339 650 2390 701 οἳ
2428 650 2526 727 σὺν
2550 653 2667 713 τοῖς
2700 651 2891 720 δόρασι
2926 652 3213 727 μάχονται,
3244 652 3370 719 ἑξῆς
3401 652 3455 705 δὲ
3485 651 3765 721 ἐκατέρωο

2192 741 2283 809 θεν
2318 726 2603 812 Ῥωμαίων
2631 744 2845 797 εἵποντο
2876 744 3153 814 φάλαγγες
3180 740 3255 797 ὧν
3285 744 3757 807 Κοκκοϐασῖλετός

2192 850 2250 885 τε
2284 828 2424 902 ἦρχε
2455 834 2549 886 καὶ
2582 826 2901 904 Φιλοκάλης,
2946 836 3083 905 πρὸς
3130 837 3187 901 δὲ
3214 839 3307 890 καὶ
3347 837 3602 897 Τατίκιος
3656 837 3761 889 καὶ

2190 924 2248 977 ὃν
2290 925 2576 997 ’Λσπιέτην
2605 926 2852 979 ἐκάλουν.
2878 926 3033 980 Κατὰ
3063 929 3234 980 νώτου
3270 927 3325 980 δὲ
3367 928 3551 987 αὐτοῖς
3593 925 3758 978 ἁπλῖ-

2188 1033 2279 1070 ται
2303 1016 2631 1083 ἐπορεύοντο
2655 1018 2858 1087 ἀναμὶξ
2891 1018 3135 1082 τοξόταις
3162 1022 3255 1073 και⁸
3286 1019 3513 1087 Περσῶν
3541 1015 3764 1084 φάλαγξ

2188 1104 2573 1174 ὁπλοφοροῦσα
2599 1123 2611 1136 ·
2643 1108 2783 1176 μετὰ
2805 1106 2861 1158 δὲ
2887 1107 3107 1169 τούτους
3133 1106 3523 1175 ἀμφοτέρωθεν
3557 1107 3763 1171 Ἰωσὴφ

2190 1211 2247 1246 τε
2295 1196 2322 1247 ό
2360 1194 2643 1263 Βρυέννιος
2688 1194 2984 1268 ἐπορεύετο
3029 1198 3433 1266 καὶςΡεώργιος
3479 1198 3507 1248 ό
3540 1196 3764 1266 Βρανᾶς

2190 1286 2504 1356 Δημήτριός
2535 1303 2593 1340 τε
2620 1288 2647 1340 ό
2673 1288 2866 1365 τούτου
2893 1289 3121 1354 ἁδελφὸς
3155 1292 3247 1342 καὶ
3285 1291 3696 1351 Κωνσταντίνος
3730 1290 3764 1340 ὁ

2203 1378 2494 1447 ’Δσπιέτης
2517 1380 2658 1450 ἀνὴρ
2695 1380 2957 1455 σεϐαστός
2985 1397 2999 1411 ’
3032 1381 3158 1450 ἑξῆς
3202 1381 3256 1434 δὲ
3307 1378 3649 1450 Ἀνδρόνικος
3695 1380 3761 1441 δς

2190 1466 2588 1541 χαρτοῦλάριός
2620 1489 2682 1525 τε
2717 1471 2930 1543 βασιλεί
2951 1468 3041 1542 ἦν,
3068 1473 3358 1540 ἐπίκλησιν
3388 1472 3758 1541 Λαμπαρδᾶς,

2191 1562 2285 1614 καὶ
2316 1562 2621 1624 ἐπιλέκτοις
2660 1561 2778 1631 ἅμα
2819 1563 3111 1629 Ῥωμαίοις
3143 1563 3238 1614 καὶ
3282 1562 3636 1631 Ἀλαμανοῖς,
3672 1562 3761 1613 ἔτι

2190 1652 2248 1705 δὲ
2273 1655 2368 1707 καὶ
2400 1654 2660 1722 Πέρσαις.
2698 1655 2940 1708 Κατόπιν
2983 1653 3042 1706 δὲ
3084 1654 3430 1724 Ἀνδρόνικος
3457 1655 3487 1705 ό
3512 1668 3758 1720 expett;-

2192 1743 2285 1810 γδς
2343 1742 2638 1812 ἐπορεύετο
2698 1745 2797 1797 σὺν
2862 1744 3045 1806 ἄλλοις
3098 1760 3156 1796 τε
3220 1743 3443 1802 πολλοῖς.
3489 1741 3760 1809 ὀνόματος

2188 1828 2537 1899 ἀξιουμένοις
2571 1829 2853 1900 ἀνδράσιν,
2891 1826 2971 1894 οἷς
3004 1831 3123 1895 ἔθος
3155 1831 3244 1883 ἀεὶ
3274 1831 3378 1883 ὑπὸ
3410 1829 3631 1900 βασιλεῖ
3655 1845 3760 1880 1co-

2186 1914 2442 1983 λεμοῦντι
2492 1915 2786 1969 τάττεσθαι
2834 1912 2923 1987 ἦν,
2974 1921 3069 1971 καὶ
3115 1918 3338 1980 Ἰταλοῖς
3393 1919 3507 1979 τοῖς
3542 1917 3611 1969 ἐκ
3658 1914 3757 1967 τοῦ

2192 2001 2585 2072 μισθοφορικοῦ
2636 2004 2733 2057 καὶ
2770 2004 2834 2073 δὴ
2868 2007 2963 2057 καὶ
3007 2006 3278 2075 Σερϐίοις,
3314 2005 3366 2057 οἳ
3404 2005 3550 2058 κατὰ
3583 2003 3758 2057 νώτου

2190 2093 2339 2163 αύτῷ
2362 2094 2587 2159 εἵποντο
2600 2091 2806 2166 δόρατά
2827 2114 2885 2149 τε
2918 2097 3361 2166 προϐεϐλημένοι
3402 2096 3499 2148 καὶ
3546 2096 3755 2163 ἐπιμή-

2189 2200 2309 2249 κεις
2342 2176 2595 2247 ἀσπίδας.
2631 2184 2789 2238 Οὕτω
2831 2185 3125 2254 ταξάμενοι
3162 2184 3423 2253 Ῥωμαίοι
3465 2183 3571 2253 ὁδῷ
3613 2182 3758 2252 ἑκώ-

2193 2291 2341 2345 ρουν.
2389 2275 2611 2345 Ἐπειδὴ
2635 2276 2692 2329 δὲ
2711 2279 2795 2340 είς
2831 2278 2925 2330 τὸν
2950 2277 3130 2348 χῶρον
3158 2272 3347 2346 ἦλθον,
3379 2275 3513 2335 ἔνθα
3560 2274 3757 2326 ’Διονύ-

2192 2384 2305 2430 σιος
2331 2368 2422 2420 τὸν
2452 2366 2662 2435 τύμϐον
2700 2368 2919 2439 ἐγείρας
2944 2368 3122 2439 ἔτυχε,
3150 2368 3260 2420 τῶν
3292 2368 3477 2421 ἵππων
3513 2366 3745 2419 ἀποϐάν-

2188 2475 2282 2523 τες
2323 2456 2630 2530 ἀνῴμωξάν
2669 2476 2729 2512 τε
2792 2458 3012 2529 θερμῶς
3064 2459 3161 2531 καὶ
3206 2459 3422 2521 πίστεις
3500 2457 3755 2525 ἀλλήλοις

2189 2553 2380 2605 ἔδοσαν
2420 2552 2560 2621 ὑπὲρ
2585 2552 2679 2605 τοῦ
2711 2550 2985 2620 ὁμοφύλου
3013 2551 3270 2605 τεθνάναι
3307 2550 3401 2604 καὶ
3421 2547 3757 2615 ,συγγενοῦς

2187 2639 2449 2692 ἕκαστονν
2470 2637 2749 2701 Διονύσιος
2774 2638 2830 2691 δὲ
2872 2638 3062 2708 ἐπειδὴ
3104 2638 3390 2708 προσιέναι
3438 2636 3752 2704 Ῥωμαίους

2189 2729 2440 2794 ἐπύθετο,
2466 2728 2702 2803 θάρσους
2736 2722 3108 2802 ὑποπλησθεὶς
3144 2732 3241 2784 σὺν
3288 2728 3538 2800 είρωνείᾳ
3580 2726 3750 2797 πολλῇ

2188 2814 2580 2893 ἀκρατίζεσθαι
2646 2820 2881 2885 Οῦννους
2934 2821 3199 2875 Δἐκέλευεν
3256 2822 3336 2882 είς
3382 2818 3597 2885 ὑγίειαν
3650 2815 3753 2880 τὴν

2198 2914 2489 2984 Ῥωμαίων
2518 2915 2909 2992 προσιεμένους
2931 2914 2999 2989 τὸ.
3019 2913 3278 2983 ἔκπωμα.
3314 2913 3377 2965 Oi
3398 2911 3454 2963 δὲ
3481 2905 3753 2979 ἀναστάν-

523 3014 629 3066 que
679 3003 867 3068 armis,
922 3014 1237 3062 consuetum
1274 3010 1518 3063 ordinem
1568 3025 1926 3080 resumpsere.
1974 3011 2087 3069 llos

2194 3023 2287 3070 τες
2338 3004 2524 3059 ἔπινόν
2554 3024 2613 3059 τε
2644 3007 2845 3077 σπουδῇ
2880 3005 2967 3078 ῘΡ.
2997 3006 3122 3079 159]
3156 3007 3261 3060 καὶ
3287 3004 3380 3059 ἐπὶ
3416 3007 3530 3067 τοῖς
3564 3002 3755 3063 ὅπλονς

526 3091 668 3143 enim
710 3108 925 3163 semper
960 3097 1101 3165 apud
1147 3113 1245 3153 eos
1291 3101 1505 3154 obtinet
1555 3111 1613 3155 ut
1656 3101 1911 3171 praecipui
1953 3105 2090 3171 opti-

522 3183 708 3263 tuique
742 3184 794 3237 in
829 3187 998 3252 pritna
1044 3188 1309 3260 phalange
1340 3190 1604 3246 loecntur.
1632 3192 1786 3258 Quod
1824 3191 1936 3259 jam
1977 3194 2087 3261 pri-

528 3273 648 3324 dem
715 3275 943 3331 edoctus
997 3279 1293 3347 imperator
1357 3284 1634 3337 contrario
1695 3284 1869 3339 aciem
1927 3284 2087 3338 modo

525 3361 810 3419 instituere
844 3367 1154 3425 Andronico
1185 3382 1535 3442 praeceperat.
1582 3372 1875 3443 PoSIquam
1924 3376 2088 3444 igitur

526 3454 626 3506 sibi
678 3455 908 3542 invicem
956 3462 1186 3527 proximi
1244 3461 1394 3517 luere
1445 3466 1756 3529 exercitus,
1792 3465 1859 3519 iis
1907 3467 2084 3535 quiin

529 3543 711 3599 fronte
756 3547 972 3603 stabant
1030 3553 1286 3622 praecepit
1331 3554 1676 3610 Andronicus
1714 3566 1774 3610 ut
1801 3556 2086 3626 ilungaros

530 3635 651 3688 telis
685 3637 1026 3704 impetcrcnt,
1062 3651 1117 3695 et
1144 3642 1303 3697 simul
1339 3654 1502 3713 atque
1540 3646 1594 3699 in
1638 3659 1697 3700 se
1726 3647 1848 3701 illos
1881 3648 2087 3702 irruere

525 3728 831 3790 cernerent,
861 3738 1008 3797 terga
1051 3730 1264 3794 darent,
1300 3747 1405 3785 non
1441 3740 1587 3787 recta
1617 3728 1831 3800 quidem
1880 3733 1944 3785 ad
1980 3734 2096 3791 110-.

452 3866 453 3871 η
529 3830 811 3869 manorum
863 3820 1187 3885 exercitum,
1220 3824 1312 3875 sed
1350 3822 1567 3891 oblique
1602 3824 1773 3890 magis
1805 3824 1855 3876 in
1915 3824 2085 3877 latera

527 3912 586 3958 nt
645 3906 727 3960 sie
798 3920 1081 3977 utramque
1132 3911 1183 3963 in
1253 3923 1458 3977 partem
1530 3914 1773 3967 distracti
1845 3914 2084 3982 llungan’

527 3995 761 4049 medium
820 3998 1099 4067 phalangis
1163 3999 1336 4054 locum
1395 4016 1622 4055 vacuum
1696 4002 2085 4071 relinquerent.

527 4084 633 4138 Sed
669 4086 741 4139 illi
778 4087 917 4142 facta
970 4091 1037 4144 ab
1078 4091 1322 4147 hostibus
1361 4093 1655 4162 irruptione
1694 4095 1876 4149 statim
1921 4095 2088 4150 elIuee

526 4176 737 4245 fugitmt
784 4195 953 4249 usque
1002 4182 1126 4236 dum
1168 4184 1233 4237 ad
1275 4182 1473 4239 Savum
1523 4200 1836 4254 pervenere.
1881 4186 2086 4241 Persti-
2122 4226 2129 4243 μ

527 4280 640 4323 tere
671 4285 800 4325 vero
835 4272 1199 4329 Romanorum
1234 4269 1452 4345 integrae
1478 4279 1596 4331 diue
1630 4278 1681 4330 in
1717 4279 1937 4332 sinistra
1969 4280 2086 4333 acie

2195 3094 2437 3162 ἐγίνοντο
2480 3096 2667 3167 τρόπῳ
2711 3112 2771 3149 τε
2814 3096 2893 3167 τῷ
2948 3097 3170 3167 συνήθει
3218 3094 3536 3148 cad-novre.
3588 3094 3754 3157 Ἐθος

2190 3186 2301 3256 γὰρ
2345 3187 2531 3251 αὐτοίς
2557 3189 2705 3242 ἐστιν
2751 3188 2839 3241 ἀεὶ
2885 3190 3009 3252 τοὺς
3055 3191 3114 3241 ὲν
3164 3188 3316 3256 σφίσι
3362 3187 3595 3255 λογάδας
3646 3187 3751 3253 τὴν

2190 3277 2532 3348 ὲμπροσθίαν
2568 3279 2811 3349 πληροῦν
2870 3279 3168 3348 φάλαγγα·
3212 3278 3239 3331 δ
3286 3278 3454 3332 πάλαι
3495 3276 3756 3347 βασιλεὺς

2190 3368 2349 3432 εἰδὼς
2393 3369 2664 3427 ἀνάπαλιν
2704 3369 3029 3439 Ἀνδρονίκῳ
3074 3371 3173 3437 τὴν
3226 3367 3534 3440 παράταξιν
3580 3370 3755 3421 ποιεῖ-

2192 3458 2317 3513 σθαι
2353 3460 2663 3513 ἐκέλευσεν.
2715 3460 2933 3529 Ἐπειδὴ
2963 3459 3094 3523 γοῦν
3143 3460 3310 3527 ἔγγὺς
3355 3457 3602 3527 ἀλλήλων
3625 3457 3755 3525 ἐγέ-

2189 3568 2344 3605 νοντο
2376 3552 2444 3605 τὰ
2485 3552 2890 3623 στρατεύματα,
2943 3553 3196 3606 ἐκέλευεν
3253 3552 3590 3621 Ἀνδρόνικος
3636 3550 3755 3612 τοῖς

2189 3638 2543 3707 ἐμπροσθίοις
2572 3637 2677 3690 τῶν
2711 3640 3005 3704 ταγμάτων
3050 3639 3467 3704 ὲπιτοξάζεσθαι
3502 3635 3752 3699 Οὖννοις.

2201 3725 2456 3778 Ἐπειδὰν
2485 3726 2540 3779 δὲ
2574 3723 2696 3778 κατ’
2725 3725 2906 3777 αὐτῶν
2932 3725 3276 3796 ὁρμηθέντας
3305 3726 3486 3787 ἴδοιεν,
3523 3724 3755 3794 φεύγειν

2188 3816 2394 3879 λοιπὸν,
2422 3816 2480 3869 οὐ
2514 3815 2695 3885 μέντοι
2729 3817 2851 3869 κατ’
2893 3817 3021 3870 εὐθὺ
3081 3818 3175 3869 τοῦ
3241 3817 3532 3885 Ῥωμαίων
3582 3832 3757 3886 στραο

2188 3907 2481 3975 τεύματος,
2527 3894 2663 3958 ἀλλὰ
2726 3905 2867 3959 κατά
2920 3906 2987 3959 τὰ
3040 3905 3249 3972 πλάγια
3296 3904 3517 3973 μᾶλλον,
3573 3902 3652 3964 ὡς
3683 3905 3754 3957 ἂν

2189 3995 2363 4057 οὕτως
2411 3997 2505 4048 ἐπὶ
2549 3994 2757 4063 θάτερα
2806 3996 3119 4065 σχισθέντες
3175 3993 3368 4048 Οῦννοι
3432 3993 3596 4064 κενὴν
3649 3996 3755 4061 τὴν

2192 4087 2365 4157 μέσην
2398 4090 2497 4155 τῆς
2526 4088 2803 4156 φάλαγγος
2823 4087 3139 4140 ἀπολίποιεν
3165 4086 3373 4156 χώραν.
3430 4085 3571 4139 Ἀλλ’
3604 4088 3757 4139 ἐκεῖ·

2188 4166 2267 4231 νόι
2297 4178 2413 4247 ἅμα
2445 4169 2510 4249 τῇ
2542 4180 2813 4249 προσϐολῇ
2834 4180 2979 4232 νῶτα
3000 4179 3183 4242 δόντες
3218 4180 3450 4247 ἔφευγον
3479 4178 3581 4231 ἀνά
3609 4178 3755 4248 κρά-

2187 4286 2277 4331 τος
2304 4270 2407 4331 ἓως
2438 4269 2531 4321 ἐπὶ
2554 4271 2689 4327 Σᾶον
2710 4266 2895 4339 ἦλθον.
2935 4270 3247 4340 Ὕπηνέχθη
3267 4272 3321 4323 δὲ
3353 4269 3645 4339 Ῥωμαίοις
3664 4270 3755 4321 τέ-

523 4360 774 4416 cobortes
807 4377 940 4432 quas
965 4364 1366 4423 Coceobasilius
1406 4380 1461 4421 et
1507 4366 1749 4422 Tatii-ius
1792 4371 2080 4437 regebant:

2190 4361 2305 4412 λεον
2330 4361 2430 4428 μὲν
2455 4358 2549 4412 δύο
2577 4361 2687 4413 τῶν
2718 4362 2774 4413 ἐν
2801 4363 3066 4431 ἀριστερᾷ
3093 4361 3410 4428 ταγμάτων,
3434 4354 3507 4412 ὧν
3534 4362 3754 4413 Κοκκο-

524 4462 734 4515 aeterm
759 4468 945 4508 omnes
981 4454 1092 4525 jam
1146 4457 1431 4512 inclinatae.
1480 4458 1549 4512 At
1603 4459 1905 4513 Demetrius
1959 4458 2087 4512 Bra-

527 4557 626 4597 nas
655 4544 767 4599 suis
802 4545 1073 4619 dissipatis
1107 4562 1228 4600 cum
1260 4547 1529 4617 octoginta
1586 4550 1803 4602 relictus
1840 4550 2085 4603 hostibus

420 4628 421 4631 “
525 4650 647 4690 sese
701 4636 911 4698 intulit,
960 4646 1014 4691 et
1062 4636 1356 4693 fortissime
1416 4638 1684 4692 dimicans
1749 4648 1971 4707 accepto
2032 4640 2083 4692 in

525 4716 913 4793 capite-letbali
964 4728 1183 4782 vulnere
1220 4730 1453 4795 concidit
1485 4741 1776 4798 Captusquc
1815 4732 1880 4782 ab
1932 4728 2081 4782 Hun-

524 4816 670 4884 garis
720 4816 770 4869 in
823 4834 1009 4871 eorum
1060 4831 1233 4873 castra
1266 4822 1467 4875 relatus
1512 4830 1614 4873 est.
1666 4820 1853 4874 Frater
1903 4830 2081 4873 autem

527 4904 670 4960 illius
724 4905 989 4976 Georgius
1058 4910 1293 4963 hostium
1360 4910 1701 4968 multitudine
1753 4910 2084 4963 conterritus

526 4995 765 5063 prtelium
794 5010 1078 5050 conserere
1122 5015 1223 5051 non
1270 5011 1432 5099 aptius
1472 5008 1574 5053 est.
1620 5000 1777 5074 273
1832 4999 1921 5052 Sic
1967 5000 2085 5068 qui-

528 5090 647 5139 dem
698 5088 914 5141 sinistra
968 5088 1335 5144 Romanorum
1396 5092 1541 5144 acies
1595 5088 1647 5142 in
1709 5089 1887 5157 fugam
1930 5090 2083 5142 incli-

528 5177 677 5229 navit
710 5194 723 5230 :
754 5178 945 5231 dextra
991 5196 1117 5234 vero
1169 5179 1444 5234 sinistram
1497 5182 1874 5249 littngarornm
1928 5182 2083 5232 inva-

527 5270 661 5322 deus
717 5266 938 5322 Omnino
997 5270 1133 5324 bane
1180 5256 1455 5325 fuditht
1504 5273 1790 5342 Dionysius
1837 5272 1926 5325 ubi
1972 5273 2085 5325 haec

528 5358 783 5423 advertit,
804 5375 897 5415 eos
925 5362 1015 5429 qui
1043 5362 1407 5416 Andronicum
1438 5364 1627 5416 ducem
1660 5362 2086 5416 circumstabant

533 5449 733 5520 adoriri
763 5452 977 5505 statuit.
1012 5449 1119 5505 Sed
1150 5467 1213 5504 ex
1247 5458 1359 5506 suis
1382 5453 1686 5521 complures
1712 5452 1985 5505 conterriti
2019 5450 2085 5503 ad

536 5551 598 5589 se
630 5538 930 5605 equitatum
967 5540 1226 5593 c'ontinuo
1251 5552 1565 5595 evocarunt.
1610 5540 1741 5606 Qua:
1774 5549 1826 5593 ttt
1868 5539 2087 5592 rescivit

538 5629 846 5701 Dionysius,
900 5631 1242 5689 timiditatem
1294 5633 1427 5703 ipsis
1477 5633 1766 5703 exprobrat
1812 5630 2080 5699 simulque

2190 4450 2466 4510 ϐασίλειος
2503 4453 2597 4505 καὶ
2631 4451 2888 4513 Τατίκιος
2908 4448 3103 4521 ἦρχον,
3129 4450 3386 4521 τὰκλοιπὰ
3416 4449 3473 4502 δὲ
3501 4465 3754 4518 παρακε-

2190 4541 2402 4608 κίνηντο
2431 4543 2564 4613 ἤδη.⁴
2587 4543 2699 4595 Kal
2723 4544 3033 4613 Δημήτριος
3060 4543 3159 4610 μὲν
3188 4544 3215 4593 ὁ
3256 4542 3471 4612 Βρανᾶς
3500 4541 3609 4593 τῶν
3646 4543 3750 4596 σὺν

2187 4632 2333 4701 αὑτῷ
2391 4632 2807 4700 ἐσκεδασμένων
2852 4634 2949 4684 σὺν
3001 4632 3333 4701 ὀγδοήκοντα
3392 4630 3754 4697 ἀπολειφθεὶς

2184 4726 2296 4785 τοῖς
2325 4722 2605 4791 πολεμίοις
2638 4722 2940 4790 ξυνέμιξεν,
2992 4720 3245 4792 ὴρωῖκῶς
3297 4739 3353 4773 τε
3399 4721 3755 4789 ἀγωνισάμε-

2184 4832 2273 4877 νος
2302 4813 2467 4867 αὐτοῦ
2496 4813 2659 4865 ἔπεσε
2702 4814 2925 4883 καιρίαν
2963 4812 3103 4864 κατὰ
3142 4812 3235 4863 τοῦ
3280 4810 3571 4879 προσώπου
3607 4809 3751 4879 πλη-

2186 4909 2325 4975 γεὶς,
2351 4906 2698 4975 αἰχμάλωτός
2726 4922 2785 4958 τε
2827 4890 3064 4971 γεγονὼς
3093 4905 3171 4965 είς
3223 4902 3282 4953 τὸ
3326 4900 3544 4954 Οὑννων
3634 4901 3755 4951 ἁπ-

2181 4999 2388 5068 ηνέχθη
2406 4998 2796 5068 στρατόπεδον.⁹
2824 4996 2883 5048 Ὀ
2921 4994 2978 5047 δέ
3010 5011 3070 5058 γε
3107 4993 3330 5061 ἀδελφὸς
3365 4990 3528 5043 αὐτοῦ
3561 4989 3752 5059 Γεὼρ-

2187 5106 2301 5154 γιος
2329 5088 2462 5157 πρὸς
2490 5089 2551 5142 τὺ
2579 5087 2917 5157 ὑπερϐάλλον
2949 5084 3039 5137 τοῦ
3090 5083 3328 5149 πλήθους
3365 5081 3751 5145 διευλαϐηθεὶς

2186 5180 2285 5231 οὑκ
2311 5179 2577 5249 ὲοάῥρησε
2611 5180 2709 5247 τὴν
2739 5175 3079 5245 συμπλοκήν.
3129 5173 3210 5225 Τὰ
3244 5173 3343 5241 μὲν
3376 5172 3451 5241 ,δὴ
3483 5173 3752 5239 εὐώνυμα

2185 5270 2293 5321 τῶν
2370 5270 2615 5337 κεράτων
2683 5266 2825 5319 οὕτω
2883 5265 3175 5334 Ῥωμαίοις
3228 5266 3367 5333 πρὸς
3436 5264 3749 5334 ὑπαγωγὴν

2189 5358 2387 5421 ἔκλινε,
2420 5358 2487 5409 τά
2520 5357 2577 5408 δέ
2614 5355 2720 5408 τῶν
2744 5355 2932 5418 δεξιῶν
2979 5357 3089 5415 τοῖς
3141 5354 3198 5404 ὲν
3246 5353 3515 5422 ἀριστερᾷ
3559 5353 3751 5406 ἐπιθέ-

2192 5464 2325 5516 μενα
2359 5446 2578 5508 Οὖννοις
2607 5445 2900 5513 ἐτρέψαντο
2933 5443 3150 5503 τούτους
3177 5441 3511 5511 περιφανῶς.
3553 5441 3750 5493 Διονύ-

2192 5555 2302 5599 σιος
2336 5536 2426 5591 οὖν
2461 5536 2648 5606 ἐπειδὴ
2680 5534 2854 5589 ταῦτα
2877 5529 2983 5585 εἶδε
3011 5535 3123 5595 τοῖς
3154 5533 3281 5603 περὶ
3305 5534 3398 5584 τὶν
3431 5533 3750 5601 στρατηγὸν

2201 5629 2542 5699 Ἀνδρόνικον
2596 5627 2883 5683 ἐπιθέσθαι
2914 5624 3207 5699 διενοήθη.
3279 5622 3441 5680 Ἀλλὰ
3478 5621 3597 5677 τῶν.
3640 5625 3749 5679 σὺν
