3952 6328
446 221 551 282 675
1727 212 2048 281 JOANNIS
2086 217 2416 282 CINNAMI
3602 210 3709 282 676

444 335 674 386 l'urlunm
695 346 802 387 non
822 332 994 403 possit
1021 333 1309 386 inservire.
1335 331 1576 385 Thomas
1599 329 1746 382 enim
1773 329 2021 399 quamvis

2128 328 2336 381 Λέσϐου
2375 329 2476 397 μὲν
2518 328 2748 398 ὥρμητο
2791 331 2980 398 νήσου,
3026 327 3205 390 οἰκίας
3244 327 3301 380 δὲ
3337 325 3588 396 ἀφανοῦς
3623 341 3713 394 γε·

443 423 511 475 ad
563 421 817 476 ultimum
867 431 922 476 et
981 422 1416 476 sordidissimum
1476 421 1756 474 illiberalis
1809 419 2021 472 artillcii

2128 419 2324 486 γονὼς,
2361 421 2552 490 ἐπειδὴ
2585 421 2751 490 μηδὲν
2783 421 2809 473 ὀ
2861 439 2912 473 τι
2950 421 3061 473 τῶν
3105 420 3266 488 λόγου
3298 419 3470 482 ἀξίων
3515 419 3713 486 ἐπιτή-

443 529 615 580 genus
644 513 1055 575 descendisset.
1099 529 1164 568 ex
1194 528 1258 567 ea
1293 525 1475 568 tamen
1523 523 1640 566 arte
1684 527 1944 580 magnus,
1980 511 2024 566 si

442 605 564 670 quis
592 604 750 670 alius,
786 606 840 660 in
873 605 1075 674 palatio
1105 606 1231 672 fuit,
1261 605 1680 676 ingentibusque
1708 604 1856 658 brevi
1881 619 2027 659 com-

442 697 647 763 paratis
679 699 929 768 pecuniis
983 699 1190 768 aliquot
1241 708 1361 767 post
1388 700 1546 753 annis
1571 714 1694 753 cum
1724 698 1791 753 iis
1821 699 1873 752 in
1921 697 2026 752 Pa-

442 790 714 844 laestinam
736 783 807 847 se
844 792 1069 862 recepit.
1109 792 1217 848 Sed
1251 809 1373 847 cum
1407 792 1540 846 nihil
1572 792 1676 859 ipsi
1701 808 1767 847 ex
1797 802 1920 862 voto
1953 791 2044 846 ibi‘

441 883 781 947 succederet,
805 884 1006 938 iterum
1034 882 1103 937 ad
1135 885 1523 952 imperatorem
1557 883 1717 937 rediit
1744 901 1758 936 :
1786 885 2027 937 veniam-

439 987 547 1039 que
584 973 762 1042 primo
798 987 1154 1041 consecutus,
1192 975 1336 1030 illius
1367 975 1635 1030 oll‘ensam
1687 990 1902 1029 rursum
1936 974 2024 1025 in-

441 1064 635 1128 rurril,
689 1080 864 1135 eoque
924 1067 1044 1133 ipso
1084 1067 1136 1120 in
1191 1081 1473 1122 carcerem
1511 1067 1719 1134 palatii,
1777 1066 1866 1134 qui
1905 1063 2026 1117 Ele-

442 1157 739 1223 plmntinus
767 1159 951 1212 vocari
975 1159 1134 1221 solet,
1158 1158 1442 1227 conjectus
1466 1158 1630 1212 vitam
1657 1159 1708 1209 in
1731 1171 1796 1210 eo
1821 1155 2022 1224 exegit.

441 1249 546 1302 Sed
603 1249 668 1303 de
719 1250 802 1304 bis
863 1262 1073 1319 postea.
1130 1250 1268 1306 Tum
1329 1264 1456 1303 vero
1505 1249 1572 1303 ad
1617 1249 1890 1304 sultauum
1947 1249 2022 1303 uti

440 1340 680 1394 diximus
734 1343 952 1407 missus.
1004 1357 1125 1397 cum
1183 1340 1318 1395 nihil
1369 1355 1828 1410 rerumqnarum
1862 1355 2024 1394 causa

439 1441 664 1485 venerat
696 1433 971 1487 coniicere
1020 1433 1122 1487 iste
1167 1433 1452 1496 voluisset,
1509 1431 1670 1486 rebus
1710 1431 1923 1485 infectis
1958 1433 2024 1484 ad

439 1522 825 1591 imperatorem
870 1512 1147 1589 reversus,
1179 1539 1371 1594 parum
1400 1521 1576 1576 abfuit
1602 1520 1731 1589 quin
1763 1536 1793 1574 a
1839 1520 2026 1575 Persis

439 1615 634 1667 itinera
668 1614 1030 1670 insidentibus
1063 1615 1483 1670 interﬁceretur.

2125 512 2302 580 δευμα
2335 512 2486 582 αὐτῷ
2517 508 2608 583 ἦν,
2647 516 2705 576 ἐς
2757 515 3049 578 Βυζάντιον
3097 514 3229 566 ἰόντι
3255 511 3417 580 ἔργον
3445 509 3714 579 ἐπιμελὲς

2126 605 2372 672 ἐγεγόνει
2407 605 2613 675 φλέϐας
2639 605 2946 675 ἀνθρώπων
2968 606 3222 674 τέμνοντι
3252 603 3509 656 ἐντεῦθεν
3532 602 3715 671 ἑαυτῷ

2124 696 2187 782 τί)
2257 697 2357 766 ζῇν
2412 697 2838 782 περιποιεῖσθαι.
2894 697 3037 751 Ἀλλ’
3094 690 3239 750 ἔοικε
3292 696 3405 749 τῶν
3452 689 3749 749 ἁπάντων·

2126 780 2268 838 εἶναι
2295 780 2526 856 μηδὲννό
2570 784 2870 858 βουλομένῃ
2897 789 2964 856 τῇ
2997 785 3138 857 τύχῃ
3167 786 3467 854 ὑπηρετεῖν
3501 784 3718 854 ἥκιστα

2126 877 2367 932 δύναιτο.
2397 879 2600 947 Θωμᾶς
2622 879 2767 948 γὰρ,
2807 877 2987 930 καίτοι
3010 875 3380 947 έςτοῦσχατον
3411 876 3714 946 βαναυσίας

2124 971 2298 1040 ἥκων,
2331 972 2396 1024 ὲκ
2431 971 2625 1023 τούτου
2659 971 2723 1038 δὴ
2748 969 2844 1022 τοῦ
2877 969 3090 1039 τεχνίον
3118 969 3293 1038 μέγας
3329 971 3386 1021 ὲν
3413 968 3716 1037 βασιλείοις

2126 1063 2286 1131 εἴπερ
2339 1080 2424 1125 τις
2465 1062 2776 1132 ἀνθρώπων
2809 1062 3058 1129 ἐγένετο,
3094 1061 3359 1132 χρήματά
3402 1077 3462 1112 τε
3497 1060 3715 1130 μεγάλα

2127 1155 2187 1204 ἐν
2215 1153 2412 1224 βραχεῖ
2450 1153 2922 1222 περιϐεϐλημένος
2953 1154 3171 1224 χρόνοις
3202 1154 3349 1216 τισὶν
3383 1150 3625 1221 ὕστερον
3657 1151 3714 1210 ις

2131 1245 2501 1315 Παλαιστίνην
2557 1246 2655 1312 ξὺν
2713 1246 2897 1308 αὐτοῖς
2947 1234 3133 1298 ἀπιὼν
3173 1242 3364 1314 ᾤχετο.
3419 1242 3506 1312 Μὴ
3568 1241 3715 1293 κατά

2126 1340 2356 1406 γνώμην
2381 1339 2438 1390 δὲ
2472 1336 2621 1407 αὑτῷ
2658 1337 2767 1388 τῶν
2786 1338 2913 1404 τῇδε
2961 1335 3389 1404 ξυμπιπτόντων
3417 1331 3580 1397 αὖθις
3622 1331 3716 1386 ἐπὶ

2128 1427 2355 1496 βασιλέα
2406 1429 2822 1496 παραγίνεταιμ
2851 1427 3099 1494 ςτλεώλτι
3166 1424 3340 1479 αὑτοῦ
3389 1424 3716 1494 τετυχηκὼς

2125 1519 2352 1582 δύσνους
2390 1518 2640 1581 εἰσαῦθις
2675 1519 2963 1588 ἠλέγχετο,
3005 1519 3066 1581 ἐς
3097 1516 3199 1587 τὴν
3251 1517 3310 1569 ἐν
3363 1516 3621 1585 παλατίῳ
3653 1531 3714 1566 τε

2128 1612 2376 1682 φρουρὰν
2401 1610 2614 1680 ἀχθεὶς,
2643 1612 2711 1682 ην
2749 1609 3138 1680 Ἐλεφαντίνην
3186 1608 3301 1681 (76)
3347 1607 3469 1671 εθος
3516 1607 3711 1661 καλεῖν
3745 1655 3748 1657 .

435 1708 606 1772 ἐστιν,
634 1706 868 1760 ἐνταῦθα
891 1707 990 1769 τὸν
1024 1706 1136 1776 βίον
1162 1707 1626 1776 ξυνεμετρήσατο.
1644 1704 1805 1787 Ἀλλά
1829 1705 2006 1759 ταῦτα
2049 1705 2148 1774 μὲν
2203 1704 2334 1757 ὕστε
2345 1720 2459 1774 ρον.
2480 1701 2625 1776 Τότε
2660 1703 2715 1756 δὲ
2739 1703 2833 1757 ἰπὶ
2897 1701 2988 1754 τδν
3017 1700 3264 1765 σουλτάν,
3300 1700 3492 1768 ὥσπερ
3519 1699 3710 1766 ἐλέγο-

440 1813 539 1866 μεν
573 1795 994 1866 παραγεγονὼς,
1025 1796 1150 1848 ἐπεὶ
1182 1795 1354 1866 μηδὲν
1417 1789 1494 1849 ὧν
1535 1797 1701 1850 ἕνεκα
1734 1791 1902 1866 ἢλθεν
1968 1795 2218 1858 ἐπιτελὲς
2265 1793 2476 1856 ἐκεῖνος
2549 1795 2725 1846 ποιεῖν
2778 1792 2991 1864 ἢθελεν,
3025 1794 3311 1862 ἄπρακτος
3373 1796 3430 1854 ἐς
3475 1792 3714 1861 βασιλέα

439 1886 773 1951 παλινοστεῖ,
802 1887 892 1940 ὅτε
919 1889 982 1956 δὴ
1019 1886 1217 1954 μικροῦ
1258 1888 1362 1967 ,καὶ
1384 1889 1748 1942 ἀπεκτονέναι
1780 1887 1971 1942 τοῦτον
2008 1888 2234 1958 ἐδέησαν
2265 1889 2477 1957 Πέρσαι
2515 1889 2567 1942 οἶ
2601 1888 2704 1941 ἀνὰ
2734 1887 2836 1958 τὴν
2885 1888 3004 1942 ὁδὸν
3036 1886 3424 1967 ινεδρεύοντες
3462 1884 3637 1961 ἦσαν.

510 1983 566 2034 3.
590 1977 860 2035 Caeterum
889 1980 1185 2048 imperator
1211 1966 1358 2034 intra
1387 1981 1858 2051 quadragesimum
1877 1982 2018 2038 diem
2054 1987 2097 2044 Β

435 2072 570 2126 urbe
601 2073 922 2134 instaurata,
957 2084 1080 2124 cum
1115 2085 1236 2123 eam
1265 2068 1410 2125 fossa
1441 2071 1704 2126 cinxisset
1727 2071 2019 2140 multisque

324 2163 327 2166 ’
434 2162 509 2216 ibi
542 2161 640 2224 ,ad
674 2160 1024 2213 habitandum
1074 2157 1332 2213 Romanis
1361 2159 1521 2216 sedes
1547 2161 1806 2225 dedisset,
1842 2161 2018 2215 valido

439 2258 666 2321 insuper
706 2249 896 2305 relicto
931 2251 1203 2319 prznsidio,
1246 2251 1371 2306 inde
1421 2251 1698 2320 prolectus
1745 2263 1922 2308 castra
1953 2255 2017 2307 ad

436 2343 795 2413 Rliyudncum
856 2342 1038 2407 locat,
1091 2350 1253 2411 atque
1307 2341 1592 2412 paulisper
1657 2343 1730 2398 ibi
1776 2354 2018 2398 moratus

437 2433 712 2488 discessit.
763 2432 1008 2501 Cumque
1056 2447 1259 2500 paucos
1305 2433 1598 2488 admodum
1652 2434 1806 2504 sequi
1864 2434 2013 2502 signa

433 2524 641 2577 videret
670 2523 940 2593 (plerique
987 2524 1129 2577 enim
1160 2523 1383 2579 ordines
1434 2525 1607 2578 inscio
1644 2524 1762 2594 ipso
1793 2528 2014 2579 domum

436 2614 730 2675 redierant,
759 2615 862 2668 etsi
883 2629 987 2668 non
1019 2614 1205 2681 semel,
1240 2614 1406 2686 298
1439 2623 1496 2670 ut
1524 2616 1700 2681 aiunt,
1730 2618 2011 2678 vetuisset,

433 2720 502 2759 ne
530 2707 654 2774 quis
682 2708 880 2760 castris
900 2707 1231 2774 excederet),
1263 2705 1581 2761 Michaelem
1601 2708 1887 2776 quemdam
1914 2725 2015 2786 na-

436 2799 582 2852 tione
612 2798 934 2863 Barbarum,
967 2810 1126 2854 antea
1155 2799 1309 2853 lsacb
1333 2808 1606 2865 vocatum,
1634 2803 1776 2855 inter
1829 2800 2018 2856 dome-

440 2891 609 2943 sticos
639 2889 915 2944 ministros
946 2889 1149 2959 primas
1183 2898 1475 2953 tenentem,
1499 2889 1568 2944 ad
1596 2891 1918 2945 sumendum
1949 2892 2015 2948 de

433 2982 498 3033 iis
528 2981 622 3050 qui
660 2981 885 3035 ordines
913 2982 1280 3034 deseruerant
1310 2980 1660 3050 supplicium,
1695 2982 1877 3035 misit:
1899 2982 2016 3052 ipse

430 3087 552 3124 cum
591 3071 777 3140 paucis
807 3087 900 3140 per
936 3069 1169 3140 Lainpes
1199 3085 1420 3141 campos
1471 3073 1573 3126 iter
1603 3069 1834 3136 faciens,
1859 3073 2013 3142 oppi-

429 3165 556 3216 dum
592 3162 860 3229 quoddam
899 3163 963 3217 ad
1012 3161 1270 3216 Maeandri
1324 3163 1498 3218 fontes
1533 3171 1894 3230 exstructum,
1922 3168 2010 3219 cui

433 3254 708 3308 Sublteum
734 3269 933 3309 nomen
969 3263 1075 3320 est,
1095 3265 1364 3311 vetustate
1393 3255 1694 3326 collapsum
1718 3256 2009 3312 instaurat.

2196 1980 2266 2049 γ’.
2307 1982 2571 2046 Βασιλεὺς
2604 1981 2683 2046 δὲ,
2705 1982 2933 2053 ἡμερῶν
2967 1980 3123 2034 οὔπω
3152 1983 3563 2052 τετταράκοντα
3607 1985 3713 2054 τὴν

2124 2073 2281 2127 πόλιν
2319 2074 2635 2144 ἀνεγείρας,
2674 2074 2864 2143 ἐπειδὴ
2888 2073 3100 2144 τάφρον
3129 2089 3190 2125 τε
3223 2074 3362 2143 αὐτῇ
3399 2067 3712 2144 περιήλασε

2122 2166 2220 2218 καὶ
2297 2165 2592 2232 Ῥωμαίων
2640 2167 2718 2230 ὼς
2774 2166 3071 2231 πλείστους
3149 2168 3389 2222 ἐνταῦθα
3436 2169 3711 2240 ᾠκίσατε),

2122 2256 2371 2328 φρουρὰν
2388 2258 2720 2329 ἀποχρῶσαν
2745 2260 2873 2330 τῇδε
2903 2260 3223 2335 καταλιπὼν
3250 2261 3427 2313 ὀπίσω
3484 2261 3717 2333 ἐχώρει,

2123 2353 2236 2413 τοῖς
2262 2351 2408 2420 ἀμφὶ
2432 2351 2514 2420 τῷ
2568 2352 2850 2422 Ῥυνδακῷ
2876 2353 3250 2425 αὐλισάμενος
3316 2355 3542 2427 χωρίοις
3567 2359 3718 2424 ἐπ’

2123 2443 2307 2512 ὀλίγον
2336 2461 2396 2496 τε
2422 2445 2805 2509 διαναπαύσας
2824 2446 2887 2500 τὸ
2917 2447 3236 2516 στράτευμα
3259 2448 3476 2502 ἐκεῖθεν
3500 2448 3714 2518 ἀπῆρε.

2123 2537 2341 2607 Κομιδῆ
2383 2537 2441 2590 δὲ
2479 2538 2694 2606 ὀλίγους
2746 2539 2898 2610 αὐτῷ
2963 2541 3368 2610 συνεπομένους
3425 2542 3570 2610 ὀρῶν
3626 2541 3721 2610 (τά

2123 2628 2233 2700 γὰρ
2260 2630 2434 2684 πλείω
2466 2632 2572 2691 τῶν
2604 2634 2909 2702 ταγμάτων
2935 2635 3191 2704 ἀπῄεσαν
3225 2635 3390 2697 οῐκοι,
3423 2634 3599 2705 μηδὲν
3636 2635 3720 2696 είς

2122 2722 2325 2789 γνῶσιν
2362 2719 2501 2791 ἧκον
2537 2718 2719 2795 αὐτῷ,
2745 2726 2946 2789 καίτοι,
2964 2768 2974 2772 ..
2999 2725 3190 2795 ὥσπερ
3218 2727 3466 2795 ἐλέγετο,
3538 2714 3721 2780 πολλά

2124 2813 2255 2885 περὶ
2279 2810 2376 2870 τοῦ
2410 2815 2620 2888 μηδένα
2657 2817 2794 2882 τέως
2839 2817 2936 2870 τοῦ
2990 2819 3360 2887 σήρατοπέδου
3396 2821 3720 2890 ἀποχωρεῖν

2125 2911 2650 2982 παρεγγυησαμένῳ
2685 2909 2774 2984 [Ρ.
2831 2908 2957 2985 174]
2987 2908 3304 2986 πρότερον),
3357 2911 3581 2980 Μιχαὴλ
3615 2911 3718 2980 μέν

2122 3016 2247 3050 τινα
2266 3000 2556 3070 Βάρϐαρον
2584 3005 2741 3070 γένος
2773 3004 2988 3074 (ἀμέλει
3025 3007 3119 3059 καὶ
3159 3007 3306 3076 Ίσάχ
3337 3009 3512 3077 ὄνομα
3559 3003 3719 3079 αὐτῷ

2121 3092 2392 3162 πρότερον
2426 3090 2519 3164 ἦν)
2549 3095 2660 3148 τῶν
2689 3097 2790 3172 ἐπὶ,
2813 3096 3000 3160 ἑστίας
3028 3097 3085 3151 δὲ
3127 3099 3281 3169 αὐτῷ
3337 3100 3715 3171 διυπηρετου-

2124 3183 2308 3253 μένων
2342 3185 2410 3238 τὰ
2436 3187 2651 3254 πρῶτα,
2692 3187 2781 3254 ἐφ’
2804 3180 2848 3254 ᾧ
2896 3205 3052 3252 τινας
3103 3190 3456 3258 στρατιωτῶν
3487 3192 3605 3245 τῶν
3648 3195 3714 3245 ὲκ

2117 3273 2599 3341 τῆςιλειποταξίας
2637 3280 2696 3340 ἐς
2741 3279 2800 3332 τὺ
2829 3279 2992 3350 σῶμα
3020 3281 3302 3351 ζημιῶσαι
3338 3282 3614 3353 ἐπεμψεν.
3671 3287 3714 3335 Ο

431 3344 506 3400 lbi
541 3346 836 3415 imperator
869 3346 975 3400 alio
999 3361 1224 3414 prorsus
1249 3362 1407 3414 quam
1434 3362 1548 3427 quo
1589 3347 1800 3403 solebat
1832 3351 2014 3412 modo,

2124 3365 2177 3417 δὲ
2206 3364 2300 3428 ξὺν
2324 3367 2529 3435 ὀλίγοις
2560 3371 2658 3433 τὰς
2699 3371 2794 3424 ἐπὶ
2839 3344 3109 3442 Λάμπης⁷
3141 3373 3368 3427 διελθὼν
3419 3344 3712 3441 πεδιάδας,

432 3451 556 3491 cum
603 3437 852 3492 hostibus
893 3437 1136 3510 praelium
1167 3437 1309 3492 inire
1355 3441 1540 3507 etrapit.
1574 3439 1718 3509 lgnis
1749 3438 1894 3493 enim
1923 3450 2017 3494 aut

430 3544 585 3600 siqua:
627 3529 810 3584 elluste
869 3531 1062 3595 instar,
1092 3530 1242 3584 nullo
1280 3529 1383 3586 sibi
1417 3530 1720 3598 resistente,
1754 3534 2018 3587 accende-

428 3622 587 3674 batur
610 3629 663 3676 et
695 3621 993 3677 ferebatur.
1031 3621 1169 3675 Dum
1202 3621 1320 3676 haec
1350 3637 1379 3675 a
1410 3623 1654 3692 principe
1689 3619 2014 3696 agebantur,

429 3709 683 3778 Michael,
711 3715 866 3785 cujus
898 3714 1058 3768 modo
1084 3716 1324 3780 memini,
1361 3726 1422 3769 ut
1465 3716 1555 3784 qui
1593 3713 1854 3771 Romanis
1873 3717 2017 3785 jam-

431 3807 638 3874 pridem
674 3806 920 3860 infensus
950 3817 1092 3872 erat,
1129 3819 1286 3875 capta
1328 3806 1451 3861 irati
1487 3808 1828 3877 imperatoris
1857 3826 2015 3864 occa-

429 3900 601 3963 sione,
629 3899 821 3953 obvios
854 3914 1121 3968 quosque,
1143 3898 1291 3952 nulla
1315 3899 1498 3953 habita
1525 3899 1673 3968 prius
1688 3903 2011 3970 quaestione,

429 3991 653 4060 supinos
679 3989 745 4043 ad
780 3999 976 4042 terram
1028 3989 1326 4058 prosternit
1381 3987 1635 4057 ferroque
1685 3991 1857 4046 oculis
1912 3992 2016 4045 im-

431 4097 610 4136 merso
633 4090 934 4137 excaecatos
960 4081 1188 4137 miseros
1217 4081 1356 4135 sicut
1375 4091 1530 4135 erant
1553 4081 1830 4152 relinquit,
1849 4099 2014 4153 quor-

2123 3456 2386 3529 φρούριόν
2418 3477 2469 3512 τι
2510 3463 2641 3531 περὶ
2667 3461 2895 3533 πρώτας
2921 3480 3026 3516 που
3052 3464 3146 3516 τοῦ
3183 3467 3499 3538 Μαιάνιῗρου
3555 3468 3714 3540 ίδρυ-

2085 3551 2287 3638 ἔλμένον
2319 3551 2551 3616 ἐκϐολὰς
2590 3553 2906 3623 (Σούϐλαιον
2928 3557 3099 3624 ὄνομα
3127 3559 3299 3628 αὐτῷ)
3350 3560 3535 3631 χρόνῳ
3603 3578 3710 3614 πε-

2095 3633 2340 3706 ’πτωκδς
2358 3643 2652 3714 ἀνεγείρει.
2688 3646 2968 3700 Ἐντεῦθεν
2989 3648 3176 3702 οὐκέτι
3217 3650 3282 3720 δὴ
3309 3651 3511 3721 τρόπον
3533 3653 3711 3724 ὅνπερ

2119 3736 2302 3789 εἰώθει
2332 3738 2616 3808 πολεμίοις
2678 3740 3091 3810 ξυμπλέκεσθαι
3165 3743 3422 3813 βασιλεὺς
3465 3745 3706 3814 ἠρξατο,

2117 3828 2256 3883 ἀλλὰ
2275 3828 2386 3901 πῦρ
2426 3825 2538 3884 οἷον
2569 3831 2610 3902 ἢ
2645 3831 2788 3902 ὕδωρ
2812 3833 3207 3897 ἀνυποστάτως
3235 3833 3393 3906 ὤργα
3438 3838 3534 3890 καὶ
3572 3825 3721 3905 ὶφέέ

2119 3939 2263 3992 ρετο.
2295 3922 2563 3987 Βασιλεὺς
2600 3923 2700 3993 μὲν
2723 3923 2816 3976 οὖν
2854 3926 2912 3976 ὲν
2942 3924 3158 3988 τούτοις
3210 3922 3306 3996 ἦν·
3362 3927 3591 3999 Μιχαὴλ
3622 3930 3704 3993 δὲ,

2115 4009 2287 4084 οὗπερ
2317 4014 2419 4085 ήδη
2442 4013 2744 4084 ἐμνήσθην,
2783 4015 2916 4068 ὡσεὶ
2993 4018 3056 4070 εκ
3092 4015 3338 4081 πλείονος
3391 4018 3493 4091 ήδη
3556 4023 3707 4079 κατὰ

2143 4105 2416 4173 Ρωμαίων
2436 4103 2704 4174 ἐτύγχανε
2749 4105 3033 4176 μεμηνὼς,
3062 4106 3305 4184 ,ἕρμαιον
3383 4111 3486 4179 τὴν
3542 4111 3704 4181 βασι-

428 4191 544 4228 sum
583 4177 694 4228 haec
726 4184 1043 4243 paterentur
1093 4174 1314 4245 ignaros
1364 4189 1587 4245 prorsus
1619 4191 1634 4229 ε
1668 4175 1793 4229 licet
1846 4178 2010 4229 etiam

2124 4195 2252 4259 λέως
2282 4197 2404 4250 τότε
2435 4197 2499 4266 δὴ
2533 4174 2904 4268 πεποιημένος
2938 4174 3275 4270 ὀργήν,ντῶν
3333 4174 3705 4276 παρατυγχα-

428 4270 510 4322 rei
542 4268 762 4322 militari
790 4283 899 4322 non
929 4267 1469 4337 dedisseutoperam,
1500 4268 1593 4321 sed
1619 4269 1807 4323 rustici
1830 4280 2013 4324 essent

2124 4288 2318 4340 υόντων
2348 4288 2500 4357 αὐτῷ
2525 4267 2779 4355 ἕκαστον,
2807 4267 3540 4362 οὐδὲνήπολυπραγμονησας

427 4371 522 4414 aut
549 4371 884 4413 mercatores
917 4359 1172 4429 aliudque
1215 4360 1266 4413 id
1294 4374 1466 4429 genus
1501 4360 1804 4415 hominum.
1839 4361 2012 4431 Atque

2124 4397 2294 4447 τερον,
2321 4379 2514 4434 ὕπτιόν
2546 4399 2608 4433 τε
2626 4382 2771 4435 κατὰ
2792 4384 2895 4453 γῆν
2956 4383 3132 4436 ἔτεινε
3181 4359 3305 4437 και
3333 4359 3457 4437 κατ’
3499 4359 3706 4455 ὀφθαλς

428 4455 497 4506 ita
527 4453 580 4506 in
604 4453 742 4506 alios
766 4453 928 4506 etiam
960 4452 1334 4521 grassabatur,
1359 4467 1498 4520 quos
1519 4453 1724 4521 pariter
1754 4454 2011 4507 membris

2124 4473 2241 4538 μοῖν
2264 4472 2355 4525 τὸν
2383 4472 2606 4541 σίδηρον
2631 4452 2855 4544 βάπτων
2879 4475 3043 4527 αὑτὸν
3068 4475 3197 4542 ,μὲν
3256 4475 3425 4530 αὐτοῦ
3463 4452 3556 4530 εἶα
3592 4479 3707 4532 δεί⁹

429 4543 572 4597 Ῐαέἀε
621 4543 928 4640 ιηξηίίυιηί·
981 4542 1089 4596 sed
1153 4541 1497 4640 iliipfl‘aiori_
1527 4542 1620 4611 (Ιυί
1677 4543 1786 4640 iani
1815 4544 2011 4640 ρνρῖιξο
2113 4562 2284 4628 λαιοτι,
2315 4563 2435 4615 οὐδὲ
2455 4564 2579 4616 ὅτου
2614 4541 2782 4618 ἕνεκα
2799 4565 3004 4636 πάσχει
3034 4541 3314 4631 συνιέντα,
3349 4568 3475 4621 οὐδὲ
3530 4586 3706 4640 στρα-

423 4637 762 4688 ttommunito
811 4649 1059 4688 reversus
1105 4645 1223 4687 erat
1275 4632 1595 4703 Byzantium
1630 4635 1864 4705 cognitis
1892 4636 2010 4689 istis

2124 4653 2264 4714 τείας
2294 4653 2442 4708 ἔστιν
2471 4648 2532 4708 οὗ
2575 4632 2973 4726 μεταλαχόντα,
3001 4657 3138 4711 ἀλλὰ
3169 4661 3428 4729 ἀγροῖκον
3461 4661 3496 4730 ἡ
3529 4632 3706 4728 ἐμπο-

423 4744 547 4781 eum
603 4728 899 4791 revocavit,
961 4741 1060 4780 nec
1114 4726 1342 4778 multum
1411 4724 1582 4778 abfuit
1625 4726 1756 4794 quin
1815 4727 2005 4781 iisdem

2124 4746 2259 4816 piat;
2283 4745 2666 4815 ξυμϐάλλοντα
2697 4749 2730 4818 ἢ
2764 4724 2885 4801 τίνα
2915 4749 3094 4804 ἄλλων
3128 4724 3459 4820 ἀνθρώπων.
3483 4724 3495 4730 -
3645 4753 3702 4806 δὲ

426 4822 841 4891 propemodum,
876 4820 1071 4888 quibus
1122 4819 1258 4872 alios
1297 4818 1552 4874 affecisse.
1597 4818 1852 4880 diximus,
1888 4833 2010 4872 eum

2124 4837 2198 4887 ἐπ’
2225 4837 2421 4899 ἀλλους
2453 4837 2652 4908 ἐχώρει
2693 4840 2786 4892 καὶ
2805 4840 3055 4910 σώμασιν
3083 4818 3392 4911 ἀνθρώπων
3449 4841 3705 4896 ἑλωϐἄτο

429 4915 739 4966 multaverit
769 4914 964 4982 poenis.
1001 4912 1198 4963 Verum
1223 4925 1284 4962 ea
1313 4911 1451 4979 lege,
1486 4916 1544 4962 ut
1595 4909 1720 4961 talia
1757 4909 2013 4978 deinceps

2124 4926 2355 4992 πολλοῖς,
2384 4928 2490 4991 ἕως
2525 4929 2633 4982 τῶν
2665 4909 3064 5000 πραττομένων
3079 4909 3410 5001 αἰσθόμενος
3436 4931 3699 5000 βασιλεὺς

423 5007 476 5058 in
507 5004 779 5059 Romanos
813 5019 917 5057 non
945 5004 1187 5066 auderet,
1220 5004 1426 5055 crimen
1475 5002 1696 5070 quidem
1744 5002 1819 5054 illi
1851 5005 2014 5055 remi-

2124 5019 2236 5090 (ἤδη
2273 5021 2382 5091 γὰρ
2413 5020 2480 5072 τὰ
2515 5021 2659 5089 ἀμφὶ
2695 5021 2772 5090 τῷ
2829 5023 3078 5092 φρουρίῳ
3127 5021 3443 5091 διαθέμενος
3482 5024 3546 5076 εῦ
3605 5026 3702 5078 ἐπὶ

427 5102 498 5153 sit
537 5120 550 5152 :
595 5101 687 5154 sed
721 5097 885 5168 299
905 5098 1117 5166 iustitia
1155 5098 1336 5149 divina
1372 5095 1514 5148 haud
1549 5095 1718 5149 multo
1752 5104 1871 5164 post
1902 5095 2011 5148 ulta

2124 5110 2414 5170 Βυζάντιον
2444 5109 2825 5180 ἀνεκομίζετο)
2856 5112 2956 5181 τῆς
2992 5111 3174 5182 ὁρμῆς
3212 5111 3380 5164 αὑτὸν
3431 5111 3646 5166 ἔπαυσε
3683 5129 3696 5143 ·

422 5200 500 5244 tnt
530 5191 735 5244 scelera
771 5207 895 5243 eum
931 5191 1038 5241 vita
1071 5189 1293 5250 exemit,
1323 5187 1634 5255 liberosque
1674 5187 1816 5240 illius
1845 5187 2011 5242 variis

2124 5197 2239 5265 mp’
2270 5195 2450 5262 ὀλίγον
2484 5196 2671 5264 μέντοι
2699 5199 2920 5263 ἐγένετο
2953 5201 3076 5259 ταῖς
3101 5197 3342 5251 τοιαῖσδε
3365 5199 3458 5250 καὶ
3529 5201 3697 5265 αὐτὸς

420 5283 645 5350 subjecit
676 5280 1094 5334 calamitatibus.
1128 5277 1328 5332 Eodem
1359 5292 1576 5346 quoque
1612 5288 1866 5346 tempore
1901 5277 2010 5332 Ga-

2124 5283 2424 5336 ῑκδεδόσθαι
2456 5286 2694 5348 ποιναῖς,
2735 5283 2928 5353 ὥσπερ
2950 5285 3195 5353 ἐλέγετο.
3236 5285 3400 5338 Ἀλλὰ
3433 5285 3698 5355 βασιλεὺς

423 5377 574 5427 bram
633 5373 799 5426 etiam
839 5374 890 5427 in
946 5371 1208 5440 judicium
1248 5381 1460 5424 vocavnt
1489 5373 1764 5439 princeps,
1797 5371 2012 5439 lataque

2124 5374 2215 5442 μὲν
2255 5373 2330 5442 μὴ
2361 5374 2536 5425 ταύτὰ
2558 5376 2650 5425 καὶ
2683 5373 2844 5426 πάλιν
2905 5374 3200 5445 Ῥωμαίοις
3246 5375 3492 5446 τολμηθῇ
3581 5378 3699 5431 δια-

1761 5491 1853 5548 Du
1891 5490 2116 5568 Cangii
2151 5501 2340 5551 uota}.

489 5614 602 5684 (7G)
678 5612 1084 5683 Ἐλεφαντίνην.
1142 5613 1213 5668 De
1270 5613 1373 5669 hoc
1415 5625 1635 5668 carcere
1671 5611 1906 5667 diximus
1933 5611 1995 5663 ad

2124 5610 2370 5663 nti-adem.
