3952 6328
579 257 680 325 τιι

1835 253 2234 313 MANUELIS
2274 251 2616 312 COMNENI
3753 253 3836 320 712

582 389 628 425 et
662 369 926 437 quomodo
963 369 1101 420 riras
1142 367 1259 418 nari
1285 375 1576 434 pugnantes
1611 365 1908 417 innumeros
1941 365 1991 416 in
2023 364 2177 415 ttu.ti—
2214 373 2250 421 Α
2290 368 2480 421 brium,
2520 373 2568 414 et
2602 379 2693 428 per
2740 366 2901 429 ipsam
2959 364 3330 433 tIIegalupolin,
3366 376 3413 418 et
3462 365 3752 435 simpliciter
3793 374 3833 425 in

580 463 714 515 litim
765 462 912 513 nobis
957 466 1420 529 presentarerttnt;
1468 457 1831 526 quomodoque
1876 457 1920 487 ⁸⁸
1964 458 2174 524 pmprio

579 554 735 606 stollo
781 553 989 605 scelesti
1039 551 1233 604 stolam
1268 552 1310 580 "
1347 551 1398 604 vi
1445 560 1760 618 superarunt
1796 547 1864 613 ’°,
1905 548 2176 614 perdentes

581 659 701 696 cum
735 647 865 709 ipsis
915 643 1076 708 viris;
1128 652 1176 696 et
1210 645 1349 710 quod
1404 657 1540 693 nunc
1573 657 1779 708 quoque
1831 643 1978 692 nobis
2019 640 2175 691 aua‘i-

585 736 779 789 liantes
808 744 1178 802 perseverant;
1211 746 1254 786 et
1293 732 1423 793 alia,
1460 749 1559 802 que
1589 751 1617 784 a
1649 733 2021 799 thalattocopis
2051 733 2085 782 i.
2127 748 2172 785 e.

579 830 635 880 in
664 829 800 880 ntari
832 826 1198 880 laborantibus
1232 827 1357 878 viris
1388 819 1505 877 acta
1550 837 1692 886 sunt,
1728 837 1774 876 et
1808 842 1904 893 que
1937 840 2176 875 correcta

582 931 840 974 nouerunt
875 936 1073 985 omnes,
1109 921 1206 991 etsi
1243 937 1336 973 uas
1381 935 1483 972 non
1513 919 1794 971 dicamus?
1831 917 1980 969 Unde
2026 926 2074 968 ct
2123 917 2176 967 in

583 1014 1010 1066 remuneratione
1055 1012 1364 1080 hujusmodi
1405 1013 1636 1078 ipsorum
1687 1011 2022 1063 servitiorum
2054 1011 2178 1060 bene

587 1106 748 1158 voluit
807 1104 1094 1173 Imperium
1157 1121 1328 1156 meum
1397 1119 1490 1172 per
1537 1118 1749 1170 presens
1804 1100 2176 1154 chrisobullion

582 1213 875 1249 sermonem
908 1199 1141 1265 accipere
1167 1214 1253 1250 eos
1274 1211 1445 1248 annue
1471 1198 1523 1246 in
1554 1205 1784 1259 tempore
1814 1211 1937 1265 rage
1961 1193 2170 1246 sollem-

584 1289 766 1354 pnium
833 1289 1018 1340 libror.
1073 1289 1114 1319 ²¹
1151 1286 1295 1348 XX,
1343 1297 1391 1340 et
1443 1298 1498 1339 ut
1549 1287 1944 1340 distribuantur
1987 1285 2077 1337 hec
2125 1285 2177 1336 in

581 1382 823 1447 prOprias
853 1379 1099 1432 ecclesias
1124 1380 1409 1433 secundum
1441 1381 1676 1444 ipsorum
1703 1380 1851 1432 velle.
1885 1378 2175 1430 IIonoravit

582 1482 762 1525 autent
794 1483 842 1526 et
884 1463 1108 1526 nobilem
1141 1474 1335 1526 Ducem
1362 1489 1542 1526 eorum
1580 1471 2024 1524 venerabilissima
2050 1487 2176 1536 pro-

583 1563 836 1618 tosebasti
868 1566 1126 1634 dignitate
1174 1569 1291 1618 cum
1342 1581 1466 1631 roga
1501 1565 1660 1616 etiam
1706 1579 1800 1615 sua
1847 1563 2172 1630 plenissima.

585 1652 708 1708 Non
745 1657 802 1709 in
853 1672 1078 1722 persona
1126 1672 1246 1709 vero
1294 1655 1458 1724 ipsius
1497 1655 1859 1707 determinavit
1891 1655 2176 1717 honorem;

580 1747 671 1799 sed
698 1746 1075 1800 indesmentem
1105 1763 1218 1800 esse
1252 1760 1410 1814 atque
1439 1757 1746 1812 perpetuum
1779 1757 1824 1798 et
1853 1761 1944 1810 per
1972 1761 2176 1798 succes-

579 1837 751 1890 siones
797 1853 960 1908 usque
1000 1838 1043 1869 "
1097 1840 1384 1890 secundum
1429 1836 1566 1887 diem
1617 1836 1662 1866 "
1712 1835 1908 1902 fuerint
1943 1834 2174 1890 Ducibus

583 1931 873 1982 transmitti
904 1929 1188 1996 deﬁnitivis
1233 1931 1286 1981 in
1333 1929 1478 1982 urbe.
1517 1925 1808 1979 IIonoravit
1848 1939 1892 1979 et
1923 1925 2174 1980 Putriar-

582 2021 732 2074 cham
759 2035 938 2072 eorum
967 2019 1319 2090 hypertimon,
1348 2021 1386 2071 i.
1420 2034 1465 2072 e.
1495 2016 2030 2083 super/tonarabilent,
2058 2035 2174 2070 cum

579 2126 706 2178 roga
754 2109 1018 2164 librarum
1070 2111 1276 2180 viginti.
1315 2110 1380 2163 Et
1430 2113 1568 2163 hunc
1617 2126 1738 2162 vero
1790 2110 2036 2162 honorem
2086 2128 2176 2177 per

579 2205 958 2256 successionem
995 2205 1050 2257 in
1100 2220 1208 2267 eos,
1245 2207 1336 2274 qui
1383 2204 1625 2271 deinceps
1659 2204 1878 2272 fuerint,
1927 2202 2173 2257 Patriar-

579 2295 705 2348 chos
739 2295 1053 2355 transmisit,
1091 2309 1143 2347 ut
1189 2296 1271 2348 hic
1321 2310 1524 2362 quoque
1574 2295 1641 2345 sit
1691 2293 1985 2345 indesinens
2018 2303 2174 2363 atque

578 2397 882 2453 perpetuus,
918 2397 963 2438 et
999 2402 1102 2438 non
1132 2396 1341 2438 tantum
1372 2402 1619 2454 persona-
1639 2384 1684 2417 ⁸⁸
1715 2385 1828 2453 ejus
1885 2384 2172 2438 Constituit

583 2494 699 2529 vero
758 2474 1043 2544 Imperium
1117 2493 1290 2529 meum
1349 2487 1396 2529 et
1459 2475 1852 2529 sanctissimam
1901 2475 2174 2527 ecclesiam

582 2570 757 2621 sancti
789 2570 1013 2636 opastoli
1061 2578 1110 2622 et
1160 2569 1472 2639 evangeliste
1523 2568 1716 2630 Marci,
1748 2567 1837 2637 qui
1869 2578 1943 2620 est
1978 2569 2032 2620 in
2077 2564 2176 2619 Ve-

581 2661 745 2723 netia,
781 2665 844 2710 ob
878 2675 981 2712 uno
1011 2676 1213 2729 quoque
1247 2661 1302 2712 in
1336 2675 1523 2728 magna
1560 2659 1763 2712 civitate
1795 2669 1844 2712 et
1877 2660 2018 2712 omni
2065 2657 2172 2711 Ro-

579 2766 762 2803 mama
814 2753 1096 2805 tenentium
1130 2752 1424 2821 ergasteria
1467 2750 1919 2823 Amalphgnorum
1968 2752 2014 2782 "
2061 2768 2173 2804 om.

578 2847 745 2910 nium,
767 2848 857 2916 qui
881 2856 1000 2901 sunt
1023 2849 1117 2901 sub
1136 2859 1396 2916 potestate
1417 2848 1531 2916 ejus
1555 2847 1768 2916 quidem
1787 2847 2082 2912 patricatus
2103 2845 2169 2908 “,

579 2940 815 3005 occipere
845 2955 938 3006 per
966 2958 1128 2993 unum
1167 2957 1420 3009 quemque
1457 2955 1653 2993 annum
1693 2941 2013 3002 numismata
2045 2941 2171 2990 tria.

582 3029 662 3082 Ad
699 3029 794 3082 hoc
843 3031 1006 3082 donat
1052 3031 1125 3083 eis
1168 3042 1213 3082 et
1262 3031 1554 3098 ergasteria
1588 3045 1686 3096 que
1733 3039 1851 3082 sunt
1885 3029 1938 3080 in
1972 3027 2172 3081 embolo
2203 3068 2248 3129 Ο

583 3117 882 3172 I’eramatis
912 3137 1028 3173 cum
1059 3121 1272 3187 solariis
1302 3122 1434 3186 suis,
1463 3136 1562 3190 que
1591 3119 1783 3173 habent
1815 3120 2085 3171 introitum
2122 3129 2171 3172 et

580 3211 780 3263 exitum
820 3214 869 3263 in
904 3221 1072 3264 totum
1106 3214 1172 3277 ⁸⁷,
1204 3215 1340 3282 quod
1363 3213 1597 3280 procedit
1637 3211 1701 3264 ub
1751 3211 1979 3263 Ebraica
2019 3227 2176 3277 usque

579 3307 646 3352 ad
682 3299 893 3372 Vig’an,
918 3320 1116 3374 queque
1137 3305 1446 3357 habitantur
1479 3315 1524 3356 et
1565 3321 1662 3371 que
1700 3321 1804 3356 non
1832 3304 2171 3367 habitantur,

577 3402 627 3445 et
662 3393 714 3445 in
745 3396 934 3460 quibus
982 3392 1209 3448 Venetici
1237 3403 1545 3460 permanent
1575 3405 1620 3445 et
1652 3393 1806 3448 Greci
1853 3396 1989 3459 sicut
2025 3410 2177 3462 erga-

581 3484 800 3546 steriis;
833 3497 878 3538 et
941 3487 1237 3538 maritimas
1291 3483 1387 3538 III
1443 3485 1642 3546 scalas,
1694 3501 1792 3552 que
1842 3485 1894 3535 in
1945 3489 2176 3549 pretttcto

579 3582 762 3642 spacio
800 3577 1176 3634 terminantur.
1209 3576 1382 3630 Donat
1417 3591 1593 3628 autem
1621 3585 1669 3628 et
1703 3587 1885 3628 sancto
1920 3575 2178 3627 Altindino

582 3670 906 3738 mankipium
957 3671 998 3723 i.
1036 3686 1082 3724 e.
1133 3670 1414 3737 pistrinum
1469 3669 1536 3731 ⁸⁸,
1591 3673 1729 3738 quod
1780 3678 1857 3722 est
1910 3671 1963 3720 in
2012 3652 2176 3734 ipsius

580 3762 796 3815 ecclesie
847 3764 1032 3826 latere,
1085 3762 1224 3831 quod
1268 3763 1484 3830 pertinet
1525 3760 1594 3812 od
1643 3761 1857 3813 domum
1896 3759 2084 3825 Petrii,
2131 3771 2177 3811 et

581 3856 737 3906 habet
782 3855 1080 3922 pensionem
1114 3852 1570 3922 Byzzantinorum
1623 3849 1750 3904 ΧΧ.
1799 3849 2057 3905 Similiter
2086 3856 2191 3905 dat

577 3959 627 4002 et
657 3948 931 4001 ecclesiam
966 3949 1138 3999 sancti
1186 3945 1414 4008 apostoli
1446 3946 1676 4007 Ant/ree,
1706 3960 1805 4014 que
1847 3953 1924 3997 est
1960 3944 2012 3996 in
2041 3943 2180 4012 Dyr-

582 4039 763 4093 rachio
814 4054 932 4090 cum
973 4039 1159 4090 ibidem
1195 4038 1534 4091 existentibus
1570 4036 1944 4107 Imperialibus
1977 4036 2183 4103 pensio-

582 4129 790 4182 nolibus
841 4141 1015 4195 preter
1067 4128 1124 4180 in
1176 4130 1221 4182 is
1277 4130 1564 4197 repositam
1616 4127 1986 4196 aphesin,que
2033 4125 2179 4179 debet

583 4220 703 4272 dari
728 4222 796 4272 ad
819 4219 1098 4272 chelandia
1128 4220 1196 4276 ".
1229 4219 1493 4272 Concessit
1518 4229 1697 4272 autem
1728 4220 1802 4272 eis
1833 4228 1883 4272 et
1913 4220 2178 4287 negociori

583 4313 641 4363 in
669 4326 844 4363 omnes
871 4323 1045 4377 partes
1078 4309 1330 4364 Romanie
1365 4312 1558 4378 species
1608 4312 1904 4375 universas,
1941 4311 2179 4364 videlicet

2282 472 2458 507 omnes
2489 466 2662 521 partes
2691 457 2789 526 sub
2822 467 3079 524 potestate
3109 471 3282 511 uastre
3311 461 3392 524 pie
3425 463 3834 524 mansuetudinis,

2282 564 2383 598 non
2414 548 2745 612 prebentibus
2775 551 2986 600 omnino
3015 567 3106 614 pro
3133 550 3360 618 qualibet
3386 554 3604 620 propria
3630 557 3830 622 negotia-

2281 642 2427 689 tione
2473 639 2725 704 quidlibet
2778 640 3078 691 commercii
3123 641 3297 708 gratia
3347 642 3427 693 vel
3459 644 3691 711 cujusvis
3727 646 3834 699 alius

2281 729 2619 786 ronc'i'ionls,
2649 745 2747 795 que
2773 729 3006 781 demosio
3035 731 3282 796 infertur,
3310 733 3633 801 pacti‘quasi
3659 734 3834 787 :rilout-

2282 819 2430 881 tumi,
2481 821 2792 877 timenatici,
2845 821 3146 888 porlealici,
3202 822 3449 885 conisltti,
3500 824 3832 892 erifeileos“,

2280 913 2636 964 archonticltt'i
2673 924 2718 964 et
2751 913 2978 966 aliorum
3004 914 3318 966 tributorum
3346 932 3511 969 causa
3545 933 3735 980 eorum,
3759 935 3835 985 que

2281 993 2461 1054 debent
2497 1004 2785 1071 negociari.
2820 1003 2884 1057 In
2912 1006 3152 1058 omnibus
3177 1007 3312 1058 enim
3345 1008 3710 1076 ncgociationis
3733 1008 3837 1060 locis

2280 1097 2405 1146 a'ata
2439 1106 2512 1147 est
2546 1096 2763 1149 licentia
2794 1099 2870 1150 eis
2908 1099 2971 1150 ab
3005 1097 3234 1166 Imperio
3273 1116 3405 1163 meo,
3439 1103 3724 1170 superiores
3747 1117 3834 1155 esse

2281 1188 2470 1241 debere
2500 1199 2544 1241 et
2577 1190 2692 1256 ipsa
2741 1192 3095 1258 requisitione.
3145 1190 3400 1245 Excidcnt
3435 1209 3550 1246 vero
3582 1205 3626 1246 et
3659 1193 3716 1246 ab
3743 1195 3833 1262 ipso

2292 1282 2517 1345 erat-rho
2569 1283 2986 1350 paratholassite
3014 1285 3080 1347 ³¹,
3117 1283 3458 1352 eleoparocho
3504 1286 3750 1338 dominica
3781 1286 3834 1346 ³³,

2283 1375 2732 1437 commerltiatiis,
2783 1375 3159 1442 chartalariis,
3207 1376 3464 1447 hipolngis
3507 1387 3554 1429 et
3593 1368 3835 1437 omnibus,

2281 1469 2369 1533 qui
2404 1465 2708 1533 hnjusntodi
2747 1476 2888 1541 sunt,
2937 1467 3081 1520 nullo
3112 1485 3314 1533 eorum,
3346 1472 3435 1539 qui
3473 1487 3563 1538 per
3596 1473 3703 1522 loca
3733 1479 3836 1522 sunt

2281 1558 2598 1625 principium
2631 1557 2708 1611 vel
2740 1561 2971 1612 culorum
2999 1562 3268 1613 servitium
3309 1565 3601 1614 communis
3633 1573 3839 1614 tractan-

2283 1651 2434 1710 tium,
2463 1653 2830 1716 contempnere
2855 1652 2982 1718 quid
3015 1669 3194 1706 eorum
3221 1669 3320 1723 que
3363 1655 3448 1706 hic
3492 1655 3704 1723 diffinita
3733 1663 3841 1707 sunt

2282 1752 2632 1805 prcsutnente.
2671 1737 2918 1794 Omnium
2949 1743 3110 1802 enim,
3145 1759 3276 1812 quas
3318 1745 3433 1814 quis
3481 1745 3640 1808 dicat,
3675 1747 3843 1811 specie-

2285 1847 2399 1880 rum
2429 1847 2493 1882 ac
2523 1847 2695 1883 rerum
2727 1849 2972 1886 concessa
2997 1845 3072 1887 est
3094 1835 3194 1888 hiis
3222 1838 3534 1904 negociatia,
3564 1847 3610 1889 et
3633 1838 3842 1890 (minium

2282 1923 2592 1990 emptionem
2642 1924 2695 1976 in
2741 1935 2998 1993 potestate
3046 1929 3304 1980 habebunt
3336 1929 3529 1996 facere,
3575 1931 3842 1992 superiores

2283 2015 2564 2067 existentes
2603 2019 2842 2069 universa
2890 2020 3123 2074 datione.
3165 2018 3272 2073 IIec
3320 2021 3392 2071 ita
3428 2038 3544 2073 cum
3593 2024 3845 2078 dis-emno

2283 2105 2405 2156 verit
2442 2104 2656 2167 Imperii
2687 2108 2842 2161 michi
2878 2111 3043 2175 pietas
3088 2123 3298 2177 sancta,
3324 2124 3478 2178 atque
3499 2113 3708 2182 difﬂuit,
3740 2113 3844 2165 nul-

2283 2192 2389 2245 lttm
2428 2196 2663 2248 resistere
2708 2203 2780 2249 eis
2827 2201 2960 2251 sicut
3005 2201 3157 2252 rectis
3187 2211 3234 2254 et
3289 2204 3418 2254 reris
3469 2204 3609 2256 dulis
3658 2203 3760 2271 ejus
3801 2213 3846 2254 et

2284 2299 2468 2339 contra
2511 2290 2756 2344 inimicos
2780 2293 3112 2360 adjutoribus
3143 2306 3189 2348 et
3221 2311 3382 2363 usque
3415 2297 3483 2348 ad
3525 2297 3675 2365 ﬁnem
3705 2295 3847 2350 seculi

2284 2381 2416 2433 tales
2462 2397 2516 2434 se
2554 2399 2664 2436 esse
2693 2387 3142 2449 promittentibus,
3192 2404 3282 2441 nec
3311 2404 3623 2459 quemquam
3654 2391 3845 2444 omnino

2283 2475 2552 2525 contraria
2600 2477 2794 2528 sentire
2824 2478 2929 2530 hiis
2968 2480 3163 2534 talibus
3205 2512 3230 2544 ,-
3257 2498 3346 2535 nec
3395 2483 3627 2536 actiones
3673 2482 3846 2551 aliquis

2283 2560 2533 2620 adversus
2585 2583 2764 2622 omnes
2811 2587 3051 2626 exercere
3093 2584 3308 2643 propter
3354 2578 3582 2629 trodicta
3614 2581 3685 2630 eis
3711 2593 3850 2646 erga-

2281 2657 2440 2708 steria
2471 2669 2514 2709 et
2553 2663 2727 2711 scalas
2771 2659 2908 2713 istic.
2943 2661 3349 2733 Qualiscumque
3373 2665 3510 2718 enim
3539 2665 3582 2696 “
3609 2666 3740 2733 juris
3767 2667 3849 2716 hec

2282 2749 2536 2812 existunt,
2586 2753 2692 2804 sive
2721 2752 3061 2807 ecclesiastici
3108 2757 3216 2810 sive
3263 2757 3452 2824 privati
3502 2759 3610 2811 sive
3647 2756 3847 2825 publiti,

2282 2840 2389 2893 sive
2415 2851 2592 2894 sancte
2620 2842 2806 2897 domus
2841 2845 2972 2909 sitit,
3005 2847 3096 2900 hec
3126 2847 3426 2902 nullatenus
3463 2851 3741 2918 continget,
3761 2863 3848 2916 que

2285 2948 2421 2984 nunc
2472 2945 2591 2985 sunt
2635 2934 2869 3003 ﬁdelium
2903 2939 3018 2991 duli
3055 2939 3099 2970 "
3135 2937 3351 3007 Imperii
3399 2940 3556 2993 michi
3599 2940 3848 2994 Venetico-

2283 3039 2400 3073 rum
2435 3034 2482 3075 et
2527 3026 2580 3077 in
2610 3036 2876 3092 posterum
2913 3028 3246 3095 fu'urorutu;
3275 3047 3431 3100 quum
3465 3033 3682 3084 multam
3719 3030 3852 3084 beni-

2284 3116 2559 3168 volentiam
2592 3130 2636 3170 et
2673 3128 2872 3171 rectum
2904 3122 3132 3174 animum
3163 3138 3285 3190 erga
3323 3122 3634 3176 Romaniam
3664 3136 3709 3176 et
3737 3138 3850 3192 erga

2281 3204 2566 3274 Impetium
2603 3226 2770 3260 meum
2803 3212 3162 3280 ostenderunt,
3194 3226 3238 3266 et
3278 3224 3385 3266 toto
3415 3215 3597 3266 animo
3629 3216 3714 3267 hec
3750 3231 3853 3266 ser-

2280 3312 2398 3348 vare
2434 3298 2744 3362 promittunt
2779 3301 2832 3352 in
2881 3316 3206 3368 perpetuum,
3255 3314 3301 3356 et
3345 3317 3579 3372 pugnare
3611 3320 3702 3372 pro
3753 3306 3850 3356 llo-

2279 3405 2512 3463 meorum
2561 3401 2789 3444 statuet
2841 3392 3159 3448 Christianis
3200 3411 3294 3464 pro
3336 3411 3486 3463 parte
3521 3397 3566 3428 "
3602 3400 3768 3451 volunt
3809 3409 3851 3451 et

2279 3493 2657 3547 protestantur.
2698 3482 2763 3536 Et
2793 3497 2975 3538 contra
3024 3487 3155 3540 tales
3187 3489 3322 3541 tirus
3366 3489 3479 3557 quis
3523 3491 3850 3550 contradicet,

2283 3576 2356 3624 vel
2388 3586 2570 3627 contra
2597 3593 2681 3627 eos
2704 3577 2964 3644 juditium
2999 3581 3216 3634 movebit
3245 3580 3573 3649 aliquando?
3607 3579 3749 3636 Unde
3772 3599 3855 3636 nec

2283 3678 2537 3719 sectetnm
2579 3665 2747 3722 Petrii
2785 3670 2858 3722 vel
2895 3670 3138 3737 Mireleu,
3172 3690 3262 3727 nec
3294 3676 3450 3726 etiam
3494 3677 3721 3741 privatus
3744 3676 3854 3745 qui-

2283 3775 2436 3824 sque,
2488 3763 2575 3809 sed
2627 3778 2716 3812 nec
2763 3766 3137 3817 monas’terium
3189 3766 3264 3819 vel
3307 3765 3552 3835 templum
3589 3783 3853 3831 sanctum,

2283 3853 2472 3920 quibus
2525 3854 2757 3906 videlicet
2825 3857 3024 3910 dattata
3074 3860 3360 3927 ergasteria
3409 3861 3664 3924 pertinent
3713 3873 3856 3928 atque

2283 3946 2443 4003 scale,
2482 3957 2665 3998 contra
2694 3946 2786 4000 hos
2820 3949 3110 4004 morebunt.
3154 3949 3331 4004 Erunt
3365 3963 3538 4005 autem
3584 3953 3786 4006 silen'es
3814 3964 3853 4004 et

2283 4035 2335 4086 in
2359 4037 2748 4103 dispensatione
2778 4056 2839 4092 ac
2859 4041 3141 4095 donatione
3169 4041 3386 4111 Imperii
3419 4045 3572 4098 michi
3607 4061 3855 4099 manentes

2284 4146 2419 4182 vere.
2450 4127 2590 4181 Nam
2614 4132 2658 4182 si
2683 4134 2980 4184 voluntaria
3011 4149 3113 4186 non
3137 4136 3393 4188 donamus
3417 4138 3588 4206 dignis
3613 4156 3853 4203 acctpere,

2285 4239 2375 4276 ceu
2429 4223 2520 4290 qui
2574 4223 2797 4276 viriliter
2842 4237 3056 4293 egerunt
3107 4235 3155 4279 et
3201 4228 3424 4280 viriliter
3457 4247 3612 4300 agere
3659 4232 3855 4283 student

2285 4322 2438 4379 atque
2467 4314 2772 4376 studebunt,
2806 4316 2996 4383 quibus
3037 4316 3158 4369 aliis
3189 4319 3500 4372 donabimus
3541 4320 3859 4390 aliquando!

581 4406 726 4454 circa
781 4417 1028 4468 magnam
1080 4399 1392 4453 Laodiciam
1429 4401 1496 4466 ³ο,
1546 4400 1890 4453 Antiochiam
1935 4410 1985 4452 el
2023 4397 2178 4450 Mun-
2214 4420 2256 4473 ι)
2287 4401 2430 4469 Ergo
2462 4414 2506 4455 et
2535 4403 2873 4456 donabuntur
2900 4407 3212 4459 donotorum
3251 4407 3348 4460 sibi
3381 4410 3727 4464 immobilium
3757 4413 3857 4464 sine

581 4493 816 4558 mistam,
839 4492 1346 4557 Adatiam,Tarson,
1369 4492 1632 4555 Attalian,
1654 4492 1962 4557 Strovilom,
1985 4489 2174 4553 Chion,

587 4581 905 4653 Theologon,
960 4584 1219 4650 Phocion,
1257 4584 1613 4655 Dyrrachion,
1665 4585 1947 4646 Aulonem,
2002 4583 2174 4651 Cory-

582 4678 740 4743 phus,
794 4676 1112 4740 Bondicam,
1168 4677 1493 4743 Methonem,
1545 4679 1822 4741 Coroneus,
1880 4675 2174 4745 Nauplion,

584 4768 918 4835 Corinthion,
975 4769 1162 4832 Tebas,
1207 4771 1460 4835 Athenas,
1515 4768 1812 4840 Eurippon,
1847 4770 2174 4834 Demetrida,

586 4860 1036 4927 Thessalonicam,
1073 4863 1462 4934 Chyrisopolin,
1509 4864 1892 4926 Peritheorion,
1933 4863 2173 4932 Abydon,

587 4953 870 5020 Itedeston,
925 4955 1334 5026 Adriauopolin,
1391 4958 1591 5026 Apron,
1649 4955 1974 5021 Erracliom,
2029 4953 2168 5008 Seli-

2285 4496 2552 4548 ablatione
2597 4506 2645 4547 et
2697 4499 2808 4550 sine
2855 4501 3152 4554 turbatione
3199 4503 3250 4552 in
3301 4501 3546 4569 deinceps
3596 4506 3767 4558 omnia
3818 4517 3857 4558 et

2285 4597 2535 4654 perpetua
2571 4597 2806 4656 tempora
2851 4595 3138 4644 secundum
3187 4593 3562 4648 continentiam
3591 4596 3747 4649 debiti
3776 4613 3857 4650 es-

2285 4682 2410 4748 poni
2441 4683 2539 4734 sibi
2566 4683 2790 4750 pt'actici
2822 4684 3126 4737 traditionis
3158 4701 3336 4738 eorum
3366 4702 3396 4737 o
3427 4691 3855 4759 protoonthgpato

2286 4773 2511 4843 Georgio
2546 4785 2592 4827 et
2632 4776 2840 4828 notario
2871 4775 3090 4844 Imperii
3125 4781 3225 4831 mei
3257 4787 3311 4832 tu
3350 4778 3693 4862 Παιήων-ξω,
3727 4784 3854 4852 quptt

2282 4877 2328 4920 et
2355 4867 2568 4929 ﬁrmum
2614 4869 2710 4920 erit
2743 4878 2792 4920 et
2834 4871 3021 4921 stabile
3070 4887 3132 4923 ac
3179 4872 3476 4926 inviolabile
3507 4874 3559 4926 in
3604 4876 3853 4937 omnibus,

2281 4973 2379 5026 que
2413 4959 2816 5012 continebuntur
2843 4961 2898 5012 in
2925 4977 3021 5024 eo;
3052 4963 3240 5016 debeas
3281 4975 3326 5016 et
3356 4964 3450 5016 hoc
3479 4966 3532 5018 in
3565 4966 3679 5019 illis
3709 4969 3856 5021 suber

1938 5092 2143 5154 Variae
2177 5091 2510 5163 lectiones.

651 5223 695 5253 ’⁸
727 5221 886 5275 Liber
921 5223 1081 5276 albus
1109 5240 1123 5277 :
1154 5222 1416 5291 quodque.
1495 5223 1535 5253 "
1568 5221 1710 5274 Idem
1756 5239 1767 5274 :
1805 5221 1970 5274 stolii.

581 5289 695 5343 Lib.
753 5304 960 5361 pauor.
1010 5306 1066 5345 ut

582 5362 724 5442 una
767 5367 866 5442 tripl
903 5362 1190 5442 ᾑμέρανζη
1221 5365 1267 5442 ξδ
1305 5365 1442 5442 Lege
1477 5379 1490 5414 :
1537 5379 1808 5442 personae.

581 5433 699 5505 ise.
731 5437 1069 5505 patriciatus.
1147 5435 1190 5466 ³⁷
1222 5434 1467 5501 Legem»
1499 5451 1510 5485 :
1543 5433 1822 5505 embolum.

579 5501 743 5558 nibus
775 5508 976 5560 curiosi
1011 5507 1296 5559 conferunt
1329 5505 1671 5557 duelissimas
1704 5502 1894 5554 ’I‘ulclii
1944 5501 2175 5552 Ildtlﬂlnli

2284 5518 2318 5554 ts
2355 5502 2386 5551 I.
2431 5503 2493 5555 Ι..

955 5577 998 5607 ³¹
1058 5580 1129 5629 De.
1182 5573 1636 5643 napaeaiaaoi'cn
1693 5575 1764 5628 t-l'.
1819 5574 1989 5639 ΙΙεῖρα
2039 5568 2126 5643 LI,
2178 5572 2269 5622 ‘29.

578 5575 874 5640 αφόλλεως.

576 5657 820 5700 Cettsetil.
858 5648 989 5700 Vide
1028 5647 1164 5698 infra
1206 5642 1338 5696 δον.
1377 5642 1688 5696 ΙιΧΧΧΗΙ.

1764 5643 1808 5672 ﬂ
1844 5644 1958 5694 Lib.
2002 5641 2156 5692 oliuis

2047 5221 2093 5251 ³ο
2131 5218 2270 5273 Idem
2303 5237 2315 5272 :
2355 5236 2622 5289 superare.

1118 5294 1207 5364 qui
1254 5288 1356 5345 sec.
1411 5292 1659 5345 Edilores
1707 5293 1773 5344 iis
1829 5293 1937 5364 qui.
1973 5288 2185 5364 ἐΒενεοιθ.

1889 5363 1936 5392 ¹⁸
1971 5361 2221 5413 Etlilores
2270 5372 2460 5413 notant
2509 5379 2521 5413 ε

1900 5434 1943 5463 ³⁸
1982 5432 2098 5483 Lib.
2137 5431 2294 5483 albus
2329 5452 2338 5482 :
2369 5433 2675 5492 pristinum.

2203 5659 2216 5692 :
2261 5641 2632 5710 qualicumque
2680 5659 2846 5697 erant.

2699 5221 2742 5252 ’ί
2775 5221 2953 5275 Malim
2999 5242 3012 5275 :
3055 5225 3236 5279 libras.
3316 5229 3360 5259 "
3405 5226 3493 5281 Sic
3535 5226 3657 5282 Lib.
3689 5227 3854 5284 albus.

2303 5292 2352 5321 "
2379 5292 2623 5344 Etlilores
2668 5291 2908 5361 deinceps
2936 5295 3249 5349 emendant.
3282 5297 3398 5350 Non
3443 5314 3598 5366 opus.
3639 5297 3854 5354 Grece:

2307 5372 2460 5413 ottinl
2509 5379 2521 5413 ε
2576 5363 2608 5416 i.
2649 5377 2699 5413 θ.
2732 5364 3261 5420 Amalnltitatmrum.
3343 5368 3386 5398 ³⁸
3418 5368 3584 5420 Iidem
3635 5378 3854 5420 notam:

3445 5378 3584 5422 idem
3635 5378 3822 5422 nomn
3843 5379 3854 5418 :

2754 5434 2796 5463 ¹⁹
2830 5434 3050 5505 Navium
3091 5437 3320 5505 species.
3396 5439 3440 5468 ³⁸
3471 5441 3545 5493 De
3581 5441 3666 5494 his
3691 5438 3855 5493 uomi-

2456 5517 2593 5585 ξ..ο-ι).
2648 5503 2751 5585 illi
2794 5519 2876 5570 sq.
2946 5505 2997 5585 .f'
3035 5503 3231 5585 Lege:
3291 5509 3588 5585 exniqlcos,
3620 5508 3731 5585 itm:
3765 5507 3855 5585 i5-

2352 5571 2681 5648 {flédimres
2737 5582 2790 5624 tu
2841 5575 3031 5648 geniltu
3078 5577 3192 5638 (τοῦ
3236 5578 3479 5648 γενικοῦ)
3526 5571 3854 5648 scribentium

2929 5647 2971 5676 ³⁸
3020 5647 3161 5716 Lege
3200 5647 3467 5704 dulcium.
3547 5650 3591 5682 ³⁸
3627 5651 3702 5705 Ex
3739 5647 3856 5706 NOV-

2576 5363 2608 5416 i.
2649 5377 2699 5413 θ.
2732 5364 3261 5432 Alnalpliitanurum.

573 5709 638 5770 III
665 5719 835 5774 Isaaci
871 5718 1060 5788 Altgcli
1094 5725 1245 5787 (tam.
1272 5713 1466 5768 CXXX
1489 5713 1548 5783 γ)
1578 5714 1864 5782 legendum
1892 5731 1940 5764 et
1960 5718 1996 5762 il.
2023 5731 2032 5761 :
2057 5716 2320 5778 prompte.
