  <div class='ocr_page' id='page_1' title='image "/cluster/home/n/w/nwhite01/storage/ocr_20150623/133/pst.000005714490/429.png"; bbox 0 0 3952 6328; ppageno 0'>
   <div class='ocr_carea' id='block_1_1' title="bbox 617 298 717 365">
    <p class='ocr_par' dir='ltr' id='par_1_1' title="bbox 617 298 717 365">
     <span class='ocr_line' id='line_1_1' title="bbox 617 298 717 365; baseline 0.03 -3"><span class='ocrx_word' id='word_1_1' title='bbox 617 298 717 365; x_wconf 78' lang='lat'><strong>731</strong></span> 
     </span>
    </p>
   </div>
   <div class='ocr_carea' id='block_1_2' title="bbox 1853 285 2673 399">
    <p class='ocr_par' dir='ltr' id='par_1_2' title="bbox 1853 285 2673 399">
     <span class='ocr_line' id='line_1_2' title="bbox 1853 285 2673 399; baseline 0 -32"><span class='ocrx_word' id='word_1_2' title='bbox 1853 285 2246 399; x_wconf 53' lang='lat' dir='ltr'><strong>amamus</strong></span> <span class='ocrx_word' id='word_1_3' title='bbox 2286 307 2625 367; x_wconf 78' lang='lat' dir='ltr'><strong>COMNENI</strong></span> <span class='ocrx_word' id='word_1_4' title='bbox 2650 354 2673 399; x_wconf 47' lang='grc' dir='ltr'>ε</span> 
     </span>
    </p>
   </div>
   <div class='ocr_carea' id='block_1_3' title="bbox 3751 306 3851 371">
    <p class='ocr_par' dir='ltr' id='par_1_3' title="bbox 3751 306 3851 371">
     <span class='ocr_line' id='line_1_3' title="bbox 3751 306 3851 371; baseline -0.02 -1"><span class='ocrx_word' id='word_1_5' title='bbox 3751 306 3851 371; x_wconf 75' lang='lat'><strong>732</strong></span> 
     </span>
    </p>
   </div>
   <div class='ocr_carea' id='block_1_4' title="bbox 617 412 2198 497">
    <p class='ocr_par' dir='ltr' id='par_1_4' title="bbox 617 416 2181 490">
     <span class='ocr_line' id='line_1_4' title="bbox 617 416 2181 490; baseline 0.001 -23"><span class='ocrx_word' id='word_1_6' title='bbox 617 416 670 468; x_wconf 91' lang='lat' dir='ltr'><strong>in</strong></span> <span class='ocrx_word' id='word_1_7' title='bbox 701 419 789 484; x_wconf 88' lang='lat' dir='ltr'><strong>iis,</strong></span> <span class='ocrx_word' id='word_1_8' title='bbox 817 416 868 471; x_wconf 90' lang='lat' dir='ltr'><strong>in</strong></span> <span class='ocrx_word' id='word_1_9' title='bbox 897 416 1094 486; x_wconf 78' lang='lat' dir='ltr'><strong>quibus</strong></span> <span class='ocrx_word' id='word_1_10' title='bbox 1127 434 1152 469; x_wconf 86' lang='lat' dir='ltr'><strong>a</strong></span> <span class='ocrx_word' id='word_1_11' title='bbox 1186 418 1384 487; x_wconf 79' lang='lat' dir='ltr'><strong>publici</strong></span> <span class='ocrx_word' id='word_1_12' title='bbox 1419 433 1615 473; x_wconf 84' lang='lat' dir='ltr'><strong>census</strong></span> <span class='ocrx_word' id='word_1_13' title='bbox 1656 419 1707 473; x_wconf 91' lang='lat' dir='ltr'><strong>in</strong></span> <span class='ocrx_word' id='word_1_14' title='bbox 1741 437 1804 475; x_wconf 88' lang='lat' dir='ltr'><strong>ca</strong></span> <span class='ocrx_word' id='word_1_15' title='bbox 1836 426 2053 490; x_wconf 69' lang='lat' dir='ltr'><strong>regione</strong></span> <span class='ocrx_word' id='word_1_16' title='bbox 2086 420 2181 472; x_wconf 84' lang='lat' dir='ltr'><strong>de-</strong></span> 
     </span>
    </p>
   </div>
   <div class='ocr_carea' id='block_1_5' title="bbox 2303 412 3857 497">
    <p class='ocr_par' dir='ltr' id='par_1_5' title="bbox 2303 412 3857 497">
     <span class='ocr_line' id='line_1_5' title="bbox 2303 412 3857 497; baseline 0.003 -26"><span class='ocrx_word' id='word_1_17' title='bbox 2303 422 2465 495; x_wconf 71' lang='grc' dir='ltr'>ιῐόνης</span> <span class='ocrx_word' id='word_1_18' title='bbox 2505 412 2610 492; x_wconf 60' lang='grc' dir='ltr'><strong>γὰρ</strong></span> <span class='ocrx_word' id='word_1_19' title='bbox 2646 422 2741 491; x_wconf 71' lang='grc' dir='ltr'>τῆς</span> <span class='ocrx_word' id='word_1_20' title='bbox 2779 424 2905 492; x_wconf 79' lang='grc' dir='ltr'>παρ’</span> <span class='ocrx_word' id='word_1_21' title='bbox 2932 423 3114 487; x_wconf 83' lang='grc' dir='ltr'>αὐτοῖς</span> <span class='ocrx_word' id='word_1_22' title='bbox 3151 418 3542 497; x_wconf 75' lang='grc' dir='ltr'>εὑρισκομὲνης</span> <span class='ocrx_word' id='word_1_23' title='bbox 3579 423 3669 477; x_wconf 76' lang='grc' dir='ltr'>νῦν</span> <span class='ocrx_word' id='word_1_24' title='bbox 3706 440 3857 475; x_wconf 81' lang='grc' dir='ltr'>κατο-</span> 
     </span>
    </p>
   </div>
   <div class='ocr_carea' id='block_1_6' title="bbox 615 509 2188 582">
    <p class='ocr_par' dir='ltr' id='par_1_6' title="bbox 615 509 2188 582">
     <span class='ocr_line' id='line_1_6' title="bbox 615 509 2188 582; baseline 0.001 -20"><span class='ocrx_word' id='word_1_25' title='bbox 615 509 972 577; x_wconf 87' lang='lat' dir='ltr'><strong>scriptoribus</strong></span> <span class='ocrx_word' id='word_1_26' title='bbox 1009 510 1332 564; x_wconf 80' lang='lat' dir='ltr'><strong>documenta</strong></span> <span class='ocrx_word' id='word_1_27' title='bbox 1364 511 1485 564; x_wconf 87' lang='lat' dir='ltr'><strong>data</strong></span> <span class='ocrx_word' id='word_1_28' title='bbox 1511 522 1781 580; x_wconf 83' lang='lat' dir='ltr'><strong>snut,qu:e</strong></span> <span class='ocrx_word' id='word_1_29' title='bbox 1811 513 1899 582; x_wconf 84' lang='lat' dir='ltr'><strong>jus</strong></span> <span class='ocrx_word' id='word_1_30' title='bbox 1926 512 2036 564; x_wconf 89' lang='lat' dir='ltr'><strong>lisci</strong></span> <span class='ocrx_word' id='word_1_31' title='bbox 2070 510 2188 581; x_wconf 66' lang='lat' dir='ltr'><strong>[seu</strong></span> 
     </span>
    </p>
   </div>
   <div class='ocr_carea' id='block_1_7' title="bbox 616 599 2193 670">
    <p class='ocr_par' dir='ltr' id='par_1_7' title="bbox 616 599 2193 670">
     <span class='ocr_line' id='line_1_7' title="bbox 616 599 2193 670; baseline 0.004 -22"><span class='ocrx_word' id='word_1_32' title='bbox 616 599 863 669; x_wconf 80' lang='lat' dir='ltr'><strong>publici],</strong></span> <span class='ocrx_word' id='word_1_33' title='bbox 920 610 977 653; x_wconf 91' lang='lat' dir='ltr'><strong>ut</strong></span> <span class='ocrx_word' id='word_1_34' title='bbox 1028 602 1228 653; x_wconf 76' lang='lat' dir='ltr'><strong>dictum</strong></span> <span class='ocrx_word' id='word_1_35' title='bbox 1280 612 1386 665; x_wconf 89' lang='lat' dir='ltr'><strong>est,</strong></span> <span class='ocrx_word' id='word_1_36' title='bbox 1435 601 1689 669; x_wconf 80' lang='lat' dir='ltr'><strong>probant,</strong></span> <span class='ocrx_word' id='word_1_37' title='bbox 1746 605 1905 657; x_wconf 87' lang='lat' dir='ltr'><strong>debet</strong></span> <span class='ocrx_word' id='word_1_38' title='bbox 1954 617 2193 670; x_wconf 70' lang='lat' dir='ltr'><strong>prmseus</strong></span> 
     </span>
    </p>
   </div>
   <div class='ocr_carea' id='block_1_8' title="bbox 615 691 2189 759">
    <p class='ocr_par' dir='ltr' id='par_1_8' title="bbox 615 691 2189 759">
     <span class='ocr_line' id='line_1_8' title="bbox 615 691 2189 759; baseline 0.003 -17"><span class='ocrx_word' id='word_1_39' title='bbox 615 691 789 743; x_wconf 82' lang='lat' dir='ltr'><strong>Aurea</strong></span> <span class='ocrx_word' id='word_1_40' title='bbox 816 693 1025 759; x_wconf 89' lang='lat' dir='ltr'><strong>imperii</strong></span> <span class='ocrx_word' id='word_1_41' title='bbox 1055 693 1157 747; x_wconf 89' lang='lat' dir='ltr'><strong>mei</strong></span> <span class='ocrx_word' id='word_1_42' title='bbox 1190 692 1335 751; x_wconf 83' lang='lat' dir='ltr'><strong>Bulla</strong></span> <span class='ocrx_word' id='word_1_43' title='bbox 1372 692 1637 758; x_wconf 71' lang='lat' dir='ltr'><strong>suﬂicere,</strong></span> <span class='ocrx_word' id='word_1_44' title='bbox 1663 704 1715 749; x_wconf 90' lang='lat' dir='ltr'><strong>ct</strong></span> <span class='ocrx_word' id='word_1_45' title='bbox 1747 709 1843 758; x_wconf 89' lang='lat' dir='ltr'><strong>pro</strong></span> <span class='ocrx_word' id='word_1_46' title='bbox 1873 694 2189 759; x_wconf 83' lang='lat' dir='ltr'><strong>donatione,</strong></span> 
     </span>
    </p>
   </div>
   <div class='ocr_carea' id='block_1_9' title="bbox 616 783 2192 853">
    <p class='ocr_par' dir='ltr' id='par_1_9' title="bbox 616 783 2192 853">
     <span class='ocr_line' id='line_1_9' title="bbox 616 783 2192 853; baseline 0.004 -22"><span class='ocrx_word' id='word_1_47' title='bbox 616 791 672 832; x_wconf 86' lang='lat' dir='ltr'><strong>et</strong></span> <span class='ocrx_word' id='word_1_48' title='bbox 694 792 901 839; x_wconf 75' lang='lat' dir='ltr'><strong>ac:tt.et</strong></span> <span class='ocrx_word' id='word_1_49' title='bbox 925 783 1115 849; x_wconf 87' lang='lat' dir='ltr'><strong>quovis</strong></span> <span class='ocrx_word' id='word_1_50' title='bbox 1148 784 1255 836; x_wconf 89' lang='lat' dir='ltr'><strong>alio</strong></span> <span class='ocrx_word' id='word_1_51' title='bbox 1280 784 1437 837; x_wconf 88' lang='lat' dir='ltr'><strong>titulo</strong></span> <span class='ocrx_word' id='word_1_52' title='bbox 1461 787 1597 838; x_wconf 86' lang='lat' dir='ltr'><strong>satis</strong></span> <span class='ocrx_word' id='word_1_53' title='bbox 1617 800 1755 839; x_wconf 89' lang='lat' dir='ltr'><strong>esse:</strong></span> <span class='ocrx_word' id='word_1_54' title='bbox 1778 786 1991 839; x_wconf 83' lang='lat' dir='ltr'><strong>etiamsi</strong></span> <span class='ocrx_word' id='word_1_55' title='bbox 2021 785 2192 853; x_wconf 79' lang='lat' dir='ltr'><strong>qund-</strong></span> 
     </span>
    </p>
   </div>
   <div class='ocr_carea' id='block_1_10' title="bbox 615 873 2192 948">
    <p class='ocr_par' dir='ltr' id='par_1_10' title="bbox 615 873 2192 948">
     <span class='ocr_line' id='line_1_10' title="bbox 615 873 2192 948; baseline 0.006 -25"><span class='ocrx_word' id='word_1_56' title='bbox 615 888 828 941; x_wconf 73' lang='lat' dir='ltr'><strong>cunque</strong></span> <span class='ocrx_word' id='word_1_57' title='bbox 876 873 1019 927; x_wconf 92' lang='lat' dir='ltr'><strong>aliud</strong></span> <span class='ocrx_word' id='word_1_58' title='bbox 1062 886 1333 929; x_wconf 88' lang='lat' dir='ltr'><strong>secretum</strong></span> <span class='ocrx_word' id='word_1_59' title='bbox 1370 876 1421 928; x_wconf 91' lang='lat' dir='ltr'><strong>in</strong></span> <span class='ocrx_word' id='word_1_60' title='bbox 1453 878 1531 931; x_wconf 88' lang='lat' dir='ltr'><strong>eis</strong></span> <span class='ocrx_word' id='word_1_61' title='bbox 1566 876 1656 943; x_wconf 86' lang='lat' dir='ltr'><strong>jus</strong></span> <span class='ocrx_word' id='word_1_62' title='bbox 1699 877 1915 948; x_wconf 63' lang='lat' dir='ltr'><strong>habent.</strong></span> <span class='ocrx_word' id='word_1_63' title='bbox 1954 877 2061 931; x_wconf 65' lang='lat' dir='ltr'><strong>Nec</strong></span> <span class='ocrx_word' id='word_1_64' title='bbox 2102 895 2192 933; x_wconf 88' lang='lat' dir='ltr'><strong>co-</strong></span> 
     </span>
    </p>
   </div>
   <div class='ocr_carea' id='block_1_11' title="bbox 615 967 2188 1038">
    <p class='ocr_par' dir='ltr' id='par_1_11' title="bbox 615 967 2188 1038">
     <span class='ocr_line' id='line_1_11' title="bbox 615 967 2188 1038; baseline 0.003 -21"><span class='ocrx_word' id='word_1_65' title='bbox 615 974 811 1034; x_wconf 77' lang='lat' dir='ltr'><strong>gentur</strong></span> <span class='ocrx_word' id='word_1_66' title='bbox 876 967 1229 1030; x_wconf 71' lang='lat' dir='ltr'><strong>monaSteria,</strong></span> <span class='ocrx_word' id='word_1_67' title='bbox 1286 967 1359 1021; x_wconf 91' lang='lat' dir='ltr'><strong>ob</strong></span> <span class='ocrx_word' id='word_1_68' title='bbox 1403 982 1462 1021; x_wconf 90' lang='lat' dir='ltr'><strong>ea</strong></span> <span class='ocrx_word' id='word_1_69' title='bbox 1518 982 1639 1037; x_wconf 71' lang='lat' dir='ltr'><strong>qua:</strong></span> <span class='ocrx_word' id='word_1_70' title='bbox 1692 985 1835 1023; x_wconf 90' lang='lat' dir='ltr'><strong>nunc</strong></span> <span class='ocrx_word' id='word_1_71' title='bbox 1887 971 2188 1038; x_wconf 79' lang='lat' dir='ltr'><strong>possident,</strong></span> 
     </span>
    </p>
   </div>
   <div class='ocr_carea' id='block_1_12' title="bbox 616 1055 2192 1129">
    <p class='ocr_par' dir='ltr' id='par_1_12' title="bbox 616 1055 2192 1129">
     <span class='ocr_line' id='line_1_12' title="bbox 616 1055 2192 1129; baseline 0.004 -21"><span class='ocrx_word' id='word_1_72' title='bbox 616 1055 939 1121; x_wconf 80' lang='lat' dir='ltr'><strong>immobilia,</strong></span> <span class='ocrx_word' id='word_1_73' title='bbox 970 1060 1191 1128; x_wconf 87' lang='lat' dir='ltr'><strong>antiqua</strong></span> <span class='ocrx_word' id='word_1_74' title='bbox 1223 1058 1348 1123; x_wconf 89' lang='lat' dir='ltr'><strong>alia,</strong></span> <span class='ocrx_word' id='word_1_75' title='bbox 1410 1072 1529 1127; x_wconf 61' lang='lat' dir='ltr'><strong>qua:</strong></span> <span class='ocrx_word' id='word_1_76' title='bbox 1561 1060 1642 1113; x_wconf 86' lang='lat' dir='ltr'><strong>eis</strong></span> <span class='ocrx_word' id='word_1_77' title='bbox 1669 1062 1885 1124; x_wconf 88' lang='lat' dir='ltr'><strong>adsunt,</strong></span> <span class='ocrx_word' id='word_1_78' title='bbox 1913 1060 2037 1129; x_wconf 86' lang='lat' dir='ltr'><strong>jura</strong></span> <span class='ocrx_word' id='word_1_79' title='bbox 2066 1077 2192 1129; x_wconf 88' lang='lat' dir='ltr'><strong>pro-</strong></span> 
     </span>
    </p>
   </div>
   <div class='ocr_carea' id='block_1_13' title="bbox 617 1147 2189 1223">
    <p class='ocr_par' dir='ltr' id='par_1_13' title="bbox 617 1147 2189 1223">
     <span class='ocr_line' id='line_1_13' title="bbox 617 1147 2189 1223; baseline 0.006 -23"><span class='ocrx_word' id='word_1_80' title='bbox 617 1147 779 1205; x_wconf 78' lang='lat' dir='ltr'><strong>l‘crre.</strong></span> <span class='ocrx_word' id='word_1_81' title='bbox 814 1148 920 1205; x_wconf 88' lang='lat' dir='ltr'><strong>Sed</strong></span> <span class='ocrx_word' id='word_1_82' title='bbox 952 1152 1050 1205; x_wconf 89' lang='lat' dir='ltr'><strong>hac</strong></span> <span class='ocrx_word' id='word_1_83' title='bbox 1078 1153 1324 1220; x_wconf 65' lang='lat' dir='ltr'><strong>praesenti</strong></span> <span class='ocrx_word' id='word_1_84' title='bbox 1359 1150 1551 1205; x_wconf 69' lang='lat' dir='ltr'><strong>Aurem</strong></span> <span class='ocrx_word' id='word_1_85' title='bbox 1597 1151 1760 1207; x_wconf 61' lang='lat' dir='ltr'><strong>Bulla:</strong></span> <span class='ocrx_word' id='word_1_86' title='bbox 1788 1153 2059 1221; x_wconf 87' lang='lat' dir='ltr'><strong>scriptura</strong></span> <span class='ocrx_word' id='word_1_87' title='bbox 2094 1170 2189 1223; x_wconf 89' lang='lat' dir='ltr'><strong>pro</strong></span> 
     </span>
    </p>
   </div>
   <div class='ocr_carea' id='block_1_14' title="bbox 616 1238 2195 1316">
    <p class='ocr_par' dir='ltr' id='par_1_14' title="bbox 616 1238 2195 1316">
     <span class='ocr_line' id='line_1_14' title="bbox 616 1238 2195 1316; baseline 0.004 -23"><span class='ocrx_word' id='word_1_88' title='bbox 616 1242 763 1293; x_wconf 91' lang='lat' dir='ltr'><strong>omni</strong></span> <span class='ocrx_word' id='word_1_89' title='bbox 794 1238 933 1316; x_wconf 75' lang='lat' dir='ltr'><strong>jure</strong></span> <span class='ocrx_word' id='word_1_90' title='bbox 963 1244 1185 1309; x_wconf 89' lang='lat' dir='ltr'><strong>utentis,</strong></span> <span class='ocrx_word' id='word_1_91' title='bbox 1223 1257 1283 1297; x_wconf 88' lang='lat' dir='ltr'><strong>ea</strong></span> <span class='ocrx_word' id='word_1_92' title='bbox 1332 1244 1570 1300; x_wconf 90' lang='lat' dir='ltr'><strong>contenti</strong></span> <span class='ocrx_word' id='word_1_93' title='bbox 1613 1258 1731 1298; x_wconf 91' lang='lat' dir='ltr'><strong>esse</strong></span> <span class='ocrx_word' id='word_1_94' title='bbox 1762 1244 1989 1312; x_wconf 83' lang='lat' dir='ltr'><strong>debent;</strong></span> <span class='ocrx_word' id='word_1_95' title='bbox 2032 1257 2195 1315; x_wconf 80' lang='lat' dir='ltr'><strong>utque</strong></span> 
     </span>
    </p>
   </div>
   <div class='ocr_carea' id='block_1_15' title="bbox 552 1319 2195 1407">
    <p class='ocr_par' dir='ltr' id='par_1_15' title="bbox 552 1319 2195 1407">
     <span class='ocr_line' id='line_1_15' title="bbox 552 1319 2195 1407; baseline 0.004 -21"><span class='ocrx_word' id='word_1_96' title='bbox 552 1319 560 1329; x_wconf 77' lang='grc'><em>’</em></span> <span class='ocrx_word' id='word_1_97' title='bbox 614 1333 717 1396; x_wconf 84' lang='lat' dir='ltr'><strong>eis,</strong></span> <span class='ocrx_word' id='word_1_98' title='bbox 752 1344 806 1386; x_wconf 88' lang='lat' dir='ltr'><strong>ut</strong></span> <span class='ocrx_word' id='word_1_99' title='bbox 838 1336 991 1401; x_wconf 89' lang='lat' dir='ltr'><strong>prius</strong></span> <span class='ocrx_word' id='word_1_100' title='bbox 1036 1336 1299 1403; x_wconf 89' lang='lat' dir='ltr'><strong>scriptum</strong></span> <span class='ocrx_word' id='word_1_101' title='bbox 1330 1344 1434 1400; x_wconf 89' lang='lat' dir='ltr'><strong>est,</strong></span> <span class='ocrx_word' id='word_1_102' title='bbox 1478 1334 1725 1390; x_wconf 78' lang='lat' dir='ltr'><strong>suﬂicere</strong></span> <span class='ocrx_word' id='word_1_103' title='bbox 1758 1336 1971 1401; x_wconf 81' lang='lat' dir='ltr'><strong>debeat,</strong></span> <span class='ocrx_word' id='word_1_104' title='bbox 2004 1347 2057 1392; x_wconf 89' lang='lat' dir='ltr'><strong>ct</strong></span> <span class='ocrx_word' id='word_1_105' title='bbox 2096 1354 2195 1407; x_wconf 86' lang='lat' dir='ltr'><strong>pro</strong></span> 
     </span>
    </p>
   </div>
   <div class='ocr_carea' id='block_1_16' title="bbox 615 1406 2191 1500">
    <p class='ocr_par' dir='ltr' id='par_1_16' title="bbox 615 1406 2191 1500">
     <span class='ocr_line' id='line_1_16' title="bbox 615 1406 2191 1500; baseline 0.006 -23"><span class='ocrx_word' id='word_1_106' title='bbox 615 1406 934 1489; x_wconf 81' lang='lat' dir='ltr'><strong>donatione,</strong></span> <span class='ocrx_word' id='word_1_107' title='bbox 978 1436 1033 1480; x_wconf 91' lang='lat' dir='ltr'><strong>et</strong></span> <span class='ocrx_word' id='word_1_108' title='bbox 1074 1442 1172 1496; x_wconf 90' lang='lat' dir='ltr'><strong>pro</strong></span> <span class='ocrx_word' id='word_1_109' title='bbox 1214 1428 1527 1493; x_wconf 81' lang='lat' dir='ltr'><strong>traditione,</strong></span> <span class='ocrx_word' id='word_1_110' title='bbox 1563 1437 1617 1483; x_wconf 91' lang='lat' dir='ltr'><strong>et</strong></span> <span class='ocrx_word' id='word_1_111' title='bbox 1658 1430 1850 1497; x_wconf 90' lang='lat' dir='ltr'><strong>quovis</strong></span> <span class='ocrx_word' id='word_1_112' title='bbox 1893 1431 2001 1483; x_wconf 90' lang='lat' dir='ltr'><strong>alio</strong></span> <span class='ocrx_word' id='word_1_113' title='bbox 2046 1406 2191 1500; x_wconf 80' lang='lat' dir='ltr'><strong>jure.</strong></span> 
     </span>
    </p>
   </div>
   <div class='ocr_carea' id='block_1_17' title="bbox 617 1508 2194 1592">
    <p class='ocr_par' dir='ltr' id='par_1_17' title="bbox 617 1508 2194 1592">
     <span class='ocr_line' id='line_1_17' title="bbox 617 1508 2194 1592; baseline 0.005 -23"><span class='ocrx_word' id='word_1_114' title='bbox 617 1516 712 1570; x_wconf 90' lang='lat' dir='ltr'><strong>Sin</strong></span> <span class='ocrx_word' id='word_1_115' title='bbox 733 1528 911 1571; x_wconf 89' lang='lat' dir='ltr'><strong>autem</strong></span> <span class='ocrx_word' id='word_1_116' title='bbox 938 1508 1254 1574; x_wconf 82' lang='lat' dir='ltr'><strong>invitantem</strong></span> <span class='ocrx_word' id='word_1_117' title='bbox 1277 1522 1505 1575; x_wconf 80' lang='lat' dir='ltr'><strong>fortasse</strong></span> <span class='ocrx_word' id='word_1_118' title='bbox 1519 1528 1758 1592; x_wconf 90' lang='lat' dir='ltr'><strong>tempore</strong></span> <span class='ocrx_word' id='word_1_119' title='bbox 1779 1522 2006 1576; x_wconf 79' lang='lat' dir='ltr'><strong>voluerit</strong></span> <span class='ocrx_word' id='word_1_120' title='bbox 2031 1524 2194 1577; x_wconf 89' lang='lat' dir='ltr'><strong>ullum</strong></span> 
     </span>
    </p>
   </div>
   <div class='ocr_carea' id='block_1_18' title="bbox 618 1609 2195 1680">
    <p class='ocr_par' dir='ltr' id='par_1_18' title="bbox 618 1609 2195 1680">
     <span class='ocr_line' id='line_1_18' title="bbox 618 1609 2195 1680; baseline 0.005 -19"><span class='ocrx_word' id='word_1_121' title='bbox 618 1610 1005 1664; x_wconf 81' lang='lat' dir='ltr'><strong>monasterium</strong></span> <span class='ocrx_word' id='word_1_122' title='bbox 1036 1609 1102 1666; x_wconf 87' lang='lat' dir='ltr'><strong>iis</strong></span> <span class='ocrx_word' id='word_1_123' title='bbox 1131 1612 1295 1665; x_wconf 89' lang='lat' dir='ltr'><strong>etiam</strong></span> <span class='ocrx_word' id='word_1_124' title='bbox 1328 1626 1451 1680; x_wconf 69' lang='lat' dir='ltr'><strong>quae</strong></span> <span class='ocrx_word' id='word_1_125' title='bbox 1482 1610 1644 1666; x_wconf 82' lang='lat' dir='ltr'><strong>habet</strong></span> <span class='ocrx_word' id='word_1_126' title='bbox 1671 1612 1887 1680; x_wconf 84' lang='lat' dir='ltr'><strong>jurihus</strong></span> <span class='ocrx_word' id='word_1_127' title='bbox 1923 1621 1973 1667; x_wconf 93' lang='lat' dir='ltr'><strong>et</strong></span> <span class='ocrx_word' id='word_1_128' title='bbox 2022 1614 2195 1669; x_wconf 80' lang='lat' dir='ltr'><strong>titulis</strong></span> 
     </span>
    </p>
   </div>
   <div class='ocr_carea' id='block_1_19' title="bbox 618 1700 2193 1772">
    <p class='ocr_par' dir='ltr' id='par_1_19' title="bbox 618 1700 2193 1772">
     <span class='ocr_line' id='line_1_19' title="bbox 618 1700 2193 1772; baseline 0.004 -20"><span class='ocrx_word' id='word_1_129' title='bbox 618 1700 715 1763; x_wconf 88' lang='lat' dir='ltr'><strong>ttti,</strong></span> <span class='ocrx_word' id='word_1_130' title='bbox 744 1716 804 1754; x_wconf 90' lang='lat' dir='ltr'><strong>ea</strong></span> <span class='ocrx_word' id='word_1_131' title='bbox 838 1717 937 1770; x_wconf 83' lang='lat' dir='ltr'><strong>pro</strong></span> <span class='ocrx_word' id='word_1_132' title='bbox 968 1717 1026 1755; x_wconf 91' lang='lat' dir='ltr'><strong>se</strong></span> <span class='ocrx_word' id='word_1_133' title='bbox 1075 1700 1351 1767; x_wconf 80' lang='lat' dir='ltr'><strong>adferens,</strong></span> <span class='ocrx_word' id='word_1_134' title='bbox 1387 1718 1415 1756; x_wconf 88' lang='lat' dir='ltr'><strong>a</strong></span> <span class='ocrx_word' id='word_1_135' title='bbox 1449 1703 1595 1756; x_wconf 90' lang='lat' dir='ltr'><strong>nullo</strong></span> <span class='ocrx_word' id='word_1_136' title='bbox 1634 1702 1851 1771; x_wconf 85' lang='lat' dir='ltr'><strong>penitus</strong></span> <span class='ocrx_word' id='word_1_137' title='bbox 1877 1704 2193 1772; x_wconf 84' lang='lat' dir='ltr'><strong>prohibebi-</strong></span> 
     </span>
    </p>
   </div>
   <div class='ocr_carea' id='block_1_20' title="bbox 620 1791 2194 1850">
    <p class='ocr_par' dir='ltr' id='par_1_20' title="bbox 620 1791 2194 1850">
     <span class='ocr_line' id='line_1_20' title="bbox 620 1791 2194 1850; baseline 0.006 -10"><span class='ocrx_word' id='word_1_138' title='bbox 620 1794 724 1845; x_wconf 87' lang='lat' dir='ltr'><strong>tur.</strong></span> <span class='ocrx_word' id='word_1_139' title='bbox 779 1791 888 1846; x_wconf 89' lang='lat' dir='ltr'><strong>lloc</strong></span> <span class='ocrx_word' id='word_1_140' title='bbox 912 1793 1055 1846; x_wconf 89' lang='lat' dir='ltr'><strong>enim</strong></span> <span class='ocrx_word' id='word_1_141' title='bbox 1089 1809 1194 1848; x_wconf 88' lang='lat' dir='ltr'><strong>nort</strong></span> <span class='ocrx_word' id='word_1_142' title='bbox 1228 1794 1387 1849; x_wconf 80' lang='lat' dir='ltr'><strong>faciet</strong></span> <span class='ocrx_word' id='word_1_143' title='bbox 1413 1794 1653 1847; x_wconf 87' lang='lat' dir='ltr'><strong>adhibita</strong></span> <span class='ocrx_word' id='word_1_144' title='bbox 1682 1795 2057 1850; x_wconf 89' lang='lat' dir='ltr'><strong>coaetione.Si</strong></span> <span class='ocrx_word' id='word_1_145' title='bbox 2093 1812 2194 1849; x_wconf 83' lang='lat' dir='ltr'><strong>au-</strong></span> 
     </span>
    </p>
   </div>
   <div class='ocr_carea' id='block_1_21' title="bbox 622 1883 2195 1958">
    <p class='ocr_par' dir='ltr' id='par_1_21' title="bbox 622 1883 2195 1958">
     <span class='ocr_line' id='line_1_21' title="bbox 622 1883 2195 1958; baseline 0.006 -24"><span class='ocrx_word' id='word_1_146' title='bbox 622 1893 729 1935; x_wconf 86' lang='lat' dir='ltr'><strong>tem</strong></span> <span class='ocrx_word' id='word_1_147' title='bbox 760 1883 861 1937; x_wconf 89' lang='lat' dir='ltr'><strong>hoc</strong></span> <span class='ocrx_word' id='word_1_148' title='bbox 889 1884 1102 1953; x_wconf 78' lang='lat' dir='ltr'><strong>propria</strong></span> <span class='ocrx_word' id='word_1_149' title='bbox 1140 1885 1415 1941; x_wconf 81' lang='lat' dir='ltr'><strong>voluntate</strong></span> <span class='ocrx_word' id='word_1_150' title='bbox 1459 1886 1705 1953; x_wconf 76' lang='lat' dir='ltr'><strong>elegerit,</strong></span> <span class='ocrx_word' id='word_1_151' title='bbox 1757 1903 1919 1943; x_wconf 89' lang='lat' dir='ltr'><strong>nemo</strong></span> <span class='ocrx_word' id='word_1_152' title='bbox 1962 1889 2195 1958; x_wconf 81' lang='lat' dir='ltr'><strong>impedi-</strong></span> 
     </span>
    </p>
   </div>
   <div class='ocr_carea' id='block_1_22' title="bbox 620 1971 2189 2047">
    <p class='ocr_par' dir='ltr' id='par_1_22' title="bbox 620 1971 2189 2047">
     <span class='ocr_line' id='line_1_22' title="bbox 620 1971 2189 2047; baseline 0.005 -24"><span class='ocrx_word' id='word_1_153' title='bbox 620 1980 769 2025; x_wconf 82' lang='lat' dir='ltr'><strong>turus</strong></span> <span class='ocrx_word' id='word_1_154' title='bbox 798 1973 1132 2027; x_wconf 83' lang='lat' dir='ltr'><strong>admittetur.</strong></span> <span class='ocrx_word' id='word_1_155' title='bbox 1163 1971 1277 2029; x_wconf 85' lang='lat' dir='ltr'><strong>Non</strong></span> <span class='ocrx_word' id='word_1_156' title='bbox 1309 1975 1485 2031; x_wconf 88' lang='lat' dir='ltr'><strong>solum</strong></span> <span class='ocrx_word' id='word_1_157' title='bbox 1517 1989 1697 2031; x_wconf 90' lang='lat' dir='ltr'><strong>autem</strong></span> <span class='ocrx_word' id='word_1_158' title='bbox 1739 1979 1806 2031; x_wconf 89' lang='lat' dir='ltr'><strong>ad</strong></span> <span class='ocrx_word' id='word_1_159' title='bbox 1844 1978 2189 2047; x_wconf 89' lang='lat' dir='ltr'><strong>probandum</strong></span> 
     </span>
    </p>
   </div>
   <div class='ocr_carea' id='block_1_23' title="bbox 612 2060 2188 2139">
    <p class='ocr_par' dir='ltr' id='par_1_23' title="bbox 612 2060 2188 2139">
     <span class='ocr_line' id='line_1_23' title="bbox 612 2060 2188 2139; baseline 0.006 -24"><span class='ocrx_word' id='word_1_160' title='bbox 612 2060 703 2129; x_wconf 82' lang='lat' dir='ltr'><strong>jus</strong></span> <span class='ocrx_word' id='word_1_161' title='bbox 732 2066 952 2129; x_wconf 86' lang='lat' dir='ltr'><strong>terreni,</strong></span> <span class='ocrx_word' id='word_1_162' title='bbox 984 2067 1126 2133; x_wconf 90' lang='lat' dir='ltr'><strong>quod</strong></span> <span class='ocrx_word' id='word_1_163' title='bbox 1160 2066 1377 2133; x_wconf 84' lang='lat' dir='ltr'><strong>habent,</strong></span> <span class='ocrx_word' id='word_1_164' title='bbox 1406 2070 1748 2125; x_wconf 89' lang='lat' dir='ltr'><strong>monasteriis</strong></span> <span class='ocrx_word' id='word_1_165' title='bbox 1778 2069 2001 2126; x_wconf 84' lang='lat' dir='ltr'><strong>suﬂlciet</strong></span> <span class='ocrx_word' id='word_1_166' title='bbox 2047 2087 2188 2139; x_wconf 70' lang='lat' dir='ltr'><strong>prae-</strong></span> 
     </span>
    </p>
   </div>
   <div class='ocr_carea' id='block_1_24' title="bbox 620 2156 2191 2235">
    <p class='ocr_par' dir='ltr' id='par_1_24' title="bbox 620 2156 2191 2235">
     <span class='ocr_line' id='line_1_24' title="bbox 620 2156 2191 2235; baseline 0.008 -27"><span class='ocrx_word' id='word_1_167' title='bbox 620 2169 743 2210; x_wconf 72' lang='lat' dir='ltr'><strong>sezis</strong></span> <span class='ocrx_word' id='word_1_168' title='bbox 782 2156 928 2211; x_wconf 83' lang='lat' dir='ltr'><strong>Bulla</strong></span> <span class='ocrx_word' id='word_1_169' title='bbox 958 2160 1136 2212; x_wconf 84' lang='lat' dir='ltr'><strong>Aurea</strong></span> <span class='ocrx_word' id='word_1_170' title='bbox 1167 2176 1181 2211; x_wconf 92' lang='lat'><strong>:</strong></span> <span class='ocrx_word' id='word_1_171' title='bbox 1220 2160 1313 2215; x_wconf 87' lang='lat' dir='ltr'><strong>sed</strong></span> <span class='ocrx_word' id='word_1_172' title='bbox 1348 2162 1506 2215; x_wconf 90' lang='lat' dir='ltr'><strong>etiam</strong></span> <span class='ocrx_word' id='word_1_173' title='bbox 1539 2163 1590 2215; x_wconf 91' lang='lat' dir='ltr'><strong>in</strong></span> <span class='ocrx_word' id='word_1_174' title='bbox 1628 2164 1857 2227; x_wconf 89' lang='lat' dir='ltr'><strong>colonis,</strong></span> <span class='ocrx_word' id='word_1_175' title='bbox 1904 2167 1994 2235; x_wconf 85' lang='lat' dir='ltr'><strong>qui</strong></span> <span class='ocrx_word' id='word_1_176' title='bbox 2049 2180 2191 2220; x_wconf 87' lang='lat' dir='ltr'><strong>nunc</strong></span> 
     </span>
    </p>
   </div>
   <div class='ocr_carea' id='block_1_25' title="bbox 620 2248 2194 2324">
    <p class='ocr_par' dir='ltr' id='par_1_25' title="bbox 620 2248 2194 2324">
     <span class='ocr_line' id='line_1_25' title="bbox 620 2248 2194 2324; baseline 0.006 -25"><span class='ocrx_word' id='word_1_177' title='bbox 620 2249 688 2300; x_wconf 88' lang='lat' dir='ltr'><strong>ab</strong></span> <span class='ocrx_word' id='word_1_178' title='bbox 718 2248 797 2301; x_wconf 92' lang='lat' dir='ltr'><strong>eis</strong></span> <span class='ocrx_word' id='word_1_179' title='bbox 822 2249 1149 2314; x_wconf 87' lang='lat' dir='ltr'><strong>detinentur,</strong></span> <span class='ocrx_word' id='word_1_180' title='bbox 1177 2260 1230 2305; x_wconf 89' lang='lat' dir='ltr'><strong>et</strong></span> <span class='ocrx_word' id='word_1_181' title='bbox 1252 2252 1488 2319; x_wconf 69' lang='lat' dir='ltr'><strong>praediis,</strong></span> <span class='ocrx_word' id='word_1_182' title='bbox 1518 2254 1886 2324; x_wconf 79' lang='lat' dir='ltr'><strong>vectigalibus,</strong></span> <span class='ocrx_word' id='word_1_183' title='bbox 1906 2255 2194 2309; x_wconf 87' lang='lat' dir='ltr'><strong>conventi-</strong></span> 
     </span>
    </p>
   </div>
   <div class='ocr_carea' id='block_1_26' title="bbox 620 2338 2195 2415">
    <p class='ocr_par' dir='ltr' id='par_1_26' title="bbox 620 2338 2195 2415">
     <span class='ocr_line' id='line_1_26' title="bbox 620 2338 2195 2415; baseline 0.007 -24"><span class='ocrx_word' id='word_1_184' title='bbox 620 2338 745 2401; x_wconf 86' lang='lat' dir='ltr'><strong>bus,</strong></span> <span class='ocrx_word' id='word_1_185' title='bbox 781 2339 1115 2407; x_wconf 83' lang='lat' dir='ltr'><strong>trajectiouis</strong></span> <span class='ocrx_word' id='word_1_186' title='bbox 1145 2341 1530 2411; x_wconf 87' lang='lat' dir='ltr'><strong>solutionibus,</strong></span> <span class='ocrx_word' id='word_1_187' title='bbox 1563 2346 1790 2414; x_wconf 77' lang='lat' dir='ltr'><strong>stagnis,</strong></span> <span class='ocrx_word' id='word_1_188' title='bbox 1824 2345 2025 2412; x_wconf 83' lang='lat' dir='ltr'><strong>ﬂuviis,</strong></span> <span class='ocrx_word' id='word_1_189' title='bbox 2059 2347 2195 2415; x_wconf 83' lang='lat' dir='ltr'><strong>juri-</strong></span> 
     </span>
    </p>
   </div>
   <div class='ocr_carea' id='block_1_27' title="bbox 620 2430 2195 2507">
    <p class='ocr_par' dir='ltr' id='par_1_27' title="bbox 620 2430 2195 2507">
     <span class='ocr_line' id='line_1_27' title="bbox 620 2430 2195 2507; baseline 0.006 -22"><span class='ocrx_word' id='word_1_190' title='bbox 620 2430 720 2485; x_wconf 91' lang='lat' dir='ltr'><strong>bus</strong></span> <span class='ocrx_word' id='word_1_191' title='bbox 774 2432 1080 2499; x_wconf 81' lang='lat' dir='ltr'><strong>maritimis,</strong></span> <span class='ocrx_word' id='word_1_192' title='bbox 1115 2442 1168 2488; x_wconf 87' lang='lat' dir='ltr'><strong>et</strong></span> <span class='ocrx_word' id='word_1_193' title='bbox 1196 2449 1514 2505; x_wconf 88' lang='lat' dir='ltr'><strong>quocunque</strong></span> <span class='ocrx_word' id='word_1_194' title='bbox 1543 2436 1649 2491; x_wconf 88' lang='lat' dir='ltr'><strong>alio</strong></span> <span class='ocrx_word' id='word_1_195' title='bbox 1669 2436 1814 2506; x_wconf 83' lang='lat' dir='ltr'><strong>jure,</strong></span> <span class='ocrx_word' id='word_1_196' title='bbox 1849 2440 1991 2507; x_wconf 91' lang='lat' dir='ltr'><strong>quod</strong></span> <span class='ocrx_word' id='word_1_197' title='bbox 2021 2440 2089 2493; x_wconf 91' lang='lat' dir='ltr'><strong>ab</strong></span> <span class='ocrx_word' id='word_1_198' title='bbox 2114 2440 2195 2495; x_wconf 88' lang='lat' dir='ltr'><strong>eis</strong></span> 
     </span>
    </p>
   </div>
   <div class='ocr_carea' id='block_1_28' title="bbox 620 2523 2193 2599">
    <p class='ocr_par' dir='ltr' id='par_1_28' title="bbox 620 2523 2193 2599">
     <span class='ocr_line' id='line_1_28' title="bbox 620 2523 2193 2599; baseline 0.007 -22"><span class='ocrx_word' id='word_1_199' title='bbox 620 2523 945 2591; x_wconf 84' lang='lat' dir='ltr'><strong>possidetur,</strong></span> <span class='ocrx_word' id='word_1_200' title='bbox 972 2536 1330 2595; x_wconf 65' lang='lat' dir='ltr'><strong>praeterquam</strong></span> <span class='ocrx_word' id='word_1_201' title='bbox 1358 2528 1412 2582; x_wconf 91' lang='lat' dir='ltr'><strong>in</strong></span> <span class='ocrx_word' id='word_1_202' title='bbox 1446 2528 1534 2595; x_wconf 87' lang='lat' dir='ltr'><strong>iis,</strong></span> <span class='ocrx_word' id='word_1_203' title='bbox 1564 2529 1617 2583; x_wconf 90' lang='lat' dir='ltr'><strong>in</strong></span> <span class='ocrx_word' id='word_1_204' title='bbox 1645 2532 1842 2599; x_wconf 91' lang='lat' dir='ltr'><strong>quibus</strong></span> <span class='ocrx_word' id='word_1_205' title='bbox 1872 2533 2193 2588; x_wconf 90' lang='lat' dir='ltr'><strong>documenta</strong></span> 
     </span>
    </p>
   </div>
   <div class='ocr_carea' id='block_1_29' title="bbox 625 2617 2197 2696">
    <p class='ocr_par' dir='ltr' id='par_1_29' title="bbox 625 2617 2197 2696">
     <span class='ocr_line' id='line_1_29' title="bbox 625 2617 2197 2696; baseline 0.01 -31"><span class='ocrx_word' id='word_1_206' title='bbox 625 2631 721 2683; x_wconf 83' lang='lat' dir='ltr'><strong>pro</strong></span> <span class='ocrx_word' id='word_1_207' title='bbox 763 2617 913 2671; x_wconf 79' lang='lat' dir='ltr'><strong>tisco.</strong></span> <span class='ocrx_word' id='word_1_208' title='bbox 947 2617 1028 2687; x_wconf 93' lang='lat' dir='ltr'><strong>(ut</strong></span> <span class='ocrx_word' id='word_1_209' title='bbox 1054 2633 1196 2689; x_wconf 69' lang='lat' dir='ltr'><strong>srepe</strong></span> <span class='ocrx_word' id='word_1_210' title='bbox 1228 2621 1477 2690; x_wconf 86' lang='lat' dir='ltr'><strong>superius</strong></span> <span class='ocrx_word' id='word_1_211' title='bbox 1512 2622 1713 2677; x_wconf 89' lang='lat' dir='ltr'><strong>dictum</strong></span> <span class='ocrx_word' id='word_1_212' title='bbox 1754 2624 1860 2692; x_wconf 90' lang='lat' dir='ltr'><strong>est)</strong></span> <span class='ocrx_word' id='word_1_213' title='bbox 1918 2636 2197 2696; x_wconf 88' lang='lat' dir='ltr'><strong>assumpta</strong></span> 
     </span>
    </p>
   </div>
   <div class='ocr_carea' id='block_1_30' title="bbox 582 2708 2196 2787">
    <p class='ocr_par' dir='ltr' id='par_1_30' title="bbox 582 2708 2196 2787">
     <span class='ocr_line' id='line_1_30' title="bbox 582 2708 2196 2787; baseline 0.007 -26"><span class='ocrx_word' id='word_1_214' title='bbox 582 2746 585 2751; x_wconf 58' lang='grc'><strong>›</strong></span> <span class='ocrx_word' id='word_1_215' title='bbox 623 2713 769 2761; x_wconf 87' lang='lat' dir='ltr'><strong>sunt.</strong></span> <span class='ocrx_word' id='word_1_216' title='bbox 799 2708 890 2761; x_wconf 90' lang='lat' dir='ltr'><strong>Sin</strong></span> <span class='ocrx_word' id='word_1_217' title='bbox 919 2718 1099 2763; x_wconf 82' lang='lat' dir='ltr'><strong>autem</strong></span> <span class='ocrx_word' id='word_1_218' title='bbox 1132 2711 1404 2765; x_wconf 87' lang='lat' dir='ltr'><strong>recenseri</strong></span> <span class='ocrx_word' id='word_1_219' title='bbox 1430 2711 1584 2781; x_wconf 85' lang='lat' dir='ltr'><strong>jussa</strong></span> <span class='ocrx_word' id='word_1_220' title='bbox 1631 2725 1781 2782; x_wconf 85' lang='lat' dir='ltr'><strong>sunt,</strong></span> <span class='ocrx_word' id='word_1_221' title='bbox 1817 2716 1896 2770; x_wconf 88' lang='lat' dir='ltr'><strong>vel</strong></span> <span class='ocrx_word' id='word_1_222' title='bbox 1928 2719 2196 2787; x_wconf 85' lang='lat' dir='ltr'><strong>amputari</strong></span> 
     </span>
    </p>
   </div>
   <div class='ocr_carea' id='block_1_31' title="bbox 625 2800 2196 2877">
    <p class='ocr_par' dir='ltr' id='par_1_31' title="bbox 625 2800 2196 2877">
     <span class='ocr_line' id='line_1_31' title="bbox 625 2800 2196 2877; baseline 0.008 -26"><span class='ocrx_word' id='word_1_223' title='bbox 625 2800 870 2867; x_wconf 70' lang='lat' dir='ltr'><strong>quaedam</strong></span> <span class='ocrx_word' id='word_1_224' title='bbox 898 2800 1118 2863; x_wconf 88' lang='lat' dir='ltr'><strong>tributa,</strong></span> <span class='ocrx_word' id='word_1_225' title='bbox 1143 2803 1227 2856; x_wconf 87' lang='lat' dir='ltr'><strong>vel</strong></span> <span class='ocrx_word' id='word_1_226' title='bbox 1256 2812 1435 2872; x_wconf 89' lang='lat' dir='ltr'><strong>pacta,</strong></span> <span class='ocrx_word' id='word_1_227' title='bbox 1468 2803 1548 2858; x_wconf 85' lang='lat' dir='ltr'><strong>vel</strong></span> <span class='ocrx_word' id='word_1_228' title='bbox 1588 2804 1811 2872; x_wconf 62' lang='lat' dir='ltr'><strong>militiae,</strong></span> <span class='ocrx_word' id='word_1_229' title='bbox 1848 2807 1930 2864; x_wconf 89' lang='lat' dir='ltr'><strong>vel</strong></span> <span class='ocrx_word' id='word_1_230' title='bbox 1963 2810 2196 2877; x_wconf 88' lang='lat' dir='ltr'><strong>publica,</strong></span> 
     </span>
    </p>
   </div>
   <div class='ocr_carea' id='block_1_32' title="bbox 622 2892 2195 2972">
    <p class='ocr_par' dir='ltr' id='par_1_32' title="bbox 622 2892 2195 2972">
     <span class='ocr_line' id='line_1_32' title="bbox 622 2892 2195 2972; baseline 0.009 -29"><span class='ocrx_word' id='word_1_231' title='bbox 622 2892 708 2946; x_wconf 87' lang='lat' dir='ltr'><strong>vel</strong></span> <span class='ocrx_word' id='word_1_232' title='bbox 747 2892 999 2956; x_wconf 88' lang='lat' dir='ltr'><strong>Iibellica,</strong></span> <span class='ocrx_word' id='word_1_233' title='bbox 1029 2894 1113 2949; x_wconf 87' lang='lat' dir='ltr'><strong>vel</strong></span> <span class='ocrx_word' id='word_1_234' title='bbox 1150 2894 1356 2964; x_wconf 88' lang='lat' dir='ltr'><strong>aliquid</strong></span> <span class='ocrx_word' id='word_1_235' title='bbox 1399 2896 1567 2963; x_wconf 85' lang='lat' dir='ltr'><strong>aliud,</strong></span> <span class='ocrx_word' id='word_1_236' title='bbox 1609 2900 1761 2969; x_wconf 82' lang='lat' dir='ltr'><strong>quod</strong></span> <span class='ocrx_word' id='word_1_237' title='bbox 1802 2902 1867 2954; x_wconf 87' lang='lat' dir='ltr'><strong>ad</strong></span> <span class='ocrx_word' id='word_1_238' title='bbox 1917 2902 2195 2972; x_wconf 89' lang='lat' dir='ltr'><strong>publicum</strong></span> 
     </span>
    </p>
   </div>
   <div class='ocr_carea' id='block_1_33' title="bbox 545 2984 2197 3061">
    <p class='ocr_par' dir='ltr' id='par_1_33' title="bbox 545 2984 2197 3061">
     <span class='ocr_line' id='line_1_33' title="bbox 545 2984 2197 3061; baseline 0.008 -25"><span class='ocrx_word' id='word_1_239' title='bbox 545 3006 553 3013; x_wconf 56' lang='grc' dir='ltr'><em>κ</em></span> <span class='ocrx_word' id='word_1_240' title='bbox 623 2984 889 3053; x_wconf 87' lang='lat' dir='ltr'><strong>pertinet;</strong></span> <span class='ocrx_word' id='word_1_241' title='bbox 942 2994 997 3039; x_wconf 87' lang='lat' dir='ltr'><strong>et</strong></span> <span class='ocrx_word' id='word_1_242' title='bbox 1045 3000 1150 3039; x_wconf 92' lang='lat' dir='ltr'><strong>non</strong></span> <span class='ocrx_word' id='word_1_243' title='bbox 1199 2984 1402 3042; x_wconf 81' lang='lat' dir='ltr'><strong>factum</strong></span> <span class='ocrx_word' id='word_1_244' title='bbox 1446 2997 1549 3056; x_wconf 88' lang='lat' dir='ltr'><strong>est,</strong></span> <span class='ocrx_word' id='word_1_245' title='bbox 1607 2994 1749 3061; x_wconf 91' lang='lat' dir='ltr'><strong>quod</strong></span> <span class='ocrx_word' id='word_1_246' title='bbox 1804 2996 2197 3051; x_wconf 89' lang='lat' dir='ltr'><strong>recensendum</strong></span> 
     </span>
    </p>
   </div>
   <div class='ocr_carea' id='block_1_34' title="bbox 2294 515 3856 589">
    <p class='ocr_par' dir='ltr' id='par_1_34' title="bbox 2294 515 3856 589">
     <span class='ocr_line' id='line_1_34' title="bbox 2294 515 3856 589; baseline -0.006 -13"><span class='ocrx_word' id='word_1_247' title='bbox 2294 515 2394 582; x_wconf 75' lang='grc' dir='ltr'>χῆς</span> <span class='ocrx_word' id='word_1_248' title='bbox 2438 515 2545 565; x_wconf 80' lang='grc' dir='ltr'>τῶν</span> <span class='ocrx_word' id='word_1_249' title='bbox 2591 516 2862 585; x_wconf 77' lang='grc' dir='ltr'><strong>ἀκινήτων</strong></span> <span class='ocrx_word' id='word_1_250' title='bbox 2909 517 3231 589; x_wconf 70' lang='grc' dir='ltr'><strong>ὀφειλούσης</strong></span> <span class='ocrx_word' id='word_1_251' title='bbox 3277 520 3467 588; x_wconf 77' lang='grc' dir='ltr'>ἀρκεῖν</span> <span class='ocrx_word' id='word_1_252' title='bbox 3519 518 3703 580; x_wconf 81' lang='grc' dir='ltr'>αὐτοῖς</span> <span class='ocrx_word' id='word_1_253' title='bbox 3752 516 3856 568; x_wconf 71' lang='grc' dir='ltr'>αντὶ</span> 
     </span>
    </p>
   </div>
   <div class='ocr_carea' id='block_1_35' title="bbox 2294 605 3921 681">
    <p class='ocr_par' dir='ltr' id='par_1_35' title="bbox 2294 605 3921 681">
     <span class='ocr_line' id='line_1_35' title="bbox 2294 605 3921 681; baseline 0.003 -24"><span class='ocrx_word' id='word_1_254' title='bbox 2294 605 2491 668; x_wconf 76' lang='grc' dir='ltr'>παντὸς</span> <span class='ocrx_word' id='word_1_255' title='bbox 2522 606 2917 677; x_wconf 67' lang='grc' dir='ltr'><strong>δικαιώματος,</strong></span> <span class='ocrx_word' id='word_1_256' title='bbox 2952 610 3204 681; x_wconf 81' lang='grc' dir='ltr'>περιττόν</span> <span class='ocrx_word' id='word_1_257' title='bbox 3234 613 3350 663; x_wconf 76' lang='grc' dir='ltr'>ἐστι</span> <span class='ocrx_word' id='word_1_258' title='bbox 3382 609 3441 662; x_wconf 78' lang='grc' dir='ltr'>τὸ</span> <span class='ocrx_word' id='word_1_259' title='bbox 3476 609 3855 678; x_wconf 69' lang='grc' dir='ltr'>πολυπρατμς·</span> 
     </span>
    </p>
   </div>
   <div class='ocr_carea' id='block_1_36' title="bbox 2292 676 3921 772">
    <p class='ocr_par' dir='ltr' id='par_1_36' title="bbox 2292 676 3921 772">
     <span class='ocr_line' id='line_1_36' title="bbox 2292 676 3921 772; baseline 0.003 -26"><span class='ocrx_word' id='word_1_260' title='bbox 2292 697 2407 747; x_wconf 74' lang='grc' dir='ltr'>νεῖν</span> <span class='ocrx_word' id='word_1_261' title='bbox 2434 698 2561 768; x_wconf 71' lang='grc' dir='ltr'>περὶ</span> <span class='ocrx_word' id='word_1_262' title='bbox 2588 676 2797 767; x_wconf 80' lang='grc' dir='ltr'>ἐτέρου.</span> <span class='ocrx_word' id='word_1_263' title='bbox 2832 700 2954 753; x_wconf 75' lang='grc' dir='ltr'><strong>Ἐπὶ</strong></span> <span class='ocrx_word' id='word_1_264' title='bbox 2982 676 3115 755; x_wconf 55' lang='grc' dir='ltr'>πάσι</span> <span class='ocrx_word' id='word_1_265' title='bbox 3142 701 3251 772; x_wconf 68' lang='grc' dir='ltr'><strong>γὰρ</strong></span> <span class='ocrx_word' id='word_1_266' title='bbox 3274 697 3356 763; x_wconf 72' lang='grc' dir='ltr'>οἷς</span> <span class='ocrx_word' id='word_1_267' title='bbox 3382 676 3673 770; x_wconf 75' lang='grc' dir='ltr'>κατέχουσι</span> <span class='ocrx_word' id='word_1_268' title='bbox 3704 676 3855 770; x_wconf 63' lang='grc' dir='ltr'>σήμέ-</span> 
     </span>
    </p>
   </div>
   <div class='ocr_carea' id='block_1_37' title="bbox 2298 788 3856 863">
    <p class='ocr_par' dir='ltr' id='par_1_37' title="bbox 2298 788 3856 863">
     <span class='ocr_line' id='line_1_37' title="bbox 2298 788 3856 863; baseline -0.009 -8"><span class='ocrx_word' id='word_1_269' title='bbox 2298 804 2388 855; x_wconf 79' lang='grc' dir='ltr'>ρον</span> <span class='ocrx_word' id='word_1_270' title='bbox 2414 788 2561 858; x_wconf 66' lang='grc' dir='ltr'>(ἄνευ</span> <span class='ocrx_word' id='word_1_271' title='bbox 2594 791 2784 858; x_wconf 66' lang='grc' dir='ltr'>μέντοι,</span> <span class='ocrx_word' id='word_1_272' title='bbox 2802 791 2909 844; x_wconf 84' lang='grc' dir='ltr'>τῶν</span> <span class='ocrx_word' id='word_1_273' title='bbox 2935 793 3018 861; x_wconf 78' lang='grc' dir='ltr'><strong>ἐφ’</strong></span> <span class='ocrx_word' id='word_1_274' title='bbox 3039 788 3118 856; x_wconf 78' lang='grc' dir='ltr'>οἷς</span> <span class='ocrx_word' id='word_1_275' title='bbox 3146 792 3406 863; x_wconf 74' lang='grc' dir='ltr'>ἐδόθησαν</span> <span class='ocrx_word' id='word_1_276' title='bbox 3434 792 3618 853; x_wconf 69' lang='grc' dir='ltr'>αὐτοῖς</span> <span class='ocrx_word' id='word_1_277' title='bbox 3642 790 3856 857; x_wconf 59' lang='lat' dir='ltr'><strong>6:17sz-</strong></span> 
     </span>
    </p>
   </div>
   <div class='ocr_carea' id='block_1_38' title="bbox 2294 882 3853 956">
    <p class='ocr_par' dir='ltr' id='par_1_38' title="bbox 2294 882 3853 956">
     <span class='ocr_line' id='line_1_38' title="bbox 2294 882 3853 956; baseline 0.002 -27"><span class='ocrx_word' id='word_1_278' title='bbox 2294 894 2404 941; x_wconf 86' lang='grc' dir='ltr'>σεις</span> <span class='ocrx_word' id='word_1_279' title='bbox 2434 882 2581 950; x_wconf 70' lang='grc' dir='ltr'>παρὰ</span> <span class='ocrx_word' id='word_1_280' title='bbox 2606 883 2714 935; x_wconf 83' lang='grc' dir='ltr'>τῶν</span> <span class='ocrx_word' id='word_1_281' title='bbox 2739 884 2879 937; x_wconf 65' lang='grc' dir='ltr'>κατὰ</span> <span class='ocrx_word' id='word_1_282' title='bbox 2906 882 3087 954; x_wconf 85' lang='grc' dir='ltr'>χώραν</span> <span class='ocrx_word' id='word_1_283' title='bbox 3112 884 3470 956; x_wconf 65' lang='grc' dir='ltr'>ἀντιγραφέων</span> <span class='ocrx_word' id='word_1_284' title='bbox 3493 884 3584 937; x_wconf 77' lang='grc' dir='ltr'>τὸν</span> <span class='ocrx_word' id='word_1_285' title='bbox 3610 883 3853 952; x_wconf 70' lang='grc' dir='ltr'>δημόσιον</span> 
     </span>
    </p>
   </div>
   <div class='ocr_carea' id='block_1_39' title="bbox 2294 967 3854 1045">
    <p class='ocr_par' dir='ltr' id='par_1_39' title="bbox 2294 967 3854 1045">
     <span class='ocr_line' id='line_1_39' title="bbox 2294 967 3854 1045; baseline 0.003 -25"><span class='ocrx_word' id='word_1_286' title='bbox 2294 967 2637 1035; x_wconf 83' lang='grc' dir='ltr'>δικαιοῦσαι,</span> <span class='ocrx_word' id='word_1_287' title='bbox 2668 971 2743 1034; x_wconf 84' lang='grc' dir='ltr'>ὡς</span> <span class='ocrx_word' id='word_1_288' title='bbox 2780 971 3019 1043; x_wconf 75' lang='grc' dir='ltr'>εἴρηται)</span> <span class='ocrx_word' id='word_1_289' title='bbox 3042 1017 3055 1039; x_wconf 89' lang='grc'><strong>,</strong></span> <span class='ocrx_word' id='word_1_290' title='bbox 3088 975 3292 1042; x_wconf 67' lang='grc' dir='ltr'>ὀφείλει</span> <span class='ocrx_word' id='word_1_291' title='bbox 3326 977 3517 1045; x_wconf 79' lang='grc' dir='ltr'>ἀρκεῖν</span> <span class='ocrx_word' id='word_1_292' title='bbox 3552 976 3584 1045; x_wconf 87' lang='grc' dir='ltr'><strong>ή</strong></span> <span class='ocrx_word' id='word_1_293' title='bbox 3619 973 3854 1043; x_wconf 60' lang='grc' dir='ltr'>παροῷσα</span> 
     </span>
    </p>
   </div>
   <div class='ocr_carea' id='block_1_40' title="bbox 2294 1057 3852 1134">
    <p class='ocr_par' dir='ltr' id='par_1_40' title="bbox 2294 1057 3852 1134">
     <span class='ocr_line' id='line_1_40' title="bbox 2294 1057 3852 1134; baseline -0.006 -10"><span class='ocrx_word' id='word_1_294' title='bbox 2294 1057 2688 1126; x_wconf 80' lang='grc' dir='ltr'>χρυσόδουλλος</span> <span class='ocrx_word' id='word_1_295' title='bbox 2717 1061 3027 1132; x_wconf 46' lang='grc' dir='ltr'>γραφὴντῆς</span> <span class='ocrx_word' id='word_1_296' title='bbox 3063 1064 3341 1133; x_wconf 74' lang='grc' dir='ltr'><strong>βασιλείας</strong></span> <span class='ocrx_word' id='word_1_297' title='bbox 3370 1081 3472 1134; x_wconf 89' lang='grc' dir='ltr'><strong>μου</strong></span> <span class='ocrx_word' id='word_1_298' title='bbox 3500 1064 3595 1116; x_wconf 70' lang='grc' dir='ltr'><strong>καλ⁸</strong></span> <span class='ocrx_word' id='word_1_299' title='bbox 3626 1064 3744 1116; x_wconf 71' lang='grc' dir='ltr'><strong>ἀντὶ</strong></span> <span class='ocrx_word' id='word_1_300' title='bbox 3770 1063 3852 1114; x_wconf 86' lang='grc' dir='ltr'>δω-</span> 
     </span>
    </p>
   </div>
   <div class='ocr_carea' id='block_1_41' title="bbox 2297 1147 3847 1226">
    <p class='ocr_par' dir='ltr' id='par_1_41' title="bbox 2297 1147 3847 1226">
     <span class='ocr_line' id='line_1_41' title="bbox 2297 1147 3847 1226; baseline 0.005 -28"><span class='ocrx_word' id='word_1_301' title='bbox 2297 1147 2426 1214; x_wconf 81' lang='grc' dir='ltr'>ρεᾶς</span> <span class='ocrx_word' id='word_1_302' title='bbox 2449 1148 2551 1216; x_wconf 72' lang='grc' dir='ltr'>καὶ</span> <span class='ocrx_word' id='word_1_303' title='bbox 2580 1150 2699 1202; x_wconf 71' lang='grc' dir='ltr'>ἀντὶ</span> <span class='ocrx_word' id='word_1_304' title='bbox 2730 1155 3034 1222; x_wconf 84' lang='grc' dir='ltr'>πρακτικοῦ</span> <span class='ocrx_word' id='word_1_305' title='bbox 3067 1155 3162 1209; x_wconf 78' lang='grc' dir='ltr'>καὶ</span> <span class='ocrx_word' id='word_1_306' title='bbox 3188 1157 3306 1209; x_wconf 75' lang='grc' dir='ltr'>ἀντὶ</span> <span class='ocrx_word' id='word_1_307' title='bbox 3337 1157 3536 1219; x_wconf 84' lang='grc' dir='ltr'>παντὸς</span> <span class='ocrx_word' id='word_1_308' title='bbox 3567 1156 3757 1226; x_wconf 80' lang='grc' dir='ltr'>ἑτέρου</span> <span class='ocrx_word' id='word_1_309' title='bbox 3785 1156 3847 1207; x_wconf 76' lang='grc' dir='ltr'>δι-</span> 
     </span>
    </p>
   </div>
   <div class='ocr_carea' id='block_1_42' title="bbox 2296 1238 3851 1317">
    <p class='ocr_par' dir='ltr' id='par_1_42' title="bbox 2296 1238 3851 1317">
     <span class='ocr_line' id='line_1_42' title="bbox 2296 1238 3851 1317; baseline 0.005 -28"><span class='ocrx_word' id='word_1_310' title='bbox 2296 1238 2631 1307; x_wconf 81' lang='grc' dir='ltr'>καιώματος,</span> <span class='ocrx_word' id='word_1_311' title='bbox 2662 1240 2765 1294; x_wconf 77' lang='grc' dir='ltr'>κᾶν</span> <span class='ocrx_word' id='word_1_312' title='bbox 2798 1244 3177 1314; x_wconf 79' lang='grc' dir='ltr'>οἱονδηποτοῦν</span> <span class='ocrx_word' id='word_1_313' title='bbox 3209 1247 3467 1317; x_wconf 86' lang='grc' dir='ltr'>σεκρὲτον</span> <span class='ocrx_word' id='word_1_314' title='bbox 3498 1246 3587 1299; x_wconf 77' lang='grc' dir='ltr'><strong>ἐπ’</strong></span> <span class='ocrx_word' id='word_1_315' title='bbox 3609 1246 3759 1317; x_wconf 79' lang='grc' dir='ltr'>αὐτῷ</span> <span class='ocrx_word' id='word_1_316' title='bbox 3787 1246 3851 1297; x_wconf 64' lang='grc' dir='ltr'><strong>διν</strong></span> 
     </span>
    </p>
   </div>
   <div class='ocr_carea' id='block_1_43' title="bbox 2295 1330 3923 1407">
    <p class='ocr_par' dir='ltr' id='par_1_43' title="bbox 2295 1330 3923 1407">
     <span class='ocr_line' id='line_1_43' title="bbox 2295 1330 3923 1407; baseline 0.012 -29"><span class='ocrx_word' id='word_1_317' title='bbox 2295 1330 2543 1381; x_wconf 76' lang='grc' dir='ltr'>καιοῖτοο</span> <span class='ocrx_word' id='word_1_318' title='bbox 2601 1331 2720 1384; x_wconf 77' lang='grc' dir='ltr'>οὐδὲ</span> <span class='ocrx_word' id='word_1_319' title='bbox 2780 1335 3287 1406; x_wconf 66' lang='grc' dir='ltr'><strong>ἀναγκασθήσονται</strong></span> <span class='ocrx_word' id='word_1_320' title='bbox 3340 1338 3396 1390; x_wconf 87' lang='grc' dir='ltr'><strong>αί</strong></span> <span class='ocrx_word' id='word_1_321' title='bbox 3458 1338 3620 1407; x_wconf 72' lang='grc' dir='ltr'>μοναὶ</span> <span class='ocrx_word' id='word_1_322' title='bbox 3674 1331 3851 1405; x_wconf 75' lang='grc' dir='ltr'>ὲφόἷς</span> <span class='ocrx_word' id='word_1_323' title='bbox 3922 1354 3923 1397; x_wconf 71' lang='lat'>1</span> 
     </span>
    </p>
   </div>
   <div class='ocr_carea' id='block_1_44' title="bbox 2297 1408 3923 1499">
    <p class='ocr_par' dir='ltr' id='par_1_44' title="bbox 2297 1408 3923 1499">
     <span class='ocr_line' id='line_1_44' title="bbox 2297 1408 3923 1499; baseline 0.009 -28"><span class='ocrx_word' id='word_1_324' title='bbox 2297 1420 2582 1490; x_wconf 78' lang='grc' dir='ltr'><strong>κατέχουσι</strong></span> <span class='ocrx_word' id='word_1_325' title='bbox 2616 1423 2709 1474; x_wconf 78' lang='grc' dir='ltr'>νῦν</span> <span class='ocrx_word' id='word_1_326' title='bbox 2742 1424 3017 1494; x_wconf 80' lang='grc' dir='ltr'><strong>ἀκινήτοις</strong></span> <span class='ocrx_word' id='word_1_327' title='bbox 3056 1430 3413 1498; x_wconf 79' lang='grc' dir='ltr'>προκομίζειν</span> <span class='ocrx_word' id='word_1_328' title='bbox 3446 1429 3612 1499; x_wconf 76' lang='grc' dir='ltr'>ἕτερα</span> <span class='ocrx_word' id='word_1_329' title='bbox 3644 1429 3851 1483; x_wconf 69' lang='grc' dir='ltr'>παλαις·</span> 
     </span>
    </p>
   </div>
   <div class='ocr_carea' id='block_1_45' title="bbox 2296 1511 3851 1592">
    <p class='ocr_par' dir='ltr' id='par_1_45' title="bbox 2296 1511 3851 1592">
     <span class='ocr_line' id='line_1_45' title="bbox 2296 1511 3851 1592; baseline 0.003 -25"><span class='ocrx_word' id='word_1_330' title='bbox 2296 1511 2427 1579; x_wconf 82' lang='grc' dir='ltr'>γενῆ</span> <span class='ocrx_word' id='word_1_331' title='bbox 2458 1514 2730 1583; x_wconf 70' lang='grc' dir='ltr'>προσόντα</span> <span class='ocrx_word' id='word_1_332' title='bbox 2755 1515 2948 1581; x_wconf 80' lang='grc' dir='ltr'>αὑταῖς</span> <span class='ocrx_word' id='word_1_333' title='bbox 2976 1518 3339 1589; x_wconf 86' lang='grc' dir='ltr'>δικαιώματα,</span> <span class='ocrx_word' id='word_1_334' title='bbox 3368 1520 3502 1574; x_wconf 82' lang='grc' dir='ltr'><strong>ἀλλά</strong></span> <span class='ocrx_word' id='word_1_335' title='bbox 3528 1525 3597 1592; x_wconf 77' lang='grc' dir='ltr'>τῇ</span> <span class='ocrx_word' id='word_1_336' title='bbox 3625 1520 3851 1591; x_wconf 76' lang='grc' dir='ltr'><strong>παρούσῃ</strong></span> 
     </span>
    </p>
   </div>
   <div class='ocr_carea' id='block_1_46' title="bbox 2296 1604 3852 1681">
    <p class='ocr_par' dir='ltr' id='par_1_46' title="bbox 2296 1604 3852 1681">
     <span class='ocr_line' id='line_1_46' title="bbox 2296 1604 3852 1681; baseline 0.007 -27"><span class='ocrx_word' id='word_1_337' title='bbox 2296 1604 2895 1678; x_wconf 73' lang='grc' dir='ltr'>χρυσοδούλλῳ’γραφῇ</span> <span class='ocrx_word' id='word_1_338' title='bbox 2928 1608 3029 1677; x_wconf 84' lang='grc' dir='ltr'>τῆς</span> <span class='ocrx_word' id='word_1_339' title='bbox 3066 1609 3342 1679; x_wconf 76' lang='grc' dir='ltr'><strong>βασιλείας</strong></span> <span class='ocrx_word' id='word_1_340' title='bbox 3376 1629 3479 1681; x_wconf 87' lang='grc' dir='ltr'><strong>μου</strong></span> <span class='ocrx_word' id='word_1_341' title='bbox 3517 1611 3639 1666; x_wconf 81' lang='grc' dir='ltr'>ἀντὶ</span> <span class='ocrx_word' id='word_1_342' title='bbox 3672 1614 3852 1674; x_wconf 71' lang='grc' dir='ltr'>παντὸς</span> 
     </span>
    </p>
   </div>
   <div class='ocr_carea' id='block_1_47' title="bbox 2300 1695 3923 1775">
    <p class='ocr_par' dir='ltr' id='par_1_47' title="bbox 2300 1695 3923 1775">
     <span class='ocr_line' id='line_1_47' title="bbox 2300 1695 3923 1775; baseline 0.004 -26"><span class='ocrx_word' id='word_1_343' title='bbox 2300 1695 2669 1765; x_wconf 70' lang='grc' dir='ltr'>δικαιώματος</span> <span class='ocrx_word' id='word_1_344' title='bbox 2725 1698 3007 1769; x_wconf 78' lang='grc' dir='ltr'><strong>χρώμεναι</strong></span> <span class='ocrx_word' id='word_1_345' title='bbox 3064 1703 3495 1773; x_wconf 81' lang='grc' dir='ltr'>ἀρκεσθήσονται</span> <span class='ocrx_word' id='word_1_346' title='bbox 3552 1704 3724 1775; x_wconf 76' lang='grc' dir='ltr'>ταύτῃ</span> <span class='ocrx_word' id='word_1_347' title='bbox 3779 1705 3853 1757; x_wconf 75' lang='grc' dir='ltr'>καὶ</span> <span class='ocrx_word' id='word_1_348' title='bbox 3922 1714 3923 1717; x_wconf 77' lang='lat'>‘</span> 
     </span>
    </p>
   </div>
   <div class='ocr_carea' id='block_1_48' title="bbox 2304 1790 3853 1867">
    <p class='ocr_par' dir='ltr' id='par_1_48' title="bbox 2304 1790 3853 1867">
     <span class='ocr_line' id='line_1_48' title="bbox 2304 1790 3853 1867; baseline 0.006 -28"><span class='ocrx_word' id='word_1_349' title='bbox 2304 1790 2467 1861; x_wconf 79' lang='grc' dir='ltr'>μόνῃ,</span> <span class='ocrx_word' id='word_1_350' title='bbox 2500 1790 2785 1862; x_wconf 67' lang='grc' dir='ltr'>ὀφειλούσῃ</span> <span class='ocrx_word' id='word_1_351' title='bbox 2819 1793 3007 1862; x_wconf 81' lang='grc' dir='ltr'>ἀρκεῖν</span> <span class='ocrx_word' id='word_1_352' title='bbox 3035 1797 3257 1861; x_wconf 79' lang='grc' dir='ltr'>αὑταῖς,</span> <span class='ocrx_word' id='word_1_353' title='bbox 3287 1798 3361 1859; x_wconf 80' lang='grc' dir='ltr'>ὡς</span> <span class='ocrx_word' id='word_1_354' title='bbox 3392 1796 3747 1867; x_wconf 68' lang='grc' dir='ltr'>προεγρᾶφη,</span> <span class='ocrx_word' id='word_1_355' title='bbox 3778 1798 3853 1848; x_wconf 75' lang='grc' dir='ltr'>καὶ</span> 
     </span>
    </p>
   </div>
   <div class='ocr_carea' id='block_1_49' title="bbox 2296 1879 3852 1955">
    <p class='ocr_par' dir='ltr' id='par_1_49' title="bbox 2296 1879 3852 1955">
     <span class='ocr_line' id='line_1_49' title="bbox 2296 1879 3852 1955; baseline 0.003 -23"><span class='ocrx_word' id='word_1_356' title='bbox 2296 1879 2416 1933; x_wconf 72' lang='grc' dir='ltr'>ἀντὶ</span> <span class='ocrx_word' id='word_1_357' title='bbox 2455 1881 2663 1952; x_wconf 85' lang='grc' dir='ltr'>δωρεᾶς</span> <span class='ocrx_word' id='word_1_358' title='bbox 2705 1882 2800 1936; x_wconf 71' lang='grc' dir='ltr'>καὶ</span> <span class='ocrx_word' id='word_1_359' title='bbox 2838 1884 2959 1938; x_wconf 79' lang='grc' dir='ltr'>ἀντὶ</span> <span class='ocrx_word' id='word_1_360' title='bbox 2995 1886 3345 1955; x_wconf 71' lang='grc' dir='ltr'><strong>παραδόσεως</strong></span> <span class='ocrx_word' id='word_1_361' title='bbox 3381 1888 3475 1942; x_wconf 78' lang='grc' dir='ltr'><strong>καὶ</strong></span> <span class='ocrx_word' id='word_1_362' title='bbox 3512 1888 3631 1941; x_wconf 78' lang='grc' dir='ltr'>ἀντὶ</span> <span class='ocrx_word' id='word_1_363' title='bbox 3677 1887 3852 1947; x_wconf 62' lang='grc' dir='ltr'>παντὸς</span> 
     </span>
    </p>
   </div>
   <div class='ocr_carea' id='block_1_50' title="bbox 2297 1973 3851 2047">
    <p class='ocr_par' dir='ltr' id='par_1_50' title="bbox 2297 1973 3851 2047">
     <span class='ocr_line' id='line_1_50' title="bbox 2297 1973 3851 2047; baseline 0.003 -22"><span class='ocrx_word' id='word_1_364' title='bbox 2297 1973 2484 2042; x_wconf 77' lang='grc' dir='ltr'>ἐτέρου</span> <span class='ocrx_word' id='word_1_365' title='bbox 2534 1974 2923 2046; x_wconf 83' lang='grc' dir='ltr'>δικαιώματος.</span> <span class='ocrx_word' id='word_1_366' title='bbox 2974 1978 3034 2031; x_wconf 82' lang='grc' dir='ltr'>Εί</span> <span class='ocrx_word' id='word_1_367' title='bbox 3081 1976 3127 2031; x_wconf 83' lang='grc' dir='ltr'>δ’</span> <span class='ocrx_word' id='word_1_368' title='bbox 3156 1980 3285 2043; x_wconf 85' lang='grc' dir='ltr'>τσως</span> <span class='ocrx_word' id='word_1_369' title='bbox 3336 1978 3529 2047; x_wconf 79' lang='grc' dir='ltr'>καιροῦ</span> <span class='ocrx_word' id='word_1_370' title='bbox 3578 1978 3851 2040; x_wconf 76' lang='grc' dir='ltr'>καλοῦντος</span> 
     </span>
    </p>
   </div>
   <div class='ocr_carea' id='block_1_51' title="bbox 2297 2062 3851 2141">
    <p class='ocr_par' dir='ltr' id='par_1_51' title="bbox 2297 2062 3851 2141">
     <span class='ocr_line' id='line_1_51' title="bbox 2297 2062 3851 2141; baseline 0.003 -26"><span class='ocrx_word' id='word_1_371' title='bbox 2297 2062 2513 2133; x_wconf 81' lang='grc' dir='ltr'><strong>θελήσει</strong></span> <span class='ocrx_word' id='word_1_372' title='bbox 2567 2065 2944 2135; x_wconf 77' lang='grc' dir='ltr'>οἱονδηποτοῦν</span> <span class='ocrx_word' id='word_1_373' title='bbox 3000 2070 3363 2141; x_wconf 90' lang='grc' dir='ltr'>μοναστήριον</span> <span class='ocrx_word' id='word_1_374' title='bbox 3413 2070 3722 2141; x_wconf 82' lang='grc' dir='ltr'>χρήσασθαι</span> <span class='ocrx_word' id='word_1_375' title='bbox 3776 2069 3851 2121; x_wconf 77' lang='grc' dir='ltr'>καὶ</span> 
     </span>
    </p>
   </div>
   <div class='ocr_carea' id='block_1_52' title="bbox 2296 2153 3850 2228">
    <p class='ocr_par' dir='ltr' id='par_1_52' title="bbox 2296 2153 3850 2228">
     <span class='ocr_line' id='line_1_52' title="bbox 2296 2153 3850 2228; baseline 0.003 -23"><span class='ocrx_word' id='word_1_376' title='bbox 2296 2155 2405 2216; x_wconf 80' lang='grc' dir='ltr'>τοῖς</span> <span class='ocrx_word' id='word_1_377' title='bbox 2465 2153 2762 2224; x_wconf 82' lang='grc' dir='ltr'>προσοῦσιν</span> <span class='ocrx_word' id='word_1_378' title='bbox 2816 2156 2968 2225; x_wconf 82' lang='grc' dir='ltr'>αὐτῷ</span> <span class='ocrx_word' id='word_1_379' title='bbox 3021 2157 3425 2228; x_wconf 83' lang='grc' dir='ltr'>δικαιώμασιν,</span> <span class='ocrx_word' id='word_1_380' title='bbox 3481 2158 3625 2227; x_wconf 79' lang='grc' dir='ltr'>ὑπὲρ</span> <span class='ocrx_word' id='word_1_381' title='bbox 3680 2157 3850 2212; x_wconf 78' lang='grc' dir='ltr'>ἑαυτοῦ</span> 
     </span>
    </p>
   </div>
   <div class='ocr_carea' id='block_1_53' title="bbox 2296 2243 3925 2320">
    <p class='ocr_par' dir='ltr' id='par_1_53' title="bbox 2296 2243 3925 2320">
     <span class='ocr_line' id='line_1_53' title="bbox 2296 2243 3925 2320; baseline 0.003 -24"><span class='ocrx_word' id='word_1_382' title='bbox 2296 2243 2470 2297; x_wconf 82' lang='grc' dir='ltr'>ταῦτα</span> <span class='ocrx_word' id='word_1_383' title='bbox 2513 2246 2847 2315; x_wconf 80' lang='grc' dir='ltr'>προκομίζον</span> <span class='ocrx_word' id='word_1_384' title='bbox 2870 2286 2883 2311; x_wconf 93' lang='grc'><strong>,</strong></span> <span class='ocrx_word' id='word_1_385' title='bbox 2920 2247 3051 2319; x_wconf 80' lang='grc' dir='ltr'>παρ’</span> <span class='ocrx_word' id='word_1_386' title='bbox 3079 2248 3406 2319; x_wconf 83' lang='grc' dir='ltr'>οίουδήτινος</span> <span class='ocrx_word' id='word_1_387' title='bbox 3442 2252 3578 2320; x_wconf 84' lang='grc' dir='ltr'>πρὸς</span> <span class='ocrx_word' id='word_1_388' title='bbox 3614 2250 3767 2305; x_wconf 82' lang='grc' dir='ltr'>τοῦτο</span> <span class='ocrx_word' id='word_1_389' title='bbox 3802 2250 3849 2302; x_wconf 80' lang='grc' dir='ltr'>οὔ</span> <span class='ocrx_word' id='word_1_390' title='bbox 3924 2256 3925 2301; x_wconf 80' lang='grc' dir='ltr'>Ῑ</span> 
     </span>
    </p>
   </div>
   <div class='ocr_carea' id='block_1_54' title="bbox 2297 2328 3925 2414">
    <p class='ocr_par' dir='ltr' id='par_1_54' title="bbox 2297 2336 3925 2414">
     <span class='ocr_line' id='line_1_54' title="bbox 2297 2336 3925 2414; baseline 0.007 -27"><span class='ocrx_word' id='word_1_391' title='bbox 2297 2336 2673 2408; x_wconf 75' lang='grc' dir='ltr'>κωλυθήσεται</span> <span class='ocrx_word' id='word_1_392' title='bbox 2695 2352 2709 2367; x_wconf 85' lang='grc'><strong>·</strong></span> <span class='ocrx_word' id='word_1_393' title='bbox 2747 2339 3167 2407; x_wconf 77' lang='grc' dir='ltr'>ἀναγκαστικῶς</span> <span class='ocrx_word' id='word_1_394' title='bbox 3198 2341 3305 2411; x_wconf 77' lang='grc' dir='ltr'>γὰρ</span> <span class='ocrx_word' id='word_1_395' title='bbox 3335 2342 3492 2395; x_wconf 80' lang='grc' dir='ltr'>τοῦτο</span> <span class='ocrx_word' id='word_1_396' title='bbox 3523 2343 3586 2396; x_wconf 84' lang='grc' dir='ltr'>οὐ</span> <span class='ocrx_word' id='word_1_397' title='bbox 3621 2344 3848 2414; x_wconf 82' lang='grc' dir='ltr'>ποιήσει·</span> <span class='ocrx_word' id='word_1_398' title='bbox 3924 2396 3925 2399; x_wconf 45' lang='grc' dir='ltr'><strong>η</strong></span> 
     </span>
    </p>
   </div>
   <div class='ocr_carea' id='block_1_55' title="bbox 2297 2427 3847 2503">
    <p class='ocr_par' dir='ltr' id='par_1_55' title="bbox 2297 2427 3847 2503">
     <span class='ocr_line' id='line_1_55' title="bbox 2297 2427 3847 2503; baseline 0.005 -24"><span class='ocrx_word' id='word_1_399' title='bbox 2297 2429 2344 2480; x_wconf 84' lang='grc' dir='ltr'>εἰ</span> <span class='ocrx_word' id='word_1_400' title='bbox 2392 2427 2446 2480; x_wconf 85' lang='grc' dir='ltr'>δὲ</span> <span class='ocrx_word' id='word_1_401' title='bbox 2494 2429 2679 2500; x_wconf 71' lang='grc' dir='ltr'>οἰκείῳ</span> <span class='ocrx_word' id='word_1_402' title='bbox 2724 2429 2991 2502; x_wconf 80' lang='grc' dir='ltr'>θελήματι</span> <span class='ocrx_word' id='word_1_403' title='bbox 3041 2432 3173 2486; x_wconf 72' lang='grc' dir='ltr'>αὐτὸ</span> <span class='ocrx_word' id='word_1_404' title='bbox 3222 2434 3578 2503; x_wconf 81' lang='grc' dir='ltr'>αίρετίσεται,</span> <span class='ocrx_word' id='word_1_405' title='bbox 3628 2433 3847 2497; x_wconf 70' lang='grc' dir='ltr'>οὐδεὶςό</span> 
     </span>
    </p>
   </div>
   <div class='ocr_carea' id='block_1_56' title="bbox 2297 2519 3849 2599">
    <p class='ocr_par' dir='ltr' id='par_1_56' title="bbox 2297 2519 3849 2599">
     <span class='ocr_line' id='line_1_56' title="bbox 2297 2519 3849 2599; baseline 0.003 -27"><span class='ocrx_word' id='word_1_406' title='bbox 2297 2519 2607 2590; x_wconf 71' lang='grc' dir='ltr'>ἐμποδίζων</span> <span class='ocrx_word' id='word_1_407' title='bbox 2652 2524 2875 2579; x_wconf 86' lang='grc' dir='ltr'>ὲσεῖται.</span> <span class='ocrx_word' id='word_1_408' title='bbox 2922 2526 2997 2579; x_wconf 81' lang='grc' dir='ltr'><strong>Οὐ</strong></span> <span class='ocrx_word' id='word_1_409' title='bbox 3043 2527 3206 2596; x_wconf 85' lang='grc' dir='ltr'>μόνον</span> <span class='ocrx_word' id='word_1_410' title='bbox 3249 2528 3307 2582; x_wconf 72' lang='grc' dir='ltr'>δὲ</span> <span class='ocrx_word' id='word_1_411' title='bbox 3352 2528 3441 2580; x_wconf 70' lang='grc' dir='ltr'><strong>ἐπὶ</strong></span> <span class='ocrx_word' id='word_1_412' title='bbox 3486 2532 3548 2599; x_wconf 73' lang='grc' dir='ltr'><strong>τῇ</strong></span> <span class='ocrx_word' id='word_1_413' title='bbox 3594 2530 3849 2583; x_wconf 77' lang='grc' dir='ltr'>δικαιώσει</span> 
     </span>
    </p>
   </div>
   <div class='ocr_carea' id='block_1_57' title="bbox 2295 2611 3847 2692">
    <p class='ocr_par' dir='ltr' id='par_1_57' title="bbox 2295 2611 3847 2692">
     <span class='ocr_line' id='line_1_57' title="bbox 2295 2611 3847 2692; baseline 0.006 -30"><span class='ocrx_word' id='word_1_414' title='bbox 2295 2611 2395 2680; x_wconf 82' lang='grc' dir='ltr'>τῆς</span> <span class='ocrx_word' id='word_1_415' title='bbox 2428 2614 2532 2678; x_wconf 77' lang='grc' dir='ltr'>γῆς</span> <span class='ocrx_word' id='word_1_416' title='bbox 2571 2612 2933 2684; x_wconf 77' lang='grc' dir='ltr'>συμὸαλεῑται</span> <span class='ocrx_word' id='word_1_417' title='bbox 2967 2619 3078 2681; x_wconf 80' lang='grc' dir='ltr'>τοῖς</span> <span class='ocrx_word' id='word_1_418' title='bbox 3122 2618 3506 2689; x_wconf 77' lang='grc' dir='ltr'>μοναστηρίοις</span> <span class='ocrx_word' id='word_1_419' title='bbox 3548 2623 3582 2692; x_wconf 83' lang='grc' dir='ltr'><strong>ή</strong></span> <span class='ocrx_word' id='word_1_420' title='bbox 3623 2620 3847 2690; x_wconf 81' lang='grc' dir='ltr'>παροῦσα</span> 
     </span>
    </p>
   </div>
   <div class='ocr_carea' id='block_1_58' title="bbox 2298 2704 3849 2783">
    <p class='ocr_par' dir='ltr' id='par_1_58' title="bbox 2298 2704 3849 2783">
     <span class='ocr_line' id='line_1_58' title="bbox 2298 2704 3849 2783; baseline 0.005 -30"><span class='ocrx_word' id='word_1_421' title='bbox 2298 2704 2690 2774; x_wconf 72' lang='grc' dir='ltr'>χρυσόδουλλος</span> <span class='ocrx_word' id='word_1_422' title='bbox 2733 2709 2939 2780; x_wconf 81' lang='grc' dir='ltr'>γραφὴ,</span> <span class='ocrx_word' id='word_1_423' title='bbox 2988 2709 3123 2764; x_wconf 74' lang='grc' dir='ltr'>ἀλλὰ</span> <span class='ocrx_word' id='word_1_424' title='bbox 3166 2712 3259 2764; x_wconf 73' lang='grc' dir='ltr'>καὶ</span> <span class='ocrx_word' id='word_1_425' title='bbox 3300 2711 3393 2764; x_wconf 78' lang='grc' dir='ltr'><strong>ἐπὶ</strong></span> <span class='ocrx_word' id='word_1_426' title='bbox 3438 2714 3548 2772; x_wconf 81' lang='grc' dir='ltr'>τοῖς</span> <span class='ocrx_word' id='word_1_427' title='bbox 3597 2712 3849 2783; x_wconf 76' lang='grc' dir='ltr'>παροίκοις</span> 
     </span>
    </p>
   </div>
   <div class='ocr_carea' id='block_1_59' title="bbox 2298 2797 3845 2874">
    <p class='ocr_par' dir='ltr' id='par_1_59' title="bbox 2298 2797 3845 2874">
     <span class='ocr_line' id='line_1_59' title="bbox 2298 2797 3845 2874; baseline 0.005 -26"><span class='ocrx_word' id='word_1_428' title='bbox 2298 2800 2407 2859; x_wconf 81' lang='grc' dir='ltr'>τοῖς</span> <span class='ocrx_word' id='word_1_429' title='bbox 2438 2797 2532 2850; x_wconf 82' lang='grc' dir='ltr'>νῦν</span> <span class='ocrx_word' id='word_1_430' title='bbox 2562 2800 2691 2870; x_wconf 79' lang='grc' dir='ltr'>παρ’</span> <span class='ocrx_word' id='word_1_431' title='bbox 2713 2799 2894 2854; x_wconf 82' lang='grc' dir='ltr'>αὐτῶν</span> <span class='ocrx_word' id='word_1_432' title='bbox 2926 2804 3343 2872; x_wconf 78' lang='grc' dir='ltr'>κατεχομένοις,</span> <span class='ocrx_word' id='word_1_433' title='bbox 3376 2804 3469 2858; x_wconf 78' lang='grc' dir='ltr'>καὶ</span> <span class='ocrx_word' id='word_1_434' title='bbox 3500 2806 3611 2874; x_wconf 76' lang='grc' dir='ltr'>τοῖς</span> <span class='ocrx_word' id='word_1_435' title='bbox 3642 2805 3845 2872; x_wconf 75' lang='grc' dir='ltr'>αὐτουρ-</span> 
     </span>
    </p>
   </div>
   <div class='ocr_carea' id='block_1_60' title="bbox 2298 2887 3845 2967">
    <p class='ocr_par' dir='ltr' id='par_1_60' title="bbox 2298 2887 3845 2967">
     <span class='ocr_line' id='line_1_60' title="bbox 2298 2887 3845 2967; baseline 0.008 -29"><span class='ocrx_word' id='word_1_436' title='bbox 2298 2887 2456 2954; x_wconf 86' lang='grc' dir='ltr'>γίοις,</span> <span class='ocrx_word' id='word_1_437' title='bbox 2486 2890 2694 2960; x_wconf 83' lang='grc' dir='ltr'>φόροις,</span> <span class='ocrx_word' id='word_1_438' title='bbox 2726 2893 3088 2966; x_wconf 82' lang='grc' dir='ltr'>πανηγύρεσι,</span> <span class='ocrx_word' id='word_1_439' title='bbox 3113 2894 3404 2962; x_wconf 82' lang='grc' dir='ltr'>διαδατοῖς,</span> <span class='ocrx_word' id='word_1_440' title='bbox 3435 2895 3673 2967; x_wconf 78' lang='grc' dir='ltr'>λίμναις,</span> <span class='ocrx_word' id='word_1_441' title='bbox 3701 2912 3845 2949; x_wconf 76' lang='grc' dir='ltr'>ποτα-</span> 
     </span>
    </p>
   </div>
   <div class='ocr_carea' id='block_1_61' title="bbox 2302 2981 3850 3060">
    <p class='ocr_par' dir='ltr' id='par_1_61' title="bbox 2302 2981 3850 3060">
     <span class='ocr_line' id='line_1_61' title="bbox 2302 2981 3850 3060; baseline 0.005 -27"><span class='ocrx_word' id='word_1_442' title='bbox 2302 2984 2443 3052; x_wconf 80' lang='grc' dir='ltr'>μοῖς,</span> <span class='ocrx_word' id='word_1_443' title='bbox 2468 2981 2772 3049; x_wconf 79' lang='grc' dir='ltr'>θαλασσίοις</span> <span class='ocrx_word' id='word_1_444' title='bbox 2798 2986 3027 3052; x_wconf 85' lang='grc' dir='ltr'>δικαίοις</span> <span class='ocrx_word' id='word_1_445' title='bbox 3052 2986 3148 3041; x_wconf 69' lang='grc' dir='ltr'>καὶ</span> <span class='ocrx_word' id='word_1_446' title='bbox 3174 2989 3345 3059; x_wconf 76' lang='grc' dir='ltr'>ἑτέρῳ</span> <span class='ocrx_word' id='word_1_447' title='bbox 3368 2988 3641 3060; x_wconf 82' lang='grc' dir='ltr'>οἱῳδήτινι</span> <span class='ocrx_word' id='word_1_448' title='bbox 3681 2988 3850 3055; x_wconf 79' lang='grc' dir='ltr'>δικαίῳ</span> 
     </span>
    </p>
   </div>
   <div class='ocr_carea' id='block_1_62' title="bbox 624 3075 2198 3157">
    <p class='ocr_par' dir='ltr' id='par_1_62' title="bbox 624 3077 2198 3157">
     <span class='ocr_line' id='line_1_62' title="bbox 624 3077 2198 3157; baseline 0.01 -29"><span class='ocrx_word' id='word_1_449' title='bbox 624 3084 770 3141; x_wconf 83' lang='lat' dir='ltr'><strong>erat;</strong></span> <span class='ocrx_word' id='word_1_450' title='bbox 802 3077 881 3131; x_wconf 88' lang='lat' dir='ltr'><strong>vel</strong></span> <span class='ocrx_word' id='word_1_451' title='bbox 918 3077 1080 3131; x_wconf 86' lang='lat' dir='ltr'><strong>habet</strong></span> <span class='ocrx_word' id='word_1_452' title='bbox 1107 3077 1326 3148; x_wconf 87' lang='lat' dir='ltr'><strong>aliquod</strong></span> <span class='ocrx_word' id='word_1_453' title='bbox 1367 3080 1512 3135; x_wconf 86' lang='lat' dir='ltr'><strong>aliud</strong></span> <span class='ocrx_word' id='word_1_454' title='bbox 1550 3084 1665 3152; x_wconf 80' lang='lat' dir='ltr'><strong>jus,</strong></span> <span class='ocrx_word' id='word_1_455' title='bbox 1699 3087 1837 3154; x_wconf 90' lang='lat' dir='ltr'><strong>quod</strong></span> <span class='ocrx_word' id='word_1_456' title='bbox 1874 3089 2198 3157; x_wconf 84' lang='lat' dir='ltr'><strong>reprehendi</strong></span> 
     </span>
    </p>
   </div>
   <div class='ocr_carea' id='block_1_63' title="bbox 2303 3075 3852 3157">
    <p class='ocr_par' dir='ltr' id='par_1_63' title="bbox 2304 3075 3852 3155">
     <span class='ocr_line' id='line_1_63' title="bbox 2304 3075 3852 3155; baseline 0.01 -29"><span class='ocrx_word' id='word_1_457' title='bbox 2304 3075 2433 3145; x_wconf 81' lang='grc' dir='ltr'>παρ’</span> <span class='ocrx_word' id='word_1_458' title='bbox 2462 3076 2642 3130; x_wconf 79' lang='grc' dir='ltr'>αὐτῶν</span> <span class='ocrx_word' id='word_1_459' title='bbox 2690 3080 3065 3155; x_wconf 77' lang='grc' dir='ltr'>κατεχομένῳ,</span> <span class='ocrx_word' id='word_1_460' title='bbox 3118 3082 3245 3135; x_wconf 83' lang='grc' dir='ltr'>ἄνευ</span> <span class='ocrx_word' id='word_1_461' title='bbox 3299 3081 3483 3153; x_wconf 79' lang='grc' dir='ltr'>μέντοι</span> <span class='ocrx_word' id='word_1_462' title='bbox 3532 3081 3638 3135; x_wconf 79' lang='grc' dir='ltr'>τῶν</span> <span class='ocrx_word' id='word_1_463' title='bbox 3679 3075 3852 3152; x_wconf 69' lang='grc' dir='ltr'>ιφνοῐς</span> 
     </span>
    </p>
   </div>
   <div class='ocr_carea' id='block_1_64' title="bbox 626 3168 2199 3245">
    <p class='ocr_par' dir='ltr' id='par_1_64' title="bbox 626 3168 2199 3245">
     <span class='ocr_line' id='line_1_64' title="bbox 626 3168 2199 3245; baseline 0.01 -25"><span class='ocrx_word' id='word_1_464' title='bbox 626 3168 799 3235; x_wconf 88' lang='lat' dir='ltr'><strong>possit</strong></span> <span class='ocrx_word' id='word_1_465' title='bbox 828 3170 1155 3225; x_wconf 85' lang='lat' dir='ltr'><strong>monasteria</strong></span> <span class='ocrx_word' id='word_1_466' title='bbox 1186 3186 1251 3226; x_wconf 81' lang='lat' dir='ltr'><strong>ex</strong></span> <span class='ocrx_word' id='word_1_467' title='bbox 1282 3182 1349 3228; x_wconf 74' lang='lat' dir='ltr'><strong>eo</strong></span> <span class='ocrx_word' id='word_1_468' title='bbox 1379 3173 1514 3228; x_wconf 83' lang='lat' dir='ltr'><strong>nihil</strong></span> <span class='ocrx_word' id='word_1_469' title='bbox 1540 3173 1823 3232; x_wconf 72' lang='lat' dir='ltr'><strong>laedentur.</strong></span> <span class='ocrx_word' id='word_1_470' title='bbox 1853 3177 1992 3245; x_wconf 84' lang='lat' dir='ltr'><strong>Quid</strong></span> <span class='ocrx_word' id='word_1_471' title='bbox 2017 3189 2199 3235; x_wconf 87' lang='lat' dir='ltr'><strong>autem</strong></span> 
     </span>
    </p>
   </div>
   <div class='ocr_carea' id='block_1_65' title="bbox 625 3259 2200 3340">
    <p class='ocr_par' dir='ltr' id='par_1_65' title="bbox 625 3259 2200 3340">
     <span class='ocr_line' id='line_1_65' title="bbox 625 3259 2200 3340; baseline 0.01 -29"><span class='ocrx_word' id='word_1_472' title='bbox 625 3272 760 3325; x_wconf 73' lang='lat' dir='ltr'><strong>onus</strong></span> <span class='ocrx_word' id='word_1_473' title='bbox 792 3269 876 3313; x_wconf 86' lang='lat' dir='ltr'><strong>est</strong></span> <span class='ocrx_word' id='word_1_474' title='bbox 903 3259 1064 3313; x_wconf 86' lang='lat' dir='ltr'><strong>multa</strong></span> <span class='ocrx_word' id='word_1_475' title='bbox 1106 3261 1312 3330; x_wconf 87' lang='lat' dir='ltr'><strong>dicere,</strong></span> <span class='ocrx_word' id='word_1_476' title='bbox 1363 3272 1419 3317; x_wconf 82' lang='lat' dir='ltr'><strong>et</strong></span> <span class='ocrx_word' id='word_1_477' title='bbox 1462 3277 1809 3333; x_wconf 86' lang='lat' dir='ltr'><strong>enumerare,</strong></span> <span class='ocrx_word' id='word_1_478' title='bbox 1863 3281 1917 3323; x_wconf 86' lang='lat' dir='ltr'><strong>et</strong></span> <span class='ocrx_word' id='word_1_479' title='bbox 1968 3271 2200 3340; x_wconf 81' lang='lat' dir='ltr'><strong>exempli</strong></span> 
     </span>
    </p>
   </div>
   <div class='ocr_carea' id='block_1_66' title="bbox 625 3350 2200 3429">
    <p class='ocr_par' dir='ltr' id='par_1_66' title="bbox 625 3350 2200 3429">
     <span class='ocr_line' id='line_1_66' title="bbox 625 3350 2200 3429; baseline 0.011 -28"><span class='ocrx_word' id='word_1_480' title='bbox 625 3352 799 3418; x_wconf 73' lang='lat' dir='ltr'><strong>gratia</strong></span> <span class='ocrx_word' id='word_1_481' title='bbox 828 3350 1058 3406; x_wconf 69' lang='lat' dir='ltr'><strong>afferre?</strong></span> <span class='ocrx_word' id='word_1_482' title='bbox 1090 3351 1388 3408; x_wconf 85' lang='lat' dir='ltr'><strong>Verborum</strong></span> <span class='ocrx_word' id='word_1_483' title='bbox 1419 3355 1816 3413; x_wconf 90' lang='lat' dir='ltr'><strong>multitudinem</strong></span> <span class='ocrx_word' id='word_1_484' title='bbox 1853 3362 2062 3429; x_wconf 85' lang='lat' dir='ltr'><strong>imperii</strong></span> <span class='ocrx_word' id='word_1_485' title='bbox 2097 3363 2200 3418; x_wconf 89' lang='lat' dir='ltr'><strong>mei</strong></span> 
     </span>
    </p>
   </div>
   <div class='ocr_carea' id='block_1_67' title="bbox 626 3438 2200 3521">
    <p class='ocr_par' dir='ltr' id='par_1_67' title="bbox 626 3438 2200 3521">
     <span class='ocr_line' id='line_1_67' title="bbox 626 3438 2200 3521; baseline 0.009 -24"><span class='ocrx_word' id='word_1_486' title='bbox 626 3444 880 3512; x_wconf 74' lang='lat' dir='ltr'><strong>maiestas</strong></span> <span class='ocrx_word' id='word_1_487' title='bbox 909 3438 1352 3514; x_wconf 74' lang='lat' dir='ltr'><strong>prmtercurrens,</strong></span> <span class='ocrx_word' id='word_1_488' title='bbox 1372 3463 1441 3503; x_wconf 87' lang='lat' dir='ltr'><strong>ne</strong></span> <span class='ocrx_word' id='word_1_489' title='bbox 1470 3450 1591 3517; x_wconf 89' lang='lat' dir='ltr'><strong>quis</strong></span> <span class='ocrx_word' id='word_1_490' title='bbox 1635 3450 1688 3504; x_wconf 88' lang='lat' dir='ltr'><strong>in</strong></span> <span class='ocrx_word' id='word_1_491' title='bbox 1738 3452 2001 3521; x_wconf 86' lang='lat' dir='ltr'><strong>ejusmodi</strong></span> <span class='ocrx_word' id='word_1_492' title='bbox 2038 3456 2200 3511; x_wconf 84' lang='lat' dir='ltr'><strong>rebus</strong></span> 
     </span>
    </p>
   </div>
   <div class='ocr_carea' id='block_1_68' title="bbox 626 3534 2201 3610">
    <p class='ocr_par' dir='ltr' id='par_1_68' title="bbox 626 3534 2201 3610">
     <span class='ocr_line' id='line_1_68' title="bbox 626 3534 2201 3610; baseline 0.009 -23"><span class='ocrx_word' id='word_1_493' title='bbox 626 3534 855 3589; x_wconf 88' lang='lat' dir='ltr'><strong>callidus</strong></span> <span class='ocrx_word' id='word_1_494' title='bbox 896 3544 951 3590; x_wconf 88' lang='lat' dir='ltr'><strong>et</strong></span> <span class='ocrx_word' id='word_1_495' title='bbox 1001 3536 1172 3602; x_wconf 71' lang='lat' dir='ltr'><strong>Vafcr,</strong></span> <span class='ocrx_word' id='word_1_496' title='bbox 1221 3539 1496 3593; x_wconf 83' lang='lat' dir='ltr'><strong>nonnullis</strong></span> <span class='ocrx_word' id='word_1_497' title='bbox 1539 3542 1757 3609; x_wconf 87' lang='lat' dir='ltr'><strong>quidem</strong></span> <span class='ocrx_word' id='word_1_498' title='bbox 1806 3544 1987 3610; x_wconf 90' lang='lat' dir='ltr'><strong>dictis,</strong></span> <span class='ocrx_word' id='word_1_499' title='bbox 2034 3562 2097 3600; x_wconf 82' lang='lat' dir='ltr'><strong>ex</strong></span> <span class='ocrx_word' id='word_1_500' title='bbox 2135 3546 2201 3603; x_wconf 89' lang='lat' dir='ltr'><strong>iis</strong></span> 
     </span>
    </p>
   </div>
   <div class='ocr_carea' id='block_1_69' title="bbox 626 3627 2201 3697">
    <p class='ocr_par' dir='ltr' id='par_1_69' title="bbox 626 3627 2201 3697">
     <span class='ocr_line' id='line_1_69' title="bbox 626 3627 2201 3697; baseline 0.006 -16"><span class='ocrx_word' id='word_1_501' title='bbox 626 3627 807 3682; x_wconf 86' lang='lat' dir='ltr'><strong>causis</strong></span> <span class='ocrx_word' id='word_1_502' title='bbox 838 3643 955 3696; x_wconf 75' lang='lat' dir='ltr'><strong>qua:</strong></span> <span class='ocrx_word' id='word_1_503' title='bbox 990 3629 1285 3685; x_wconf 87' lang='lat' dir='ltr'><strong>immobilia</strong></span> <span class='ocrx_word' id='word_1_504' title='bbox 1338 3634 1681 3697; x_wconf 90' lang='lat' dir='ltr'><strong>concutiunt,</strong></span> <span class='ocrx_word' id='word_1_505' title='bbox 1715 3635 1836 3689; x_wconf 87' lang='lat' dir='ltr'><strong>aliis</strong></span> <span class='ocrx_word' id='word_1_506' title='bbox 1871 3652 1998 3691; x_wconf 90' lang='lat' dir='ltr'><strong>vero</strong></span> <span class='ocrx_word' id='word_1_507' title='bbox 2033 3637 2201 3693; x_wconf 88' lang='lat' dir='ltr'><strong>silen-</strong></span> 
     </span>
    </p>
   </div>
   <div class='ocr_carea' id='block_1_70' title="bbox 629 3710 2203 3791">
    <p class='ocr_par' dir='ltr' id='par_1_70' title="bbox 629 3710 2203 3791">
     <span class='ocr_line' id='line_1_70' title="bbox 629 3710 2203 3791; baseline 0.008 -20"><span class='ocrx_word' id='word_1_508' title='bbox 629 3718 704 3771; x_wconf 88' lang='lat' dir='ltr'><strong>tio</strong></span> <span class='ocrx_word' id='word_1_509' title='bbox 746 3721 1049 3786; x_wconf 74' lang='lat' dir='ltr'><strong>prmteritis,</strong></span> <span class='ocrx_word' id='word_1_510' title='bbox 1087 3721 1246 3775; x_wconf 81' lang='lat' dir='ltr'><strong>verba</strong></span> <span class='ocrx_word' id='word_1_511' title='bbox 1278 3710 1534 3791; x_wconf 83' lang='lat' dir='ltr'><strong>arripiat;</strong></span> <span class='ocrx_word' id='word_1_512' title='bbox 1568 3733 1622 3779; x_wconf 90' lang='lat' dir='ltr'><strong>et</strong></span> <span class='ocrx_word' id='word_1_513' title='bbox 1661 3742 1809 3781; x_wconf 91' lang='lat' dir='ltr'><strong>more</strong></span> <span class='ocrx_word' id='word_1_514' title='bbox 1842 3726 2079 3791; x_wconf 60' lang='lat' dir='ltr'><strong>Iudaico</strong></span> <span class='ocrx_word' id='word_1_515' title='bbox 2115 3728 2203 3783; x_wconf 90' lang='lat' dir='ltr'><strong>lit-</strong></span> 
     </span>
    </p>
   </div>
   <div class='ocr_carea' id='block_1_71' title="bbox 630 3813 2198 3890">
    <p class='ocr_par' dir='ltr' id='par_1_71' title="bbox 630 3813 2198 3890">
     <span class='ocr_line' id='line_1_71' title="bbox 630 3813 2198 3890; baseline 0.004 -23"><span class='ocrx_word' id='word_1_516' title='bbox 630 3822 759 3867; x_wconf 75' lang='lat' dir='ltr'><strong>tera:</strong></span> <span class='ocrx_word' id='word_1_517' title='bbox 795 3813 1029 3880; x_wconf 84' lang='lat' dir='ltr'><strong>insistat,</strong></span> <span class='ocrx_word' id='word_1_518' title='bbox 1068 3826 1121 3869; x_wconf 91' lang='lat' dir='ltr'><strong>et</strong></span> <span class='ocrx_word' id='word_1_519' title='bbox 1147 3828 1371 3871; x_wconf 89' lang='lat' dir='ltr'><strong>conetur</strong></span> <span class='ocrx_word' id='word_1_520' title='bbox 1394 3818 1447 3871; x_wconf 92' lang='lat' dir='ltr'><strong>in</strong></span> <span class='ocrx_word' id='word_1_521' title='bbox 1472 3820 1537 3873; x_wconf 91' lang='lat' dir='ltr'><strong>iis</strong></span> <span class='ocrx_word' id='word_1_522' title='bbox 1576 3836 1696 3889; x_wconf 65' lang='lat' dir='ltr'><strong>qua:</strong></span> <span class='ocrx_word' id='word_1_523' title='bbox 1729 3822 1871 3875; x_wconf 89' lang='lat' dir='ltr'><strong>dicta</strong></span> <span class='ocrx_word' id='word_1_524' title='bbox 1914 3839 2021 3877; x_wconf 91' lang='lat' dir='ltr'><strong>non</strong></span> <span class='ocrx_word' id='word_1_525' title='bbox 2051 3834 2198 3890; x_wconf 90' lang='lat' dir='ltr'><strong>sunt,</strong></span> 
     </span>
    </p>
   </div>
   <div class='ocr_carea' id='block_1_72' title="bbox 630 3905 2199 3986">
    <p class='ocr_par' dir='ltr' id='par_1_72' title="bbox 630 3905 2199 3986">
     <span class='ocr_line' id='line_1_72' title="bbox 630 3905 2199 3986; baseline 0.01 -31"><span class='ocrx_word' id='word_1_526' title='bbox 630 3905 959 3959; x_wconf 86' lang='lat' dir='ltr'><strong>monasteria</strong></span> <span class='ocrx_word' id='word_1_527' title='bbox 997 3907 1202 3975; x_wconf 77' lang='lat' dir='ltr'><strong>agitare</strong></span> <span class='ocrx_word' id='word_1_528' title='bbox 1244 3919 1298 3963; x_wconf 91' lang='lat' dir='ltr'><strong>et</strong></span> <span class='ocrx_word' id='word_1_529' title='bbox 1341 3924 1540 3965; x_wconf 80' lang='lat' dir='ltr'><strong>vexare</strong></span> <span class='ocrx_word' id='word_1_530' title='bbox 1572 3928 1585 3965; x_wconf 90' lang='lat'><strong>:</strong></span> <span class='ocrx_word' id='word_1_531' title='bbox 1628 3913 1916 3969; x_wconf 89' lang='lat' dir='ltr'><strong>universali</strong></span> <span class='ocrx_word' id='word_1_532' title='bbox 1952 3926 2005 3970; x_wconf 87' lang='lat' dir='ltr'><strong>et</strong></span> <span class='ocrx_word' id='word_1_533' title='bbox 2035 3931 2199 3986; x_wconf 77' lang='lat' dir='ltr'><strong>gene—</strong></span> 
     </span>
    </p>
   </div>
   <div class='ocr_carea' id='block_1_73' title="bbox 630 3993 2201 4070">
    <p class='ocr_par' dir='ltr' id='par_1_73' title="bbox 630 3993 2201 4070">
     <span class='ocr_line' id='line_1_73' title="bbox 630 3993 2201 4070; baseline 0.008 -23"><span class='ocrx_word' id='word_1_534' title='bbox 630 3993 731 4047; x_wconf 89' lang='lat' dir='ltr'><strong>rali</strong></span> <span class='ocrx_word' id='word_1_535' title='bbox 760 3994 1007 4050; x_wconf 87' lang='lat' dir='ltr'><strong>oratione</strong></span> <span class='ocrx_word' id='word_1_536' title='bbox 1036 3998 1323 4067; x_wconf 87' lang='lat' dir='ltr'><strong>imperium</strong></span> <span class='ocrx_word' id='word_1_537' title='bbox 1358 4016 1536 4056; x_wconf 89' lang='lat' dir='ltr'><strong>meum</strong></span> <span class='ocrx_word' id='word_1_538' title='bbox 1585 4003 1699 4057; x_wconf 91' lang='lat' dir='ltr'><strong>vult</strong></span> <span class='ocrx_word' id='word_1_539' title='bbox 1741 4014 1797 4059; x_wconf 89' lang='lat' dir='ltr'><strong>et</strong></span> <span class='ocrx_word' id='word_1_540' title='bbox 1844 4006 2111 4070; x_wconf 85' lang='lat' dir='ltr'><strong>decernit,</strong></span> <span class='ocrx_word' id='word_1_541' title='bbox 2146 4016 2201 4060; x_wconf 89' lang='lat' dir='ltr'><strong>ut</strong></span> 
     </span>
    </p>
   </div>
   <div class='ocr_carea' id='block_1_74' title="bbox 630 4088 2199 4167">
    <p class='ocr_par' dir='ltr' id='par_1_74' title="bbox 630 4088 2199 4167">
     <span class='ocr_line' id='line_1_74' title="bbox 630 4088 2199 4167; baseline 0.009 -28"><span class='ocrx_word' id='word_1_542' title='bbox 630 4089 771 4156; x_wconf 86' lang='lat' dir='ltr'><strong>quod</strong></span> <span class='ocrx_word' id='word_1_543' title='bbox 811 4089 862 4141; x_wconf 89' lang='lat' dir='ltr'><strong>in</strong></span> <span class='ocrx_word' id='word_1_544' title='bbox 908 4088 971 4141; x_wconf 90' lang='lat' dir='ltr'><strong>iis</strong></span> <span class='ocrx_word' id='word_1_545' title='bbox 1006 4105 1127 4159; x_wconf 73' lang='lat' dir='ltr'><strong>quae</strong></span> <span class='ocrx_word' id='word_1_546' title='bbox 1170 4091 1329 4146; x_wconf 87' lang='lat' dir='ltr'><strong>hodie</strong></span> <span class='ocrx_word' id='word_1_547' title='bbox 1366 4108 1395 4146; x_wconf 92' lang='lat' dir='ltr'><strong>a</strong></span> <span class='ocrx_word' id='word_1_548' title='bbox 1443 4097 1789 4151; x_wconf 86' lang='lat' dir='ltr'><strong>monasteriis</strong></span> <span class='ocrx_word' id='word_1_549' title='bbox 1831 4099 2199 4167; x_wconf 88' lang='lat' dir='ltr'><strong>possidentur,</strong></span> 
     </span>
    </p>
   </div>
   <div class='ocr_carea' id='block_1_75' title="bbox 634 4181 2199 4261">
    <p class='ocr_par' dir='ltr' id='par_1_75' title="bbox 634 4181 2199 4261">
     <span class='ocr_line' id='line_1_75' title="bbox 634 4181 2199 4261; baseline 0.011 -32"><span class='ocrx_word' id='word_1_550' title='bbox 634 4181 716 4233; x_wconf 86' lang='lat' dir='ltr'><strong>vel</strong></span> <span class='ocrx_word' id='word_1_551' title='bbox 749 4181 800 4234; x_wconf 92' lang='lat' dir='ltr'><strong>in</strong></span> <span class='ocrx_word' id='word_1_552' title='bbox 829 4183 957 4251; x_wconf 90' lang='lat' dir='ltr'><strong>ipsis</strong></span> <span class='ocrx_word' id='word_1_553' title='bbox 985 4191 1110 4237; x_wconf 93' lang='lat' dir='ltr'><strong>sunt</strong></span> <span class='ocrx_word' id='word_1_554' title='bbox 1144 4187 1601 4241; x_wconf 83' lang='lat' dir='ltr'><strong>monasteriorum</strong></span> <span class='ocrx_word' id='word_1_555' title='bbox 1635 4190 1927 4256; x_wconf 83' lang='lat' dir='ltr'><strong>cathedris,</strong></span> <span class='ocrx_word' id='word_1_556' title='bbox 1964 4208 2061 4260; x_wconf 91' lang='lat' dir='ltr'><strong>pro</strong></span> <span class='ocrx_word' id='word_1_557' title='bbox 2101 4208 2199 4261; x_wconf 86' lang='lat' dir='ltr'><strong>pu-</strong></span> 
     </span>
    </p>
   </div>
   <div class='ocr_carea' id='block_1_76' title="bbox 631 4272 2199 4347">
    <p class='ocr_par' dir='ltr' id='par_1_76' title="bbox 631 4272 2199 4347">
     <span class='ocr_line' id='line_1_76' title="bbox 631 4272 2199 4347; baseline 0.006 -20"><span class='ocrx_word' id='word_1_558' title='bbox 631 4272 771 4327; x_wconf 78' lang='lat' dir='ltr'><strong>blico</strong></span> <span class='ocrx_word' id='word_1_559' title='bbox 820 4276 1114 4344; x_wconf 76' lang='lat' dir='ltr'><strong>cogitatum</strong></span> <span class='ocrx_word' id='word_1_560' title='bbox 1164 4277 1326 4331; x_wconf 83' lang='lat' dir='ltr'><strong>fuerit</strong></span> <span class='ocrx_word' id='word_1_561' title='bbox 1377 4280 1445 4333; x_wconf 89' lang='lat' dir='ltr'><strong>ab</strong></span> <span class='ocrx_word' id='word_1_562' title='bbox 1499 4281 1703 4347; x_wconf 84' lang='lat' dir='ltr'><strong>aliquo,</strong></span> <span class='ocrx_word' id='word_1_563' title='bbox 1759 4282 1839 4335; x_wconf 83' lang='lat' dir='ltr'><strong>vel</strong></span> <span class='ocrx_word' id='word_1_564' title='bbox 1897 4300 2058 4347; x_wconf 82' lang='lat' dir='ltr'><strong>nunc,</strong></span> <span class='ocrx_word' id='word_1_565' title='bbox 2120 4287 2199 4337; x_wconf 72' lang='lat' dir='ltr'><strong>vel</strong></span> 
     </span>
    </p>
   </div>
   <div class='ocr_carea' id='block_1_77' title="bbox 632 4371 2195 4443">
    <p class='ocr_par' dir='ltr' id='par_1_77' title="bbox 632 4371 2195 4443">
     <span class='ocr_line' id='line_1_77' title="bbox 632 4371 2195 4443; baseline 0.007 -25"><span class='ocrx_word' id='word_1_566' title='bbox 632 4373 1063 4437; x_wconf 76' lang='lat' dir='ltr'><strong>quandocunqua</strong></span> <span class='ocrx_word' id='word_1_567' title='bbox 1087 4409 1099 4433; x_wconf 91' lang='lat'><strong>,</strong></span> <span class='ocrx_word' id='word_1_568' title='bbox 1148 4371 1479 4425; x_wconf 88' lang='lat' dir='ltr'><strong>monasterio</strong></span> <span class='ocrx_word' id='word_1_569' title='bbox 1518 4372 1700 4426; x_wconf 87' lang='lat' dir='ltr'><strong>datum</strong></span> <span class='ocrx_word' id='word_1_570' title='bbox 1735 4390 1853 4429; x_wconf 88' lang='lat' dir='ltr'><strong>csse</strong></span> <span class='ocrx_word' id='word_1_571' title='bbox 1896 4384 2195 4443; x_wconf 89' lang='lat' dir='ltr'><strong>reputctur.</strong></span> 
     </span>
    </p>
   </div>
   <div class='ocr_carea' id='block_1_78' title="bbox 2302 3158 3927 3253">
    <p class='ocr_par' dir='ltr' id='par_1_78' title="bbox 2302 3158 3927 3253">
     <span class='ocr_line' id='line_1_78' title="bbox 2302 3158 3927 3253; baseline 0.016 -34"><span class='ocrx_word' id='word_1_572' title='bbox 2302 3166 2496 3221; x_wconf 76' lang='grc' dir='ltr'>ἔλαϐον</span> <span class='ocrx_word' id='word_1_573' title='bbox 2528 3158 2846 3237; x_wconf 80' lang='grc' dir='ltr'>διαγνώσεις</span> <span class='ocrx_word' id='word_1_574' title='bbox 2883 3172 3023 3242; x_wconf 81' lang='grc' dir='ltr'>ὑπὲρ</span> <span class='ocrx_word' id='word_1_575' title='bbox 3056 3172 3149 3226; x_wconf 86' lang='grc' dir='ltr'>τοῦ</span> <span class='ocrx_word' id='word_1_576' title='bbox 3186 3174 3477 3245; x_wconf 74' lang='grc' dir='ltr'>δημοσίου,</span> <span class='ocrx_word' id='word_1_577' title='bbox 3511 3173 3583 3239; x_wconf 80' lang='grc' dir='ltr'><strong>ὡς</strong></span> <span class='ocrx_word' id='word_1_578' title='bbox 3614 3172 3851 3234; x_wconf 66' lang='grc' dir='ltr'><strong>πολλάκις</strong></span> 
     </span>
    </p>
   </div>
   <div class='ocr_carea' id='block_1_79' title="bbox 2302 3262 3927 3341">
    <p class='ocr_par' dir='ltr' id='par_1_79' title="bbox 2302 3262 3927 3341">
     <span class='ocr_line' id='line_1_79' title="bbox 2302 3262 3927 3341; baseline 0.001 -27"><span class='ocrx_word' id='word_1_579' title='bbox 2302 3262 2558 3331; x_wconf 82' lang='grc' dir='ltr'><strong>ἀνωτέρω</strong></span> <span class='ocrx_word' id='word_1_580' title='bbox 2589 3262 2914 3331; x_wconf 81' lang='grc' dir='ltr'>διείληπται.</span> <span class='ocrx_word' id='word_1_581' title='bbox 2948 3264 3009 3317; x_wconf 78' lang='lat' dir='ltr'><strong>Ei</strong></span> <span class='ocrx_word' id='word_1_582' title='bbox 3037 3264 3095 3318; x_wconf 79' lang='grc' dir='ltr'>δὲ</span> <span class='ocrx_word' id='word_1_583' title='bbox 3124 3266 3216 3317; x_wconf 78' lang='grc' dir='ltr'>καὶ</span> <span class='ocrx_word' id='word_1_584' title='bbox 3249 3264 3697 3338; x_wconf 82' lang='grc' dir='ltr'>προσετάχθησαν</span> <span class='ocrx_word' id='word_1_585' title='bbox 3722 3265 3854 3329; x_wconf 73' lang='grc' dir='ltr'>λογιο</span> <span class='ocrx_word' id='word_1_586' title='bbox 3926 3338 3927 3341; x_wconf 12' lang='grc' dir='ltr'><strong>η</strong></span> 
     </span>
    </p>
   </div>
   <div class='ocr_carea' id='block_1_80' title="bbox 2305 3353 3927 3430">
    <p class='ocr_par' dir='ltr' id='par_1_80' title="bbox 2305 3353 3927 3430">
     <span class='ocr_line' id='line_1_80' title="bbox 2305 3353 3927 3430; baseline 0.004 -25"><span class='ocrx_word' id='word_1_587' title='bbox 2305 3353 2501 3423; x_wconf 73' lang='grc' dir='ltr'>σθῆναι</span> <span class='ocrx_word' id='word_1_588' title='bbox 2538 3355 2569 3425; x_wconf 82' lang='grc' dir='ltr'><strong>ἢ</strong></span> <span class='ocrx_word' id='word_1_589' title='bbox 2612 3356 2912 3425; x_wconf 83' lang='grc' dir='ltr'>ἐκκοπῆναί</span> <span class='ocrx_word' id='word_1_590' title='bbox 2949 3374 3071 3410; x_wconf 84' lang='grc' dir='ltr'>τινα</span> <span class='ocrx_word' id='word_1_591' title='bbox 3108 3358 3415 3427; x_wconf 87' lang='grc' dir='ltr'>τελέσματα</span> <span class='ocrx_word' id='word_1_592' title='bbox 3455 3358 3488 3430; x_wconf 73' lang='grc' dir='ltr'>ἢ</span> <span class='ocrx_word' id='word_1_593' title='bbox 3526 3356 3848 3430; x_wconf 31' lang='grc' dir='ltr'>πρακτικὰιῆ</span> <span class='ocrx_word' id='word_1_594' title='bbox 3926 3358 3927 3365; x_wconf 61' lang='grc'><em>“</em></span> 
     </span>
    </p>
   </div>
   <div class='ocr_carea' id='block_1_81' title="bbox 2303 3448 3851 3527">
    <p class='ocr_par' dir='ltr' id='par_1_81' title="bbox 2303 3448 3851 3527">
     <span class='ocr_line' id='line_1_81' title="bbox 2303 3448 3851 3527; baseline 0.007 -31"><span class='ocrx_word' id='word_1_595' title='bbox 2303 3448 2582 3517; x_wconf 79' lang='grc' dir='ltr'>στρατεῖαι</span> <span class='ocrx_word' id='word_1_596' title='bbox 2624 3449 2656 3517; x_wconf 75' lang='grc' dir='ltr'>ἢ</span> <span class='ocrx_word' id='word_1_597' title='bbox 2696 3449 2936 3518; x_wconf 85' lang='grc' dir='ltr'>δημόσια</span> <span class='ocrx_word' id='word_1_598' title='bbox 2967 3450 2999 3519; x_wconf 75' lang='grc' dir='ltr'>ἢ</span> <span class='ocrx_word' id='word_1_599' title='bbox 3035 3450 3270 3527; x_wconf 82' lang='grc' dir='ltr'>λίδελλοι</span> <span class='ocrx_word' id='word_1_600' title='bbox 3307 3452 3339 3524; x_wconf 79' lang='grc' dir='ltr'>ἢ</span> <span class='ocrx_word' id='word_1_601' title='bbox 3371 3450 3559 3521; x_wconf 69' lang='grc' dir='ltr'>ἕτερον</span> <span class='ocrx_word' id='word_1_602' title='bbox 3589 3469 3641 3506; x_wconf 86' lang='grc' dir='ltr'><strong>τι</strong></span> <span class='ocrx_word' id='word_1_603' title='bbox 3671 3450 3741 3521; x_wconf 80' lang='grc' dir='ltr'><strong>τῷ</strong></span> <span class='ocrx_word' id='word_1_604' title='bbox 3775 3448 3851 3527; x_wconf 57' lang='lat'><strong>31;-</strong></span> 
     </span>
    </p>
   </div>
   <div class='ocr_carea' id='block_1_82' title="bbox 2306 3526 3853 3615">
    <p class='ocr_par' dir='ltr' id='par_1_82' title="bbox 2306 3526 3853 3615">
     <span class='ocr_line' id='line_1_82' title="bbox 2306 3526 3853 3615; baseline 0.002 -25"><span class='ocrx_word' id='word_1_605' title='bbox 2306 3538 2477 3609; x_wconf 83' lang='grc' dir='ltr'>μοσίῳ</span> <span class='ocrx_word' id='word_1_606' title='bbox 2506 3540 2723 3610; x_wconf 79' lang='grc' dir='ltr'>ἀνῆκον,</span> <span class='ocrx_word' id='word_1_607' title='bbox 2753 3542 2844 3593; x_wconf 70' lang='grc' dir='ltr'><strong>καὶ</strong></span> <span class='ocrx_word' id='word_1_608' title='bbox 2874 3542 2934 3594; x_wconf 84' lang='grc' dir='ltr'>οὐ</span> <span class='ocrx_word' id='word_1_609' title='bbox 2966 3542 3157 3611; x_wconf 85' lang='grc' dir='ltr'>γέγονε</span> <span class='ocrx_word' id='word_1_610' title='bbox 3182 3526 3244 3595; x_wconf 77' lang='grc' dir='ltr'>τὸ</span> <span class='ocrx_word' id='word_1_611' title='bbox 3272 3542 3676 3613; x_wconf 74' lang='grc' dir='ltr'>λελογισμένον,</span> <span class='ocrx_word' id='word_1_612' title='bbox 3701 3544 3730 3615; x_wconf 79' lang='grc' dir='ltr'>ἢ</span> <span class='ocrx_word' id='word_1_613' title='bbox 3755 3543 3853 3609; x_wconf 63' lang='grc' dir='ltr'>ἔτι·</span> 
     </span>
    </p>
   </div>
   <div class='ocr_carea' id='block_1_83' title="bbox 2307 3622 3852 3704">
    <p class='ocr_par' dir='ltr' id='par_1_83' title="bbox 2307 3622 3852 3704">
     <span class='ocr_line' id='line_1_83' title="bbox 2307 3622 3852 3704; baseline -0.001 -20"><span class='ocrx_word' id='word_1_614' title='bbox 2307 3633 2398 3702; x_wconf 88' lang='grc' dir='ltr'><strong>ρόν</strong></span> <span class='ocrx_word' id='word_1_615' title='bbox 2440 3650 2493 3684; x_wconf 88' lang='grc' dir='ltr'><strong>τι</strong></span> <span class='ocrx_word' id='word_1_616' title='bbox 2537 3632 2648 3703; x_wconf 79' lang='grc' dir='ltr'>ἔχει</span> <span class='ocrx_word' id='word_1_617' title='bbox 2696 3632 3028 3703; x_wconf 71' lang='grc' dir='ltr'>ἐπιλήψιμον</span> <span class='ocrx_word' id='word_1_618' title='bbox 3070 3635 3131 3685; x_wconf 86' lang='grc' dir='ltr'>τὸ</span> <span class='ocrx_word' id='word_1_619' title='bbox 3175 3634 3484 3704; x_wconf 73' lang='grc' dir='ltr'>δικαίωμα,</span> <span class='ocrx_word' id='word_1_620' title='bbox 3532 3635 3685 3688; x_wconf 65' lang='grc' dir='ltr'>οὐδέν</span> <span class='ocrx_word' id='word_1_621' title='bbox 3719 3622 3852 3695; x_wconf 51' lang='grc' dir='ltr'>τιξέκ</span> 
     </span>
    </p>
   </div>
   <div class='ocr_carea' id='block_1_84' title="bbox 2302 3722 3853 3799">
    <p class='ocr_par' dir='ltr' id='par_1_84' title="bbox 2302 3722 3853 3799">
     <span class='ocr_line' id='line_1_84' title="bbox 2302 3722 3853 3799; baseline -0.001 -24"><span class='ocrx_word' id='word_1_622' title='bbox 2302 3724 2492 3776; x_wconf 85' lang='grc' dir='ltr'>τούτου</span> <span class='ocrx_word' id='word_1_623' title='bbox 2541 3723 2871 3793; x_wconf 78' lang='grc' dir='ltr'>βλαὸήσεται</span> <span class='ocrx_word' id='word_1_624' title='bbox 2920 3724 2988 3777; x_wconf 84' lang='grc' dir='ltr'>τὰ</span> <span class='ocrx_word' id='word_1_625' title='bbox 3041 3726 3400 3795; x_wconf 86' lang='grc' dir='ltr'>μοναστήρια.</span> <span class='ocrx_word' id='word_1_626' title='bbox 3446 3724 3513 3778; x_wconf 85' lang='grc' dir='ltr'>Τί</span> <span class='ocrx_word' id='word_1_627' title='bbox 3558 3724 3616 3779; x_wconf 62' lang='grc' dir='ltr'>δὲ</span> <span class='ocrx_word' id='word_1_628' title='bbox 3659 3722 3853 3799; x_wconf 42' lang='grc' dir='ltr'>χρὴέτὰ</span> 
     </span>
    </p>
   </div>
   <div class='ocr_carea' id='block_1_85' title="bbox 2302 3806 3851 3890">
    <p class='ocr_par' dir='ltr' id='par_1_85' title="bbox 2302 3806 3851 3890">
     <span class='ocr_line' id='line_1_85' title="bbox 2302 3806 3851 3890; baseline -0.003 -21"><span class='ocrx_word' id='word_1_629' title='bbox 2302 3816 2473 3870; x_wconf 72' lang='grc' dir='ltr'>πολλὰ</span> <span class='ocrx_word' id='word_1_630' title='bbox 2504 3818 2826 3883; x_wconf 80' lang='grc' dir='ltr'>καταλέγειν</span> <span class='ocrx_word' id='word_1_631' title='bbox 2854 3817 2949 3871; x_wconf 80' lang='grc' dir='ltr'>καὶ</span> <span class='ocrx_word' id='word_1_632' title='bbox 2974 3818 3428 3888; x_wconf 82' lang='grc' dir='ltr'>ἀπαριθμεῖσθαι,</span> <span class='ocrx_word' id='word_1_633' title='bbox 3463 3819 3557 3870; x_wconf 84' lang='grc' dir='ltr'>καὶ</span> <span class='ocrx_word' id='word_1_634' title='bbox 3590 3820 3743 3889; x_wconf 83' lang='grc' dir='ltr'>χάριν</span> 
     </span>
    </p>
   </div>
   <div class='ocr_carea' id='block_1_86' title="bbox 2307 3907 3852 3979">
    <p class='ocr_par' dir='ltr' id='par_1_86' title="bbox 2307 3907 3852 3979">
     <span class='ocr_line' id='line_1_86' title="bbox 2307 3907 3852 3979; baseline -0.003 -17"><span class='ocrx_word' id='word_1_635' title='bbox 2307 3908 2666 3979; x_wconf 84' lang='grc' dir='ltr'>ραδείγματος</span> <span class='ocrx_word' id='word_1_636' title='bbox 2698 3908 3145 3979; x_wconf 73' lang='grc' dir='ltr'>ἁπογράφεσθαις</span> <span class='ocrx_word' id='word_1_637' title='bbox 3176 3908 3287 3979; x_wconf 83' lang='grc' dir='ltr'><strong>Τὴν</strong></span> <span class='ocrx_word' id='word_1_638' title='bbox 3316 3907 3697 3977; x_wconf 84' lang='grc' dir='ltr'>πολυλογίανή</span> <span class='ocrx_word' id='word_1_639' title='bbox 3729 3907 3852 3979; x_wconf 53' lang='lat' dir='ltr'><strong>ﬁst-</strong></span> 
     </span>
    </p>
   </div>
   <div class='ocr_carea' id='block_1_87' title="bbox 2303 3996 3852 4073">
    <p class='ocr_par' dir='ltr' id='par_1_87' title="bbox 2303 3996 3852 4073">
     <span class='ocr_line' id='line_1_87' title="bbox 2303 3996 3852 4073; baseline -0.004 -18"><span class='ocrx_word' id='word_1_640' title='bbox 2303 4001 2420 4055; x_wconf 81' lang='grc' dir='ltr'>λεῐα</span> <span class='ocrx_word' id='word_1_641' title='bbox 2457 4020 2557 4071; x_wconf 89' lang='grc' dir='ltr'><strong>μου</strong></span> <span class='ocrx_word' id='word_1_642' title='bbox 2589 4004 3045 4073; x_wconf 74' lang='grc' dir='ltr'>παρατρέχουσα,</span> <span class='ocrx_word' id='word_1_643' title='bbox 3080 4002 3165 4055; x_wconf 80' lang='grc' dir='ltr'>ἵνα</span> <span class='ocrx_word' id='word_1_644' title='bbox 3200 4003 3271 4073; x_wconf 88' lang='grc' dir='ltr'><strong>μή</strong></span> <span class='ocrx_word' id='word_1_645' title='bbox 3303 4018 3385 4063; x_wconf 88' lang='grc' dir='ltr'><strong>τις</strong></span> <span class='ocrx_word' id='word_1_646' title='bbox 3413 4000 3522 4054; x_wconf 64' lang='grc' dir='ltr'><strong>’.ὧν</strong></span> <span class='ocrx_word' id='word_1_647' title='bbox 3554 4003 3681 4070; x_wconf 80' lang='grc' dir='ltr'>περὶ</span> <span class='ocrx_word' id='word_1_648' title='bbox 3707 3996 3852 4073; x_wconf 54' lang='grc' dir='ltr'>τιέῦτα</span> 
     </span>
    </p>
   </div>
   <div class='ocr_carea' id='block_1_88' title="bbox 2302 4085 3851 4166">
    <p class='ocr_par' dir='ltr' id='par_1_88' title="bbox 2302 4085 3851 4166">
     <span class='ocr_line' id='line_1_88' title="bbox 2302 4085 3851 4166; baseline -0.003 -20"><span class='ocrx_word' id='word_1_649' title='bbox 2302 4093 2507 4165; x_wconf 62' lang='grc' dir='ltr'>δεινῶν,</span> <span class='ocrx_word' id='word_1_650' title='bbox 2544 4093 2703 4147; x_wconf 83' lang='grc' dir='ltr'>τινῶν</span> <span class='ocrx_word' id='word_1_651' title='bbox 2734 4095 2835 4165; x_wconf 73' lang='grc' dir='ltr'><strong>μὲν</strong></span> <span class='ocrx_word' id='word_1_652' title='bbox 2864 4095 3292 4166; x_wconf 81' lang='grc' dir='ltr'>ὲκφωνηθέντων</span> <span class='ocrx_word' id='word_1_653' title='bbox 3322 4096 3388 4147; x_wconf 76' lang='grc' dir='ltr'>ἐκ</span> <span class='ocrx_word' id='word_1_654' title='bbox 3418 4094 3525 4148; x_wconf 84' lang='grc' dir='ltr'>τῶν</span> <span class='ocrx_word' id='word_1_655' title='bbox 3557 4093 3624 4148; x_wconf 86' lang='grc' dir='ltr'>τὰ</span> <span class='ocrx_word' id='word_1_656' title='bbox 3653 4085 3851 4166; x_wconf 46' lang='lat' dir='ltr'><strong>(bibitis:</strong></span> 
     </span>
    </p>
   </div>
   <div class='ocr_carea' id='block_1_89' title="bbox 2304 4186 3850 4258">
    <p class='ocr_par' dir='ltr' id='par_1_89' title="bbox 2304 4186 3850 4258">
     <span class='ocr_line' id='line_1_89' title="bbox 2304 4186 3850 4258; baseline 0.001 -19"><span class='ocrx_word' id='word_1_657' title='bbox 2304 4187 2697 4240; x_wconf 83' lang='grc' dir='ltr'>κατασειόντων</span> <span class='ocrx_word' id='word_1_658' title='bbox 2739 4187 2963 4252; x_wconf 86' lang='grc' dir='ltr'>αίτίων,</span> <span class='ocrx_word' id='word_1_659' title='bbox 3007 4188 3169 4240; x_wconf 83' lang='grc' dir='ltr'>τινῶν</span> <span class='ocrx_word' id='word_1_660' title='bbox 3212 4188 3270 4240; x_wconf 74' lang='grc' dir='ltr'>δὲ</span> <span class='ocrx_word' id='word_1_661' title='bbox 3313 4186 3850 4258; x_wconf 80' lang='grc' dir='ltr'>παρασιωπηθέντων.</span> 
     </span>
    </p>
   </div>
   <div class='ocr_carea' id='block_1_90' title="bbox 2304 4273 3851 4349">
    <p class='ocr_par' dir='ltr' id='par_1_90' title="bbox 2304 4273 3851 4349">
     <span class='ocr_line' id='line_1_90' title="bbox 2304 4273 3851 4349; baseline 0.001 -20"><span class='ocrx_word' id='word_1_662' title='bbox 2304 4280 2677 4348; x_wconf 73' lang='grc' dir='ltr'>ἐπιδράττοιτο</span> <span class='ocrx_word' id='word_1_663' title='bbox 2712 4278 2819 4331; x_wconf 85' lang='grc' dir='ltr'><strong>τῶν</strong></span> <span class='ocrx_word' id='word_1_664' title='bbox 2863 4281 3122 4349; x_wconf 79' lang='grc' dir='ltr'>ῥημάτων</span> <span class='ocrx_word' id='word_1_665' title='bbox 3164 4280 3258 4332; x_wconf 75' lang='grc' dir='ltr'>καὶ</span> <span class='ocrx_word' id='word_1_666' title='bbox 3296 4279 3438 4332; x_wconf 76' lang='grc' dir='ltr'>κατὰ</span> <span class='ocrx_word' id='word_1_667' title='bbox 3481 4279 3759 4340; x_wconf 72' lang='grc' dir='ltr'>Ἰουδαίους</span> <span class='ocrx_word' id='word_1_668' title='bbox 3789 4273 3851 4341; x_wconf 78' lang='grc' dir='ltr'>τῷ</span> 
     </span>
    </p>
   </div>
   <div class='ocr_carea' id='block_1_91' title="bbox 2302 4358 3851 4439">
    <p class='ocr_par' dir='ltr' id='par_1_91' title="bbox 2302 4358 3851 4439">
     <span class='ocr_line' id='line_1_91' title="bbox 2302 4358 3851 4439; baseline -0.005 -18"><span class='ocrx_word' id='word_1_669' title='bbox 2302 4358 2593 4437; x_wconf 78' lang='grc' dir='ltr'>γράμματι</span> <span class='ocrx_word' id='word_1_670' title='bbox 2625 4358 2976 4437; x_wconf 76' lang='grc' dir='ltr'>ἐπικάθηται,</span> <span class='ocrx_word' id='word_1_671' title='bbox 3008 4370 3102 4423; x_wconf 72' lang='grc' dir='ltr'><strong>καὶ</strong></span> <span class='ocrx_word' id='word_1_672' title='bbox 3118 4370 3384 4439; x_wconf 60' lang='grc' dir='ltr'>ἐπιχειρῇ</span> <span class='ocrx_word' id='word_1_673' title='bbox 3416 4368 3510 4421; x_wconf 76' lang='grc' dir='ltr'><strong>ἐπὶ</strong></span> <span class='ocrx_word' id='word_1_674' title='bbox 3536 4370 3650 4431; x_wconf 82' lang='grc' dir='ltr'>τοίς</span> <span class='ocrx_word' id='word_1_675' title='bbox 3684 4369 3752 4439; x_wconf 73' lang='grc' dir='ltr'>μὴ</span> <span class='ocrx_word' id='word_1_676' title='bbox 3778 4366 3851 4415; x_wconf 77' lang='grc' dir='ltr'><strong>ἐκ·</strong></span> 
     </span>
    </p>
   </div>
   <div class='ocr_carea' id='block_1_92' title="bbox 634 4458 2198 4531">
    <p class='ocr_par' dir='ltr' id='par_1_92' title="bbox 634 4459 2198 4531">
     <span class='ocr_line' id='line_1_92' title="bbox 634 4459 2198 4531; baseline 0.005 -20"><span class='ocrx_word' id='word_1_677' title='bbox 634 4460 699 4511; x_wconf 84' lang='grc' dir='ltr'><strong>Ει</strong></span> <span class='ocrx_word' id='word_1_678' title='bbox 732 4459 892 4513; x_wconf 90' lang='lat' dir='ltr'><strong>simul</strong></span> <span class='ocrx_word' id='word_1_679' title='bbox 922 4474 985 4512; x_wconf 88' lang='lat' dir='ltr'><strong>ac</strong></span> <span class='ocrx_word' id='word_1_680' title='bbox 1018 4462 1119 4515; x_wconf 88' lang='lat' dir='ltr'><strong>hoc</strong></span> <span class='ocrx_word' id='word_1_681' title='bbox 1150 4462 1407 4528; x_wconf 78' lang='lat' dir='ltr'><strong>cogitarit</strong></span> <span class='ocrx_word' id='word_1_682' title='bbox 1438 4462 1727 4531; x_wconf 83' lang='lat' dir='ltr'><strong>quispiam,</strong></span> <span class='ocrx_word' id='word_1_683' title='bbox 1756 4464 1835 4518; x_wconf 88' lang='lat' dir='ltr'><strong>vel</strong></span> <span class='ocrx_word' id='word_1_684' title='bbox 1871 4466 2067 4519; x_wconf 84' lang='lat' dir='ltr'><strong>dixerit</strong></span> <span class='ocrx_word' id='word_1_685' title='bbox 2100 4482 2114 4519; x_wconf 86' lang='lat'><strong>:</strong></span> <span class='ocrx_word' id='word_1_686' title='bbox 2148 4467 2198 4520; x_wconf 90' lang='lat' dir='ltr'><strong>id</strong></span> 
     </span>
    </p>
   </div>
   <div class='ocr_carea' id='block_1_93' title="bbox 2303 4458 3847 4531">
    <p class='ocr_par' dir='ltr' id='par_1_93' title="bbox 2306 4458 3847 4531">
     <span class='ocr_line' id='line_1_93' title="bbox 2306 4458 3847 4531; baseline 0.001 -20"><span class='ocrx_word' id='word_1_687' title='bbox 2306 4458 2597 4528; x_wconf 80' lang='grc' dir='ltr'>φωνηοεῖσι</span> <span class='ocrx_word' id='word_1_688' title='bbox 2642 4458 2900 4512; x_wconf 82' lang='grc' dir='ltr'>διασείειν</span> <span class='ocrx_word' id='word_1_689' title='bbox 2946 4461 3042 4513; x_wconf 74' lang='grc' dir='ltr'>καὶ</span> <span class='ocrx_word' id='word_1_690' title='bbox 3088 4460 3443 4531; x_wconf 72' lang='grc' dir='ltr'>παρενοχλεῖν</span> <span class='ocrx_word' id='word_1_691' title='bbox 3485 4462 3607 4524; x_wconf 78' lang='grc' dir='ltr'>ταῖς</span> <span class='ocrx_word' id='word_1_692' title='bbox 3654 4458 3847 4529; x_wconf 74' lang='grc' dir='ltr'>μοναῖς.</span> 
     </span>
    </p>
   </div>
   <div class='ocr_carea' id='block_1_94' title="bbox 634 4554 2202 4624">
    <p class='ocr_par' dir='ltr' id='par_1_94' title="bbox 634 4554 2202 4624">
     <span class='ocr_line' id='line_1_94' title="bbox 634 4554 2202 4624; baseline 0.004 -17"><span class='ocrx_word' id='word_1_693' title='bbox 634 4568 848 4623; x_wconf 91' lang='lat' dir='ltr'><strong>quoque</strong></span> <span class='ocrx_word' id='word_1_694' title='bbox 885 4554 1065 4607; x_wconf 88' lang='lat' dir='ltr'><strong>statim</strong></span> <span class='ocrx_word' id='word_1_695' title='bbox 1103 4555 1471 4624; x_wconf 83' lang='lat' dir='ltr'><strong>apprehendet</strong></span> <span class='ocrx_word' id='word_1_696' title='bbox 1522 4558 1933 4624; x_wconf 89' lang='lat' dir='ltr'><strong>monasterium,</strong></span> <span class='ocrx_word' id='word_1_697' title='bbox 1959 4570 2015 4610; x_wconf 92' lang='lat' dir='ltr'><strong>ut</strong></span> <span class='ocrx_word' id='word_1_698' title='bbox 2046 4560 2202 4613; x_wconf 86' lang='lat' dir='ltr'><strong>hodie</strong></span> 
     </span>
    </p>
   </div>
   <div class='ocr_carea' id='block_1_95' title="bbox 633 4647 2199 4718">
    <p class='ocr_par' dir='ltr' id='par_1_95' title="bbox 633 4647 2199 4718">
     <span class='ocr_line' id='line_1_95' title="bbox 633 4647 2199 4718; baseline 0.004 -19"><span class='ocrx_word' id='word_1_699' title='bbox 633 4661 662 4699; x_wconf 90' lang='lat' dir='ltr'><strong>a</strong></span> <span class='ocrx_word' id='word_1_700' title='bbox 694 4660 810 4699; x_wconf 88' lang='lat' dir='ltr'><strong>mea</strong></span> <span class='ocrx_word' id='word_1_701' title='bbox 837 4647 1185 4713; x_wconf 85' lang='lat' dir='ltr'><strong>imperatoria</strong></span> <span class='ocrx_word' id='word_1_702' title='bbox 1212 4649 1542 4704; x_wconf 90' lang='lat' dir='ltr'><strong>sublimitate</strong></span> <span class='ocrx_word' id='word_1_703' title='bbox 1566 4650 1847 4707; x_wconf 87' lang='lat' dir='ltr'><strong>donatum.</strong></span> <span class='ocrx_word' id='word_1_704' title='bbox 1878 4651 2028 4718; x_wconf 86' lang='lat' dir='ltr'><strong>Quod</strong></span> <span class='ocrx_word' id='word_1_705' title='bbox 2056 4653 2199 4706; x_wconf 89' lang='lat' dir='ltr'><strong>enim</strong></span> 
     </span>
    </p>
   </div>
   <div class='ocr_carea' id='block_1_96' title="bbox 630 4737 2204 4809">
    <p class='ocr_par' dir='ltr' id='par_1_96' title="bbox 630 4737 2204 4809">
     <span class='ocr_line' id='line_1_96' title="bbox 630 4737 2204 4809; baseline 0.006 -19"><span class='ocrx_word' id='word_1_706' title='bbox 630 4737 699 4790; x_wconf 85' lang='lat' dir='ltr'><strong>ad</strong></span> <span class='ocrx_word' id='word_1_707' title='bbox 742 4753 807 4792; x_wconf 87' lang='lat' dir='ltr'><strong>ea</strong></span> <span class='ocrx_word' id='word_1_708' title='bbox 853 4738 1068 4799; x_wconf 88' lang='lat' dir='ltr'><strong>attinet,</strong></span> <span class='ocrx_word' id='word_1_709' title='bbox 1111 4753 1243 4809; x_wconf 57' lang='lat' dir='ltr'><strong>quas</strong></span> <span class='ocrx_word' id='word_1_710' title='bbox 1272 4755 1413 4794; x_wconf 91' lang='lat' dir='ltr'><strong>nunc</strong></span> <span class='ocrx_word' id='word_1_711' title='bbox 1453 4741 1731 4807; x_wconf 83' lang='lat' dir='ltr'><strong>possident</strong></span> <span class='ocrx_word' id='word_1_712' title='bbox 1784 4744 2100 4807; x_wconf 88' lang='lat' dir='ltr'><strong>immobilia,</strong></span> <span class='ocrx_word' id='word_1_713' title='bbox 2141 4744 2204 4799; x_wconf 67' lang='lat' dir='ltr'><strong>de</strong></span> 
     </span>
    </p>
   </div>
   <div class='ocr_carea' id='block_1_97' title="bbox 633 4828 2206 4904">
    <p class='ocr_par' dir='ltr' id='par_1_97' title="bbox 633 4828 2206 4904">
     <span class='ocr_line' id='line_1_97' title="bbox 633 4828 2206 4904; baseline 0.006 -26"><span class='ocrx_word' id='word_1_714' title='bbox 633 4828 831 4897; x_wconf 89' lang='lat' dir='ltr'><strong>quibus</strong></span> <span class='ocrx_word' id='word_1_715' title='bbox 902 4842 997 4897; x_wconf 90' lang='lat' dir='ltr'><strong>pro</strong></span> <span class='ocrx_word' id='word_1_716' title='bbox 1056 4828 1271 4897; x_wconf 91' lang='lat' dir='ltr'><strong>publico</strong></span> <span class='ocrx_word' id='word_1_717' title='bbox 1326 4832 1650 4886; x_wconf 90' lang='lat' dir='ltr'><strong>documenta</strong></span> <span class='ocrx_word' id='word_1_718' title='bbox 1708 4848 1816 4887; x_wconf 91' lang='lat' dir='ltr'><strong>non</strong></span> <span class='ocrx_word' id='word_1_719' title='bbox 1878 4845 2206 4904; x_wconf 84' lang='lat' dir='ltr'><strong>acceperunt</strong></span> 
     </span>
    </p>
   </div>
   <div class='ocr_carea' id='block_1_98' title="bbox 638 4920 2244 4995">
    <p class='ocr_par' dir='ltr' id='par_1_98' title="bbox 638 4920 2244 4995">
     <span class='ocr_line' id='line_1_98' title="bbox 638 4920 2244 4995; baseline 0.004 -23"><span class='ocrx_word' id='word_1_720' title='bbox 638 4920 995 4987; x_wconf 86' lang='lat' dir='ltr'><strong>nt0nasteria;</strong></span> <span class='ocrx_word' id='word_1_721' title='bbox 1050 4920 1334 4988; x_wconf 89' lang='lat' dir='ltr'><strong>imperium</strong></span> <span class='ocrx_word' id='word_1_722' title='bbox 1392 4936 1568 4975; x_wconf 89' lang='lat' dir='ltr'><strong>meum</strong></span> <span class='ocrx_word' id='word_1_723' title='bbox 1614 4924 1730 4977; x_wconf 89' lang='lat' dir='ltr'><strong>vult</strong></span> <span class='ocrx_word' id='word_1_724' title='bbox 1779 4927 2244 4995; x_wconf 78' lang='lat' dir='ltr'><strong>unumquodque</strong></span> 
     </span>
    </p>
   </div>
   <div class='ocr_carea' id='block_1_99' title="bbox 633 5010 2203 5084">
    <p class='ocr_par' dir='ltr' id='par_1_99' title="bbox 633 5010 2203 5084">
     <span class='ocr_line' id='line_1_99' title="bbox 633 5010 2203 5084; baseline 0.005 -21"><span class='ocrx_word' id='word_1_725' title='bbox 633 5025 821 5064; x_wconf 90' lang='lat' dir='ltr'><strong>eorum</strong></span> <span class='ocrx_word' id='word_1_726' title='bbox 858 5026 953 5079; x_wconf 88' lang='lat' dir='ltr'><strong>pro</strong></span> <span class='ocrx_word' id='word_1_727' title='bbox 1001 5027 1060 5066; x_wconf 89' lang='lat' dir='ltr'><strong>re</strong></span> <span class='ocrx_word' id='word_1_728' title='bbox 1106 5010 1274 5067; x_wconf 81' lang='lat' dir='ltr'><strong>ﬁscali</strong></span> <span class='ocrx_word' id='word_1_729' title='bbox 1331 5013 1538 5078; x_wconf 78' lang='lat' dir='ltr'><strong>haberi,</strong></span> <span class='ocrx_word' id='word_1_730' title='bbox 1590 5014 1643 5068; x_wconf 93' lang='lat' dir='ltr'><strong>in</strong></span> <span class='ocrx_word' id='word_1_731' title='bbox 1690 5016 1794 5069; x_wconf 92' lang='lat' dir='ltr'><strong>hoc</strong></span> <span class='ocrx_word' id='word_1_732' title='bbox 1844 5018 2203 5084; x_wconf 78' lang='lat' dir='ltr'><strong>solummolo,</strong></span> 
     </span>
    </p>
   </div>
   <div class='ocr_carea' id='block_1_100' title="bbox 636 5105 2203 5178">
    <p class='ocr_par' dir='ltr' id='par_1_100' title="bbox 636 5105 2203 5178">
     <span class='ocr_line' id='line_1_100' title="bbox 636 5105 2203 5178; baseline 0.004 -19"><span class='ocrx_word' id='word_1_733' title='bbox 636 5105 780 5175; x_wconf 88' lang='lat' dir='ltr'><strong>quod</strong></span> <span class='ocrx_word' id='word_1_734' title='bbox 818 5108 1069 5161; x_wconf 87' lang='lat' dir='ltr'><strong>attentari</strong></span> <span class='ocrx_word' id='word_1_735' title='bbox 1121 5117 1372 5177; x_wconf 86' lang='lat' dir='ltr'><strong>nequeat,</strong></span> <span class='ocrx_word' id='word_1_736' title='bbox 1407 5122 1505 5162; x_wconf 89' lang='lat' dir='ltr'><strong>nec</strong></span> <span class='ocrx_word' id='word_1_737' title='bbox 1528 5122 1555 5161; x_wconf 89' lang='lat' dir='ltr'><strong>a</strong></span> <span class='ocrx_word' id='word_1_738' title='bbox 1586 5124 1859 5178; x_wconf 88' lang='lat' dir='ltr'><strong>quoquam</strong></span> <span class='ocrx_word' id='word_1_739' title='bbox 1896 5112 1947 5164; x_wconf 92' lang='lat' dir='ltr'><strong>in</strong></span> <span class='ocrx_word' id='word_1_740' title='bbox 1976 5122 2203 5166; x_wconf 91' lang='lat' dir='ltr'><strong>contro-</strong></span> 
     </span>
    </p>
   </div>
   <div class='ocr_carea' id='block_1_101' title="bbox 638 5195 2206 5269">
    <p class='ocr_par' dir='ltr' id='par_1_101' title="bbox 638 5195 2206 5269">
     <span class='ocr_line' id='line_1_101' title="bbox 638 5195 2206 5269; baseline 0.006 -24"><span class='ocrx_word' id='word_1_741' title='bbox 638 5195 870 5250; x_wconf 88' lang='lat' dir='ltr'><strong>versiam</strong></span> <span class='ocrx_word' id='word_1_742' title='bbox 909 5198 1112 5249; x_wconf 87' lang='lat' dir='ltr'><strong>vocari.</strong></span> <span class='ocrx_word' id='word_1_743' title='bbox 1148 5196 1211 5249; x_wconf 79' lang='lat' dir='ltr'><strong>Et</strong></span> <span class='ocrx_word' id='word_1_744' title='bbox 1246 5198 1704 5266; x_wconf 89' lang='lat' dir='ltr'><strong>quemadmodum</strong></span> <span class='ocrx_word' id='word_1_745' title='bbox 1732 5201 1953 5269; x_wconf 90' lang='lat' dir='ltr'><strong>publico</strong></span> <span class='ocrx_word' id='word_1_746' title='bbox 1992 5202 2135 5254; x_wconf 89' lang='lat' dir='ltr'><strong>nulla</strong></span> <span class='ocrx_word' id='word_1_747' title='bbox 2177 5218 2206 5255; x_wconf 90' lang='lat' dir='ltr'><strong>a</strong></span> 
     </span>
    </p>
   </div>
   <div class='ocr_carea' id='block_1_102' title="bbox 640 5288 2205 5366">
    <p class='ocr_par' dir='ltr' id='par_1_102' title="bbox 640 5288 2205 5366">
     <span class='ocr_line' id='line_1_102' title="bbox 640 5288 2205 5366; baseline 0.003 -25"><span class='ocrx_word' id='word_1_748' title='bbox 640 5301 699 5341; x_wconf 88' lang='lat' dir='ltr'><strong>se</strong></span> <span class='ocrx_word' id='word_1_749' title='bbox 746 5288 991 5342; x_wconf 86' lang='lat' dir='ltr'><strong>molestia</strong></span> <span class='ocrx_word' id='word_1_750' title='bbox 1017 5291 1359 5360; x_wconf 80' lang='lat' dir='ltr'><strong>negotiumve</strong></span> <span class='ocrx_word' id='word_1_751' title='bbox 1399 5292 1711 5355; x_wconf 78' lang='lat' dir='ltr'><strong>exhibetur,</strong></span> <span class='ocrx_word' id='word_1_752' title='bbox 1762 5293 1839 5347; x_wconf 91' lang='lat' dir='ltr'><strong>sic</strong></span> <span class='ocrx_word' id='word_1_753' title='bbox 1870 5309 1972 5349; x_wconf 89' lang='lat' dir='ltr'><strong>nec</strong></span> <span class='ocrx_word' id='word_1_754' title='bbox 2006 5293 2205 5366; x_wconf 79' lang='lat' dir='ltr'><strong>[sacra]</strong></span> 
     </span>
    </p>
   </div>
   <div class='ocr_carea' id='block_1_103' title="bbox 536 5368 2211 5460">
    <p class='ocr_par' dir='ltr' id='par_1_103' title="bbox 536 5368 2211 5460">
     <span class='ocr_line' id='line_1_103' title="bbox 536 5368 2211 5460; baseline 0.007 -29"><span class='ocrx_word' id='word_1_755' title='bbox 536 5368 542 5377; x_wconf 79' lang='grc'><em>’</em></span> <span class='ocrx_word' id='word_1_756' title='bbox 642 5378 966 5445; x_wconf 84' lang='lat' dir='ltr'><strong>silentiaria,</strong></span> <span class='ocrx_word' id='word_1_757' title='bbox 1024 5396 1127 5435; x_wconf 88' lang='lat' dir='ltr'><strong>nec</strong></span> <span class='ocrx_word' id='word_1_758' title='bbox 1171 5384 1522 5447; x_wconf 86' lang='lat' dir='ltr'><strong>monasteria,</strong></span> <span class='ocrx_word' id='word_1_759' title='bbox 1582 5384 1681 5460; x_wconf 81' lang='lat' dir='ltr'><strong>nec</strong></span> <span class='ocrx_word' id='word_1_760' title='bbox 1733 5387 1935 5456; x_wconf 88' lang='lat' dir='ltr'><strong>reliqua</strong></span> <span class='ocrx_word' id='word_1_761' title='bbox 1992 5389 2059 5442; x_wconf 90' lang='lat' dir='ltr'><strong>ab</strong></span> <span class='ocrx_word' id='word_1_762' title='bbox 2104 5388 2211 5442; x_wconf 88' lang='lat' dir='ltr'><strong>ttllo</strong></span> 
     </span>
    </p>
   </div>
   <div class='ocr_carea' id='block_1_104' title="bbox 642 5472 2210 5547">
    <p class='ocr_par' dir='ltr' id='par_1_104' title="bbox 642 5472 2210 5547">
     <span class='ocr_line' id='line_1_104' title="bbox 642 5472 2210 5547; baseline 0.006 -24"><span class='ocrx_word' id='word_1_763' title='bbox 642 5472 839 5540; x_wconf 78' lang='lat' dir='ltr'><strong>publici</strong></span> <span class='ocrx_word' id='word_1_764' title='bbox 868 5481 1117 5526; x_wconf 89' lang='lat' dir='ltr'><strong>curatore</strong></span> <span class='ocrx_word' id='word_1_765' title='bbox 1146 5472 1327 5528; x_wconf 87' lang='lat' dir='ltr'><strong>litibus</strong></span> <span class='ocrx_word' id='word_1_766' title='bbox 1358 5474 1729 5544; x_wconf 77' lang='lat' dir='ltr'><strong>agitabuutur,</strong></span> <span class='ocrx_word' id='word_1_767' title='bbox 1781 5477 1892 5531; x_wconf 86' lang='lat' dir='ltr'><strong>sive</strong></span> <span class='ocrx_word' id='word_1_768' title='bbox 1939 5481 2057 5547; x_wconf 87' lang='lat' dir='ltr'><strong>quis</strong></span> <span class='ocrx_word' id='word_1_769' title='bbox 2086 5493 2210 5547; x_wconf 89' lang='lat' dir='ltr'><strong>pro-</strong></span> 
     </span>
    </p>
   </div>
   <div class='ocr_carea' id='block_1_105' title="bbox 646 5562 2214 5636">
    <p class='ocr_par' dir='ltr' id='par_1_105' title="bbox 646 5562 2214 5636">
     <span class='ocr_line' id='line_1_105' title="bbox 646 5562 2214 5636; baseline 0.006 -21"><span class='ocrx_word' id='word_1_770' title='bbox 646 5562 905 5626; x_wconf 86' lang='lat' dir='ltr'><strong>babilem,</strong></span> <span class='ocrx_word' id='word_1_771' title='bbox 931 5564 1047 5617; x_wconf 87' lang='lat' dir='ltr'><strong>sive</strong></span> <span class='ocrx_word' id='word_1_772' title='bbox 1083 5579 1184 5617; x_wconf 89' lang='lat' dir='ltr'><strong>non</strong></span> <span class='ocrx_word' id='word_1_773' title='bbox 1223 5565 1554 5633; x_wconf 86' lang='lat' dir='ltr'><strong>probabilem</strong></span> <span class='ocrx_word' id='word_1_774' title='bbox 1599 5583 1816 5621; x_wconf 88' lang='lat' dir='ltr'><strong>causam</strong></span> <span class='ocrx_word' id='word_1_775' title='bbox 1862 5569 2071 5636; x_wconf 72' lang='lat' dir='ltr'><strong>aderat,</strong></span> <span class='ocrx_word' id='word_1_776' title='bbox 2100 5571 2214 5625; x_wconf 87' lang='lat' dir='ltr'><strong>sive</strong></span> 
     </span>
    </p>
   </div>
   <div class='ocr_carea' id='block_1_106' title="bbox 646 5652 2212 5729">
    <p class='ocr_par' dir='ltr' id='par_1_106' title="bbox 646 5652 2212 5729">
     <span class='ocr_line' id='line_1_106' title="bbox 646 5652 2212 5729; baseline 0.006 -24"><span class='ocrx_word' id='word_1_777' title='bbox 646 5652 1159 5725; x_wconf 74' lang='lat' dir='ltr'><strong>cuiusmodicuuque</strong></span> <span class='ocrx_word' id='word_1_778' title='bbox 1204 5656 1300 5723; x_wconf 88' lang='lat' dir='ltr'><strong>sit,</strong></span> <span class='ocrx_word' id='word_1_779' title='bbox 1332 5658 1471 5726; x_wconf 87' lang='lat' dir='ltr'><strong>quod</strong></span> <span class='ocrx_word' id='word_1_780' title='bbox 1496 5658 1763 5725; x_wconf 86' lang='lat' dir='ltr'><strong>loquetur.</strong></span> <span class='ocrx_word' id='word_1_781' title='bbox 1794 5660 2048 5729; x_wconf 81' lang='lat' dir='ltr'><strong>Quisquis</strong></span> <span class='ocrx_word' id='word_1_782' title='bbox 2070 5665 2212 5716; x_wconf 86' lang='lat' dir='ltr'><strong>enim</strong></span> 
     </span>
    </p>
   </div>
   <div class='ocr_carea' id='block_1_107' title="bbox 649 5737 2211 5818">
    <p class='ocr_par' dir='ltr' id='par_1_107' title="bbox 649 5737 2211 5818">
     <span class='ocr_line' id='line_1_107' title="bbox 649 5737 2211 5818; baseline 0.006 -20"><span class='ocrx_word' id='word_1_783' title='bbox 649 5741 751 5799; x_wconf 87' lang='lat' dir='ltr'><strong>hoc</strong></span> <span class='ocrx_word' id='word_1_784' title='bbox 780 5742 959 5802; x_wconf 73' lang='lat' dir='ltr'><strong>facere</strong></span> <span class='ocrx_word' id='word_1_785' title='bbox 986 5761 1271 5818; x_wconf 74' lang='lat' dir='ltr'><strong>aggressus</strong></span> <span class='ocrx_word' id='word_1_786' title='bbox 1301 5737 1486 5818; x_wconf 71' lang='lat' dir='ltr'><strong>luerit,</strong></span> <span class='ocrx_word' id='word_1_787' title='bbox 1526 5751 1757 5807; x_wconf 71' lang='lat' dir='ltr'><strong>invalida</strong></span> <span class='ocrx_word' id='word_1_788' title='bbox 1804 5763 1854 5807; x_wconf 88' lang='lat' dir='ltr'><strong>ct</strong></span> <span class='ocrx_word' id='word_1_789' title='bbox 1902 5770 2092 5811; x_wconf 66' lang='lat' dir='ltr'><strong>revera</strong></span> <span class='ocrx_word' id='word_1_790' title='bbox 2128 5755 2211 5808; x_wconf 84' lang='lat' dir='ltr'><strong>in-</strong></span> 
     </span>
    </p>
   </div>
   <div class='ocr_carea' id='block_1_108' title="bbox 2310 4548 3850 4622">
    <p class='ocr_par' dir='ltr' id='par_1_108' title="bbox 2310 4548 3850 4622">
     <span class='ocr_line' id='line_1_108' title="bbox 2310 4548 3850 4622; baseline -0.001 -20"><span class='ocrx_word' id='word_1_791' title='bbox 2310 4550 2583 4619; x_wconf 80' lang='grc' dir='ltr'>καθολικῷ</span> <span class='ocrx_word' id='word_1_792' title='bbox 2610 4551 2751 4621; x_wconf 82' lang='grc' dir='ltr'>λόγῳ</span> <span class='ocrx_word' id='word_1_793' title='bbox 2780 4550 2873 4604; x_wconf 75' lang='grc' dir='ltr'>καὶ</span> <span class='ocrx_word' id='word_1_794' title='bbox 2900 4552 3239 4622; x_wconf 87' lang='grc' dir='ltr'>περιεκτικῷ</span> <span class='ocrx_word' id='word_1_795' title='bbox 3264 4552 3422 4605; x_wconf 78' lang='grc' dir='ltr'>τοῦτο</span> <span class='ocrx_word' id='word_1_796' title='bbox 3447 4551 3480 4621; x_wconf 73' lang='grc' dir='ltr'><strong>ἡ</strong></span> <span class='ocrx_word' id='word_1_797' title='bbox 3510 4548 3747 4621; x_wconf 79' lang='grc' dir='ltr'>βασιλεία</span> <span class='ocrx_word' id='word_1_798' title='bbox 3770 4562 3850 4617; x_wconf 68' lang='grc' dir='ltr'><strong>μω</strong></span> 
     </span>
    </p>
   </div>
   <div class='ocr_carea' id='block_1_109' title="bbox 2312 4639 3852 4715">
    <p class='ocr_par' dir='ltr' id='par_1_109' title="bbox 2312 4639 3852 4715">
     <span class='ocr_line' id='line_1_109' title="bbox 2312 4639 3852 4715; baseline 0.001 -20"><span class='ocrx_word' id='word_1_799' title='bbox 2312 4642 2558 4713; x_wconf 74' lang='grc' dir='ltr'>βούλεταί</span> <span class='ocrx_word' id='word_1_800' title='bbox 2586 4661 2643 4696; x_wconf 87' lang='grc' dir='ltr'><strong>τε</strong></span> <span class='ocrx_word' id='word_1_801' title='bbox 2674 4644 2769 4696; x_wconf 73' lang='grc' dir='ltr'>καὶ</span> <span class='ocrx_word' id='word_1_802' title='bbox 2797 4644 3110 4715; x_wconf 77' lang='grc' dir='ltr'>διορίζεται,</span> <span class='ocrx_word' id='word_1_803' title='bbox 3136 4644 3213 4708; x_wconf 84' lang='grc' dir='ltr'>ὡς</span> <span class='ocrx_word' id='word_1_804' title='bbox 3241 4644 3306 4698; x_wconf 82' lang='grc' dir='ltr'>ἂν</span> <span class='ocrx_word' id='word_1_805' title='bbox 3334 4645 3464 4709; x_wconf 75' lang='grc' dir='ltr'>πᾶν,</span> <span class='ocrx_word' id='word_1_806' title='bbox 3488 4645 3627 4713; x_wconf 81' lang='grc' dir='ltr'>ὅπερ</span> <span class='ocrx_word' id='word_1_807' title='bbox 3651 4640 3737 4696; x_wconf 68' lang='grc' dir='ltr'><strong>ἐπὶ</strong></span> <span class='ocrx_word' id='word_1_808' title='bbox 3762 4639 3852 4703; x_wconf 64' lang='grc' dir='ltr'><strong>τοὶς</strong></span> 
     </span>
    </p>
   </div>
   <div class='ocr_carea' id='block_1_110' title="bbox 2312 4726 3852 4809">
    <p class='ocr_par' dir='ltr' id='par_1_110' title="bbox 2312 4726 3852 4809">
     <span class='ocr_line' id='line_1_110' title="bbox 2312 4726 3852 4809; baseline -0.005 -19"><span class='ocrx_word' id='word_1_809' title='bbox 2312 4732 2551 4809; x_wconf 79' lang='grc' dir='ltr'>σήμερον</span> <span class='ocrx_word' id='word_1_810' title='bbox 2581 4755 2654 4789; x_wconf 86' lang='grc' dir='ltr'><strong>πα</strong></span> <span class='ocrx_word' id='word_1_811' title='bbox 2666 4737 2731 4808; x_wconf 69' lang='grc' dir='ltr'><strong>ρὰ</strong></span> <span class='ocrx_word' id='word_1_812' title='bbox 2760 4738 2869 4790; x_wconf 81' lang='grc' dir='ltr'><strong>τῶν</strong></span> <span class='ocrx_word' id='word_1_813' title='bbox 2902 4738 3283 4808; x_wconf 88' lang='grc' dir='ltr'>μοναστηρίων</span> <span class='ocrx_word' id='word_1_814' title='bbox 3313 4734 3699 4808; x_wconf 78' lang='grc' dir='ltr'>κατεχομένοις</span> <span class='ocrx_word' id='word_1_815' title='bbox 3726 4732 3755 4803; x_wconf 74' lang='grc' dir='ltr'>ἢ</span> <span class='ocrx_word' id='word_1_816' title='bbox 3783 4726 3852 4783; x_wconf 67' lang='grc' dir='ltr'><strong>ἐπ’</strong></span> 
     </span>
    </p>
   </div>
   <div class='ocr_carea' id='block_1_111' title="bbox 2310 4824 3852 4901">
    <p class='ocr_par' dir='ltr' id='par_1_111' title="bbox 2310 4824 3852 4901">
     <span class='ocr_line' id='line_1_111' title="bbox 2310 4824 3852 4901; baseline -0.007 -17"><span class='ocrx_word' id='word_1_817' title='bbox 2310 4833 2498 4894; x_wconf 72' lang='grc' dir='ltr'>αὑταῖς</span> <span class='ocrx_word' id='word_1_818' title='bbox 2525 4833 2642 4893; x_wconf 80' lang='grc' dir='ltr'>ταῖς</span> <span class='ocrx_word' id='word_1_819' title='bbox 2672 4830 2967 4901; x_wconf 81' lang='grc' dir='ltr'>καθέδραις</span> <span class='ocrx_word' id='word_1_820' title='bbox 2997 4831 3106 4883; x_wconf 84' lang='grc' dir='ltr'><strong>τῶν</strong></span> <span class='ocrx_word' id='word_1_821' title='bbox 3138 4830 3518 4899; x_wconf 84' lang='grc' dir='ltr'>μοναστηρίων</span> <span class='ocrx_word' id='word_1_822' title='bbox 3546 4828 3709 4898; x_wconf 78' lang='grc' dir='ltr'>νοηθῇ</span> <span class='ocrx_word' id='word_1_823' title='bbox 3739 4824 3852 4890; x_wconf 78' lang='grc' dir='ltr'>ὑπὲρ</span> 
     </span>
    </p>
   </div>
   <div class='ocr_carea' id='block_1_112' title="bbox 2313 4914 3854 4994">
    <p class='ocr_par' dir='ltr' id='par_1_112' title="bbox 2313 4914 3854 4994">
     <span class='ocr_line' id='line_1_112' title="bbox 2313 4914 3854 4994; baseline -0.006 -17"><span class='ocrx_word' id='word_1_824' title='bbox 2313 4926 2402 4977; x_wconf 74' lang='grc' dir='ltr'>τοῦ</span> <span class='ocrx_word' id='word_1_825' title='bbox 2437 4925 2702 4994; x_wconf 80' lang='grc' dir='ltr'>δημοσίου</span> <span class='ocrx_word' id='word_1_826' title='bbox 2738 4924 2892 4994; x_wconf 78' lang='grc' dir='ltr'>παρὰ</span> <span class='ocrx_word' id='word_1_827' title='bbox 2924 4942 3101 4989; x_wconf 86' lang='grc' dir='ltr'>τινος,</span> <span class='ocrx_word' id='word_1_828' title='bbox 3136 4924 3168 4993; x_wconf 86' lang='grc' dir='ltr'>ἢ</span> <span class='ocrx_word' id='word_1_829' title='bbox 3205 4921 3299 4977; x_wconf 83' lang='grc' dir='ltr'><strong>νῦν</strong></span> <span class='ocrx_word' id='word_1_830' title='bbox 3330 4923 3363 4993; x_wconf 80' lang='grc' dir='ltr'><strong>ἢ</strong></span> <span class='ocrx_word' id='word_1_831' title='bbox 3396 4922 3717 4993; x_wconf 84' lang='grc' dir='ltr'>δτεδήποτε,</span> <span class='ocrx_word' id='word_1_832' title='bbox 3747 4914 3854 4972; x_wconf 75' lang='grc' dir='ltr'>αὐτὸ</span> 
     </span>
    </p>
   </div>
   <div class='ocr_carea' id='block_1_113' title="bbox 2312 5013 3852 5087">
    <p class='ocr_par' dir='ltr' id='par_1_113' title="bbox 2312 5013 3852 5087">
     <span class='ocr_line' id='line_1_113' title="bbox 2312 5013 3852 5087; baseline -0.001 -18"><span class='ocrx_word' id='word_1_833' title='bbox 2312 5018 2469 5071; x_wconf 83' lang='grc' dir='ltr'>τοῦτο</span> <span class='ocrx_word' id='word_1_834' title='bbox 2496 5018 2869 5087; x_wconf 76' lang='grc' dir='ltr'>δεδωρημένον</span> <span class='ocrx_word' id='word_1_835' title='bbox 2896 5018 3208 5086; x_wconf 75' lang='grc' dir='ltr'>λογίζεσθαι</span> <span class='ocrx_word' id='word_1_836' title='bbox 3233 5018 3299 5087; x_wconf 79' lang='grc' dir='ltr'>τῇ</span> <span class='ocrx_word' id='word_1_837' title='bbox 3333 5015 3469 5086; x_wconf 80' lang='grc' dir='ltr'>μονῇ</span> <span class='ocrx_word' id='word_1_838' title='bbox 3491 5031 3505 5047; x_wconf 79' lang='grc' dir='ltr'><strong>ο</strong></span> <span class='ocrx_word' id='word_1_839' title='bbox 3536 5013 3635 5069; x_wconf 71' lang='grc' dir='ltr'>καὶ</span> <span class='ocrx_word' id='word_1_840' title='bbox 3663 5013 3765 5084; x_wconf 62' lang='grc' dir='ltr'>ἅμα</span> <span class='ocrx_word' id='word_1_841' title='bbox 3786 5023 3852 5068; x_wconf 82' lang='grc' dir='ltr'><strong>τις</strong></span> 
     </span>
    </p>
   </div>
   <div class='ocr_carea' id='block_1_114' title="bbox 2315 5104 3854 5178">
    <p class='ocr_par' dir='ltr' id='par_1_114' title="bbox 2315 5104 3854 5178">
     <span class='ocr_line' id='line_1_114' title="bbox 2315 5104 3854 5178; baseline -0.003 -18"><span class='ocrx_word' id='word_1_842' title='bbox 2315 5108 2469 5160; x_wconf 83' lang='grc' dir='ltr'>τοῦτο</span> <span class='ocrx_word' id='word_1_843' title='bbox 2498 5108 2841 5178; x_wconf 87' lang='grc' dir='ltr'>διανοήσεταί</span> <span class='ocrx_word' id='word_1_844' title='bbox 2866 5126 2927 5163; x_wconf 91' lang='grc' dir='ltr'><strong>τε</strong></span> <span class='ocrx_word' id='word_1_845' title='bbox 2958 5110 3051 5163; x_wconf 75' lang='grc' dir='ltr'>καὶ</span> <span class='ocrx_word' id='word_1_846' title='bbox 3082 5107 3397 5177; x_wconf 70' lang='grc' dir='ltr'>φθέγξεται,</span> <span class='ocrx_word' id='word_1_847' title='bbox 3428 5106 3524 5159; x_wconf 79' lang='grc' dir='ltr'>καὶ</span> <span class='ocrx_word' id='word_1_848' title='bbox 3550 5104 3710 5168; x_wconf 72' lang='grc' dir='ltr'>εὐθὺς</span> <span class='ocrx_word' id='word_1_849' title='bbox 3733 5105 3854 5157; x_wconf 74' lang='grc' dir='ltr'>ἀντι·</span> 
     </span>
    </p>
   </div>
   <div class='ocr_carea' id='block_1_115' title="bbox 2314 5193 3846 5271">
    <p class='ocr_par' dir='ltr' id='par_1_115' title="bbox 2314 5193 3846 5271">
     <span class='ocr_line' id='line_1_115' title="bbox 2314 5193 3846 5271; baseline -0.021 -1"><span class='ocrx_word' id='word_1_850' title='bbox 2314 5200 2543 5271; x_wconf 70' lang='grc' dir='ltr'><strong>λήψεται</strong></span> <span class='ocrx_word' id='word_1_851' title='bbox 2585 5198 2749 5252; x_wconf 72' lang='grc' dir='ltr'><strong>αὑτοῦ</strong></span> <span class='ocrx_word' id='word_1_852' title='bbox 2794 5202 2828 5270; x_wconf 78' lang='grc' dir='ltr'><strong>ἡ</strong></span> <span class='ocrx_word' id='word_1_853' title='bbox 2881 5199 3044 5270; x_wconf 73' lang='grc' dir='ltr'>μονὴ,</span> <span class='ocrx_word' id='word_1_854' title='bbox 3090 5200 3165 5263; x_wconf 87' lang='grc' dir='ltr'>ὡς</span> <span class='ocrx_word' id='word_1_855' title='bbox 3217 5200 3457 5269; x_wconf 85' lang='grc' dir='ltr'>σήμερον</span> <span class='ocrx_word' id='word_1_856' title='bbox 3501 5193 3846 5267; x_wconf 80' lang='grc' dir='ltr'>δεδωρημένου</span> 
     </span>
    </p>
   </div>
   <div class='ocr_carea' id='block_1_116' title="bbox 2315 5274 3851 5362">
    <p class='ocr_par' dir='ltr' id='par_1_116' title="bbox 2315 5274 3851 5362">
     <span class='ocr_line' id='line_1_116' title="bbox 2315 5274 3851 5362; baseline -0.004 -19"><span class='ocrx_word' id='word_1_857' title='bbox 2315 5291 2487 5362; x_wconf 80' lang='grc' dir='ltr'>ταύτῃ</span> <span class='ocrx_word' id='word_1_858' title='bbox 2529 5289 2679 5360; x_wconf 73' lang='grc' dir='ltr'>παρὰ</span> <span class='ocrx_word' id='word_1_859' title='bbox 2718 5291 2816 5359; x_wconf 81' lang='grc' dir='ltr'>τῆς</span> <span class='ocrx_word' id='word_1_860' title='bbox 2862 5290 3140 5359; x_wconf 81' lang='grc' dir='ltr'>βασιλείας</span> <span class='ocrx_word' id='word_1_861' title='bbox 3188 5305 3313 5359; x_wconf 86' lang='grc' dir='ltr'>μου.</span> <span class='ocrx_word' id='word_1_862' title='bbox 3338 5285 3504 5341; x_wconf 81' lang='grc' dir='ltr'>’Ὀσον</span> <span class='ocrx_word' id='word_1_863' title='bbox 3546 5288 3657 5355; x_wconf 79' lang='grc' dir='ltr'>γὰρ</span> <span class='ocrx_word' id='word_1_864' title='bbox 3696 5274 3851 5351; x_wconf 67' lang='grc' dir='ltr'><strong>ὲφόἷς</strong></span> 
     </span>
    </p>
   </div>
   <div class='ocr_carea' id='block_1_117' title="bbox 2316 5370 3852 5454">
    <p class='ocr_par' dir='ltr' id='par_1_117' title="bbox 2316 5370 3852 5454">
     <span class='ocr_line' id='line_1_117' title="bbox 2316 5370 3852 5454; baseline -0.007 -17"><span class='ocrx_word' id='word_1_865' title='bbox 2316 5384 2606 5454; x_wconf 78' lang='grc' dir='ltr'>κατέχουσι</span> <span class='ocrx_word' id='word_1_866' title='bbox 2643 5384 2733 5437; x_wconf 79' lang='grc' dir='ltr'>νῦν</span> <span class='ocrx_word' id='word_1_867' title='bbox 2773 5385 3086 5454; x_wconf 77' lang='grc' dir='ltr'>ἀκινήτοις,</span> <span class='ocrx_word' id='word_1_868' title='bbox 3122 5370 3253 5451; x_wconf 68' lang='grc' dir='ltr'>περὶ</span> <span class='ocrx_word' id='word_1_869' title='bbox 3284 5374 3359 5434; x_wconf 83' lang='grc' dir='ltr'>ὧν</span> <span class='ocrx_word' id='word_1_870' title='bbox 3392 5378 3713 5447; x_wconf 78' lang='grc' dir='ltr'>διαγνώσεις</span> <span class='ocrx_word' id='word_1_871' title='bbox 3741 5371 3852 5441; x_wconf 78' lang='grc' dir='ltr'>ὑπὲρ</span> 
     </span>
    </p>
   </div>
   <div class='ocr_carea' id='block_1_118' title="bbox 2318 5466 3855 5546">
    <p class='ocr_par' dir='ltr' id='par_1_118' title="bbox 2318 5466 3855 5546">
     <span class='ocr_line' id='line_1_118' title="bbox 2318 5466 3855 5546; baseline -0.005 -18"><span class='ocrx_word' id='word_1_872' title='bbox 2318 5480 2411 5529; x_wconf 79' lang='grc' dir='ltr'>τοῦ</span> <span class='ocrx_word' id='word_1_873' title='bbox 2445 5475 2705 5546; x_wconf 85' lang='grc' dir='ltr'>δημοσίου</span> <span class='ocrx_word' id='word_1_874' title='bbox 2738 5476 2836 5528; x_wconf 70' lang='grc' dir='ltr'>οὐκ</span> <span class='ocrx_word' id='word_1_875' title='bbox 2865 5474 3057 5528; x_wconf 76' lang='grc' dir='ltr'>ἔλαϐον</span> <span class='ocrx_word' id='word_1_876' title='bbox 3088 5476 3155 5529; x_wconf 82' lang='grc' dir='ltr'>τὰ</span> <span class='ocrx_word' id='word_1_877' title='bbox 3190 5472 3582 5545; x_wconf 75' lang='grc' dir='ltr'>προγραφέντα</span> <span class='ocrx_word' id='word_1_878' title='bbox 3619 5466 3855 5543; x_wconf 68' lang='grc' dir='ltr'>μοναστή’</span> 
     </span>
    </p>
   </div>
   <div class='ocr_carea' id='block_1_119' title="bbox 2323 5554 3853 5637">
    <p class='ocr_par' dir='ltr' id='par_1_119' title="bbox 2323 5554 3853 5637">
     <span class='ocr_line' id='line_1_119' title="bbox 2323 5554 3853 5637; baseline -0.007 -17"><span class='ocrx_word' id='word_1_879' title='bbox 2323 5586 2431 5637; x_wconf 89' lang='grc' dir='ltr'>ρια,</span> <span class='ocrx_word' id='word_1_880' title='bbox 2463 5568 2717 5636; x_wconf 83' lang='grc' dir='ltr'>δημόσιον</span> <span class='ocrx_word' id='word_1_881' title='bbox 2746 5568 2994 5637; x_wconf 76' lang='grc' dir='ltr'>βούλεται</span> <span class='ocrx_word' id='word_1_882' title='bbox 3023 5568 3055 5636; x_wconf 80' lang='grc' dir='ltr'>ἡ</span> <span class='ocrx_word' id='word_1_883' title='bbox 3086 5566 3334 5636; x_wconf 88' lang='grc' dir='ltr'>βασιλεία</span> <span class='ocrx_word' id='word_1_884' title='bbox 3363 5581 3464 5634; x_wconf 86' lang='grc' dir='ltr'><strong>μου</strong></span> <span class='ocrx_word' id='word_1_885' title='bbox 3493 5561 3787 5631; x_wconf 77' lang='grc' dir='ltr'>λογίζεσθαι</span> <span class='ocrx_word' id='word_1_886' title='bbox 3809 5554 3853 5605; x_wconf 78' lang='grc' dir='ltr'>ἓν</span> 
     </span>
    </p>
   </div>
   <div class='ocr_carea' id='block_1_120' title="bbox 2320 5655 3856 5728">
    <p class='ocr_par' dir='ltr' id='par_1_120' title="bbox 2320 5655 3856 5728">
     <span class='ocr_line' id='line_1_120' title="bbox 2320 5655 3856 5728; baseline -0.007 -17"><span class='ocrx_word' id='word_1_887' title='bbox 2320 5660 2548 5712; x_wconf 74' lang='grc' dir='ltr'>ἕκαστον</span> <span class='ocrx_word' id='word_1_888' title='bbox 2578 5659 2781 5712; x_wconf 83' lang='grc' dir='ltr'>τούτων</span> <span class='ocrx_word' id='word_1_889' title='bbox 2813 5660 2956 5711; x_wconf 83' lang='grc' dir='ltr'>κατὰ</span> <span class='ocrx_word' id='word_1_890' title='bbox 2995 5659 3157 5728; x_wconf 80' lang='grc' dir='ltr'>μόνον</span> <span class='ocrx_word' id='word_1_891' title='bbox 3187 5657 3246 5711; x_wconf 77' lang='grc' dir='ltr'>τὸ</span> <span class='ocrx_word' id='word_1_892' title='bbox 3280 5657 3425 5725; x_wconf 71' lang='grc' dir='ltr'>ἔχειν</span> <span class='ocrx_word' id='word_1_893' title='bbox 3459 5657 3520 5709; x_wconf 85' lang='grc' dir='ltr'><strong>τδ</strong></span> <span class='ocrx_word' id='word_1_894' title='bbox 3553 5655 3856 5708; x_wconf 79' lang='grc' dir='ltr'>ἁδιάσειστον</span> 
     </span>
    </p>
   </div>
   <div class='ocr_carea' id='block_1_121' title="bbox 2326 5736 3856 5821">
    <p class='ocr_par' dir='ltr' id='par_1_121' title="bbox 2326 5736 3856 5821">
     <span class='ocr_line' id='line_1_121' title="bbox 2326 5736 3856 5821; baseline -0.007 -13"><span class='ocrx_word' id='word_1_895' title='bbox 2326 5756 2415 5808; x_wconf 69' lang='grc' dir='ltr'>καὶ</span> <span class='ocrx_word' id='word_1_896' title='bbox 2459 5752 2533 5821; x_wconf 82' lang='grc' dir='ltr'>μὴ</span> <span class='ocrx_word' id='word_1_897' title='bbox 2573 5752 2896 5815; x_wconf 67' lang='grc' dir='ltr'>ὑπόὑδενος</span> <span class='ocrx_word' id='word_1_898' title='bbox 2938 5748 3344 5821; x_wconf 76' lang='grc' dir='ltr'>ἁνακρίνεσθαι.</span> <span class='ocrx_word' id='word_1_899' title='bbox 3389 5747 3499 5802; x_wconf 74' lang='grc' dir='ltr'><strong>Καὶ</strong></span> <span class='ocrx_word' id='word_1_900' title='bbox 3536 5746 3596 5801; x_wconf 80' lang='grc' dir='ltr'>δν</span> <span class='ocrx_word' id='word_1_901' title='bbox 3631 5736 3856 5811; x_wconf 77' lang='grc' dir='ltr'>τρόπονὸ</span> 
     </span>
    </p>
   </div>
   <div class='ocr_carea' id='block_1_122' title="bbox 3317 5890 3327 5925">
    <p class='ocr_par' dir='ltr' id='par_1_122' title="bbox 3317 5890 3327 5925">
     <span class='ocr_line' id='line_1_122' title="bbox 3317 5890 3327 5925; baseline 0 0"><span class='ocrx_word' id='word_1_902' title='bbox 3317 5890 3327 5925; x_wconf 70' lang='grc' dir='ltr'><strong>ί</strong></span> 
     </span>
    </p>
   </div>
  </div>
