3952 6328
594 145 692 206 733

1828 152 2207 212 MANUELIE'
2242 152 2583 212 COMNENI

3695 152 3787 206 740

594 273 812 330 cuperet
843 278 904 316 ac
935 270 1169 332 optaret,
1204 264 1468 319 neminem
1492 279 1611 317 esse
1639 265 1738 318 sub
1763 265 1878 333 ejus
1907 265 2154 333 imperio,

2271 265 2465 333 μηδένα
2531 267 2629 332 μὲν
2660 259 2800 314 εἶναι
2841 261 2929 313 τὸν
2984 264 3333 331 ἀδικούμενον
3367 265 3472 316 ὑπὸ
3519 265 3612 333 τὴν
3635 267 3785 332 αὐτῆς

592 354 682 404 cui
718 353 809 406 liat
843 354 1071 421 injuria;
1107 355 1190 408 vel
1221 355 1265 408 si
1304 355 1404 408 hoc
1437 355 1655 408 confieri
1687 365 1938 424 nequeat,
1966 356 2154 409 saltem

595 457 665 496 nc
723 444 756 495 ii
811 439 1086 510 segniores
1147 444 1665 513 negligentioresque
1723 445 1894 500 forent
1953 446 2155 497 nefaria

597 534 1074 597 counnittentilms,
1114 537 1162 586 in
1211 535 1568 604 exsequenda
1606 536 1852 588 laesorum
1896 535 2152 596 vindicta,

595 625 682 689 qui
727 624 940 675 adeam
987 627 1325 688 sumendam,
1373 625 1439 678 ab
1492 624 1832 690 imperatoria
1882 625 2157 690 majestate

595 723 717 764 sunt
754 714 1052 766 constituti.
1095 714 1199 768 Sed
1230 731 1349 768 cum
1381 715 1492 783 jam
1535 716 1716 768 videat
1749 717 2049 782 complures
2072 715 2157 768 .ab

595 819 754 857 avara
792 804 1096 872 iujustaque
1125 822 1282 859 manu
1310 807 1599 869 vulnerari,
1636 809 1758 858 dum
1791 804 2156 873 ademptiones

595 906 946 965 agrorum-et
987 898 1229 950 villarum
1281 900 1686 967 perpetiuntur,
1730 896 1954 964 aliisque
2000 895 2158 948 rebus

595 983 927 1051 spoliantur;
984 999 1046 1038 ac
1095 985 1286 1038 deinde
1339 993 1598 1052 perpetuo
1645 985 1972 1053 judiciorum
2017 982 2154 1036 ostia

599 1075 835 1144 puISant,
867 1077 1111 1144 citraque
1141 1074 1371 1128 fructum
1423 1076 1586 1127 ullum
1621 1083 1830 1142 tempus
1877 1082 2073 1135 terunt,
2104 1081 2159 1144 et

597 1141 953 1231 praeterquam
988 1141 1125 1231 quod
1155 1164 1222 1217 ab
1246 1165 1326 1219 eis
1357 1165 1489 1216 nihil
1520 1166 1635 1234 opis
1665 1174 1714 1217 et
1736 1141 1929 1215 auxilii
1963 1141 2158 1223 ferant,

599 1249 760 1305 etiam
815 1251 964 1321 pejus
1011 1263 1168 1322 atque
1229 1255 1475 1308 acerbius
1527 1255 1693 1324 plagis
1741 1261 1796 1307 et
1849 1253 2158 1306 verberibus

597 1342 912 1404 multantur,
943 1352 997 1394 et
1032 1342 1310 1412 iniustitiae
1358 1342 1513 1398 [ωερε
1554 1343 1676 1397 inde
1708 1343 1982 1403 hauriunt,
2023 1342 2159 1393 unde

597 1431 894 1485 vindictam
920 1433 1175 1500 consequi
1204 1433 1511 1500 sperabant.
1543 1433 1800 1502 (Etenim,
1834 1441 1891 1484 ut
1925 1429 2160 1483 Solomo-

601 1524 686 1576 nis
718 1522 895 1576 verbis
923 1533 1064 1588 utar,
1095 1522 1203 1576 vidi
1241 1523 1576 1591 iniquitatem
1603 1523 1700 1576 sub
1726 1521 1857 1584 sole,
1887 1519 2157 1573 hominem

2263 357 2634 424 ἐπικράτειαν
2672 358 2718 407 εἰ
2741 356 2785 407 δ’
2817 351 2927 420 οὖν,
2952 356 3085 408 ά).λά
3114 358 3187 424 μὴ
3221 357 3626 426 ῥᾳθυμοτέρως
3663 355 3789 410 εἶναι

2258 446 2471 498 τῶν·τά
2489 449 2778 515 παράνομα
2807 447 3054 514 δρώντων
3087 449 3213 515 περὶ
3255 447 3353 515 τὴν
3381 447 3487 499 τῶν
3518 448 3788 516 ἀδικουμέ-

2257 551 2362 586 νων
2388 534 2662 602 ἐκδίκησιν
2692 535 2811 595 τοὺς
2831 536 2905 595 εἰς
2926 536 3091 602 αὐτὴν
3117 536 3479 604 τεταγμένους
3521 538 3665 604 παρά
3699 538 3785 605 τῆς

2260 619 2533 686 βασιλείας
2567 638 2687 688 μου.
2723 621 2856 672 Νυνὶ
2883 622 2938 672 δέ
2967 623 3190 684 πολὶοϋς
3215 624 3397 692 δρῶσα
3425 624 3784 692 πλεονεκτικῆς

2258 709 2436 777 χειρὸς
2503 709 2598 760 xui
2649 710 2831 761 ἀδίκου
2888 714 3225 780 τραυματίας
3283 714 3644 781 γινομένους,
3705 717 3786 767 xui

2257 800 2442 868 ἀγρῶν
2491 802 2806 868 ἀφαιρέσεις
2836 803 2925 852 xui
2953 805 3268 871 οἰκημάτων
3321 805 3688 873 ὑπομένοντας
3713 808 3790 858 καὶ

2259 893 2600 960 πραγμάτων
2645 892 2819 944 ἄλλων
2857 895 3378 964 ἀποστερουμένους,
3411 896 3606 949 ἔπειτα
3648 897 3788 970 θυρο-

2259 980 2560 1042 κοποῦντας
2615 981 2874 1050 διηνεκῶς
2911 982 2977 1033 τά
3032 983 3356 1053 δικαστήρια
3418 987 3510 1040 xui
3534 1004 3793 1056 χρονοτρι-

2258 1071 2486 1132 σοῦντας
2548 1073 2809 1139 ἀνήνυτα,
2856 1075 2948 1124 xui
3008 1074 3139 1141 πρὸς
3163 1075 3223 1127 τὸ
3283 1077 3554 1145 μηδεμιᾶς
3603 1079 3793 1130 ἐκεῖθεί

2260 1158 2555 1227 θεραπείας
2585 1147 2965 1229 ἐπιτυγχάνειν
2999 1164 3079 1226 είς
3106 1163 3167 1215 τὸ
3194 1166 3374 1233 χεῖρόν
3403 1182 3461 1217 τε
3486 1166 3580 1219 xui
3627 1166 3795 1234 ὀδυνη-

2262 1250 2480 1318 ρότερον
2536 1255 2656 1315 ταῖς
2727 1254 2958 1322 πληγαῖς
3035 1254 3480 1325 ἐπιξαινομένους
3515 1300 3530 1323 ,
3592 1261 3682 1312 xui
3716 1259 3795 1310 τδν

2257 1341 2485 1410 τρυγίαν
2538 1342 2788 1394 ἐντεῦθεν
2833 1343 2932 1412 τῆς
2967 1345 3176 1407 ἀδικίας
3203 1347 3658 1417 ἀπορῤοφῶντας,
3685 1348 3793 1400 ἔνθα

2257 1435 2438 1502 τυχεῖν
2463 1433 2562 1501 τῆς
2597 1435 2925 1504 ἐκδικήσεως
2954 1435 3179 1506 ἤλπιζον
3204 1456 3217 1468 ο
3251 1439 3345 1490 xui
3371 1439 3481 1508 γάρ
3512 1439 3578 1490 ἵν’
3617 1438 3720 1507 ἐρῶ
3744 1438 3796 1489 τὺ

2258 1523 2351 1573 τοῦ
2399 1522 2762 1591 Σολομῶντος,
2839 1520 2992 1576 Εἶδον
3056 1527 3284 1595 ἀνομίαν
3339 1527 3443 1580 ὑπὸ
3501 1527 3592 1580 τὸν
3641 1528 3795 1598 ἥλιον,

598 1612 805 1666 scilicet
858 1611 1162 1675 mortalem,
1219 1613 1274 1664 in
1318 1611 1462 1664 litem
1518 1609 1874 1663 immortalem
1928 1607 2156 1676 lapsum,

2271 1611 2546 1681 Ξνθρωπον
2588 1613 2781 1682 θνητὸν
2837 1614 3088 1684 ἀθανάτῳ
3141 1617 3270 1690 δίκῃ
3297 1618 3686 1698 περιπεσόντα,
3713 1627 3798 1671 καὶ

600 1716 825 1770 eamque
854 1703 998 1756 velut
1047 1703 1414 1765 hereditatem
1464 1701 1752 1771 quamdam
1790 1698 2064 1765 patritam,
2093 1695 2159 1747 ad

603 1778 811 1846 tertiani
865 1807 1258 1862 smpenumero,
1321 1805 1673 1860 quartanique
1733 1789 2159 1857 generationem,

604 1883 889 1951 nepotibus
913 1883 1025 1936 suis
1045 1882 1389 1935 successione
1413 1879 1640 1947 quadam
1664 1877 2159 1943 transmittentem.)

605 1973 703 2026 llic
735 1987 885 2042 ergo,
925 1987 1020 2026 ceu
1067 1973 1263 2026 dictum
1300 1982 1406 2033 est,
1449 1986 1569 2024 cum
1612 1984 1725 2024 mea
1763 1969 2016 2036 maiestas
2043 1966 2162 2019 ani-

604 2063 979 2128 madverteret,
1012 2062 1180 2117 doluit
1213 2061 1301 2116 illa
1331 2063 1569 2130 quidem,
1598 2075 1694 2114 ceu
1719 2075 1812 2137 par
1841 2069 1978 2122 erat,
2010 2058 2079 2111 ob
2097 2071 2160 2109 ea

604 2167 723 2221 quae
754 2154 962 2216 tierent,
995 2163 1051 2207 et
1083 2168 1331 2222 magnam
1360 2153 1539 2205 animo
1567 2152 1864 2205 molestiam
1906 2149 2160 2218 percepit,

608 2246 680 2297 uti
711 2241 1169 2311 qumjudiciorum
1203 2243 1577 2312 negligentiam
1610 2242 1872 2311 culparet,
1905 2255 1968 2292 ac
2004 2239 2162 2292 mise-

609 2334 836 2388 rit-ordia
887 2343 1200 2400 tangeretur
1253 2333 1322 2387 ob
1371 2334 1796 2400 desperationem
1833 2345 2019 2384 eorum
2073 2329 2162 2396 qui

546 2489 556 2499 .
605 2425 888 2478 laeduntur.
948 2422 1184 2493 Ideoque
1239 2438 1334 2492 pro
1380 2424 1585 2476 viribus
1631 2423 2069 2490 circumspiciens
2101 2420 2166 2472 de

609 2516 732 2568 mali
767 2514 929 2582 huius
970 2515 1323 2575 correctione,
1373 2515 1708 2581 pessimaque
1752 2512 2161 2579 sustinentibus,

606 2613 860 2670 quantum
889 2617 1015 2658 sane
1037 2611 1228 2670 potest,
1259 2603 1602 2664 subreniens,
1634 2602 1846 2654 tandem
1891 2601 1956 2652 ad
1987 2599 2167 2664 dispo-

609 2696 854 2748 sitionem
885 2693 1140 2761 deinceps
1179 2692 1518 2760 apericndam
1562 2690 1814 2758 respexit.

680 2786 730 2839 1.
760 2784 972 2838 Iudices
1015 2794 1092 2836 ter
1144 2783 1372 2852 qualibet
1412 2782 1696 2848 septimana
1731 2780 1911 2831 debere
1951 2777 2038 2845 jus
2084 2777 2167 2828 di-

609 2891 739 2929 rere.
784 2873 914 2926 Nam
953 2875 1018 2925 ab
1057 2873 1314 2924 hodierno
1362 2869 1448 2922 die
1497 2868 1608 2921 vult
1660 2881 1754 2920 eos
1801 2867 1893 2934 qui
1944 2866 2168 2933 singulis

613 2966 666 3016 in
705 2963 919 3031 iudiciis
955 2976 1286 3016 assessortun
1309 2959 1480 3014 cilicio
1527 2959 1676 3026 fungi
1713 2959 1928 3021 debent,
1961 2969 2016 3010 et
2047 2973 2164 3011 enm

610 3053 800 3120 judicii
832 3053 1059 3123 praeside
1098 3066 1290 3106 causas
1318 3065 1644 3120 cognoscere
1669 3049 1948 3103 ordinatos
1987 3063 2048 3103 ac
2077 3049 2174 3102 de-

616 3145 840 3199 stinatos
895 3156 1037 3206 esse,
1091 3143 1224 3196 alios
1276 3142 1485 3209 quidem
1523 3141 1589 3192 ad
1629 3139 1753 3205 hoc,
1787 3141 1920 3194 alios
1958 3154 2084 3192 vero
2106 3125 2171 3191 ad

618 3233 742 3289 illud
777 3232 1048 3287 tribunal:
1090 3245 1156 3284 ne
1189 3231 1439 3284 omnibus
1500 3229 1702 3298 pariter
1743 3233 1806 3280 ad
1841 3243 2003 3280 unmu
2045 3243 2172 3281 con-

609 3323 994 3398 igenientibus,
1054 3323 1256 3390 reliqua
1312 3336 1526 3375 cessare
1587 3323 1900 3387 contingat,
1961 3329 2174 3386 propter

615 3415 913 3468 absentiam
946 3429 1161 3476 eorum,
1195 3415 1282 3480 qui
1309 3413 1416 3481 juri
1448 3413 1680 3466 dicundo
1708 3420 1959 3479 przcsmit.
2003 3411 2174 3478 Atque

619 3509 720 3560 hoc
743 3505 903 3560 modo
933 3519 1047 3559 mos
1073 3506 1235 3556 etiam
1265 3505 1351 3558 ille
1377 3504 1612 3567 tolletur,
1649 3502 1737 3570 qui
1773 3518 1910 3554 nunc
1947 3501 2171 3562 obtinet,

619 3603 675 3645 ut
709 3606 801 3660 per
842 3592 1120 3646 intervalla
1145 3591 1233 3658 jus
1256 3592 1452 3645 dicant.
1484 3590 1690 3658 Quippe
1714 3594 1865 3643 nobis
1895 3591 2083 3655 placet,
2119 3599 2178 3641 ut

619 3684 754 3736 citra
790 3683 952 3735 ullam
982 3683 1382 3735 excusationem
1423 3693 1502 3734 ter
1553 3683 1604 3733 in
1648 3682 1882 3748 qualibet
1917 3683 2176 3746 septima-

622 3790 685 3826 na
710 3772 796 3840 jus
826 3773 1006 3826 dicant
1052 3773 1245 3838 singuli
1291 3773 1612 3839 judiciorum
1671 3774 1940 3838 prmsides,
1985 3786 2181 3824 conve-

626 3862 901 3915 nientibus
933 3861 998 3914 ad
1029 3876 1122 3914 eos
1161 3862 1265 3914 illis
1290 3861 1577 3930 iudicibus,
1613 3863 1702 3928 qni
1749 3862 1848 3913 sub
1889 3863 1966 3913 eis
2004 3872 2128 3914 sntit
2163 3875 2177 3912 :

624 3962 675 4003 ct
706 3950 812 4003 reis
847 3951 1137 4008 incumbat,
1169 3950 1306 4001 ut‘in
1329 3949 1544 4014 judiciis
1578 3951 1677 4002 sub
1706 3951 2006 4002 necessaria
2047 3965 2180 4017 prae-

624 4042 852 4094 statione
877 4039 979 4092 doli
1015 4040 1134 4091 mali
1161 4048 1525 4110 compareant,
1557 4053 1655 4092 nec
1698 4039 1960 4110 tantisper
1984 4040 2180 4101 absint,

623 4134 790 4185 donec
841 4145 1003 4184 causa
1061 4129 1204 4181 ﬁnita
1254 4131 1432 4193 fuerit,
1494 4109 1535 4182 si
1591 4130 1805 4197 quidem
1863 4132 2076 4181 interim
2127 4140 2182 4182 et

2262 1705 2466 1776 ταύτην
2531 1707 2716 1778 ῶσπερ
2781 1707 2899 1760 τινά
2951 1708 3151 1778 κλῆρον
3184 1710 3438 1779 πατρῷον
3493 1714 3573 1774 είς
3629 1712 3799 1781 τρίτην

2262 1799 2519 1860 πολλάκις
2557 1799 2651 1850 καὶ
2719 1801 2986 1869 τετάρτην
3015 1800 3207 1865 γενεὰν
3249 1805 3362 1862 τοῖς
3389 1802 3630 1868 ἐγγόνοις
3650 1803 3798 1854 αὑτοῦ

2261 1890 2402 1942 κατά
2454 1890 2705 1960 διαδοχὴν
2762 1889 3207 1958 παραπέμψαντα
3235 1909 3249 1922 ’
3309 1891 3478 1944 ταῦτα
3512 1894 3700 1954 τοίνυν,
3730 1893 3800 1954 ὼς

2263 1981 2497 2051 εἴρηται,
2538 1981 2875 2034 κατανοοῦσα
2904 1983 2936 2050 ἡ
2969 1980 3217 2050 βασιλεία
3262 2001 3389 2052 μου,
3459 1971 3658 2055 ἧλγησε
3689 1985 3795 2054 μὲν,

2261 2071 2335 2135 ὡς
2363 2073 2625 2135 είκδς,ἐπὶ
2655 2073 3110 2142 τοῖςγενομὲνοις
3136 2075 3229 2126 καὶ
3260 2075 3359 2144 τὴν
3386 2076 3564 2146 ψυχὴν
3596 2076 3797 2144 ἠνιάθη,

2264 2165 2629 2230 αἰτιασαμένη
2682 2165 2783 2230 μέν
2829 2165 2933 2234 τὴν
2998 2166 3108 2217 τῶν
3179 2165 3450 2232 δικαστῶν
3499 2168 3754 2237 ρᾳθυμίαν
3784 2207 3797 2227 ,

2264 2255 2650 2323 οίκτειρήσασα
2670 2254 2726 2306 δέ
2751 2253 2846 2306 xui
2873 2256 2998 2316 τοὺς
3017 2255 3403 2334 ἀδικουμένους
3440 2258 3539 2327 τῆς
3569 2258 3800 2325 ἀπογνώο

2268 2359 2425 2406 σεως.
2469 2343 2560 2396 Διὸ
2621 2345 2716 2396 καὶ
2762 2346 2903 2396 κατά
2967 2345 3027 2396 τὸ
3089 2346 3311 2399 δυνατὸν
3364 2347 3466 2417 τὴν
3513 2348 3602 2400 τοῦ
3646 2347 3801 2400 κακοῦ

2264 2434 2456 2487 τούτου
2497 2437 2909 2502 περισκοποῠσα
2949 2435 3259 2505 διόρθωσιν,
3325 2435 3420 2491 xui
3461 2442 3573 2503 τοῖς
3601 2441 3663 2492 τὰ
3696 2443 3803 2509 χεί-

2269 2540 2431 2594 ριστα
2494 2524 2761 2593 πάσχουσι
2815 2526 2953 2578 κατά
2995 2527 3055 2578 τὸ
3104 2526 3382 2596 ἐγχωροῦν
3443 2531 3798 2599 ἐπαμύνουσα,

2268 2615 2403 2682 πρὸς
2476 2612 2574 2683 τὴν
2638 2614 2832 2684 ἐφεξῆς
2924 2615 3298 2687 ῥηθησομένην
3356 2619 3661 2689 οἰκονομίαν
3709 2621 3801 2672 ἀπ-

2275 2703 2492 2772 έϐλεψε.
3324 2761 3335 2769 ,

2349 2795 2418 2848 α’.
2456 2797 2584 2849 Ὀτι
2635 2799 2951 2864 τρισσιὶκις
2993 2800 3255 2868 ἑκάστης
3295 2803 3618 2871 ἑϐδομάδος
3664 2804 3795 2872 ὀφεί-

2196 2924 2240 2983 C
2268 2891 2448 2939 ,ζουσι
2494 2887 2768 2947 δικάζειν.
2813 2889 3071 2941 Βούλεται
3117 2892 3224 2962 γάρ
3273 2896 3378 2946 ἀπὸ
3443 2898 3541 2963 τῆς
3589 2897 3799 2964 σήμερον

2271 2981 2395 3042 τοὺς
2412 2979 2497 3048 ἐφ’
2516 2981 2733 3049 ἑκάστῳ
2750 2981 3086 3052 δικαστηρίῳ
3115 2985 3484 3054 συνεδριάζειν
3513 2987 3802 3053 ὀφείλοντας

2273 3071 2368 3121 xui
2413 3071 2901 3138 συνδιαγνωμονεῖν
2948 3071 3026 3140 τῷ
3075 3074 3268 3128 τούτου
3308 3078 3684 3146 προϊσταμένῳ
3729 3093 3810 3127 τε·

2272 3161 2574 3228 ταγμένους
2623 3154 2760 3212 εἶναι
2805 3160 2896 3211 xui
2947 3160 3388 3232 ἀφωρισμένους,
3440 3170 3562 3227 τοὺς
3607 3166 3698 3233 μὲν
3733 3167 3809 3225 είς

2274 3249 2456 3314 τοῦτο,
2491 3252 2617 3312 τοὺς
2670 3250 2726 3303 δέ
2758 3252 2836 3314 είς
2885 3253 3060 3305 ἐκεῖνο
3099 3255 3156 3305 τὸ
3203 3255 3550 3324 δικαστήριον
3573 3296 3586 3319 ,
3625 3257 3706 3308 ἴνα
3738 3257 3808 3324 μὴ

2275 3341 2490 3394 πάντων
2515 3341 2593 3403 εἰς
2637 3341 2695 3393 ἒν
2756 3341 2897 3395 κατά
2940 3344 3138 3397 ταύτὸν
3180 3348 3584 3416 συνερχομένων
3638 3349 3808 3417 ἀργεῖν

2275 3427 2658 3496 ἐπιωμόαίνει
2689 3429 2756 3481 τὰ
2788 3430 2951 3482 λοιπά
2981 3431 3052 3484 δι’
3083 3433 3319 3502 ἐρημίαν
3339 3434 3446 3490 τῶν
3469 3435 3800 3499 δικαζόντων·

2278 3518 2421 3571 οὕτω
2450 3519 2506 3571 δέ
2532 3520 2626 3572 καὶ
2653 3521 2713 3571 τὸ
2740 3521 2836 3573 νῦν
2871 3522 3201 3592 ἐπικρατοῦν
3233 3522 3351 3586 ἔθος
3391 3527 3805 3594 περιαιρήσεται,

2279 3610 2340 3662 τὸ
2395 3614 2458 3663 ἐκ
2511 3611 2923 3680 διαλειμμάτων
2968 3613 3210 3676 δικάζειν
3241 3613 3458 3677 αὐτούς.
3489 3615 3809 3683 Εὑδοκοῦμεν

2281 3698 2387 3766 γάρ
2426 3701 2715 3768 τρισσάκις
2771 3700 3192 3767 ἀπροφασίστως
3243 3703 3371 3771 μιᾶς
3419 3704 3654 3774 ἑκάστης
3681 3705 3809 3756 ἐϐδο-

2284 3789 2448 3857 μάδος
2476 3788 2723 3855 δικάζειν¹
2753 3789 2981 3842 ἕκαστον
3022 3790 3128 3842 τῶν
3161 3792 3598 3861 προκαθημένων
3622 3795 3719 3846 τῶν
3741 3795 3809 3846 δι-

2283 3879 2617 3947 καστηρίων,
2649 3881 3055 3949 συνερχομένων
3090 3882 3223 3950 παρ’
3247 3883 3427 3945 αὐτοῖς
3460 3885 3569 3936 τῶν
3605 3884 3692 3937 ὑπ’
3727 3883 3808 3937 αὖ·

2281 3972 2393 4030 τοῖς
2432 3970 2719 4022 δικαστῶν.
2759 3970 3098 4021 Ἐπικεῖσθαι
3119 3971 3173 4022 δέ
3199 3972 3291 4024 xui
3323 3975 3434 4034 τοῖς
3485 3973 3808 4042 ἐναγομένοις

2284 4056 2528 4122 ἀνάγκην
2579 4055 2754 4107 διόλου
2819 4056 3194 4123 παραϐάλλειν
3229 4062 3286 4111 ἐν
3315 4063 3423 4121 τοῖς
3469 4061 3808 4130 δικαστηρίοις

2285 4149 2376 4198 καὶ
2413 4147 2486 4215 μὴ
2517 4146 3019 4215 ἀπολιμπάνεσθαι,
3049 4147 3244 4217 μέχρις
3278 4148 3342 4201 ἂν
3374 4153 3724 4220 ἐκπερατωθῇ
3752 4150 3808 4200 τὰ

625 4230 831 4272 actores
871 4230 1128 4286 perpetuo
1178 4225 1418 4283 urgeant,
1465 4225 1522 4268 ut
1549 4227 1853 4282 competens
1885 4217 2012 4280 ipsis
2039 4217 2169 4267 actio

2283 4235 2380 4303 τῆς
2407 4236 2737 4301 ὑποθέσεως,
2755 4239 2867 4304 εἴγε
2902 4239 3040 4300 τέως
3071 4240 3160 4291 καὶ
3189 4241 3238 4291 οί
3263 4241 3546 4307 ἐνάγοντες
3571 4242 3808 4311 διηνεκῶς

627 4309 924 4362 decidatur.
944 4306 1058 4360 Non
1088 4319 1266 4360 tamen
1293 4309 1400 4358 reis
1426 4321 1559 4372 opus
1573 4306 1699 4368 erit,
1727 4303 1908 4373 plures
1929 4304 2180 4356 adhibere

628 4400 932 4462 citationcs,
967 4408 1019 4453 et
1050 4415 1168 4467 qua:
1198 4399 1317 4452 data
1362 4411 1522 4464 opera
1561 4396 1782 4464 fatigent
1815 4405 2058 4459 actores;
2092 4395 2182 4448 sed

629 4502 746 4558 post
781 4490 1108 4543 oblationem
1145 4490 1332 4551 libelh,
1376 4503 1494 4542 cum
1523 4489 1791 4556 cognitum
1836 4486 2013 4550 luerit,
2041 4500 2182 4555 ηυδε»

629 4597 751 4634 nam
789 4582 839 4633 in
893 4596 954 4633 eo
1003 4582 1337 4633 contineatur
1387 4580 1548 4644 actio,
1589 4579 1632 4630 si
1668 4578 1757 4645 qui
1807 4578 2030 4630 fortasse
2078 4590 2183 4630 non

628 4672 1017 4737 obtemperant,
1080 4669 1115 4720 ii
1163 4683 1254 4736 per
1288 4669 1460 4721 edicta
1505 4669 1628 4729 tria,
1660 4682 1775 4734 qua:
1823 4673 2184 4733 praponantur

633 4763 697 4815 ad
747 4763 961 4828 triginta
1013 4763 1144 4823 dies,
1197 4761 1462 4823 citentur;
1497 4772 1550 4812 et
1584 4761 1847 4827 siquidem
1899 4761 2035 4811 intra
2076 4761 2186 4812 ha:c

631 4852 798 4923 Spatia
831 4867 888 4904 se
919 4867 1021 4903 non
1053 4852 1307 4916 stiterint,
1338 4851 1764 4904 condemnentur
1791 4849 2085 4902 secundum
2121 4863 2180 4899 ea

634 4958 752 5012 quae
792 4943 1079 4994 constituta
1121 4952 1243 4994 sunt
1288 4957 1315 4992 a
1370 4941 1667 4994 clarissimo
1715 4938 2006 5005 majestatis
2056 4952 2186 4988 mea:

637 5049 754 5096 aro,
787 5044 842 5086 et
898 5033 1064 5085 felicis
1124 5033 1391 5084 memoria:
1443 5030 1700 5098 principe,
1750 5029 1963 5080 domino
2010 5026 2187 5079 Leone

641 5123 908 5191 Sapicntc.
953 5126 1121 5188 Atque
1157 5123 1254 5175 hoc
1291 5124 1441 5173 modo
1475 5137 1594 5173 cum
1631 5121 1817 5186 quoxis
1864 5119 1945 5186 agi
1997 5118 2188 5170 debere

639 5214 940 5267 statuimus.

711 5403 766 5459 2.
805 5403 875 5456 De
908 5405 1186 5458 adfatu/is.
1229 5405 1484 5457 Pun-terea
1531 5407 1777 5472 majestas
1823 5422 1935 5458 mea
1985 5409 2187 5460 inlinita

647 5494 954 5566 garruiilnlc
1008 5500 1405 5561 atii’oeaiot‘utn,
1455 5515 1516 5549 ac
1570 5500 1720 5565 longa
1769 5499 2069 5552 eorumdcnt
2113 5502 2191 5553 iu-

2287 4323 2678 4374 ἐπισπεύδουσι
2709 4324 3003 4391 τιμηθῆναι
3034 4326 3129 4392 τὴν
3162 4329 3626 4396 προσαρμόσασαν
3649 4330 3808 4387 αὐτοῖς

2287 4413 2534 4480 ἀγωγήν.
2572 4414 2786 4465 Δεῖσθαι
2822 4415 3000 4482 μέντοι
3033 4418 3158 4478 τοὺς
3201 4418 3560 4486 ἐναγομένους
3594 4421 3684 4472 xui
3717 4420 3806 4470 6:1-

2289 4501 2624 4567 μηνυμάτων
2645 4502 2763 4569 οὐχὶ
2782 4503 2985 4570 συχνῶν
3017 4507 3108 4556 xui
3134 4506 3572 4574 κατατριὸόντων
3589 4507 3806 4577 ἐπίτηδες

2285 4589 2410 4650 τοὺς
2443 4589 2760 4654 ἐνάγοντας,
2798 4590 2929 4640 ἀλλά
2981 4592 3116 4656 μετά
3147 4593 3247 4661 τὴν
3289 4592 3380 4646 τοῦ
3409 4593 3652 4648 λισέλλου
3687 4596 3807 4647 δόσιν

2287 4680 2381 4731 xui
2416 4681 2514 4748 τὴν
2545 4679 2748 4748 εἴδησιν
2780 4685 2877 4746 τῆς
2911 4681 3029 4732 κατ’
3064 4681 3225 4734 αὐτὸν
3256 4685 3561 4755 φερομένης
3593 4686 3806 4752 ἀγωγῆς.

2288 4767 2343 4820 εἴ
2371 4785 2512 4830 τινες
2555 4767 2684 4830 ἴσως
2716 4769 2996 4820 ἀπειθοῦσι
3028 4810 3043 4834 ,
3083 4775 3258 4840 τρισὶν
3292 4775 3489 4837 αὐτοὺς
3553 4774 3806 4845 τριακονθ-

2285 4860 2512 4929 ημέροις
2536 4860 2816 4912 καλεῖσθαι
2877 4865 3273 4932 προγράμμασι
3297 4879 3308 4892 ⁸
3342 4866 3436 4917 xui
3480 4869 3528 4918 εί
3581 4868 3652 4936 μὴ
3683 4866 3806 4922 ἐντὸς

2289 4949 2466 5001 αὐτῶν
2499 4950 2891 5017 ἀπαντήσουσι,
2920 4953 3371 5015 καταδικάζεσθιι
3394 4957 3699 5019 ἀκολούθως
3719 4958 3806 5012 τοῖς

2289 5039 2703 5106 νομοθετηθεῖσι
2751 5041 2899 5108 παρά
2943 5041 3036 5093 τοῦ
3069 5044 3313 5112 ἀοιδίμου
3355 5045 3582 5098 πάππου
3617 5051 3708 5116 τῆς

2291 5130 2492 5192 σιλςίας
2526 5147 2647 5200 μου,
2696 5131 2789 5182 xui
2851 5132 2944 5182 τοῦ
2994 5137 3297 5204 μακαρίτου
3335 5137 3599 5206 βασιλέως
3646 5138 3804 5206 κυρίου

2299 5220 2523 5280 Λέοντος
2554 5220 2647 5270 τοῦ
2682 5221 2866 5287 σοφοῦ.
2923 5224 3029 5273 Καὶ
3076 5225 3244 5277 ταῦτα
3286 5231 3380 5297 μὲν
3421 5229 3564 5282 οὕτω
3595 5229 3802 5296 γίνεσθαι

2290 5312 2709 5378 eumn/4120a.

2364 5413 2426 5483 β’.
2470 5416 2604 5482 Περὶ
2645 5421 3018 5483 σιννηγιγων.
3058 5419 3208 5469 Ἐπεὶ
3240 5420 3295 5470 δὲ
3346 5421 3438 5472 καὶ
3482 5425 3546 5490 τῇ
3573 5439 3678 5473 των
3706 5435 3804 5472 ουν·

2301 5502 2517 5570 ηγόρων
2565 5504 2996 5570 ἀΤΞρΊλ“ιτοἶ’-ῢ”ίίᾉ
3053 5508 3142 5555 καὶ
3181 5509 3247 5573 τῇ
3305 5509 3470 5574 πο).λῇ
3517 5511 3713 5562 τούτων
3740 5509 3803 5555 ἐν·
