3952 6328
601 303 701 366 7ίῖ

1776 338 1778 340 τ
1839 296 2242 360 ιιΑΝυιωδ
2277 296 2624 377 causam

3735 302 3834 367 748

603 420 855 475 butiones
883 417 950 472 ad
981 430 1177 473 causas
1204 416 1344 487 pias,
1367 416 1435 471 ad
1466 414 1855 473 consolatrices
1876 418 2181 472 animorum

2287 406 2640 486 μεθαΎοῦν,
2677 418 2806 472 ὅταν
2852 419 3206 490 ἰπιτροπικαὶ
3244 418 3492 474 τοιαῦται
3550 421 3837 494 διοικήσεις

602 510 1058 576 dispensationes,
1111 517 1166 562 et
1210 510 1278 564 ad
1326 508 1679 580 pupillorum,
1721 507 2087 578 impuberum,
2119 521 2182 560 ac

602 617 899 672 pauperum
929 603 1282 668 educationes
1305 609 1361 656 et
1389 601 1646 656 alimenta
1679 601 1904 657 tendunt
1929 616 1944 653 :
1971 597 2183 653 nullum

604 696 658 748 in
701 695 782 750 eis
826 694 1006 748 locum
1039 692 1341 763 iudiciariae
1379 692 1688 758 dilationes,
1717 691 2186 760 et-proveuieutes

604 788 729 844 inde
765 786 1026 855 temporis
1059 786 1430 841 extractiones
1452 786 1706 840 habeant.
1736 781 1869 837 Nam
1906 782 2034 836 hinc
2057 795 2187 836 cou-

606 880 747 947 tigit,
781 887 838 933 ut
870 877 1250 934 defunctorum
1285 877 1480 931 animis
1509 875 1658 929 fraus
1688 872 1801 937 flat,
1839 881 2004 942 utque
2041 872 2186 939 leges

603 972 673 1027 ad
731 974 930 1026 bonum
973 980 1027 1025 et
1065 970 1348 1024 utilitatem
1389 967 1524 1022 adeo
1566 965 1838 1038 pulbicam
1881 963 2023 1029 latae,
2052 977 2187 1016 con-

604 1064 824 1118 trariam
873 1063 928 1116 in
982 1072 1193 1132 partem
1249 1059 1555 1114 flectantur.
1605 1055 1719 1112 Non
1770 1055 1914 1110 enim
1967 1069 2181 1124 :equum

604 1156 859 1224 majestas
887 1170 1005 1209 mea
1039 1161 1246 1220 censet,
1277 1160 1336 1207 ut
1361 1167 1482 1222 qua:
1517 1150 1693 1206 series
1723 1157 1776 1203 et
1806 1149 1941 1204 ordo
1963 1146 2184 1216 reliquis

605 1248 658 1302 in
686 1246 911 1315 judiciis
945 1245 1176 1310 obtinet,
1220 1245 1274 1300 in
1321 1243 1408 1298 his
1436 1242 1599 1296 etiam
1632 1248 1925 1308 usurpetur
1954 1257 1969 1292 :
1995 1252 2181 1292 verum

603 1350 664 1393 nt
693 1338 960 1407 ejusmodi
985 1352 1272 1392 causarum
1296 1333 1682 1389 controversia:
1711 1332 1893 1386 statim
1920 1330 2182 1384 dirimano

605 1438 715 1495 tur,
753 1441 859 1481 non
891 1424 1167 1480 offerendo
1201 1424 1442 1480 libellum
1482 1423 1576 1478 sed
1621 1419 1689 1475 ad
1732 1430 1865 1486 tres,
1902 1429 1996 1474 aut
2035 1433 2182 1474 sum-

605 1533 750 1575 nmm
803 1527 1041 1588 quatuor
1085 1517 1224 1580 dies,
1280 1514 1646 1569 insinuatione
1705 1513 1782 1569 rei
1832 1510 2178 1580 porrigenda.

605 1610 811 1677 Quippe
840 1607 883 1662 si
917 1607 1058 1661 nulla
1087 1606 1374 1673 judiciaria
1402 1605 1588 1658 dilatio
1611 1601 2180 1684 admittatur,’jurium

603 1699 800 1764 cuique
827 1694 1246 1764 competentiam
1287 1705 1514 1749 examen
1557 1691 1893 1757 instituetur,
1921 1699 1976 1745 et
2005 1693 2181 1745 amba:

602 1797 786 1857 partes
840 1787 976 1841 citra
1028 1784 1190 1858 ullam
1240 1779 1786 1854 procrastinationem
1837 1782 2178 1848 citabuntur,

602 1888 765 1944 atque
800 1876 869 1932 ab
898 1873 1091 1929 iisdem
1134 1874 1403 1943 exigetur,
1429 1882 1488 1926 ut
1508 1886 1631 1941 quae
1661 1887 1756 1940 pro
1782 1886 1840 1925 se
1870 1869 2049 1925 facere
2076 1886 2178 1940 pn-

603 1976 741 2032 tent,
765 1967 819 2020 in
854 1966 1088 2020 medium
1127 1971 1449 2034 proponant.
1481 1960 1574 2016 Sic
1595 1963 1887 2032 perexiguo
1911 1969 2178 2033 tempore,

600 2067 728 2130 puta
768 2071 1011 2111 mensem
1033 2057 1099 2108 ad
1127 2070 1326 2117 unum,
1361 2053 1444 2108 vel
1482 2053 1737 2118 alterum,
1765 2067 1825 2106 se
1852 2051 2180 2121 porrigente,

600 2155 762 2215 prout
786 2145 952 2216 jndici
982 2143 1156 2197 visum
1207 2141 1392 2208 fuerit,
1427 2156 1513 2196 res
1544 2141 1596 2196 in
1628 2142 2055 2195 controversiam
2083 2141 2180 2194 de-

600 2240 761 2294 ducta
803 2233 1145 2295 convenienti
1182 2235 1390 2288 ratione
1422 2231 1711 2286 dirimetur
1739 2250 1754 2284 :
1789 2231 1996 2301 legibus
2030 2231 2194 2305 scili-_

599 2339 688 2386 cet
739 2328 810 2383 iis
855 2327 1031 2381 locum
1075 2324 1536 2392 stabilitatemque
1585 2337 1738 2376 suam
1799 2321 2181 2389 retinentibus,

601 2431 940 2491 quacunque
971 2430 1075 2470 non
1113 2415 1297 2469 statim
1334 2421 1457 2482 post
1485 2411 1726 2467 defuncti
1759 2423 2013 2479 mortem,
2055 2427 2182 2469 suc-

599 2522 850 2564 cessares
874 2506 996 2576 ejus
1027 2506 1080 2561 in
1107 2505 1197 2575 jus
1231 2505 1374 2560 trahi
1404 2503 1603 2559 debere
1645 2512 1911 2568 statuunt,
1943 2505 2036 2562 sed
2060 2512 2184 2574 post

601 2600 812 2654 dierum
849 2597 1062 2665 aliquot
1111 2597 1396 2650 decursum
1421 2595 1925 2663 ;.quemadmodum
1969 2610 2036 2651 ea
2063 2611 2184 2666 quae

603 2694 710 2746 huc
737 2691 1028 2752 pertinent,
1079 2687 1242 2741 latius
1271 2687 1328 2740 in
1356 2686 1606 2742 Basilicis
1638 2687 1753 2757 (2-1)
1783 2688 1996 2743 sancita
2030 2699 2183 2743 sunt.

601 2781 757 2849 Quod
789 2781 833 2834 si
867 2787 1188 2848 procurator
1223 2779 1291 2832 ad
1318 2775 1611 2832 dilationes
1656 2792 1718 2833 se
1749 2787 2068 2835 convertere
2098 2781 2186 2836 vi-

600 2887 697 2930 sus
739 2872 923 2935 fuerit,
960 2882 1016 2926 et
1044 2869 1420 2937 deprehensus
1465 2871 1537 2923 sit
1568 2869 1621 2924 in
1661 2871 1971 2937 huiusmodi
2020 2873 2183 2931 rebus

602 2980 761 3036 agere
805 2977 1111 3034 perperam,
1161 2963 1228 3016 ad
1271 2961 1795 3031 procrastinatioues
1838 2978 1959 3018 sese
1992 2963 2185 3021 confe-

2285 507 2629 578 πρόκεινται,
2679 509 2776 563 καὶ
2819 511 2900 572 εἰς
2944 497 3186 573 εὐσεϐεῖς
3213 509 3395 574 αἰτίας
3439 510 3712 581 διανομαὶ,
3745 512 3838 565 καὶ

2283 599 2420 668 πρὸς
2447 599 2687 669 ψυχικὰς
2714 600 3025 671 οἰκονομίας
3045 601 3143 655 καὶ
3172 601 3451 671 ὀρφανῶν,
3475 601 3758 671 ἀφηλίκων
3782 619 3838 656 τε

2285 693 2381 747 καὶ
2430 694 2680 762 πανήτων
2719 695 3012 763 άναγωγὰς
3045 693 3151 747 ,καὶ
3202 692 3498 763 διατροφὰς
3550 694 3835 755 τείνουσαι,

2287 783 2365 853 μὴ
2398 782 2587 854 χώραν
2632 784 2778 854 ἔχειν
2820 786 2878 839 ιν
2905 769 3132 847 ταύταις
3174 785 3301 848 τοὺς
3329 783 3440 838 τῶν
3479 783 3837 854 δικαστηρίων

2284 875 2737 947 ὑπσρδιδασμοὺς
2789 877 2885 930 καὶ
2925 875 3026 940 τὰς
3066 872 3320 930 εντεῦθεν
3372 876 3836 945 χροωτριὸήσεις.

2282 967 2586 1040 Συμδαίνει
2625 967 2734 1040 γὰρ
2782 967 3036 1022 ἑντεῦθεν
3079 966 3178 1031 τὰς
3207 967 3316 1021 τῶν
3344 967 3721 1022 τελευτώντων
3749 965 3838 1036 ζη-

2286 1058 2544 1129 μιοῦσθαι
2573 1059 2774 1129 ψυχὰς,
2805 1059 2902 1112 καὶ
2933 1059 3060 1121 τοὺς
3086 1058 3175 1123 ἐπ’
3210 1058 3403 1129 ἀγαθῷ
3445 1059 3544 1112 καὶ⁵
3573 1059 3726 1128 κοινῇ
3755 1057 3838 1108 λυ-

2285 1151 2522 1223 σιτελτίᾳ
2555 1151 2650 1204 τοῦ
2681 1151 2880 1214 παντὸς
2907 1150 3168 1214 τεθέντας
3207 1153 3408 1223 νόμους
3432 1153 3513 1214 εἰς
3539 1149 3838 1203 τούναντίον

2283 1240 2688 1312 περιίστασθαι.
2728 1241 2861 1294 esse
2890 1240 3001 1312 γὰρ
3049 1241 3258 1294 δίκαιον
3295 1241 3470 1312 κρίνει
3524 1243 3558 1312 ἠ
3604 1239 3839 1310 βασιλεία

2285 1348 2389 1401 μου
2442 1333 2543 1401 τὴν
2582 1331 2678 1386 ἐπὶ
2723 1333 2837 1392 τοῖς
2865 1331 3073 1395 λοιποῖς
3112 1331 3487 1402 δικαστηρίοις
3539 1329 3838 1401 κρατοῦσαν

2281 1421 2604 1498 ἀκολουθίαν
2653 1421 2749 1475 καὶ
2805 1422 2897 1474 ἐπὶ
2951 1422 3062 1483 τοῖς
3119 1420 3385 1484 τοιούτοις
3443 1419 3837 1481 πολιτεύεσθαι,

2280 1509 2421 1565 ἀλλὰ
2451 1511 2550 1574 τὰς
2575 1509 2670 1563 ἐπὶ
2691 1513 2812 1575 ταῖς
2844 1511 3128 1574 τοιαύταις
3165 1512 3492 1565 ὑποθέσεσιν
3521 1512 3840 1582 ἀμφιωλίας

2281 1603 2616 1657 ἀπεντεῦθεν
2661 1602 2910 1666 λύεσθαι,
2941 1604 3020 1674 μὴ
3069 1603 3318 1656 necnon
3366 1603 3668 1674 διδομένου,
3699 1603 3841 1673 εἰδη-

2284 1681 2424 1755 σειιῖς
2449 1693 2506 1745 δὲ
2539 1693 2866 1764 τριημέρου,
2895 1693 2928 1764 ἢ
2965 1695 3061 1747 καὶ
3090 1697 3146 1758 tt;
3177 1693 3448 1765 τετάρτην
3494 1710 3839 1764 παρεκτεινο-

2284 1783 2472 1853 μένης.
2515 1784 2608 1853 Μή
2639 1801 2786 1848 τινος
2818 1785 2928 1856 γὰρ
2959 1786 3283 1855 δικαστικῆς
3335 1785 3683 1856 ὑπερθέσεως
3715 1786 3840 1838 ἑπα-

2282 1875 2563 1944 γομένης,ο
2581 1877 2616 1945 η
2647 1876 2758 1928 τῶν
2786 1876 3102 1944 προσόντων
3138 1878 3356 1946 ἑκάστῳ
3375 1875 3601 1929 δικαίων
3629 1875 3841 1945 γενήσε-

2281 1982 2367 2019 ται
2398 1953 2772 2030 κατεξέτασις,
2815 1967 2912 2021 καὶ
2942 1966 3418 2039 μετακληθήσεται
3452 1968 3547 2021 καὶ
3588 1966 3839 2040 ἄμφωετὰ

2287 2057 2432 2124 μέρη
2476 2056 2600 2126 δίχα
2651 2057 2801 2121 τινὸς
2833 2056 3237 2129 ὑπερημερίας,
3288 2059 3385 2112 καὶ
3414 2059 3839 2133 ἁπαετηθήστται

2283 2148 2520 2217 ἑκάτερα
2573 2148 2644 2203 τὰ
2701 2150 2845 2220 μέρη
2879 2148 2950 2203 τὰ
3000 2147 3265 2203 δοκοῦντα
3318 2136 3618 2203 συντείνειν
3673 2151 3840 2210 αὐτοῖς

2283 2239 2711 2309 προϐάλλεσθαι,
2734 2239 2832 2294 καὶ
2852 2238 2998 2293 οὕτω
3029 2239 3098 2294 δι’
3123 2239 3306 2310 ὀλίγου
3346 2240 3564 2311 καιροῦ,
3602 2240 3841 2312 μηνιαίον

2283 2331 2446 2400 τυχὸν
2471 2330 2506 2400 ἢ
2541 2331 2636 2386 καὶ
2663 2333 2745 2394 εἰς
2775 2332 3030 2403 δεύτερον
3051 2333 3575 2403 παρεκτεινομένου,
3609 2332 3752 2386 κατὰ
3788 2332 3840 2384 ab

2284 2421 2444 2485 δόξαν
2489 2421 2567 2491 τῷ
2601 2420 2832 2494 δικαστῇ
2895 2424 3284 2496 προσήκουσαν
3329 2423 3536 2489 δέξαιτο
3587 2423 3741 2478 λύσιν
3786 2425 3840 2476 τὺ

2281 2513 2570 2584 άνακύψαν
2596 2513 2903 2584 ἀμφίϐολον
2925 2531 2941 2546 ³
2968 2515 3329 2587 τηρουμένων
3357 2516 3605 2586 δηλονότι
3632 2517 3741 2569 τῶν
3763 2516 3839 2569 νό-

2286 2622 2404 2676 μων
2439 2605 2533 2659 ἐπὶ
2558 2606 2658 2675 τῆς
2682 2605 2890 2669 οἰκείας
2916 2605 3082 2676 ῑδρας
3114 2608 3210 2663 καὶ
3241 2607 3598 2679 παγιότ-ητος,
3637 2609 3750 2663 ὅσοι
3775 2608 3843 2677 μὴ

2286 2698 2426 2769 μετὰ
2471 2697 2566 2776 τον
2606 2698 2702 2753 τοῦ
2760 2699 3185 2771 ταλευτήσαντος
3230 2699 3460 2756 θάνατον
3514 2701 3699 2766 εὐθὺς
3725 2700 3843 2761 τοὺς

2273 2789 2497 2844 ’ἐκείνου
2530 2788 2814 2860 διαδόχους
2863 2790 2946 2855 εἰς
2994 2776 3348 2862 δικαστήριον
3391 2791 3654 2846 ἕλκεσθαι
3689 2791 3843 2861 διορι-

2285 2879 2493 2946 ζονται,
2521 2879 2665 2935 ἀλλὰ
2694 2879 2835 2950 μετὰ
2883 2881 3246 2953 παραδρομὴν
3283 2883 3507 2954 ἡμερῶν
3535 2900 3714 2944 τινων,
3749 2899 3842 2935 κα-

2285 2972 2395 3036 θὼς
2444 2971 2514 3026 τά
2567 2973 2700 3044 περὶ
2750 2972 2959 3028 τούτων
3005 2973 3342 3044 πλατύτερον
3393 2975 3506 3039 τοῖς
3559 2974 3844 3045 βασιλικοῖς

600 3071 753 3120 rens,
783 3070 882 3110 nec
909 3056 962 3109 id
987 3069 1174 3125 agens,
1200 3052 1346 3122 quod
1379 3061 1610 3108 testator
1639 3053 1824 3124 jussit,
1853 3070 1883 3108 a
1913 3070 2178 3124 procura-

2284 3064 2655 3136 διηγόρευται.
2695 3065 2760 3120 Εἰ
2797 3063 2858 3119 δέ
2901 3078 2967 3136 γε
3004 3067 3035 3120 ό
3066 3067 3364 3133 ιπίτροπος
3407 3067 3490 3131 τίς
3534 3066 3846 3137 ὑπερθέσεις

599 3147 747 3202 tione
779 3159 963 3200 rerum
995 3143 1261 3210 defuncti,
1289 3150 1347 3198 et
1373 3142 1443 3198 ab
1483 3143 1955 3200 administratione
1999 3161 2181 3205 remo-

2284 3157 2479 3226 φανείη
2530 3157 2728 3228 χωρῶν
2775 3158 2872 3212 καὶ
2927 3157 3156 3216 τοιαῦτα
3206 3158 3496 3228 σκαιιυριῖιν
3549 3157 3844 3230 φωραθείη,

599 3237 850 3304 vehitur;
891 3250 1012 3306 quae
1051 3235 1270 3304 quidem
1313 3234 1628 3304 injungetur
1675 3234 1743 3290 iis
1779 3236 1976 3310 quibus
2010 3238 2181 3308 impe-

2284 3247 2538 3317 καὶπρὸς
2566 3248 3020 3321 ὑπερϐιδασμοὺς
3049 3252 3293 3321 χωρήσει
3342 3249 3419 3321 μὴ
3455 3250 3627 3305 ποιῶν
3667 3249 3844 3312 καθὼς

599 3338 748 3384 rator
794 3327 1043 3384 statuerit
1075 3341 1093 3383 :
1142 3328 1238 3380 aut
1268 3325 1598 3396 imperatore
1640 3324 1893 3382 fortassis
1929 3326 2178 3396 absente,

2284 3340 2309 3392 δ
2333 3339 2655 3410 διαθέμενος
2691 3340 2998 3408 διετάξατο,
3043 3342 3144 3411 τῆς
3187 3343 3494 3412 ἐπιτροπῆς
3524 3342 3620 3396 καὶ
3649 3343 3847 3395 οἰκονο-

596 3424 884 3503 praefectus
948 3423 1100 3478 urbis
1164 3417 1271 3477 una
1331 3436 1453 3477 cum
1515 3423 1876 3481 sanctissima:
1934 3425 2180 3483 ecclesiae

2285 3429 2415 3500 μίας
2435 3429 2558 3494 ,τῶν
2591 3431 2686 3487 τοῦ
2717 3431 3146 3502 τελευτήσαντος
3173 3431 3523 3501 πραγμάτων
3556 3449 3846 3502 usumin,-

596 3531 880 3572 meonomo
902 3530 1017 3569 rem
1037 3513 1182 3569 illam
1204 3512 1596 3583 dispensabunt
1610 3515 2136 3573 etadministrabunt
2159 3533 2178 3574 :

2284 3521 2509 3592 θήσεται
2533 3536 2549 3551 ⁸
2582 3521 2982 3592 ἀνατεθῄσιται
3021 3522 3080 3575 δὲ
3122 3521 3266 3592 αὕτη
3297 3517 3382 3586 οἷς
3422 3520 3492 3576 ἂν
3529 3522 3560 3575 δ
3599 3520 3846 3593 βασιλεὺς

517 3623 522 3628 ’
596 3609 775 3673 daturi
823 3605 1072 3661 notitiam
1125 3620 1316 3661 eorum
1360 3619 1483 3675 quae
1533 3605 1588 3659 in
1639 3606 1948 3676 huiusmodi
2003 3609 2181 3665 causis

2284 3611 2611 3681 διορίσηται,
2647 3611 2680 3682 ἢ
2712 3613 2904 3667 τούτου
2935 3613 3068 3677 tam;
3104 3610 3516 3684 ἀποδημοῦντος
3550 3613 3585 3673 ό
3622 3612 3723 3684 τῆς
3751 3614 3844 3666 πό-

595 3697 899 3766 gesserint,
943 3705 1064 3777 tam
1121 3695 1475 3765 imperatori,
1525 3709 1688 3765 quam
1747 3698 1868 3768 ejus
1923 3701 2181 3770 temporis

2284 3687 2420 3771 λεως
2463 3706 2706 3777 ἔπαρχος
2748 3707 2868 3775 ἁμα
2916 3708 2998 3778 τῷ
3041 3708 3143 3779 τῆς
3173 3703 3494 3779 ἁγιωτάτης
3528 3707 3843 3779 Ἑκκλησίας

596 3784 943 3840 sanctissimo
964 3783 1310 3852 patriarchae,
1331 3783 1378 3839 si
1406 3784 1635 3855 peregre
1660 3785 1963 3856 principem
1991 3791 2181 3846 abesse

2284 3797 2553 3869 οἰκονόμῳ
2592 3799 2695 3868 τὴν
2728 3799 2922 3864 τούτου
2958 3799 3280 3868 ποιήσονται
3326 3800 3645 3870 οἰκονομίαν
3673 3817 3732 3854 τε
3758 3802 3843 3852 καὶ

596 3873 898 3944 contingat,
932 3885 1032 3928 nec
1064 3873 1362 3929 secundum
1395 3873 1548 3945 ipsus
1577 3876 1900 3933 mandatum
1940 3879 2180 3936 defuncti

597 3961 853 4016 voluntas
887 3961 1111 4030 impleta
1144 3962 1330 4018 fuerit.

2287 3889 2577 3960 διοίκησιν,
2611 3889 2920 3958 ὀφείλοντος
2964 3890 3170 3960 ιῖδησιν
3221 3886 3428 3946 διδόναι
3456 3892 3691 3973 τῶν-ἰπὶ
3732 3893 3842 3952 ταῖς

2287 3978 2574 4041 τοιαύταις
2600 3977 2927 4032 ὑποθέσεσιν
2967 3979 3439 4051 οἰκονομουμένων
3459 3980 3542 4051 τῷ
3563 3981 3786 4052 βασιλεῖ,
3812 3980 3841 4048 ἢ

597 4055 675 4124 τῷ
698 4053 842 4106 κατὰ
867 4053 967 4124 τὴν
1001 4053 1216 4123 ἡμέραν
1251 4054 1544 4128 ἁγιωτάτῳ
1584 4058 1923 4131 πατριάρχῃ,
1955 4063 2008 4115 εἰ
2034 4062 2174 4138 τύχῃ
2203 4068 2298 4122 τὸν
2362 4069 2590 4140 βασιλέα
2634 4069 2916 4141 ἀπόδημον
2953 4065 3114 4136 εἶναι,
3155 4071 3250 4126 καὶ
3291 4072 3386 4145 μη
3417 4072 3561 4127 κατὰ
3621 4072 3843 4144 πρόστα-

599 4149 680 4214 ξιν
711 4145 879 4202 αὑτοῦ
905 4147 973 4201 τὰ
1024 4147 1112 4199 τοῦ
1164 4148 1592 4220 τελευτήσαντος
1626 4151 1978 4226 πληρωθῆναι
2009 4157 2316 4231 θελήματα.

667 4241 720 4295 8.
767 4241 844 4294 De
894 4240 1116 4308 ραηατίἱ
1169 4242 1466 4296 exactione.
1513 4241 1782 4298 Ceterum
1834 4249 1960 4314 quia
2007 4264 2217 4318 paena.

597 4349 814 4403 quoque
845 4332 1134 4401 scripturis
1172 4333 1390 4389 inserte
1423 4335 1492 4390 de
1533 4349 1809 4392 consensu
1851 4343 2178 4398 contrahen-

2357 4265 2429 4329 η’.
2467 4259 2607 4326 Περὶ
2639 4259 2986 4328 ,προστίμων
3026 4259 3426 4329 ἀπαιτήσεως.
3466 4262 3624 4318 Ἐπιί
3663 4264 3719 4319 δὲ
3760 4253 3844 4318 καὶ

2284 4347 2355 4402 τὰ
2377 4348 2662 4420 πρόστιμα
2675 4348 2747 4403 τὰ
2780 4350 2896 4411 τοῖς
2941 4349 3242 4422 ιγγράφοις
3286 4352 3611 4423 ἑντιθέμενα
3632 4357 3701 4422 ἐξ
3723 4357 3843 4426 δμο-

551 4424 555 4428 ’
599 4428 756 4492 tium,
793 4425 1060 4480 cautionis
1107 4439 1296 4490 causa,
1344 4434 1400 4479 et
1452 4425 1849 4483 observationis
1895 4441 2176 4499 pactorum

2284 4418 2470 4510 λογίας
2498 4418 2609 4494 τῶν
2651 4418 3143 4497 συναλλαττόντων
3175 4443 3245 4496 δι’
3268 4418 3576 4514 ἀσφάλειαν
3615 4418 3711 4502 καὶ
3744 4418 3844 4502 ἔω.

597 4527 1012 4580 convenlorunt,
1071 4515 1476 4581 inscribuntur;
1529 4517 1601 4572 ita
1644 4525 1706 4572 ut
1743 4518 1790 4572 is
1825 4522 1919 4590 qui
1962 4533 2181 4580 contra-

596 4622 743 4664 ctum
773 4609 988 4662 irritum
1007 4607 1202 4685 reddit,
1223 4609 1302 4662 eis
1327 4617 1605 4675 teneatur;
1628 4610 1849 4680 jamque
1873 4613 1975 4672 hoc
1999 4615 2178 4683 ipsum

595 4709 818 4764 prorsus
858 4695 909 4748 in
954 4694 1370 4748 desuetudinem
1418 4697 1572 4761 abiit,
1613 4697 1893 4766 judicibus
1938 4703 2026 4758 ubi
2068 4718 2177 4758 non

593 4787 899 4854 oportebat,
941 4785 1333 4838 humanitatem
1377 4786 1652 4840 declarare
1709 4791 2082 4858 studentibus,
2123 4805 2179 4849 et

595 4877 786 4931 alienis
811 4878 862 4929 in
885 4876 1283 4931 calamitatibus
1303 4877 1610 4932 semolliter
1637 4895 1700 4934 ac
1729 4883 1954 4939 remisse
1983 4899 2177 4952 geren-

594 4969 739 5022 tibus
769 4985 781 5020 :
822 4978 1040 5038 propter
1072 4969 1471 5021 aemulationem
1505 4972 1640 5040 ejus,
1676 4974 1818 5040 quod
1847 4973 2048 5030 bonum
2070 4987 2175 5045 est,

593 5074 648 5115 et
675 5062 740 5114 ad
771 5062 1065 5114 vindictam
1102 5061 1418 5115 aﬂectoruuti
1453 5064 1686 5132 injuriis,
1718 5068 2009 5122 statuimus
2035 5079 2091 5124 ut
2123 5081 2177 5125 et

593 5153 724 5222 ipsa:
754 5153 1086 5221 imperatorii
1109 5154 1271 5207 edicti
1301 5153 1816 5226 auctoritate,juxta
1845 5159 1952 5212 vim
1975 5159 2173 5228 legum,

590 5245 880 5314 exigantur
925 5262 939 5298 :
973 5245 1217 5313 adeoque
1262 5255 1458 5314 prater
1503 5246 1625 5312 has,
1661 5249 1826 5314 etiam
1863 5248 2094 5314 fructus,
2120 5260 2177 5305 et

590 5350 754 5389 Omne
783 5337 924 5404 quod
951 5337 1198 5402 interest,
1224 5346 1276 5390 et
1301 5337 1427 5405 quid
1452 5338 1581 5407 quid
1604 5348 1687 5392 est
1711 5339 1858 5394 aliud
1881 5339 2171 5407 ejusmodi,

592 5443 768 5497 legum
802 5429 1282 5484 constitutionibus
1327 5441 1776 5485 consentaneum.
1830 5431 1970 5498 Qnin
2005 5443 2062 5488 et
2096 5435 2172 5499 vi,

592 5522 668 5575 vel
701 5531 870 5586 metu,
903 5522 985 5574 vel
1019 5536 1115 5590 per
1147 5525 1416 5592 rapinam,
1451 5523 1534 5579 vel
1565 5525 1632 5579 ab
1660 5524 1820 5579 aliter
1847 5525 2171 5596 delinquen-

2284 4531 2607 4602 ραφυλακὴν
2675 4532 2785 4586 τῶν
2848 4532 3381 4603 συμπεφωνημένων
3454 4536 3837 4606 ιγγράφονται,

2281 4620 2424 4674 ὥστε
2466 4621 2559 4673 τδν
2591 4619 2890 4674 άθετοῦντα
2921 4621 3134 4686 τούτοις
3178 4624 3500 4692 ὑποπεσεῖν,
3536 4626 3634 4681 νῦν
3662 4629 3722 4682 δὶ
3754 4628 3839 4681 καὶ

2278 4711 2440 4765 τοῦτο
2463 4713 2544 4774 εἰς
2570 4712 2812 4783 παντελῆ
2844 4711 3149 4783 ἀχρηστίαν
3193 4709 3381 4786 ἦλθεν,
3431 4714 3528 4770 ἅτε
3567 4718 3677 4772 τῶν
3696 4717 3839 4772 δικα-

2280 4801 2425 4855 στῶν
2452 4804 2539 4870 ἐφ’
2566 4797 2649 4864 οἷς
2675 4802 2735 4854 οὐ
2772 4802 2854 4854 δεῖ
2881 4802 3504 4875 φιλανθρωπευομένων,
3544 4807 3640 4859 καὶ
3661 4809 3720 4859 έν
3748 4806 3837 4859 ἄλο

2277 4894 2523 4965 λοτρίαις
2570 4895 2878 4962 συμφοραῖς
2928 4893 3381 4964 μαλακιζομένων
3423 4891 3532 4948 ’καὶ
3551 4896 3838 4966 χαυνουμέ-

2276 5002 2386 5038 νων
2412 5000 2427 5016 ·
2465 4984 2559 5037 ἐπὶ
2591 4983 2670 5054 τῷ
2712 4983 2808 5036 τοῦ
2848 4985 3017 5037 καλοῦ
3051 4985 3202 5056 ζήλῳ
3246 4986 3344 5040 καὶ
3387 4989 3452 5058 τῇ
3486 4986 3598 5040 τῶν
3631 4988 3838 5043 ἀδικου-

2279 5079 2460 5147 μένων
2486 5076 3134 5147 ὲκδικήσειδιοριζόμεθα
3183 5079 3276 5130 καί
3303 5076 3480 5132 ταῦτα
3498 5078 3841 5132 ἀπαιτεῖσθαι

2276 5166 2343 5217 ἐκ
2372 5164 2740 5233 παραϐάσεως
2775 5164 2922 5218 κατὰ
2963 5165 3064 5235 τὴν
3104 5164 3214 5218 τῶν
3246 5167 3432 5236 νόμων
3475 5165 3733 5236 δύναμιν,
3754 5167 3838 5218 ναὶ

2280 5253 2475 5319 μέντοι
2520 5254 2617 5308 καὶ
2656 5255 2906 5326 καρποὺς
2962 5256 3056 5308 καὶ
3100 5257 3212 5310 πᾶν
3257 5256 3544 5327 διαφέρον,
3581 5259 3689 5311 καὶ
3737 5257 3836 5310 πᾶν

2279 5343 2408 5400 ἄλλο
2434 5344 2678 5398 τοιοῦτον
2700 5344 3035 5410 ἀκολούθως
3074 5348 3195 5408 ταῖς
3232 5349 3492 5417 νομικοῖς
3519 5347 3834 5412 διατάξεων»

2279 5436 2416 5490 ἀλλὰ
2445 5439 2538 5489 καὶ
2567 5437 2634 5489 τὰ
2675 5437 2817 5490 κατὰ
2861 5437 2983 5507 βίαν
3015 5438 3052 5509 ἦ
3085 5438 3251 5507 φόϐον
3279 5439 3314 5509 ἢ
3350 5439 3614 5508 ἁρπαγὴν
3656 5440 3750 5493 καὶ
3775 5438 3837 5490 τὰ

2278 5526 2433 5596 παρὰ
2474 5528 2583 5581 τῶν
2613 5528 2791 5593 ἄλλως
2825 5529 3253 5598 ἁμαρτανόντων
3300 5529 3427 5600 μεθ’
3471 5530 3658 5586 ὃπλων
3685 5530 3719 5601 ἢ
3751 5531 3838 5582 καὶ

661 5698 772 5769 (9.1)
820 5698 936 5754 Lib;
994 5715 1150 5783 uin,
1188 5703 1271 5758 tit.
1315 5703 1375 5771 2,
1401 5718 1560 5776 quem
1595 5705 1841 5761 invenies
1883 5702 1933 5758 in
1983 5702 2139 5759 titulo
2175 5704 2392 5778 ecloges
2428 5702 2804 5774 Basilicarum,
2841 5707 2916 5763 De
2948 5708 3110 5765 debiti
3144 5707 3428 5780 petitione.
