3952 6328
647 336 755 401 751

1885 331 2286 394 MANUELIS
2327 321 2671 393 COMNENI
3801 334 3848 393 ’ἷὲ
3861 333 3885 390 ‘2

648 445 710 508 ﬁt
733 449 876 522 quod
905 448 955 503 in
989 447 1395 503 medicamentis
1425 460 1640 517 quoque
1673 442 1982 500 morborum
2016 454 2214 499 natura

2332 457 2428 494 κον
2499 441 2688 512 ἕτερον
2762 441 2971 514 ἑτέροις
3038 441 3375 512 κατάλληλον
3437 443 3574 513 πρὸς
3622 444 3742 507 ’τὰς
3797 447 3881 499 τῶν

651 541 1075 599 accommodatis
1105 539 1360 618 accidere
1389 538 1545 594 solet.
1579 537 1670 594 Sic
1715 536 1781 590 iis
1806 536 1899 606 qui
1925 546 2115 590 contra
2147 534 2230 589 las

652 632 919 687 vulnerati
979 637 1130 694 sunt,
1173 635 1230 682 et
1269 627 1464 698 quibus
1519 640 1711 680 manus
1752 627 1884 679 dura
1931 624 2116 695 plagas
2148 622 2230 676 in-

653 726 809 790 ﬂixit,
840 726 1102 792 optimum
1146 727 1232 777 est
1261 718 1620 784 medicamen,
1650 726 1710 772 ut
1753 716 1946 784 injuria
1975 715 2101 770 mali
2129 715 2230 766 im-

649 819 845 873 merito
887 814 1073 891 inﬂicti
1130 820 1437 881 reparetur.
1485 810 1768 877 Quomodo
1808 817 1987 861 autem
2017 805 2230 874 justitia

645 911 874 980 ejusque
899 909 1045 963 socia
1070 908 1155 962 lex
1181 911 1376 962 contra
1425 903 1750 974 injustiliam
1782 906 1944 970 atque
1973 899 2232 967 iniquita-

647 1012 753 1056 tem
783 1000 842 1055 in
895 1013 1114 1055 arenam
1173 1012 1294 1052 cum
1351 1011 1446 1067 spe
1491 994 1729 1050 victoriae
1756 992 2102 1055 descendent,
2139 991 2226 1044 ubi
2265 1023 2270 1028 ν

647 1093 883 1150 tribunal
919 1092 1028 1148 fere
1053 1105 1270 1160 semper
1292 1091 1424 1158 ipsis
1455 1086 1731 1142 occlusum
1759 1085 1826 1138 ab
1861 1083 2008 1136 aditu
2043 1081 2227 1150 prohi-

643 1191 756 1254 bet,
791 1187 946 1258 quasi
987 1187 1061 1238 ita
1109 1183 1226 1240 dies
1284 1180 1404 1235 festi
1440 1177 1682 1235 sanctius
1729 1173 2079 1232 colerentur?
2123 1175 2230 1228 Aut

646 1281 791 1339 enim
837 1277 1212 1348 aegrotandum
1248 1275 1470 1327 vulnera
1502 1270 1804 1332 exulcerat,
1833 1266 2006 1336 frigus
2034 1280 2098 1319 ac
2127 1265 2226 1320 do-

616 1375 788 1426 iores
827 1382 1048 1438 augens,
1087 1376 1179 1420 aut
1210 1365 1276 1420 iis
1323 1363 1418 1433 qui
1451 1361 1772 1432 injustitiam
1825 1357 2228 1426 amplectuntur

642 1463 807 1528 favet,
836 1460 1154 1529 dierumque
1194 1456 1511 1511 feriatarum
1556 1452 1726 1507 otium
1760 1450 1964 1520 explet.
2008 1446 2222 1502 Etenim

643 1554 862 1609 Davidis
917 1550 1062 1621 regis
1101 1559 1159 1605 et
1202 1545 1391 1618 proavi
1437 1545 1650 1599 cantico
1705 1541 2133 1596 misericordiam
2162 1553 2227 1593 ac

634 1647 898 1717 judicium
927 1641 1303 1712 conjungentis
1334 1638 1544 1700 audito.
1568 1637 1816 1696 videmus
1849 1633 2019 1687 Deum
2046 1633 2224 1687 minus

643 1739 876 1809 gaudere
909 1736 1150 1805 hymnis,
1205 1732 1537 1786 carminibus
1580 1729 1806 1799 ipsoque
1837 1726 1984 1783 cultu
2015 1724 2222 1790 divino,

640 1830 818 1902 qualis
853 1829 1042 1882 diebus
1076 1825 1229 1880 festis
1273 1823 1449 1894 palam
1478 1821 1808 1899 celebratur.
1843 1817 1977 1885 Hoc,
2011 1829 2068 1872 et
2093 1817 2221 1872 illud

641 1940 717 1979 vae
759 1923 814 1979 in
845 1911 1136 1989 Evangelia
1166 1917 1521 1987 respiciamus
1570 1915 1713 1984 quod
1747 1911 1998 1966 Salvator
2026 1910 2216 1965 mundi

635 2022 825 2068 contra
852 2010 1154 2064 Pliaristeos
1202 2005 1511 2076 hypocritas
1554 2017 1761 2070 nosque
1793 2002 1942 2071 ipsos
1977 2015 2221 2072 pronun-

638 2105 759 2170 tiat,
791 2103 880 2172 qui
912 2102 1016 2155 sub
1039 2101 1219 2169 specie
1255 2097 1518 2152 festorum
1571 2097 1672 2150 rite
1700 2096 2036 2164 agendorum
2068 2095 2221 2148 mali-

638 2195 896 2265 gnitatem
929 2191 1198 2245 internum
1223 2187 1630 2250 abscondimus,
1659 2185 1919 2254 judicium
1954 2199 2019 2240 ac
2051 2185 2218 2239 misc-

640 2283 925 2341 ricordiam
980 2293 1262 2350 perperam
1303 2277 1456 2347 juxta
1501 2285 1784 2346 ponentes.
1835 2273 1951 2329 Huc
2007 2276 2219 2330 accedit

635 2377 780 2446 quod
808 2371 1125 2427 Ambacumi
1155 2369 1519 2439 prophetiam,
1547 2367 1793 2436 religiose
1816 2380 2078 2421 venerans
2102 2366 2218 2422 dies

636 2468 825 2530 festos,
858 2464 1048 2534 quales
1071 2478 1167 2515 vos
1199 2460 1414 2528 quidem
1440 2459 1750 2524 celebratis,
1785 2461 2215 2528 tergiversando,

637 2557 1011 2612 etconcioncs
1068 2562 1278 2608 vestras
1344 2551 1687 2605 abhorrendo
1728 2560 1911 2619 partes
1951 2551 2216 2621 gerendas

634 2667 738 2721 rgo
767 2645 989 2704 mutavi.
1043 2644 1100 2700 Si
1160 2644 1305 2699 enim
1335 2643 1583 2698 Salvator
1630 2653 1934 2696 armentum
1988 2642 2214 2698 Sabbali

635 2742 722 2795 die
752 2741 804 2794 in
834 2746 1052 2808 puteum
1102 2735 1378 2804 delapsum
1433 2734 1555 2788 inde
1591 2732 2006 2797 extrahendum,
2040 2747 2216 2803 neque

635 2846 765 2886 vero
791 2828 1086 2885 secundum
1129 2827 1262 2896 legis
1289 2826 1522 2895 rigorem
1555 2823 1719 2878 morti
1757 2823 2071 2879 tradendum
2096 2839 2216 2881 esse

634 2917 876 2987 praecipit
908 2933 922 2968 :
955 2923 1156 2982 quanto
1181 2914 1352 2981 magis
1384 2911 1681 2974 hominem,
1713 2912 1806 2980 qui
1844 2911 2030 2966 bestiae
2057 2912 2216 2985 longe

631 3007 879 3079 superior
907 3014 1014 3068 est,
1042 3006 1132 3073 qui
1157 3005 1364 3057 ratione
1385 3002 1663 3073 praeditus,
1686 3005 1774 3073 qui
1805 3003 1897 3058 Dei
1926 3005 2210 3074 imaginem

2329 533 2651 602 καμνόντων
2681 533 2951 598 διαθέσεις
2987 535 3502 605 μεταπὶαττόμενον
3527 556 3540 567 -
3572 540 3686 600 τοῖς
3715 555 3774 604 γε
3799 541 3884 608 μὴν

2330 627 2707 694 τραυματίαις
2755 625 2815 691 ἐξ
2845 626 3061 690 ἀδικίας
3083 628 3187 681 -καὶ
3221 621 3296 682 ὧν
3327 629 3359 698 ἡ
3403 628 3723 692 πλεονέκτις
3753 648 3883 682 κατε-

2329 716 2645 787 καυχὴσατο
2671 718 2793 787 χεὶρ
2827 720 2920 772 καὶ
2951 721 3167 780 πυκνὰς
3198 719 3382 783 αὐτοῖς
3418 719 3661 789 ἐπέθηκε
3698 721 3883 788 πληγάς

2329 825 2389 864 τε
2430 810 2521 863 καὶ
2563 810 2863 879 μώλωπας,
2912 812 3010 882 οὐχ
3058 812 3249 881 ἕτερον
3294 812 3514 875 πάντως
3551 814 3692 881 ῖαμα
3741 829 3882 881 προε-

2331 901 2631 968 φυέστατον
2695 903 2727 974 ἢ
2775 904 2834 955 τὸ
2869 903 3020 973 παρά
3063 903 3164 971 τῆς
3208 903 3518 967 εύθυδικίας
3547 905 3730 968 καλῶς
3765 904 3882 970 διορ-

2330 988 2573 1053 θοῦσεαι,
2613 990 2650 1045 ἃ
2679 992 2876 1054 κακῶς
2904 993 2985 1055 είς
3010 991 3211 1056 αὐτοὺς
3247 994 3669 1067 πεπαρῴνηται.
3713 997 3825 1056 Πῶς
3851 997 3881 1046 δ’

2329 1083 2397 1135 ἂν
2435 1084 2467 1152 ἡ
2505 1083 2825 1154 δικαιοσύνη
2868 1085 2962 1138 καὶ
2992 1087 3024 1154 ή
3057 1085 3329 1157 πάρεδρος
3374 1089 3515 1158 αὐτῇ
3565 1088 3724 1157 θέμις
3769 1092 3881 1140 κατὰ

2329 1173 2438 1225 τῶν
2472 1173 2788 1228 ἀντιπάλων
2816 1174 3038 1240 αὑταῖς,
3069 1175 3170 1244 τῆς
3213 1176 3448 1246 ἀνομίας
3486 1177 3633 1247 φημὶ
3679 1177 3771 1229 καὶ
3806 1177 3880 1243 τῆς

2329 1265 2566 1332 ἀδικίας,
2597 1265 2734 1337 πρὸς
2761 1265 3086 1334 συμπλοκὴν
3116 1266 3212 1318 καὶ
3241 1265 3477 1335 ἅμιλλαν
3504 1267 3881 1337 καταϐήσονται

2329 1358 2426 1409 καὶ
2453 1356 2517 1409 τὸ
2558 1356 2757 1425 στέφος
2794 1357 2916 1408 κατ’
2941 1355 3123 1408 αὐτῶν
3167 1356 3549 1427 ἀναδήσονται,
3583 1357 3678 1409 τοῦ
3707 1356 3805 1409 τῶν
3823 1355 3881 1405 6;-

2329 1446 2652 1515 καστηρίων
2695 1446 2912 1499 σταδίου
2981 1447 3050 1499 τὰ
3101 1446 3275 1500 πολλά
3333 1447 3727 1516 κεκλεισμένον
3783 1445 3881 1514 μηδ’

2327 1537 2798 1608 ἀναπεπταμένην
2855 1540 2953 1592 καὶ
3006 1539 3207 1608 ἄφετον
3261 1529 3362 1611 τὴν
3420 1539 3627 1594 εῖσοδον
3673 1539 3880 1609 ἔχοντος,

2327 1627 2608 1698 προφάσει
2665 1630 2832 1696 δῆθεν
2880 1631 2982 1697 τῆς
3035 1631 3167 1700 περὶ
3217 1630 3316 1691 τὰς
3376 1630 3743 1701 ἑορτασίμους
3797 1629 3882 1679 τῶν

2326 1720 2550 1791 ἡμερῶν
2580 1719 2866 1783 εὐλασείας
2891 1721 2988 1775 καὶ
3015 1722 3115 1790 τῆς
3150 1723 3206 1775 ὲν
3244 1722 3442 1786 αὑταῖς
3478 1721 3777 1792 θεραπείας
3805 1719 3880 1773 τοῦ

2254 1784 2295 1842 Β
2325 1784 2673 1884 κρείττονοςς
2717 1815 2789 1865 Ἦ
2832 1813 2898 1885 δὴ
2948 1784 3176 1883 λέληθεν
3221 1815 3281 1869 οὐ
3326 1784 3713 1885 μᾶλλονάὐτδ
3744 1815 3881 1884 θερα-

2322 1901 2569 1956 πεύουσα
2627 1903 2659 1973 ἢ
2712 1904 2830 1966 τοῖς
2871 1903 2974 1973 μὲν
3027 1902 3416 1975 ἀδικουμένοις
3458 1906 3589 1971 τοὺς
3638 1905 3882 1977 μώλωπας

2321 1994 2677 2060 ὲπιξαίνουσα
2730 1998 2825 2050 καὶ
2869 1998 2930 2050 τὸ
2989 1997 3157 2066 ἀλγος
3205 1999 3632 2065 ἀνακαινίζουσα
3686 2002 3776 2054 καὶ
3803 1999 3880 2068 τῇ)

2320 2086 2517 2156 ὀδύνην
2571 2087 2910 2168 ἐπαύξουσα,
2948 2093 3062 2154 τοῖς
3105 2091 3162 2144 δὲ
3208 2091 3418 2146 ἀδικεῖν
3471 2093 3750 2162 ἑλομένοις
3801 2095 3880 2160 τὴν

2321 2180 2409 2250 ἐφ’
2453 2180 2520 2251 ῆν
2561 2169 2830 2252 ἠδίκησαν
2875 2183 3179 2239 ἀπόλαυσιν
3227 2187 3774 2251 πολυπλασιάζουςα.
3805 2187 3878 2236 καὶ

2319 2276 2386 2343 τῇ
2426 2274 2536 2326 τῶν
2581 2275 2860 2344 ἀνεσίμων
2909 2277 3137 2347 ἡμερῶν
3169 2278 3401 2350 ἀφθονία
3430 2281 3527 2333 καὶ
3579 2280 3659 2344 τῷ
3706 2281 3881 2333 πλατυ-

2322 2361 2447 2436 σμῷ
2474 2366 2574 2436 τῆς
2611 2365 2725 2420 τῶν
2774 2367 3150 2439 δικαστηρίων
3197 2373 3396 2442 σχολῆς
3428 2373 3522 2426 ἐπὶ
3569 2374 3774 2442 μακρὸν
3801 2372 3882 2424 αὑ-

2317 2460 2427 2521 τοῖς
2461 2459 2864 2532 ἀποπληροῦσα
2910 2461 3013 2532 τὴν
3039 2446 3250 2532 ἔφεσιν.
3282 2465 3592 2536 Τοιγαροῦν
3626 2467 3770 2536 καὶὴ
3806 2464 3880 2533 βα-

2321 2551 2498 2605 σιλεία
2530 2569 2656 2623 μου,
2685 2583 2758 2594 -—
2786 2555 3096 2633 τοῦτο“μὲν
3147 2557 3242 2610 καὶ
3284 2556 3379 2612 τοῦ
3432 2558 3765 2630 θεοπάτορος
3807 2559 3880 2608 καὶ

2319 2644 2588 2713 βασιλέως
2621 2646 2787 2700 Δασὶδ
2817 2647 2899 2710 είς
2931 2641 3084 2719 ᾆσμα
3139 2649 3348 2719 Κυρίου
3377 2648 3458 2720 τῷ
3504 2650 3641 2721 ἐλέῳ
3663 2651 3759 2719 τὴν
3783 2649 3882 2718 κρε-

2319 2754 2404 2790 σιν
2453 2736 2937 2808 παραζευγνύντος
2985 2738 3285 2807 ἀκούουσα,
3330 2741 3635 2796 κάντεῦθεν
3692 2742 3765 2812 μὴ
3812 2758 3882 2792 το-

2318 2836 2513 2889 σοῦτον
2560 2835 2755 2907 ὕμνοις
2800 2838 2897 2890 καὶ
2947 2837 3115 2908 ᾠδαῖς
3163 2839 3261 2893 καὶ
3319 2839 3572 2909 λογικαῖς
3625 2839 3885 2910 λατρείαις

2316 2929 2533 3001 χαίρειν
2561 2929 2694 2982 Θεὸν
2724 2931 2784 2984 ὲν
2817 2933 2941 2994 ταῖς
2976 2931 3212 3002 ἐορτίοις
3239 2931 3353 2987 τῶν
3396 2933 3630 3006 ἡμερῶν
3659 2933 3884 3000 συλλογι-

2316 3019 2543 3091 ξομὲνη,
2571 3019 2769 3075 ὁπόσον
2795 3021 2905 3092 ἀρα
2935 3017 3014 3091 τῷ
3055 3025 3119 3078 ὲκ
3148 3022 3245 3077 τοῦ
3294 3024 3450 3079 ἐλέου
3503 3026 3599 3080 καὶ
3651 3029 3748 3097 τῆς
3782 3024 3883 3093 κρί-

633 3116 743 3170 prae
769 3114 825 3155 se
849 3096 974 3164 fert,
1001 3097 1085 3151 vel
1113 3097 1244 3165 ipsis
1268 3094 1425 3150 festis
1446 3095 1634 3150 diebus
1664 3102 1983 3166 qtiacunque
2007 3098 2213 3152 ratione

2319 3129 2460 3175 σεως
2502 3112 2734 3184 ᾅσματι,
2767 3143 2840 3153 —
2865 3114 3026 3168 τοῦτο
3081 3115 3137 3172 δὲ
3178 3117 3276 3172 καὶ
3320 3117 3383 3173 τὸ
3431 3119 3498 3173 ὲν
3549 3094 3883 3187 Εὐαγγελίοις

630 3209 699 3248 ex
747 3194 945 3261 abysso
981 3192 1032 3244 in
1091 3191 1262 3244 lucem
1317 3189 1634 3258 protrahere
1677 3190 1759 3244 fas
1792 3193 1919 3256 erit,
1960 3191 2013 3245 i'n
2049 3206 2210 3260 quem

630 3288 811 3342 scelus
872 3284 1171 3340 etcrimen
1222 3296 1343 3337 eum
1395 3285 1837 3351 praecipitarunt!
1881 3283 2043 3340 Etsi
2099 3287 2213 3356 ipse

631 3379 886 3434 Christus
910 3376 1042 3446 legis
1063 3378 1330 3430 umbrosae
1356 3389 1628 3430 racemum
1663 3376 1933 3443 aperiens,
1960 3385 2014 3430 et
2046 3379 2213 3432 corti-

630 3482 775 3533 cem,
805 3477 859 3521 et
888 3467 1115 3535 spicam,
1135 3475 1189 3519 et
1213 3452 1540 3520 frumentum
1568 3467 1809 3519 veritatis
1841 3467 2214 3535 patefacienda

631 3561 687 3614 in
711 3554 948 3614 Sabbato
982 3557 1240 3612 miracula
1269 3564 1352 3612 est
1392 3568 1668 3626 operatus,
1709 3568 1940 3626 argrotos
1986 3574 2210 3625 Sanaus,

634 3649 840 3703 morbis
879 3656 1101 3701 vexatos
1128 3659 1346 3709 curans,
1389 3644 1640 3697 omnibus
1675 3644 1903 3698 salutem
1941 3646 2208 3700 reddens:

630 3740 817 3809 quidni
865 3751 964 3792 nos
1013 3738 1111 3803 ipsi
1155 3749 1367 3805 quoque
1417 3734 1632 3802 injuriis
1677 3735 2214 3800 abstineamus?cur

632 3841 738 3886 non
770 3833 1010 3883 insontes
1028 3827 1376 3889 ulciscantur,
1402 3837 1585 3881 sontes
1613 3831 1738 3880 vero
1771 3843 1799 3880 a
1825 3826 2211 3883 inalefacicndo

634 3919 962 3976 arceamus?
991 3917 1126 3973 Cum
1183 3927 1362 3971 autem
1395 3932 1497 3988 ego
1527 3917 1745 3987 quidem
1781 3918 2058 3987 injustitiae
2082 3936 2210 3974 ava-

629 4013 875 4079 ritiaeque
910 4010 1117 4063 radices
1142 4007 1436 4078 profundas
1462 4011 1707 4079 cognitas
1756 4012 2002 4077 habeam,
2035 4014 2209 4068 viros-

630 4115 739 4171 que
789 4099 1034 4153 noverim
1097 4097 1293 4150 multos
1317 4097 1410 4165 qui
1462 4112 1671 4151 morum
1707 4100 2119 4166 perversitatem
2155 4102 2206 4154 in

627 4194 800 4249 lucem
831 4192 1060 4256 ingenuo
1092 4191 1281 4254 edunt,
1316 4189 1415 4242 nec
1440 4189 1550 4256 jam
1584 4190 1838 4243 malitiam
1872 4207 2023 4245 suam
2051 4193 2206 4246 dissi-

627 4283 854 4344 mulant,
882 4281 990 4334 imo
1017 4280 1132 4347 sine
1163 4291 1306 4334 metu
1339 4280 1544 4334 scelera
1571 4280 1801 4334 nefanda
1833 4285 2200 4349 committunt,

625 4377 704 4430 sic
725 4374 940 4428 eosdem
971 4370 1096 4443 fuco
1130 4371 1291 4426 rebus
1339 4373 1736 4428 honestissimis
1767 4374 2059 4442 induendo,
2097 4378 2206 4429 vir-

630 4479 801 4519 tutcm
833 4465 1131 4533 speciosam
1180 4480 1291 4533 prae
1338 4479 1396 4518 se
1434 4463 1668 4521 ferentes
1711 4467 1928 4522 otl‘etidi.
1958 4470 2036 4524 Eo
2063 4471 2204 4524 enim

2314 4463 2699 4561 τετιμημένον,

628 4556 991 4613 simulationis
1041 4563 1326 4619 venerunt,
1356 4563 1412 4607 ut
1452 4557 1751 4612 sceleribus
1777 4558 2204 4628 criminibusque

2314 4586 2367 4638 ἐν
2413 4556 2644 4657 ἑορτίοις
2691 4589 3097 4661 ὴμέραις,,ὲφ“

625 4649 839 4703 virtutis
886 4648 1119 4718 speciem
1179 4646 1331 4725 dare,
1391 4648 1630 4717 vitiaque
1683 4649 2092 4716 deceptionibus
2145 4665 2206 4706 :«c

627 4740 763 4794 falsa
819 4739 1120 4808 eloquentia
1188 4740 1574 4795 commendare
1637 4756 1743 4795 non
1798 4744 2200 4798 erubescerent.

627 4832 1067 4899 Quatusqnisque
1127 4829 1389 4898 ejusmodi
1441 4831 1858 4887 criminosorum
1918 4834 2201 4890 hominum

620 4924 910 4990 justitiam,
947 4923 1189 4977 veritatis
1242 4938 1482 4976 amorem
1528 4916 1582 4978 et
1610 4925 2077 4996 investigationem
2107 4945 2202 4984 co-

625 5016 822 5070 luerit?
851 5014 1122 5081 quomodo
1147 5014 1265 5068 dein
1288 5013 1553 5082 justitiam
1586 5030 1649 5069 ac
1681 5015 1847 5072 Deum
1886 5021 2065 5074 colere
2101 5037 2202 5090 po-

623 5110 751 5181 terit
781 5109 895 5178 qui,
940 5117 1057 5176 post
1093 5107 1350 5158 miracula
1377 5121 1406 5158 a
1450 5108 1557 5162 Deo
1591 5109 1707 5178 ipso
1737 5120 2068 5181 perpetrata,
2098 5115 2200 5167 alia

621 5198 881 5252 miracula
908 5213 937 5249 a
975 5198 1150 5252 servis
1177 5199 1286 5252 Deo
1310 5200 1571 5269 subjectis
1603 5204 1866 5271 patranda
1885 5208 2201 5275 exspectat?

620 5293 893 5360 quomodo
931 5289 1070 5344 Deus
1112 5307 1209 5346 nos
1241 5292 1290 5344 in
1324 5295 1519 5365 abysso
1560 5295 1946 5354 miraculorum
1977 5315 2199 5356 suorum

621 5382 832 5450 irrigari
865 5383 1113 5445 voluerit,
1158 5385 1202 5436 si
1233 5399 1424 5440 onutes
1477 5389 1606 5442 anni
1648 5389 1767 5445 dies
1796 5392 2200 5461 quomodocun-

621 5493 726 5547 que
760 5477 1039 5532 miraculis
1087 5479 1226 5546 pleni
1274 5491 1423 5544 sunt,
1463 5483 1592 5536 dum
1654 5500 1752 5540 nos
1787 5501 1884 5556 per
1927 5487 2196 5557 ignaviam

624 5577 862 5620 nostram
893 5567 1178 5621 tribunalis
1210 5578 1393 5636 portas
1422 5574 1783 5640 occludimns,
1826 5590 1899 5641 et,
1935 5579 2195 5632 malarum

623 5671 906 5710 causarum
939 5661 1206 5726 advocati,
1239 5662 1340 5716 hoc
1380 5675 1596 5734 agentes
1628 5666 1770 5723 festa
1795 5670 2071 5726 celebrare
2100 5687 2196 5726 au-

619 5754 891 5803 tumamus
907 5751 940 5802 ῖ-
984 5751 1176 5806 Absit'!

2318 3205 2439 3258 οὐαὶ
2474 3206 2568 3259 καὶ
2595 3205 2689 3259 τὸν
2724 3205 3061 3277 ταλανισμὸν
3092 3209 3302 3264 ἐκεῖνον
3346 3211 3703 3282 ὑφορωμένη,
3731 3211 3788 3265 δν
3818 3215 3882 3270 εὶς

2314 3289 2444 3357 τοὺς
2471 3295 2782 3366 ὑποκριτὰς
2813 3298 3147 3369 Φαρισαίους
3171 3301 3200 3354 ὁ
3229 3301 3423 3372 Σωτὴρ
3453 3303 3794 3366 ἀπετείνατο,
3817 3303 3884 3353 ὅτι

2316 3388 2779 3460 προσωπείῳ.τῆς
2817 3389 2929 3444 τῶν
2971 3392 3244 3462 ἐορτάδων
3274 3390 3500 3464 ἡμερῶν
3531 3393 3778 3464 φυλακῆς
3806 3410 3885 3460 με-

2317 3478 2515 3548 γίστην
2557 3479 2709 3533 ἔνδον
2747 3483 2983 3552 ἀνομίαν
3031 3482 3538 3556 περικαλύπτομεν,
3586 3486 3685 3558 τὴν
3722 3485 3883 3556 κρίσιν

2316 3571 2466 3640 παρὰ
2502 3570 2709 3641 φαῦλον
2760 3573 3034 3643 τιθέμενοι
3064 3578 3158 3630 καὶ
3192 3578 3285 3631 τὸν
3317 3577 3489 3644 ἔλεον,
3514 3609 3586 3620 -
3620 3580 3755 3650 πρὸς
3784 3576 3884 3630 τού-

2314 3679 2431 3725 τοις
2469 3664 2695 3718 κάκεῖνο
2730 3665 2833 3734 τῆς
2887 3667 3230 3739 Ἀδὸακοὺμ,
3267 3671 3612 3740 προφητείας
3639 3669 3880 3724 εὐλαϐου-

2265 3756 2451 3826 ι.μένη
2493 3757 2526 3826 ή
2560 3756 2810 3827 βασιλεία
2854 3776 2980 3830 μου,
3036 3761 3326 3831 μεμίσηκα
3380 3763 3654 3833 ἀπῶσμαι
3708 3764 3881 3834 ἑορτὰς

2313 3848 2490 3916 ὑμῶν,
2531 3851 2626 3903 καὶ
2672 3850 2733 3903 οὐ
2783 3851 2856 3921 μὴ
2910 3852 3203 3921 ὀσφρανθῶ
3262 3855 3322 3909 ὲν
3356 3857 3479 3921 ταῖς
3526 3858 3882 3927 πανηγύρεσιν

2313 3939 2465 4009 ὑμῖν,
2499 3968 2568 3982 -
2598 3942 2679 4004 είς
2728 3941 2826 4011 τὴν
2865 3943 3153 4014 παροῦσαν
3196 3946 3515 4016 οἰκονομίαν
3550 3949 3801 4019 ἐλήλυθα.
3831 3949 3879 4001 Εἰ

2310 4031 2418 4102 γὰρ
2452 4032 2513 4083 τὸ
2546 4032 2605 4084 ὲν
2632 4033 2901 4104 Σαδδάτῳ
2925 4035 3344 4110 εκατολισθῆσαν
3395 4028 3598 4108 κτῆνος
3630 4041 3709 4102 είς
3736 4039 3876 4110 βόθυ-

2310 4139 2399 4175 νον
2430 4123 2763 4178 ἀνέλκεσθαι
2806 4126 2834 4178 δ
2876 4126 3068 4198 Σωτὴρ
3103 4128 3317 4182 ἐκεῖθεν
3363 4129 3766 4196 διεκελεύσατο,
3799 4135 3879 4184 καὶ

2313 4217 2589 4286 μηδαμῶς
2617 4220 2718 4288 τὴν
2756 4219 2857 4289 τῆς
2896 4221 3132 4290 νομικῆς
3170 4222 3370 4292 ἀργίας
3417 4225 3725 4294 παράλυσιν
3762 4227 3872 4280 ὑπο-

2312 4306 2661 4362 στέλλεσθαι·
2694 4310 2846 4378 πόσῳ
2875 4312 3114 4378 μάλιστα
3141 4313 3248 4384 χρὴ
3276 4314 3368 4367 τὸν
3401 4317 3496 4369 τοῦ
3526 4318 3726 4386 ἀλόγου
3759 4318 3874 4384 κτή-

2311 4415 2436 4461 νους
2468 4398 2823 4470 ἀσυγκρίτως
2849 4401 3252 4472 ὑπερκείμενον
3291 4389 3608 4477 ἄνθρωπον,
3632 4410 3724 4460 τὸν
3754 4409 3879 4474 λόγῳ

2731 4493 2822 4546 τὸν
2850 4495 2985 4549 Θεοῦ
3020 4497 3207 4551 είκὸνα
3240 4500 3759 4572 σεμνολογούμενον,
3795 4501 3875 4551 καὶ

3129 4588 3216 4656 αῖς
3251 4592 3416 4663 έργου
3447 4597 3654 4662 παντὸς
3697 4597 3871 4668 σχολὴν

2308 4677 2535 4747 ἄγομεν,
2575 4679 2667 4733 τοῦ
2708 4680 2903 4752 βόθρου
2956 4673 3255 4754 πειρᾶσθαι
3310 4688 3448 4740 πᾶσι
3480 4689 3706 4760 τρόποις
3741 4688 3874 4742 ἀνίλ-

2308 4785 2448 4837 κειν,
2483 4771 2562 4834 είς
2591 4771 2650 4824 ὃν
2691 4773 2856 4828 αὑτὸν
2897 4776 2928 4844 ἡ
2973 4777 3301 4846 παλαμναία
3341 4779 3438 4832 καὶ
3477 4781 3680 4851 μαινὰς
3709 4782 3889 4837 ἀδικία·

2307 4862 2401 4913 ἐπὶ
2438 4861 2686 4932 κεφαλῆς
2719 4863 2982 4936 ὠθησασει
3027 4870 3485 4940 κατεκρήμνισες
3523 4874 3634 4928 Καὶ
3677 4877 3725 4928 εί
3756 4874 3872 4943 Χρι-

2309 4953 2433 5016 στὸς
2463 4953 2626 5017 αὐτὸς
2656 4954 2750 5007 τοῦ
2785 4956 3050 5019 σκιώδους
3076 4960 3243 5030 νόμου
3265 4962 3364 5030 τὴν
3398 4964 3724 5033 ἐπιφυλλίδα
3751 4964 3872 5031 εέιην

2305 5043 2399 5095 καὶ
2441 5042 2502 5094 τὸ
2546 5042 2737 5114 λέμμα
2788 5048 2886 5100 καὶ
2930 5046 3030 5119 τὴν
3059 5050 3325 5120 ἀνθέρικα
3354 5054 3572 5108 καὶτὸν
3603 5057 3748 5110 σῖτον
3784 5054 3870 5119 τῆς

2307 5135 2568 5205 ἀληθείας
2637 5142 3017 5209 παραγυμνῶν
3081 5147 3140 5198 ἐν
3191 5149 3303 5210 τοῖς
3358 5147 3638 5204 Σάϐὁασιν
3706 5152 3870 5217 ἑτερα-

2307 5227 2553 5296 τούργει,
2617 5230 2908 5296 νοσοῦντας
2983 5235 3327 5306 θεραπεύων,
3388 5241 3866 5312 συντετριμμένους

2310 5317 2565 5388 ἰώμενος,
2594 5324 2690 5375 καὶ
2718 5322 2819 5396 τὴν
2855 5326 2916 5377 ὲν
2939 5326 3124 5392 αὐτοῖς
3172 5312 3445 5385 ἀνέκαθεν
3485 5333 3873 5404 νενομισμένην

2303 5411 2616 5483 ἐκεχειρίαν
2651 5417 2746 5470 καὶ
2775 5419 3050 5488 ἀπραξίαν
3100 5422 3196 5474 ἐπὶ
3255 5425 3504 5496 σωτηρίᾳ
3547 5426 3658 5479 τῶν
3698 5423 3865 5485 κακῶς

2303 5501 2540 5570 ἐχόντων
2599 5508 2981 5576 καινοτομῶνο
3019 5512 3137 5575 πῶς
3210 5515 3344 5583 ἡμῖν
3400 5514 3464 5567 οὐ
3522 5516 3624 5578 τὰς
3681 5514 3864 5574 πολλὰς

2303 5596 2688 5663 περιαιρετέον
2779 5598 2892 5652 τῶν
2960 5600 3329 5672 δικαστηρίων
3415 5606 3636 5671 ἀδικίας
3740 5605 3867 5673 ὑπέρ

2300 5701 2362 5736 τε
2425 5685 2527 5754 τῆς
2600 5687 2707 5740 τῶν
2765 5691 3083 5760 πασχόντων
3159 5695 3320 5750 ἄδικα
3392 5699 3727 5768 ἐκδικήσεως
3781 5695 3864 5748 καὶ

2304 5775 2402 5843 τῆς
2473 5777 2579 5830 τῶν
2654 5781 2880 5835 τοιαῦτα
2963 5785 3215 5855 δρώντων
3296 5789 3733 5861 ἀναχαιτίσεωςς
3782 5791 3858 5841 κειἱ
