3952 6328
520 275 625 334 793

1740 281 2138 346 MANUELIS
2173 285 2516 346 COMNENI

3661 283 3760 346 πί

520 389 821 457 transigere
858 390 1144 453 debebant.
1196 393 1343 447 nulla
1394 395 1573 451 habita
1609 399 1822 454 ratione
1854 400 2083 454 aliarum

2190 398 2289 452 καὶ
2321 400 2634 466 θεοπυγές,
2664 399 2728 452 ἐκ
2752 414 2813 453 τε
2841 397 2949 452 τῶν
2979 397 3144 452 θείων
3168 398 3351 469 νόμων
3392 399 3488 450 καὶ
3517 398 3629 450 τῶν
3659 400 3758 451 ἀνι-

521 494 799 546 ι-ωιιιιτιιιιι
844 496 964 551 quae
1011 482 1145 548 ipsis
1192 485 1382 540 danda:
1426 495 1587 550 erant
1617 487 1706 560 (de
1733 490 1929 554 quibus
1977 489 2088 543 No-

521 565 675 626 vellae
716 573 822 626 huc
848 583 1156 642 spectantes
1194 575 1368 630 fusius
1400 581 1677 645 tractant).
1711 578 1782 630 Dc
1810 581 2088 654 iisautem

520 663 610 725 qui
642 663 710 716 ad
747 663 991 732 Magnam
1030 664 1314 738 ecclesiam
1359 667 1677 737 confugiunt
1714 668 1849 722 nihil
1905 671 2089 725 deter-

522 751 780 816 minavit;
817 754 963 823 leges
1010 756 1157 836 enim
1191 757 1437 824 politicas
1480 760 1670 813 stricte
1715 760 1801 834 his
1827 763 1893 817 de
1927 764 2088 817 rebus

523 842 824 906 observari,
861 853 1026 914 atque
1065 846 1366 919 hornicidas
1412 850 1591 916 puniri
1635 850 1824 920 jussit.
1856 852 1969 908 Hoc
1992 868 2090 908 no-

520 946 644 984 vum
675 934 911 988 edictum
948 947 1249 1003 praetextas
1287 939 1389 991 fuit
1433 941 1713 996 sceleratis
1747 939 1909 1013 atque
1955 945 2088 999 abo—

518 1022 789 1078 minandis
849 1025 1157 1081 hominibus
1224 1027 1510 1085 homicidia
1566 1033 1686 1087 sine
1734 1019 1942 1102 pudom
1993 1049 2090 1106 pa-

518 1111 715 1175 trandi,
760 1126 824 1164 ac
858 1114 979 1167 dein
1033 1115 1231 1182 piaculi
1273 1132 1400 1187 ergo
1435 1121 1486 1173 in
1533 1120 1816 1176 ecclesiam
1847 1122 2083 1192 aliquam

517 1199 882 1272 confugiendi,
925 1208 1086 1270 unde,
1122 1206 1364 1284 absoluti.
1389 1209 1635 1274 crimine,
1665 1211 1883 1266 domum
1908 1229 2088 1267 rever-

520 1290 789 1362 tw-bantur.
814 1291 946 1347 llinc
972 1293 1173 1348 factum
1191 1306 1276 1351 est
1299 1307 1355 1351 ut
1376 1298 1614 1368 plerique
1629 1302 1856 1368 plurima
1879 1305 2086 1360 scelera

517 1382 854 1436 committere
875 1399 979 1436 nou
1008 1385 1412 1451 erubescerent,
1444 1390 1825 1466 indulgentiam
1849 1409 2079 1460 sperau-

521 1481 618 1533 tes,
653 1485 814 1538 quam
862 1476 1001 1529 male
1053 1477 1580 1533 commiserationem
1617 1483 1841 1538 dixeris.
1876 1484 2087 1539 Miseri-

515 1562 696 1616 cordia
723 1564 866 1618 enim
896 1566 965 1620 ad
999 1581 1090 1622 eos
1117 1569 1207 1636 qui
1241 1568 1641 1626 calamitatibus
1666 1585 1949 1640 vexantur,
1975 1590 2083 1630 non

508 1666 646 1706 νει-ο
684 1653 752 1708 ad
798 1656 1083 1721 scelestos,
1128 1659 1247 1726 sed,
1277 1671 1338 1716 ut
1368 1664 1573 1718 dictum
1603 1673 1705 1730 est,
1741 1667 1807 1718 ad
1848 1665 2081 1721 infortu-

517 1754 674 1797 natos
697 1756 940 1813 spectare
966 1747 1139 1804 solet-
1157 1749 1288 1804 Inde
1309 1753 1488 1806 etiam
1515 1755 1717 1807 factum
1749 1765 1830 1809 est
1855 1763 1913 1809 ut
1942 1759 2088 1812 exsi—
2117 1724 2158 1779 Β

514 1840 644 1897 lium
666 1851 979 1908 perpetuum
1002 1842 1242 1895 inemcax
1257 1842 1514 1897 et‘iuutile
1529 1847 1784 1899 evaserit.
1802 1844 1920 1900 Jam
1938 1848 2083 1901 enim

513 1930 775 1996 ejusmodi
806 1931 981 1984 exsilii
1017 1931 1163 1984 nulla
1197 1932 1335 1986 ratio
1369 1933 1620 1998 habetur,
1664 1935 1930 2005 siquidem
1990 1941 2087 1991 lio-

513 2019 724 2074 micidaa
756 2033 945 2074 omnes
991 2021 1113 2074 sine
1153 2020 1474 2075 verecundia
1527 2022 1643 2075 loca
1679 2024 1794 2090 ipsa
1846 2024 2087 2078 circum-

513 2116 667 2173 eunt,
717 2108 770 2163 in
822 2110 1022 2178 quibus
1073 2119 1456 2178 peccaverant.
1513 2110 1814 2186 Praeteritis
1856 2129 2089 2182 namque

516 2200 873 2268 temporibus,
915 2201 1134 2270 quando
1167 2201 1265 2255 viri
1314 2203 1368 2256 in
1411 2203 1718 2272 provincias
1763 2204 2080 2274 dclegalian-

514 2300 602 2344 tur
648 2289 790 2344 civili
842 2300 1133 2361 potestate,
1196 2303 1291 2346 aut
1337 2293 1501 2348 etiam
1552 2295 1768 2349 militari
1827 2282 2088 2360 investiti,

515 2383 805 2437 homicidio
831 2382 1023 2436 alicubi
1064 2390 1274 2452 patrato
1299 2399 1490 2438 omnes
1514 2385 1762 2438 certatim
1788 2387 2086 2439 occisorem

513 2474 970 2542 comprehendere
989 2475 1280 2529 studebant
1307 2485 1360 2528 ut
1384 2475 1554 2543 judici
1584 2478 1907 2532 traderetur.
1934 2477 2088 2530 Nunc

513 2575 643 2614 vero
669 2561 760 2629 qui
800 2563 1107 2628 provincias
1125 2562 1452 2632 gubernant,
1473 2574 1528 2616 ut
1553 2579 1650 2632 ego
1669 2566 1883 2632 quidem
1903 2569 2085 2632 audio,

514 2648 772 2718 quidquid
818 2651 1099 2719 pulchrum
1155 2660 1240 2706 est
1296 2651 1455 2721 plane
1509 2655 1861 2723 negligentes,
1910 2657 2088 2710 homi-

513 2735 750 2808 numque
797 2740 986 2794 salutis
1048 2741 1300 2808 studiosi,
1358 2757 1608 2798 nummos
1667 2759 1732 2798 ac
1782 2745 1987 2799 lucrum
2034 2748 2085 2801 in

518 2831 696 2898 primo
729 2831 846 2885 loco
897 2843 1125 2901 ponunt,
1161 2835 1250 2888 ubi
1286 2835 1337 2887 iu
1384 2836 1605 2904 regione
1651 2851 1810 2906 quam
1846 2839 2088 2894 incolunt

515 2921 867 2978 homicidium
894 2931 979 2977 est
1009 2925 1382 2990 commissum,
1417 2939 1607 2993 parum
1652 2939 1851 2982 curant
1877 2939 1936 2981 ut
1966 2944 2085 2983 ma-

2193 487 2483 559 θρωπίνων
2505 490 2822 560 ἀρκούντως
2849 491 3167 561 δεδήλωται.
3197 491 3332 557 Περὶ
3348 489 3405 543 δέ
3433 491 3543 544 τῶν
3570 490 3754 544 τοιού-

2190 596 2270 649 τῳ
2302 583 2745 650 περιπιπτόντων
2775 581 3088 650 ἐγκλήματι
3121 580 3215 634 καὶ
3244 583 3310 651 τῇ
3340 580 3624 653 ἁγιωτάτῃ
3658 582 3757 635 καὶ

2190 672 2422 742 Μεγάλῃ
2470 672 2567 726 τοῦ
2621 672 2757 725 Θεοῦ
2826 672 3127 743 Ἐκκλησία
3177 674 3638 741 προσφευγόντων
3689 675 3758 725 τά

2188 761 2422 826 δόξαντά
2456 766 2504 816 οί
2541 762 2919 833 νομοθετήσας
2959 766 2988 818 ὁ
3035 765 3542 834 ηρφυρογέννητος
3587 765 3756 833 κυρδς

2191 853 2602 917 Κωνσταντῖνος
2641 853 2934 924 διωρίσατο
3000 855 3262 925 ἀειφυγίᾳ
3303 856 3401 925 μὲν
3433 856 3562 918 τοὺς
3592 857 3755 907 ἐκου-

2190 947 2344 1008 σίους
2393 947 2573 1013 φονεῖς
2608 945 2858 1009 ἅπαντας
2905 947 3299 1018 ἀπαραιτήτως
3345 945 3755 998 καθυποσάλλεο

2189 1037 2340 1100 σθαι,
2375 1034 2471 1088 καὶ
2501 1035 2576 1105 μὴ
2612 1036 3022 1108 συγχωρεῖσθαι
3053 1039 3394 1106 περινοστεῖν
3425 1035 3622 1097 αὐτοὺς
3656 1034 3755 1086 καὶ

2189 1125 2480 1193 φαίνεσθαι
2511 1127 2572 1177 ἐν
2595 1127 2663 1196 τῃ
2696 1127 2794 1196 γῇ,
2820 1127 2854 1196 ἢ
2889 1126 2952 1179 τδ
2977 1124 3074 1179 τοῦ
3093 1126 3321 1193 πλησίον
3347 1120 3484 1196 αἷμα
3509 1124 3755 1194 χανοῦσα

2189 1217 2377 1281 κακῶς
2396 1216 2690 1283 ὑπεδέξατο
2708 1234 2723 1249 ο
2749 1217 2875 1282 τούς
2896 1235 2962 1286 γε
2983 1219 3092 1290 μὴν
3112 1219 3177 1272 ἐκ
3195 1217 3422 1287 μελέτης
3439 1217 3531 1270 καὶ
3563 1215 3757 1287 βεϐου-

2187 1307 2466 1374 λευμένως
2493 1307 2589 1360 καὶ
2625 1307 2764 1377 μετὰ
2790 1308 3035 1378 σκέψεως
3051 1306 3142 1362 τὸν
3171 1308 3455 1376 ἀδελφικὸν
3481 1323 3758 1377 κατεργα-
3798 1301 3802 1311 ’

2190 1399 2457 1465 σαμένους
2479 1397 2709 1451 θάνατον
2751 1398 2849 1452 σὺν
2872 1401 2936 1471 τῇ
2965 1398 3226 1468 ἀειφυγίᾳ
3245 1398 3337 1450 καὶ
3364 1395 3756 1465 ἀποκείρεσθαι

2187 1486 2403 1547 πάντως
2427 1485 2731 1550 διετάξατο,
2749 1488 2844 1546 καὶ
2868 1488 2983 1549 τοῖς
3007 1488 3259 1556 μοναχοίς
3290 1485 3758 1552 ἐγκαταλεγέντας

2188 1579 2319 1648 παρ’
2328 1579 2458 1648 ὃλην
2474 1578 2656 1631 αὐτῶν
2671 1577 2770 1648 τὴν
2783 1577 2930 1648 ζωὴν
2947 1578 3027 1648 τῷ
3042 1575 3386 1647 μοναστηρῖιρ
3404 1575 3756 1644 προσμένειν,

2190 1672 2328 1740 μετά
2350 1671 2410 1722 τὸ
2427 1671 2521 1724 καὶ
2537 1669 2703 1735 ἄλλας
2720 1668 2910 1734 ποινάς
2927 1669 3253 1738 ὑφίστασθαι
3280 1668 3433 1739 (περὶ
3449 1661 3532 1720 »ὧν
3549 1665 3758 1746 πλατύέ⁴

2189 1776 2348 1830 τερον
2363 1759 2434 1812 τά
2467 1761 2594 1825 περὶ
2617 1757 2824 1811 τούτων
2847 1757 3182 1810 ἀπολυθέντα
3223 1757 3388 1826 νεαρά
3407 1755 3759 1823 θεσπίσματα

2187 1850 2526 1920 διορίζεται),
2566 1850 2733 1918 μηδὲν
2762 1848 2894 1914 περὶ
2941 1847 3050 1901 τῶν
3086 1847 3162 1917 μή
3191 1847 3646 1918 προσφευγόντων
3690 1847 3756 1914 τῇ

2189 1940 2470 2010 ἁγιωτάτῃ
2497 1938 2725 2009 Μεγάλῃ
2771 1936 3067 2009 Ἐκκλησία
3093 1935 3488 2005 διορισάμενος,
3519 1936 3596 1999 ὡς
3629 1936 3758 1997 τοὺς

2189 2029 2499 2091 πολιτικοὺς
2523 2031 2719 2099 νόμους
2749 2025 3175 2104 ἀπαρακινήτως
3215 2015 3310 2080 ἐπὶ
3336 2027 3542 2080 τούτων
3567 2028 3758 2094 τηρεῖν

2189 2125 2314 2175 σθαι
2341 2120 2670 2191 βουλόμενος
2693 2121 2789 2173 καὶ
2804 2121 2901 2189 τὴν
2918 2109 3187 2189 τιμωρίαν
3211 2120 3324 2179 τοῖς
3338 2106 3595 2186 φονεῦσιν
3612 2116 3756 2170 ἐπάο

2189 2212 2405 2281 γεσθαι,
2439 2212 2625 2273 καθὼς
2651 2214 2684 2282 ἡ
2709 2211 2918 2266 τούτων
2957 2209 3250 2280 νομοθεσία
3273 2208 3754 2278 παρακελεύεται.

2189 2304 2472 2370 Πρόφασις
2504 2300 2600 2353 οὖν
2646 2302 2677 2368 ἡ
2711 2303 2934 2370 τοιαύτη
2976 2298 3146 2369 νεαρὰ
3184 2297 3475 2368 νομοθεσία
3501 2299 3616 2364 τοῖς
3649 2315 3760 2350 πα-

2188 2391 2610 2460 λαμναιοτάτοις
2642 2390 2750 2442 τῶν
2781 2390 3084 2459 ἀνθρώπων
3111 2389 3211 2442 ,καὶ
3232 2389 3528 2457 ἐπαράτοις
3549 2387 3619 2455 γέ
3631 2404 3754 2455 {ove

2187 2483 2283 2535 τοῦ
2317 2482 2454 2552 μετά
2481 2481 2683 2550 πολλῆς
2724 2480 2913 2543 ἀδείας
2947 2479 3041 2533 ἐπὶ
3081 2479 3179 2541 τὰς
3212 2474 3528 2548 μιαιφονίας
3556 2481 3757 2550 ἐκτρέ-

2188 2567 2326 2643 χειν,
2367 2574 2463 2626 καὶ
2492 2573 2590 2640 τῆς
2618 2571 2890 2642 τυχούσης
2919 2570 3256 2639 λαϐομένους
3299 2570 3626 2639 προφάσεως
3654 2587 3754 2638 τη-

2186 2664 2435 2717 λικοῦτον
2495 2663 2665 2732 μύσος
2719 2661 3055 2730 ἐργάζεσθαι
3097 2661 3194 2713 καὶ
3254 2659 3624 2728 προσφεύγειν
3681 2663 3752 2730 τῇ

2199 2755 2516 2826 Ἐκκλησία,
2549 2754 2644 2806 καὶ
2671 2753 2906 2823 γράμμα
2956 2751 3300 2820 συμπαθείας
3349 2750 3756 2820 πορισαμένους

2181 2833 2548 2916 ἀναστρέφειν
2576 2845 2782 2898 οἴκαδε.
2821 2841 3133 2896 Κάντεῢθιν
3162 2843 3212 2893 oi
3254 2841 3474 2900 πλείους
3503 2843 3599 2894 καὶ
3628 2842 3758 2895 δευ-

2184 2939 2366 3008 τέροις
2415 2940 2512 2990 καὶ
2565 2922 2770 3006 τρίτοις
2818 2936 2914 2990 καὶ
2947 2934 3189 2988 πλείοσιν
3214 2934 3585 3003 ἐπιτολμῆσαι
3647 2934 3756 2985 οὐκ

512 3011 800 3068 lel‘actores
843 3012 1188 3083 investigent,
1250 3014 1381 3081 imo,
1441 3017 1584 3084 quod
1635 3017 1808 3087 pejus,
1855 3019 1901 3072 si
1945 3031 2085 3086 quos

2191 3028 2445 3097 ὤκνησαν
2476 3025 2566 3078 διὰ
2607 3026 2668 3078 τὸ
2713 3025 2912 3096 χαῦνον
2946 3027 3040 3100 καὶ
3078 3027 3658 3096 καταπεφρονημένον,
3684 3053 3754 3065 --

509 3102 1066 3171 comprehenderunt,
1117 3106 1454 3160 abscondunt
1485 3115 1541 3162 et
1567 3107 1704 3161 clam
1745 3108 1799 3162 iu
1835 3108 2083 3178 Magnam

2186 3121 2249 3173 ού
2283 3119 2407 3188 γάρ’
2441 3118 2510 3172 ἀν
2544 3117 2757 3187 εἴποιμι
2799 3115 3086 3187 συμπαθὲς
3117 3145 3190 3156 -
3217 3115 3317 3184 τῆς
3355 3115 3754 3185 προτέραςκοο

511 3191 799 3247 ccclesiam
835 3191 1212 3248 introducunt.
1257 3193 1393 3260 Quid
1455 3194 1652 3250 deinde
1698 3198 1766 3251 de
1807 3196 1999 3253 iisdem
2028 3197 2085 3253 in

2186 3210 2397 3272 λάσεως
2424 3225 2438 3239 ·
2471 3206 2786 3272 συμπάθεια
2811 3206 2922 3278 γὰρ
2953 3207 3044 3260 ἐπὶ
3066 3207 3181 3270 τοῖς
3215 3206 3512 3259 πεπονθόσι
3541 3205 3752 3270 κακῶς,

517 3282 925 3354 sanctissimam
978 3281 1073 3336 Dei
1127 3282 1409 3340 ecclesiam
1464 3285 1669 3354 illapsis
1718 3285 1833 3352 ﬁat,
1860 3287 2085 3355 ignoro;
2184 3303 2286 3358 οὐκ
2309 3300 2406 3361 ιπι
2435 3301 2550 3362 τοῖς
2581 3299 2836 3366 δράσασι,
2873 3300 2970 3351 καὶ
2991 3297 3203 3367 γίνεται
3226 3296 3452 3358 δικαίως
3479 3297 3571 3349 καὶ
3601 3294 3757 3364 λέγε.

511 3371 605 3425 sed
634 3371 765 3426 nihil
789 3371 912 3425 boni
948 3371 1282 3437 subodoror;
1309 3371 1465 3426 video
1481 3374 1625 3427 enim
1649 3373 1701 3427 in
1723 3373 1952 3446 imperio
1979 3375 2085 3431 Ro-

2186 3407 2311 3447 ται·
2338 3391 2434 3443 ἐπὶ
2461 3389 2519 3443 δέ
2542 3390 2654 3452 τοῖς
2695 3386 2884 3450 κακῶς
2913 3386 3247 3456 πράττουσιν
3275 3386 3376 3438 οὐκ
3417 3385 3754 3454 ἀδιακρίτως

513 3476 674 3517 mano
728 3476 982 3531 magnum
1050 3462 1461 3517 homicidiorum
1512 3479 1796 3520 numerum
1858 3467 2082 3535 patrari.

512 3549 739 3614 Quando
771 3552 934 3621 igitur
968 3565 1066 3619 pro
1090 3550 1354 3620 dignitate
1381 3566 1500 3606 mea
1539 3554 1684 3622 regia
1707 3564 1896 3624 reputo
1923 3571 2082 3624 quam

514 3658 639 3696 raro
687 3643 948 3712 ejusmodi
1005 3643 1235 3697 crimina
1267 3645 1406 3712 apud
1457 3655 1645 3712 gentes
1686 3647 1778 3714 qui
1822 3662 1928 3702 non
1967 3647 2086 3719 lege

513 3734 716 3795 divina,
747 3749 851 3788 non
890 3742 1032 3788 metu
1065 3748 1235 3802 paena:
1268 3742 1612 3797 coercentur,
1643 3737 2080 3803 committantur,

511 3836 635 3889 qua:
682 3830 955 3874 nostrates
990 3822 1232 3891 quotidie
1265 3830 1504 3890 patrant.
1535 3838 1731 3893 magno
1770 3839 2003 3879 ntmrore
2028 3835 2086 3881 et

524 3910 861 3965 desolatione
886 3911 1108 3977 alliciar,
1144 3911 1388 3965 homines
1418 3913 1608 3967 videns
1662 3914 1808 3969 nullo
1866 3915 2083 3971 virtutis

513 4003 691 4061 studio
738 4011 792 4058 et
849 4004 1074 4074 honoris
1127 4003 1384 4058 instinctu
1433 4003 1644 4057 ductos.
1692 4003 1788 4060 His
1831 4008 2084 4064 omnibus

513 4106 693 4152 mente
735 4098 1043 4165 ponderatis
1071 4107 1125 4151 et
1151 4098 1381 4154 Novella:
1414 4104 1594 4168 regire,
1631 4113 1750 4165 quas
1783 4101 2081 4156 canonicas

513 4191 770 4256 quasdam
805 4190 1181 4259 dispositiones
1223 4203 1452 4260 spectat,
1487 4192 1698 4246 ratione
1748 4191 1953 4256 habita,
1988 4192 2083 4246 lio-

512 4278 851 4332 micidiormn
892 4281 1241 4335 incitamenta
1276 4293 1331 4336 et
1359 4297 1573 4346 causas,
1616 4275 1874 4351 quantum
1904 4281 1960 4334 in
1995 4296 2081 4336 me

512 4379 615 4432 est,
655 4371 890 4430 abolere.
925 4381 979 4424 et
1016 4369 1247 4426 Novella:
1281 4386 1588 4428 memorata:
1622 4375 1853 4441 vigorem
1880 4374 2080 4427 addere

511 4462 567 4515 in
603 4463 784 4516 animo
813 4464 994 4517 statui.
1018 4492 1023 4500 -

2184 3482 2292 3555 χρὴ
2351 3481 2558 3551 ταύτην
2608 3478 2882 3548 γίνεσθαι.
2911 3476 3126 3544 Ταύτης
3178 3476 3238 3529 δέ
3275 3476 3374 3544 τῆς
3421 3474 3754 3544 νομοθεσίας

2184 3575 2409 3629 κάκεῖνο
2438 3572 2501 3643 δὴ
2538 3569 2738 3639 συνέΰη
2775 3569 2838 3621 τὸ
2896 3568 3085 3638 μέρος,
3121 3565 3265 3634 λέγω
3308 3564 3374 3645 δη
3421 3563 3523 3634 τὴν
3552 3565 3754 3632 ἀειφυ-

2184 3662 2343 3733 γίαν,
2363 3663 2442 3725 είς
2472 3660 2713 3728 παντελῆ
2735 3657 3040 3727 ἀχρηστίαν
3064 3655 3277 3709 ἐλάσαι.
3306 3653 3483 3721 Λόγος
3512 3653 3622 3721 γὰρ
3653 3653 3754 3704 νῦν

2181 3754 2475 3824 ἀειφυγίας
2515 3751 2712 3814 οὐδεὶς,
2759 3748 2897 3815 ἀλλά
2940 3747 3145 3808 πάντες
3185 3746 3238 3797 οί
3279 3744 3539 3813 φονευταὶ
3572 3742 3754 3804 ἀδεῶς

2183 3848 2278 3902 καὶ
2306 3845 2471 3900 πάλιν
2499 3845 2677 3896 ἐκεῖσε
2709 3839 3136 3912 περινοστοῦσιν
3161 3837 3289 3892 ἔνθα
3329 3837 3391 3889 τὸ
3428 3837 3600 3904 μύσος
3626 3835 3749 3905 clp-

2182 3937 2443 4005 γάσαντο.
2475 3933 2676 4002 Πρὼην
2707 3931 2806 4002 μιν
2862 3930 2976 3999 γὰρ
3027 3930 3077 3981 οι
3106 3929 3165 3979 ἐν
3187 3928 3296 3988 τοῖς
3325 3925 3558 3995 θέμασιν
3608 3926 3752 3978 ἀπο-

2185 4027 2557 4095 στελλόμενοι,
2587 4022 2699 4075 εἴτε
2730 4020 3018 4090 πολιτικὴν
3045 4016 3474 4089 περιεζωσμένοι
3496 4015 3686 4086 ἀρχὴν
3715 4016 3750 4085 ἢ

2180 4119 2278 4173 καὶ
2311 4115 2712 4189 στρατιωτικὴν
2743 4112 3084 4183 ἐνδεδυμένοι
3138 4107 3316 4172 ἀξίαν,
3348 4108 3510 4176 φόνου
3542 4107 3751 4177 τολμη-

2181 4213 2385 4277 θέντος,
2419 4209 2685 4262 ἔσπευδεν
2711 4207 2942 4267 ἕκαστος
2969 4202 3065 4257 καὶ
3088 4200 3182 4254 τοῦ
3209 4200 3396 4270 ἐτέρου
3419 4199 3750 4267 προέτρεχε.

2180 4304 2273 4358 τὸν
2307 4302 2474 4372 φονέα
2529 4299 2816 4354 συλλαϐεῖν
2863 4292 3306 4365 προθυμούμενοι
3358 4289 3454 4342 καὶ
3505 4291 3608 4358 τὴν
3659 4288 3751 4340 ἐπ’

2186 4391 2336 4462 αὑτῷ
2372 4389 2718 4456 ἐπεξέλευσιν
2761 4386 2905 4441 κατὰ
2957 4381 3190 4452 νομικὴν
3233 4377 3559 4432 ἀκολουθίαν
3586 4373 3754 4444 ποιή-

2184 4485 2403 4543 σασθαι,
2448 4482 2545 4534 καὶ
2585 4479 2674 4532 διὰ
2701 4479 2796 4546 τῆς
2843 4475 2938 4529 ἐπὶ
2965 4474 3139 4540 τούτῳ
3169 4469 3447 4530 κολάσεως
3488 4469 3752 4520 ἀναστεῖ-

511 4570 601 4623 λαι
648 4571 772 4632 τοὺς
830 4571 1227 4639 ὁμοιόφροναςο
1285 4569 1382 4624 νῦν
1427 4573 1482 4624 δὲ
1530 4574 1579 4625 oi
1616 4574 1728 4635 τοῖς
1773 4564 2002 4643 θέμασιν
2057 4573 2338 4642 ἄρχοντες,
2369 4571 2445 4632 ὡς
2483 4567 2742 4639 μανθάνει
2791 4566 2834 4635 η
2874 4561 3281 4634 βασιλείαμου,
3306 4557 3400 4611 τοῦ
3437 4555 3603 4610 καλοῦ
3645 4555 3751 4625 μὲν

510 4663 731 4726 τελείως
782 4663 1112 4732 ἠλογηκότες
1168 4663 1263 4717 καὶ
1317 4663 1472 4732 πρὸς
1503 4667 1603 4734 τὴν
1658 4666 1768 4718 τῶν
1821 4664 2124 4734 ἀνθρώπων
2189 4665 2464 4733 σωτηρίαν
2521 4660 2911 4721 συντείνοντος»
2964 4656 3022 4708 ἓν
3071 4651 3127 4706 δδ
3187 4650 3282 4703 καὶ
3324 4649 3486 4723 μόνον
3528 4649 3751 4714 συμπέ’

515 4773 700 4828 ρασμα
751 4758 849 4826 τῆς
901 4742 1029 4824 ὅλης
1083 4754 1263 4808 αὐτῶν
1311 4755 1592 4825 ἐνεργείας
1641 4755 1957 4824 ποιούμενοι
2003 4754 2095 4807 τὸν
2130 4753 2516 4826 χρηματισμὸν
2554 4754 2647 4805 καὶ
2689 4751 2788 4821 τὴν
2839 4749 3014 4812 κακὴν
3055 4742 3498 4815 αίσχροκέρδειαν
3536 4741 3749 4794 καὶ-τὸ

511 4852 693 4921 κέρμα
740 4848 1182 4918 περιχάσκοντες,
1221 4849 1309 4901 οὐ·
1343 4849 1503 4919 μόνον
1565 4851 1665 4904 οὐκ
1703 4848 2154 4920 ἀναψηλαφῶσιν,
2182 4850 2271 4901 ὅτε
2315 4848 2474 4916 φόνος
2503 4863 2585 4908 τις
2636 4848 2696 4899 ἐν
2813 4845 3057 4899 διέπουσι
3110 4846 3264 4915 χώρᾳ
3318 4846 3564 4910 γένηται.
3609 4853 3746 4898 τους

510 4945 570 4995 τὸ
621 4941 860 4996 τοιοῦτον
899 4940 1069 4993 δεινὸν
1103 4941 1622 5010 πλημμελήσαντας,
1672 4942 1806 5008 ἀλλ’,
1841 4941 1869 4994 δ
1898 4941 2089 4993 τούτου
2125 4939 2421 5010 χείριστον,
2450 4939 2594 5001 τινὲς
2645 4933 2753 4990 τῶν
2780 4934 3058 5012 ,τοιούτων
3105 4937 3200 4989 καὶ
3247 4936 3374 4997 τοὺς
3407 4933 3508 5003 ήδη
3550 4946 3748 5000 φωρα-

514 5032 707 5096 υέντας
738 5033 830 5087 ὑπ’
875 5034 1054 5088 αὐτῶν
1101 5036 1196 5088 καὶ
1238 5034 1609 5107 κρατηθέντας
1649 5035 2106 5106 περικρύπτουσι,
2159 5036 2255 5087 καὶ
2309 5033 2583 5102 λαθραίως
2637 5031 2716 5095 είς
2779 5031 2880 5107 τὴν
2928 5030 3186 5100 Μεγάλην
3231 5028 3558 5096 Ἐκκλησίαν
3610 5042 3748 5095 προσ

514 5129 809 5195 πέμπουσι.
866 5127 1000 5192 Περὶ
1056 5126 1111 5179 δὲ
1150 5127 1259 5179 τῶν
1295 5127 1597 5196 γινομένων
1647 5129 1733 5180 ἐπ’
1769 5129 1956 5190 αὐτοις
1984 5127 2123 5195 μετὰ
2161 5125 2224 5179 τὸ
2265 5127 2634 5195 προσδραμεῖν
2663 5126 2730 5193 τῇ
2761 5122 3042 5192 ἁγιωτάτῃ
3070 5121 3164 5173 τοῦ
3202 5119 3339 5172 Θεοῦ
3368 5117 3673 5186 Ἐκκλησία.
3709 5119 3744 5181 ή

517 5217 618 5286 μὲν
675 5217 922 5288 βασιλεία
981 5236 1084 5288 μου
1144 5219 1388 5289 ἀκριϐῶς
1443 5220 1542 5271 οὐκ
1576 5215 1750 5271 οἶδεν*
1781 5221 1968 5272 ἀκούει
2001 5220 2057 5272 δέ
2095 5219 2248 5286 ὅμως
2274 5219 2374 5271 οὐκ
2407 5216 2606 5286 ἀγαθὰ,
2649 5215 2744 5273 καὶ
2794 5213 3187 5274 ἀπλῶςτοῦτο
3221 5211 3279 5277 ἐξ
3321 5210 3576 5264 ἀπάντων
3603 5208 3745 5261 dno.-

510 5310 765 5372 τελεῖται,
801 5310 861 5362 τὸ
897 5311 954 5362 ἐν
991 5311 1151 5365 παντὶ
1174 5312 1325 5378 τόπῳ
1352 5309 1429 5378 τῷ
1469 5309 1573 5363 ὑπὸ
1597 5309 2027 5379 τὴνῬωμαῖκὴν
2049 5309 2405 5378 ἐπικράτειαν
2436 5308 2629 5376 φόνους
2661 5305 2832 5366 ἀδεῶς
2860 5303 3181 5374 καθημέραν
3207 5300 3528 5368 τολμᾶσθαι.
3571 5299 3748 5352 Ὅταν

512 5397 604 5454 οὖν
633 5403 664 5470 ἡ
697 5400 941 5469 βασιλεία
974 5420 1073 5472 μου
1111 5402 1498 5471 ἀναλογίσηται
1531 5403 1665 5471 ὅπερ
1696 5405 1824 5471 παρ’
1844 5402 2072 5464 ἔθνεσιν,
2101 5401 2136 5454 ἃ
2169 5402 2307 5469 μήτε
2339 5400 2498 5469 νόμος
2530 5399 2671 5461 θεῖος
2704 5396 2931 5466 ἀπεῖρξε
2965 5397 3102 5465 μήτε
3136 5393 3434 5464 μελλούσης
3491 5389 3585 5443 καὶ
3615 5406 3748 5459 φρι-

514 5497 651 5564 κτῆς
676 5494 945 5558 κολάσεως
971 5489 1166 5565 ἀπειλὴ
1199 5495 1292 5547 τοῦ
1315 5495 1500 5557 κακῶς
1520 5497 1599 5555 είς
1627 5493 1888 5560 ἀλλήλους
1919 5496 2092 5545 ποιεῖν
2125 5493 2538 5560 ἀνεχαίτισε,τά
2574 5490 2800 5555 τοιαῦτα
2825 5489 2931 5542 τῶν
2969 5487 3376 5558 ἁμαρτημάτων
3405 5484 3606 5537 σπάνια
3648 5482 3748 5535 καὶ

516 5588 602 5641 διὰ
631 5587 821 5655 χρόνου
853 5587 1177 5655 τολμῶνται,
1212 5588 1267 5639 ἐν
1300 5587 1353 5639 δὲ
1397 5589 1462 5655 τῇ
1504 5587 1627 5640 καθ’
1672 5587 1817 5654 ἡμᾶς
1870 5584 2022 5654 χώρᾳ
2065 5584 2250 5651 σχεδὸν
2283 5583 2401 5637 καθ’
2441 5583 2681 5650 ἑκάστην
2730 5578 3195 5649 πλημμελοῦνται,
3232 5576 3401 5644 πόσης
3433 5573 3588 5633 ἀνίας
3643 5575 3748 5641 ἐμ-

521 5679 816 5747 πίπλαται;
861 5679 1084 5745 Ὶίλίκης
1144 5678 1199 5731 δὲ
1259 5678 1492 5747 ἀθυμίας
1551 5680 1641 5731 καὶ
1695 5684 1853 5731 τοῦτο
1900 5677 2067 5729 αίιιον
2111 5678 2245 5745 μετά
2301 5677 2406 5730 τῶν
2459 5675 2632 5729 ἄλλων
2681 5675 2746 5743 τῇ
2800 5671 3046 5742 βασιλείᾳ
3091 5688 3190 5740 μου
3229 5668 3461 5736 γίνεται,
3493 5665 3600 5718 τῶν
3643 5665 3748 5720 νῦν
