3952 6328
211 319 320 380 735
1306 315 1674 378 NOVELLrE
1705 315 1948 376 CONST
1958 318 2274 378 l'I‘UTION
2284 320 2399 381 ES.
3350 311 3457 370 7C6

208 428 506 497 ἀνθρώπων
562 426 899 498 κατανοούσῃ
947 427 1006 478 τδ
1037 426 1181 518 .περὶ
1222 425 1324 495 τὴν
1369 427 1798 498 δικαιοπραγίαν
1851 426 2140 496 ὀλίγωρον,
2185 431 2281 480 καὶ
2337 429 2401 480 τδ
2449 429 2652 498 μηδένα
2705 429 2872 496 ζῆλον
2926 427 3068 494 ἔχειν
3108 423 3308 484 αὐτοὺς
3358 407 3456 474 τοῦ

211 523 376 575 καλοῦ
407 523 619 589 καὶτῆς
652 523 886 590 ἀρετῆς;
919 515 1104 574 Ταῦτα
1153 519 1330 574 πάντα
1378 521 1766 588 κατανοήσασα
1803 522 1838 586 ή
1867 519 2116 589 βασιλεία
2171 540 2298 590 μου,
2346 522 2824 591 προσλογισαμένη
2867 520 2926 573 δὲ
2976 519 3072 570 καὶ
3117 516 3178 569 τὺ
3209 515 3304 567 τοῦ
3361 518 3459 584 ρη-

209 616 389 678 θέντος
435 613 629 684 νεαροῦ
677 615 958 684 βασιλικοῦ
1007 614 1374 683 διατάγματος
1425 612 1519 665 tu!
1567 628 1678 666 τισι
1733 615 2050 675 κανονικαῖς
2106 611 2419 676 διατάξεσιν
2478 613 2724 666 ἐναντίον
2785 613 2878 663 καὶ
2932 609 3108 670 ἄλλως
3169 607 3448 674 ἀδόκιμον,

206 707 484 776 ἐφρόντισε
511 706 651 759 κατὰ
673 707 733 757 τδ
763 703 1043 774 ἐγχωροῦν
1067 702 1243 756 καὶτὸ
1269 702 1364 756 τοῦ
1394 703 1559 770 φόνου
1587 701 1759 770 μύσος
1791 699 2132 766 ἀναστεῖλαι,
2172 703 2264 753 καὶ
2292 703 2362 755 τά
2387 701 2487 769 τῆς
2517 701 2719 770 νεαρᾶς
2743 699 3165 769 διορθώσασθαι.

273 843 343 897 α’.
371 844 809 913 Παρακελεόεται
837 837 930 896 οῦν
967 843 1136 897 ἅπασι
1165 845 1281 904 τοῖς
1311 843 1372 894 ὲν
1403 841 1608 910 θέμασι
1633 833 1770 893 διαι-

1945 838 1998 891 l.
2020 839 2280 894 Omnibus
2307 839 2567 907 maiestas
2589 853 2704 890 mea
2728 835 3129 906 provinciarum
3159 830 3456 900 iudicibus,

205 938 416 1004 τηταῖς,
438 937 533 988 καὶ
559 936 678 997 ταῖς
711 936 768 986 ὲν
794 935 977 996 αὐτοῖς
1010 934 1198 996 οὔσαις
1237 931 1657 1002 στρατιωτικαῖς
1679 930 1772 982 δυ-

1878 939 1930 984 et
1959 930 2283 984 militaribus
2314 930 2508 997 copiis,
2555 943 2673 996 qua:
2716 929 2767 980 in
2814 927 2893 980 eis
2937 934 3085 986 sunt,
3137 923 3461 990 illarumqne

206 1025 412 1092 νάμεσιρ
451 1027 548 1077 καὶ
591 1027 705 1085 τοῖς
755 1024 964 1076 τούτων
1019 1023 1366 1092 στρατηγοῖς,
1424 1020 1663 1091 ἔνθαπερ
1704 1017 1772 1072 ἂν

1878 1020 2103 1074 ducibus
2153 1021 2398 1090 praecipit
2447 1018 2596 1086 (26),
2679 1028 2736 1070 ut
2791 1018 3102 1082 ubicunque
3149 1013 3458 1066 voluntaria

204 1114 450 1176 ἑκούσιος
501 1115 659 1181 φόνος
713 1114 939 1183 γένηται
991 1115 1088 1166 καὶ
1136 1113 1384 1183 τολμηθῇ
1441 1110 1684 1163 τοιοῦτόν
1717 1125 1771 1161 τι

190 1208 356 1272 ,παρά
404 1221 570 1266 τινος,
606 1202 807 1256 αὐτίκα
852 1196 1074 1265 πάντας
1111 1201 1476 1273 διεγείρεσθαι
1527 1201 1610 1262 εἰς
1669 1198 1770 1269 τὴν

205 1296 299 1349 τοῦ
338 1294 542 1364 φονέως
567 1293 914 1362 κατάσχεσιν,
945 1294 1040 1345 καὶ
1064 1293 1284 1361 δέσμιον
1311 1292 1479 1344 αὑτὸν
1507 1290 1794 1348 dicentia,

204 1387 319 1439 ὶειν
346 1385 481 1453 πρὸς
512 1385 613 1453 τὴν
653 1383 926 1454 βασίλειον
954 1384 1264 1453 περιωπήν,
1312 1383 1346 1452 ἢ
1392 1384 1599 1450 ταύτης
1634 1383 1773 1433 ἁπο-

202 1476 480 1547 δημούσης
675 1474 768 1526 τὸν
798 1473 1036 1543 ἔπαρχον
1063 1472 1163 1541 τῆς
1196 1471 1568 1540 θεοφυλάκτου
1601 1487 1772 1540 μεγα-

201 1565 489 1629 λοπόλεως,
533 1563 676 1625 ὥστε
716 1565 797 1626 εἰς
830 1565 1098 1634 δημοσίαν
1135 1562 1386 1632 φυλακὴν
1425 1561 1768 1630 εἰσάγεσθαι,

206 1657 298 1708 καὶ
353 1655 451 1719 τάς
478 1653 799 1723 σωματικὰς
831 1654 927 1707 καὶ
969 1653 1235 1716 οὗσιακάς
1283 1653 1429 1706 κατά
1470 1669 1532 1704 τε
1572 1655 1772 1719 νόμους

183 1746 297 1798 ’καὶ
324 1746 431 1822 τὴν.
460 1745 571 1798 τῶν
608 1744 820 1815 νεαρῶν
854 1744 1242 1812 θεσπισμάτων
1271 1743 1503 1812 δύναμιν
1531 1745 1626 1797 καὶ
1650 1743 1770 1795 ἐτέ-

205 1855 304 1908 ρας
339 1837 645 1904 ἀποστῆναι
675 1836 928 1898 κολάσεις
971 1853 984 1866 ·
1015 1834 1233 1904 εἰδότων
1271 1834 1479 1888 τούτων
1515 1835 1774 1889 ἁπάντων

203 1928 274 1990 ὡς
306 1927 365 1979 ετ
395 1945 476 1989 τις
508 1924 788 1996 φωραθείη
825 1925 1123 1995 δυνάμενος
1151 1927 1452 1994 κατασχεῖν
1482 1925 1573 1978 τὸν
1597 1926 1768 1994 φονέα

203 2019 295 2072 καὶ
326 2020 406 2095 μὴ
436 2016 593 2070 τοῦτο
622 2017 878 2086 ποιήσας,
897 2015 1042 2069 οὕτω
1082 2015 1298 2086 μέλλειν
1339 2015 1766 2085 κατακριθῆναι,

1873 1110 2050 1165 πόθε
2081 1111 2222 1165 facta
2264 1111 2452 1174 luerit,
2499 1107 2683 1178 aliquo
2717 1109 2822 1162 tale
2857 1108 3114 1177 quiddam
3155 1119 3289 1157 auso
3322 1118 3460 1156 con-

1873 1203 2054 1256 festim
2082 1217 2274 1258 omnes
2322 1204 2388 1255 ad
2437 1201 2895 1270 prmhcudcndum
2945 1196 3274 1251 homicidam
3307 1196 3462 1249 exci-

1875 1302 2083 1356 tentur,
2133 1307 2366 1362 eumque
2412 1293 2656 1347 vinctum
2715 1291 3078 1358 imperatoria:
3123 1287 3461 1353 circumspe-

1873 1386 2042 1438 ctioni
2076 1385 2318 1446 mittant,
2361 1389 2455 1437 aut
2498 1383 2545 1437 si
2588 1397 2650 1435 ea
2675 1395 2899 1451 peregre
2953 1379 3119 1442 absit,
3155 1380 3220 1430 ad
3255 1392 3464 1445 magna:

1871 1477 2243 1544 divinitusquc
2278 1475 2562 1531 custodita:
2602 1475 2753 1528 urbis
2800 1470 3138 1540 prtcl'ectum,
3190 1477 3246 1522 ut
3286 1467 3462 1536 publi~

1872 1582 1992 1621 cam
2041 1567 2094 1620 in
2147 1567 2451 1620 custodiam
2505 1565 2827 1627 deducatur,
2880 1571 2934 1614 et
2984 1568 3093 1613 tam
3146 1547 3462 1626 corporales

1872 1671 2035 1725 quam
2089 1655 2376 1718 bonormn,
2425 1653 2669 1722 aliasque
2712 1661 2972 1722 preterea
3029 1663 3244 1719 plenas,
3303 1647 3460 1716 juxta

1875 1747 2022 1815 leges
2065 1758 2120 1800 et
2173 1746 2506 1816 novellarum
2573 1745 2912 1799 san’ctiouum
2967 1741 3205 1812 vigorem
3275 1737 3460 1792 lerat:
3507 1740 3516 1752 '

1872 1836 2170 1891 scientibus
2202 1836 2289 1889 his
2322 1834 2616 1896 universis,
2650 1833 2914 1894 futurum,
2947 1841 3003 1883 ut
3035 1831 3078 1884 si
3121 1835 3458 1896 compertum

1871 1925 2059 1989 fuerit,
2097 1924 2334 1994 aliquem
2367 1925 2606 1989 potuisse
2661 1922 2988 1976 homicidam
3030 1917 3462 1988 apprehendere,

1875 2026 1985 2072 nec
2021 2017 2073 2070 id
2125 2016 2357 2082 iecisse;
2391 2031 2501 2068 non
2539 2029 2697 2068 secus
2747 2014 2792 2066 is
2837 2012 3256 2072 condemnetur,
3294 2018 3462 2076 atque

203 2109 298 2173 ὡς,
322 2108 462 2160 κατὰ
488 2107 752 2178 βασιλέως
781 2106 1297 2176 βουλευσάμενος.Εί
1319 2105 1365 2158 δ’
1392 2107 1521 2168 ἴσως
1543 2105 1772 2178 διαλάθῃ

1878 2111 1921 2164 si
1954 2096 2257 2178 maiestatis
2287 2108 2497 2163 crimen
2526 2105 2854 2160 admisisset.
2884 2105 3036 2170 Quod
3073 2103 3137 2171 si.
3162 2100 3286 2170 quis
3314 2097 3460 2152 forte

200 2217 283 2259 τις
323 2199 421 2252 καὶ
455 2191 750 2269 προσερύγῃ
789 2202 855 2268 τῇ
890 2197 1173 2268 ἁγιωτάτῃ
1216 2195 1311 2249 τοῦ
1361 2196 1498 2250 Θεοῦ
1545 2195 1771 2266 Μεγάλῃ

218 2289 536 2359 Ἐκκλησία,
568 2288 708 2358 μετὰ
732 2288 795 2340 τὸ
827 2288 1096 2357 προϐῆναι
1120 2286 1187 2340 τὰ
1213 2287 1652 2358 ὲκκλησιαστικά
1681 2287 1773 2338 ἐπ’

205 2381 353 2449 αὐτῷ
410 2380 696 2448 ἐπιτίμια,
753 2380 896 2433 κατὰ
942 2379 1042 2448 τὴν
1101 2377 1334 2448 νομικήν
1384 2379 1770 2448 παρατήρησιν

209 2469 569 2540 ὲνδημοῦντος
607 2471 706 2537 μὶν
743 2470 838 2520 τοῦ
898 2467 1225 2537 κρατοῦντος
1279 2471 1348 2538 τῇ
1400 2468 1770 2541 βασιλευούσῃ

204 2560 310 2611 τῶν
350 2559 580 2621 πόλεων,
608 2556 743 2626 παρ’
767 2556 934 2610 αὑτοῦ
958 2557 1396 2627 ἀποσταλήσεται
1423 2560 1508 2622 είς
1534 2559 1598 2612 τδ
1625 2557 1773 2627 θέμα

205 2651 387 2707 ὁποῖον
429 2647 497 2702 ἂν
532 2647 819 2720 ἑπικρίνῃ,
849 2647 990 2700 ὥστε
1024 2647 1118 2700 τὸν
1145 2648 1338 2718 χρόνον
1367 2648 1467 2718 τῆς
1505 2648 1636 2719 δλης
1664 2651 1769 2703 αὐ-

205 2740 295 2793 τοῦ
325 2739 469 2808 ζωῆς
492 2739 673 2791 ἐκεῖσε
699 2737 1060 2803 διαϐιϐάζειν,
1103 2728 1195 2792 καὶ
1227 2739 1303 2810 μὴ
1335 2739 1548 2792 ἐκεῖθεν
1577 2741 1774 2796 άποδι-

205 2831 481 2900 δράσκειν,
526 2830 673 2889 ὥστε
724 2811 1123 2905 ξπανατρέχειν
1179 2829 1310 2887 ἔνθα
1349 2831 1413 2884 τὸ
1457 2831 1554 2885 τοῦ
1603 2833 1770 2898 φόνου

208 2920 375 2993 μύσος
403 2922 735 2992 εἰργάσατο·
783 2921 1191 2992 ἀποδημοῦντος
1228 2921 1276 2973 δ’
1319 2922 1450 2984 ἴσως
1484 2921 1578 2976 τοῦ
1616 2921 1774 2992 βασις

205 3014 368 3079 λέως,·
404 3013 559 3085 παρὰ
586 3012 708 3066 τοῦ·
731 3013 974 3084 ἐπάρχου
1006 3011 1103 3082 (ὡς
1132 3012 1372 3084 εἴρηται)
1398 3011 1480 3075 εῐς
1507 3029 1632 3068 τινα
1666 3013 1776 3066 τῶν

209 3105 543 3175 πορρωτέρω
575 3101 770 3173 χωρῶν
808 3101 1221 3173 ἐξορισθήσεται
1247 3103 1343 3156 καὶ
1372 3101 1470 3156 τὸν
1499 3104 1599 3172 τῆς
1627 3102 1777 3174 ζωῆς

207 3194 372 3251 αὐτοῦ
406 3193 603 3264 χρόνον
632 3193 811 3246 εκεῖσε
836 3191 1103 3246 διανύσει.
1482 3184 1486 3193 ’

275 3325 340 3397 β’.
372 3328 472 3380 ’Δν
513 3326 574 3379 δέ
623 3341 689 3394 γε
730 3323 806 3394 μὴ
841 3321 1004 3393 μόνον
1057 3323 1359 3389 ἑκουσίως,
1387 3323 1531 3378 ,ἀλλὰ
1565 3324 1664 3377 καὶ
1711 3327 1778 3378 ἐκ

211 3417 438 3487 μελέτης
461 3415 558 3470 τὸν
597 3415 758 3484 φόνον
790 3412 1102 3483 ιργάσοιτο,
1143 3414 1244 3466 οὐκ
1283 3414 1772 3483 ἀναγκασθήσεται

1876 2201 2015 2254 clam
2047 2198 2385 2260 evaserit,-et
2412 2197 2478 2266 ad
2509 2193 2904 2249 sanctissimam
2939 2191 3028 2245 Dei
3068 2189 3328 2257 majorem
3360 2183 3464 2237 Ec-

1872 2289 2097 2343 clesiam
2150 2286 2477 2355 confugerit,
2529 2292 2812 2352 postquam
2857 2278 3246 2334 θειοιρείοειίιιαι
3291 2287 3464 2343 paena:

1877 2379 2141 2430 adversus
2176 2392 2300 2429 eum
2337 2365 2724 2442 processerint,
2756 2368 3056 2446 secundum
3101 2366 3244 2435 juris
3272 2364 3464 2418 obser-

1879 2467 2180 2530 vationem,
2210 2466 2256 2518 si
2289 2465 2506 2531 quidem
2540 2463 2795 2530 princeps
2826 2464 2893 2513 ad
2927 2460 3118 2512 urbem
3157 2453 3490 2523 imperatri-.

1877 2572 1996 2610 cem
2049 2556 2142 2620 sit,
2189 2553 2258 2607 ab
2299 2568 2366 2608 eo
2417 2554 2471 2607 in
2524 2553 2670 2606 illam
2722 2550 3053 2620 provinciam
3099 2545 3461 2614 ablegabitur,

1879 2662 2044 2716 quam
2075 2647 2334 2716 princeps
2365 2645 2689 2707 decreverit,
2719 2649 2779 2696 ut
2805 2656 2969 2696 omne
2998 2640 3164 2705 totius
3195 2638 3319 2691 vitae
3351 2650 3464 2690 sua:

1883 2748 2098 2806 tempus
2124 2736 2250 2791 istic
2278 2735 2482 2805 exigat,
2515 2724 2615 2788 nec
2639 2730 2787 2786 illinc
2831 2732 3095 2799 aufugiat,
3125 2744 3252 2784 eum
3285 2729 3352 2783 ad
3387 2728 3465 2780 Io-

1876 2846 2000 2885 cnm
2031 2842 2348 2892 recurrens,
2373 2841 2482 2897 quo
2507 2827 2560 2880 in
2584 2826 2704 2880 loco
2725 2824 2998 2896 piaculum
3028 2822 3195 2878 eacdis
3216 2821 3459 2875 admisit.

1877 2923 1976 2976 Sin
2010 2921 2150 2976 forte
2181 2935 2408 2990 peregre
2437 2919 2694 2987 princeps
2717 2916 2875 2980 absit,
2915 2930 2944 2969 a
2977 2912 3232 2983 praefecto
3275 2910 3464 2982 (veluti

1877 3013 2081 3068 dictum
2112 3013 2217 3079 est)
2249 3010 2301 3064 in
2331 3008 2680 3079 remotiorem
2720 3007 3015 3075 quamdam
3061 3004 3342 3074 regionem
3370 3002 3466 3058 de-

1877 3103 2202 3176 portahitur,
2231 3109 2285 3155 et
2315 3099 2390 3156 ibi
2421 3099 2548 3154 vitae
2571 3114 2684 3154 sua:
2713 3097 2945 3168 spatium
2975 3104 3218 3166 peraget.

1946 3330 2001 3385 2.
2030 3329 2186 3395 Quod
2216 3328 2261 3382 si
2296 3342 2404 3383 non
2457 3324 2762 3380 voluntarie
2791 3332 3025 3387 tantum,
3061 3336 3266 3377 verum
3301 3321 3464 3375 etiam

1877 3421 2128 3476 consulto
2166 3421 2370 3474 caedem
2411 3417 2847 3488 perpetraverit:
2883 3432 2987 3470 non
3035 3414 3310 3484 cogendus
3336 3414 3464 3477 erit,

210 3510 348 3563 κατὰ
374 3509 476 3577 τὴν
519 3506 927 3577 προρρηθεῖσαν
959 3504 1246 3575 βασιλικὴν
1275 3505 1522 3570 διάταξιν
1552 3505 1772 3558 ἀποκα-

1878 3523 1937 3567 ut
1983 3510 2278 3586 secundum
2333 3510 2626 3563 iudicatam
2670 3508 2822 3578 prius
2881 3508 2996 3578 (27)
3053 3505 3462 3576 imperatoriam

211 3599 383 3669 βῆναι.
408 3598 473 3651 El
501 3596 613 3665 γάρ
642 3595 736 3650 τὸν
761 3597 1024 3658 ἑκουσίως
1059 3595 1463 3664 τῇάποκάρσει
1493 3611 1701 3664 προστρ
1715 3594 1771 3646 έ-

209 3707 365 3761 χοντα
389 3689 492 3743 οὐκ
507 3687 838 3742 άπεντεῦθεν
859 3690 894 3758 ή
925 3687 1182 3757 κανονική
1207 3685 1466 3757 άκρίϐεια
1489 3686 1581 3748 είς.
1597 3687 1772 3756 αὐτὴν

212 3778 597 3848 παραδέχεται,
625 3774 762 3829 ἀλλὰ
793 3775 982 3842 καιρὸν
1020 3774 1171 3845 αὐτῷ
1201 3775 1292 3827 τὸν
1336 3772 1615 3843 ἀρκοῦντά
1650 3774 1774 3827 επι-

214 3867 551 3936 μετρήσασα,
599 3866 696 3918 καὶ
737 3865 810 3918 δι’
853 3863 1024 3918 αὑτοῦ
1062 3865 1124 3917 τὸ
1155 3867 1257 3935 τῆς
1299 3863 1530 3934 γνώμης
1559 3865 1773 3917 ικείνου

213 3958 421 4027 βέϐαιον
444 3955 560 4010 εἴτε
594 3957 689 4010 καὶ
717 3959 929 4025 άπαγὶς
956 3956 1318 4025 βασανίσασα,
1347 3955 1508 4027 εἴπερ
1549 3957 1774 4027 εὑρήσει

211 4051 299 4101 τὸν
328 4048 618 4117 ἄνθρωπον
647 4049 713 4118 τῇ
747 4046 807 4110 εξ
825 4045 1001 4116 ἀρχῆς
1041 4044 1297 4114 προθέσει
1327 4045 1644 4114 στοιχοῦντα
1683 4047 1776 4099 καὶ

212 4139 285 4212 τῷ
340 4136 622 4210 μοναχικῷ
664 4137 1029 4206 πολιτεύματι
1075 4135 1170 4190 καὶ
1224 4138 1290 4205 τῇ
1348 4137 1620 4208 νεκρὼσει
1676 4136 1772 4190 τοῦ

215 4230 460 4302 σώματος
508 4230 720 4294 ἀόκνως
770 4229 964 4283 ἑαυτὸν
1021 4229 1534 4299 παρασκευάζοντα,
1585 4228 1776 4283 ἔκτοτε

215 4325 304 4374 καὶ
323 4324 428 4393 τὴν
454 4321 548 4380 τοῦ
574 4321 782 4390 άγαθοῦ
821 4321 986 4391 ἔργου
1017 4320 1168 4390 αὑτῷ
1197 4322 1603 4391 προσεπιφέρει
1629 4339 1774 4390 συμ-

217 4413 491 4484 πλήρωσιν
520 4413 599 4476 είς
622 4413 723 4483 τὴν
754 4413 1052 4484 μοναχικὴν
1079 4412 1356 4467 πολιτείαν
1384 4431 1443 4466 τε
1468 4414 1776 4483 παραδεξαο

219 4508 345 4577 μένη
380 4507 476 4559 καὶ
524 4506 862 4560 κατάστασιν
884 4520 898 4535 ·
935 4504 1051 4566 πῶς
1098 4503 1200 4556 οὐκ
1230 4502 1296 4556 ἂν
1331 4501 1416 4572 εἴη
1451 4503 1648 4570 άλογον
1679 4505 1775 4556 καὶ

215 4600 322 4661 τοῖς
362 4599 757 4669 πνευματικοῖς
808 4597 994 4664 νόμοις
1077 4595 1281 4667 ἀπᾷδον
1354 4595 1776 4664 άναγκαστικῶς

217 4688 604 4758 ἁποκείρεσθαί
640 4704 781 4753 τινα,
834 4688 928 4740 καὶ
972 4686 1144 4738 ταῦτα
1178 4686 1348 4750 φονέα
1376 4685 1434 4738 ὃν
1490 4686 1650 4755 μέχρι
1687 4701 1775 4738 το-

219 4779 400 4832 σούτου
417 4776 588 4838 όΘεὸς
608 4777 988 4844 ἀγκατέλιπεν,
1011 4764 1151 4829 ὥστε
1173 4776 1268 4828 καὶ
1299 4775 1574 4843 ἀδελφικῷ
1599 4790 1775 4844 χραν-

1879 3601 2331 3660 constitutionem
2369 3601 2679 3656 tondeatur.
2715 3599 2850 3654 Nam
2892 3599 2939 3654 si
2981 3608 3175 3667 sponte
3205 3612 3302 3650 sua
3332 3611 3461 3651 cur-

1883 3704 2094 3748 rentem
2123 3692 2192 3746 ad
2223 3701 2527 3756 tonsuram,
2577 3689 2684 3746 non
2724 3689 2844 3746 ideo
2889 3689 3076 3745 statim
3105 3688 3175 3743 ad
3206 3703 3327 3742 eam
3363 3702 3464 3742 ca-

1869 3785 2079 3840 nonica
2145 3783 2421 3838 subtilitas
2483 3781 2767 3847 admittit,
2828 3781 2925 3835 sed
2987 3779 3078 3833 ubi
3146 3773 3355 3846 tempus
3413 3775 3466 3832 ei

1879 3874 2155 3930 sulﬁciens
2183 3873 2475 3936 concessit,
2501 3886 2673 3942 eoque
2702 3869 2933 3924 durante
2963 3878 3198 3924 mentem
3232 3867 3466 3922 hominis

1879 3963 2216 4034 esploravit,
2277 3959 2432 4015 ﬁrma
2478 3962 2574 4026 sit,
2627 3975 2698 4015 an
2746 3960 3096 4022 inconstans;
3149 3957 3196 4010 si
3245 3955 3464 4024 quidem

1882 4051 2215 4120 compererit
2251 4065 2374 4104 eum
2422 4049 2600 4119 primo
2650 4048 2930 4118 proposito
2981 4039 3348 4119 insistentem,
3401 4059 3468 4097 ac

1883 4127 2626 4196 monastica'conversatione
2666 4147 2722 4193 et
2767 4137 3184 4193 ntortitlcatione
3214 4135 3466 4205 corporis

1881 4233 2114 4304 impigre
2168 4248 2227 4287 se
2284 4240 2722 4302 praeparantcm,
2774 4239 2888 4284 tum
2943 4230 3160 4282 demum
3216 4223 3464 4296 praeclari

1871 4326 2066 4395 .operis
2107 4325 2157 4380 ei
2198 4324 2651 4393 complementum
2685 4331 2738 4376 et
2767 4319 3160 4390 perfectionem
3210 4318 3367 4372 olIert
3397 4316 3465 4369 ad

1880 4417 2051 4473 vitam
2106 4416 2586 4482 conditionemque
2636 4410 2995 4466 monasticam
3036 4411 3322 4464 admisso:
3359 4425 3467 4477 quo

1882 4515 2043 4576 pacto
2085 4521 2191 4560 non
2235 4506 2469 4559 alienum
2507 4520 2538 4558 a
2590 4503 2796 4557 ratione
2841 4502 3026 4565 fuerit,
3075 4509 3127 4556 et
3176 4515 3206 4554 a
3258 4499 3466 4570 legibus

1882 4598 2276 4668 spiritualibus'
2313 4599 2649 4668 abhorrens,
2698 4596 2929 4664 aliquem
2981 4609 3078 4664 per
3127 4592 3464 4646 coactionem

1885 4690 2121 4750 tonderi,
2156 4701 2210 4742 et
2255 4688 2475 4756 quidem
2523 4686 2876 4750 homicidam,
2924 4699 3086 4753 quem
3121 4697 3295 4752 usque
3329 4683 3463 4735 adeo

1883 4780 2184 4835 deseruerit
2217 4781 2379 4843 Deus,
2407 4790 2466 4832 ut
2501 4780 2662 4834 etiam
2695 4778 2937 4831 fraterno
2963 4775 3229 4843 sanguine
3271 4789 3464 4826 manus

216 4868 368 4936 θῆναι
397 4868 492 4929 τὰς
529 4869 717 4936 χεῖρας
741 4869 970 4936 αῖματις
1013 4866 1142 4928 Δέος
1173 4865 1284 4936 γὰρ
1349 4866 1552 4935 μήπως
1606 4866 1773 4918 ἀκου-

1882 4871 2152 4940 polluerit.
2182 4871 2528 4926 Metuendum
2557 4871 2738 4935 enim;
2770 4884 2838 4923 ne
2865 4868 3046 4922 vitam-
3079 4869 3220 4920 hanc
3260 4864 3434 4934 angeli

193 4959 313 5031 .citp
342 4960 662 5029 προαιρέσει
693 4959 782 5012 τὸν
813 4956 1101 5025 άγγελικδν
1133 4955 1247 5031 βίον
1284 4954 1534 5008 ὑπελθὼν
1569 4955 1660 5006 καὶ
1686 4955 1777 5024 βία

219 5050 398 5104 τοῦτον
426 5050 858 5120 καταδεξάμενος
886 5051 964 5113 είς
1009 5029 1326 5118 ἐμπαιγμδν
1383 5050 1460 5117 τῷ
1514 5047 1778 5118 φρικώδει

222 5143 484 5210 χρήσηται
520 5142 764 5210 σχήματι
791 5157 804 5172 ·
853 5140 1132 5207 πεφύκασι
1185 5141 1296 5208 γάρ
1331 5139 1380 5192 οί
1421 5140 1529 5192 τῶν
1568 5139 1779 5208 ἀνί)ρὼ-

222 5247 331 5284 πων
363 5232 686 5300 κουφότεροι
734 5234 813 5293 είς
843 5232 1105 5285 ἀπόνοιαν
1143 5230 1476 5299 ἐμπεσόντες
1522 5231 1615 5282 καὶ
1657 5234 1777 5293 ταῖς

226 5325 517 5394 χειρίσταιε
540 5325 634 5376 καὶ
655 5324 1137 5393 παραϐολωτέραις
1162 5324 1463 5393 ὲπιτολμᾷν
1490 5323 1773 5395 πράξεσιν.

1875 4977 1998 5021 cam
2049 4968 2372 5020 adversante
2420 4966 2601 5018 animo
2644 4965 2944 5033 ingressus,
2981 4975 3153 5027 eaque
3205 4974 3300 5028 per
3354 4957 3459 5028 vim

1876 5065 2152 5124 suscepta,
2180 5057 2477 5110 reverendo
2501 5057 2687 5109 habitu
2712 5055 2779 5108 ad
2811 5053 3101 5107 ludibrium
3134 5060 3334 5104 utatur.
3369 5049 3460 5103 Sic

1875 5146 2021 5199 enim
2057 5145 2356 5213 comparati
2380 5153 2509 5199 sunt
2538 5146 2782 5199 homines
2810 5143 3059 5206 leviores,
3090 5153 3148 5196 ut
3175 5141 3264 5193 ubi
3296 5143 3458 5193 semel

1877 5226 2193 5288 demeutati‘
2227 5234 2453 5302 fuerint,
2505 5235 2740 5305 pessima
2790 5245 2844 5288 et
2892 5234 3126 5286 maxime
3170 5230 3458 5284 temerania

1886 5322 2127 5378 facinora
2165 5327 2520 5395 peraudacter
2547 5326 2940 5396 aggrediantur.
2961 5322 3320 5390 Quamobrem
3342 5333 3430 5375 ton
3455 5348 3460 5354 -

286 5592 397 5665 (ῼθ)
436 5592 666 5665 ςοττίεῑι
716 5603 921 5665 sextam
983 5594 1239 5647 novellam
1299 5593 1635 5648 Constantini
1686 5593 1736 5648 in
1780 5595 2046 5665 porphyra
2079 5595 2211 5650 nati.

289 5663 401 5734 (Ἦ)
440 5662 776 5718 Constantini
808 5664 1030 5728 scilicet,
1065 5665 1115 5717 in
1140 5666 1407 5734 porphyra
1440 5665 1569 5717 nati.
