3952 6328
623 245 733 310 179

1822 220 2221 308 MANUELIS
2260 217 2630 306 continui

3766 259 3849 322 780

623 353 886 412 scrutinio
914 350 1194 434 perpendi.
1248 353 1424 423 Atque
1462 350 1544 406 liae
1577 350 1791 421 quidem
1823 353 2050 407 rationis
2084 354 2178 420 ign

2312 371 2420 422 ρων
2453 354 2734 428 Πατέριον,
2766 360 2848 420 εἰς
2901 379 3066 432 μεσον
3102 362 3434 433 προτεθῆναι
3483 362 3847 438 ᾡκονομήσατο

617 449 935 521 exploratas,
991 447 1162 502 instar
1206 449 1322 502 auri
1355 445 1526 500 obrizi
1563 445 1912 516 deprehensas
1936 455 2084 509 sunt,
2121 447 2205 498 ui-

2311 449 2406 500 καὶ
2433 449 2552 516 μετ’
2575 451 2839 518 ἀκριϐοῦς
2872 452 3268 523 βασανισθῆναι
3300 455 3730 521 κατεξετάσεως.
3760 461 3846 512 Καὶ

623 541 806 613 hilque
844 541 1169 595 subauratum
1217 537 1497 603 habentes,
1573 550 1731 592 secus
1814 552 1879 592 ac
1939 535 2178 591 nonnulli

2307 537 2441 604 γοῦν
2470 541 2528 592 αῖ
2575 539 2676 609 μὲν
2718 542 3133 612 δοκιμασθεῖσαι
3174 544 3252 615 τῷ
3280 545 3376 599 τοῦ
3418 547 3583 615 λόγου
3638 532 3763 616 πὺρὶ
3789 548 3847 608 ὡς

621 640 782 687 antea
812 631 1109 684 videbatur.
1136 626 1634 683 Contradicentium
1669 637 1845 682 autem
1889 636 2178 696 argumenti

2305 629 2537 700 δσρυζον
2603 633 2828 703 χρυσίον
2903 635 3229 706 εὑρέθησαν,
3306 638 3474 708 μηδὲν
3570 639 3847 709 ὑπόχαλκον

622 723 1044 791 dissidentiaque
1096 721 1238 775 dicta
1289 719 1520 774 refutata
1567 729 1728 785 sunt;
1791 719 2061 796 unicoque
2086 731 2202 770 om-

623 813 771 868 nium
824 809 986 879 capiti
1035 809 1250 865 Christo
1296 822 1494 879 corpus
1517 808 1766 862 Ecclesiae
1789 806 2068 861 schistnati
2089 805 2200 873 iam

619 903 912 960 obnoxium
937 911 1058 970 apte
1083 913 1388 954 connexum
1417 909 1500 954 est
1543 907 1596 953 et
1619 897 2119 962 accommodatum;
2146 903 2200 950 et

614 993 707 1062 qui
774 1006 839 1045 ex
882 990 1074 1045 eodem
1133 988 1555 1060 regenerationis
1620 986 1992 1056 adoptinnisve
2050 984 2201 1040 fonte

614 1082 948 1156 prodierant,
983 1080 1219 1135 fraterna
1251 1079 1538 1133 concordia
1566 1077 1948 1148 sententiaque
1976 1078 2197 1133 coalue-
2225 1094 2229 1097 '

615 1184 763 1229 runt.
816 1172 951 1228 llinc
986 1173 1264 1227 detluitum
1289 1170 1411 1238 fuit,
1460 1170 1919 1239 quemadmodum
1950 1169 2054 1224 hoc
2093 1169 2197 1222 Do-

616 1269 746 1323 mini
773 1268 995 1329 dictum,
1023 1265 1325 1320 secundum
1360 1273 1600 1318 veterum
1639 1275 1913 1316 sacrarum
1961 1265 2196 1332 synodo-

613 1378 735 1419 rum
809 1357 1216 1428 religiosissima
1294 1355 1514 1425 placita,
1598 1353 2003 1416 intelligendum
2097 1352 2188 1406 sit.

615 1456 899 1508 Decretum
952 1449 1151 1520 quippe
1174 1448 1294 1512 fuit,
1353 1456 1412 1500 ut
1434 1446 1635 1500 dictum
1686 1444 1788 1498 hoc
1811 1452 1866 1498 et
1889 1445 2192 1499 secundum

610 1546 855 1600 diversas
885 1541 1024 1595 alias
1051 1539 1442 1607 intelligeretur
1488 1550 1551 1590 ac
1573 1535 1964 1605 praedicaretur
1987 1547 2018 1588 a
2052 1547 2193 1588 san-

609 1639 712 1692 ctis
788 1633 1035 1688 Patrilins
1099 1630 1273 1684 editas
1327 1628 1842 1696 interpretationes:
1906 1635 1958 1679 et
2027 1624 2190 1679 simul

2303 721 2666 791 ἐφελκόμεναι
2714 721 2788 796 [ὃ]
2831 727 3100 798 πρότερόν
3148 745 3292 781 τισιν
3332 729 3618 797 ἐνομίζετο
3663 744 3680 759 ·
3730 731 3847 782 alii

2302 811 2412 865 τῶν
2444 813 2606 883 μέχρι
2632 815 2752 867 τότε
2800 816 3193 885 ἀντιλεγόντων
3240 819 3528 882 ἐνστάσεις
3576 820 3669 873 καὶ
3701 821 3847 889 ἀσύμ-

2302 919 2472 972 φωνοι
2515 907 2694 972 φωναὶ
2743 905 3074 972 διαλύονται,
3123 911 3190 978 τῇ
3242 907 3298 960 δέ
3359 911 3462 980 μιᾷ
3508 892 3716 982 κεφαλῇ
3759 911 3847 962 τῶν

2300 990 2521 1044 πάντων
2553 993 2776 1064 Χριστῷ
2818 995 2882 1048 τὸ
2919 996 3324 1067 διασπασθῆναι
3352 999 3661 1053 κινδυνεῦον
3712 1001 3845 1070 σῶμα

2295 1082 2396 1150 τῆς
2439 1082 2761 1154 Ἑκκλησίας
2798 1076 3282 1157 συναρμολογεῖται
3306 1090 3401 1141 καὶ
3441 1090 3837 1158 συμϐιϐάζεται,

2297 1174 2394 1226 καὶ
2437 1174 2488 1227 οί
2525 1176 2593 1228 ἐκ
2633 1176 2732 1246 τῆς
2773 1177 2945 1247 αὐτῆς
3000 1178 3390 1250 κολυμϐήθρας
3449 1180 3842 1252 υίοθετηθέντες

2296 1266 2522 1336 ἀδελφοὶ
2567 1270 2982 1341 ὁμοφρονοῦντες
3027 1273 3125 1326 καὶ
3169 1275 3561 1345 ὁμογνώμονες
3604 1277 3844 1344 γίνονται.

2307 1357 2594 1413 Ἐντεῦθεν
2625 1361 2725 1416 καὶ
2748 1363 3140 1433 όρογραφεῖται
3172 1366 3240 1419 τά
3289 1369 3420 1436 περὶ
3459 1369 3583 1436 τῆς.
3613 1367 3845 1432 τοιαύτης

2292 1445 2386 1500 τοῦ
2417 1449 2628 1519 Κυρίου
2658 1452 2866 1522 φωνῆς,
2885 1453 3037 1516 ὅπως
3067 1453 3380 1518 ἀκολούθως
3413 1456 3573 1528 [τοῖς]
3603 1456 3845 1511 ἀνέκαθεν

2292 1538 2407 1591 τῶν
2447 1539 2905 1610 ιερῶν-συνόδων
2948 1543 3302 1610 εὐσεδάστοις
3345 1546 3615 1616 δόγμασιν
3661 1548 3845 1617 ὀφείλει

2292 1630 2843 1700 παραλαμϐάνεσθαι.
2883 1633 3214 1709 Κεκὺρωται
3256 1637 3366 1708 γὰρ
3399 1639 3546 1692 κατά
3562 1639 3661 1702 τὰς
3681 1639 3854 1708 διαφόο

607 1724 898 1800 secundum
924 1721 1085 1776 etiam
1117 1719 1405 1772 humanam
1430 1715 1654 1780 Christi,
1677 1723 1937 1779 creatam,
1955 1713 2178 1768 circum-

2300 1737 2428 1791 ρους
2452 1721 2551 1792 μὲν
2584 1723 2798 1793 ἐτέρας,
2827 1726 2980 1796 παρά
3005 1726 3115 1780 τῶν
3136 1729 3321 1797 -ἀγίων
3351 1730 3615 1800 Πατέρων
3667 1731 3723 1785 δέ
3766 1734 3846 1784 καὶ

606 1819 865 1886 scriptam
959 1810 1380 1884 passibilentque
1463 1818 1734 1872 naturam,
1803 1805 1857 1861 in
1883 1820 1990 1877 qua
2042 1805 2183 1861 idem

603 1909 858 1965 Christus
921 1916 1112 1975 passus
1154 1909 1257 1965 est,
1308 1908 1362 1953 et
1417 1900 1712 1954 secundum
1754 1897 1992 1967 reliquas
2024 1897 2182 1967 hujus

604 2007 812 2054 natura:
848 1995 1239 2065 proprietates;
1296 1992 1368 2046 ita
1422 1998 1481 2045 ut
1527 1988 1653 2044 hinc
1708 1997 1766 2044 et
1816 2002 1939 2042 vera
1970 1985 2182 2044 Domini

605 2090 935 2151 humanitas,
961 2085 1012 2138 id
1044 2091 1127 2139 est
1155 2081 1480 2146 incarnatio,
1511 2079 1657 2136 salva
1678 2079 1772 2145 sit,
1789 2085 1845 2132 et
1867 2087 2180 2132 naturarum

602 2181 656 2234 in
720 2179 872 2231 unica
902 2188 1134 2246 persona
1195 2169 1476 2238 distinctio
1509 2183 1632 2223 cum
1663 2165 2020 2238 impermistis
2046 2179 2178 2235 pro-

601 2272 923 2343 ριὶειοιὶιηιε
976 2270 1295 2323 retineatur.
1328 2264 1387 2319 In
1424 2264 1526 2319 isto
1551 2269 1732 2316 autem
1773 2258 2183 2328 religiosissima

601 2378 748 2423 tumo
773 2375 954 2420 nostra
986 2374 1202 2432 quoque
1242 2357 1497 2426 maiestas
1522 2369 1685 2409 manu
1727 2351 1946 2424 propria
1978 2365 2182 2423 purpu-

600 2462 707 2519 reis
735 2462 930 2516 litteris
958 2456 1178 2527 scripsit
1202 2456 1267 2509 ad
1295 2452 1517 2507 verbum
1544 2449 1624 2504 sic
1670 2467 1685 2504 :

2291 1811 2540 1874 δοθείσας
2569 1812 2878 1884 ἐξηγήσεις,
2909 1816 3146 1874 νοεῖσθαι
3177 1809 3386 1890 ταύτην
3437 1821 3536 1875 καὶ
3563 1819 3841 1890 λέγεσθαι*

2286 1902 2350 1955 ού
2389 1903 2496 1972 μὴν
2523 1902 2581 1956 δὲ
2637 1903 2775 1957 ἀλλὰ
2801 1905 2896 1958 καὶ
2926 1906 3049 1961 κατ’
3087 1909 3258 1979 αὐτὴν
3301 1911 3360 1963 ἐν
3401 1910 3483 1981 τῷ
3525 1911 3744 1983 Χριστῷ
3767 1912 3846 1966 ἁν-

2290 1992 2571 2065 θρωπίνην
2594 1997 2822 2066 κτιστὴν
2855 1998 2950 2064 καὶ
2999 2003 3385 2071 περιγραπτῂν
3414 1988 3750 2070 φύσιν,’καθ’
3787 2001 3845 2071 ἣν

2287 2082 2317 2132 ό
2343 2081 2509 2145 αὐτὸς
2547 2082 2782 2153 Χριστὸς
2815 2084 3051 2156 πάσχειν
3103 2090 3226 2141 τότε
3266 2092 3578 2158 πεφυκυῖαν
3626 2095 3721 2145 καὶ
3760 2093 3844 2144 πί·

2289 2171 2476 2235 πονθε,
2507 2171 2602 2225 καὶ
2647 2174 2744 2236 τὰς
2771 2174 2964 2237 λοιπὰς
2991 2177 3089 2246 τῆς
3119 2179 3380 2251 τοιαύτης
3407 2180 3626 2249 φύσεως
3662 2182 3842 2254 ἰδιότη-

2288 2278 2394 2327 ταςΔ
2422 2279 2436 2294 ο
2467 2263 2544 2326 ὡς
2568 2264 2824 2318 ἐντεῦθεν
2857 2267 2954 2320 καὶ⁵
2983 2267 3081 2336 τὴν
3116 2269 3294 2341 άληθῆ
3338 2269 3435 2325 τοῦ
3469 2271 3672 2345 Κυρίου
3702 2275 3843 2328 ἐναν-

2289 2350 2573 2423 θρὼπησιν
2601 2353 2777 2406 εῐτουν
2837 2355 3113 2426 σάρκωσιν
3170 2357 3462 2425 σώζεσθαι,
3509 2361 3606 2412 καὶ
3653 2359 3713 2413 τδ
3749 2360 3844 2412 τῶν

2288 2444 2507 2513 φύσεων
2533 2444 2775 2515 άφυρτον
2804 2447 2864 2500 ἐν
2885 2450 2952 2519 τῇ
2979 2447 3074 2501 τοῦ
3126 2449 3366 2519 Χριστοῦ
3413 2453 3514 2521 μιᾷ
3559 2451 3843 2505 timaram

598 2553 980 2624 συντηρεῖσθαι
1009 2545 1347 2616 ἀσυγχύτους
1384 2542 1484 2606 τὰς
1531 2541 1822 2612 ίδιότητας.
1867 2535 1957 2591 Ἐν
1984 2533 2042 2587 δέ
2081 2534 2160 2606 τῷ
2195 2536 2423 2605 τοιούτῳ
2456 2534 2850 2606 εὑσεόογράφῳ
2913 2538 3069 2610 τόμῳ
3113 2540 3212 2593 καὶ
3287 2539 3323 2611 ἠ
3373 2538 3626 2612 βασιλεία
3700 2541 3845 2612 ἡμῶν

596 2646 1003 2718 οῖκειογράφοις
1051 2640 1303 2711 ἐρυθροῖς
1380 2633 1775 2705 ὑπεσημήνατο
1808 2632 2156 2703 γράμμασιν,
2195 2626 2338 2681 οὕτω
2365 2626 2502 2718 πρὸς
2535 2627 2667 2692 ἐπος
2694 2628 3142 2702 διαλαμϐάνουσα
3173 2647 3190 2666 ⁶

669 2743 754 2800 6.ι
796 2740 1005 2808 Sequor
1024 2731 1319 2790 sententias
1348 2726 1812 2785 sanctissimorum
1840 2721 2173 2794 patriarcha-

599 2853 716 2894 rum
751 2843 1031 2900 sacra-que
1059 2837 1112 2882 ct
1150 2823 1345 2880 divinae
1373 2820 1586 2890 synodi,
1637 2818 1833 2887 aioque
1868 2818 2039 2887 ipsam
2072 2817 2176 2870 Do-

487 2934 494 2941 '
601 2927 732 2983 mini
784 2935 1029 2983 carnem,
1066 2917 1115 2971 vi
1158 2910 1552 2980 coniunctionis
1588 2908 1879 2961 exaltatam
1905 2916 2176 2973 supraque

2353 2717 2427 2785 ς’.
2462 2738 2482 2772 ι
2518 2722 2729 2792 Στοιχῶ
2763 2726 2883 2788 ταῖς
2913 2723 3163 2794 γνώμαις
3212 2725 3325 2780 τῶν
3368 2725 3543 2804 ἁγίων
3589 2703 3850 2797 πατριρό

2271 2806 2391 2880 χῶν
2415 2809 2508 2861 καὶ
2533 2811 2632 2880 τῆς
2689 2809 2840 2874 θείας
2887 2813 2981 2864 καὶ
3039 2813 3190 2884 ίερᾶς
3239 2815 3492 2876 συνόδου,
3547 2818 3643 2870 καὶ
3716 2818 3845 2884 λέγω

2278 2898 2364 2950 ὅτι
2394 2899 2532 2969 σὰρξ
2569 2901 2663 2953 τοῦ
2713 2903 2921 2973 Κυρίου
2970 2900 3032 2968 ἐξ
3064 2904 3232 2975 αὑτῆς
3276 2904 3523 2970 ἐνώπως
3555 2908 3840 2978 ὑπερύψω-

599 3031 815 3073 omuem
865 3013 1124 3067 honorem
1187 3003 1502 3059 collocatam
1559 2997 1657 3064 (ita
1709 3005 1768 3054 ut
1822 2997 1927 3051 hoc
1970 2994 2176 3050 eximio

2281 2987 2437 3041 θεῖσα
2466 2991 2560 3043 καὶ
2591 2991 2853 3046 ἀνωτάτω
2894 2995 3077 3066 πάσης
3121 2997 3287 3067 τιμῆς
3341 2997 3744 3070 ὑπερκειμένη,
3778 2999 3846 3061 ὡς

599 3122 739 3163 nexu
792 3101 1039 3158 deiﬂrata
1105 3097 1196 3163 sit)
1264 3087 1696 3154 imtnutabillter,
1761 3084 2175 3149 invariabiliter,

2279 3075 2339 3141 ἐξ
2365 3079 2542 3148 ἄκρας
2566 3079 2812 3144 ἐνώσεως
2841 3080 3114 3154 [ὀμόθεος]
3141 3083 3432 3156 γενομένη,
3454 3087 3846 3153 ἀναλλοιώτως,

600 3196 903 3259 iuc0uiuse,
920 3186 1429 3265 ineonvertibiliter,
1461 3181 1811 3252 liypostaticte
1836 3178 2178 3248 coitiunctio-

2279 3170 2697 3265 ἀμεταόλήτως,
2740 3176 3065 3247 ἀσυγχύτως
3111 3180 3206 3232 καὶ
3243 3179 3553 3251 ἀτρέπτως.
3615 3182 3704 3238 διά
3757 3183 3846 3250 τὴν

601 3293 686 3347 nis
714 3288 917 3362 gratia,
948 3260 1368 3352 itiseparabilem
1428 3273 1920 3341 indirisibilemque
1948 3284 2177 3326 manen-

2279 3260 2402 3313 καθ’
2428 3261 2726 3318 ὑπόστασιν
2749 3265 2974 3330 ἕνωσιν,
2996 3268 3090 3322 καὶ
3112 3270 3416 3342 ἀχώριστος
3462 3275 3559 3327 καὶ
3587 3273 3846 3330 ἀδιάσπα-

600 3355 743 3447 tetn:
791 3379 950 3435 simul
975 3390 1097 3432 cum
1145 3378 1457 3428 assumente
1478 3368 1652 3437 ipsam
1687 3365 1795 3420 Deo
1825 3361 2024 3429 Verbo,
2059 3360 2175 3431 pari

2279 3369 2411 3447 croc-
2450 3355 2694 3447 μένουσα
2723 3358 2804 3429 τῷ
2851 3361 3283 3435 προσλαϐομένῳ
3324 3364 3499 3437 αὑτὴν
3526 3367 3657 3439 θείῳ
3684 3368 3839 3438 λόγῳ,

601 3443 807 3529 honore
838 3469 944 3526 coli
972 3477 1025 3523 et
1050 3463 1292 3526 adorari,-
1344 3461 1501 3514 unica
1536 3456 1877 3517 adoratione,
1917 3454 2175 3523 regioque

2279 3443 2536 3510 ίσοκλεῶς
2560 3448 2711 3519 αὐτῷ
2744 3452 2973 3521 τιμᾶται
2998 3453 3093 3505 καὶ
3123 3459 3514 3525 προσκυνεῖται
3539 3460 3643 3531 μιᾷ
3680 3475 3843 3530 προσ-

598 3578 656 3622 ct
709 3564 891 3618 divino
944 3560 996 3614 in
1047 3556 1182 3612 solio
1233 3555 1298 3608 ad
1356 3549 1532 3604 Patris
1583 3546 1863 3601 dexteram
1903 3545 2171 3608 residere;

600 3667 785 3727 utpote
822 3633 942 3722 quae
1002 3648 1263 3726 gloriosas
1317 3637 1615 3696 divinitatis
1659 3636 1812 3690 dotes
1847 3634 2173 3708 adepta‘cst,

597 3723 765 3800 salvis
795 3753 1100 3794 naturarum
1136 3723 1601 3804 proprietatibnsa
1621 3728 1795 3796 Atque
1815 3725 1888 3779 ita
1919 3723 2174 3778 Dominus

597 3835 756 3890 Jesus
808 3831 1078 3893 Christus,
1100 3828 1266 3881 etiam
1289 3832 1408 3895 post
1432 3819 1878 3881 incarnationem,
1935 3817 2000 3871 de
2034 3815 2176 3870 indi-

601 3923 798 3978 visibili
855 3919 1118 3973 Trinitate
1147 3929 1306 3978 unus,
1360 3927 1482 3967 cum
1515 3925 1612 3964 sua
1649 3917 1829 3962 autent
1859 3903 2170 3961 indivisibili

599 4030 708 4069 una
755 4024 983 4081 persona
1013 4006 1228 4075 duplex,
1285 4014 1339 4058 et
1367 4019 1431 4057 ex
1468 3999 1764 4056 inconfusis
1798 3997 2003 4052 naturis
2025 4011 2172 4051 com-

597 4103 826 4173 positus,
864 4097 1157 4153 Ecclesiatn
1180 4093 1450 4148 discordia
1475 4089 1640 4145 dividi
1668 4097 1723 4141 et
1744 4087 2170 4141 contradictione

599 4196 764 4262 mergi
799 4189 1215 4261 periclitantem,
1242 4185 1308 4237 ad
1341 4183 1599 4237 unitatem
1625 4180 1779 4234 duait
1801 4194 1896 4234 seu
1921 4180 2168 4246 reduxit;

594 4297 648 4342 et
704 4296 958 4355 tanquam
991 4281 1082 4334 Dei
1130 4279 1519 4346 hominumque
1543 4273 1830 4340 mediator,
1860 4279 2084 4327 cunctos
2114 4272 2166 4325 in

595 4393 654 4433 se
683 4378 797 4446 ipso
823 4370 1208 4430 reconciliavit.

2274 3536 2523 3607 κυνήσει,
2560 3539 2656 3592 καὶ
2682 3543 2805 3604 ,τοῖς
2855 3542 3158 3613 βασιλικοῖς
3187 3546 3282 3601 καὶ
3313 3547 3480 3613 θείοις
3521 3550 3840 3624 ἐγκαθίδρυ-

2272 3646 2365 3683 ται
2399 3629 2598 3697 θώκοις
2626 3634 2690 3686 ἐκ
2714 3633 2908 3702 δεξιῶν
2936 3636 3032 3690 τοῦ
3075 3640 3288 3710 ΙΙατρδς
3315 3639 3388 3704 ὡς
3425 3642 3495 3695 τά
3527 3643 3626 3713 τῆς
3655 3643 3841 3714 θεότη-

2271 3736 2364 3783 τος
2429 3720 2729 3791 αὐχήματα
2789 3725 3317 3799 καταπλουτήσασα,
3371 3727 3699 3798 σωζομένων
3739 3730 3841 3784 τῶν

2275 3811 2556 3883 ίδιοτήτων
2576 3814 2685 3868 τῶν
2712 3815 2951 3885 φύσεων.
2985 3837 3004 3870 ι
3045 3820 3156 3873 Καὶ
3183 3819 3406 3893 [οὕτως]
3435 3821 3464 3872 ὁ
3490 3821 3591 3892 τῆς
3613 3821 3840 3894 ἀδιαιρέ-

2270 3925 2364 3961 του
2391 3909 2621 3979 Τριάδος
2649 3913 2744 3980 καὶ
2770 3912 2910 3982 μετά
2934 3913 3036 3984 τὴν
3060 3915 3341 3985 σάρκωσιν,
3368 3909 3450 3982 εἷς
3477 3915 3686 3986 Κύριος
3744 3918 3840 3986 ⁷1η-

2244 3997 2399 4063 ¹σοῦς
2426 4000 2681 4069 Χριστὸς,
2713 4003 2772 4055 ἐν
2799 4006 2865 4073 τῇ
2895 4003 3191 4075 ἀδιαιρέτῳ
3217 4003 3384 4058 αὑτοῦ
3413 4008 3514 4078 μιᾷ
3546 4007 3838 4062 ὑποστάσει

2268 4088 2490 4154 διπλοῦς
2521 4109 2580 4144 τε
2612 4094 2706 4146 καὶ
2733 4093 2994 4159 σύνθετος
3023 4095 3084 4150 ἐν
3113 4095 3444 4166 ἀσυγχύτοις
3473 4099 3597 4162 ταῖς
3625 4098 3834 4168 φύσεσι,

2267 4182 2368 4253 τὴν
2405 4182 2466 4247 ἐξ
2493 4184 2864 4260 ἀσυμφωνίας
2909 4187 3254 4260 διαιρεθῆναι
3293 4190 3389 4243 καὶ
3429 4189 3508 4262 τῷ
3549 4192 3652 4262 τῆς
3694 4193 3837 4246 ἀντι-

2268 4271 2457 4342 λογίας
2491 4274 2644 4330 ῦδατι
2671 4279 3143 4357 καταῆυθισθῆναι
3167 4281 3588 4338 κινδυνεύουσαν
3616 4284 3838 4356 Ἐκκλη-

2272 4364 2396 4416 σίαν
2428 4364 2510 4428 είς
2558 4365 2617 4419 ἓν
2649 4369 2928 4439 συνήγαγε
2975 4370 3068 4448 καὶ
3115 4371 3362 4442 ἀνήγαγε
3392 4388 3408 4404 ⁰
3447 4373 3541 4427 καὶ
3585 4373 3664 4439 ὡς
3707 4374 3836 4429 Θεοῦ

2199 4443 2243 4498 D
2275 4454 2367 4504 καὶ
2389 4454 2692 4524 ἀνθρώπων
2725 4459 2954 4531 μεσίτης
2983 4444 3080 4514 καὶ
3113 4460 3210 4514 νῦν
3240 4463 3300 4515 ἐν
3335 4463 3514 4535 ἐαυτῷ
3545 4465 3675 4531 τοὺς
3707 4467 3836 4521 πάν·

2269 4561 2369 4608 τας
2396 4546 2754 4618 κατήλλαξεν.
3603 4573 3609 4579 ·
3815 4539 3820 4542 Ι

647 4642 720 4695 ’7.
765 4637 1027 4706 Quoniam
1073 4649 1210 4691 vero
1256 4631 1474 4688 malitiae
1510 4639 1663 4700 pater
1724 4629 1780 4684 in
1819 4627 2169 4683 clandestinis

2339 4634 2402 4700 ξ’.
2445 4637 2598 4690 Ἐπεὶ
2643 4639 2700 4693 δέ
2754 4641 2783 4693 ό
2821 4642 2919 4712 τῆς
2955 4641 3154 4708 κακίας
3207 4645 3390 4717 πατὴρ
3431 4645 3491 4699 ἐν
3535 4649 3836 4722 ἀποκρύφῳ

566 4729 804 4784 ιῖηείύίἰε
846 4725 1110 4787 residens,
1134 4733 1294 4791 atque
1326 4737 1353 4773 a
1380 4723 1636 4776 tentando
1667 4718 1945 4773 hominum
1969 4732 2168 4787 genere

2279 4727 2365 4798 τῆς
2400 4728 2623 4799 ἐνέδρας
2658 4731 2990 4802 καθήμενος,
3017 4737 3110 4787 καὶ
3131 4735 3226 4789 τοῦ
3256 4736 3366 4792 τῶν
3398 4718 3714 4809 ἀνθρώπων
3763 4740 3836 4808 τῷ

571 4835 868 4889 nunquam
912 4818 1204 4878 desistens,
1245 4821 1501 4873 consueta
1535 4811 1868 4880 impudentia
1889 4825 1986 4864 sua
2025 4825 2166 4864 nunc

2279 4818 2412 4887 γένει
2441 4818 2816 4874 ἐπιδουλεύειν
2844 4823 2946 4876 οὑκ
2971 4824 3334 4896 ἀπεχόμενος,
3369 4829 3508 4896 μετά
3537 4830 3642 4902 τῆς
3674 4831 3832 4899 συνή-

569 4915 755 4968 σειὶιιιι
792 4911 1048 4979 impetum
1080 4906 1313 4978 fecit,et
1333 4907 1485 4973 iuxta
1515 4903 1633 4958 vias
1663 4903 1916 4957 scandala
1948 4902 2160 4972 posuit;

565 5005 767 5060 ~denuo
809 5005 854 5057 is
896 5001 989 5069 qui
1048 4999 1300 5053 Ecclesiae
1323 5006 1523 5050 terram
1577 4995 1756 5049 stabili
1809 4993 2164 5048 fundamento

569 5095 959 5156 'wtiSIituerat,
991 5092 1054 5143 ad
1089 5091 1228 5144 hanc
1255 5103 1285 5143 e
1318 5086 1460 5142 casio
1500 5087 1735 5156 respexit
1767 5104 1780 5140 :
1819 5093 1873 5140 et
1903 5085 2161 5156 synodica

587 5186 815 5258 quaestio
861 5185 926 5238 de
984 5183 1306 5252 supradictis
1344 5180 1682 5247 dogmatibus
1717 5179 2014 5233 instaurata
2041 5187 2158 5258 est:

595 5255 896 5340 novumque
953 5273 1210 5342 scriptum
1260 5271 1326 5326 ab
1366 5271 1441 5325 iis
1474 5271 1566 5340 qui
1599 5271 1827 5338 suspecti
1853 5279 2028 5335 erant,
2051 5255 2163 5326 edi-

593 5378 702 5422 tum
761 5365 886 5431 fuit;
924 5375 1201 5432 propterea
1258 5361 1398 5431 quod
1425 5359 1746 5429 iuberentur
1793 5361 1860 5416 de
1894 5377 1990 5416 sua
2028 5377 2161 5416 con-

588 5451 816 5511 scientia
864 5457 1158 5510 Eeclesiam
1224 5455 1510 5509 certiorem
1569 5453 1901 5521 faceremni
1958 5456 2160 5523 scripto

589 5550 782 5617 singuli
856 5563 1014 5600 manu
1059 5548 1268 5615 propria
1326 5546 1782 5618 subscripserunt,
1827 5549 2158 5603 anathemati

587 5640 932 5704 ςυὺίίιτὶμιιιεδ
988 5653 1081 5711 eos
1105 5638 1193 5702 qui
1253 5639 1525 5692 contraria
1564 5640 1828 5692 sentirent
1868 5641 2158 5709 propositis

573 5732 690 5805 jam
738 5729 1077 5799 tumajesmte
1126 5739 1304 5783 nostra
1359 5734 1661 5798 sententiis,
1703 5748 1801 5788 uec
1828 5751 1936 5789 non
1963 5750 1990 5789 a
2025 5750 2156 5791 sau-

2265 4908 2391 4970 θους
2421 4910 2518 4961 καὶ
2565 4907 2724 4973 αὖθις
2764 4912 3046 4977 ἀναιδείας
3103 4913 3412 4987 προσέβαλε
3453 4918 3552 4972 καὶ
3602 4920 3832 4992 ἐχόμενα

2262 5000 2466 5070 τρίϐων
2507 5001 2664 5055 ἔθετο
2700 5005 2999 5073 σκάνδαλα,
3047 5008 3210 5079 πάλιν
3237 5011 3266 5062 ὁ
3297 5010 3572 5082 θεμελιῶν
3607 5014 3715 5086 τὴν
3736 5004 3846 5084 τῆξ

2275 5092 2600 5162 Ἐκκλησίας
2623 5095 2728 5165 γῆν
2755 5095 2847 5148 ἐπὶ
2875 5097 2976 5168 τὴν
3007 5099 3313 5169 ἀσφάλειαν
3340 5104 3512 5174 αὑτῆς
3565 5105 3631 5169 ἐξ
3671 5107 3831 5181 οὐρα·

2261 5182 2352 5235 νοῦ
2405 5185 2543 5254 πρὸς
2589 5186 2799 5257 ταύτην
2847 5189 3118 5260 ἐπέδλεψε
3159 5209 3173 5224 ·
3211 5193 3308 5246 καὶ
3359 5193 3619 5266 συνοδικὴ
3674 5198 3829 5251 πάλιν

2261 5279 2352 5331 ἐπὶ
2385 5284 2496 5344 τοῖς
2526 5281 2840 5354 λεγομένοις
2867 5287 3076 5356 γίνεται
3109 5288 3492 5357 κατεξὲτασις,
3517 5293 3614 5345 καὶ
3651 5293 3828 5363 γράμ-

2263 5386 2412 5440 ματα
2453 5373 2620 5426 πάλιν
2665 5376 2943 5430 ἐκτίθεται
2994 5379 3148 5450 παρά
3195 5381 3306 5436 τῶν
3329 5383 3389 5435 ἐν
3431 5383 3646 5455 ὑποψίᾳ
3682 5382 3826 5457 [μὲν]

2264 5467 2582 5535 γεγονότων,
2609 5469 3029 5543 πληροφορῆσαι
3058 5476 3113 5528 δὲ
3145 5475 3245 5544 τὴν
3289 5475 3621 5546 Ἐκκλησίαν
3665 5482 3826 5533 ἀπαι-
3857 5511 3870 5543 ε

2259 5559 2532 5627 τηθέντων
2562 5563 2688 5630 περὶ
2717 5562 2815 5629 τῆς
2855 5565 3064 5618 ἐαυτῶν
3095 5569 3458 5639 συνειδήσεως
3491 5583 3509 5602 ο
3551 5571 3611 5623 ἐν
3737 5573 3826 5625 καὶ

2259 5649 2487 5712 ἕκαστος
2539 5649 2788 5726 {tantum}
2823 5657 3196 5729 οἰκειοχείρως
3243 5660 3590 5733 ὑπίγραψεν,
3632 5665 3826 5719 ἀναθέ-

2263 5760 2395 5811 ματι
2419 5742 2852 5805 καθυποσάλλων
2883 5751 3007 5816 τοὺς
3043 5753 3262 5809 ἐναντία
3291 5756 3677 5827 φρονήσαντας
3707 5759 3817 5820 ταῖς
