3952 6328
643 214 750 277 733

1805 219 2201 283 MANUELIS
2239 221 2580 280 COMNENI
3767 227 3849 293 7st

2179 338 2364 397 XVII.

1343 489 1512 529 sonu
1535 489 1710 528 unus
1741 488 2071 529 CONFIRIANS
2099 487 2508 528 CONVl-ZNTIONEII
2547 486 2646 525 cuu
2668 485 3016 526 ceuueusmvs
3045 471 3182 542 (30).

710 582 1154 655 Quandoquidem
1217 584 1716 641 vcnerabilissimus
1754 562 2212 654 ArchiepiscOpus
2243 593 2286 646 Α
2317 581 2506 635 debent
2537 583 2657 636 illas
2688 583 2984 652 de/fendere
3013 598 3060 639 et
3098 586 3363 642 custodire
3405 587 3476 640 ad
3499 588 3742 643 honorent
3771 596 3845 643 «1ο-

648 677 884 731 civitatis
906 675 1077 731 Janue
1104 684 1158 730 et
1186 676 1574 746 sapientissimi
1601 677 1866 733 Consules
1896 688 1949 732 et
1982 677 2207 732 univer-

639 784 759 823 sum
817 768 1118 823 Commune
1189 770 1430 837 ejusdem
1507 769 1742 824 civitatis
1802 771 2080 824 mittentes
2139 768 2206 822 ad

639 861 927 930 Imperium
963 874 1137 912 meum
1174 859 1474 924 sapientem
1518 860 1776 912 nuncium
1820 871 2008 911 eorum
2056 855 2207 910 Ami-

634 968 762 1008 cum
788 953 854 1008 de
900 950 1071 1003 Murta
1102 949 1370 1013 dederunt
1411 952 1459 1004 ei
1499 956 1819 1018 potestatem
1869 957 2108 1004 tractare
2153 957 2207 1003 et

635 1050 963 1096 conventare
986 1055 1108 1094 cum
1140 1040 1369 1109 Imperio
1406 1053 1526 1094 meo
1556 1039 1625 1094 de
1657 1043 1855 1110 quibus
1890 1041 2154 1096 voluerint
2185 1060 2199 1096 :

635 1133 730 1186 ille
755 1141 934 1185 autem
964 1132 1028 1184 ad
1062 1131 1355 1200 Imperium
1391 1147 1567 1186 meum
1597 1133 1915 1202 perveniemus
1943 1144 1997 1186 et
2024 1134 2089 1186 de
2118 1133 2202 1187 his

635 1226 875 1297 negociis
914 1222 1242 1279 sullicienter
1280 1213 1523 1277 tractans
1583 1226 1720 1277 hanc
1773 1225 2198 1278 convencionem

635 1317 724 1369 hic
753 1326 1028 1368 ostensam
1061 1314 1206 1376 leéit,
1233 1324 1286 1367 et
1310 1308 1649 1368 sacramento
1676 1329 1795 1367 eam
1829 1315 2196 1380 conﬁrmavit,

635 1421 738 1475 que
761 1417 810 1459 et
841 1407 976 1459 sicut
1013 1406 1277 1459 habentur
1304 1405 1371 1458 de
1400 1405 1564 1457 verbo
1599 1407 1648 1459 in
1686 1407 1902 1458 verbum

704 1498 768 1552 In
797 1499 1000 1551 nomine
1028 1498 1206 1550 Patris
1227 1506 1274 1549 et
1301 1494 1429 1550 Filii
1460 1507 1507 1551 et
1536 1497 1769 1566 Spiritus
1798 1497 1984 1552 Sancti
2011 1515 2185 1551 auten.

624 1593 736 1660 Ego
791 1592 1006 1642 Amicus
1054 1590 1118 1641 de
1177 1586 1383 1653 Murta,
1436 1590 1563 1643 civis
1602 1587 1802 1654 Janue,
1862 1589 2068 1659 legatus
2130 1591 2194 1644 ab

629 1682 1031 1751 Archiepiscopo
1065 1682 1290 1734 civitatis
1319 1679 1494 1734 Junue
1526 1690 1574 1733 et
1618 1697 1651 1733 a
1691 1679 2085 1755 Consulibuset
2128 1683 2193 1736 ab

627 1774 772 1826 omni
808 1772 1086 1827 Communi
1111 1773 1339 1826 civitatis
1369 1769 1568 1835 Janue,
1598 1774 1858 1841 accipiens
1883 1781 2193 1840 potestatem

624 1850 677 1915 ei
707 1863 1004 1931 injunctum
1046 1866 1110 1915 ab
1146 1865 1221 1916 eis
1254 1873 1330 1927 ut,
1362 1864 1613 1932 quicquid
1643 1865 1896 1932 juravero
1925 1873 1974 1918 et
2005 1881 2192 1918 conve-

2313 676 2440 726 miai
2477 674 2816 752 Imperatoris
2847 685 2895 728 et
2935 677 3180 729 heredum
3225 670 3419 744 ipsius;
3441 675 3503 731 Si
3544 695 3663 732 vero
3687 678 3849 750 aliquit

2310 759 2534 828 alicujus
2566 761 2771 813 inimici
2794 777 2856 814 ea:
2887 774 3036 829 parte
3071 763 3252 832 aliqua
3274 764 3567 832 aliquando
3593 779 3848 834 pervenerit

2309 851 2596 905 Christiani
2643 855 2720 907 vel
2781 854 3038 912 Saraceni
3065 857 3172 909 sive
3215 858 3408 924 pagani
3452 874 3632 910 versus
3674 859 3849 926 aliquas

2304 954 2481 1014 partes
2515 944 2856 1014 Imperatoris
2902 964 3062 1016 usque
3109 950 3176 1000 ad
3225 965 3494 1003 numerum
3542 961 3743 1002 centum
3773 968 3849 1019 g-r.

2305 1036 2509 1088 learum
2575 1038 2652 1091 vel
2720 1039 2876 1106 plus,
2951 1040 3180 1091 universi
3252 1039 3546 1092 Januenses
3605 1041 3691 1107 qui
3749 1052 3846 1090 tunc

2305 1129 2497 1182 inventi
2559 1132 2756 1196 fuerint
2819 1132 2872 1182 in
2919 1131 3071 1182 terris
3133 1129 3403 1194 Romanie,
3458 1131 3638 1184 debent
3679 1134 3848 1183 intrare

2302 1222 2354 1273 in
2382 1221 2574 1290 galeris
2618 1223 2816 1274 domini
2859 1223 3200 1287 Imperatoris
3243 1242 3363 1278 cum
3407 1227 3671 1278 consuetis
3703 1224 3845 1275 soldis

2301 1314 2448 1364 curie
2469 1313 2668 1365 domini
2694 1313 3033 1378 Imperatoris
3054 1330 3184 1384 quos
3207 1318 3470 1368 consuevit
3501 1319 3629 1368 dare
3652 1315 3846 1378 Latinis,

2299 1411 2348 1455 et
2379 1403 2455 1455 ire
2487 1416 2675 1456 contra
2704 1406 3065 1468 supradicwm
3092 1406 3286 1457 stolum
3314 1422 3432 1458 cum
3481 1406 3672 1473 galeris
3742 1405 3847 1456 Gre-

2299 1507 2482 1563 corum
2521 1535 2534 1557 ,
2570 1504 2620 1548 et
2661 1512 2762 1548 non
2795 1506 3116 1548 revertentur
3147 1536 3162 1560 ,
3193 1498 3358 1550 donec
3412 1499 3548 1550 illud
3589 1500 3845 1551 scrviciem

2298 1587 2618 1654 compleatur
2667 1598 2714 1639 et
2761 1587 3042 1642 Grecorum
3078 1588 3257 1656 galere
3314 1600 3645 1642 revertantur
3691 1592 3761 1642 vel
3805 1593 3848 1640 in

2297 1675 2812 1745 Constantinopolim
2841 1679 2915 1730 vel
2943 1682 2994 1731 in
3024 1681 3189 1732 aliaat
3223 1691 3418 1733 terrain
3449 1682 3648 1734 domini
3701 1681 3848 1744 Impe-

2295 1771 2516 1823 ratoris.
2561 1768 2912 1823 Vernntamen
2936 1772 3146 1837 quando
3191 1773 3409 1839 predicti
3459 1773 3849 1826 Januensesde-

2297 1863 2412 1912 bent
2449 1862 2663 1923 moveri,
2693 1862 2952 1914 habebunt
2981 1861 3248 1914 licentiam
3276 1863 3606 1930 relinquendi
3622 1866 3672 1916 in
3702 1873 3850 1916 custo-

628 1953 778 2006 niero
807 1954 918 2006 vice
960 1953 1132 2007 Janue
1163 1970 1277 2006 cum
1306 1955 1641 2008 sanctissimo
1678 1970 1726 2009 et
1757 1957 2192 2010 excellentissimo
2225 1925 2266 1980 Β
2299 1953 2389 2004 dia
2442 1954 2652 2006 navium
2707 1964 2752 2005 et
2810 1970 2988 2005 rerum
3033 1970 3252 2006 suarum
3304 1955 3540 2008 homines
3586 1953 3688 2006 XX
3737 1971 3849 2023 quos

628 2041 952 2110 Imperatore
974 2043 1200 2097 liomeon
1217 2043 1604 2113 Porﬁroyenito
1626 2045 1848 2098 Domino
1876 2046 2196 2101 IIemannele

629 2135 868 2198 Comino,
893 2134 1103 2203 ﬁrmum
1131 2147 1174 2189 et
1215 2149 1392 2190 ratum
1419 2139 1520 2190 erit
1546 2140 1641 2190 hoc
1670 2141 1738 2191 ab
1766 2139 1840 2191 eis
1867 2155 1884 2192 :
1917 2141 2052 2192 hanc
2073 2156 2192 2208 pre-

629 2236 821 2279 sentem
879 2229 1275 2280 conveneionem
1334 2229 1470 2291 facio
1527 2238 1576 2282 et
1623 2230 1753 2298 juro
1803 2247 1868 2282 ea:
1926 2232 2194 2283 voluntate

624 2318 1008 2386 Archiepiscopi
1037 2328 1082 2371 et
1123 2318 1410 2374 Consulum
1450 2329 1498 2372 et
1528 2322 1692 2374 tocius
1724 2318 2030 2374 Communis
2062 2321 2191 2374 civi-

625 2409 747 2461 tatis
785 2407 959 2463 Janue
988 2409 1057 2462 ad
1084 2412 1478 2471 sanctissimum
1511 2411 1790 2464 Dominum
1813 2410 2223 2480 Imperatorem.

627 2499 1068 2570 I’orﬁrogenitum
1131 2503 1412 2556 Dominum
1471 2503 1847 2556 lIemanuelem
1917 2503 2190 2556 Cominom

624 2601 671 2644 et
707 2593 774 2643 ad
812 2607 986 2644 omnes
1031 2593 1241 2646 heredes
1275 2603 1326 2645 et
1382 2609 1709 2646 successores
1743 2593 1959 2662 Imperii
2000 2593 2113 2660 ejus
2143 2603 2189 2646 et

622 2679 934 2734 Romaniam
971 2683 1101 2735 sicut
1134 2683 1539 2751 significabitur.

697 2772 869 2837 Quum
901 2774 1012 2842 (3|)
1044 2774 1109 2826 ab
1139 2775 1294 2826 hodie
1322 2783 1370 2826 et
1422 2775 1475 2826 in
1507 2783 1660 2826 antea
1707 2791 1868 2842 usque
1904 2776 1958 2828 in
1998 2775 2192 2844 sempi-

627 2873 830 2917 ternum
873 2867 1035 2917 donec
1083 2868 1305 2918 mundus
1335 2868 1532 2919 steterit
1572 2883 1672 2918 non
1706 2879 1857 2921 erunt
1896 2866 2189 2921 Januenses

626 2968 805 3008 contra
836 2955 1124 3021 Imperium
1153 2957 1265 3023 ejus
1295 2957 1370 3010 vel
1401 2969 1583 3026 contra
1607 2959 1720 3024 ejus
1749 2959 1959 3011 heredes
1991 2967 2040 3010 et
2068 2975 2187 3011 suc-

624 3064 846 3100 cessores
897 3047 973 3100 rel
1016 3059 1196 3100 contra
1246 3047 1562 3101 Romaniam
1595 3051 1674 3101 vel
1717 3059 1904 3102 contra
1952 3050 2186 3118 aliquam

624 3149 816 3191 terram
863 3137 1310 3206 ipsius°lmperii,
1346 3155 1504 3207 quam
1557 3156 1694 3191 nunc
1740 3139 1892 3206 habet
1926 3142 2001 3193 vel
2028 3156 2185 3208 quam

623 3233 678 3282 in
709 3238 863 3282 antea
896 3229 1115 3282 Domino
1161 3230 1446 3296 adjuvante
1498 3231 1836 3298 acquisierit,
1886 3246 2046 3298 neque
2094 3245 2185 3297 per

622 3321 900 3374 consilium
954 3337 1113 3388 neque
1162 3337 1252 3387 per
1298 3323 1575 3387 pecuniam
1625 3337 1785 3390 neque
1842 3336 1934 3387 per
1982 3320 2176 3375 stolum

620 3407 754 3458 idem
787 3406 898 3475 (3'2)
935 3423 1026 3472 per
1058 3406 1293 3459 navalem
1341 3412 1625 3460 exercitum
1666 3419 1826 3476 neque
1866 3409 1972 3461 ullo
2005 3411 2182 3477 aliquo

621 3500 775 3550 modo
803 3539 817 3562 ,
872 3514 1032 3564 neque
1083 3499 1390 3551 Januenses,
1425 3499 1518 3550 hoc
1559 3498 1750 3566 facient
1795 3515 1954 3567 neque
2003 3499 2182 3567 aliqua

620 3589 998 3657 conjungentur
1035 3589 1189 3657 justa
1223 3590 1294 3641 vel
1327 3588 1524 3654 iniusta
1558 3590 1831 3640 occasione
1877 3590 2035 3640 alicui
2084 3591 2181 3641 ho-

618 3681 745 3731 mini
795 3689 1040 3732 coronato
1090 3679 1164 3731 vel
1211 3695 1312 3730 non
1359 3689 1606 3731 coronato
1644 3720 1658 3742 ,
1711 3681 1798 3748 qui
1863 3682 1929 3732 sit
1975 3681 2050 3734 vel
2092 3684 2183 3749 qui

618 3773 736 3835 erit,
770 3771 1054 3822 christiano
1091 3771 1166 3823 vel
1211 3788 1438 3840 pagano,
1492 3772 1602 3823 viro
1645 3771 1723 3824 vel
1767 3773 2001 3824 mulieris
2044 3773 2178 3841 (55),

616 3863 704 3929 qui
745 3861 880 3913 mori
917 3861 994 3913 vel
1024 3863 1186 3912 vivere
1234 3862 1394 3928 possit
1433 3876 1450 3912 :
1491 3861 1627 3912 sicut
1658 3863 1719 3913 de
1751 3862 1981 3928 capitulo
2027 3878 2180 3915 coro-

617 3954 730 4004 nati
765 3961 1046 4004 tractatum
1080 3961 1154 4003 est
1189 3953 1242 4002 in
1287 3954 1434 4003 curia
1474 3951 1689 4004 Domini
1724 3951 2089 4020 Imperatoris,
2130 3965 2178 4006 et

615 4040 933 4094 intellectum
966 4051 1011 4093 et
1043 4043 1440 4107 interpretatum
1468 4053 1542 4094 est
1593 4045 1720 4095 mihi
1756 4053 1804 4096 et
1851 4062 1882 4096 a
1923 4039 2011 4098 me
2047 4063 2172 4100 con-

615 4136 889 4200 ﬁrmatum
925 4133 991 4184 ad
1022 4132 1271 4184 honorem
1322 4143 1370 4184 et
1397 4135 1690 4200 proﬁcuum
1720 4135 1831 4202 ejus
1874 4135 2090 4203 Imperii
2125 4146 2175 4190 et

622 4223 943 4286 Romaniae,
982 4224 1114 4275 sicut
1151 4236 1207 4275 .et
1255 4239 1346 4291 ego
1378 4225 1534 4277 debeo
1579 4224 1672 4276 hoc
1706 4226 2038 4294 interpretari
2075 4227 2174 4281 Ja-

616 4316 893 4366 nuensibus
928 4324 981 4363 ut
1009 4324 1056 4365 et
1094 4314 1150 4365 in
1181 4325 1334 4365 antea
1369 4315 1443 4365 sic
1482 4315 1939 4383 istud'capitulum
1975 4320 2172 4371 intelli-

616 4416 770 4472 gatur
801 4414 847 4468 et
878 4405 1194 4456 observetur.

685 4494 752 4548 Et
781 4513 1042 4564 nunquam
1075 4496 1264 4562 facient
1294 4495 1587 4550 Junuenses
1621 4498 1900 4566 dampnurn
1945 4501 2173 4569 alicujus

2295 2043 2575 2103 maluerint
2603 2043 2678 2096 vel
2706 2043 2971 2112 elegerint.
3006 2043 3069 2098 In
3096 2032 3323 2113 propriis
3347 2063 3465 2099 vero
3494 2048 3689 2116 galeris
3719 2046 3848 2098 ibunt

2292 2133 2587 2189 lanuenses
2617 2146 2739 2203 quot
2767 2152 2978 2188 armare
3024 2138 3279 2203 poterint.
3312 2136 3374 2191 Si
3406 2155 3524 2190 vero
3570 2136 3848 2190 lanueuses

2293 2228 2345 2279 in
2404 2226 2585 2293 aliqua
2638 2235 2781 2277 terra
2831 2227 3030 2278 domini
3087 2225 3436 2293 Imperatoris
3479 2245 3644 2296 neque
3703 2242 3848 2280 unum

2291 2318 2524 2387 galeram
2559 2334 2767 2370 armare
2794 2319 3042 2383 poterint,
3075 2335 3247 2372 omnes
3287 2320 3339 2372 in
3368 2336 3484 2371 eam
3512 2321 3782 2372 intrabunt
3808 2328 3848 2370 et

2294 2409 2644 2476 complebitur
2691 2425 2939 2462 numerus
2999 2411 3174 2479 galere
3225 2425 3290 2464 ex
3335 2410 3446 2464 alia
3506 2420 3654 2479 gente
3704 2410 3848 2476 sufﬁ—

2291 2501 2508 2554 cienter.

2366 2591 2797 2658 Quandocunque
2848 2609 2969 2645 vero
3010 2591 3256 2645 dominus
3306 2591 3611 2660 Imperator
3640 2592 3850 2645 voluerit

2290 2677 2522 2736 Januam
2547 2683 2750 2736 mittere
2784 2687 3059 2751 pecuniam
3084 2685 3162 2738 vel
3202 2702 3283 2739 res
3326 2685 3403 2738 sel
3445 2686 3679 2740 homines
3722 2688 3849 2751 ejus,

2289 2772 2496 2842 galeras
2543 2775 2650 2827 sive
2696 2791 2874 2840 naves,
2905 2791 3090 2830 contra
3135 2793 3508 2847 quemcumque
3560 2777 3761 2832 miserit
3795 2791 3851 2828 ea

2290 2865 2652 2920 Christianum
2683 2869 2789 2921 sive
2811 2885 3077 2938 paganum
3113 2881 3421 2923 coronatum
3453 2869 3533 2923 vel
3574 2887 3678 2923 non
3712 2886 3850 2922 corc-

2289 2964 2494 3018 natum,
2541 2966 2596 3008 ut
2644 2969 2708 3008 ex
2753 2957 2927 3010 debito
2971 2959 3189 3012 debeant
3237 2957 3533 3012 Januenses
3577 2959 3849 3024 honoriﬁce

2289 3061 2405 3098 eam
2445 3045 2556 3114 ('55)
2611 3048 2859 3114 recipere,
2915 3058 2965 3101 et
3018 3050 3316 3116 deffendere
3363 3053 3418 3102 in
3471 3059 3616 3103 terra
3653 3067 3752 3103 sua
3786 3061 3849 3108 .et

2288 3139 2552 3190 custodire
2599 3140 2883 3192 secundum
2947 3144 3272 3196 voluntatem
3336 3143 3608 3197 hominum
3657 3144 3850 3195 domini

2213 3258 2257 3315 α
2298 3225 2665 3295 Imperatoris,
2692 3230 2782 3298 qui
2807 3247 2926 3282 cum
2957 3233 3031 3284 eis
3063 3243 3240 3297 erunt,
3271 3249 3474 3286 omnem
3503 3235 3777 3301 pecuniam
3806 3243 3849 3284 et

2297 3334 2378 3371 res
2429 3319 2636 3385 missas,
2687 3321 2952 3382 homines,
3002 3322 3210 3388 galerus
3257 3331 3304 3375 et
3345 3340 3522 3389 naves,
3557 3339 3756 3393 quanta
3806 3335 3849 3376 et

2289 3409 2471 3475 qualia
2502 3420 2651 3462 erunt
2683 3449 2698 3475 ,
2744 3410 2806 3462 ab
2836 3412 2978 3463 omni
3018 3413 3224 3465 homine
3251 3426 3499 3466 coronato
3533 3426 3580 3467 et
3626 3433 3727 3467 non
3769 3432 3850 3466 co—

2289 3512 2476 3550 ronato
2518 3515 2537 3554 :
2589 3501 2828 3553 debentes
2885 3510 2932 3553 et
2991 3503 3074 3553 hic
3127 3503 3411 3570 intelligere
3459 3507 3750 3570 capitulum
3794 3507 3850 3557 de

2289 3601 2537 3641 coronato
2571 3590 2703 3642 sicut
2746 3592 2986 3657 superius
3018 3593 3422 3659 interpretatum
3456 3603 3556 3660 est,
3594 3596 3664 3648 ad
3701 3597 3850 3648 servi-

2288 3683 2424 3732 cinm
2454 3692 2498 3732 et
2528 3681 2774 3733 honorem
2803 3682 3007 3734 domini
3038 3681 3383 3750 Imperatoris
3413 3694 3463 3737 et
3490 3685 3766 3741 Ronranie.

2359 3765 2424 3819 Et
2473 3784 2573 3820 non
2623 3768 2904 3835 impedient
2948 3785 3194 3837 umquam
3243 3769 3539 3823 Januenses
3584 3773 3846 3826 dominum

2286 3855 2668 3922 Imperatorem
2696 3868 2742 3908 et
2769 3858 2980 3910 heredes
3011 3859 3088 3911 vel
3114 3875 3433 3912 successores
3474 3861 3587 3928 ejus
3620 3864 3690 3913 ad
3729 3879 3821 3915 con

2285 3947 2562 4016 quirendas
2601 3957 2768 3999 terras
2797 3949 3029 4016 aliquas,
3079 3959 3253 4014 preter
3270 3951 3362 4017 jus
3394 3953 3532 4018 quod
3572 3952 3763 4006 habent
3800 3956 3846 4004 in

2287 4048 2427 4112 terra
2466 4038 2621 4092 Surie
2648 4041 2752 4092 sive
2780 4055 2842 4092 ex
2873 4040 3008 4092 bello
3042 4042 3148 4094 sive
3181 4057 3246 4094 ea:
3267 4043 3526 4110 emptione
3553 4060 3641 4096 seu
3676 4046 3848 4114 aliqua

2285 4130 2393 4180 alio
2438 4131 2610 4181 modo.
2655 4128 2712 4182 Si
2741 4146 2857 4182 vero
2890 4138 2940 4182 et
2996 4132 3049 4182 in
3081 4132 3162 4183 his
3197 4147 3260 4183 ex
3325 4143 3475 4198 parte
3511 4134 3714 4186 domini
3753 4132 3851 4186 Iin-

2284 4222 2540 4288 peratoris
2575 4221 2901 4272 custodietur
2950 4220 3312 4274 Januensibus
3373 4222 3593 4290 justitia
3628 4241 3809 4278 eorum
3831 4262 3844 4285 ,

2285 4325 2443 4376 neque
2477 4311 2526 4360 in
2551 4311 2630 4360 his
2658 4309 2843 4360 debent
2866 4311 3121 4378 impedire
3162 4313 3436 4364 dominum
3469 4311 3844 4382 Imperatorem

2283 4397 2455 4465 facere
2481 4399 2529 4449 in
2545 4399 2620 4449 his
2655 4400 2936 4466 quincquid
2966 4400 3210 4452 voluerit.

2354 4487 2430 4539 De
2488 4488 2859 4555 oﬂensionibus
2925 4505 3041 4542 vero
3091 4507 3222 4557 quas
3271 4491 3496 4558 fortasse
3553 4491 3844 4549 Januenses

614 4597 744 4638 terre
775 4584 1113 4654 Imperatoris
1146 4596 1190 4638 et
1226 4602 1440 4652 persone
1468 4586 1581 4652 ejus
1613 4587 1687 4638 vel
1715 4587 1959 4640 heredum
1985 4601 2032 4640 et
2058 4606 2159 4640 suc-
2202 4599 2253 4659 D
2283 4577 2497 4646 fecerint
2536 4580 2587 4630 in
2626 4580 2776 4631 terris
2806 4581 3004 4632 domini
3028 4579 3372 4649 Imperatoris
3399 4581 3577 4637 Grecis
3607 4589 3690 4639 vel
3730 4589 3843 4639 aliis

612 4689 872 4732 cessurum
903 4675 1036 4742 ejus.
1083 4675 1257 4738 Neque
1290 4673 1481 4740 facient
1516 4675 1918 4726 diminucionem
1968 4678 2172 4744 imperii

612 4764 695 4815 sui
732 4765 805 4815 vel
845 4765 1028 4815 honori
1061 4763 1170 4832 (54)
1196 4768 1308 4831 ejus
1346 4779 1503 4830 neque
1530 4765 1788 4832 inquirent
1816 4767 1950 4818 hanc
1989 4773 2080 4834 per
2120 4784 2174 4820 se

613 4855 686 4908 vel
719 4857 893 4918 aliter,
919 4855 1005 4907 sed
1041 4855 1264 4906 maxime
1294 4857 1338 4906 si
1373 4856 1574 4921 aliquid
1605 4858 1708 4908 tale
1740 4857 2089 4909 intellexerint
2117 4859 2170 4914 in

609 4955 752 4997 terra
788 4945 981 5008 Janue,
1025 4947 1238 4997 debeant
1281 4949 1376 4997 hoc
1417 4946 1739 4998 disturbare.
1777 4947 1842 4997 Iit
1889 4949 1932 4998 si
1962 4947 2025 4999 ab
2068 4949 2172 4999 ali-

610 5032 805 5099 quibus
827 5033 984 5099 fuerit
1021 5034 1252 5084 assultus
1295 5031 1466 5098 factus
1496 5032 1569 5082 vel
1601 5033 1822 5083 obsessio
1861 5046 2039 5085 contra
2071 5037 2174 5086 ali-

610 5136 766 5185 quant
808 5133 1000 5174 terram
1039 5120 1417 5190 Imperatoris,
1457 5118 1749 5174 Januenses
1793 5127 1878 5190 qui
1939 5126 1989 5175 in
2017 5129 2169 5176 terris

614 5209 718 5262 illis
764 5210 960 5278 fuerint
1009 5212 1224 5275 inventi,
1268 5210 1400 5261 bona
1449 5211 1553 5275 ﬁde
1588 5211 1697 5263 sine
1737 5213 1856 5263 dolo
1895 5223 1941 5266 et
1988 5216 2174 5280 fraude

685 5435 793 5501 (ΞΟ)
833 5434 986 5486 Anno
1022 5430 1179 5484 H70.
1218 5461 1282 5468 ——
1329 5431 1503 5485 Edidit
1553 5446 1614 5484 cx
1656 5432 1876 5484 arcltivo
1894 5432 2164 5486 Genuensi

617 5508 761 5560 Sauli
804 5505 940 5555 (iolla
974 5503 1177 5554 (ξυΙοιιίει
1207 5501 1289 5554 dei
1323 5503 1527 5555 Gcnor.
1563 5503 1614 5556 in
1648 5502 1835 5557 Galsta
1870 5501 1910 5556 ll
1944 5519 1996 5572 p.
2043 5507 2163 5558 l88.

686 5576 796 5643 (3i)
840 5573 1054 5624 Malim:
1095 5573 1267 5635 Quod.

686 5641 798 5715 (52)
842 5643 948 5696 luto
980 5643 1264 5709 legendum
1300 5658 1311 5693 :
1346 5641 1398 5692 id
1424 5649 1520 5693 est.

2280 4669 2514 4737 gentibus
2547 4685 2641 4738 que
2681 4685 2780 4720 non
2819 4671 2919 4721 sint
2946 4669 3272 4733 Januenses,
3322 4675 3503 4725 debent
3529 4675 3768 4741 judicuri
3795 4679 3842 4728 in

2281 4761 2428 4812 curia
2477 4761 2672 4812 domini
2723 4759 3086 4828 Imperatoris,
3137 4763 3272 4814 sicut
3332 4761 3560 4817 Venetici
3607 4777 3660 4818 et
3691 4780 3845 4820 cetere

2281 4851 2468 4904 Latine
2498 4862 2692 4918 gentes.
2736 4850 2794 4903 Si
2828 4869 2950 4904 vero
2981 4853 3259 4924 contigerit
3301 4854 3594 4907 Januenses
3640 4859 3842 4925 aliquos

2279 4942 2556 5008 depredari
2580 4943 2868 5010 aliquando
2898 4943 2976 4996 vel
2999 4944 3157 4995 aliter
3183 4945 3354 4998 ledere
3377 4944 3615 5012 aliquam
3653 4959 3840 5000 terram

2281 5033 2473 5084 dontiui
2508 5031 2856 5098 Imperatoris
2891 5034 2968 5086 vel
2999 5033 3236 5088 homines
3279 5037 3414 5104 ejus,
3450 5037 3671 5089 dabitur
3700 5053 3846 5104 super

2279 5125 2375 5176 hoc
2420 5125 2670 5177 noticiam
2702 5126 2810 5194 (56)
2852 5127 3025 5179 Janue
3060 5129 3260 5180 civitati
3285 5130 3348 5179 ab
3377 5127 3712 5195 Imperatore
3741 5133 3841 5184 sive

2283 5232 2374 5284 per
2399 5215 2606 5268 litteras
2635 5218 2740 5269 sive
2778 5234 2867 5284 per
2898 5221 3165 5288 nuncium,
3194 5218 3247 5272 el
3263 5222 3466 5274 dabunt
3495 5237 3712 5291 operam
3736 5226 3839 5274 sine

2351 5434 2460 5496 (55)
2504 5433 2744 5502 [λιξείλι-ἰῐη
2781 5454 2793 5488 :
2831 5435 3060 5493 mulieri.

2351 5503 2462 5568 (54)
2506 5503 2641 5570 Logi:
2679 5523 2688 5555 :
2719 5508 2952 5557 honoris.

2349 5574 2461 5636 (5³3)
2506 5573 2677 5624 Malim
2713 5591 2725 5625 :
2755 5590 2835 5626 ea.

2349 5644 2463 5711 (5(5)
2504 5641 2643 5710 Lege
2674 5660 2685 5693 :
2721 5647 2937 5696 notrcia.
