3952 6328
131 378 224 440 793
1193 384 1576 447 DlALOGUS
1615 383 1917 445 CONTRA
1955 380 2288 444 JUDlEOS-
3243 366 3348 431 798

133 493 324 548 Παύλου
349 493 420 547 τὰ
447 492 753 564 ἐπιστόλια)
788 489 903 566 εἶχε
941 495 1151 560 πάντας
1200 499 1267 568 τῇ
1307 498 1471 552 αὑτοῦ
1501 497 1695 568 γνώμῃ
1726 489 2219 567 προστιθεμένους.
2251 491 2365 546 Hoc
2413 497 2530 553 est,
2564 488 2691 544 Haec
2744 485 3089 541 Andronicus
3143 485 3322 539 incre-

131 580 263 632 dibili
291 581 636 648 persuadendi
667 583 838 636 studio
867 595 914 636 et
944 585 1167 652 arti/icio
1200 587 1453 640 orationis
1481 585 1694 654 loquens
1742 603 1805 639 ac
1843 584 2087 640 scribens
2145 585 2279 650 (erat
2314 581 2452 635 enim
2484 579 2803 642 litterarum,
2837 585 2892 630 ut
2921 575 3134 646 quilibet
3169 574 3334 637 alius.

130 668 336 733 peritus,
359 677 404 720 et
439 665 648 736 Spiritu
673 682 851 724 sancto
877 671 1054 740 afﬂati
1088 673 1311 728 oratoris
1340 671 1502 727 Pauli
1532 671 1797 741 Epistolas
1828 685 2040 738 semper.
2057 670 2111 722 in
2138 685 2227 722 ore
2260 666 2525 734 habebat),
2559 681 2734 718 omnes
2762 666 2817 718 in
2842 678 2996 717 suam
3026 660 3340 714 sententiam

132 755 394 820 pertraxit.
431 752 719 824 ﬂuensque
754 755 969 812 Nicetas
998 757 1310 815 Choniates.
1350 759 1577 830 Scripsit
1603 768 1784 815 autem
1813 757 2094 826 Dialogum
2155 762 2338 808 contra
2381 750 2636 836 luctatos.
2667 749 2896 836 Ψιίίιηεο
2948 747 3220 836 "mimi"
3259 745 3345 798 δί’

142 838 393 893 bliotheca
425 839 670 895 Caesarea
709 841 1131 908 Vindobonensi,
1157 846 1356 901 Codice
1385 857 1489 900 ms.
1528 845 1839 915 tbeologico
1871 844 2059 900 Crazco
2087 841 2194 895 255
2214 882 2230 907 ,
2271 851 2328 893 ιιι
2363 840 2521 893 habet
2553 834 2743 892 Petrus
2771 835 3091 889 Lambecius
3123 834 3262 888 libro
3306 847 3338 884 ν

130 925 637 981 Commentariorum
674 928 833 996 hujus
863 929 1221 996 Bibliothecae,
1257 946 1376 1001 pag.
1412 932 1534 997 169,
1572 932 1658 985 his
1687 933 1866 987 verbis
1901 950 1914 986 :
1957 948 1975 981 ι
2015 928 2196 983 Codex
2252 927 2361 981 255
2393 928 2792 994 manuscriptus
2833 922 3163 991 theoIOgicus
3193 920 3342 975 Grac—

132 1003 217 1066 cus
241 1024 321 1066 est
346 1013 672 1068 cbartaceus
701 1015 990 1083 antiquus,
1022 1026 1076 1071 et
1108 1018 1325 1086 optimae
1355 1026 1494 1073 nota:
1532 1018 1585 1072 in
1623 1017 1774 1082 folio,
1812 1028 2069 1073 constans
2105 1013 2248 1068 foliis
2286 1014 2410 1077 158,
2438 1013 2527 1080 qui
2564 1012 2692 1066 olim
2744 1011 2812 1065 ad
2847 1007 3126 1076 .Joannom
3185 1007 3342 1060 Sam-

131 1098 306 1151 bucum
338 1100 616 1169 pertinuit.
644 1098 736 1156 Illo
769 1103 1074 1159 continetur
1106 1103 1444 1168 Imperatoris
1495 1106 1781 1161 Andronici
1831 1105 2086 1161 Comneni
2116 1144 2130 1168 ,
2163 1103 2254 1171 qui
2309 1102 2441 1170 imp.
2492 1101 2735 1158 Alexium
2769 1101 3100 1155 Comneuum
3148 1097 3193 1151 ll
3227 1095 3344 1149 sive

129 1180 412 1248 Juuiorem,
449 1200 590 1240 anno
646 1187 802 1248 1185,
826 1188 1031 1244 nefarie
1059 1190 1282 1254 occidit,
1313 1197 1368 1244 et
1402 1206 1543 1248 anno
1571 1191 1710 1246 1185
1742 1208 1769 1245 a
1806 1192 2062 1248 seditiosa
2103 1188 2259 1260 plebe
2293 1186 2894 1258 Constantinopolitana
2928 1185 3168 1240 vicissim
3195 1184 3342 1237 occi-

129 1283 211 1325 sus
239 1260 353 1337 est,
394 1271 644 1344 Dialogus
672 1285 854 1329 contra
885 1275 1124 1340 Judteos,
1189 1277 1344 1345 cujus
1378 1278 1567 1334 titulus
1594 1289 1642 1333 et
1678 1280 2006 1350 principium
2043 1296 2057 1334 :

914 1414 1217 1490 Butuntis},
1245 1416 1410 1490 τῶνδε
1437 1415 1548 1490 τῶν
1573 1417 1748 1485 λόγων
1787 1420 1967 1490 χάρις,

965 1483 1267 1558 ἐσρᾳῖὲεὴν
1296 1483 1660 1558 ἐξελέγχουσαζ
1700 1483 1932 1558 πλᾶνήν,

820 1552 929 1624 Id;
964 1552 1612 1618 εὐσέϐεἰςδείκνυσιὲοἰς
1650 1552 1874 1621 πιστοῖς’
1895 1552 2139 1624 τρίϐους.

809 1621 1064 1694 Ἔγραψα
1091 1624 1146 1676 δὲ
1179 1625 1346 1693 αὐτὴν
1404 1626 1742 1693 Ἀνδρόνικος
1769 1629 1830 1678 ὲκ
1865 1621 2050 1694 πᾶδου,

815 1689 1452 1762 Ἀδέλφόπλιςᾲᾶναὶιτος,
1483 1689 1733 1748 Αὐσόνων
1759 1696 1950 1762 γένους

817 1760 1258 1834 [(-ομνηνοφυοῦςᾷ,
1290 1765 1354 1834 ἐκ
1390 1760 1895 1834 σεόαστοκράτὸρος

808 1829 902 1893 Εἰς
921 1829 1024 1900 γῆν
1047 1829 1361 1903 προαχθεὶς,
1407 1833 1501 1887 καὶ
1531 1829 1704 1902 γλυκῦ
1736 1829 1936 1905 βλέψας
1961 1835 2114 1905 φάος.

814 1946 1007 2019 pocilis
1041 1946 1372 2016 venustaQue
1401 1950 1561 2005 libelli
1595 1952 1789 2019 gratia,

816 2017 1052 2086 Verpum
1106 2021 1340 2073 retundit
1374 2021 1564 2075 efﬁcax
1600 2017 1889 2079 insani-am.

814 2086 1044 2158 Piasque
1074 2090 1176 2141 rite
1203 2090 1433 2144 credulis
1469 2102 1730 2144 monstrat
1763 2092 1906 2148 vias.

815 2156 1319 2212 Huic‘Andronicus
1355 2169 1543 2212 auctor
1574 2169 1686 2222 est,
1720 2176 1874 2215 sacer
1904 2163 2066 2218 studii

815 2225 1002 2282 Frater
1040 2230 1274 2294 potentis
1303 2229 1586 2283 Ausonum
1619 2230 1728 2283 ltte
1765 2232 1865 2285 soli

811 2294 1238 2365 Proimperator,
1275 2311 1435 2366 quem
1471 2307 1592 2351 satu
1625 2300 1991 2357 Comnenides

802 2366 1008 2419 Eduxit
1038 2366 1189 2433 orbi,
1221 2377 1275 2422 et
1311 2367 1442 2423 solis
1472 2369 1628 2452 Ialtno
1664 2368 1875 2426 lumini.

138 2503 452 2574 Ἐπειδήπερ
479 2504 666 2557 πολλοὶ
697 2506 798 2576 τὴν
823 2505 931 2560 τῶν
975 2506 1312 2576 παρανόμων
1353 2508 1625 2561 Ἰουδαίων
1671 2511 2040 2583 ἐπεχείρησαν
2085 2511 2435 2583 παραστῆσαι
2469 2509 2813 2575 δυσσέϐειαν,
2846 2507 2941 2562 καὶ
2971 2507 3122 2569 ὅπως
3160 2505 3260 2577 μιν
3306 2507 3337 2560 ὁ

133 2593 498 2664 φιλάνθρωπος
529 2595 810 2664 Δεσπόσης
840 2597 933 2648 καὶ
965 2595 1240 2664 κηδεμὼν,
1265 2598 1326 2649 οὐ
1359 2598 1445 2650 διὰ
1485 2598 1729 2668 σημείων
1762 2597 1942 2666 μόνον,
1973 2599 2005 2667 ἢ
2041 2601 2365 2668 Προφητῶν,
2400 2598 2536 2650 ἀλλὰ
2575 2597 2627 2648 δὶ
2670 2594 3001 2666 ἀμφοτέρων
3027 2593 3146 2663 ἅμα
3177 2593 3344 2647 πολυο

134 2680 328 2749 μρῶς,
362 2682 455 2734 καὶ
481 2681 841 2752 πολυτροπῶς
867 2681 966 2753 τὴν
997 2683 1273 2752 σωτηρίαν
1300 2684 1508 2736 τούτων
1539 2681 1690 2752 πραγ

1777 2684 2110 2758 τευὸμενος)
2144 2695 2250 2739 etc.
2288 2684 2390 2740 Ubi
2445 2683 2738 2737 notandum
2787 2693 2868 2735 est
2914 2681 3155 2735 codicem
3196 2681 3337 2734 hunc

138 2773 386 2823 tractatus
416 2771 611 2833 istius,
646 2771 941 2824 secundum
980 2769 1201 2824 Joannis
1232 2769 1481 2826 Satnbuci
1512 2772 1817 2840 opinionem
1847 2812 1860 2836 ,
1896 2786 2014 2826 esse
2052 2771 2424 2841 idiographum
2453 2810 2470 2836 ,
2543 2770 2658 2824 sive
2697 2769 2909 2837 prapria
2944 2768 3110 2837 ipsius
3136 2767 3346 2820 Andro-

138 2855 232 2907 nici
264 2871 419 2908 manu
452 2865 731 2910 exaratum
830 2857 917 2924 qui
944 2857 1052 2926 jam
1083 2872 1110 2909 a
1143 2859 1302 2913 Petro
1353 2855 1630 2913 Stevartio
1665 2858 1947 2912 Leodieusi
1970 2899 1984 2922 ,
2021 2859 2118 2914 sed
2162 2857 2351 2912 Latine
2405 2867 2612 2910 tantum
2665 2857 2960 2926 interprete
3010 2851 3220 2908 Joanne
3249 2851 3342 2906 Liv

146 2941 312 2998 vineio
336 2984 350 3009 ,
386 2944 566 2997 editus
595 2952 677 2997 est
704 2944 756 2996 in
787 2951 931 2996 tomo
959 2944 1212 3013 singulari
1247 2943 1577 2999 Lectionibus
1621 2945 1861 3014 Antiquis
1908 2944 2124 3000 Henrici
2179 2943 2383 3000 Canisii
2418 2942 2600 2997 addito
2627 2983 2642 3008 ,
2679 2941 2993 3009 lngolstadii
3031 2941 3174 3009 typis
3204 2940 3346 2994 Ede-

136 3028 288 3084 rianis
317 3045 460 3084 anno
495 3029 652 3095 1616,
687 3030 826 3084 iri-4.
860 3029 956 3084 Cui
991 3030 1249 3106 Livineio
1288 3033 1582 3087 cardinalis
1613 3031 1876 3096 Sirletus,
1911 3032 1994 3086 vir
2020 3030 2364 3086 doctissimus
2390 3071 2405 3096 ,
2459 3045 2560 3084 ms.
2610 3044 2767 3084 suum
2820 3028 3061 3081 codicem
3093 3025 3341 3080 Graecum

140 3113 588 3178 commodaverat.
622 3121 759 3178 Hinc
786 3136 962 3180 autem
995 3124 1274 3180 manifeste
1306 3127 1492 3193 liquet,
1523 3136 1782 3195 quantum
1816 3126 2032 3180 fallatur
2065 3141 2226 3195 supra
2264 3137 2589 3180 memoratus
2613 3123 2849 3180 Joannes
2882 3119 3178 3187 Liviuejus,
3237 3120 3334 3190 qui

141 3208 187 3262 in
218 3209 538 3267 Prmfatione
573 3227 686 3266 suae
737 3214 1000 3268 versionis
1053 3212 1257 3268 Latina:
1309 3214 1515 3284 Dialogi
1577 3216 1867 3268 Andronici
1914 3223 2096 3267 contra
2127 3212 2365 3278 Judteos,
2428 3213 2573 3266 illum
2633 3226 2776 3265 anno
2814 3209 3010 3264 Christi
3045 3209 3178 3263 1327
3211 3224 3334 3262 esse

134 3297 472 3366 compositum
516 3300 732 3354 asserit.
767 3319 787 3352 ι
825 3301 994 3365 Quem
1028 3309 1244 3356 secutus
1290 3300 1496 3355 fueram
1533 3301 1586 3355 in
1614 3300 1980 3370 Supplemento
2033 3314 2152 3354 meo
2191 3299 2502 3352 Bellarmini
2528 3337 2542 3364 ,
2584 3297 2647 3351 ad
2685 3311 2882 3350 annum
2915 3295 3082 3359 1320,
3118 3310 3170 3361 p.
3221 3294 3342 3349 595.

134 3378 227 3436 Sed
252 3385 389 3438 hunc
413 3385 687 3454 Dialogum
715 3385 1020 3441 Andronico
1047 3387 1320 3442 Comueno
1361 3389 1668 3459 imperatori
1701 3387 1741 3441 ll
1801 3403 1893 3441 seu
1926 3386 2133 3455 Juuiori
2168 3387 2500 3448 adscribens,
2543 3385 2633 3454 qui
2695 3398 2837 3436 anno
2892 3383 3026 3436 1527
3061 3381 3341 3449 imperium

136 3482 399 3526 assecutus
427 3483 534 3526 est.
567 3460 786 3528 Minime
815 3488 1026 3542 quoque
1055 3475 1350 3530 audiendus
1381 3485 1485 3542 est,
1530 3475 1823 3530 cardinalis
1858 3475 2121 3538 Sirletus,
2163 3473 2254 3542 qui
2283 3483 2340 3526 ut
2360 3471 2597 3526 Joannes
2627 3469 2902 3539 Livinejus
2928 3468 3124 3522 ibidem
3156 3466 3342 3528 refert,

132 3571 391 3625 perperam
427 3560 657 3614 credidit
689 3571 963 3615 auctorem
997 3561 1140 3616 illum
1179 3562 1410 3633 Dialogi,
1443 3578 1545 3617 non
1573 3579 1693 3618 esse
1722 3565 1895 3634 ipsum
1917 3552 2278 3615 Andronicum
2309 3560 2649 3624 Contnenum,
2684 3559 2776 3612 sed
2811 3573 2872 3610 eo
2898 3555 3346 3624 tantumjubeute

136 3659 256 3712 opus
283 3646 420 3701 istud
451 3648 519 3701 ab
547 3647 839 3717 Euthymio
872 3647 1142 3718 Zigabeno
1170 3648 1335 3704 fuisse
1367 3652 1751 3718 compositum.
1805 3648 1958 3715 Quod
1986 3649 2127 3702 enim
2165 3648 2278 3716 ipse
2325 3646 2671 3700 Andronicus
2704 3644 2986 3711 Dialogum
3020 3644 3180 3696 istum
3217 3657 3344 3709 pro-

136 3733 240 3798 prio
271 3743 441 3788 marte
474 3735 883 3803 composuerit,
921 3736 1227 3790 luculenter
1260 3745 1482 3806 apparet
1529 3751 1594 3791 ex
1634 3735 1969 3790 carminibus
2020 3748 2180 3801 supra
2232 3732 2491 3787 exhibitis
2519 3772 2532 3796 ,
2585 3732 2674 3797 qui
2710 3731 2758 3783 ei
2808 3729 2945 3781 tituli
2980 3729 3098 3782 loco
3137 3726 3341 3797 pra'lixi

136 3827 286 3873 sunt:
326 3822 465 3876 sicut
493 3831 548 3875 et
583 3835 647 3876 es
681 3819 886 3877 Nicetes
919 3823 1196 3877 Cbouiata:
1232 3823 1541 3878 testimonio
1573 3823 1759 3887 allato,
1792 3824 1857 3877 de
1890 3819 2181 3875 Andronici
2207 3820 2445 3888 ejusdem
2480 3819 2679 3873 eximia
2714 3815 3046 3882 eruditione,
3079 3815 3341 3883 singulari

133 3907 453 3977 eloquentia,
488 3920 542 3964 et
577 3911 846 3980 exquisita
882 3927 1050 3966 sacrae
1081 3911 1376 3981 Scriptura:
1407 3912 1622 3966 notitia.
1675 3910 1864 3964 Exstat
1895 3922 2108 3976 quoque
2135 3905 2323 3961 Graece
2377 3921 2480 3990 ms.
2516 3907 2566 3959 in
2601 3905 2936 3959 Bibliotheca
2996 3902 3341 3990 Serenissimi

134 3992 352 4050 Bavaria‘.
385 3996 568 4064 Ducis,
603 3998 785 4052 codice
817 3997 941 4063 128,
980 4009 1038 4052 ιιι
1065 4008 1212 4068 patet
1243 4012 1306 4053 ex
1343 3999 1458 4067 ejus
1488 3999 1753 4068 catalogo,
1789 3995 1856 4050 ad
1891 3995 2091 4049 calcem
2129 3994 2256 4047 torni
2307 3992 2351 4046 ll
2385 3987 2684 4060 Apparatus
2718 3994 2857 4044 sacri
2888 3991 3101 4044 Antonii
3148 3987 3342 4043 Posse-

133 4081 252 4134 vini.
287 4083 647 4138 Andronicum
675 4083 1014 4140 Camaterum
1049 4094 1324 4140 auctorem
1353 4087 1551 4140 habere
1585 4085 1867 4138 videntur:
1900 4081 2153 4150 Dialogus
2197 4081 2452 4133 adversus
2483 4077 2704 4132 Latinos
2751 4079 2815 4156 de
2845 4079 3174 4142 processione
3214 4077 3341 4144 Spi-

135 4171 256 4224 ritus
284 4177 472 4237 sancti,
511 4181 565 4227 et
597 4173 898 4240 Disputatio
931 4175 1258 4242 imperatoris
1289 4191 1402 4227 cum
1435 4174 1644 4228 doctore
1689 4173 2057 4226 Armeniorum
2090 4168 2271 4230 Petro.
2306 4168 2381 4221 De
2419 4168 2629 4222 duabus
2676 4170 2731 4221 in
2786 4167 2996 4222 Christo
3028 4171 3257 4230 naturis,
3289 4175 3339 4218 et

131 4257 234 4310 aliis
259 4259 532 4324 capitibus.
572 4259 676 4314 Sed
703 4276 807 4313 non
837 4259 1155 4326 Opusculum
1184 4270 1366 4314 contra
1396 4259 1653 4315 Joannem
1695 4257 1917 4314 Veccum
1962 4257 2315 4326 patriarcha":
2343 4256 2980 4323 Constantinopolitanttm
3004 4295 3019 4319 ,
3053 4269 3175 4323 qua:
3208 4269 3338 4308 mss.

138 4354 466 4398 asservantur
501 4345 552 4398 in
605 4347 791 4400 eadem
846 4346 1104 4402 Bavarica
1150 4347 1482 4402 Bibliotheca
1512 4387 1527 4412 ,
1573 4349 1759 4404 codice
1794 4347 1936 4411 120,
1991 4354 2126 4401 teste
2176 4344 2361 4405 eodem
2404 4342 2697 4399 Possevino
2724 4383 2739 4406 ,
2780 4345 2832 4398 in
2867 4343 3125 4413 Catalogo
3179 4343 3336 4396 istius

135 4429 485 4495 Bibliotheca,
517 4445 636 4500 pag.
675 4431 761 4485 62.
795 4433 1032 4502 Denique
1059 4434 1356 4488 notandum
1388 4445 1473 4490 est
1506 4436 1558 4490 in
1591 4450 1754 4506 supra
1785 4442 2084 4489 memorata
2129 4432 2340 4502 Dialogi
2374 4433 2607 4487 editione
2639 4431 2832 4488 Latina
2871 4433 3102 4487 Livineii
3134 4441 3185 4487 et
3215 4432 3337 4486 Stc-

133 4518 308 4582 vartii,
343 4517 620 4585 Dialogum
650 4515 796 4572 illum
831 4535 949 4574 esse
980 4520 1214 4576 divisum
1282 4522 1334 4576 in
1366 4521 1435 4576 64
1460 4523 1632 4590 capita
1656 4561 1671 4584 ,
1717 4523 1917 4577 nullum
1949 4530 2131 4574 autem
2183 4520 2234 4572 in
2277 4521 2462 4574 codice
2505 4521 2603 4574 hoc
2651 4521 3018 4589 manuscripto
3066 4521 3336 4580 Cmsare’o.

134 4604 272 4660 istius
301 4606 577 4662 divisionis
602 4616 814 4662 exstare
845 4610 1147 4678 vestigium.
1175 4609 1298 4665 Iltec
1336 4609 1402 4665 de
1434 4624 1499 4665 eo
1531 4609 1851 4664 Lambecius
1915 4609 2054 4663 libro
2082 4623 2114 4661 ν
2137 4607 2658 4663 Commentariorum
2707 4606 3051 4661 Bibliotheca:
3081 4606 3339 4660 Cessante

135 4687 540 4746 Vindobouensis
561 4730 577 4758 ,
611 4708 662 4761 p.
693 4692 793 4748 169
827 4703 879 4748 et
912 4693 1043 4758 1⁸70,
1073 4695 1202 4748 etin
1235 4694 1490 4764 Catalogo
1527 4696 1849 4764 scriptorum
1905 4695 2065 4763 hujus
2124 4696 2250 4748 ιουιί
2274 4735 2289 4759 ,
2343 4708 2463 4762 pag.
2496 4693 2598 4747 303
2625 4703 2678 4746 et
2705 4693 2828 4747 365.
2858 4691 3120 4747 Henricus
3147 4691 3342 4748 Whar—

133 4786 210 4829 ton
241 4779 294 4832 in
330 4779 715 4849 Supplementa
769 4782 1028 4834 Historite
1070 4780 1342 4834 litterario:
1402 4781 1672 4836 Guillelmi
1715 4781 1878 4845 Cavi,
1918 4781 2007 4835 ubi
2044 4797 2161 4850 pag.
2195 4780 2264 4832 21
2289 4823 2302 4844 ,
2356 4783 2496 4834 hunc
2535 4779 2903 4833 Andronicum
2956 4781 3340 4834 Constantino-

131 4862 403 4926 politanum
436 4863 601 4918 refert
626 4864 692 4918 ad
718 4880 914 4918 annum
943 4865 1079 4919 1527
1114 4881 1233 4919 cum
1271 4864 1533 4921 Livineio.
1567 4866 1760 4921 Omnia
1792 4879 1967 4922 autem
2001 4869 2112 4922 haec
2147 4866 2412 4936 Opuscula
2442 4867 2664 4921 ascribit
2701 4867 3008 4921 Andronico
3053 4869 3340 4921 Camatero

132 4946 714 5020 Constantinopolitanae
739 4952 885 5006 urbis
913 4951 1168 5020 praelecto
1203 4951 1520 5006 Guillebuus
1563 4951 1740 5008 Cavus
1771 4954 1823 5006 in
1864 4955 2098 5008 Historia
2131 4956 2204 5007 rei
2247 4954 2541 5017 litteraritv,
2578 4964 2727 5021 parte
2767 4971 2803 5020 ι,
2844 4957 2908 5008 ad
2943 4971 3138 5010 annum
3172 4954 3330 5017 1156,

133 5050 240 5106 pag.
272 5038 409 5105 676;
442 5049 496 5093 et
527 5048 677 5106 parte
711 5055 749 5093 tt
786 5039 1039 5093 Historia:
1068 5040 1347 5093 litterariw
1398 5038 1465 5092 ad
1518 5053 1715 5091 annum
1747 5040 1918 5107 1185,
1959 5056 2079 5109 pag.
2116 5039 2246 5104 397,
2297 5040 2401 5092 598
2428 5079 2442 5106 ,
2473 5055 2589 5108 qua:
2621 5042 2706 5094 vix
2759 5042 3036 5097 conciliari
3115 5050 3340 5112 possunt

135 5135 240 5179 cum
274 5125 340 5183 iis
366 5142 485 5198 quae
515 5127 708 5184 scribit
739 5127 857 5198 ejus
890 5130 1240 5184 continuator
1268 5127 1535 5181 Warthon
1566 5125 1632 5178 ad
1661 5141 1862 5181 annum
1898 5128 2056 5193 1527,
2089 5143 2212 5197 pag.
2252 5127 2343 5180 21.
