3952 6328
161 237 245 296 801
1235 233 1512 294 DlALOG
1523 235 1619 295 US
1655 234 1946 296 CONTRA
1987 237 2313 300 JUD.’EOS.

3278 232 3383 297 802

68 332 80 344 ’
163 345 276 400 Nam
311 344 441 414 quod
486 345 653 400 Deum
696 345 906 400 noverit
945 345 1257 416 quisquam,
1293 354 1387 400 aut
1429 359 1622 409 nosse,
1662 357 1692 398 a
1720 339 1769 401 A
1797 345 1962 399 maris
1995 363 2009 400 :
2045 345 2112 400 Et
2141 345 2486 416 praecedebat
2515 343 2780 416 sapientia
2818 343 3123 400 Salomonis
3159 346 3379 416 sapien-

160 453 396 508 quoquam
439 438 805 491 testimonium
857 437 1072 500 tulerit,
1115 439 1373 491 hactenus
1423 437 1600 501 novit,
1640 437 1702 489 ut'

159 529 248 581 alio
275 543 370 581 non
413 542 566 596 atque
603 529 870 582 illustrato
909 529 1138 583 lucidior
1167 536 1471 597 appareret,
1501 528 1700 596 quippe

158 620 288 673 alteri
337 629 590 686 praestare
641 619 936 688 perfectum
979 617 1543 689 quiddam‘creditum
1592 625 1696 682 est,

159 724 247 763 non
293 711 498 779 reipsa,
530 711 624 765 sed
671 711 970 781 alienarum
1023 711 1429 780 comparatione
1477 710 1695 764 virium.

155 799 416 854 Enimvero
443 799 591 856 Eoos
624 819 644 853 ι
675 802 890 856 Primus
921 804 998 872 ('7)
1030 803 1195 871 coepit
1223 802 1473 856 invocare
1503 816 1696 855 nomen

157 892 340 945 DOutini
360 892 440 956 “;
476 909 497 943 ι
522 894 670 960 quod
699 893 818 961 ejus
845 893 1080 946 studium
1107 891 1344 961 atquales
1381 909 1400 942 ι
1437 892 1525 945 Dei
1559 892 1699 944 uoti-

155 981 264 1035 tiam
311 1000 330 1032 ι
378 983 585 1036 dixere.
618 983 683 1036 Et
726 983 945 1036 merito.
977 983 1078 1047 Qui
1123 985 1263 1036 enim
1310 983 1500 1052 possis,
1534 997 1694 1051 quem

150 1074 342 1141 ignoras
378 1077 430 1127 in
473 1084 596 1128 vota
639 1085 725 1127 tua
769 1076 1010 1128 vocare?-
1036 1075 1236 1137 Enoch,
1271 1076 1359 1142 qui
1403 1074 1696 1129 translatus

145 1163 321 1225 fuerat,
353 1167 618 1217 incertum
644 1181 712 1218 an
744 1164 908 1219 Deum
925 1167 1240 1233 praescicrit.
1269 1165 1399 1230 Noe,
1432 1165 1695 1234 acceptis-

143 1256 290 1309 simus
313 1255 440 1322 Deo,
463 1258 686 1326 sospitte
711 1258 898 1326 peritia
925 1273 1066 1312 arca:
1087 1259 1317 1312 donatur
1335 1259 1398 1310 η.
1417 1258 1690 1312 Abraham

144 1345 222 1398 ille
250 1361 467 1417 magnus
496 1363 567 1402 ex
598 1349 705 1404 ﬁde
732 1349 1082 1416 justiﬁcatus,
1113 1351 1448 1420 peregrinam
1483 1349 1693 1419 jugulat

147 1435 378 1503 hostiam,
412 1439 463 1492 iu
505 1450 690 1510 typum
725 1441 818 1494 Dei
858 1451 1074 1511 propter
1112 1457 1209 1495 nos
1248 1442 1600 1496 interficiendi
1625 1442 1686 1496 ¹³.

139 1529 202 1581 Αι
241 1544 338 1583 non
390 1530 561 1585 Deum
614 1543 671 1585 ut
721 1531 888 1586 Deum
937 1534 1244 1601 conspexit,
1288 1535 1382 1588 sed
1433 1545 1688 1603 tanquam

141 1619 389 1678 hominem
440 1623 616 1694 epulis
662 1625 902 1694 accepit,
954 1625 1310 1694 laudatusque
1359 1625 1460 1679 fuit
1544 1629 1687 1695 quod

1779 528 2100 595 ‘sapientior
2133 527 2347 583 cunctis
2390 528 2706 583 hominibus
2724 530 2802 595 ‘°;

1806 437 1936 489 tiam
1975 438 2214 491 omnium
2255 436 2610 491 Orientalium
2648 446 2704 492 et
2736 436 3138 507 Egyptiorum,
3163 447 3220 492 et
3254 446 3375 491 erat

2848 547 2866 580 ι
2908 541 3014 598 quo
3048 529 3211 583 altius
3246 544 3378 598 pro-

1803 618 1968 671 funda
2001 627 2265 688 penetrat,
2298 633 2364 674 eo
2396 619 2608 673 haesitat
2638 619 2834 688 magis.
2868 621 3137 689 ﬁnemque
3165 623 3379 688 sapien-

1802 709 1888 762 tia:
1923 710 2131 771 statttit,
2162 710 2348 763 conari
2382 709 2648 772 invenire,
2680 718 2937 776 quantum
2964 710 3235 780 elingerit.

1873 799 2060 864 David,
2098 820 2116 851 ι
2153 801 2234 854 vir
2260 800 2556 854 secundum
2589 815 2681 853 cor
2719 799 2813 852 Dei
2838 802 2904 864 ",
2936 818 2952 848 ι
2991 802 3257 854 interdum
3283 802 3377 868 juo

1799 890 1939 944 dicia
1977 893 2067 945 Dei
2101 910 2119 942 ι
2152 895 2404 961 abyssum
2435 892 2653 944 multam
2680 894 2754 964 ξ’»
2791 892 3049 945 nominat.
3088 891 3225 946 Alibi
3278 895 3372 957 ait,

1803 982 2090 1036 tMirahilis
2114 981 2252 1035 facta
2283 981 2616 1042 estscientia
2651 990 2738 1033 tua
2769 997 2832 1034 ex
2859 981 3032 1048 seipsa
3053 982 3234 1049 "(8).;
3263 980 3374 1036 Mo-

1797 1088 1905 1137 ses,
1931 1083 2107 1126 vatum
2130 1072 2219 1126 ille
2241 1083 2445 1135 vertex,
2463 1073 2617 1141 quiet
2634 1071 2741 1126 Deo
2769 1073 2986 1135 charus,
3016 1088 3228 1141 praeque
3255 1089 3374 1127 om-

1797 1164 1953 1216 nibus
2015 1177 2111 1217 sua
2168 1169 2489 1232 tempestate
2537 1160 2793 1226 celebris,
2843 1171 2963 1229 post
3011 1159 3371 1228 quadraginta

1795 1256 2002 1308 dierum
2053 1253 2259 1321 piacula
2308 1267 2373 1307 ac
2424 1253 2818 1316 lustrationem,
2870 1251 3181 1319 ealiginem,
3223 1252 3366 1305 toni-

1797 1354 1936 1410 trua,
1963 1353 2125 1411 atque
2149 1344 2327 1408 tubas,
2361 1345 2449 1396 vix
2488 1331 2782 1412 posteriora
2817 1343 3012 1396 intueri
3039 1341 3132 1397 Dei
3159 1344 3372 1412 potuit:

1792 1437 1906 1489 sive
1937 1450 1997 1488 ea
2032 1435 2339 1489 molitioues
2371 1445 2426 1488 et
2470 1434 2683 1503 opificia
2735 1435 2823 1489 Dei
2855 1450 3106 1498 censeas,
3152 1451 3246 1490 seu
3288 1435 3374 1490 in-

1793 1528 2162 1581 carnationem
2201 1526 2358 1580 Verbi
2384 1537 2550 1595 atque
2589 1525 2706 1579 Filii
2750 1525 2869 1595 ejus
2904 1528 3052 1580 dicas
3085 1566 3099 1590 ,
3131 1529 3201 1580 ob
3228 1542 3375 1578 moro

1795 1619 1976 1671 talium
2010 1618 2238 1672 salutem
2263 1618 2554 1686 postremis
2577 1617 2906 1686 temporibus
2931 1618 3187 1672 inelIabili
3213 1618 3374 1672 modo

138 1727 244 1766 eum
272 1726 532 1782 quantum
571 1726 890 1786 perceperat
941 1718 1216 1772 coluisset.
1247 1717 1418 1772 Jacob
1486 1721 1685 1782 scalam
1722 1687 1764 1744 Β
1794 1713 2214 1777 procurandum.
2269 1709 2534 1763 Caeterum
2589 1702 2768 1778 neque.
2803 1710 2878 1774 hi,
2922 1724 3095 1778 neque
3148 1710 3232 1763 his
3280 1723 3378 1778 par

137 1811 186 1855 et
223 1805 570 1860 ascendentes
617 1821 714 1876 per
757 1821 876 1861 eam
928 1818 982 1860 et
1025 1809 1416 1862 descendentes
1467 1809 1686 1877 angelos

137 1902 316 1960 tuetur,
352 1897 585 1965 lapidem
634 1908 876 1952 erectum
923 1900 976 1953 in
1031 1900 1242 1954 titulum
1290 1901 1411 1954 oleo
1453 1901 1687 1970 perfudit

138 1988 376 2056 mystice,
407 1989 643 2044 fortasse
667 1991 758 2059 qui
794 2001 974 2045 nostra
1003 2007 1165 2046 causa
1199 2002 1418 2045 unctum
1451 1992 1682 2060 lapidem

134 2089 355 2146 notaret;
387 2091 442 2134 et
467 2080 585 2134 loco
611 2082 842 2148 cuipiam
873 2095 902 2134 a
935 2080 1145 2136 Visione
1175 2065 1274 2136 Dei
1301 2098 1496 2137 nomen
1529 2085 1683 2149 indit,

133 2173 193 2223 ad
216 2172 460 2225 honorem
496 2172 669 2240 ipsius
695 2171 828 2236 Visi,
855 2190 977 2228 cum
1008 2175 1114 2229 Deo
1143 2177 1288 2230 velut
1315 2192 1436 2230 cum
1466 2177 1684 2232 homine

135 2259 498 2314 colluctatur“
531 2263 888 2332 (quaecunque
935 2265 1151 2317 tandem
1198 2265 1290 2318 Dei
1338 2279 1457 2319 cum
1508 2265 1682 2319 homi-

133 2353 270 2407 nibus
303 2353 440 2407 lucta
483 2367 589 2409 est.
626 2359 704 2409 An
752 2357 997 2409 humana:
1037 2356 1260 2411 forsitan
1303 2358 1518 2412 virtutis
1559 2375 1680 2412 cum

135 2443 297 2497 divina
349 2445 698 2515 contentio?)
755 2445 910 2500 lnctze
959 2447 1012 2500 in
1060 2461 1288 2516 corpore
1338 2458 1682 2503 monumenta

136 2533 245 2597 fert,
277 2551 392 2602 quae
438 2535 729 2602 genitalem
775 2538 967 2590 victam
1020 2547 1265 2591 naturam
1320 2538 1681 2607 designarent,

135 2625 350 2679 nominis
388 2627 874 2680 commutationem
925 2628 1136 2694 pietatis
1177 2629 1456 2697 praemium
1502 2631 1711 2699 capit,’

133 2732 221 2784 pro
259 2716 453 2772 .lacoho
502 2718 667 2773 Israel
712 2728 1052 2786 nuncupatus
1072 2718 1138 2782 "',
1173 2726 1397 2786 augusta
1449 2734 1582 2773 sane
1628 2730 1682 2775 et

134 2808 311 2863 illustri
355 2811 791 2864 nomenelatura.
821 2808 1089 2863 Caeterum
1136 2810 1227 2864 Dei
1282 2819 1557 2875 naturam,
1589 2822 1685 2868 aut

133 2913 456 2967 coaspectum
505 2902 733 2969 cepisse,
767 2913 867 2954 nec
911 2901 1023 2968 ipse
1063 2901 1173 2964 ille,
1211 2917 1311 2957 nec
1350 2917 1510 2973 supra
1556 2918 1679 2958 eum

132 2990 391 3059 quisquam
424 2973 691 3057 hodieque
724 3004 889 3043 ausus
919 3001 998 3042 εει
1021 2989 1252 3057 jactare.

197 3081 350 3134 Eliam
388 3097 517 3134 aura
560 3083 805 3149 quamam
847 3081 1005 3146 lenis,
1041 3092 1095 3136 et
1137 3083 1289 3152 ignea
1330 3085 1588 3154 quadriga
1627 3085 1680 3140 in

132 3169 305 3223 cselum
350 3170 630 3235 subducit,
663 3170 926 3240 majorem
975 3173 1192 3226 homine
1228 3175 1431 3240 justum
1474 3175 1682 3244 siguill-

132 3260 328 3313 cans“.
372 3261 607 3323 Manue,
656 3261 747 3329 qui
797 3262 1103 3329 apparentis
1149 3264 1391 3316 obtutum
1440 3265 1530 3319 Dei
1578 3281 1681 3318 non

132 3347 317 3404 ferret:
352 3371 370 3402 ι
403 3351 550 3404 Dixit
576 3351 641 3404 ad
672 3367 896 3408 uxorem
929 3368 1085 3406 suam
1121 3371 1135 3406 :
1169 3352 1337 3407 Morte
1368 3357 1680 3421 moriemur,

132 3441 240 3507 quia
279 3442 504 3496 vidimus
552 3441 988 3496 Dominum".'i
1039 3443 1221 3512 Neque
1262 3447 1401 3499 enim
1447 3447 1680 3502 divinam

133 3533 286 3586 solum
332 3543 576 3587 naturam
620 3548 813 3604 capere
859 3535 1164 3589 humanitas
1210 3552 1312 3590 non
1361 3547 1554 3604 potest,
1589 3539 1682 3592 sed

133 3638 218 3676 nec
251 3626 590 3694 splendorem
640 3625 835 3695 ipSum.
871 3624 1034 3681 Isaias
1056 3628 1095 3657 “
1123 3638 1177 3681 et
1219 3616 1466 3682 Ezechiel
1490 3632 1530 3662 ¹⁹
1562 3646 1679 3684 ma-

133 3731 333 3782 gnarum
370 3735 548 3772 rerum
585 3727 918 3786 spectatores
959 3735 973 3772 :
1019 3719 1110 3774 Ille
1151 3723 1293 3775 enim
1342 3723 1577 3776 Sabaoth
1627 3725 1680 3777 in

133 3807 413 3876 majestatis
460 3809 654 3863 divinae
700 3809 835 3864 solio
885 3812 1044 3874 videt,
1082 3812 1405 3878 stipantibus
1450 3829 1594 3878 eum,
1628 3825 1683 3869 et

130 3900 538 3956 Collaudantibus
572 3917 636 3956 ac
670 3903 975 3971 tegentibus
1015 3901 1352 3972 Seraphinis,
1388 3908 1475 3974 qui
1521 3922 1678 3964 senas

130 3993 227 4046 alas
275 3994 568 4059 baberent;
626 3995 717 4048 ubi
769 4004 824 4047 et
883 3996 994 4062 ipse
1051 4011 1219 4063 pruna
1281 3998 1565 4065 lustratus,
1614 4001 1681 4054 ad

96 4058 541 4148 .prophetaudum
583 4086 839 4139 mittitur.
871 4085 966 4140 llic
1001 4103 1126 4142 vero
1161 4100 1214 4141 et
1249 4090 1340 4143 Dei
1381 4093 1677 4146 vehiculum

134 4173 448 4229 Cberubinos
479 4176 760 4241 describit,
788 4187 842 4230 et
871 4189 1180 4245 superstans
1219 4181 1265 4234 ei
1304 4183 1522 4251 solium,
1557 4186 1681 4239 hoc-

131 4279 219 4331 que
246 4268 574 4334 superiorem
607 4269 856 4332 aethram,
883 4279 936 4323 et
964 4272 1052 4338 qui
1090 4272 1139 4324 in
1175 4272 1287 4341 ipsa
1325 4285 1679 4342 repraesenta-

135 4364 280 4421 retur,
313 4368 420 4409 tum
462 4368 516 4410 et
554 4372 714 4410 voces
748 4361 1030 4427 quasdam,
1067 4371 1119 4414 et
1155 4362 1411 4428 impetus,
1446 4380 1508 4420 ac
1554 4366 1676 4419 fun-

133 4445 332 4500 ctiones.
378 4447 556 4515 Atque
611 4448 714 4526 ista
766 4451 982 4512 omnia,
1018 4465 1109 4504 seu
1163 4451 1677 4526 fuerint_apparitio

133 4542 352 4604 quaedam
406 4542 630 4607 diurna,
678 4543 1023 4610 aspectabilis
1071 4547 1307 4608 sanctis,
1358 4560 1450 4600 seu
1500 4551 1674 4604 visum

136 4639 433 4684 nocturnum
481 4633 703 4686 minime
736 4632 918 4696 fallax,
956 4649 1050 4687 seu
1092 4633 1347 4704 cﬂigiatio
1386 4639 1436 4691 in
1476 4641 1675 4707 animo,

133 4732 233 4785 qua:
273 4719 451 4774 futura
504 4737 600 4775 ceu
651 4726 937 4789 przesentia
992 4736 1363 4793 repraesentat,
1401 4743 1494 4781 seu
1538 4731 1677 4784 aliud

134 4823 364 4865 arcanum
395 4814 690 4882 prophetia:
721 4830 909 4891 genus,
938 4819 1081 4884 quod
1117 4818 1261 4871 solus
1292 4821 1670 4886 prophetarum

137 4899 254 4956 Deus
291 4903 462 4957 novit.
501 4902 757 4957 Salomon
804 4905 986 4974 (verba
1035 4907 1370 4978 Scripturce),
1403 4911 1488 4965 Cui
1534 4914 1679 4967 dedit

136 4987 255 5046 Deus
290 5012 309 5046 ι
344 4995 670 5063 sapientiam
700 5006 755 5049 et
784 4998 1126 5065 prudentiam
1162 5000 1380 5054 multam
1415 5003 1594 5071 nimis,
1626 5017 1682 5058 et

137 5079 452 5139 latitudinem
489 5086 692 5151 cordis,
719 5088 872 5154 quasi
910 5102 1126 5142 arenam
1155 5104 1273 5158 quae
1305 5105 1386 5146 est
1415 5093 1468 5147 in
1500 5094 1679 5150 littore

194 5254 229 5286 "
250 5255 381 5311 Gen.
411 5271 486 5320 Π,
505 5255 596 5310 26.
675 5259 721 5290 ¹¹
743 5257 876 5313 Gen.
903 5276 1059 5314 rt—tx.

137 5337 183 5383 tt,
218 5325 296 5380 ll.
375 5326 616 5380 ﬂJudic.
643 5329 872 5386 1:11.22.

137 5392 171 5421 ²¹
193 5395 326 5468 Psal.
351 5411 523 5468 xxxv,
559 5397 609 5449 7.
684 5401 730 5431 ”
757 5398 900 5455 Psal.
932 5417 1161 5468 xxxvtn,
1203 5392 1271 5460 ’6.

137 5476 176 5528 ιι,
198 5466 246 5521 8.
321 5466 367 5498 ’⁸
397 5467 542 5521 Psal.
569 5479 690 5534 cm,
729 5469 783 5524 5.

1139 5264 1182 5294 ¹³
1208 5263 1342 5322 Gen.
1373 5281 1510 5328 χιιι,
1538 5267 1620 5321 l5.

191 5623 262 5696 (7)
306 5624 528 5680 Scilicet
570 5582 910 5696 posterorum
959 5627 1177 5692 Adami,
1215 5643 1335 5682 cum
1387 5630 1562 5692 Caiuii
1609 5634 1678 5690 ab

138 5693 269 5752 unius
297 5696 390 5753 Dei
423 5697 547 5767 Opt.
573 5693 720 5753 Max.
756 5698 1010 5767 religione
1040 5700 1417 5758 descivissent.

1702 5268 1744 5299 “
1767 5265 1905 5322 Gen.
1930 5281 2121 5326 xxvm,
2152 5262 2240 5321 l2.
2267 5263 2354 5315 l8.

953 5332 993 5363 ¹⁸
1017 5333 1116 5386 lsa.
1143 5351 1213 5397 νι,
1240 5336 1289 5397 l,
1314 5335 1367 5395 2,
1393 5336 1445 5390 6.
1505 5337 1547 5368 ¹⁹
1573 5338 1684 5389 Εῑρι

1797 5336 1900 5401 x,l
1937 5346 1990 5390 et
2015 5349 2167 5401 seqq.
2225 5333 2269 5363 ¹⁹
2296 5333 2358 5384 Ill
2392 5330 2526 5398 Reg.
2553 5346 2629 5391 tv,
2651 5330 2835 5383 29-5l.
2896 5332 2937 5361 ἰ
2969 5329 3069 5401 Art
3117 5341 3234 5401 x_t_tt,
3264 5328 3356 5385 2t.

1349 5405 1392 5436 "
1411 5404 1590 5463 Exod.
1626 5421 1821 5472 xxxm,
1853 5408 1942 5461 25.

1790 1803 2096 1870 quisquam,
2138 1802 2228 1855 Dei
2255 1801 2614 1856 substantiam
2659 1811 2713 1855 et
2752 1802 3040 1855 essentiam
3070 1800 3376 1870 apprehen-

1789 1896 1890 1957 dit,
1913 1905 1968 1947 ut
1992 1896 2252 1962 scriptum
2279 1906 2359 1947 est
2383 1896 2452 1959 “,
2487 1909 2658 1962 neque
2684 1895 2774 1947 Dei
2801 1902 3047 1946 naturam
3101 1896 3377 1962 perspexit

1789 1994 1881 2036 aut
1928 1985 2210 2050 exposuit;
2253 1981 2347 2037 sed
2380 1999 2566 2036 (mines
2616 1983 2811 2036 exinde
2867 1997 3037 2049 uSque
3087 1983 3210 2048 huc,
3250 2000 3269 2032 ι
3305 1998 3373 2036 ex

1788 2083 1939 2142 parte
1969 2085 2319 2143 coguOscunt,
2359 2084 2412 2127 et
2440 2090 2503 2128 ex
2547 2083 2697 2141 parte
2733 2074 3064 2142 prophetant
3085 2074 3151 2126 ".
3187 2091 3204 2123 ι
3234 2071 3373 2126 Om.

1788 2180 1884 2219 nes
1917 2179 2067 2226 vero,
2103 2165 2346 2232 inquam,
2387 2164 2489 2217 illis
2513 2165 2704 2233 spiritu
2741 2179 2917 2232 pares.
2948 2167 3023 2218 Ae
3049 2165 3174 2230 quid
3203 2164 3390 2218 Deunr

1786 2260 1854 2311 ab
1883 2255 2066 2325 aliquo
2091 2243 2367 2309 hominum
2409 2255 2582 2310 visum
2616 2256 2831 2309 dicam?
2863 2257 2953 2324 qui
2989 2272 3087 2308 nec
3122 2259 3185 2309 de
3211 2258 3372 2310 rebus

1785 2348 2003 2416 quidem
2042 2347 2274 2401 conditis
2304 2347 2584 2416 explorate
2609 2357 2803 2415 queant
2837 2349 3122 2401 disserere.
3156 2346 3373 2403 Sr-iliret

1787 2439 1963 2508 magni
2048 2437 2265 2493 Davidis
2348 2439 2463 2493 hate
2525 2440 2792 2494 sententia
2841 2449 2968 2494 est:
3029 2457 3048 2492 ι
3101 2440 3368 2507 Quoniam

1785 2541 1913 2586 tunc
1939 2531 2130 2585 videbo
2152 2530 2322 2584 caelos
2347 2539 2489 2594 tuos,
2523 2545 2686 2598 opera
2712 2531 2997 2599 digitorum
3025 2542 3240 2586 tuorum
3259 2518 3362 2585 ⁸⁸.»

1787 2621 1937 2676 Tunc
1965 2640 1978 2677 :
2005 2622 2263 2691 quando?
2287 2623 2423 2677 Cum
2456 2638 2522 2677 ex
2560 2624 2661 2676 hoc
2697 2622 3044 2677 tabernaculo
3060 2638 3366 2688 excessero,

1784 2724 1946 2783 atque
1981 2729 2010 2767 a
2041 2728 2226 2769 crassa
2279 2714 2580 2768 vitlositate
2639 2715 2945 2782 expeditus,
3005 2714 3365 2782 liquidissima

1784 2802 1904 2858 luce
1971 2803 2274 2858 illustratus
2333 2803 2508 2859 fuero.
2568 2803 2728 2861 Vides
2795 2805 3089 2868 ingenuum
3150 2803 3369 2857 vatem?

1784 2898 1960 2966 Atque
2011 2897 2124 2951 hac
2180 2897 2334 2950 inibi.
2389 2897 2507 2950 Alio
2563 2896 2682 2974 loco
2717 2913 2729 2950 :
2764 2914 2781 2944 ε
2823 2895 3053 2957 lttCerta,
3089 2897 3285 2966 inquit,
3313 2905 3368 2951 et

1784 2989 1994 3042 occulta
2054 2988 2332 3056 sapientia:
2359 2998 2460 3040 tua:
2515 2987 2869 3041 manifestasti
2911 2988 3131 3041 mihi".
3167 3007 3186 3038 ι
3229 2988 3361 3042 Nam

1790 3081 2031 3151 profecto
2065 3079 2156 3134 Dei
2192 3081 2466 3149 epillcium
2518 3095 2638 3133 esse
2689 3080 2878 3144 cenios,
2913 3095 3036 3134 cum
3083 3089 3366 3151 perspecte

1789 3187 1933 3226 nunc
1979 3172 2253 3240 cognitum
2309 3171 2462 3231 vati;
2515 3180 2626 3223 tmn
2666 3187 2792 3225 vero
2845 3173 3086 3226 exactius
3138 3174 3363 3240 tenebit,

1785 3280 1909 3319 cum
1946 3275 1999 3318 et
2035 3279 2223 3318 eorum
2257 3264 2366 3317 vim
2395 3278 2458 3315 ac
2492 3272 2762 3326 naturam,
2801 3263 2891 3315 sed
2939 3271 2992 3316 et
3023 3278 3262 3326 causam,
3295 3265 3364 3316 ob

1785 3373 1945 3423 quant
1980 3356 2046 3409 ab
2078 3355 2268 3424 opifice
2311 3355 2418 3408 Deo
2461 3355 2715 3419 instituti,
2752 3365 3004 3409 accurate
3045 3355 3356 3422 perspiciet.

1786 3449 1922 3502 Tum
1955 3447 2096 3502 enim
2134 3461 2239 3500 non
2274 3446 2426 3513 pellis
2460 3447 2630 3498 instar
2680 3456 2934 3500 extensos
2954 3447 3020 3510 ",
3059 3447 3150 3501 sed
3180 3463 3360 3501 veram

1785 3552 1996 3595 natura:
2047 3540 2168 3609 ejus
2207 3540 2457 3592 notitiam
2501 3548 2886 3604 consequetur.
2938 3539 3090 3604 Quod
3146 3541 3190 3592 si
3229 3541 3362 3594 tanti

1788 3632 1890 3684 viri
1920 3634 1984 3684 de
2025 3632 2185 3683 rebus
2217 3630 2416 3684 creatis
2451 3630 2717 3682 tantillum
2750 3629 3002 3697 quiddam
3056 3632 3104 3683 in
3144 3631 3244 3684 hoc
3281 3640 3364 3684 ta-

1787 3722 2082 3774 bernaculo
2132 3722 2397 3788 agitantes
2440 3728 2566 3772 sunt
2623 3720 2880 3784 assecuti,
2918 3722 3045 3788 quid
3091 3721 3201 3788 jam
3257 3721 3362 3775 mci

1784 3811 1958 3866 instar
1994 3813 2281 3880 quispiam,
2315 3811 2504 3880 plenus
2539 3811 2800 3865 scelerum
2847 3812 3089 3875 maculis,
3129 3813 3364 3881 cogitare

1785 3916 1876 3959 aut
1909 3905 2061 3957 εαξη-ἱ
2091 3905 2275 3960 ausit?

1858 3997 2041 4048 Dicam
2077 4006 2254 4049 tamen
2292 3996 2466 4061 vobis,
2498 4011 2618 4065 qua:
2650 4005 2799 4048 certo
2829 4003 2881 4048 et
2918 3995 3120 4060 absque
3146 4003 3365 4048 contro-

1785 4088 1958 4141 ve‘rsia
2031 4088 2416 4156 prophetarum
2487 4102 2608 4140 esse
2670 4087 2959 4139 credimus.
3039 4087 3359 4154 Expetlitam

1783 4194 1945 4247 porro
1974 4177 2137 4232 faciat
2166 4180 2465 4232 orationem
2507 4193 2535 4228 a
2577 4177 2854 4244 pr0phetis
2902 4177 3190 4242 praedicata
3241 4176 3361 4228 Tri-

1785 4273 1944 4332 nitas,
1978 4283 2134 4321 verus
2190 4276 2350 4334 atque
2401 4267 2558 4319 unius
2613 4278 2814 4318 natura:
2865 4265 3032 4317 Deus.
3097 4265 3270 4317 Credo
3306 4265 3358 4316 in

1786 4361 2022 4424 Patrem,
2074 4374 2137 4412 ac
2192 4357 2411 4418 Filium,
2446 4366 2498 4410 et
2556 4344 2831 4424 Spiritum
2875 4367 3141 4419 sanctum,
3204 4358 3361 4410 unius

1785 4468 2011 4520 naturai,
2035 4462 2088 4506 et
2121 4452 2406 4505 indivisam
2437 4451 2789 4515 Trinitatem;
2824 4467 2926 4502 non
2963 4460 3021 4502 ut
3055 4463 3162 4504 tres
3203 4451 3357 4518 deos,

1783 4546 1876 4601 Sed
1909 4561 2068 4598 unam
2095 4544 2348 4597 deitatem
2372 4544 2424 4594 in
2459 4542 2629 4595 tribus
2655 4542 2898 4610 personis
2919 4543 3313 4609 agnoscendam
3340 4559 3353 4594 :

1784 4641 1901 4690 sine
1936 4635 2225 4704 principio,
2263 4633 2379 4686 sine
2414 4634 2538 4696 line,
2570 4640 2836 4685 teternum
2883 4632 3116 4693 Patrem,
3152 4644 3358 4687 natura:

1783 4731 1956 4783 omnis
1992 4726 2357 4795 aspectabilis,
2393 4736 2554 4793 atque
2593 4724 2941 4792 intelligentis
2974 4724 3352 4779 architectum.

1785 4820 2035 4873 Geuitum
2065 4833 2129 4871 ex
2162 4816 2320 4870 Patre
2372 4813 2590 4876 Filium,
2623 4816 2773 4880 quasi
2825 4813 3004 4865 lumen
3039 4815 3101 4865 de
3133 4813 3355 4879 lumine,

1787 4911 1953 4964 Deum
1993 4924 2174 4962 verum
2230 4923 2291 4960 ex
2324 4906 2435 4959 Deo
2488 4921 2636 4959 vero.
2684 4904 2935 4958 Gettitum
2982 4919 3085 4958 non
3132 4906 3359 4972 factum,

1788 5002 2192 5064 immortalem,
2278 4995 2835 5060 consubstantialem,
2930 5010 3146 5064 semper
3239 5012 3357 5050 cum

1789 5096 1950 5149 Patre
1977 5093 2287 5160 degentem,
2318 5091 2497 5144 throni
2530 5103 2583 5142 et
2615 5104 2835 5159 cperunt
2866 5098 3193 5151 consortem,
3214 5103 3361 5142 com-

2469 5263 2510 5294 ¹³
2535 5260 2669 5315 Gen.
2698 5274 2866 5320 xxxtt,
2889 5256 2979 5311 28.
3057 5257 3101 5287 ¹⁶
3125 5255 3191 5308 ιν
3223 5256 3355 5324 Reg.

2020 5409 2065 5437 '°
2097 5397 2276 5458 l—Cor.
2317 5417 2437 5469 χιιι,
2470 5397 2523 5455 9.
2600 5402 2644 5433 ²⁶
2676 5401 2821 5455 Psal.
2860 5414 2974 5462 vttt,
3004 5397 3058 5451 4.
3139 5397 3182 5425 ³⁷
3212 5397 3356 5452 l’sal.

1780 5631 1938 5760 Β.
1973 5629 2046 5686 Ex
2096 5629 2353 5685 Naziauz.
2384 5637 2522 5684 orat.
2570 5627 2738 5682 altera
2773 5625 2840 5680 de
2877 5625 3039 5681 theol.
3077 5640 3200 5697 pag.
3243 5625 3354 5681 753

1825 5721 1840 5760 ι
1904 5719 1959 5759 ιι.

1825 5719 1959 5760 ιυιιι.
