3952 6328
532 177 636 242 803

1758 180 2175 249 ΑΝΒΒΟΝῙΟΙ
2208 186 2553 265 COMNENI

3672 209 3770 275 804

533 305 826 359 perennem
850 299 906 348 et
940 291 1231 348 intlnitum.
1283 290 1460 349 Credo
1508 292 1765 396 Spiritum
1807 303 2089 396 isanctum,
2126 307 2171 361 Α
2198 317 2321 373 qua:
2365 321 2532 377 supra
2565 310 2732 367 cmlos
2760 322 2903 378 sunt.
2934 317 3185 384 quamvis
3215 327 3408 376 natura
3449 321 3608 380 nobis
3635 339 3768 396 pra-

535 396 641 437 non
687 385 927 452 genitum
986 384 1081 438 sed
1132 383 1506 453 procedentem
1555 395 1621 435 cx
1655 379 1834 451 Patre,
1865 387 2101 446 consub-

434 506 437 508 ›
530 474 861 539 Itantialem,
898 482 1242 532 coaeternum,
1267 477 1321 522 et
1363 471 1728 538 immensum;
1758 486 1882 528 cum
1932 474 2097 545 Patre

542 574 597 617 et
627 561 764 618 Filio
784 558 900 619 ‘una
928 565 1253 620 adorandum
1285 568 1340 613 et
1361 560 1798 618 coiiaudandum.
2017 629 2022 637 _

541 659 544 661 λ
602 655 678 706 Ac
710 653 777 707 de
806 644 1074 722 principii
1125 658 1345 718 experte
1391 649 1522 716 Deo,
1563 659 1619 706 et
1657 652 1820 715 Patre
1849 655 1952 727 (9),
1990 671 2097 714 non

533 744 705 799 solum
738 759 847 803 vos,
891 749 1049 808 atque
1081 755 1240 795 omne
1273 741 1552 797 hominum
1589 760 1760 815 genus
1790 749 1840 801 in
1879 762 2099 805 senten-

531 836 661 888 tiam
684 833 799 894 ibit,
824 831 915 885 sed
949 832 1061 897 ipsa
1092 833 1253 884 etiam
1284 843 1572 897 natura,ac
1603 847 1807 893 natura:
1839 841 2098 914 magistra

524 897 630 970 tes.
662 917 780 983 Quo
804 919 945 972 enirn
977 922 1136 974 modo
1169 931 1264 976 aut
1291 925 1730 982 exstitisset-haec
1763 945 1942 985 rerum
1978 912 2091 987 uni.

522 1007 772 1070 versitas,
814 1016 906 1060 aut
961 1017 1256 1072 constaret,
1302 1011 1403 1066 nisi
1447 1015 1630 1069 omnia
1669 1014 1810 1074 Deus
1852 1029 1907 1073 et
1964 1036 2093 1090 pro-

522 1096 808 1171 duxisset,
842 1107 898 1153 et
939 1103 1230 1155 tueretur?
1273 1101 1460 1172 Neque
1508 1108 1652 1178 enim
1699 1111 1790 1178 qui
1829 1112 2092 1168 citharam

520 1165 881 1250 pulcherrime
915 1187 1254 1255 instructam,
1286 1203 1341 1246 et
1371 1165 1730 1266 undiquaque'
1752 1200 2094 1268 aptissimam

518 1273 692 1324 cernit
720 1282 812 1326 aut
840 1274 1204 1330 citharmdum
1230 1280 1406 1345 audit,
1434 1282 1579 1337 aliud
1607 1287 1935 1353 cogitatione
1958 1305 2087 1345 ver-

518 1360 874 1437 sabit,.qnam
908 1365 1131 1419 citharae
1165 1378 1462 1436 auctorem,
1505 1387 1568 1428 ac
1595 1374 1953 1432 citharmdum
1981 1395 1995 1444 ;
2024 1380 2092 1434 ad

515 1449 794 1519 cultique,
831 1452 930 1507 etsi
976 1457 1212 1510 nondum
1261 1448 1435 1515 oculis
1484 1471 1877 1532 conspectum,
1913 1477 2092 1536 mente

513 1539 770 1596 avolahit.

1137 1655 1365 1714 CAPUT
1403 1658 1468 1715 il.

780 1759 1088 1820 Animantia
1122 1778 1412 1837 agnoscunt
1436 1772 1595 1828 etiam
1622 1775 1809 1833 Deum.

582 1891 689 1947 Sed
712 1894 837 1962 quid
864 1907 1044 1962 autem
1071 1902 1354 1969 mortales,
1375 1915 1430 1960 et
1456 1900 1770 1965 universum
1806 1910 1908 1967 hoc
1923 1927 2086 1971 omne

479 1984 482 1986 ⁷
511 1985 809 2038 recenseo?
846 1989 1059 2055 quando
1089 1989 1217 2058 ipsa:
1250 1993 1412 2048 etiam
1451 2004 1737 2057 terrestres
1763 2001 1890 2057 fera:
1927 2005 2087 2074 opili-

511 2086 626 2126 ccm
672 2085 994 2144 agnoscunt,
1030 2089 1086 2133 et
1126 2080 1243 2149 ejus
1281 2093 1540 2154 perpetuo
1571 2087 1815 2163 indigent
1851 2092 2084 2148 adminio

508 2163 653 2231 culo,
685 2165 760 2218 ita
793 2168 937 2222 enim
971 2177 1025 2224 et
1079 2170 1146 2226 de
1191 2171 1293 2227 hoc
1337 2175 1528 2231 scribit
1576 2177 1742 2234 David
1771 2197 1791 2236 :
1844 2200 1864 2234 σ
1904 2183 2082 2240 Catuli

421 2270 423 2273 '
507 2255 721 2312 leonum
739 2259 1040 2330 rugientes,
1063 2271 1120 2314 ut
1145 2264 1358 2332 rapiant
1381 2276 1434 2322 et
1453 2280 1700 2336 quaerant
1726 2287 1755 2326 a
1776 2273 1885 2328 Deo
1905 2288 2081 2330 escam

507 2347 608 2403 sibi
627 2348 694 2401 ”.
724 2366 742 2399 ι
779 2348 844 2403 Ει
887 2351 1026 2405 idem
1066 2353 1190 2408 alibi
1222 2371 1238 2409 :
1277 2373 1298 2408 ι
1333 2356 1434 2423 Qui
1483 2360 1573 2413 dat
1611 2361 1874 2432 jumentis
1905 2381 2096 2423 escam-

510 2435 785 2503 ipsorn'm;
823 2447 875 2491 et
901 2440 1066 2508 pullis
1111 2457 1396 2500 corvorum
1431 2446 1805 2508 invocantibus
1840 2457 2077 2511 eunﬂ'.»

440 2551 455 2561 ν-
508 2523 649 2589 Quid
694 2525 855 2594 igitur
906 2528 973 2583 de
1021 2528 1129 2586 Deo
1172 2540 1225 2586 et
1273 2531 1434 2603 Patre
1486 2536 1602 2593 haec
1648 2538 1960 2601 suiiiciunti
1999 2547 2080 2600 An

509 2615 727 2684 ingenio
758 2619 890 2673 estis
915 2620 1078 2675 etiam
1106 2621 1295 2678 bardis
1320 2625 1508 2683 bestiis
1543 2630 1838 2689 hardiorei

1111 2752 1341 2810 CAPUT
1379 2753 1468 2811 lii.

1016 2859 1153 2916 Deus
1186 2862 1350 2918 Pater
1379 2869 1574 2936 genuit.

2198 405 2370 474 ptent,
2390 400 2718 471 propiusque
2746 418 2778 458 a
2805 405 2911 460 Deo
2929 407 3140 475 absint;
3173 410 3386 482 longius
3404 423 3587 471 tamen
3604 419 3771 476 adhuc

2204 486 2367 540 etiam
2395 488 2512 558 ipsa
2544 491 2747 548 distant
2773 508 2804 548 a
2836 494 2968 563 Deo,
2999 498 3222 572 ejusque
3266 504 3505 572 perlecta
3529 520 3770 578 conlpre-

2205 577 2487 645 hensione,
2517 594 2680 650 quam
2718 599 2914 655 corpus
2960 588 3064 647 hoc
3104 601 3348 648 nostrum
3388 577 3766 667 compositum,

2204 666 2431 735 humile,
2461 681 2622 740 atque
2659 676 2805 731 humi
2835 679 3102 748 dejeetum
3129 697 3161 738 a
3193 685 3508 743 cmlestibus
3535 688 3640 745 illis

2204 768 2443 827 peretur.
2495 763 2675 829 Quare
2730 768 2949 824 dubium
2996 787 3104 828 non
3147 781 3254 840 est,
3283 777 3414 846 quin
3449 793 3578 833 cum
3623 781 3766 837 socio

2201 848 2424 917 opiﬁcii,
2458 851 2593 909 Filio
2609 871 2799 927 nempe
2838 873 2957 928 suo,
2988 862 3129 921 hunc
3149 865 3228 937 (ut
3261 867 3330 922 ita
3362 868 3561 940 dicam)
3589 872 3766 928 archi-

2205 942 2534 997 tectonicum
2583 945 2654 1002 de
2675 951 2953 1028 creatione.
2976 955 3284 1013 scrmonem
3315 959 3605 1015 contulerit
3630 959 3764 1018 Deus

2201 1027 2381 1087 Pater.

2271 1144 2393 1202 Jun.
2419 1147 2586 1202 Deum
2604 1151 2816 1219 quidem
2838 1169 3025 1228 verum
3077 1169 3447 1217 creaturarum
3478 1179 3617 1234 quas
3638 1179 3765 1220 eou-

2199 1234 2336 1288 didit
2394 1251 2497 1307 ope
2531 1253 2594 1293 ac
2628 1245 2850 1320 consilio
2881 1261 2984 1300 non
3013 1248 3272 1319 indigere,
3297 1252 3486 1309 damus
3513 1264 3570 1310 et
3597 1255 3763 1313 conﬂ-

2200 1331 2398 1391 temur,
2439 1337 2532 1381 seu
2601 1329 3023 1401 intelligentem,
3061 1350 3155 1392 seu
3212 1340 3467 1399 sensiiem
3513 1352 3759 1400 naturam

2200 1414 2369 1470 dicas.
2398 1415 2508 1473 Deo
2549 1433 2670 1476 esse
2711 1420 2929 1493 Filium,
2963 1430 3435 1496 generationemve
3464 1432 3542 1488 illi
3568 1447 3762 1492 conve-

2199 1504 2337 1571 nire,
2398 1506 2573 1566 Moses
2617 1513 2685 1566 ad
2745 1528 2844 1570 nos
2895 1515 3036 1573 haud
3072 1520 3319 1592 prodidit
3352 1538 3368 1589 ;
3417 1523 3559 1581 sed:
3595 1543 3618 1577 ι
3654 1524 3761 1598 Ego

2197 1607 2315 1647 sum
2336 1595 2600 1655 Dominus
2633 1599 2774 1657 Deus
2800 1613 2927 1657 tuus
2949 1605 3048 1660 “.1
3081 1607 3156 1665 Et
3183 1627 3195 1662 :
3221 1626 3247 1660 4
3283 1598 3472 1666 Videte
3497 1611 3642 1680 quod
3661 1595 3763 1684 ego

2187 1681 2287 1736 sim
2313 1684 2485 1752 solus,
2511 1696 2566 1742 et
2593 1704 2701 1744 non
2740 1692 2811 1746 sit
2837 1693 2969 1756 alius
2996 1695 3166 1764 Deus,
3197 1710 3390 1769 ρεπιιβλ*
3423 1715 3512 1757 me
3533 1700 3602 1757 ³⁸.
3625 1719 3646 1756 ι
3671 1681 3758 1771 Et,

2190 1789 2208 1823 t
2225 1771 2362 1840 ,Noli
2390 1776 2614 1835 adorare
2645 1779 2811 1838 Deum
2839 1784 3073 1842 alienum
3093 1788 3160 1844 ³⁸.
3184 1807 3207 1842 a

2251 1866 2473 1942 Gusts'r.
2509 1887 2650 1944 ‘Dlxi
2709 1893 2885 1960 vobis,
2944 1894 3300 1968 Judaei,aegre
3332 1902 3417 1958 vel
3445 1901 3629 1961 losen
3663 1919 3757 1962 vo-

2184 2151 2366 2219 dicat;
2393 2161 2511 2209 tum
2562 2156 2776 2214 demum
2803 2161 2877 2226 id,
2907 2166 3049 2233 quod
3092 2169 3554 2239 sermocinantini,
3580 2151 3755 2253 locum

2184 2239 2448 2308 haberet;
2474 2242 2520 2298 si
2550 2245 2828 2305 dissimilis
2859 2263 3070 2309 natura:
3109 2254 3302 2314 Filium
3329 2239 3752 2333 promulgatum.

2181 2326 2335 2386 Nune
2359 2347 2486 2388 eum
2519 2334 2757 2405 ejusdem
2785 2351 2988 2398 natura
3016 2358 3138 2401 cum
3168 2347 3278 2403 Deo
3305 2326 3359 2406 et
3381 2326 3754 2411 Patreli‘ilium

2184 2418 2380 2486 dicam,
2433 2437 2553 2492 qua;
2600 2421 2907 2485 dissensio?
2957 2433 3135 2501 ipsum
3180 2439 3327 2495 enim
3375 2440 3542 2499 Hosis
3585 2444 3754 2501 Deum

2183 2512 2530 2580 confitemur,
2560 2511 2774 2575 Patrem
2801 2523 2966 2589 geniti
2992 2523 3149 2593 Filii;
3179 2539 3235 2584 et
3269 2546 3482 2587 rursum
3507 2534 3751 2604 ejusdem

2183 2611 2389 2656 natura:
2407 2604 2596 2660 Filium
2635 2621 2753 2662 cum
2784 2608 2945 2668 Patre
2971 2617 3230 2685 genitore.
3266 2619 3422 2689 Nam,
3454 2627 3754 2706 etsiaMoses

2183 2687 2313 2741 dicit
2348 2706 2362 2741 ε
2397 2706 2417 2741 t
2447 2691 2700 2751 Dominus
2730 2695 2868 2754 Deus
2900 2712 3102 2770 noster,
3136 2705 3276 2764 Deus
3321 2687 3458 2767 unus
3498 2704 3586 2771 est
3615 2717 3688 2784 ³⁷,
3727 2737 3747 2771 ι

2183 2791 2288 2831 non
2315 2778 2658 2852 bypostases,
2693 2788 2784 2840 sed
2818 2799 3064 2847 naturam
3097 2795 3160 2849 iis
3185 2799 3367 2856 verbis
3400 2803 3749 2874 signiﬁcavit;

2183 2881 2344 2922 unam
2379 2873 2576 2926 etenim
2619 2876 2795 2934 Patris
2825 2889 2878 2933 et
2916 2881 3033 2938 Filii
3067 2898 3317 2944 naturam
3362 2899 3750 2957 consentimus.

573 2968 696 3023 Jun.
748 2969 890 3023 Nihil
921 2970 1010 3025 hic
1037 2973 1379 3044 ambigimus,
1427 2980 1521 3034 sed
1551 2984 1866 3050 genueritne
1913 2985 2074 3056 Deus,
2104 2981 2146 3040 C
2184 3049 2195 3057 _
2249 2957 2754 3057 ’"D-’_3"”S_??“'i'
2793 2970 2860 3024 de
2908 2960 3110 3030 fabrica
3158 2979 3478 3038 consulum
3504 2999 3753 3057 comp'o‘

508 3059 836 3124 dubitamus.

581 3145 810 3206 Cantsr.
862 3151 1106 3219 Utinam,
1163 3156 1355 3224 Judaei,
1406 3159 1571 3230 hujus
1621 3167 1786 3222 vestri
1836 3175 2072 3242 scrupnii

506 3251 689 3302 causa,
723 3239 881 3294 hodie
929 3240 981 3294 in
1014 3244 1154 3298 vivis
1188 3256 1329 3301 esset
1359 3247 1587 3319 Moyses.
1626 3252 1724 3309 Vix
1764 3257 1931 3323 enim,
1953 3261 2072 3330 opi-

503 3343 627 3391 nor,
662 3329 744 3384 vel
777 3330 866 3386 ille
897 3331 1050 3386 vobis
1079 3335 1348 3392 silentium
1382 3341 1704 3409 imponeret.

570 3418 695 3473 Jun.
733 3420 836 3475 Ubi
867 3438 995 3478 vero
1026 3426 1143 3495 ejus
1173 3440 1382 3486 constat
1411 3421 1595 3492 Mosen
1621 3442 1971 3500 meminisse?

576 3509 790 3566 Cnatsr.
823 3511 1213 3573 Circumcidite
1243 3523 1422 3588 modo,
1456 3525 1695 3596 inquam,
1731 3546 1847 3598 cor,
1874 3534 1925 3588 id
1967 3543 2071 3603 est,

501 3598 853 3656 immodicum
887 3604 987 3660 hoc
1018 3609 1366 3675 supercilium
1407 3629 1471 3669 es
1520 3619 1715 3674 animis
1747 3625 1943 3680 vestris
1974 3627 2071 3680 de-

502 3690 720 3755 ponite;
758 3707 856 3746 nec
885 3692 1065 3749 Mosen
1089 3696 1264 3752 solum
1301 3702 1608 3770 invenietis,
1634 3711 1728 3765 sed
1762 3712 1893 3770 alios
1910 3718 2068 3772 etiam

502 3779 703 3832 multos
730 3783 1042 3850 prophetas,
1063 3803 1167 3842 non
1195 3798 1401 3848 tantum
1427 3796 1757 3866 meminisse,
1782 3805 1875 3859 sed
1895 3807 2068 3875 palam

503 3867 639 3922 adeo
684 3869 938 3926 clamate.
994 3873 1151 3940 Nam,
1203 3877 1256 3930 in
1305 3878 1399 3934 Dei
1442 3884 1679 3955 opiﬁcio,
1721 3891 1796 3946 ait
1852 3867 2068 3951 Moses:

507 3975 531 4009 ι
567 3955 854 4016 Faciamus
910 3962 1176 4020 hominem
1211 3968 1275 4021 ad
1317 3969 1603 4039 imaginem
1649 3987 1703 4032 et
1764 3983 2072 4041 similitudi-

505 4065 626 4104 nem
669 4055 1035 4111 nostram“.r
1089 4057 1153 4125 Et
1196 4071 1319 4129 post
1367 4079 1534 4132 pauca
1586 4083 1602 4123 :
1657 4086 1679 4122 ι
1714 4071 1854 4129 Ecce
1901 4078 2068 4134 Adam

495 4139 659 4207 quasi
688 4157 825 4196 unus
862 4158 926 4197 ex
953 4148 1107 4204 nobis
1133 4150 1309 4208 factus
1337 4167 1417 4210 est
1436 4157 1533 4212 ³⁸.»
1565 4159 1632 4215 Et
1676 4161 1730 4217 in
1771 4163 2068 4236 linguarum

501 4229 751 4295 dissidio,
786 4233 864 4288 ait
893 4235 1035 4292 Deus
1066 4255 1082 4293 :
1116 4258 1134 4292 ι
1169 4239 1382 4310 Venite,
1417 4249 1821 4319 descendamus,
1847 4229 1900 4312 et
1937 4274 2068 4314 con-

498 4320 790 4378 Iundamus
816 4325 886 4379 ibi
916 4325 1152 4397 linguam
1182 4346 1368 4388 eorum
1390 4337 1488 4390 ³³.)
1519 4337 1873 4406 Quaerendum
1905 4347 2070 4418 igitur
2095 4315 2148 4374 D

503 4419 609 4475 est,
643 4427 872 4480 quocum
913 4431 940 4470 a
970 4433 1029 4473 se
1055 4434 1237 4477 creato
1271 4428 1555 4484 consilium
1589 4433 1923 4490 conferebat.

573 4497 694 4556 Jun.
722 4501 856 4557 Cum
886 4510 1091 4578 angelis
1142 4514 1448 4582 epinamur.
1492 4562 1494 4564 τ

561 4589 791 4647 Csms'r.
824 4596 1024 4653 Amens
1046 4613 1106 4653 ea
1139 4613 1194 4655 et
1224 4588 1379 4672 plane
1416 4607 1646 4665 absurda
1673 4625 1756 4669 est
1810 4618 2070 4685 Opinatio.

501 4677 636 4742 Quis
664 4681 806 4735 enim
858 4684 1049 4753 iiguius
1074 4704 1194 4744 cum
1245 4692 1395 4750 ﬁctili
1440 4711 1566 4754 vase
1593 4716 1894 4760 sermonem
1937 4724 2064 4765 con-

505 4765 652 4822 fert?
679 4770 811 4836 Quis
859 4774 1024 4841 faber,
1059 4795 1127 4835 ne
1166 4784 1381 4856 longum
1416 4787 1631 4854 iaciam,
1676 4807 1796 4848 cum
1832 4797 1974 4854 ferro
2002 4803 2070 4857 de

501 4875 572 4915 eo
615 4868 962 4930 procudendo
1011 4880 1064 4925 et
1103 4880 1409 4944 apparando
1440 4881 1797 4951 colloquitur?
1847 4899 1899 4943 et
1942 4906 2068 4948 sunt

506 4963 685 5008 tantm
731 4960 905 5026 magis
935 4961 1244 5032 conjuncta,
1281 4977 1333 5022 et
1383 4982 1587 5027 naturae
1639 4987 1835 5033 nostra:
1861 4981 2060 5049 aliinia,

506 5056 628 5108 quae
652 5058 746 5098 nos
780 5045 1129 5117 fabricantur,
1160 5065 1344 5124 utpote
1373 5072 1438 5112 ex
1467 5063 1651 5115 eodem
1681 5065 1814 5130 luto,
1844 5068 2062 5124 iisdem-

508 5147 614 5200 que
635 5135 914 5192 elemcntis
943 5147 1260 5200 constituta.
1291 5149 1543 5207 Caelestia
1569 5163 1746 5209 autem
1776 5172 1985 5227 cuncta,
2006 5173 2062 5217 et

579 5309 787 5405 ri‘sal.
824 5317 1054 5405 minii.
1103 5323 1367 5405 n’°nPsai.
1404 5341 1581 5392 CXLVI,
1756 5335 1796 5366 ³⁸
1837 5336 1970 5394 lien.
2002 5343 2163 5405 t,26.
2241 5349 2284 5382 ³·

504 5379 706 5434 "Dent.
740 5399 885 5437 χλιιι
936 5389 1023 5441 57.
1101 5391 1146 5423 ³⁸
1183 5393 1353 5449 Exod.
1389 5379 1581 5463 mh?
1608 5401 1687 5455 Η.
1765 5406 1807 5436 ³⁷
1837 5381 1988 5465 Deut.

577 5538 652 5607 (9)
683 5539 755 5592 Ex
791 5539 1040 5598 Nazianz.
1073 5559 1211 5605 orat.
1251 5554 1437 5621 altera,
1477 5557 1543 5612 de
1572 5560 1821 5630 tbcoiug."

2184 3049 2274 3104 hat
2319 3053 2475 3108 nobis
2517 3051 2635 3108 Filii
2682 3072 2803 3111 cum
2847 3075 2912 3114 eo
2952 3073 3156 3121 natura:
3184 3073 3611 3132 consensionem.
3641 3078 3751 3135 Sed

2180 3139 2392 3207 expedi,
2426 3155 2670 3208 eramus,
2706 3149 3118 3214 quamobrema
3149 3155 3296 3214 Mosa
3323 3159 3652 3221 iucuientius
3682 3168 3750 3222 de

2180 3243 2245 3284 eo
2275 3245 2377 3284 non
2403 3235 2733 3302 accepimus.

2256 3338 2488 3395 Cmus'r.
2543 3342 2713 3400 Nemo
2763 3349 3111 3410 scientiarum
3165 3358 3436 3428 perfectus
3487 3365 3749 3437 magister

2181 3442 2378 3496 pueros
2407 3431 2605 3490 docere
2638 3450 2924 3506 aggressus
2946 3480 2960 3508 ,
2990 3459 3199 3501 summa
3242 3464 3468 3520 quaeque
3505 3431 3750 3526 discipli-

2181 3535 2372 3576 narum
2409 3527 2596 3593 primis
2644 3532 2964 3592 rudimentis
3020 3549 3181 3610 atque
3219 3539 3417 3603 studiis
3460 3554 3746 3622 proponit;

2179 3611 2271 3665 sed
2307 3611 2451 3668 iacto
2486 3617 2553 3672 ab
2583 3618 2974 3680 elementorum
3004 3629 3245 3686 doctrina
3276 3611 3746 3710 inium-paulatim

2178 3714 2271 3754 eos
2319 3703 2385 3756 ad
2434 3706 2812 3773 perfectionem
2862 3717 3129 3775 subducit.
3161 3723 3337 3794 Atque
3371 3728 3422 3781 id
3450 3703 3556 3787 non
3598 3748 3744 3802 prae-

2183 3792 2423 3858 ceptoris
2456 3796 2610 3861 vitio,
2653 3804 2748 3856 sed
2785 3803 3164 3876 discipulorum
3220 3792 3488 3886 imperitia
3511 3792 3613 3890 iit,
3646 3827 3743 3895 qui

2177 3893 2301 3984 eum
2334 3884 2469 3939 adeo
2494 3888 2605 3943 sint
2644 3894 2823 3958 rudes,
2867 3898 2933 3953 ad
2978 3902 3180 3971 majora
3223 3884 3480 3978 capienda
3513 3884 3743 3984 gradum

2177 3966 2356 4028 facere
2388 3990 2494 4031 non
2530 3994 2795 4048 possunt.

2687 4177 2690 4180 ,
2779 4120 3006 4180 CAPUT
3045 4129 3130 4184 iV.

2532 4243 2736 4316 Moyses
2770 4257 3004 4321 agnoscit
3051 4256 3382 4320 Trinitatem.

2244 4369 2323 4423 Ad
2366 4375 2613 4466 eumdem
2661 4383 2876 4440 modum
2919 4401 3014 4454 par
3055 4405 3159 4458 est,
3195 4403 3248 4465 et
3279 4397 3737 4466 sapientissimum

2173 4453 2354 4564 hiosen
2385 4461 2637 4522 habuisse
2670 4453 3006 4541 perspectam
3052 4453 3156 4534 SS.
3205 4453 3739 4564 Trinitatemﬂazj-ue

2179 4544 2481 4621 Unitatem;
2511 4557 2605 4610 sed
2635 4559 2805 4628 vobis,
2834 4578 2966 4633 quos
2996 4576 3105 4623 tum
3129 4571 3198 4627 ob
3227 4547 3447 4632 deorum

2177 4637 2328 4705 tiam,
2372 4649 2483 4698 tum
2529 4659 2748 4717 propter
2800 4654 3116 4729 idolothyta,
3154 4673 3208 4717 et
3254 4681 3468 4737 carnes,
3504 4637 3740 4734 habebat

2179 4741 2398 4795 prorsus
2426 4734 2674 4805 rebelles,
2705 4744 2994 4811 perlectam
3028 4752 3335 4822 religionem
3370 4734 3471 4815 non
3500 4773 3734 4836 aperuit;

2174 4829 2347 4885 neque
2380 4833 2510 4875 vero
2541 4838 2761 4891 prorsus
2795 4832 3030 4901 reticuit,
3063 4840 3156 4894 sed
3187 4850 3298 4895 tum
3327 4829 3738 4914 quomodocum-

2174 4917 2280 4969 que
2306 4905 2373 4959 ad
2418 4908 2512 4962 Dei
2559 4914 2808 4971 notitiam
2861 4922 3070 4993 erigere
3113 4937 3196 4984 est
3230 4905 3472 4991 conatus.
3500 4936 3737 5007 Maiores

2171 4993 2368 5063 quippe
2415 5010 2622 5056 vestros
2673 5005 2724 5060 in
2769 5010 2966 5076 pietate
3008 5015 3239 5076 infantes
3285 5026 3473 5083 videns
3516 4993 3735 5090 divinus

2175 5080 2370 5148 Moses,
2399 5089 2543 5143 velut
2581 5097 2761 5149 nutrix
2807 5102 3030 5168 Optima,
3062 5107 3128 5162 iis
3153 5116 3406 5182 tanquam
3431 5116 3513 5172 iac
3541 5123 3735 5190 quod-

2177 5172 2302 5224 dam
2363 5173 2454 5230 Dei
2500 5185 2702 5239 notitiae
2740 5193 3069 5260 propinavit;
3119 5172 3340 5274 solidam
3394 5172 3605 5267 omnem
3644 5216 3736 5271 do-

2314 5351 2446 5410 Gcn.
2483 5373 2564 5426 m,
2594 5359 2684 5417 22.
2761 5366 2803 5397 ³⁸
2829 5367 2962 5424 Gen.
2995 5387 3068 5439 xr,
3095 5373 3147 5429 7.
3220 5375 3264 5410 ”
3294 5379 3458 5436 Exod.
3481 5400 3574 5453 xx,
3597 5389 3658 5446 2.
