3952 6328
32 102 357 180 ’Ψ

92 269 180 338 ωδ
1156 271 1540 335 DlALOGUS
1577 273 1878 336 CONTRA
1923 273 2254 336 mones.
3223 263 3330 329 806

95 379 300 434 ctrinam
325 385 452 449 post
498 392 562 436 se
603 373 821 436 vatibus
873 380 1110 451 reliquit.
1139 382 1316 449 Atque
1343 381 1395 436 id
1441 396 1546 436 non
1591 371 1726 442 in'A
1823 379 2060 435 Rursum
2093 379 2290 446 Moses,
2317 380 2410 450 qui
2439 382 2506 436 ad
2535 379 2816 451 negotium
2843 378 3117 446 quoddam
3147 380 3330 446 populi

94 469 472 526 consultatione
498 479 730 539 tantum,
754 472 847 527 sed
877 473 1038 526 etiam
1065 474 1116 528 in
1147 473 1652 544 imagine,aliisque
1753 479 1874 528 erat
1903 471 2134 540 legatus,
2170 487 2292 527 eum
2325 483 2594 542 quareret
2619 513 2635 538 ,
2670 474 2713 529 si
2755 487 2821 528 ex
2849 485 2910 526 se
2938 479 3180 538 peterent
3211 471 3334 537 quis

95 559 225 615 fecit.
273 559 404 615 Nam
454 560 624 615 Deum
683 564 750 617 ad
809 562 1094 632 imaginem
1151 579 1306 641 suam
1373 565 1650 620 hominem
1754 576 1816 618 se
1864 563 2126 628 misisset,
2182 563 2313 632 quid
2359 568 2746 632 responderet,
2780 565 2883 620 hoc
2915 578 2944 617 a
2983 563 3090 617 Deo
3135 562 3330 617 audit:

97 651 296 706 ﬂuxisse
331 651 676 729 iudicavit";
709 662 764 706 at
794 669 917 724 qua
949 667 1013 708 ea
1038 653 1178 710 foret
1210 655 1410 729 imago,
1439 655 1655 709 audito-

97 745 228 798 ribus
267 745 614 813 querendum
661 745 901 816 reliquit.
935 746 1090 813 Quod
1140 748 1288 802 enim
1321 749 1438 817 (i0)
1475 748 1656 804 studio

95 819 388 903 paraveris,
441 835 494 890 id
553 837 724 890 tenaci
770 851 833 891 ac
884 849 1144 907 perpetuo
1203 839 1537 893 monimento
1601 838 1654 892 in

94 922 256 975 animo
285 922 639 992 circumfers;
674 927 817 996 quod
849 926 1059 996 leviter,
1088 928 1138 983 id
1168 928 1348 993 facile,
1376 937 1434 982 ut
1460 929 1658 996 quaesi-

97 1021 197 1067 tnm
218 1025 355 1077 erat,
391 1015 585 1071 eiiiuit.
616 1016 800 1088 itaque
847 1017 1024 1074 Moses
1056 1021 1410 1087 quaestionem
1435 1020 1502 1074 ad
1531 1033 1656 1083 vos.

93 1092 486 1159 dissolutionem
539 1106 606 1161 ad
650 1118 802 1162 vates
845 1098 1126 1178 rejecit”.
1155 1109 1289 1163 Nam
1341 1110 1386 1165 si
1442 1109 1658 1180 cognito

92 1190 242 1246 etiam
269 1191 398 1257 Deo,
425 1193 497 1248 ab
538 1210 715 1265 eoque
747 1196 975 1253 infinitis
1003 1199 1245 1270 acceptis
1278 1200 1574 1265 beneficiis,
1604 1209 1659 1254 et

96 1282 228 1339 lisse
254 1285 318 1337 ad
345 1285 520 1357 Deum
548 1275 937 1359 aliquantisper
962 1305 992 1343 a
1017 1291 1172 1346 vobis
1188 1293 1455 1362 digresso.
1481 1302 1540 1346 ut
1563 1292 1656 1348 Dei

95 1372 412 1426 voluntatem
447 1375 500 1427 in
535 1375 794 1450 divinitus
824 1380 1062 1433 exaratis
1098 1380 1320 1450 scriptis
1351 1381 1656 1447 exhiberet,

93 1462 234 1517 alteri
307 1463 408 1519 deo
457 1468 687 1535 gratiam
737 1469 1023 1536 retulistis,
1075 1479 1132 1526 et
1184 1472 1507 1527 immortalis
1567 1474 1656 1527 Dei

97 1570 114 1603 ι
149 1553 359 1622 gloriam
408 1557 662 1612 mutastis
715 1558 770 1612 iu
823 1559 1236 1616 similitudinem
1285 1561 1436 1617 vituli
1479 1577 1662 1618 come-

93 1647 258 1700 dentis
314 1645 497 1701 fenum
518 1647 588 1714 “;
621 1668 640 1700 ι
677 1649 729 1705 in
777 1661 1035 1720 quantum
1069 1653 1294 1708 deorum
1329 1653 1659 1723 multiplica-

96 1746 258 1791 torum
305 1739 665 1809 praecipitium
717 1743 952 1809 majores
987 1745 1152 1798 vestri
1200 1760 1307 1809 non
1343 1746 1654 1809 irruissent,

96 1828 139 1880 si
165 1844 189 1879 a
221 1825 364 1881 lisse
395 1827 563 1883 Deum
595 1833 753 1884 trium
786 1832 1146 1907 hypostaseou
1203 1835 1555 1891 didicissent?

159 1914 270 1970 Jun.
305 1915 425 1970 Non
451 1921 561 1985 jam
594 1920 662 1974 ad
689 1919 958 1990 majorum
982 1935 1293 1978 nostrorum
1317 1922 1550 1980 oiiensas
1571 1924 1656 1978 in-
1687 1970 1689 1972 .

96 2005 402 2075 teiiigendas
437 2009 716 2064 adsumus.
759 2008 865 2066 Sed
895 2013 1089 2082 ecquid
1113 2052 1128 2078 ,
1156 2019 1215 2066 ut
1243 2013 1486 2078 dicebas,
1520 2011 1660 2068 Deus

97 2097 147 2150 in
175 2097 341 2153 tribus
357 2099 613 2167 personis
633 2102 1150 2171 comprehenditur?
1176 2102 1362 2172 itaque
1393 2103 1482 2158 hic
1503 2105 1660 2159 nobis

97 2188 370 2242 veritatem
423 2199 814 2256 commonstra,
847 2200 904 2246 et
953 2191 1132 2262 qualis
1183 2193 1444 2265 propheta
1489 2191 1659 2248 Deum

98 2279 321 2348 genitum
350 2279 644 2352 significet.

161 2372 378 2428 Classr.
401 2372 819 2441 Constabiiitnm
840 2375 998 2431 vobis
1019 2383 1122 2443 est,
1149 2374 1344 2454 Judaei,
1381 2377 1658 2435 nemiuem

101 2474 690 2530 sequamvsanetorunt
749 2475 975 2531 vatum.
1031 2463 1129 2522 Dei
1189 2468 1506 2538 hypostasiu
1568 2477 1664 2525 aut

101 2555 374 2610 essentiam
395 2556 784 2625 imaginatione
809 2558 1303 2628 comprehendisse.
1328 2560 1492 2632 igitur
1511 2570 1661 2616 certe

103 2644 177 2697 sic
217 2643 430 2709 habete,
464 2660 569 2700 non
606 2646 784 2700 solum
831 2647 938 2701 vim
994 2661 1059 2702 ac
1105 2658 1374 2713 naturam,
1413 2649 1509 2703 sed
1563 2663 1663 2705 uec

107 2747 289 2789 nomen
306 2733 550 2805 proferre
568 2735 775 2808 (tantos
803 2738 978 2808 vates)
1011 2753 1196 2810 posse,
1221 2739 1312 2795 Dei
1343 2740 1660 2806 essentiam,

107 2838 204 2879 non
244 2825 509 2883 actionem
543 2836 748 2884 taan
776 2829 1091 2897 significans
1125 2846 1141 2886 :
1175 2830 1450 2885 uti‘etiam
1505 2831 1662 2899 illud,

111 2934 127 2966 ι
155 2915 335 2972 Manus
373 2927 477 2974 tuae
508 2917 754 2977 fecerunt
779 2935 866 2976 tne
920 2931 976 2976 et
995 2920 1397 2991 plasmaverunt
1425 2936 1508 2980 me
1533 2921 1602 2986 δίς
1637 2938 1658 2972 a

111 3007 264 3062 David
291 3011 591 3080 usurpavit,
648 3027 757 3066 non
812 3013 966 3082 quasi
1022 3028 1216 3068 manus
1251 3010 1664 3113 haberet‘Deus
1693 3053 1739 3113 ϐ

110 3101 205 3171 (est
231 3102 371 3158 enim
423 3101 636 3160 Numen
679 3104 1058 3178 incorporeum
1093 3114 1149 3160 et
1181 3105 1299 3162 sine
1321 3103 1534 3173 ilgura),
1572 3106 1666 3160 sed

111 3191 195 3248 Dei
226 3194 498 3264 epiﬂcium
556 3204 770 3251 notans.
808 3195 874 3251 Et
919 3211 1113 3251 rursus
1145 3214 1158 3250 :
1201 3215 1220 3248 ‹
1249 3195 1404 3252 Oculi
1455 3195 1667 3252 Domini

110 3299 258 3354 super
277 3285 476 3355 justus,
510 3295 565 3342 et
592 3302 751 3342 aures
772 3286 888 3356 ejus
912 3289 966 3342 in
998 3303 1188 3358 preces
1223 3305 1411 3344 eorum
1442 3307 1458 3356 ;
1491 3289 1671 3347 vultus

112 3385 277 3430 autem
301 3375 515 3434 Domini
549 3391 708 3446 super
739 3377 1004 3434 facientes
1045 3379 1183 3434 mala
1205 3380 1271 3447 ";
1306 3397 1324 3431 ι
1368 3379 1476 3434 illis
1506 3379 1672 3432 bene-

114 3466 390 3539 ﬁcentiam,
418 3467 507 3526 his
531 3467 797 3525 vindicem
830 3468 925 3525 Dei
955 3478 1277 3540 potestatem
1311 3470 1562 3525 inuuens.
1594 3468 1672 3524 ita
1700 3523 1704 3528 .

115 3575 233 3616 sane
261 3571 312 3616 et
341 3561 397 3618 in
431 3560 743 3616 nominibus
790 3558 931 3630 (Dei)
981 3575 1087 3615 non
1134 3561 1368 3633 divinam
1399 3569 1672 3626 naturam,

115 3652 566 3719 sedfunetiouem,
586 3653 963 3722 occultamque
980 3650 1238 3721 operandi
1270 3651 1566 3720 eiiicaciam
1605 3664 1673 3706 ex

117 3741 233 3808 ipsis
283 3741 593 3798 nominibus
637 3741 946 3812 exprimere
991 3743 1169 3795 sancti
1209 3750 1496 3795 conantur.
1529 3735 1674 3802 ﬁam

119 3831 197 3884 illa
226 3824 479 3886 Dominus
506 3831 738 3898 Adonei,
759 3841 822 3887 et
841 3831 1100 3895 Sabaoth,
1128 3831 1452 3900 omnipotens
1479 3839 1536 3885 et
1556 3828 1677 3884 Sai-

120 3936 275 3990 rstor,
306 3925 602 3990 actionem,
629 3938 737 3979 non
759 3923 1153 3995 aaturamsigni
1173 3921 1360 3981 deant.

597 4017 601 4021 “
721 4014 954 4072 CAPUT
986 4013 1057 4070 Ὗ.

661 4103 757 4161 Dei
791 4106 1133 4177 signiﬁcatio.

178 4194 291 4252 iam
329 4211 458 4251 vero
485 4196 616 4266 quid
661 4208 974 4252 sanctorum
1005 4203 1170 4254 voéea
1207 4205 1523 4264 consector,
1555 4210 1678 4252 cum

1761 671 1780 706 ‹
1809 651 1912 718 Qui
1944 654 2125 707 est“!
2163 672 2183 706 s
2221 653 2350 720 Quae
2381 671 2483 710 vox
2544 669 2652 710 nun
2685 665 2932 709 naturam
2961 663 3332 722 repraesentat,

1754 744 1848 799 sed
1898 753 2100 799 statum
2133 759 2198 798 ac
2245 749 2704 815 permansiouein.
2742 746 2921 812 Quare
2953 749 3119 801 etiam
3156 757 3333 810 vates,

1757 847 1864 888 non
1917 850 2080 903 puras
2123 844 2279 902 putas
2331 834 2433 892 SS.
2483 836 2767 892 Trinitatis
2817 839 3200 905 apparitiones,
3235 839 3333 891 sed

1757 938 1858 992 pro
1887 937 1985 976 suo
2017 923 2251 993 quisque
2302 935 2462 994 captu
2493 927 2964 994 conscripserunt.
2995 924 3227 981 Necesse
3254 934 3339 980 est

1759 1013 1924 1082 igitur
1955 1012 2069 1083 (ii)
2107 1014 2200 1067 Dei
2234 1015 2438 1069 notitiae
2461 1016 2734 1070 studiosos
2774 1017 2825 1070 in
2869 1030 3078 1070 sacram
3122 1031 3336 1071 omnem

1761 1101 2120 1172 Scripturam.
2153 1103 2297 1158 velut
2351 1106 2630 1174 speculqu
2667 1107 2963 1176 inspicere,
3003 1117 3058 1162 et
3084 1107 3243 1162 aliam
3274 1122 3342 1162 ex

1759 1194 1866 1248 alio
1907 1196 2183 1256 notionem
2219 1198 2286 1249 ad
2311 1212 2472 1250 unum
2527 1196 2744 1265 aliquod
2801 1199 3043 1253 veritatis
3083 1208 3338 1267 tanquam

1761 1283 2112 1338 simulacrum
2169 1298 2482 1355 corrogare.
2517 1285 2574 1341 id
2619 1287 2764 1340 enim
2821 1302 2918 1340 nos
2975 1286 3116 1342 Deus
3168 1299 3220 1341 et
3250 1303 3345 1357 per

1762 1373 1942 1428 Mosen
1974 1375 2178 1439 docuit,
2209 1377 2256 1428 ei
2291 1377 2466 1444 primo
2497 1387 2727 1430 ascensu
2759 1377 2969 1431 tabulas
3001 1393 3030 1431 a
3067 1393 3125 1432 se
3158 1394 3348 1433 exara-

1763 1473 1848 1520 tas
1883 1466 2100 1520 tradens
2128 1466 2193 1530 “,
2231 1467 2401 1521 altero
2431 1481 2540 1521 non
2583 1470 2733 1521 item.
2772 1467 2878 1522 Sed
2911 1469 3041 1538 quid
3069 1469 3117 1523 ei
3161 1469 3347 1538 jubet?

1769 1574 1788 1608 ε
1820 1553 2055 1611 Praecide
2079 1557 2174 1610 tibi
2207 1558 2341 1612 duas
2374 1559 2581 1612 tabulas
2605 1558 2848 1628 lapideas
2880 1560 3053 1614 instar
3075 1561 3342 1628 priorum,

1764 1658 1819 1718 et
1853 1649 2089 1702 scribam
2123 1663 2287 1717 super
2313 1663 2407 1704 eas
2438 1652 2624 1715 verba,
2663 1665 2783 1718 quae
2822 1650 3124 1705 hahuerunt
3155 1652 3347 1706 tabulae

1764 1752 1900 1805 quas
1954 1738 2258 1808 fregisti“.
2295 1758 2313 1792 ι
2361 1730 2551 1795 itidem
2598 1751 2653 1795 et
2706 1742 2980 1795 israelitas
3011 1758 3074 1796 ex
3112 1743 3348 1814 Egypto

1765 1829 2020 1893 educens,
2055 1829 2195 1884 Deus
2220 1830 2452 1900 ipsemet
2480 1846 2574 1884 eos
2603 1831 2974 1901 multipliciter
2995 1836 3196 1888 crassis
3220 1849 3349 1902 pro-

1765 1920 1928 1989 digiis
1983 1921 2256 1974 ductabat.
2285 1920 2423 1986 Quid
2473 1922 2620 1975 enim
2670 1923 2932 1987 crassius,
2986 1938 3148 1992 quam
3185 1934 3344 1979 noctu

1766 2009 1899 2079 igni,
1944 2007 2177 2063 interdiu
2215 2002 2359 2063 nube
2386 2011 2528 2063 viam
2579 2011 2820 2078 praeire?
2852 2011 2992 2077 Quid
3037 2013 3167 2068 item
3200 2029 3351 2071 cras.

1765 2099 1904 2163 sius.
1937 2114 2099 2169 quam
2157 2114 2305 2154 mare
2356 2100 2634 2166 dirimere,
2659 2111 2711 2154 et
2742 2117 2931 2172 rupem
2963 2102 3112 2159 velut
3139 2104 3347 2162 fontem

1767 2194 1997 2248 ubertim
2044 2207 2184 2262 aqua
2244 2195 2636 2248 scaturienteru
2696 2197 3040 2252 monstrare?
3071 2198 3177 2254 Sed
3225 2214 3348 2254 cum

1767 2285 1944 2339 adhuc
1963 2285 2288 2340 cmestirent
2317 2284 2550 2351 majores
2585 2286 2777 2350 vestri,
2807 2296 2864 2340 et
2891 2287 3116 2342 auribus
3152 2288 3348 2343 obsur-

1766 2378 2070 2440 descerent,
2096 2387 2210 2429 tum
2237 2389 2372 2431 vero
2403 2376 2704 2431 involucris
2730 2391 2824 2446 per
2851 2381 3003 2436 vates
3033 2378 3227 2449 placita
3249 2396 3348 2436 sua

1766 2467 2092 2523 denuntiare
2128 2467 2307 2532 Deus;
2337 2475 2396 2520 ut
2425 2465 2788 2537 lntelligentes
2819 2483 2922 2536 qua
2960 2484 3055 2525 vos
3082 2472 3348 2542 dignitate

1766 2553 2104 2624 dejeceritis,
2160 2555 2496 2611 laboriosiori
2573 2559 2804 2626 quadam
2856 2561 2977 2622 via,
3026 2577 3352 2632 recuperare

1768 2648 2048 2716 antiquam
2081 2645 2422 2702 nobilitatem
2461 2649 2775 2704 studeretis.
2817 2650 2994 2720 Atque
3028 2653 3167 2706 idem
3203 2663 3260 2707 et
3293 2655 3346 2706 in

1769 2737 2093 2808 primigenio
2164 2745 2392 2807 parente
2446 2740 2991 2794 animadvertendum
3052 2739 3218 2814 venit.
3252 2742 3354 2796 Hic

1772 2844 2006 2898 namque
2045 2828 2366 2899 priusquam
2398 2828 2612 2900 iussum
2655 2829 2934 2896 violasset,
2969 2847 3076 2886 non
3111 2834 3351 2888 omnium

1770 2921 1931 2974 modo
1953 2918 2289 2974 terrestrium
2319 2929 2633 2975 naturarum
2658 2935 2688 2974 a
2704 2920 2815 2976 Deo
2838 2921 2999 2977 datus
3025 2933 3107 2978 est
3129 2925 3350 2987 τεινεεά

1771 3011 1933 3065 etiam
1965 3020 2142 3073 vates,
2167 3009 2377 3064 cunctis
2417 3019 2471 3067 et
2495 3011 2816 3065 volucribus
2845 3017 2899 3066 et
2920 3011 3112 3067 bestiis
3131 3014 3351 3068 nomina

1774 3106 2079 3170 imponens.
2103 3101 2174 3154 At
2198 3110 2324 3171 post
2345 3101 2577 3170 lapsum,
2608 3101 2810 3171 posteri
2842 3118 2954 3158 non
2986 3105 3159 3159 solum
3187 3121 3354 3176 regno

1770 3194 2112 3258 exciderunt,
2151 3194 2246 3248 sed
2288 3185 2456 3246 etiam
2485 3192 2643 3260 vulgo
2672 3209 2758 3248 res
2789 3204 3002 3250 creatas
3032 3198 3163 3251 deos
3204 3198 3351 3251 arbi-

1774 3286 1899 3340 trati
1927 3277 2074 3351 sunt,
2099 3293 2159 3338 ut
2202 3285 2276 3338 ait
2314 3283 2568 3340 Salomon
2602 3301 2618 3337 :
2659 3303 2677 3335 ι
2714 3285 2842 3339 Vani
2872 3296 3049 3342 autem
3075 3298 3202 3342 sunt
3236 3304 3355 3342 om-

1774 3393 1870 3432 nes
1901 3377 2171 3439 homines,
2203 3376 2257 3430 in
2303 3375 2502 3444 quibus
2527 3389 2634 3430 non
2668 3375 2852 3431 subest
2884 3378 3108 3433 scientia
3140 3377 3271 3444 Dei;
3301 3389 3358 3434 et

1775 3469 1841 3524 tle
1873 3470 1956 3522 liis
1988 3483 2105 3536 qua:
2125 3467 2374 3521 videntur
2405 3465 2567 3531 bona,
2598 3481 2704 3520 non
2738 3475 3028 3537 potuerunt
3052 3468 3355 3539 intelligere
3441 3511 3452 3524 κ

1775 3574 1924 3624 eum,
1953 3559 2046 3628 qui
2087 3565 2208 3624 est;
2258 3569 2437 3625 neque
2483 3556 2744 3624 nperibus
2793 3559 3156 3625 attendentes,
3189 3556 3362 3628 agno;

1775 3659 1972 3706 verunt
2005 3650 2131 3719 quis
2155 3655 2300 3704 esset
2328 3645 2523 3701 artifex
2553 3663 2569 3702 :
2605 3647 2701 3704 sed
2755 3657 2849 3701 aut
2897 3647 3096 3719 ignem,
3131 3659 3220 3703 aut
3247 3651 3358 3719 spi-

1777 3743 1963 3806 ritum,
1993 3749 2085 3794 ant
2109 3740 2336 3794 citatum
2363 3752 2570 3803 aerem,
2605 3746 2698 3792 aut
2725 3753 2915 3809 gyrum
2940 3739 3242 3804 stellarum,
3261 3748 3357 3796 aut

1773 3830 1998 3886 nimiam
2025 3838 2369 3900 aquam,‘aut
2397 3826 2568 3883 "solem
2592 3837 2647 3884 et
2673 3829 2854 3882 lunam
2894 3867 2910 3895 ,
2940 3839 3180 3885 rectores
3207 3830 3356 3884 orbis

1772 3932 2047 3979 terrarum
2078 3923 2210 3977 deos
2269 3929 2614 3990 putaverunt.
2646 3920 2888 3986 Quorum
2917 3920 2962 3978 si
2996 3922 3175 3992 specie
3212 3923 3358 3977 dele—

1775 4014 1914 4072 etati
1948 4015 2078 4069 deos
2102 4018 2456 4083 putaverunt,
2488 4010 2686 4076 sciant,
2708 4018 2912 4078 quanto
2946 4009 3031 4063 bis
3055 4010 3360 4065 dominator

1774 4119 1967 4164 eorum
1997 4103 2296 4174 speciosior
2339 4112 2448 4158 est.
2475 4099 2688 4171 Speciei
2731 4099 2876 4154 enim
2927 4109 3214 4172 generator
3242 4100 3359 4157 hac

1779 4195 1964 4255 omnia
2019 4194 2320 4251 constituit.
2350 4193 2458 4248 Aut
2490 4193 2537 4248 si
2574 4193 2836 4248 virtutem
2881 4201 2937 4246 et
2964 4207 3131 4262 opera
3167 4183 3356 4248 eorum

120 4290 223 4358 ipse
249 4289 412 4343 etiam
447 4288 592 4344 Deus
636 4283 827 4344 eadem
858 4287 1045 4343 dicens
1077 4285 1429 4342 inveniatur?
1461 4287 1680 4344 Parenti
1783 4287 1969 4345 mirati
2014 4295 2175 4356 sunt,
2209 4284 2510 4354 intelligant
2555 4283 2624 4338 ab
2654 4282 2784 4348 illis,
2815 4283 3071 4351 quoniam
3110 4283 3202 4363 qui
3243 4285 3356 4338 haec

120 4392 338 4452 namque
368 4390 549 4436 vestro
567 4374 944 4434 Abra‘hamo”in
962 4376 1344 4446 liesepotamia
1359 4389 1681 4448 conspectus
1710 4390 1758 4446 ι)
1788 4377 1916 4434 fecit
1969 4375 2161 4429 fortior
2194 4382 2278 4428 est
2318 4372 2425 4427 illis
2449 4389 2467 4426 :
2496 4387 2524 4425 a
2565 4370 2932 4437 magnitudine
2964 4370 3110 4424 enim
3149 4371 3357 4440 speciei

120 4470 318 4542 inquit:
345 4492 366 4526 ι
401 4473 512 4544 Ego
544 4488 662 4527 sum
711 4470 855 4526 Deus
884 4477 1006 4525 tuus
1030 4470 1164 4538 (10‘)
1206 4489 1221 4526 :
1253 4471 1466 4528 ambula
1495 4485 1677 4526 coram
1785 4478 1840 4524 et
1874 4477 2134 4523 creaturae
2187 4461 2632 4532 cognoscihilitcr
2663 4461 2862 4530 poterit
2909 4459 3136 4514 Greater
3162 4460 3357 4514 horum

124 4578 217 4628 me,
249 4574 304 4620 et
330 4573 449 4620 esto
477 4563 763 4634 perfectus.
776 4561 846 4616 “.
877 4579 899 4615 ι
932 4560 1265 4618 Vocabulum
1300 4572 1482 4618 autem
1520 4561 1677 4626 Θεός,
1785 4558 1956 4613 videri
1979 4555 2085 4611 θ’.»
2129 4553 2340 4621 Videte,
2368 4567 2428 4608 ut
2473 4561 2597 4622 post
2649 4561 2929 4621 peccatum
2962 4549 3105 4606 Deus
3133 4565 3240 4606 non
3267 4566 3362 4606 co-

124 4653 170 4708 id
191 4663 272 4710 est
311 4653 604 4718 Deus.'non
633 4661 904 4718 naturam,
932 4652 1027 4708 sed
1066 4651 1185 4722 ejus
1223 4651 1557 4707 iunctionem
1583 4656 1686 4707 de-
1786 4665 1903 4704 ram
1935 4665 2057 4703 cum
2085 4646 2421 4712 hominibus,
2452 4652 2511 4699 ut
2536 4659 2658 4699 cum
2684 4644 2914 4708 Adamo,
2947 4642 3248 4698 collocutus
3265 4643 3356 4710 sit,

125 4755 322 4808 notare,
366 4747 542 4817 palam
594 4753 677 4800 est
728 4744 1029 4799 omnibus:
1071 4744 1359 4800 deducitur
1409 4744 1607 4813 quippe
1645 4757 1676 4797 a
1785 4740 1880 4796 sed
1916 4755 2011 4793 eos
2038 4754 2104 4792 ex
2156 4752 2379 4808 operum
2417 4730 2827 4806 pulchritudine
2871 4734 2937 4787 ad
2977 4734 3060 4789 sui
3109 4733 3359 4788 notitiam

125 4837 239 4903 θέω,
267 4841 370 4894 hoc
416 4847 525 4904 est,
549 4852 727 4900 eam,
760 4824 855 4892 ait
877 4851 907 4890 a
941 4833 1042 4902 θῶ,
1087 4835 1231 4905 quod
1277 4842 1382 4902 est,
1408 4835 1597 4888 molior
1625 4842 1680 4890 et
1782 4833 1916 4903 erigi
1945 4831 2273 4902 permiserit.
2304 4829 2459 4896 Quod
2496 4828 2541 4883 si
2573 4842 2668 4881 eos
2692 4825 2887 4880 merito
2915 4841 3075 4879 vanos
3104 4823 3360 4881 Salomon

130 4930 432 4984 architector
460 4945 478 4984 :
509 4937 595 4984 est
623 4928 769 4983 enim
799 4925 1043 4982 omnium
1074 4925 1401 4982 architectus
1433 4935 1489 4980 et
1518 4923 1679 4980 moli-
1786 4923 2097 4994 appellavit,
2127 4928 2328 4992 quanto
2352 4921 2523 4992 magis
2554 4917 2801 4973 vaniores
2834 4931 2929 4971 vos
2961 4916 3290 4986 appellaret,
3311 4916 3361 4972 si

132 5021 280 5077 tionis
302 5021 541 5077 universi
587 5029 796 5075 auctor.
841 5017 1202 5072 Architectari
1237 5024 1416 5070 autem
1446 5015 1679 5071 functio-
1788 5015 1952 5070 hodie
2001 5021 2332 5084 superesset.
2383 5011 2516 5065 Nam
2572 5009 2648 5063 illi
2703 5009 2932 5063 fortasse
2986 5008 3203 5074 habent,
3252 5021 3361 5078 quo

134 5125 260 5176 item,
295 5085 400 5166 non
434 5119 680 5164 naturam
709 5109 1009 5178 designare,
1041 5103 1170 5158 nulli
1195 5104 1415 5159 dubium
1447 5115 1547 5160 est.
1788 5103 1947 5158 venia
1981 5103 2126 5172 digni
2157 5103 2288 5156 sint.
2318 5101 2460 5167 Quid
2493 5100 2602 5153 ita?
2627 5098 2773 5169 quod
2801 5094 2898 5152 Dei
2920 5096 3166 5152 notitiam
3194 5101 3362 5153 vesti-

193 5342 392 5399 "Gen.
437 5343 591 5401 t.27.
692 5344 738 5375 "
771 5341 942 5395 Exod.
980 5354 1156 5401 xuii.
1193 5337 1247 5394 6.
1357 5337 1400 5369 δ’
1428 5336 1569 5391 Psai.
1623 5349 1715 5399 cv,
1748 5334 1840 5390 29.
1943 5333 1988 5366 δι
2024 5332 2166 5387 Psai.
2197 5344 2385 5398 cxvm,
2425 5333 2514 5387 73.
2621 5332 2669 5362 “
2714 5328 2857 5394 Psal.
2919 5346 3118 5401 xxxm,
3167 5331 3255 5395 16,
3294 5329 3358 5383 i7

135 5411 172 5445 ⁸³
663 5413 708 5443 ⁸⁸
1200 5387 1289 5438 ﬂ"
1325 5387 1837 5472 [immutat-1,378.7
1887 5405 1932 5435 “
1964 5405 2136 5458 Exod.
2166 5387 2437 5466 xxxrvfi.
2510 5403 2557 5435 ιτ
2588 5403 2718 5470 Sap.
2751 5391 2870 5465 xm,
2907 5400 2932 5454 i
2965 5387 3121 5470 sequ

1862 5629 1995 5697 (iO‘)
2027 5625 2102 5678 ita
2142 5625 2340 5679 habent
2363 5623 2521 5697 LXX,
2560 5622 2977 5697 pro._Dont_inua
3005 5622 3356 5691 omttipott’ns.

196 5641 299 5708 (i0)
323 5638 578 5693 Nazianz.
619 5636 693 5692 De
724 5633 1112 5694 moderatione,
1145 5637 1199 5686 et
1246 5637 1388 5684 orat.
1421 5629 1586 5684 altera
1616 5630 1681 5684 de
1862 5629 1995 5705 (iO‘)
2027 5629 2340 5707 ita_linbet_it
2364 5629 2521 5687 LXX,
2560 5639 2680 5692 pro.
2727 5629 2878 5708 Domj

196 5713 282 5766 ιιυι.
1865 5698 1976 5767 (il)
2005 5699 2257 5750 humans.
2291 5713 2342 5750 ιη
2369 5695 2612 5750 Natalem
2638 5693 2766 5760 221,
2793 5696 2882 5748 20.

145 5711 282 5766 litt‘ul.
