3952 6328
547 222 647 282 8οἹ

1762 217 2187 285 ANDRONICI
2240 218 2584 280 COMNENI

3671 215 3782 282 808

549 350 757 408 gantes,
782 338 847 392 ad
871 339 1258 409 ignorationem
1285 337 1548 399 compulsi
1576 345 1722 392 sunt.
1739 336 1871 405 Vos,
1903 337 1956 392 in
1978 344 2122 391 tanta
2153 335 2199 392 Α
2231 342 2408 396 etans,
2439 320 2609 401 atque
2652 331 2840 386 ordine
2889 345 3241 402 componens,
3275 328 3594 386 et'moiienti
3637 323 3782 382 Patri

550 439 733 486 vatum
765 445 964 486 corona
1019 441 1074 485 et
1095 431 1418 500 scriptorum
1453 432 1813 494 multitudine,
1850 429 1984 483 adeo
2012 440 2117 480 non

551 522 852 592 vestigatis,
887 533 947 577 ut
984 523 1146 578 etiam
1178 537 1298 592 qua:
1323 523 1523 592 scripta
1552 534 1678 577 sunt
1714 521 2045 576 adulteretis.

546 652 548 654 τ
617 612 740 671 ιω).
769 615 867 670 Per
892 613 1071 669 Mosen
1096 615 1111 669 ι
1149 616 1236 684 qui
1263 630 1410 669 mare
1441 614 1682 671 Rubrum
1707 614 1892 670 dextra
1917 610 2136 684 divisit,‘

551 721 680 760 vera
732 705 910 758 omnia
964 719 1174 758 narras.
1219 704 1580 770 Quamobrem
1611 703 1739 758 dum
1785 704 1872 758 hic
1899 701 2036 772 apud
2071 712 2121 754 te

552 798 836 860 adsumus,
877 795 1216 862 Scripturam
1268 794 1599 852 evolvamus.
1651 793 1752 859 Tu,
1803 795 1946 864 quod
1998 801 2122 845 ante

551 889 886 953 dicebamus,
921 888 1077 942 nobis
1106 898 1498 953 commonstra,
1527 887 1649 957 quis
1697 895 2004 942 nostrorum
2029 897 2124 936 va-

550 991 662 1034 tum
699 980 1098 1049 generationem
1156 981 1271 1043 Dei,
1307 978 1613 1047 genitumve
1662 975 1829 1032 Deum
1878 980 2120 1042 usurpet.

550 1070 605 1124 ιιι
638 1070 780 1123 enim
829 1068 999 1136 magis
1041 1070 1248 1124 animos
1292 1077 1509 1124 nostros
1555 1070 1610 1124 in
1655 1076 1932 1137 stuporem
1960 1076 2122 1133 atque

549 1157 941 1214 dubitationem
979 1161 1140 1228 rapit.

1164 1249 1392 1350 CAPDT
1433 1292 1523 1348 VI.

554 1410 634 1464 Ea:
662 1411 926 1479 praphetis
973 1410 1265 1464 ostenditur
1297 1409 1566 1464 Christum
1599 1425 1631 1462 o
1659 1407 1823 1462 Patre
1862 1407 2114 1477 genitum.

616 1520 842 1576 Cuntsr.
874 1521 1065 1574 Audite
1094 1535 1258 1589 porro
1311 1519 1616 1575 Salomonis
1647 1520 1833 1574 verba.
1864 1516 2021 1583 Quod
2073 1518 2118 1571 si

547 1615 673 1682 quid
708 1612 914 1666 melius
950 1612 1122 1676 scitis,
1153 1613 1341 1667 docete
1382 1627 1532 1667 sane.
1562 1611 1743 1680 Neque
1765 1610 1940 1680 \enim
1971 1623 2122 1663 vere-

547 1703 753 1758 cundor
806 1713 1022 1772 propter
1041 1703 1205 1756 Deum
1255 1702 1522 1755 hominem
1555 1699 1738 1757 Jesum
1767 1715 1942 1756 meum
2005 1699 2120 1755 dis-

549 1795 710 1865 cipuli
770 1808 1050 1863 personam
1079 1794 1306 1847 induere
1337 1811 1351 1847 :
1385 1811 1405 1844 t
1444 1790 1700 1847 Dominus
1731 1794 1969 1863 possedit
2004 1791 2117 1862 (12)

551 1901 638 1938 me
676 1885 728 1938 in
778 1885 932 1940 initio
972 1884 1185 1938 viarum
1221 1898 1464 1951 suarum,
1495 1893 1782 1951 antequam
1825 1884 2118 1953 quidquam

549 1978 750 2032 faceret
784 1991 811 2030 a
849 1976 1138 2047 principio.
1184 1973 1264 2030 Ab
1289 1985 1494 2030 aeterno
1523 1975 1767 2030 ordinata
1800 1989 1940 2041 sum,
1969 1962 2024 2028 et
2053 1989 2120 2027 ex

546 2069 807 2138 antiquis,
865 2060 1164 2137 antequam
1212 2074 1357 2118 terra
1421 2065 1594 2120 ﬁeret.
1652 2064 1900 2120 Nondum
1960 2072 2120 2120 erant

546 2164 751 2233 abyssi,
782 2145 836 2217 et
863 2175 962 2230 ego
1004 2163 1117 2230 jam
1145 2168 1407 2227 concepta
1454 2172 1603 2213 eram
1635 2176 1648 2212 :
1680 2158 1909 2212 necdum
1943 2155 2122 2211 fontes

547 2267 811 2320 aquarum
865 2257 1156 2316 eruperant
1188 2267 1202 2302 :
1240 2250 1471 2303 necdum
1519 2257 1729 2302 montes
1779 2247 1931 2315 gravi
1982 2248 2124 2302 mole

547 2347 938 2406 constiterant;
973 2353 1098 2394 ante
1127 2352 1316 2392 omnes
1336 2338 1499 2392 colles
1528 2353 1627 2406 ego
1657 2337 2112 2406 parturiebar‘m

546 2430 644 2484 Hic
678 2447 696 2480 t
727 2427 932 2483 Creaait
963 2445 980 2478 ι
1017 2427 1177 2494 (quod
1205 2427 1420 2496 ponitur
1450 2440 1479 2478 a
1507 2424 1667 2495 LXX)
1701 2441 1807 2480 non
1839 2425 2111 2491 moliendi,

545 2519 639 2573 sed
664 2517 915 2586 gignendi
949 2517 1056 2569 vim
1077 2517 1296 2580 habere,
1313 2515 1714 2584 intelligendum
1737 2524 1816 2569 est
1839 2560 1841 2562 .
1868 2515 2123 2571 Solemne

546 2620 627 2666 est
649 2610 793 2665 enim
810 2624 976 2665 sacra:
1004 2609 1490 2677 Srripturte,vicina
1515 2624 1611 2676 pro
1636 2611 1823 2665 vicinis
1841 2625 2121 2680 usurpare,

547 2712 750 2758 utcum
797 2703 861 2754 de
893 2699 1037 2754 Mose
1065 2701 1140 2754 ait
1178 2718 1192 2754 :
1247 2719 1266 2752 t
1321 2701 1576 2755 Adultum
1624 2717 1846 2771 puerum
1904 2701 2126 2754 tradidit

547 2795 673 2848 lilia:
759 2791 1077 2858 Pharaonis,
1122 2806 1281 2860 quem
1339 2789 1426 2844 illa
1478 2789 1604 2845 fecit
1643 2791 1746 2846 sibi
1775 2791 1937 2846 tilium
2000 2793 2066 2847 δ’.
2099 2810 2118 2845 ι

547 2884 708 2952 Atqui
757 2898 865 2938 non
909 2883 1057 2947 fecit,
1097 2884 1191 2936 sed
1246 2883 1575 2952 nuncupavit
1612 2883 1715 2938 sibi
1768 2882 1955 2937 ﬁlium.
1994 2883 2123 2939 item

548 2975 717 3030 David
750 2993 764 3029 ε
809 2994 828 3025 ε
871 2973 1020 3028 Facti
1065 2989 1247 3030 sumus
1295 2976 1347 3028 in
1381 2975 1726 3043 opprobrium
1766 2974 1959 3030 vicinis
1987 2990 2110 3030 .no-
2137 2988 2180 3047 α

553 3066 684 3121 siris
710 3065 812 3127 ⁸⁸,ι
846 3077 964 3130 pro,
995 3061 1236 3116 Fuimus.
1261 3061 1378 3116 Jam
1407 3078 1534 3119 vero
1555 3064 1896 3118 antecmlum
1927 3072 1981 3120 et
2002 3073 2114 3118 ter-

548 3168 685 3214 nm,
717 3151 891 3206 Moses
941 3150 1137 3205 nullam
1187 3151 1346 3205 aliam
1394 3166 1503 3205 rem
1549 3153 1784 3207 creatam
1816 3153 2112 3219 exstitisse,

546 3243 840 3298 revelavit:
873 3262 892 3295 ‹
927 3242 1214 3310 Principio,
1241 3243 1508 3311 inquiens,
1529 3244 1730 3298 creavit
1757 3243 1896 3300 Dens
1919 3245 2114 3300 cceium

548 3343 602 3387 et
640 3344 838 3388 terram
864 3335 963 3389 ".a
1006 3332 1158 3399 Quod
1187 3335 1233 3388 si
1266 3333 1392 3403 quid
1421 3336 1694 3404 antiquius
1721 3337 2035 3401 exstitisset,

550 3423 716 3479 dubio
754 3425 940 3493 procul
997 3426 1147 3494 prius
1185 3433 1512 3480 tractaturus
1548 3426 1760 3482 fuisset.
1806 3426 1919 3483 Etsi
1967 3435 2115 3493 sunt,

550 3515 639 3583 qui
691 3514 1044 3583 intelligentes
1080 3515 1412 3569 substantias
1440 3515 1592 3582 prius
1640 3515 1887 3571 conditas
1926 3511 2116 3571 existi-

550 3616 716 3668 ment,
760 3606 919 3658 veluti
956 3605 1122 3658 altera
1163 3606 1408 3674 quaedam
1446 3606 1669 3673 lumina,
1706 3616 1761 3662 et
1806 3607 1917 3662 Deo
1947 3608 2118 3678 magis

549 3695 889 3762 coniunctas.
924 3693 992 3746 At
1026 3704 1188 3746 terret
1220 3709 1305 3748 me
1337 3694 1426 3747 Dei
1462 3694 1529 3748 ad
1552 3692 1650 3748 Job
1675 3709 1873 3761 sermo,
1896 3695 2116 3752 dicens:

554 3801 573 3833 ι
608 3783 742 3835 Cum
767 3789 909 3836 astra
938 3782 1270 3836 conderentu
1283 3773 1643 3848 r,'laudabant
1669 3798 1754 3838 me
1778 3799 1965 3854 magna
1988 3798 2119 3838 voce

551 3885 737 3924 omnes
767 3870 938 3939 angeli
972 3872 1074 3926 ntei
1093 3872 1192 3923 ι’.»
1217 3877 1371 3925 Astra
1404 3874 1545 3925 enim
1579 3874 1800 3928 omnino
1822 3873 1907 3927 die
1928 3884 2118 3941 quarto

551 3963 835 4015 constituta
866 3971 1012 4016 sunt.
1042 3962 1205 4030 Igitur
1235 3962 1278 4015 si
1313 3965 1376 4015 de
1405 3972 1675 4017 astrorum
1700 3964 1974 4019 creatione
1995 3981 2117 4020 eum

551 4049 727 4116 angeli
779 4051 1177 4114 collaudabant,
1219 4049 1389 4103 multo
1433 4051 1604 4120 magis
1647 4052 1711 4104 de
1760 4053 1920 4116 coelo,
1951 4062 2115 4119 terra,

553 4155 688 4207 aqua
715 4149 766 4191 et
800 4140 936 4194 luce.
963 4141 1066 4193 Sed
1122 4141 1260 4194 hanc
1307 4141 1549 4194 insanam
1596 4143 1883 4197 multorum
1932 4146 2119 4198 existi-

553 4231 846 4283 mationem
883 4231 1164 4298 perspicue
1211 4231 1463 4300 frangens
1490 4231 1762 4296 Salomon,
1810 4234 1966 4303 paulo
1999 4245 2119 4304 post

2223 424 2518 478 molitionis
2549 422 2810 477 consors?

2291 530 2414 587 Jun.
2442 531 2550 586 Cur
2577 544 2750 586 autem
2776 531 2818 586 si
2852 533 2916 586 de
2940 531 3075 587 Filio
3110 547 3206 587 nos
3235 532 3493 586 docturus
3520 536 3650 594 erat,
3675 543 3777 582 non

2222 620 2379 685 dixit,
2405 621 2649 689 Aptator,
2671 620 2764 676 sed
2803 639 2822 672 ι
2853 620 3128 688 Aptatrix?
3157 640 3175 672 ι
3200 615 3362 675 itaex
3385 618 3523 672 LXX
3548 618 3786 674 versione

2225 713 2510 766 dicendum
2563 727 2659 782 pro
2688 714 2778 767 illo
2805 731 2820 768 :
2863 731 2880 765 ι
2906 713 3040 767 Cum
3073 727 3138 768 eo
3164 727 3309 766 eram
3337 720 3528 767 cuncta
3576 723 3785 780 compo-

2223 818 2376 857 nens.
2435 822 2454 855 ι

2293 916 2514 971 (Ζιιιιιετ.
2550 914 2668 969 Jam
2718 916 2851 971 dixi.
2921 913 3084 970 Vates
3137 915 3200 968 de
3240 914 3366 979 Deo,
3400 927 3504 967 non
3536 919 3782 980 quantum

2222 1018 2325 1070 est,
2359 1008 2636 1070 dixerunt,
2668 1007 2759 1060 sed
2808 1015 3066 1073 quantum
3109 1005 3394 1073 cogitando
3440 1013 3786 1070 assequeren-

2223 1108 2334 1162 tur,
2369 1089 2727 1169 scripserunt.
2759 1098 2878 1165 Quo
2911 1098 3054 1152 enim
3085 1098 3241 1152 modo
3288 1094 3784 1163 comprehendatur,

2229 1191 2374 1260 quod
2429 1190 2816 1260 comprehendi
2852 1204 2977 1244 .non
3014 1187 3246 1257 potest?
3285 1184 3418 1239 Nam
3449 1199 3571 1240 cum
3596 1189 3787 1235 arenas

2221 1261 2408 1349 marris,
2437 1292 2490 1337 et
2536 1275 2708 1337 stillas
2736 1282 2950 1352 pluviae,
2987 1281 3368 1347 stellarumque
3399 1270 3786 1330 multitudinem

2224 1384 2456 1445 neqtteat
2478 1375 2600 1444 quis
2623 1387 2927 1437 numerare,
2953 1372 3152 1427 scilicet
3173 1369 3336 1424 Deum
3359 1367 3603 1438 principii
3627 1376 3787 1432 atque

2224 1468 2345 1520 linis
2369 1476 2643 1534 expertem
2692 1460 3154 1534 comprehendet?
3188 1460 3370 1528 Itaque
3396 1458 3533 1512 alius
3569 1457 3656 1510 Dei
3694 1471 3783 1510 sa-

2223 1555 2480 1623 pientiam
2523 1551 2717 1606 Filium
2757 1553 3008 1620 vocavit;
3040 1551 3176 1605 alius
3205 1558 3461 1609 mentem.
3495 1547 3626 1602 alius
3655 1546 3788 1600 lucis

2149 1662 2196 1721 Β
2225 1645 2606 1712 simulacrum;
2662 1643 2798 1699 alius
2838 1655 3149 1713 expressam
3201 1642 3489 1710 quamdam
3524 1639 3783 1700 formam;

2224 1738 2362 1792 alius
2391 1738 2528 1791 vires
2554 1754 2569 1803 ;
2606 1736 2744 1791 alius
2769 1735 2961 1790 Filium
2987 1752 3002 1800 ;
3030 1749 3217 1789 omnes
3248 1749 3410 1787 unum
3445 1743 3499 1787 et
3522 1731 3783 1786 eumdem.

2224 1831 2317 1884 Sin
2340 1838 2517 1883 autem
2551 1843 2706 1883 secus
2735 1828 3116 1896 prophetarum
3139 1841 3297 1881 voces
3327 1823 3585 1892 accipitis,
3603 1835 3786 1874 vereor

2206 1937 2290 1976 ‘ne
2317 1920 2650 1990 splendidam
2682 1918 2783 1973 SS.
2815 1918 3095 1974 Trinitatis
3136 1918 3309 1972 lucem
3362 1915 3702 1984 refugientes,
3733 1912 3785 1964 in

2223 2013 2548 2081 profundum
2583 2009 2812 2080 plurium
2841 2012 3059 2064 deorum
3084 2024 3178 2064 vos
3212 2007 3576 2084 pratcipitetis.

2295 2103 2460 2171 Igitur
2485 2101 2660 2154 denuo
2699 2099 2880 2153 audite
2912 2097 3256 2152 Salomonem
3287 2087 3462 2165 palam
3486 2093 3785 2149 vociferan-

2225 2200 2332 2246 tem
2366 2209 2380 2247 :
2415 2210 2433 2242 (
2480 2190 2743 2246 Omnibus
2775 2188 3058 2243 mobilibus
3096 2186 3342 2242 mobilior
3369 2172 3452 2240 esi
3480 2184 3736 2255 sapientia
3770 2199 3783 2249 ;

2225 2280 2442 2350 attingit
2492 2291 2668 2334 autem
2723 2279 2919 2346 ubique
2976 2287 3194 2346 propter
3254 2291 3406 2331 suam
3454 2273 3782 2329 munditiam.

2228 2368 2410 2439 Vapor
2435 2378 2519 2424 est
2557 2369 2700 2423 enim
2731 2368 2947 2424 virtutis
2981 2366 3096 2433 Dei,
3141 2377 3194 2421 et
3247 2367 3515 2420 emanatio
3546 2366 3784 2435 quaedam

2226 2472 2308 2518 est
2338 2461 2596 2517 claritatis
2625 2457 3013 2528 omnipotentis
3035 2459 3124 2512 Dei
3161 2458 3371 2512 sincera
3399 2473 3413 2510 ε
3437 2467 3488 2512 et
3519 2457 3633 2511 ideo
3656 2454 3786 2509 nihil

2225 2554 2564 2622 inquinatum
2596 2551 2649 2605 in
2678 2565 2798 2606 eam
2835 2549 3085 2604 incurrit.
3125 2547 3341 2604 Candor
3374 2557 3456 2602 est
3483 2546 3622 2600 enim
3651 2543 3788 2599 lucis

2229 2653 2462 2712 aeternae,
2513 2649 2567 2695 et
2612 2639 2886 2709 speculum
2915 2639 3030 2693 sine
3080 2636 3290 2691 macula
3325 2634 3418 2689 Dei
3477 2634 3783 2700 maiestatis,

2225 2741 2278 2787 et
2305 2731 2479 2800 imago
2507 2730 2761 2785 bonitatis
2785 2729 3013 2783 illius".
3047 2745 3065 2778 ι
3103 2726 3206 2780 Sed
3232 2724 3468 2789 omissis,
3503 2738 3617 2791 quae
3646 2724 3783 2790 apud

2228 2821 2537 2890 Sapientem
2572 2825 2715 2883 sunt,
2747 2819 3032 2888 imaginem
3087 2817 3254 2871 solam
3284 2831 3594 2886 persequar.
3626 2814 3782 2878 Sunt,

2228 2917 2450 2985 putatis,
2477 2917 2528 2968 in
2569 2915 2705 2969 coelo
2737 2914 2968 2982 pictores
2997 2927 3058 2967 ac
3091 2913 3339 2968 colores?

2286 3006 2410 3064 Jun.
2434 2995 2695 3060 ‘Miuime.

2287 3122 2508 3177 CHRIST.
2533 3123 2599 3176 Et
2617 3137 2733 3190 quas
2746 3131 2827 3177 est
2851 3137 3010 3190 porro
3036 3120 3152 3176 htec
3179 3120 3270 3174 Dei
3293 3120 3546 3175 bonitatis
3575 3117 3784 3186 imago?

2221 3229 2324 3270 nec
2352 3215 2526 3270 solum
2549 3215 2723 3284 imago
2755 3214 3089 3284 simpliciter,
3121 3215 3215 3268 sed
3244 3227 3337 3281 per
3358 3214 3535 3266 omnia
3564 3209 3786 3264 similis?

2052 3337 2106 3391 id
2215 3305 2323 3359 Aut
2369 3320 2499 3373 ergo
2549 3305 2833 3374 imaginem
2893 3304 3197 3366 concedite,
3259 3299 3352 3356 aut
3387 3317 3597 3356 mecum
3631 3301 3785 3356 unius

2217 3407 2424 3451 natura:
2444 3405 2497 3449 et
2528 3397 2838 3450 substantia:
2862 3411 2982 3449 cum
3015 3395 3172 3459 Patre
3192 3393 3383 3448 Filium
3411 3393 3672 3447 fatemini.

2287 3485 2410 3541 Jun.
2467 3485 2722 3540 Fatcmur
2758 3503 2772 3553 ;
2833 3487 2947 3551 sed,
2990 3485 3201 3550 amabo,
3235 3485 3375 3540 idem
3414 3486 3568 3539 nobis
3589 3498 3653 3538 ex
3682 3481 3787 3537 alio

2221 3577 2487 3648 propheta
2514 3577 2776 3632 edissere.

2289 3691 2515 3745 Cuatsr.
2577 3689 2724 3744 lsaiae
2748 3690 2908 3743 verba
2940 3695 3065 3742 sunt
3103 3704 3116 3741 :
3163 3705 3182 3738 ι
3240 3684 3505 3740 Parvulus
3531 3695 3688 3739 natus
3706 3692 3786 3740 est

2224 3783 2399 3848 nobis,
2441 3790 2496 3834 et
2553 3780 2695 3833 ﬁlius
2747 3780 2904 3832 datus
2927 3788 3009 3833 est
3035 3778 3208 3840 nobis,
3230 3785 3286 3831 et
3332 3777 3502 3830 factus
3535 3783 3620 3829 est
3642 3775 3784 3843 prin-

2221 3875 2438 3940 cipatus
2491 3885 2648 3939 super
2677 3870 2957 3921 humerum
3017 3869 3245 3935 ejus;et
3291 3865 3567 3920 vocabitur
3595 3880 3783 3918 nomen

2221 3964 2340 4032 ejus
2390 3961 2568 4030 magni
2596 3959 2806 4013 consilii
2839 3958 3094 4026 Angelus,
3134 3958 3489 4020 admirabilis,
3526 3957 3779 4010 consilia-

2223 4056 2334 4108 rius
2366 4054 2430 4106 “.
2490 4070 2508 4102 ι
2548 4050 2749 4103 Videtis
2789 4049 2958 4102 Patris
2987 4049 3386 4102 consiliarium?
3435 4045 3640 4101 Videtis
3669 4061 3783 4100 ma-

2222 4146 2306 4216 gni
2355 4141 2562 4197 consilii
2614 4141 2911 4210 Angeium?
2950 4140 3042 4193 Est
3098 4141 3237 4193 enitn
3263 4137 3428 4192 Filius
3449 4138 3699 4205 ἄγγελος,
3731 4145 3783 4190 ιιι

2221 4237 2311 4304 qui
2364 4250 2392 4288 a
2431 4233 2587 4287 Patre
2632 4231 2815 4286 arcani
2875 4232 2942 4285 ab
2971 4231 3116 4284 omni
3141 4231 3443 4284 aeternitate
3467 4230 3660 4284 occulti
3692 4231 3784 4282 ah-

551 4321 701 4375 addit
735 4339 747 4373 :
786 4340 803 4372 t
839 4321 977 4375 Ante
1003 4336 1190 4375 omnes
1222 4323 1388 4377 colles
1435 4324 1605 4392 gignit
1643 4325 1809 4389 me",
1843 4341 1905 4378 ac
1933 4327 2117 4394 paula-
2156 4320 2200 4375 D
2230 4327 2339 4379 dita
2382 4324 2448 4377 ad
2487 4324 2732 4377 homines
2786 4322 3063 4390 pertulerit
3123 4336 3186 4374 ac
3218 4321 3591 4389 promulgarit.
3646 4321 3783 4374 Con-

553 4412 647 4464 tim
707 4425 823 4477 qua:
873 4411 1132 4465 scriberet
1213 4412 1484 4468 iiiustrans
1533 4415 1791 4481 subiicit:
1847 4435 1864 4466 ι
1903 4417 2130 4481 Quando

551 4504 747 4555 aethera
779 4502 1021 4555 firmabat
1052 4517 1266 4556 sursum
1299 4516 1350 4558 et
1380 4504 1606 4557 librabat
1638 4507 1810 4561 fontes
1839 4522 2121 4575 aquarum;

553 4590 765 4657 quando
795 4590 1161 4643 circumdabat
1190 4592 1321 4643 mari
1360 4593 1643 4645 terminum
1674 4609 1850 4656 suum,
1878 4605 1930 4647 et
1959 4596 2124 4660 legem

553 4676 784 4744 ponebat
843 4678 1018 4744 aquis,
1065 4691 1130 4730 ne
1166 4679 1461 4734 transirent.
1523 4678 1655 4732 lines
1698 4695 1862 4746 suos;
1906 4683 2120 4747 quando

554 4768 885 4834 appendebat
921 4767 1265 4821 fundamenta
1303 4776 1477 4831 terrae,
1511 4785 1632 4823 cum
1665 4787 1726 4824 eo
1755 4787 1900 4824 eram
1927 4782 2117 4825 cuncta

553 4870 876 4923 componens
894 4857 958 4909 ⁸⁵.
999 4876 1019 4910 ι
1059 4858 1262 4922 Videte,
1289 4871 1345 4911 ut
1371 4861 1570 4913 sensim
1595 4863 1796 4914 socium
1827 4862 1971 4916 Patri
2004 4864 2119 4930 opi-

555 4946 705 4999 ﬁcem
738 4947 928 5001 Filium
971 4950 1224 5003 declaret.
1259 4951 1396 5015 Quid
1443 4953 1582 5004 enim
1615 4953 1757 5004 aliud
1784 4963 1883 5016 est,
1924 4971 1940 5003 ι
1980 4953 2114 5007 Cum

553 5053 616 5103 en
646 5053 791 5090 erant
849 5049 1039 5092 cuncta
1075 5055 1424 5109 componens,
1488 5061 1506 5094 ι
1544 5059 1701 5110 quam
1749 5058 1848 5096 una
1883 5046 2115 5100 archite-

627 5212 670 5241 ¹⁵³
712 5213 1015 5286 Ριονς-γιιι,
1045 5217 1116 5267 ‘29.
1173 5227 1222 5269 et
1253 5211 1403 5286 seqq.

557 5282 586 5332 7
614 5297 639 5335 s
662 5300 723 5337 -r.
752 5284 907 5337 LXX.

557 5368 592 5414 ι,
623 5354 712 5407 ‘20.

1507 5219 1552 5249 ‘9
1581 5219 1740 5271 Exod.
1779 5236 1836 5284 II,
1873 5221 2045 5282 9.10.

792 5357 835 5386 ⁸⁸
867 5356 998 5409 Gen.
1030 5370 1106 5418 Ill,
1136 5357 1227 5409 9.2.
1353 5359 1397 5388 δ’
1421 5358 1552 5412 Gen.
1585 5373 1657 5422 at,
1688 5361 1738 5412 7.

632 5566 739 5633 (ιι)

565 5634 720 5687 LXX.

2153 5222 2199 5253 ιο
2233 5222 2347 5254 θέει
2434 5239 2569 5254 ιννιγ

1004 5222 1116 5273 .‘2‘2
1173 5227 1222 5269 et
1253 5233 1403 5286 seqq.
1507 5222 1552 5249 δ’
1581 5222 1740 5271 Exod.
1779 5236 1836 5284 II,
1873 5222 1923 5282 9.
1959 5222 2045 5274 10.
2153 5222 2199 5253 ⁸⁸
2231 5222 2370 5276 Psai.
2434 5237 2658 5287 Lxxvttt,
2691 5223 2742 5274 4.
2856 5224 2896 5254 ⁸¹
2928 5222 3061 5276 Gen.
3095 5237 3132 5285 t,
3163 5222 3212 5273 1.
3344 5222 3389 5253 ¹¹
3421 5222 3519 5273 Job
3553 5232 3776 5282 uxvttt,

997 5288 1039 5316 ⁸³
1071 5288 1224 5361 Prov.
1262 5303 1375 5361 vttt.
1530 5305 1637 5342 sec.
1671 5288 1831 5342 LXX.
1891 5291 1937 5322 ⁵⁸
1967 5293 2095 5346 ibid.
2121 5309 2313 5358 xxvrtt,
2345 5293 2433 5345 50.
2490 5293 2534 5322 ”
2564 5293 2690 5361 Sap.
2726 5308 2818 5357 vn,
2849 5293 2918 5346 24
2947 5306 3096 5361 seqq.
3142 5292 3191 5323 ⁸⁸
3222 5291 3324 5344 Isa.
3349 5306 3422 5353 tx,
3451 5293 3503 5344 6.
3567 5289 3612 5319 "
3642 5287 3776 5343 Gen.

2227 4415 2465 4468 siiiarius
2518 4422 2619 4474 est,
2677 4413 2768 4480 qui
2829 4428 2854 4463 a
2906 4412 3062 4465 Patre
3107 4412 3383 4464 audierit:
3423 4429 3442 4461 ‹
3505 4409 3782 4465 Faciamus

2228 4505 2500 4580 hominem
2520 4506 2582 4556 ad
2608 4503 2895 4569 imaginem
2922 4513 2975 4554 et
2994 4503 3396 4556 similitudinem
3413 4510 3645 4555 nostram
3667 4502 3737 4556 ⁸’.
3759 4518 3776 4551 ι

2227 4596 2291 4647 Et
2336 4609 2593 4647 rursum:
2632 4613 2648 4644 ι
2694 4593 2830 4646 Ecce
2901 4592 3070 4645 Adam
3112 4594 3263 4661 quasi
3323 4608 3459 4646 unus
3509 4608 3576 4646 ex
3631 4593 3782 4648 nobis

2224 4683 2397 4736 factus
2426 4694 2526 4737 cst.
2563 4683 2713 4736 Nune
2745 4698 2874 4751 ergo
2905 4699 2971 4736 ne
3003 4684 3136 4736 forte
3167 4683 3344 4735 mittat
3374 4697 3586 4735 manum
3604 4698 3778 4745 suam,

2221 4786 2275 4825 et
2330 4782 2502 4825 sumat
2532 4775 2692 4825 etiam
2727 4772 2792 4826 de
2823 4771 2964 4838 ligno
3016 4773 3160 4834 vitm,
3189 4779 3240 4822 et
3272 4771 3535 4830 comedat,
3565 4777 3620 4822 et
3644 4769 3781 4821 vivat

2223 4868 2271 4917 in
2303 4876 2559 4920 arternnm
2587 4867 2653 4929 ",
2680 4885 2697 4916 ι
2721 4881 2840 4919 eum
2866 4867 3113 4935 paradiso
3137 4864 3433 4930 exigamus.
3451 4862 3514 4915 Et
3546 4861 3779 4914 iterum:

2231 4976 2249 5008 ι
2288 4956 2498 5021 Venite,
2530 4959 2938 5022 descendamus,
2966 4967 3020 5011 et
3043 4953 3432 5011 confundamus
3453 4953 3521 5008 ibi
3546 4953 3778 5022 linguam

2219 5063 2405 5101 eorum
2431 5050 2494 5102 ⁸³.
2541 5066 2558 5098 ι

2856 5224 2896 5254 ⁸¹
2928 5222 3061 5276 Gen.
3095 5237 3132 5285 t,
3163 5221 3212 5273 1.
3344 5221 3389 5253 ¹¹
3421 5218 3519 5273 Job
3553 5232 3777 5282 uxvttt,

805 5567 962 5634 LXX,
1018 5569 1221 5634 ἔκτισε,
1266 5574 1480 5637 creavit,
1522 5586 1616 5638 pm
1642 5573 1924 5642 ἐκτήςατο.
1985 5568 2112 5624 Vide

2254 5571 2400 5626 llicr.
2435 5571 2542 5634 hic,
2581 5579 2634 5623 et
2685 5570 2736 5623 in
2777 5584 2827 5623 c.
2883 5583 2970 5623 ιιγι
3018 5568 3316 5636 lsa.,.etc.,
3391 5579 3442 5621 et
3496 5573 3650 5620 notas
3716 5561 3778 5619 ad
