3952 6328
98 330 181 394 303

88 552 171 589 non
214 536 488 605 Angelum,
556 536 670 600 ipse
724 535 941 587 dubium
983 534 1272 587 dissolvit:
1307 549 1408 588 non
1463 535 1603 586 enim

95 625 375 678 uixit:Erit
423 608 470 679 ἐι
524 638 711 679 nomen
744 624 994 693 Angelus,
1060 624 1151 678 sed
1201 642 1218 675 t
1253 625 1547 685 vocabitur,
1583 642 1599 673 ι

87 715 232 775 idest,
279 716 361 780 qui
408 714 545 767 Deus
596 721 709 787 est,
738 713 802 777 is,
838 716 975 781 quod
1010 713 1117 779 jam
1170 713 1293 766 olim
1326 714 1603 767 consilium

86 806 221 869 cepit,
254 805 479 875 angelus
541 804 839 857 vocabitur.
886 803 1023 868 Quin
1074 819 1137 855 ue
1186 805 1418 870 quis‘id
1466 806 1527 857 de
1558 805 1603 856 vi

92 892 286 956 Qttudam
337 893 647 958 incorporea
711 893 907 943 dictum
955 892 1195 959 lingeret,
1230 891 1394 944 Deum
1438 877 1612 944 uouti-i

90 984 179 1038 nat,
227 977 577 1045 paulatimque
627 981 768 1046 quod
820 980 1107 1032 obscaruut
1159 987 1275 1031 erat
1333 978 1387 1030 in
1434 978 1604 1031 lucem

85 1065 344 1129 proferens,
402 1067 517 1119 ait:
555 1083 574 1116 ι
638 1065 835 1129 Fortis,
892 1065 1107 1134 Potens,
1134 1064 1389 1136 Princeps
1436 1068 1603 1135 pacis,

86 1152 220 1207 Pater
245 1154 396 1208 futuri
428 1156 609 1211 smculi
638 1156 704 1210 ⁸⁸η
749 1174 767 1207 ι

646 1288 871 1344 CAPUT
905 1288 1010 1343 vn.
1064 1264 1071 1272 ’

399 1400 482 1453 Ea:
517 1400 741 1453 Psalmis
769 1401 903 1454 idem
946 1402 1254 1455 ostenditur.

142 1512 336 1566 Davidis
363 1527 575 1581 quoque
632 1513 745 1565 haec
772 1512 1036 1565 sententia
1060 1521 1140 1565 est
1165 1529 1178 1564 :
1215 1530 1232 1564 ι
1273 1513 1412 1567 Ante
1440 1514 1602 1569 solem

81 1613 323 1669 permanet
347 1618 540 1656 nomen
568 1601 682 1669 ejus
711 1603 775 1657 ⁸¹.
815 1620 833 1653 ›
1332 1612 1355 1669 ‘_

136 1691 243 1747 Iun.
272 1692 511 1762 Iniquum
564 1695 719 1747 nobis
775 1693 983 1749 videtur
1010 1709 1127 1749 eam
1167 1695 1488 1749 sententiam
1518 1709 1604 1748 re-

78 1785 186 1837 ferri
221 1785 279 1838 ad
311 1785 604 1839 Christum.
649 1785 885 1840 Dicimus
918 1786 1112 1854 quippe
1156 1787 1604 1855 septuagesimum

76 1876 277 1940 primum
330 1876 591 1943 psalmum
648 1874 714 1928 de
758 1889 855 1929 suo
900 1874 1007 1927 tilio
1041 1874 1291 1927 Davidem
1320 1876 1601 1929 cecinisse.

78 1966 229 2030 Quare
281 1966 467 2021 omitte
523 1967 637 2035 |boc
698 1966 1003 2020 testimonio
1047 1966 1197 2019 abuti
1251 1960 1305 2020 et
1339 1966 1407 2022 ad
1445 1966 1604 2021 alium

81 2055 225 2109 transi
252 2058 588 2123 prophetam.
1032 2070 1033 2073 ‘

133 2145 335 2198 Caatsr.
388 2144 558 2199 Deum
609 2146 997 2209 immortalem!
1039 2144 1229 2201 Verum
1276 2147 1426 2203 Vatis
1450 2158 1609 2216 atque

77 2233 213 2304 Regis
269 2236 453 2297 Deum,
508 2245 710 2301 testor;
752 2237 911 2300 absit,
957 2246 1015 2290 ut
1046 2253 1129 2291 me
1152 2237 1399 2292 ad‘aliam
1432 2238 1594 2307 diSpU‘

79 2326 302 2379 tationem
352 2325 649 2393 conferam,
695 2327 798 2379 nisi
861 2327 1067 2394 psalmo
1114 2329 1260 2381 omni
1310 2329 1605 2398 pervoluto,

78 2416 329 2471 sementim
374 2416 507 2493 ejus
535 2416 996 2471 conﬁrmationem
1038 2418 1391 2494 certissimam
1422 2418 1559 2473 dabo
1591 2420 1604 2471 ι

78 2504 222 2558 Nobis
240 2506 451 2574 quidem
473 2492 692 2560 dubium
742 2521 849 2560 non
894 2517 996 2573 est,
1029 2510 1157 2577 quin
1198 2507 1351 2561 haec:
1384 2492 1402 2559 ι
1436 2507 1607 2573 Deus,

74 2594 305 2660 judicium
360 2605 510 2649 tuum
578 2594 710 2664 Regi
755 2594 842 2658 da,
884 2604 946 2649 et
993 2594 1258 2664 justitiam
1312 2602 1455 2648 tuam
1502 2595 1612 2649 Iilio

80 2684 217 2752 Regis
245 2685 523 2753 :judicare
575 2684 823 2753 populum
882 2694 1031 2739 tuum
1072 2686 1125 2740 in
1153 2685 1360 2753 justitia
1395 2695 1449 2740 et
1479 2700 1609 2754 pau-

84 2789 215 2842 peres
274 2785 388 2839 tuos
437 2777 490 2829 in
534 2775 757 2843 judicio.
814 2776 1120 2844 Suscipiant
1181 2787 1389 2831 montes
1426 2791 1610 2846 pacem

81 2864 268 2931 populo,
326 2875 383 2919 et
442 2864 607 2919 colles
658 2863 948 2933 justitiam.
1017 2864 1287 2921 Judicabit
1351 2880 1613 2936 pauperes

82 2954 260 3022 populi,
312 2964 365 3009 et
429 2954 611 3009 salvos
639 2954 798 3009 faciet
827 2954 964 3009 ﬁlios
1005 2942 1318 3023 pauperum,
1354 2964 1409 3011 et
1430 2946 1609 3009 humi-

1104 328 1479 390 D‘IALOGUS
1519 329 1813 409 QONTRA
1868 330 2190 410 JUD.EO$.
2242 388 2243 393 ,

143 447 401 507 (Ia-terum,
465 443 632 499 Deum
684 459 808 499 esse
862 458 982 498 eum
1053 442 1426 498 Consiliarium
1474 444 1606 513 (l3),
1642 453 1679 501 It
1712 444 1849 497 sicut
1903 444 2169 499 stillicidia
2229 443 2484 500 stillantia
2530 459 2689 514 super
2743 445 3007 499 terram“
3039 484 3053 497 .

3156 329 3259 389 Ciil

3117 464 3134 494 ι
3178 448 3266 497 Illo.

1712 546 1817 585 non
1877 534 2048 585 solum
2103 532 2502 596 ex‘adulterio,
2561 536 2655 587 sed
2711 535 2871 588 etiam
2926 550 3018 602 per
3068 535 3265 587 credent

1685 630 1992 689 susceptus
2050 632 2151 675 est.
2182 622 2331 687 Quod
2360 623 2502 677 Deus
2537 620 2793 690 ﬂagitium
2825 638 2917 690 per
2946 622 3151 676 Nathan
3186 636 3267 673 ar-

1709 711 1840 778 guit,
1880 725 1942 763 ac
1992 712 2164 779 palam
2227 711 2370 763 fecit.
2414 709 2595 777 Nequi-
2660 712 2903 779 equidem
2938 713 3049 764 haec
3085 710 3266 763 animo

1711 799 1997 852 insultandi
2030 798 2382 852 Dei-hominis
2429 797 2740 864 majoribus,
2780 799 2871 850 sed
2917 796 3267 863 reprimenda

1708 891 2058 943 contumacia:
2129 898 2319 943 vestra:
2403 874 2583 953 causa,
2640 903 2667 941 a
2731 902 2814 940 me
2894 887 3263 955 proferuntur.

1715 997 1733 1030 ι
1787 979 2001 1033 Orietur
2053 980 2102 1031 in
2162 980 2346 1033 diebus
2404 978 2522 1046 ejus
2566 978 2798 1045 justitia,
2832 986 2884 1032 et
2940 976 3267 1031 abundantia

1707 1070 1875 1139 pacis,
1910 1069 2080 1122 donec
2104 1069 2377 1121 auferatur
2412 1068 2533 1121 luna
2567 1067 2632 1119 “.
2673 1084 2693 1118 ι
2728 1054 2819 1121 Ille
2842 1083 2944 1119 non
2979 1069 3154 1130 modo,
3208 1079 3270 1119 ut
3337 1102 3351 1116 ,ν

1709 1161 1976 1213 Ιιωιιὶιιθιη
2031 1173 2124 1226 par
2176 1168 2280 1225 est,
2327 1159 2561 1224 dilapsus
2587 1165 2701 1222 est;
2751 1158 2842 1209 sed
2892 1171 2956 1210 eo
3016 1165 3271 1223 regnante

1706 1248 1875 1302 caedes
1908 1264 2009 1303 non
2069 1262 2271 1317 paucae,
2307 1256 2360 1301 et
2383 1246 2737 1318 captivitates,
2775 1246 2961 1312 quales
2988 1258 3265 1313 nunquam

1708 1348 1860 1403 ante,
1925 1348 2223 1392 COHSCCIIItB
2260 1345 2423 1390 “sunt.
2470 1335 2493 1385 ι’
2540 1334 2604 1387 Ει.
2656 1334 3021 1388 dominabitur
3058 1348 3086 1385 a
3124 1333 3261 1397 mari

1707 1441 1874 1494 usque
1930 1429 1995 1479 ad
2050 1442 2230 1491 mare;
2263 1436 2315 1480 et
2370 1441 2397 1479 a
2428 1424 2647 1478 ﬂumine
2699 1423 2968 1494 Euphrate
3004 1438 3171 1492 usque
3202 1426 3275 1478 ad

1709 1517 1966 1571 terminos
2013 1517 2159 1572 orbis
2218 1526 2502 1571 terrarum.
2551 1515 2744 1569 Coram
2822 1514 2912 1568 illo
2995 1514 3273 1583 procident

1708 1603 1987 1673 Ethiopes
2016 1607 2079 1657 ".
2115 1624 2132 1656 ι
2185 1604 2277 1660 Ille
2303 1605 2700 1672 soliuspaterni
2728 1605 2876 1673 regni
2909 1615 3122 1671 sceptra
3152 1619 3269 1657 tuo.

1706 1694 1923 1744 deratus
1967 1702 2081 1755 est;
2138 1692 2186 1743 id
2248 1692 2387 1759 quod
2440 1676 2632 1745 sciunt
2684 1706 2893 1757 omnes,
2933 1688 3269 1759 quthtdaici

1709 1782 1914 1850 imperii
1985 1783 2361 1856 meminerunt.
2424 1801 2442 1832 ι
2508 1782 2573 1834 Et
2622 1782 2822 1837 inimici
2887 1782 3005 1851 ejus
3069 1792 3269 1836 terram

1708 1873 1995 1940 ﬁngent".
2034 1890 2051 1922 ι
2090 1873 2235 1927 Illius
2287 1876 2465 1928 hostes
2488 1876 2621 1927 adeo
2667 1873 2939 1942 pulverem
2964 1889 3069 1929 non
3102 1875 3272 1929 linxe-

1708 1973 1851 2025 runt,
1888 1972 1943 2015 ut
1970 1965 2129 2015 etiam
2153 1962 2457 2028 nroboam,
2478 1963 2593 2031 ejus
2623 1978 2832 2026 servus.
2859 1979 3083 2034 regnum
3111 1968 3177 2018 ab
3207 1951 3273 2037 eo

1708 2060 1975 2115 avertens,
2000 2051 2125 2103 illud
2153 2052 2254 2105 sibi
2281 2053 2553 2121 usurparit
2582 2056 2635 2106 e1
2685 2056 2983 2123 occuparit.
3041 2072 3059 2105 ι
3100 2053 3271 2123 Reges

1708 2139 1929 2194 Tharsis
1959 2152 2012 2193 et
2041 2141 2224 2195 insula)
2265 2157 2485 2195 munera
2515 2140 2801 2204 offerent;
2839 2158 2992 2212 reges
3030 2143 3267 2197 Arabum

1712 2239 1765 2284 et
1792 2229 1928 2283 Saba
1964 2230 2104 2283 dona
2136 2230 2405 2285 adducent
2440 2232 2504 2285 ⁶⁹.
2549 2249 2567 2283 ι
2606 2233 2711 2285 Aut
2745 2246 2919 2301 reges,
2980 2231 3026 2285 si
3072 2231 3268 2300 placet,

1712 2315 1802 2383 qui
1831 2316 1958 2377 sint,
1989 2316 2222 2381 edite,et
2244 2317 2380 2370 dona
2401 2306 2689 2385 profertOte
2733 2319 3060 2389 (quanquam
3109 2320 3269 2372 etiam

1712 2408 1801 2460 diu
1856 2407 2188 2476 multumque
2243 2411 2469 2478 agendo,
2534 2420 2715 2465 actum
2740 2412 2931 2479 agetis)
2959 2428 2972 2476 ;
3003 2420 3097 2465 aut
3128 2412 3272 2478 quod

1712 2498 1954 2565 sequitur
1999 2516 2011 2551 :
2051 2514 2069 2548 ι
2109 2498 2174 2552 Et
2224 2486 2522 2554 adorabunt
2569 2516 2691 2555 eum
2754 2517 2943 2557 omnes
2987 2517 3139 2573 reges
3170 2514 3275 2559 ter-

1711 2602 1786 2642 ra:
1816 2589 1883 2651 ",
1911 2606 1929 2639 ι
1962 2597 2319 2643 commentum
2351 2604 2535 2643 amens
2561 2602 2747 2660 arguet
2772 2611 2787 2646 :
2812 2612 2829 2643 σ
2870 2593 3066 2654 omnes
3084 2580 3275 2670 genre;

1711 2676 1945 2731 servient
1980 2677 2029 2729 ei
2068 2677 2137 2730 '“.
2176 2696 2195 2727 ι
2232 2675 2308 2730 Illi
2354 2678 2486 2740 adeo
2527 2694 2631 2736 non
2670 2685 2990 2750 servierunt,
3038 2697 3270 2758 utpost-
3350 2744 3353 2745 ν

1712 2779 1872 2834 quam
1905 2768 2066 2822 vetita
2102 2768 2312 2840 legibus
2342 2771 2394 2824 in
2424 2771 2590 2826 Deum
2625 2765 2861 2841 admisit,
2911 2776 3100 2849 acdiis
3145 2777 3271 2831 fana

1712 2861 1991 2935 ercitayit,
2026 2865 2173 2919 Adad
2206 2862 2489 2931 ldttmaeus,
2520 2876 2574 2921 et
2604 2867 2791 2922 Rakon
2838 2868 3080 2924 Damasci
3112 2885 3274 2939 regu-

1693 2951 1796 3006 ilus
1822 2952 1893 3006 ab
1931 2968 1995 3008 eo
2016 2954 2345 3009 defecerint:
2378 2963 2699 3026 tantumque
2718 2955 2868 3011 abest
2897 2964 2956 3011 ut
2983 2972 3104 3011 eum
3140 2953 3273 3027 gen-

56 3044 661 3129 \liahitcalumuiatorem
692 3044 736 3075 “
770 3060 787 3111 ;
828 3063 846 3097 ι
895 3046 1029 3111 haec,
1064 3045 1302 3113 inquam,
1335 3047 1517 3100 omnia
1546 3045 1610 3100 ad
1638 3069 1685 3132 ρ
1716 3050 1795 3097 tes
1853 3043 2144 3125 coluerint,
2188 3053 2247 3097 ut
2310 3046 2375 3099 de
2407 3056 2629 3115 paterno
2660 3061 2758 3101 suo
2792 3062 2955 3116 regno
2986 3047 3160 3101 adhuc
3185 3064 3275 3102 su-

82 3134 323 3190 Christum
386 3137 515 3205 quin
574 3128 833 3205 spectent,
893 3137 1046 3191 nobis
1098 3136 1317 3190 dubium
1362 3148 1609 3203 nonest;

81 3240 180 3290 qua:
231 3243 321 3280 vos
386 3226 723 3295 detorquetis
775 3236 831 3281 et
888 3228 1215 3296 pervertitis,
1245 3228 1344 3281 rati
1365 3229 1429 3283 de
1456 3227 1611 3283 Salo-

82 3332 214 3372 mone
248 3319 384 3385 dici;
446 3334 563 3381 nec,
590 3318 716 3373 dum
740 3319 1021 3373 veritatem
1053 3319 1265 3384 laeditis,
1294 3334 1391 3375 vos
1420 3319 1612 3376 laaderc

80 3408 386 3463 arbitramini
414 3426 429 3474 ;
462 3420 544 3462 est
581 3410 747 3475 enim,
785 3410 1029 3478 quisquis
1060 3409 1290 3474 lxditur,
1319 3410 1384 3463 ad
1421 3409 1607 3465 defen-

79 3497 254 3549 sionem
314 3498 629 3566 promptus.‘
658 3500 834 3567 Atque
862 3514 959 3568 ego
1000 3500 1152 3553 vobis
1183 3500 1315 3553 nihil
1349 3514 1507 3569 super
1529 3502 1612 3555 his

83 3584 411 3648 respondebo,
470 3584 562 3637 sed
614 3584 728 3653 ipse
781 3584 969 3653 psalmi
1009 3596 1196 3640 auctor
1240 3586 1427 3650 David,
1456 3592 1613 3655 cujus

82 3671 245 3723 semini
285 3673 580 3738 promissus
630 3671 895 3739 Christus,
960 3674 1071 3744 lyra
1141 3675 1372 3745 Spiritus
1404 3679 1611 3742 sancti,

78 3760 207 3813 vobis
258 3776 318 3815 os
354 3762 650 3827 obturans,
698 3763 778 3818 sic
807 3777 968 3831 porro
1016 3764 1614 3843 psalmumpertexens

78 3850 240 3903 scribit
271 3869 285 3904 :
322 3870 341 3903 ι
378 3850 444 3920 Et
497 3854 833 3929 permanebit
883 3868 1004 3908 cum
1037 3854 1164 3909 Sole
1192 3855 1257 3907 ⁸³.
1291 3875 1309 3908 ι
1351 3857 1489 3911 Νιιιη
1512 3855 1612 3911 Sa-

79 3945 233 3995 lomon
287 3944 445 4012 igitur
469 3941 655 3997 tandiu
708 3944 953 4009 duravit,
987 3945 1215 4013 quandiu
1240 3944 1367 3999 Sol?
1398 3955 1453 4001 et
1480 3961 1614 4015 quo-

80 4032 256 4083 modo?
300 4034 391 4100 qui
460 4048 559 4087 nec
610 4041 814 4101 patrem
866 4035 1197 4104 annisregni
1233 4038 1525 4104 superavit.
1547 4036 1613 4090 Et

82 4118 272 4177 Daridis
317 4120 422 4175 alio
451 4122 657 4190 psalmo
712 4124 825 4177 haec
853 4132 976 4179 sunt
1002 4114 1162 4178 verba
1198 4143 1213 4177 :
1247 4143 1265 4175 ι
1296 4126 1419 4180 Dies
1448 4128 1614 4181 anno-

86 4222 188 4277 rum
216 4220 525 4264 nostrorum
558 4210 612 4264 in
664 4212 791 4279 ipsis
811 4214 1143 4282 septuaginta
1170 4214 1324 4280 anni;
1355 4216 1399 4269 si
1433 4225 1611 4270 autem

79 4294 533 4366 in'potentatibus
579 4303 851 4370 octoginta
904 4303 1051 4367 anni,
1082 4311 1137 4357 et
1182 4304 1405 4372 amplius
1426 4321 1609 4364 eorum

1712 3140 1919 3200 perstes
1963 3148 1992 3185 a
2046 3117 2152 3189 Deo
2205 3135 2453 3199 audierit,
2494 3144 2722 3207 ruptum'
2754 3137 3129 3207 revulsumque
3157 3140 3275 3206 ejus

1713 3237 1953 3290 regnum,
2014 3239 2191 3291 servo,
2240 3235 2345 3280 non
2405 3226 2513 3281 tilio
2553 3227 2862 3281 donandum
2913 3229 2977 3281 ⁷⁸.
3042 3228 3116 3284 De
3169 3244 3274 3295 quo

1713 3313 1877 3389 igitur
1896 3315 2202 3381 psalmodus
2228 3318 2492 3386 psalmum
2514 3317 2723 3372 edidit?
2760 3333 2892 3387 .qute
2939 3318 3080 3383 enim
3128 3319 3271 3372 dixi-

1714 3420 1835 3459 mus
1879 3404 2217 3461 Salomonem
2247 3408 2401 3476 plane
2437 3408 2719 3477 repellunt.

1781 3496 1904 3552 Jun.
1933 3496 2082 3562 Quod
2112 3497 2163 3551 in
2195 3496 2533 3552 Salomouem
2569 3498 2766 3568 scripta
2815 3513 2917 3554 non
2945 3500 3074 3562 sint,
3106 3500 3272 3567 probe

1710 3586 1819 3654 jam
1845 3595 1899 3640 et
1931 3586 2204 3654 explorate
2241 3596 2481 3647 tenemus
2512 3605 2526 3653 ;
2589 3588 2641 3642 in
2673 3603 2830 3659 quem
2870 3589 3053 3653 alium,
3095 3590 3274 3644 nesci-

1714 3690 1853 3728 mus.

1782 3763 2007 3818 Cuatsr.
2064 3764 2307 3833 Utrique,
2346 3767 2391 3822 si
2426 3769 2656 3836 videtur,
2687 3769 2943 3827 Davidem
2988 3786 3272 3844 perconte-

1714 3868 1856 3910 mur.

1784 3943 1908 3999 Jun.
1957 3944 2233 4010 Davidem,
2294 3956 2370 4002 tot
2433 3962 2600 4003 annos
2629 3948 2741 4017 jam
2799 3960 3065 4009 mortuum
3108 3955 3271 4019 hodie

1717 4034 2075 4103 respondere?
2346 4038 2347 4041 “

1784 4123 2007 4179 (Ζιιιιιετ.
2048 4125 2409 4195 Respondebit
2437 4143 2589 4195 sane,
2644 4131 2795 4187 mihi
2820 4135 3041 4201 credite,
3078 4137 3122 4190 si
3153 4148 3272 4190 stu-

1714 4215 1861 4274 diose
1892 4233 2217 4287 quazramus.
2266 4220 2409 4276 Cedo
2455 4220 2641 4287 David,
2674 4225 2794 4293 quis
2823 4225 2911 4280 hic
2941 4236 3043 4291 est,
3073 4229 3139 4281 de
3166 4245 3274 4297 quo

1714 4306 1929 4361 dixisti:
1957 4326 1974 4357 ι
2002 4306 2414 4376 Etpermanebit
2434 4316 2551 4365 cuiu
2571 4313 2683 4368 sole
2697 4324 2749 4370 et
2790 4326 2915 4371 ante
2951 4317 3130 4371 lunam
3154 4320 3222 4375 ".
3250 4340 3268 4370 ο

78 4384 204 4440 labor
225 4398 276 4442 et
307 4390 455 4443 dolor
480 4388 559 4443 ⁸⁸(
582 4407 600 4440 ι
632 4386 809 4455 Quare
838 4401 1015 4460 potest
1038 4394 1199 4446 etiam
1232 4395 1411 4461 plures
1446 4410 1615 4451 annos
1639 4385 1691 4444 D
1719 4392 1780 4446 Et
1810 4394 1936 4447 illud
1976 4412 1988 4449 :
2023 4412 2041 4445 ι
2081 4396 2220 4451 Ante
2278 4397 2442 4452 solem
2468 4414 2742 4467 permanet
2773 4417 2971 4457 nomen
2994 4405 3110 4473 ejus
3144 4406 3210 4470 τι,
3249 4426 3268 4456 ι

79 4478 185 4529 viri.
218 4476 437 4543 Videtis,
463 4479 716 4554 ut‘David
749 4481 913 4534 tilium
952 4484 1020 4537 ab
1060 4483 1161 4537 hoc
1191 4493 1374 4538 nostro
1405 4486 1612 4553 psalmo

79 4566 367 4621 removeat?
420 4558 563 4620 Nam
596 4568 640 4622 si
695 4567 997 4623 Salomonis
1059 4571 1165 4646 vita
1202 4570 1269 4624 ad
1346 4574 1615 4641 octoginta

82 4669 227 4710 annos
274 4672 377 4710 nou
434 4654 678 4725 pervenit
732 4658 871 4726 (I4),
906 4660 997 4727 qui
1034 4659 1271 4726 tandem,
1301 4670 1355 4714 et
1380 4663 1612 4730 quandiu

80 4742 162 4806 sol,
185 4753 235 4798 et
259 4761 366 4814 pne
390 4746 511 4799 luna
538 4744 757 4799 durabit
777 4746 802 4798 ἲ
834 4746 1019 4817 Neque
1033 4763 1160 4803 vero
1182 4750 1235 4804 id
1261 4751 1434 4805 obiter
1453 4753 1611 4817 dixit,

58 4835 155 4915 sed
181 4838 381 4892 addidit
409 4854 464 4892 :t
490 4837 546 4891 In
577 4840 980 4908 generationem
1012 4850 1066 4895 et
1113 4842 1552 4911 generationem;
1586 4861 1604 4894 ι

78 4922 295 4983 Salomon
352 4938 529 4983 autem
552 4928 742 4984 mediis
795 4931 1122 4999 temporibus
1157 4933 1223 4987 ab
1245 4934 1373 4986 urbe
1400 4936 1614 4990 condito

78 5020 208 5069 natus
260 5026 386 5071 est:
430 5036 449 5068 ι
493 5016 796 5072 Descendet
847 5018 984 5073 sicut
1036 5019 1211 5088 pluvia
1247 5020 1301 5074 in
1341 5022 1531 5087 vellus,
1558 5032 1613 5076 et

1713 4495 2015 4552 cwteraque
2040 4501 2160 4553 qua:
2195 4500 2259 4539 eo
2292 4488 2495 4555 psalmo
2522 4490 2807 4546 cecinisti?
2840 4492 2970 4557 Quis
3015 4494 3273 4549 Dominus

1712 4571 2074 4627 Israelitarum
2106 4575 2245 4628 Deus
2296 4577 2697 4642 praedicaudus?
2729 4600 2747 4631 ι
2781 4580 3098 4636 Benedictus
3127 4584 3273 4636 enim

1716 4660 1974 4717 Dominus
2017 4663 2156 4718 Deus
2188 4662 2353 4718 Israel
2400 4683 2412 4719 :
2454 4674 2507 4718 et
2548 4668 2884 4721 benedictum
2936 4685 3128 4723 nomen
3160 4685 3273 4722 ma-

1711 4753 1921 4820 jcstatis
1980 4754 2172 4820 ejusin
2215 4765 2499 4821 aeternum,
2533 4766 2585 4811 et
2650 4758 2939 4827 replebitur
2996 4759 3275 4827 majestate

1717 4842 1834 4911 ejus
1864 4835 2039 4897 omnis
2075 4854 2241 4907 terra,
2276 4844 2390 4909 ﬁat,
2422 4846 2516 4899 [lat
2544 4848 2612 4901 τ’.
2666 4866 2685 4899 ι

1786 4933 1922 4998 Quid
1984 4934 2181 5003 igitur?
2222 4934 2345 4990 Haac
2412 4936 2701 5004 sufﬁciunt,
2748 4955 2814 4993 an
2842 4951 2896 4994 et
2933 4941 3079 5009 plura
3109 4939 3272 4994 addc-

1718 5025 1886 5083 tnus?
1937 5026 2129 5080 Audite
2180 5027 2441 5081 dicentem
2499 5028 2736 5083 Isaiam:
2767 5050 2786 5083 (
2849 5030 2980 5097 Quis
3029 5045 3096 5085 ex
3126 5028 3272 5084 vobis

130 5232 183 5273 ‘“
220 5240 508 5318 E88.._I_!,‘6.
530 5312 559 5318 _
582 5207 1126 5318 ‘1Psa_l._t._tt_n,ﬁl7._t_
1157 5245 1224 5318 _‘_'_
1253 5243 1409 5318 _I’s.tl.
1441 5262 1588 5308 uxr.
1637 5249 1659 5302 I
1714 5264 1860 5318 seqq.
1944 5250 1987 5281 ⁸³
2040 5250 2170 5303 ibid.
2201 5250 2254 5305 5.
2342 5250 2388 5282 “
2417 5252 2554 5307 Psal.
2596 5224 2792 5307 Luat:
2824 5294 2840 5318 ,
2886 5254 2974 5308 i0.
3046 5250 3091 5281 ⁸⁸
3126 5249 3270 5306 Psal.

80 5313 262 5392 usus.
295 5312 579 5392 “ibid.‘7,
612 5313 666 5392 s.
725 5311 1009 5392 'inhidLS.
1064 5312 1368 5392 finitio.
1440 5318 1483 5348 ευ
1543 5317 1670 5372 ibid.
1722 5311 1903 5373 ω’·το
1961 5319 2093 5374 ibid.
2143 5320 2229 5374 tt.
2298 5322 2339 5352 τι
2391 5321 2518 5376 ibid.
2595 5323 2640 5353 τι
2690 5322 2732 5376 ιι
2766 5311 2896 5392 nfg.
2925 5337 2984 5385 ιι,
3031 5320 3080 5374 t.
3114 5334 3270 5389 seqq.

80 5375 264 5433 "Psnl.
307 5396 455 5442 LXXI,
491 5379 543 5434 5.
621 5381 669 5412 "
741 5380 871 5433 ibid.
902 5381 986 5434 I7.
1064 5382 1108 5412 ⁷⁵
1138 5382 1268 5435 ibid.
1309 5382 1392 5437 18.

135 5599 233 5666 (15)
252 5598 504 5655 Naziauz.
564 5600 617 5653 itt
642 5598 880 5653 Natalem
903 5610 955 5653 et
974 5600 1029 5655 S.
1074 5600 1296 5656 Pascha.

133 5670 231 5739 ιιι)
260 5671 370 5724 luto
415 5668 680 5737 Iosephus
703 5684 804 5720 nou
832 5677 1251 5736 octogenariuut,
1301 5675 1390 5727 sed
1424 5688 1591 5725 unua-

418 5764 700 5825 ‘Pa'rnon.
727 5764 831 5824 Gtt
884 5764 1193 5827 CXXXIII.

452 5993 479 6001 κ

1716 5605 2024 5683 ςοιιιιιῆιιιιι-
2067 5616 2333 5659 mortuum
2387 5605 2727 5660 Saluzuonem
2792 5607 3026 5662 ostendit
3078 5605 3113 5660 I.
3176 5616 3270 5659 vm

1709 5675 1883 5741 Antiq.
1916 5689 1963 5727 c.
1996 5674 2047 5727 5.

2802 5769 2877 5829 26
