3952 6328
615 322 713 387 ΒΗ

1820 308 2207 371 ANDRONIC

2318 308 2636 372 :nstxext
3412 268 3421 275 ’
3752 319 3841 379 st-z

618 436 821 489 timens
876 426 1186 492 Dominum,
1239 413 1418 478 audiet
1449 432 1634 474 vocem
1657 416 1804 472 servi
1834 418 1914 471 sui
1951 416 2044 470 ὀἳ
2072 436 2091 468 ι
2125 416 2189 470 Et
2220 431 2262 488 Α
2294 417 2546 486 prehendi
2581 430 2738 486 posse
2771 418 3029 485 prmsciit,
3093 419 3299 490 singula
3335 421 3541 476 detexit
3573 438 3723 493 :qua:
3750 445 3837 480 ιιυιι

620 523 902 595 Sapientia
939 541 952 576 :
995 540 1014 573 ι
1052 521 1184 574 Cum
1224 532 1396 572 tneum
1430 511 1621 566 Filium
1643 526 1750 566 non
1775 510 2064 572 audierint,
2099 524 2199 576 ego

618 627 832 686 quoque
886 626 980 666 eos
1010 624 1115 664 non
1147 607 1451 667 exaudiam,
1488 602 1621 659 dicit
1669 600 1925 657 Dominus
1949 600 2201 668 omnipo-

621 720 736 760 tens
770 705 840 758 ".
878 722 896 755 ι
926 702 994 757 Et
1052 700 1213 763 Ομθιδ,
1240 714 1303 751 ex
1353 711 1582 764 persona
1617 692 1708 749 Dei
1744 711 1759 748 :
1796 712 1815 745 ι
1859 693 1939 748 Ex
1969 691 2200 762 Aigypto

626 795 808 849 vocavi
842 794 1006 846 lilium
1044 806 1221 844 mcntn
1254 791 1371 859 ⁷⁸1.»
1398 795 1464 843 Et
1494 785 1683 848 David,
1712 804 1730 836 t
1768 784 1913 836 Dixit
1941 780 2202 835 Dominus

621 888 851 941 Domino
880 898 1000 937 meo
1021 884 1088 936 "’.
1124 899 1142 933 ι
1183 882 1254 935 De
1288 883 1389 934 hoc
1417 880 1581 949 igitur
1611 875 1738 946 quid
1772 873 2044 929 censetis?
2069 871 2202 937 Quis

622 977 760 1032 alius
798 974 1053 1030 Dominus
1080 972 1307 1025 Domino
1332 961 1507 1033 dixit?
1531 976 1634 1041 aut
1654 966 1740 1021 cui
1775 965 1928 1018 alteri
1957 963 2202 1027 Domino,

620 1085 783 1142 quam
810 1067 1065 1122 Dominus
1113 1066 1251 1119 Deus
1279 1065 1457 1125 Pater,
1516 1060 1763 1125 Domino,
1822 1059 1874 1112 id
1906 1067 2008 1121 est,
2048 1056 2201 1124 ejus-

621 1162 742 1214 dem
798 1167 1005 1211 natura:
1053 1156 1164 1210 Deo
1187 1166 1241 1210 et
1274 1153 1454 1209 Filio?
1485 1152 1653 1206 Nemo
1703 1150 1844 1205 enim
1898 1147 2033 1202 alius
2098 1147 2207 1206 Deo

624 1260 679 1306 et
702 1250 847 1306 Patri
877 1252 1066 1303 dexter
1092 1248 1312 1311 assidet,
1348 1260 1513 1317 quam
1541 1244 1778 1314 ejusdem
1813 1252 2017 1295 natura:
2068 1238 2209 1293 Deus

628 1352 680 1396 et
707 1339 893 1394 Filius.
922 1336 1074 1403 Quod
1111 1339 1451 1392 verissimum
1475 1349 1611 1398 esse,
1645 1331 1872 1400 accipite
1897 1345 1961 1384 ex
1987 1328 2207 1394 Davide,

622 1431 701 1485 sic
766 1428 928 1499 paulo
966 1439 1087 1496 post
1134 1430 1405 1483 scribente
1443 1444 1457 1479 :
1488 1443 1505 1476 ι
1536 1425 1612 1478 Ex
1647 1434 1803 1477 utero
1839 1431 1965 1476 ante
1989 1418 2209 1474 Lucife-

624 1498 746 1575 rum
771 1498 932 1591 genui
965 1520 1104 1575 te“.
1138 1537 1156 1570 ι
1188 1517 1295 1572 Cur
1316 1518 1457 1570 enim
1482 1530 1591 1570 non
1620 1532 1639 1565 ι
1679 1528 1743 1567 ex
1776 1522 1927 1567 utero
1956 1530 1975 1564 ι
2010 1512 2204 1573 solum,

620 1620 718 1665 aut
755 1612 772 1661 ι
803 1621 926 1664 ante
958 1608 1261 1664 Luciferum
1298 1625 1315 1658 ι
1352 1605 1531 1660 dixit?
1563 1604 1629 1661 Ut
1667 1604 1828 1657 unius
1864 1611 2207 1654 naturzerum

623 1706 786 1763 Patre
828 1705 1020 1759 Filium
1073 1703 1404 1759 ostenderet.
1458 1699 1593 1754 Nam
1634 1699 1775 1769 quod
1812 1714 1830 1748 ι
1886 1709 1949 1749 ex
1989 1701 2141 1748 uter:
2180 1710 2199 1743 ι

2303 520 2544 577 possent,
2600 523 2662 560 ca
2710 508 2967 575 subjectis
3012 510 3112 564 sub
3162 525 3378 566 sensum
3435 515 3694 583 exemplis
3740 517 3841 584 qui-

2299 600 2526 653 busdam
2575 598 2833 653 ostendit.
2890 600 3065 669 Atque
3131 601 3259 656 huic
3323 614 3533 658 noStrte'
3592 608 3841 661 sententia:

2302 689 2665 743 testimonium
2698 690 2825 742 dicit
2871 688 3122 745 Salomon
3156 710 3170 745 :
3208 709 3226 742 ι
3258 692 3412 758 Quod
3458 694 3504 748 si
3540 695 3774 749 virtutem
3800 708 3843 749 et

2300 789 2858 847 operacreaturarum
2906 780 3082 835 mirati
3114 792 3257 846 sunt,
3289 795 3345 835 ut
3368 782 3502 837 deos
3543 787 3842 851 putaverint,

2306 868 2607 938 intelligant
2658 868 2728 923 ab
2759 870 3157 939 illis,quoniam
3213 874 3303 941 qui
3354 875 3466 927 Ita-e
3510 874 3655 939 fet-it,
3684 874 3844 925 fortior

2302 971 2383 1015 est
2431 961 2535 1016 illis
2604 962 2671 1017 “.
2715 980 2734 1013 ι
2783 960 2967 1030 Itaque
3015 964 3058 1017 si
3115 972 3169 1014 et
3226 978 3334 1015 vos,
3366 979 3429 1017 ex
3460 965 3664 1031 iiSqua:
3691 975 3843 1016 creata

2305 1063 2453 1117 Sunt,
2485 1063 2644 1120 atque
2695 1053 2776 1107 bis
2813 1054 2912 1106 sub
2939 1067 3154 1106 sensum
3205 1052 3461 1120 subjectis
3497 1056 3652 1108 rebus
3681 1070 3845 1106 mann-

2307 1144 2473 1204 ducti,
2522 1144 2613 1195 Dei
2671 1145 3071 1213 generationem
3130 1145 3333 1211 absque
3397 1145 3742 1210 perpessione
3767 1142 3847 1195 ad-

2310 1234 2551 1295 mittitis;
2602 1232 2866 1302 planeque
2920 1234 3285 1295 confitemini;
3354 1248 3515 1301 quam
3581 1234 3707 1286 bella
3753 1236 3849 1287 hare

2308 1334 2487 1377 vestra
2549 1332 2632 1377 est
2656 1321 2963 1377 confessio?
3014 1322 3106 1374 Siti
3136 1322 3311 1376 adhuc
3366 1324 3642 1393 antiquum
3668 1323 3853 1377 obtine-

2311 1415 2402 1477 tis,
2470 1413 2613 1483 phyl
2675 1412 2870 1467 fmdatn
2942 1423 3176 1467 vestram
3234 1416 3619 1481 arrogantiam,
3677 1428 3850 1482 quaex

2311 1503 2429 1556 aliis
2458 1504 2510 1556 in
2539 1503 2674 1556 alias
2693 1503 3018 1571 quaestiones
3040 1518 3104 1555 ac
3132 1502 3474 1559 defensiones
3497 1502 3849 1558 revolvemnr!

2313 1594 2467 1649 Unde
2492 1599 2714 1664 putatis,
2745 1595 2835 1650 lux
2857 1595 3115 1667 gignitur,
3145 1610 3262 1664 qua:
3316 1612 3532 1651 omnem
3566 1598 3853 1653 cis'cuelum

2312 1684 2499 1739 orbem
2527 1682 2804 1754 pervadit?

626 1797 723 1861 ait,
774 1796 910 1859 nihil
940 1794 1105 1858 aliud,
1165 1806 1324 1861 quant
1381 1800 1571 1844 natura
1628 1786 1940 1854 viribusque
1996 1795 2204 1852 parem,

2378 1792 2501 1849 Jun.
2526 1793 2600 1848 Ex
2635 1793 2769 1849 sole.

623 1900 786 1968 atque
825 1895 1111 1954 cognatum
1165 1886 1339 1951 palam
1382 1882 1579 1935 innuit.
1631 1876 1732 1943 Qui
1760 1890 1991 1945 namque
2032 1873 2206 1945 possit

623 1977 769 2032 aliud
822 1991 887 2029 ex
935 1984 1090 2029 utero
1138 1972 1306 2043 gigni,
1352 1985 1512 2040 quam
1555 1969 1810 2037 gignenti‘
1838 1974 2122 2035 cognatum
2152 1972 2208 2019 et

624 2065 1013 2139 censentiens?
1068 2064 1222 2129 Quod
1282 2079 1301 2114 ι
1356 2069 1483 2115 ante
1524 2057 1854 2123 Luciferum,
1911 2075 1928 2107 ι
1987 2069 2207 2123 compe-

625 2168 891 2223 rennem,
935 2164 1387 2224 expertetnaaque
1434 2149 1705 2220 principii,
1737 2158 1792 2202 et
1811 2146 1907 2202 avi
1934 2153 2205 2201 auctorem

632 2247 829 2304 Filium
868 2247 1135 2316 designat.
1952 2242 1957 2245 ’

691 2336 815 2394 Jun.
846 2337 1014 2392 Deum
1042 2335 1437 2391 immortalem!
1472 2335 1545 2387 ita
1581 2346 1681 2388 nos
1717 2329 1970 2393 obruistl,
2011 2337 2067 2383 ut
2088 2343 2210 2398 qua:

625 2431 834 2493 dixisti,
886 2428 1044 2483 facile
1130 2429 1264 2482 satis
1313 2426 1445 2492 sint,
1497 2439 1596 2479 nec
1654 2422 1738 2477 vel
1785 2422 2066 2475 minimum
2109 2420 2205 2485 sit,

628 2519 768 2588 quod
811 2528 998 2572 contra
1070 2516 1335 2595 dicamus.
1388 2513 1493 2568 Sed
1554 2511 1741 2581 religio
1789 2520 1873 2565 est
1924 2509 2103 2573 nobis,
2127 2508 2207 2563 vel

624 2613 864 2680 cogitare
891 2609 1059 2664 Deum
1088 2607 1348 2678 genitum.
1378 2605 1612 2675 Gignere
1633 2603 1778 2657 enim
1806 2600 2207 2671 perpessionem

626 2711 811 2762 notat;
860 2702 1023 2754 Deum
1086 2713 1214 2751 vero
1267 2712 1456 2751 omnes
1489 2711 1598 2751 uno
1655 2709 1752 2751 ore
1778 2702 1931 2750 vates
1990 2691 2210 2762 impatio

627 2793 790 2849 bilem
833 2802 888 2847 et
919 2794 1285 2859 incorruptum
1324 2789 1640 2858 praedicant.

698 2907 925 2963 Cunts'r.
980 2904 1097 2960 iam
1160 2892 1255 2959 vos
1282 2902 1592 2971 Scripturas
1616 2901 1753 2970 jussi
1815 2899 2210 2965 scrutari;nec

629 2997 772 3069 quod
810 2996 862 3050 in
898 2996 1073 3048 littera
1099 3001 1181 3048 est
1232 3006 1473 3047 crassum
1530 3000 1692 3059 atque
1728 2988 1941 3059 pingue,
1976 2978 2207 3053 intueri;

2377 1888 2607 1943 Citats'r.
2684 1888 2747 1943 Et
2789 1889 3043 1961 aliquaue
3097 1888 3237 1944 inter
3280 1891 3445 1947 solem
3487 1904 3646 1963 atque
3699 1894 3856 1949 lucem

2306 1981 2580 2048 perpessio
2633 1980 2872 2046 interest,
2901 1994 3021 2034 cum
3050 1992 3079 2032 a
3110 1983 3220 2034 sole
3247 1980 3330 2035 lnx
3355 1984 3604 2038 emanat?

2329 2133 2334 2138 ‘
2376 2069 2497 2125 Jun.
2536 2069 2773 2126 Minime.

2377 2161 2603 2216 Cantsr.
2639 2161 2778 2227 Quid
2807 2177 2933 2219 vero
2993 2165 3196 2231 radius,
3228 2166 3367 2221 unde
3401 2166 3642 2232 creditis,
3666 2162 3860 2220 orilntl

2378 2251 2501 2306 Jun.
2536 2251 2576 2304 E
2613 2252 2725 2307 sole
2754 2254 2934 2308 itidem
2962 2270 3057 2324 per
3087 2258 3283 2313 lucem.

2376 2340 2600 2398 Cunts'r.
2636 2344 2789 2398 Radii
2826 2360 2987 2414 porro
3012 2349 3078 2402 ab
3107 2348 3219 2403 sole
3242 2330 3567 2405 emuentiam
3590 2350 3720 2405 citra
3752 2362 3863 2417 per-

2308 2432 2608 2502 pessionem
2641 2433 2752 2489 lieri
2774 2436 3141 2492 confitemini?

2380 2522 2501 2580 Jun.
2538 2524 2679 2581 Sane
2713 2527 2784 2581 ita
2818 2543 2927 2583 rem
2959 2530 3155 2584 habere
3174 2531 3514 2587 confitemur.

2385 2615 2611 2673 Cuntsr.
2675 2618 2939 2683 Quoniam
2994 2636 3073 2675 sic
3129 2623 3325 2677 habere
3378 2624 3725 2690 conﬁtemini,
3779 2626 3868 2678 ad-

2310 2707 2467 2763 datur
2489 2720 2542 2763 ct
2571 2708 2796 2763 alterum
2822 2713 3128 2779 exemplum
3174 2713 3297 2767 hoc.
3330 2712 3481 2768 Mens
3501 2716 3866 2783 cogitationem

2310 2798 2497 2869 gignit,-
2554 2814 2657 2868 qua
2703 2801 2881 2868 genita
2934 2816 3028 2869 per
3086 2802 3426 2857 articulatam
3490 2819 3674 2859 vocem
3718 2819 3867 2860 sensa

2309 2889 2483 2957 palam
2539 2889 2685 2942 facit.
2725 2888 2819 2943 Est
2846 2901 3023 2945 autem
3056 2892 3371 2961 impatibilis
3413 2902 3466 2947 et
3496 2907 3668 2957 mens,
3701 2904 3755 2947 et
3789 2907 3871 2946 co-

2310 2979 2517 3047 gitatio,
2566 2989 2619 3033 et
2640 2995 2772 3045 vox;
2800 2984 3142 3050 quantumvis
3189 2994 3340 3039 actus
3365 2999 3455 3040 aer
3480 3002 3579 3041 vox
3611 2985 3829 3040 edicitur
3855 3001 3867 3037 :

629 3068 725 3143 ged
756 3087 915 3142 dubia
947 3094 1130 3138 vatum
1163 3090 1218 3139 et
1267 3083 1498 3138 obscura
1556 3082 1695 3135 dicta
1758 3090 2013 3149 tanquam
2047 3094 2207 3133 manu
2237 3087 2279 3143 ο
2313 3084 2415 3121 vox
2467 3068 2635 3122 animi
2670 3073 2803 3124 scita
2860 3072 2911 3125 ill
2952 3073 3124 3128 lucem
3153 3074 3377 3142 profert.
3416 3076 3590 3145 Atque
3627 3078 3678 3131 id
3707 3078 3872 3132 veris-

630 3192 849 3247 Capere,
908 3175 1199 3241 omniaque
1243 3173 1311 3226 ad
1332 3171 1499 3226 Deum
1551 3170 1776 3225 referre.
1801 3169 1990 3239 itaque
2024 3169 2202 3239 legite,

634 3277 692 3323 nt
740 3265 1049 3334 intelligatis
1087 3281 1099 3317 :
1136 3264 1278 3333 quod
1328 3262 1378 3317 si
1436 3262 1737 3331 intelligere
1781 3274 1886 3314 non
1931 3260 2109 3326 vultis,
2142 3273 2209 3314 ne

632 3358 796 3428 legite
823 3359 1038 3427 quidem
1062 3371 1078 3421 ;
1114 3362 1202 3420 ne',
1228 3367 1347 3424 qua!
1374 3351 1547 3423 legitis
1575 3350 2208 3420 absurdeintelligcntes,

627 3449 984 3505 damnemini.
1034 3447 1106 3500 De
1146 3446 1245 3500 hoc
1305 3444 1447 3499 enim
1479 3428 1739 3512 propheta
1774 3441 2062 3511 praedixit;
2108 3457 2210 3496 ne-

628 3555 738 3611 que
784 3540 927 3592 enim
966 3538 1018 3591 id
1042 3552 1143 3607 ego
1200 3535 1343 3601 dico,
1407 3533 1640 3603 aliquem
1698 3546 1932 3601 unquam
1993 3541 2207 3586 sancto-

640 3646 761 3688 rum
819 3640 997 3684 vatum
1065 3630 1130 3683 ad
1180 3628 1374 3683 divinae
1428 3638 1631 3681 naturae
1672 3623 2209 3694 comprehensionem

628 3731 967 3791 penetrasse.
1028 3718 1096 3772 Et
1147 3718 1399 3787 quisnam
1450 3717 1612 3787 igitur
1662 3716 1754 3770 Dei
1801 3724 2056 3769 aeternam
2120 3729 2216 3784 ge-

630 3812 967 3869 nerationem
1012 3808 1190 3878 affari,
1237 3811 1569 3878 dicendoque
1611 3807 1869 3876 consequi
1934 3806 2093 3870 ausit,
2124 3810 2214 3858 aut

630 3904 850 3976 possit?
876 3901 1009 3957 Nam
1048 3902 1137 3956 ubi
1180 3915 1278 3955 nec
1300 3909 1531 3969 tempus,
1557 3912 1660 3953 nec
1679 3912 1855 3952 aevum
1893 3897 2209 3961 intervenit,

632 4012 743 4053 non
775 4001 1046 4064 spectator
1078 3991 1275 4057 adfuit,
1328 4007 1433 4046 non
1471 4001 1669 4061 pra‘sto
1699 4001 1781 4046 est
1801 3990 2089 4058 interpres,
2121 3987 2211 4058 qui

629 4096 806 4159 potest
830 4087 1030 4141 veritas
1055 4084 1410 4151 inaspectum
1450 4084 1733 4153 lucemque
1759 4081 1989 4153 proferri
2014 4082 2038 4133 ἲ

1205 4218 1434 4278 CAPUT
1482 4218 1624 4274 Vill.

633 4354 913 4413 Generatio
997 4353 1174 4407 divina
1238 4362 1404 4405 mente
1494 4347 1854 4419 comprehendi
1909 4346 2110 4417 nequit,
2166 4352 2215 4399 et

1216 4423 1475 4492 quomodo
1504 4422 1622 4488 ﬁat.

707 4542 802 4596 Sin
862 4540 936 4595 illi
996 4537 1300 4593 Salomonis
1356 4534 1615 4604 parebitis
1679 4531 1979 4586 monito”
2033 4529 2212 4582 Ama-

636 4634 913 4705 gnitudiue
942 4629 1170 4699 speciei
1217 4638 1271 4681 et
1318 4636 1580 4680 creatura:
1642 4622 2083 4692 cognoscibiliter
2119 4637 2162 4689 pv

636 4727 763 4781 terit
818 4734 1031 4777 creator
1087 4723 1277 4772 horum
1334 4716 1501 4769 videri
1553 4716 1639 4780 ⁸¹;
1698 4732 1716 4765 t
1782 4712 1937 4766 facile
1984 4722 2038 4766 et
2075 4714 2211 4765 hanc

638 4830 905 4871 summam
965 4810 1327 4864 difﬁcultatem
1386 4822 1449 4861 ex
1480 4807 1635 4859 rebus
1669 4803 1922 4868 conditis,
1959 4814 2008 4855 et
2044 4803 2212 4871 probe

640 4904 1025 4975 assequemini.
1068 4900 1196 4953 Nam
1252 4901 1293 4953 si
1326 4898 1377 4951 in
1430 4900 1528 4951 hac
1570 4895 1787 4949 condita
1823 4902 1875 4946 et
1912 4894 2094 4945 sensili
2126 4906 2214 4944 na-

640 5006 760 5050 tura
789 5006 964 5047 ortum
999 4992 1131 5045 citra
1156 4989 1549 5059 perpessionem
1592 4986 1801 5046 damus,
1834 4981 1999 5035 tnulto
2047 4980 2214 5048 magis

639 5086 889 5141 conditor
917 5083 1083 5136 Filius
1107 5083 1308 5150 absque
1335 5079 1493 5146 ,ιιυιυ
1532 5093 1591 5131 ac
1621 5075 1969 5143 perpessione
1996 5088 2025 5126 a
2056 5072 2214 5125 Patre

644 5176 857 5246 genitus
920 5180 1039 5236 est;
1092 5170 1538 5241 quemadmodum
1594 5181 1624 5220 a
1674 5175 1853 5219 mente
1890 5176 2093 5227 sermo,
2124 5170 2214 5213 aut

641 5282 670 5321 a
716 5267 829 5320 sole
861 5265 1062 5317 lumen.
1123 5260 1408 5315 Hominum
1441 5267 1652 5311 amator
1691 5254 1830 5308 Deus
1860 5262 1913 5307 et
1938 5252 2216 5313 Dominus,

642 5373 761 5426 quae
816 5355 1045 5410 terrenis
1092 5352 1293 5407 nostris
1346 5361 1507 5419 atque
1537 5346 1765 5401 infirmis
1813 5343 2042 5414 ingeniis
2068 5356 2220 5397 com-

712 5581 756 5611 "
780 5579 879 5633 lsa.
906 5595 957 5643 ι,
992 5577 1078 5631 lo.
1154 5578 1197 5609 ’⁷
1234 5575 1392 5630 Prov.
1452 5588 1489 5626 ι.
1534 5571 1621 5627 28.
1648 5570 1818 5624 Aliter
1848 5569 2073 5621 habetur
2100 5567 2151 5619 in
2184 5566 2207 5616 Ἰ

712 5651 815 5691 3.1m,
857 5649 1049 5691 IULS-
1128 5647 1172 5678 η
1226 5646 1356 5691 inid-
1405 5643 1459 5691 4.
1564 5643 1608 5673 ⁸⁸
1646 5640 1789 5691 l’sal.
1822 5653 1931 5691 ut.
1964 5653 2002 5691 ι.
2103 5636 2207 5691 ’δι

2318 5573 2450 5619 ςειε.
2546 5563 2589 5594 ⁷⁸
2612 5561 2746 5618 Osee
2796 5574 2857 5625 tt,
2889 5558 2939 5613 l.

2318 5650 2483 5691 .xsm.
2520 5639 2572 5686 4.

2332 5673 2483 5698 .1⁸ΙΙΙ’
2520 5673 2572 5686 τι

647 5652 668 5684 ⁸
694 5650 821 5720 Sap.
856 5640 973 5714 χιιι,
997 5649 1049 5701 5.
1128 5647 1172 5678 "
1224 5646 1356 5699 ibid.
1405 5643 1459 5697 4.
1564 5643 1608 5673 ⁸⁸
1646 5640 1789 5695 l’sal.
1822 5653 1931 5703 ut,
1964 5653 2002 5692 ι.

2309 3160 2505 3236 simum
2563 3174 2706 3226 esse,
2755 3161 3038 3231 explorate
3073 3160 3546 3234 judiciumfacite
3604 3183 3668 3223 ex
3697 3179 3869 3231 muto;

2313 3254 2400 3309 hic
2461 3270 2697 3325 namque
2724 3265 2797 3312 et.
2838 3268 3070 3313 mentem
3098 3267 3153 3315 et
3184 3260 3587 3329 cogitationem,
3612 3272 3664 3316 et
3694 3276 3871 3316 vocem

2316 3345 2512 3413 habet;
2571 3346 2666 3401 sed
2717 3359 2837 3401 cum
2861 3360 2956 3417 per
2976 3350 3317 3403 articulat-am
3354 3365 3457 3404 non
3493 3352 3874 3422 possit(neque

2315 3439 2459 3491 enim
2491 3438 2660 3512 habet
2683 3439 2928 3493 audiendi
2961 3455 3179 3494 sensum
3210 3441 3604 3513 impatibilem),
3626 3443 3874 3497 industrie

2320 3528 2625 3582 imitatione
2649 3530 2878 3597 quadam
2907 3540 3068 3600 atque
3100 3542 3251 3600 gestu
3284 3533 3417 3587 scita
3452 3535 3651 3602 prodit.

2381 3614 2502 3671 Jun.
2540 3616 2732 3672 Grates
2759 3610 2866 3674 Deo
2893 3620 3017 3687 Opt.
3050 3620 3191 3675 Max.
3230 3622 3369 3676 nihil
3390 3622 3500 3690 jam
3540 3625 3874 3694 ambigimus,

2318 3721 2496 3774 neque
2549 3708 2615 3763 de
2644 3707 2770 3772 Deo,
2828 3718 2881 3763 et
2908 3710 3088 3774 Patre,
3120 3728 3293 3781 neque
3327 3715 3393 3769 de
3414 3715 3652 3785 ejusdem
3684 3724 3879 3769 natura:

2314 3799 2370 3855 .F
2378 3800 2489 3867 ilio,
2548 3802 2659 3855 hmo
2694 3804 2834 3857 enim
2882 3802 3014 3856 belle
3046 3806 3308 3875 planeque
3355 3806 3755 3862 demonstrasti.
3786 3808 3879 3861 lta-

2315 3906 2421 3960 que
2468 3901 2522 3946 et
2584 3892 2651 3946 de
2714 3891 2915 3961 Spiritu
2976 3905 3167 3950 sancto
3228 3896 3455 3963 dissere,
3489 3899 3671 3964 sodes,
3694 3898 3877 3967 etquis

2316 3984 2575 4054 propheta
2635 3999 2757 4038 eum
2801 3986 3121 4054 increatum,
3177 4003 3341 4060 atque
3388 3990 3630 4061 ejusdem
3682 4004 3877 4048 natura:

2318 4074 2541 4131 indicet.
2926 4072 2936 4081 ’

2924 4167 3151 4225 CAPUT
3191 4168 3286 4224 IX.

2390 4257 2468 4311 De
2503 4256 2705 4323 Spiritu
2738 4269 2920 4314 sancto
2964 4260 3191 4328 ejusdem
3219 4276 3340 4314 cum
3375 4260 3537 4317 Patre
3589 4271 3812 4317 nature.

2390 4345 2611 4402 Cumsr.
2640 4346 2750 4402 Etsi
2783 4359 2912 4403 ante
2936 4363 3124 4404 ornnes
3179 4351 3229 4402 id
3256 4357 3309 4403 et
3340 4346 3617 4420 perspexit
3652 4360 3707 4407 et
3737 4350 3880 4407 scivit

2243 4415 2285 4471 θ
2312 4430 2521 4502 Moses;
2580 4438 2667 4491 hic
2724 4447 2897 4493 tamen
2955 4438 3021 4491 ad
3057 4415 3513 4494 confirmationem
3552 4439 3743 4495 ultimo
3774 4440 3880 4493 loco

2316 4539 2599 4595 servetur;
2662 4538 2719 4583 ut
2771 4529 3225 4597 quemadmodum
3282 4531 3755 4599 vatumprineeps
3782 4541 3875 4591 est,

2316 4619 2388 4671 ita
2426 4614 2847 4686 disputationem
2876 4618 3107 4671 claudat.
3142 4617 3311 4681 lsaite,
3356 4619 3405 4680 in
3429 4631 3661 4686 persona
3689 4616 3879 4673 Christi

2316 4708 2427 4760 lizec
2453 4716 2577 4761 sunt
2602 4708 2760 4762 verba
2798 4724 2810 4761 :
2856 4726 2873 4759 ι
2917 4706 3151 4776 Spiritus
3214 4706 3424 4760 Domini
3481 4724 3645 4777 super
3674 4724 3794 4763 me:
3822 4707 3879 4761 ad

2320 4798 2746 4851 annuntiandum
2808 4798 3106 4851 mansuetis
3154 4797 3314 4851 amisit
3374 4815 3480 4861 me,
3542 4808 3599 4851 ut
3650 4799 3880 4853 medercr

2316 4891 2561 4945 contritis
2585 4892 2767 4955 corde,
2787 4899 2839 4944 et
2861 4891 3205 4960 praedicarem
3228 4888 3453 4959 captivis
3481 4889 3878 4961 indulgentiam,

2318 4989 2373 5033 et
2400 4979 2596 5052 clausis
2633 4980 2965 5047 apertionetn
3000 4978 3069 5031 ⁸⁸.
3107 4995 3127 5029 ι
3168 4976 3233 5031 Ει
3268 4974 3368 5031 Job
3390 4977 3565 5032 dicit:
3604 4996 3625 5029 ι
3661 4980 3882 5050 Spiritus

2317 5068 2528 5123 Domini
2580 5068 2703 5123 fecit
2730 5083 2834 5135 me,
2886 5078 2940 5124 et
2968 5068 3291 5139 spiraculum
3322 5070 3713 5135 omnipotentis
3764 5071 3883 5121 vivi-

2322 5158 2504 5211 ficavit
2561 5171 2645 5211 me
2675 5158 2743 5211 3‘.
2784 5176 2802 5209 ι
2842 5156 3045 5227 Ecquid
3069 5169 3248 5212 autem
3296 5157 3442 5210 vobis
3472 5158 3538 5211 de
3560 5160 3664 5212 hoc
3694 5158 3880 5229 Spiritu

2322 5247 2569 5301 videtur?
2625 5246 2917 5315 Cuiusnam
2947 5248 3176 5316 Spiritus
3218 5248 3300 5301 vis
3332 5246 3582 5313 inopibus
3606 5246 3731 5302 laus
3757 5264 3880 5301 nuit-

2327 5339 2445 5405 tiat,
2507 5348 2682 5392 mente
2711 5338 2893 5393 fraetis
2924 5338 3189 5402 medetur,
3239 5352 3269 5389 a
3306 5334 3515 5389 diabolo
3557 5337 3879 5406 mancipatus

3036 5559 3081 5590 τ’
3121 5557 3287 5633 Ρωι.
3315 5571 3425 5622 Ctx,
3469 5573 3507 5612 ι.
3604 5558 3656 5591 ⁸⁸
3683 5560 3807 5615 ibid.
3829 5558 3877 5615 ὅ.
