3952 6328
126 345 224 405 8ἱό

126 546 304 612 quibus
367 563 521 604 mens
570 550 811 619 caligat,
877 553 1042 607 animi
1112 555 1296 612 oculos
1349 559 1662 623 illustrans,

122 635 276 690 Deum
309 637 479 705 quoad
506 643 621 707 ejus
651 640 763 696 ﬁeri
811 651 1006 711 potest,
1045 647 1394 712 spectandum
1425 649 1619 716 praebet
1639 649 1664 701 ?

123 725 247 789 Qus
272 727 346 780 vis
375 729 669 794 spiritualis
706 745 894 786 omnes
940 731 1197 785 caelorum
1222 733 1406 803 copias
1445 745 1663 789 consta-

122 815 302 880 bilivit,
341 826 399 870 ut
456 819 532 872 ait
561 819 726 874 David
760 837 775 874 :
810 839 829 873 ε
871 819 1046 876 Verbo
1087 823 1432 878 Dominicmli
1464 826 1659 879 lirmati

116 913 257 968 sunt,
283 916 336 959 et
360 907 562 975 Spiritu
590 910 700 964 oris
729 911 843 980 ejus
885 913 1059 966 omnis
1100 913 1266 969 virtus
1288 929 1472 969 eorum
1501 915 1550 947 ⁸⁸
1569 917 1594 969 '.’
1631 936 1652 969 δ

116 994 239 1059 Quis
267 996 352 1049 ille
397 1010 481 1052 est
516 999 770 1070 Spiritus,
822 1004 913 1072 qui
950 1004 1040 1058 Dei
1081 1006 1321 1082 notitiam
1375 1007 1534 1062 docet
1558 1009 1659 1063 bo-

114 1085 295 1148 mines,
319 1087 484 1156 atque
505 1088 572 1142 ad
591 1089 973 1157 perfectionem
1004 1093 1417 1149 adminiculatur
1436 1095 1459 1151 τ
1478 1097 1654 1166 Agite,

108 1168 279 1224 dicite.

174 1255 290 1312 Jun.
336 1259 413 1316 Ne
476 1277 592 1328 nos,
640 1264 991 1332 obtestamur,
1062 1269 1415 1326 vaticinarum
1463 1288 1654 1330 vocum

109 1347 588 1418 interpretationem
654 1368 852 1424 posce;
903 1359 998 1414 sed
1047 1369 1166 1416 tute
1225 1363 1402 1432 potius
1441 1367 1508 1420 ad
1555 1381 1653 1423 nos

103 1439 322 1507 esplica.
367 1442 501 1497 Nam
553 1445 601 1498 si
644 1460 674 1498 a
717 1449 913 1504 nostris
967 1461 1144 1505 vatum
1188 1451 1330 1509 dicta
1369 1464 1523 1510 certo
1560 1473 1655 1511 ex-

103 1538 433 1596 ponerentur,
489 1537 814 1603 quaestiones
839 1537 995 1608 plane
1029 1554 1125 1596 nec
1157 1541 1387 1612 ingressi
1434 1546 1651 1616 quidem

101 1632 357 1676 essemus.

1189 349 1462 412 DIALOG
1473 340 1570 414 US
1606 353 1904 415 CONTRA
1942 355 2270 421 Ιυυῶοε.

127 460 181 511 in
212 460 473 530 antiquam
530 461 838 518 felicitatem
887 464 1152 531 restituit;
1193 470 1347 523 cteris
1380 507 1394 530 .
1454 469 1507 523 id
1559 479 1668 537 cst,
1701 476 1745 530 Α
1775 503 1892 542 mm
1918 488 2235 547 [υιιιηηηῂ.

3222 369 3326 432 8H

2278 493 2410 549 Nam
2437 493 2704 554 adoranda
2728 497 2835 556 SS.
2873 497 3134 557 Trinitate
3179 507 3328 562 omni

1773 577 2047 634 hominum
2074 583 2419 649 genetisalus
2448 587 2724 653 quaeritur.
2746 588 2890 646 Elia:
2926 604 3067 661 aqua
3113 591 3326 649 tertium

1770 664 1824 720 in
1863 678 2063 724 struem
2088 669 2274 737 effusa,
2309 674 2484 742 ignem
2526 678 2665 733 cosio
2693 678 2992 744 devocavit,
3024 688 3077 736 et
3098 681 3327 741 hostium

1766 761 2096 828 consumpsit
2120 762 2188 816 ".
2217 761 2404 820 Daniel
2431 775 2512 819 ter
2541 767 2774 835 quotidie
2824 768 3012 825 domus
3052 785 3162 826 sua:
3190 770 3328 827 fori-

1765 844 1866 898 bus
1888 849 2086 914 apertis
2117 864 2505 920 comprecatus,
2535 857 2800 923 postulata
2827 861 3030 929 accepit
3050 862 3118 915 ".
3154 862 3328 932 Atque

1765 935 1882 989 haec
1910 951 2057 1001 vero,
2085 954 2420 1010 nequaquam
2477 957 2677 1001 temere
2700 958 2875 1016 erant,
2913 953 3005 1006 sed
3034 967 3152 1022 quae
3174 961 3322 1023 gesta

1764 1037 1965 1083 sanctae
1989 1031 2265 1088 Trinitatis
2289 1050 2543 1090 arcanum
2568 1046 2836 1096 notarent.
3304 1106 3310 1113 _

1836 1117 2191 1176 Nihilominus
2239 1124 2282 1177 si
2348 1127 2616 1182 crassiora
2667 1129 2940 1196 vaticinia,
2968 1140 3153 1199 utpote
3173 1150 3322 1190 cras-

1762 1207 1955 1273 siores,
2003 1212 2294 1279 requiritis,
2333 1213 2473 1284 agite
2497 1230 2647 1281 sane,
2705 1227 2768 1272 'et
2827 1221 3095 1277 crassiora
3132 1232 3324 1303 tracte-

1762 1313 1907 1353 mus.
1966 1299 2150 1370 itaque
2195 1302 2314 1358 Jobi
2345 1304 2462 1358 hanc
2501 1317 2629 1361 sunt
2681 1310 2888 1366 verba:
2926 1330 2946 1364 ‹
2983 1313 3126 1368 Vivit
3160 1300 3324 1385 Deus,

1760 1389 1852 1459 qui
1873 1390 2092 1446 abstulit
2121 1392 2384 1459 judicium
2407 1411 2620 1464 meum;
2653 1408 2708 1454 et
2732 1399 3087 1472 Omnipotens
3137 1407 3225 1474 qui
3256 1411 3323 1464 ad

1762 1479 2175 1536 amaritudinem
2201 1483 2423 1539 adduxit
2451 1486 2684 1558 animam
2736 1506 2906 1545 meam
2944 1492 3112 1562 :quia
3155 1495 3326 1552 donec

1758 1555 2004 1639 superest
2034 1571 2247 1629 habitus
2275 1574 2327 1629 in
2356 1589 2463 1642 me,
2496 1585 2549 1631 et
2571 1555 2806 1649 Spiritus
2837 1581 2934 1636 Dei
2964 1555 3062 1652 ί..)
3099 1587 3190 1654 qui
3241 1585 3322 1641 fe-

1759 1661 1833 1714 cit
1893 1675 1999 1716 me.
2033 1662 2303 1718 Abraham
2351 1680 2549 1735 parens
2580 1677 2755 1746 vester
2793 1678 2900 1724 tres
2924 1672 3137 1740 angelos
3191 1689 3323 1742 epu-

167 1709 378 1764 L'unts'r.
430 1710 544 1767 Joel
586 1714 844 1783 scriptum
898 1718 1153 1788 reliquit:
1197 1740 1216 1775 t
1251 1722 1316 1776 Et
1369 1726 1475 1782 erit
1528 1740 1635 1797 post

167 1811 250 1830 ιο.
287 1794 555 1830 smnus-..
634 1802 887 1830 n..:_:...-_
964 1823 1135 1830 .....___
1214 1827 1363 1830 LA“

1763 1709 1833 1714 ,η
1894 1709 1999 1716 -----
2033 1709 2303 1718 ___-_-...-..
2351 1709 2549 1735 ,.-..,...,
2588 1709 2601 1720 .
2676 1709 2744 1722 ..η
2793 1709 2900 1724 ..νο
2924 1709 3137 1740 ..ηουηη
3191 1709 3321 1742 νγ..-

1759 1751 1826 1806 iis
1867 1754 2095 1821 accepit,
2143 1753 2339 1823 quibus
2387 1709 2723 1830 DominiTex
2744 1774 2898 1829 aequo
2928 1776 3122 1817 nomen
3156 1780 3321 1818 unum

97 1794 557 1856 haec:eﬂ‘undam
631 1802 889 1873 Spiritum
962 1823 1139 1863 meum
1209 1827 1370 1882 super
1432 1794 1646 1891 omnem
1678 1803 1722 1858 Β

93 1888 298 1943 carnem
337 1905 351 1943 :
383 1900 433 1945 et
463 1895 855 1963 prephetabunt
878 1896 970 1952 ﬁlii
1003 1901 1256 1967 vestri,et
1283 1905 1405 1959 filia:
1421 1888 1644 1968 vestrm‘.

91 1989 240 2030 senes
299 1982 465 2034 vestri
500 1985 707 2037 somnia
736 1988 1100 2055 somniahunt,
1124 2001 1180 2045 et
1207 1993 1433 2060 juvenes
1461 2003 1644 2068 vestri,

92 2062 313 2122 visiones
365 2071 642 2128 videbunt.
696 2072 802 2130 Sed
848 2089 902 2131 et
961 2093 1126 2148 super
1162 2095 1349 2140 servos
1398 2103 1549 2144 meos
1592 2062 1646 2147 et

91 2156 302 2244 ancillas
349 2160 401 2213 in
465 2161 653 2218 diebus
701 2166 805 2220 illis
833 2167 1100 2242 effundam
1150 2170 1407 2244 Spiritum
1443 2195 1640 2240 meum.

89 2239 150 2296 Et
175 2246 304 2300 dabo
339 2251 576 2318 prodigia
610 2252 662 2308 in
691 2255 828 2310 casio
883 2239 1118 2327 sursum,
1154 2239 1383 2335 etsigna
1415 2269 1467 2322 in
1501 2239 1641 2326 terra

89 2333 347 2403 deorsum,
400 2343 736 2411 sanguinem,
759 2355 814 2399 et
858 2348 1054 2418 ignem,
1089 2361 1143 2405 et
1171 2333 1421 2422 vaporem
1461 2357 1590 2415 fumi
1623 2380 1636 2415 :

88 2422 162 2475 sol
205 2439 548 2485 convertetur
596 2434 648 2486 in
683 2437 952 2504 tenebras,
978 2451 1031 2494 et
1059 2441 1182 2497 luna
1214 2445 1269 2498 in
1298 2452 1637 2519 sanguinem,

85 2522 360 2582 antequam
414 2522 592 2574 veniat
646 2523 762 2580 dies
807 2526 1017 2584 Domini
1075 2549 1299 2604 magnus
1335 2542 1636 2598 etmanife-

83 2614 215 2691 stus.
239 2603 304 2660 Et
338 2611 478 2675 erit;
507 2611 684 2669 omnis
715 2603 1390 2689 quicunque'invocaverit
1441 2647 1635 2691 nomen

83 2685 300 2760 Domini,
359 2699 540 2754 salvus
569 2704 670 2757 erit
697 2705 764 2761 θ’.
809 2725 828 2758 ι
873 2685 949 2764 Et
991 2712 1161 2770 lsaias
1201 2732 1215 2769 :
1255 2735 1274 2768 ι
1303 2704 1406 2788 ipsi

83 2787 314 2840 cundiam
376 2801 822 2861 proVocaverunt,
872 2809 926 2854 et
1005 2787 1339 2862 amiserunt,
1377 2810 1634 2880 Spiritum

313 2918 330 2943 ,
378 2891 431 2933 et
480 2892 775 2942 conversus
799 2899 881 2944 est
913 2893 990 2947 eis
1018 2894 1070 2947 in
1103 2895 1378 2954 inimicum
1399 2901 1467 2957 “.
1511 2923 1531 2957 s
1570 2907 1633 2961 Et

81 2957 358 3057 -Zacharias
435 2984 499 3023 ex
535 2987 763 3041 persona
823 2978 1022 3036 Christi
1059 3002 1072 3038 :
1102 2985 1343 3057 increpet
1377 2957 1631 3053 Dominus

81 3047 126 3100 in
155 3060 218 3116 te,
253 3055 419 3110 Satan
459 3076 475 3112 :
505 3062 598 3114 Sed
623 3063 681 3148 iq
705 3068 893 3136 spiritu
921 3077 1040 3126 meo
1061 3075 1130 3141 ",
1169 3094 1191 3128 ι
1223 3047 1328 3135 etc.
1377 3047 1631 3155 Idemque
1657 3115 1702 3171 ο

80 3156 249 3246 rursus
281 3167 293 3198 :
332 3166 349 3225 :t
382 3168 403 3202 ‹
438 3150 715 3225 Effundam
739 3173 900 3229 super
921 3163 1139 3220 domum
1162 3167 1351 3240 David,
1383 3184 1438 3228 et
1469 3150 1632 3246 super

84 3233 393 3332 babitaIOres
405 3241 723 3312 Jerusalem,
738 3251 983 3319 spiritum
1003 3246 1189 3326 gratiae
1200 3269 1257 3314 et
1279 3233 1494 3332 precum
1513 3233 1581 3323 οἱ.
1605 3287 1625 3322 s

80 3318 135 3372 Et
161 3323 316 3380 David
355 3345 422 3384 :.¢
462 3331 687 3390 Emittes
713 3318 971 3406 spiritum
997 3318 1144 3400 t'uum
1175 3357 1232 3408 et
1280 3318 1625 3425 creabuntur;

79 3418 123 3461 et
142 3418 410 3472 renovabit
438 3421 629 3477 faciem
653 3435 809 3480 terra:
833 3428 898 3483 ⁹¹.
930 3447 951 3482 s
978 3432 1044 3499 Et
1073 3435 1266 3492 iterum
1298 3458 1312 3496 :
1343 3460 1363 3493 ί
1399 3418 1629 3514 Spiritus

80 3504 185 3553 tuus
235 3503 409 3562 bonus
466 3512 692 3569 deducet
727 3532 812 3572 me
842 3519 900 3574 in
931 3530 1127 3580 terram
1159 3539 1360 3586 rectam
1397 3503 1464 3590 ⁸³..
1504 3556 1524 3589 s
1563 3503 1627 3596 Et

76 3593 119 3735 :n
168 3595 453 3720 queris:
516 3625 536 3658 r
563 3607 806 3669 irruente
855 3615 908 3671 in
934 3633 995 3673 se
1045 3617 1247 3692 Spiritu
1267 3626 1382 3695 Dei,
1410 3632 1483 3686 ait
1524 3593 1626 3690 Ba;

94 3699 202 3735 sam
255 3691 297 3735 ⁸-
335 3711 354 3735 ι

94 3699 202 3739 sam
231 3691 298 3742 ⁸⁸.
334 3711 354 3743 s

676 3821 904 3879 CAPUT
947 3825 1014 3882 Χ.

161 3897 548 3962 Similitudines
569 3922 809 3967 sanctam
842 3915 1151 3975 Trinitatem
1187 3925 1502 3987 exhibentes.

132 3984 303 4056 Atque
355 3994 436 4074 sie
483 4012 642 4065 porro
666 4005 890 4072 pariter,
923 4009 968 4063 si
997 4007 1192 4079 placet,
1237 4028 1420 4076 vatum
1452 3985 1620 4081 voces

73 4080 309 4174 atteram,
359 4087 520 4142 unius
550 4099 754 4148 natura:
806 4094 1082 4156 Trinitatis
1113 4105 1218 4158 vim
1247 4107 1614 4181 designantes.

74 4164 198 4276 sane
257 4180 310 4226 et
362 4175 722 4236 lsraelitarum
777 4201 842 4241 ex
910 4188 1145 4261 £gypto
1201 4164 1614 4276 exitus‘iwqui

71 4253 212 4316 tridui
240 4261 336 4318 iter
363 4274 650 4361 progressi,
694 4274 800 4330 Dm
829 4253 1369 4361 operari-peterent:
1405 4253 1495 4361 ea,

69 4357 228 4412 qvam,
285 4369 370 4410 res
419 4355 736 4417 Trinitatem
789 4367 1011 4426 inuuere
1075 4355 1491 4439 milii'videtur;
1544 4385 1610 4442 Et

1752 1838 1960 1904 tribuit,
1998 1842 2222 1898 dicens:
2259 1859 2281 1894 ι
2324 1841 2566 1909 Domine,
2603 1846 2649 1900 si
2682 1847 2856 1903 inveni
2881 1850 3106 1918 gratiam
3139 1866 3322 1906 coram

1754 1935 1826 1991 te,
1863 1945 1880 1980 ι
1906 1937 1962 1983 et
1985 1944 2104 2000 qua
2137 1941 2438 2000 sequuntur
2471 1935 2516 1988 ¹.
2543 1934 2708 1988 Deum
2738 1950 2863 1991 vero
2893 1939 3032 2008 quod
3075 1941 3321 1998 Abraha-

1751 2029 1870 2068 mus
1911 2018 2204 2088 exceperit,
2259 2027 2315 2075 et
2362 2034 2469 2074 non
2519 2022 2763 2092 angelos,
2828 2025 3046 2080 evidens
3099 2038 3183 2083 est
3215 2044 3320 2084 non

1747 2109 1917 2162 solum
1967 2120 2034 2163 ex
2077 2110 2217 2165 risus
2266 2109 2415 2168 Sara
2461 2114 2868 2182 praesensione;
2901 2119 3007 2183 sed
3036 2118 3151 2186 ipse
3182 2123 3317 2178 adeo
3419 2146 3422 2148 τ

1744 2197 1886 2257 Deus
1914 2187 1962 2256 ei
1993 2210 2112 2271 post
2153 2202 2337 2272 epulas
2361 2204 2663 2269 conﬁrmat,
2705 2221 2766 2262 se
2804 2207 2918 2277 ejus
2933 2223 3052 2264 esse
3098 2209 3264 2265 Deum
3295 2229 3314 2269 :

1750 2309 1768 2342 ε
1813 2290 2123 2347 Revertens-
2153 2293 2365 2349 veniam
2392 2295 2459 2349 ad
2509 2306 2563 2350 te
2589 2307 2830 2366 tempore
2861 2299 2987 2364 isto,
3019 2306 3074 2353 et
3098 2299 3319 2356 habebit

1748 2382 1912 2436 illium
1979 2381 2115 2438 Sara
2145 2399 2278 2439 uxor
2335 2395 2424 2439 tua
2463 2386 2506 2443 ³.
2537 2404 2556 2436 ι
2594 2385 2661 2440 Et
2681 2386 2930 2443 eductum
2959 2391 3102 2446 foras
3129 2393 3209 2447 sic
3233 2399 3348 2447 est‘

1741 2473 2052 2533 allocutus:
2091 2492 2111 2525 ι
2155 2474 2382 2546 Suspice
2425 2476 2643 2541 cmlum,
2685 2469 2740 2534 et
2774 2495 2995 2548 numera
3026 2484 3233 2549 stellas,
3268 2486 3313 2542 si
3350 2477 3357 2485 ’

1739 2573 1910 2634 potes.
1960 2564 2025 2620 Et
2052 2566 2191 2621 dixit
2252 2569 2302 2631 ei
2333 2586 2346 2621 :
2385 2567 2477 2624 Sic
2509 2569 2614 2624 erit
2635 2584 2818 2634 semen
2871 2579 3041 2626 tuum.
3072 2573 3316 2635 Credidit

1748 2655 2020 2711 Abraham
2081 2654 2214 2724 Deo,
2267 2665 2322 2712 et
2378 2667 2679 2727 reputatum
2717 2669 2804 2716 est
2827 2661 2903 2716 illi
2933 2661 3309 2735 adjustitiam.

1737 2925 1997 2995 Primum,
2058 2928 2250 2997 inquit,
2281 2947 2328 2982 ι(
2395 2929 2508 3000 Ego
2540 2991 2542 2993 ,
2569 2947 2688 2988 sum
2719 2933 2858 2989 Deus
2881 2943 3002 2990 tuus
3036 2954 3052 2992 :
3087 2953 3108 2988 s
3155 2947 3211 2993 et
3241 2953 3309 2995 ex

1738 3015 1875 3070 Sara
1923 3018 2064 3075 dabo
2095 3017 2191 3074 tibi
2220 3017 2410 3085 illium,
2444 3023 2528 3076 cui
2559 3023 2938 3081 benedicturus
2969 3043 3112 3084 sum.
3148 3046 3166 3080 ι
3203 3029 3308 3083 Re-

1736 3117 1952 3163 vertens
1993 3097 2203 3167 veniam
2224 3111 2292 3165 ad
2318 3119 2369 3166 te
2392 3100 2630 3182 tempore
2653 3115 2778 3179 isto,
2801 3125 2857 3170 et
2889 3117 3107 3180 habebit
3136 3120 3306 3176 lilium

1731 3195 1861 3268 Sara
1890 3214 2024 3256 uxor
2055 3211 2164 3256 tua.
2219 3218 2239 3254 ο
2423 3243 2429 3247 -
2851 3266 2853 3269 .

1801 3288 2003 3345 Deinde
2058 3304 2124 3346 eo
2170 3290 2317 3347 foras
2340 3293 2554 3360 educto,
2596 3300 2651 3350 et
2669 3311 2791 3356 cum
2815 3297 3086 3377 stellarum
3115 3317 3302 3357 nume-

1734 3394 1850 3433 rum
1907 3383 2160 3451 consequi
2193 3397 2329 3436 .non
2370 3393 2571 3453 posset,
2593 3401 2876 3452 numerosa
2917 3385 3231 3459 posteritate
3250 3397 3302 3451 ei

1729 3471 1995 3536 condicta,
2055 3470 2198 3526 addit
2231 3492 2251 3536 ς,
2291 3492 2313 3526 s
2346 3473 2590 3533 Credidit
2632 3478 2902 3534 Abraham
2934 3479 3043 3535 Deo
3069 3483 3112 3537 '.
3150 3501 3170 3536 ι
3220 3487 3302 3542 At:

1729 3562 1886 3616 tertio
1914 3578 1928 3614 :
1958 3579 1976 3612 ι
2036 3560 2146 3631 Ego
2181 3565 2456 3638 Dominus,
2479 3566 2572 3634 qui
2640 3569 2802 3623 eduxi
2835 3577 2889 3623 te
2931 3572 2997 3626 de
3027 3571 3101 3630 Ur
3135 3573 3298 3629 Chal-

1727 3651 1962 3706 daeorum
2013 3653 2058 3718 ⁸,
2111 3671 2130 3704 ι
2187 3663 2246 3708 ut
2278 3667 2376 3723 per
2425 3657 2650 3710 triadem
2706 3659 2866 3726 hanc,
2928 3665 3190 3744 triplicem
3244 3667 3297 3720 in

1732 3743 2010 3798 divinitate
2039 3757 2320 3813 personam
2349 3745 2697 3813 doceremini.
2741 3748 2927 3808 Videte
2949 3770 3160 3811 rursum
3189 3767 3297 3813 tres

1724 3843 1980 3899 personas
2030 3831 2084 3888 in
2141 3850 2245 3888 una
2296 3845 2508 3903 natura,
2531 3839 2676 3893 velut
2714 3856 2894 3908 unam,
2942 3843 3291 3905 disserentes.

1721 3920 1931 3976 Etenim
1977 3923 2336 3991 Abrahamus,
2365 3941 2489 3981 eum
2546 3937 2784 3985 sanctam
2835 3931 3152 3993 Trinitatem
3199 3955 3331 3997 co-.

1722 4009 2021 4076 mitaretur,
2077 4011 2251 4070 idvab
2307 4029 2370 4070 ea
2446 4018 2648 4078 dictum
2701 4023 2954 4092 accepit:
2995 4043 3016 4078 ι
3075 4028 3294 4085 Clamor

1721 4098 2076 4156 Sodomorum
2128 4110 2184 4158 et
2243 4095 2557 4162 Gomorrba
2604 4110 2989 4181 multiplicatus
3071 4128 3179 4184 est,
3236 4131 3291 4176 et

1719 4198 1998 4259 peccatum
2026 4206 2221 4256 eorum
2237 4208 2583 4265 aggravatum
2615 4210 2699 4255 est
2723 4203 2903 4262 nimis.
2959 4204 3286 4264 Descendam
3333 4262 3335 4269 ,

1717 4293 1772 4335 et
1810 4283 2020 4347 videbo,
2053 4295 2227 4340 utrum
2253 4287 2542 4343 clamorem
2597 4291 2686 4360 qui
2716 4295 2857 4348 venit
2901 4296 2968 4350 ad
2991 4313 3100 4363 me,
3126 4315 3290 4370 opere

1717 4374 2104 4440 compleverint
2137 4393 2155 4442 ;
2211 4392 2278 4431 an
2309 4394 2416 4433 non
2469 4390 2553 4436 est
2599 4383 2671 4437 ita
2698 4424 2714 4450 ,
2765 4395 2824 4441 ut
2851 4389 3016 4443 sciam
3048 4392 3092 4444 '.
3127 4391 3285 4448 niam

71 4443 158 4490 Ires
222 4442 402 4511 virgae,
483 4463 619 4516 quas
672 4457 973 4522 patriarcha
1022 4461 1189 4521 Jacob
1227 4470 1305 4535 ",
1369 4474 1607 4534 detracta

1739 4473 1767 4518 τι
1820 4464 1952 4520 llosi
2004 4455 2322 4537 imperantis
2368 4469 2463 4526 Dei
2492 4473 2609 4529 haec
2661 4483 2928 4534 sententia
2956 4491 3041 4538 est
3071 4501 3086 4542 :
3120 4503 3138 4537 ο
3175 4484 3285 4556 Ego

73 4537 200 4626 parte
254 4537 477 4626 corticis
519 4540 572 4593 in
601 4557 798 4614 aquam
836 4550 1178 4623 conjiciebat,
1209 4561 1399 4618 ovibus
1423 4564 1606 4626 Laban

72 4613 378 4713 adaquandis
441 4641 458 4680 :
504 4613 955 4696 quemadmodum
1031 4651 1086 4695 et
1136 4613 1615 4713 nuncmSalvavt‘o:

70 4717 228 4765 noster
271 4710 451 4782 Iesus,
487 4733 617 4775 oves
676 4725 883 4782 ratione
907 4732 1176 4802 praditas,
1208 4738 1260 4792 id
1289 4751 1394 4808 est,
1426 4710 1605 4801 humi;

69 4811 142 4908 ges
179 4817 336 4861 sacro
380 4809 700 4880 baptismate
754 4818 1071 4891 iilustratos,
1128 4834 1383 4899 servavit,
1415 4847 1472 4891 ut
1511 4855 1607 4908 per

69 4884 370 4950 Ezechielem
425 4899 566 4958 Deus
613 4906 690 4958 ait
726 4924 740 4960 :
774 4926 792 4959 ι
843 4909 982 4969 Ecce
1030 4931 1128 4985 ego
1175 4922 1287 4989 ipse
1329 4884 1597 4996 requiram

68 4987 169 5034 oves
219 4999 387 5054 meas,
417 4993 727 5050 et-visitabo
756 5013 881 5067 eas;
916 5012 969 5057 et
993 5006 1164 5062 scient
1186 4987 1311 5080 quia
1360 4987 1460 5084 θέο
1491 5018 1596 5074 Do-

70 5070 214 5126 minus
243 5074 386 5132 Deus
417 5095 602 5137 eorum
633 5087 704 5140 "'.
741 5107 760 5140 ι
790 5091 930 5156 Quin
957 5104 1012 5149 et
1038 5070 1460 5160 Ninivitaetriuvm
1485 5109 1600 5162 die-

65 5174 153 5214 rum
170 5177 332 5236 atque
351 5172 585 5227 noctium
619 5175 824 5252 jejunio
838 5183 1064 5239 salutem
1084 5194 1358 5248 consecuti
1385 5207 1509 5251 sunt
1526 5200 1594 5256 ".

64 5248 162 5314 Quae
208 5271 296 5312 res
324 5274 432 5316 non
461 5260 660 5322 frustra
709 5248 848 5336 erat,
875 5273 968 5330 sed
1007 5276 1206 5348 efﬁgies
1237 5248 1595 5352 quasdam—re:

1716 4572 1835 4612 sum
1913 4558 2057 4613 Deus
2135 4559 2426 4628 Abraham,
2511 4573 2566 4620 et
2617 4564 2760 4624 Deus
2833 4559 3006 4640 lSaac,
3050 4585 3104 4630 et
3142 4576 3284 4634 Deds

1708 4649 1874 4704 Jacoh
1937 4650 1980 4704 '.
2042 4670 2061 4704 ι
2121 4651 2232 4722 Nec
2285 4654 2600 4727 dixitzEgo
2644 4673 2764 4714 sum
2806 4663 2948 4719 Deus
2987 4670 3279 4735 Abraham,

1708 4741 1876 4805 Isaac,
1908 4739 2107 4798 Jacob:
2140 4746 2231 4800 sed
2254 4746 2404 4802 addit
2439 4766 2460 4799 ι
2488 4759 2540 4803 et
2566 4768 2585 4800 ι
2616 4754 2880 4821 copulam,
2910 4770 2977 4810 ne
3009 4766 3063 4813 et
3089 4757 3279 4824 Filius,

1708 4837 1764 4880 et
1816 4825 2046 4894 Spiritus
2092 4841 2311 4887 sanctus
2360 4830 2678 4906 indesiguati
2724 4851 2947 4909 essent;
2996 4848 3088 4901 sed
3135 4849 3278 4904 velut

1706 4917 1896 4986 copula
1956 4919 2344 4990 Abrahamum,
2403 4925 2668 4994 Isaacum,
2724 4930 3004 5004 Jacobutn,
3048 4947 3155 4997 tres
3181 4943 3277 5000 ho-

1706 5011 1875 5064 mines
1901 5013 2157 5080 ostendit,
2209 5015 2281 5071 ita
2305 5026 2359 5072 et
2405 5018 2628 5077 Deitatis
2654 5027 2842 5093 triplex
2866 5031 3138 5101 usurpa’tio
3171 5046 3275 5094 tres

1707 5117 1967 5171 personas
2006 5106 2269 5162 declarat.
2320 5129 2340 5162 ε
2397 5110 2510 5182 Ego
2550 5129 2670 5169 sum
2724 5117 2867 5175 Deus
2919 5122 3212 5196 Abraham,
3249 5149 3267 5181 ι

1707 5195 1808 5249 hoc
1856 5203 1960 5259 est,
1984 5193 2170 5279 Pater,
2201 5216 2222 5250 ι
2254 5208 2308 5253 et
2358 5199 2500 5271 Deus
2517 5203 2691 5271 Isaac,
2730 5225 2749 5259 s
2783 5209 2836 5264 id
2869 5219 2976 5279 est,
3006 5213 3176 5270 Filius
3197 5193 3270 5271 ex

1700 5307 1766 5347 eo
1826 5291 2056 5361 genitus,
2095 5307 2116 5342 ε
2154 5278 2211 5348 et
2241 5289 2383 5348 Deus
2417 5291 2582 5351 Jacob
2629 5315 2672 5349 ι.
2698 5300 2907 5357 scilicet
2951 5278 3035 5359 ter
3053 5319 3268 5364 sanctus

169 5416 309 5528 ξῶιιο
342 5424 589 5528 ,ξιέῗζξο
630 5421 927 5528 Sic-idoli.
1054 5452 1228 5528 seqq.‘
1274 5443 1320 5475 "
1347 5441 1632 5528 {Statili},
1796 5449 1856 5528 _"
1890 5441 2058 5528 lauit:
2101 5468 2182 5528 η,-
2211 5453 2280 5528 ξς
2312 5455 2354 5520 ⁵,
2386 5434 2456 5510 δέ
2492 5459 2537 5491 ⁹⁹
2570 5459 2733 5517 Zach.
2787 5428 3006 5528 ιιί,.1ο.
3058 5468 3100 5499 ’ί
3125 5465 3268 5524 Psal.

60 5490 145 5545 cm.
183 5487 271 5543 30.
342 5494 389 5525 "
433 5487 574 5550 Psal.

62 5562 100 5648 ξι
128 5555 356 5648 ,δοιςῙ
399 5561 533 5618 ³οι¹³
572 5582 673 5648 ."h
700 5555 1006 5648 §-.'._."_|!'
1052 5555 1392 5648 sema};

59 5698 114 5752 tu,
141 5692 184 5749 6.

630 5509 794 5603 enen,
852 5497 1034 5603 1.2."?
1053 5497 1245 5603 DNuin.
1272 5497 1421 5577 xxiv,
1661 5497 1833 5603 ἔξω.
1865 5497 1960 5603 Et;
2104 5497 2182 5554 ηδ’
2209 5497 2354 5603 Sen:
2531 5497 2733 5603 Ἤ.
2754 5497 3264 5603 ﬁatfiat}???

1438 5584 1508 5639 δι
1558 5595 1612 5642 et
1665 5586 1753 5641 38.

62 5622 99 5718 πῖ
128 5622 167 5718 ’ρ
185 5626 318 5686 Gen.
379 5647 532 5700 xvm,
572 5635 626 5691 5.
657 5622 672 5632 ⁷
715 5622 894 5699 δὶδὶἀ.
926 5622 1006 5699 id}
1052 5622 1508 5718 "~""ce31"'§v,"
1531 5622 1612 5712 δῖ’
1665 5622 1687 5690 ἶ

1865 5587 1912 5673 ’ς
1971 5588 2363 5673 93p.._n,_to._
2396 5597 2429 5673 ξ
2459 5596 2581 5653 Job.
2623 5614 2814 5673 um,
2859 5587 3270 5673 s;'s";"§xhi{.

1717 5656 1847 5712 ibid.
1875 5655 1928 5712 6.
1980 5659 2150 5715 'ibid.
2212 5662 2264 5718 7.
2342 5664 2520 5720 'Gen.
2572 5684 2723 5737 xvm,
2754 5655 2987 5741 £0,612
3019 5655 3060 5745 '9
3083 5655 3272 5734 "Ex—{iiii
