3952 6328
701 242 806 307 815

700 448 1107 518 conquiescens.
1147 446 1405 500 lecstes
1431 452 1606 497 autem
1637 444 1801 508 copia:
1840 440 2268 497 Cliernliinormn

706 538 1231 607 Scraphinorumque
1292 533 1566 605 irremisse
1633 547 1782 596 voce,
1830 531 2085 599 prodente
2111 530 2267 594 Isaia,

700 630 983 681 clamant:
1025 644 1043 677 ι
1116 625 1366 687 Sanctus,
1407 631 1665 685 sanctus,
1714 632 1949 686 sanctus,
2013 620 2269 673 Dominus

706 718 844 769 Deus
891 715 1251 779 ext-rcituum,
1294 732 1310 765 ι
1353 725 1432 767 ter
1472 713 1847 780 ingeminando
1887 728 1905 760 ι
1949 708 2200 771 Sanctus,
2244 727 2264 759 ι

700 822 811 860 tres
866 822 1161 874 personas;
1204 805 1368 860 semel
1429 823 1446 855 ι
1518 806 1772 858 Dominus
1815 802 2172 863 exercituum,
2242 818 2262 851 ι

697 912 854 950 unam
924 898 1182 951 Deitatem
1230 906 1499 951 notantes.
1536 896 1631 949 Est
1680 896 1821 949 enim
1852 908 1975 947 vere
2006 906 2143 945 unus
2169 892 2270 943 Do-

698 994 897 1054 minus,
948 1001 999 1044 et
1043 1005 1145 1043 una
1211 988 1390 1043 Deitas
1441 988 1639 1052 Patris,
1689 996 1745 1042 et
1790 985 1932 1051 Filii,
1956 993 2009 1039 et
2035 984 2268 1053 Spiritus

700 1084 894 1137 Sancti.

763 1173 886 1229 Jun.
919 1175 1018 1228 I’er
1048 1172 1212 1228 Deum
1240 1187 1417 1227 rerum
1452 1172 1687 1225 omnium
1721 1170 2098 1235 architectum,
2128 1182 2287 1259 veras;

696 1269 776 1321 liae
814 1280 988 1318 vatum
1039 1279 1203 1319 voces
1232 1273 1377 1328 sunt,
1432 1277 1602 1331 eoque
1647 1262 1751 1315 line
1779 1262 1845 1316 ab
1896 1257 1958 1317 iis
2006 1262 2263 1330 proditio;

696 1370 875 1426 patres
908 1373 1032 1412 vero
1072 1358 1259 1422 nostri,
1310 1357 1507 1411 frustra
1538 1357 1590 1410 in
1642 1358 1781 1409 nuda
1809 1354 2056 1422 occupati
2088 1354 2267 1407 littera

699 1461 973 1503 errarunt.

763 1542 985 1593 (tums'r.
1015 1541 1154 1593 Ades
1187 1554 1310 1592 vero
1343 1523 1548 1603 Moses,
1566 1536 1705 1591 refer
1735 1538 1801 1591 de
1831 1534 2032 1604 Spiritu
2056 1542 2261 1598 sancto,

693 1634 821 1701 quid
854 1634 905 1684 in
936 1630 1376 1699 Numeristeeum
1409 1631 1615 1683 loculus
1631 1629 1701 1682 sit
1722 1627 1861 1681 Deus
1888 1647 1903 1682 ;
1935 1644 1954 1677 ί
1984 1625 2260 1694 Congrega

696 1723 827 1776 mihi
880 1722 1213 1791 septuaginta
1279 1720 1424 1775 viros
1449 1720 1515 1774 de
1549 1720 1768 1773 senibus
1822 1713 2007 1780 Israel,
2037 1731 2170 1784 quos
2204 1725 2259 1768 tu

695 1819 858 1879 nosti,
888 1816 1028 1885 quod
1060 1808 1216 1869 senés
1253 1814 1428 1883 populi
1459 1814 1567 1867 sint
1597 1826 1659 1865 ac
1698 1810 1936 1879 magistri
1968 1828 1981 1863 :
2016 1819 2068 1863 et
2099 1811 2264 1863 duces

654 1922 786 1961 .eos
828 1909 892 1958 ad
954 1906 1147 1960 ostium
1204 1903 1533 1957 tabernaculi
1584 1888 1825 1966 ftederis,
1883 1901 2159 1969 faciesque
2189 1901 2259 1954 ibi

692 2010 838 2051 stare
892 2007 1086 2059 tecum,
1120 2004 1176 2048 ut
1203 1996 1525 2048 descendam
1556 2002 1618 2047 'et
1645 1993 1833 2061 loquar
1868 1992 1962 2045 tibi
1994 2003 2087 2057 ;et
2116 1991 2263 2045 aufe-

693 2104 810 2142 ram
846 2090 909 2141 de
957 2088 1159 2155 Spiritu
1186 2094 1296 2150 tuo,
1348 2084 1665 2153 tradamque
1716 2084 1815 2149 eis,
1849 2094 1907 2138 ut
1960 2091 2265 2138 sustentent

689 2187 867 2232 tecum
921 2193 1062 2231 onus
1114 2176 1312 2245 populi,
1363 2186 1415 2230 et
1480 2190 1583 2229 non
1642 2185 1693 2227 tu
1722 2176 1870 2229 solus
1913 2176 2174 2244 graVeris.
2201 2174 2263 2227 Et

693 2266 1038 2334 Congregavit
1105 2265 1277 2319 Moses
1345 2264 1681 2331 septuaginta
1728 2264 1984 2318 viros'de
2046 2265 2262 2317 senibus

690 2357 882 2420 Israel,
903 2370 1037 2424 quos
1066 2362 1209 2409 stare
1236 2354 1362 2407 fecit
1397 2354 1540 2408 circa
1569 2354 1995 2409 tabernaculum.
2026 2354 2260 2408 Descen-

691 2449 873 2514 ditqne
904 2446 1163 2498 Dominus
1195 2460 1289 2513 per
1316 2445 1529 2509 nubem,
1564 2455 1616 2500 et
1646 2445 1859 2499 locutus
1888 2446 2061 2499 estad
2113 2462 2259 2509 eum,

694 2536 947 2589 auferens
991 2535 1057 2589 de
1117 2534 1318 2603 Spiritu
1379 2534 1468 2602 qui
1509 2534 1704 2587 eratin
1736 2534 1902 2598 Mose,
1944 2543 1997 2588 et
2027 2535 2160 2588 dans
2185 2549 2264 2587 se-

692 2629 968 2697 ptuaginta
1022 2626 1171 2681 viris.
1195 2624 1434 2694 Cumque
1470 2625 1820 2693 requievisset
1867 2626 1922 2679 in
1952 2624 2032 2679 eis
2091 2626 2261 2694 Spiri-

694 2728 802 2779 tns,
836 2717 1307 2784 prophetare-runt,
1333 2730 1432 2770 nec
1458 2716 1595 2769 ultra
1625 2723 1995 2769 cessaverunt.
2024 2712 2261 2768 Reman-

701 2817 883 2861 serant
933 2817 1109 2860 autem
1169 2806 1222 2861 in
1293 2806 1490 2860 castris
1537 2805 1643 2860 duo
1688 2806 1809 2869 viri,
1864 2820 2089 2873 quorum
2122 2822 2259 2861 unus

691 2900 988 2953 vocabatur
1046 2896 1233 2963 Eldad,
1289 2905 1344 2950 et
1400 2896 1533 2950 alter
1584 2896 1789 2961 Medad,
1822 2909 1982 2967 super
2001 2912 2134 2966 quos
2172 2912 2257 2952 re-

694 2992 896 3060 quievit
959 2989 1226 3058 Spiritus;
1285 3005 1408 3042 nam
1442 2999 1493 3043 et
1536 2989 1635 3056 ipsi
1661 2990 1911 3057 descripti
1939 2989 2171 3054 fuerant,
2205 2999 2256 3043 et

695 3096 804 3134 non
860 3083 1100 3135 exierant
1141 3082 1205 3132 ad
1265 3079 1687 3133 tabernaculum.
1712 3077 1951 3148 Cumque
1974 3080 2259 3147 propheta-

695 3181 816 3226 rent
863 3171 914 3225 in
978 3173 1193 3237 ca5tris,
1243 3172 1477 3224 cucurrit
1531 3186 1662 3239 puer
1708 3180 1773 3223 ct
1805 3173 2068 3224 nuntiavit
2106 3170 2257 3237 Mosi,

693 3264 877 3315 dicens
912 3260 1118 3328 :Eldad
1191 3268 1245 3315 et
1299 3261 1482 3313 Medad
1559 3260 1877 3330 prophetarit
1928 3260 1982 3314 in
2047 3262 2258 3316 castris.

692 3352 884 3406 Szatiiu
908 3349 1070 3405 Iosue
1097 3350 1235 3404 filius
1251 3350 1393 3415 Non,
1424 3352 1671 3404 minister
1720 3352 1873 3416 Mosi,
1913 3362 1967 3405 et
2000 3354 2201 3408 electus
2230 3370 2263 3409 e

692 3441 954 3509 pluribus,
1009 3441 1081 3493 ait
1114 3457 1125 3492 :
1153 3438 1375 3495 Domine
1425 3440 1520 3505 mi,
1566 3439 1761 3505 Moses,
1810 3442 2030 3508 prohibe
2052 3456 2162 3495 eos.
2192 3441 2262 3494 At

700 3534 790 3585 ille
817 3548 831 3585 :
874 3532 1030 3598 Quid,
1060 3533 1252 3600 inquit,
1288 3532 1554 3586 :emularis
1584 3547 1679 3601 pro
1735 3534 1857 3586 me?
1887 3535 2007 3601 quis
2039 3535 2257 3597 tribuat,

692 3633 753 3675 ut
797 3624 971 3676 omnis
1030 3623 1255 3689 populus
1298 3626 1583 3689 prophetet
1613 3659 1625 3683 ,
1656 3630 1709 3675 et
1740 3624 1830 3675 det
1879 3623 1973 3676 eis
2004 3622 2260 3680 Dominus

692 3712 952 3777 Spiritum
986 3710 1203 3763 suum”
1237 3709 1259 3761 ?
1288 3725 1309 3758 ι
1339 3708 1538 3761 Pudeat
1582 3722 1693 3770 eos,
1719 3710 1807 3776 qui
1831 3708 2088 3777 Spiritum
2122 3714 2261 3762 hunc

694 3801 916 3854 alterius
968 3784 1211 3862 naturae,
1262 3813 1421 3867 quam
1455 3798 1736 3851 Dominum
1782 3808 2027 3852 censent.
2052 3797 2182 3850 Nam
2215 3800 2259 3852 si

692 3892 743 3942 id
786 3891 835 3941 in
896 3889 1218 3949 hominibus,
1253 3902 1317 3940 ne
1368 3887 1540 3941 dicam
1568 3888 1633 3940 de
1657 3886 1882 3955 singulis
1914 3886 2256 3951 animalibus,

693 3972 1019 4046 inipossibiie
1074 3988 1176 4042 est,
1202 3976 1368 4029 multo
1402 3978 1569 4045 magis
1601 3978 1653 4029 in
1689 3976 1817 4029 Deo.
1843 3974 1981 4041 Quid
2009 3978 2259 4045 agimus?

696 4066 957 4120 creditis?
1016 4063 1224 4119 Utinam
1271 4065 1547 4119 oculorum
1603 4066 1797 4119 tuentis
1823 4072 2013 4119 vestrm
2042 4065 2259 4134 lippitu-

691 4160 868 4212 dinem
914 4157 1167 4231 elueretis
1219 4173 1354 4225 aqua
1412 4158 1677 4223 veritatis,
1726 4159 2119 4227 unigenamque
2166 4159 2256 4213 Dei

690 4247 885 4301 Filium
947 4246 1203 4325 videretis
1250 4246 1440 4301 salutis
1493 4248 1739 4301 humana:
1788 4263 1945 4307 causa
1993 4250 2128 4302 caelo
2160 4250 2254 4301 de-

690 4355 954 4408 gressum,
979 4337 1265 4406 de'Spiritu
1295 4348 1485 4391 sancto
1507 4352 1570 4391 ex
1621 4338 1785 4390 Maria
1814 4336 2031 4407 Virgine
2082 4340 2192 4390 inca
2205 4355 2255 4393 r-

693 4443 897 4492 natuui,
930 4438 982 4482 ct
1010 4429 1281 4481 hominem
1308 4427 1529 4491 factum,
1566 4440 1629 4478 ac
1650 4440 1745 4495 pro
1766 4428 1917 4479 nobis
1941 4431 2037 4480 sub
2063 4426 2252 4482 Pontio

695 4521 865 4573 I'ilato
893 4518 1210 4573 cruciﬁxum
1234 4556 1247 4582 ,
1272 4531 1512 4586 passum,
1564 4526 1619 4570 et
1671 4517 1959 4583 sepultura,
1995 4520 2254 4585 tertiaque

688 4613 794 4675 die,
847 4615 1139 4662 secundum
1179 4608 1509 4673 Scripturas,
1568 4605 1905 4671 suscitatum,
1959 4607 2010 4659 in
2058 4607 2250 4659 emtum

689 4715 982 4762 reversum,
1013 4698 1155 4749 Patri
1210 4698 1457 4749 dextrum
1487 4697 1835 4759 assidentem,
1867 4706 1921 4749 et
1972 4698 2253 4774 magnifice

686 4794 810 4845 olim
840 4791 1143 4859 judicandis
1172 4788 1309 4842 vivis
1363 4799 1522 4855 atque
1544 4788 1768 4841 mortuis
1800 4790 2115 4852 rediturum,
2150 4788 2250 4841 ini-

688 4884 835 4946 purio
854 4898 1119 4949 nunquam
1154 4881 1405 4932 iittiendo.

754 4974 873 5028 Jun.
920 4976 995 5025 "At
1034 4973 1076 5026 si
1128 4972 1291 5026 Musis
1320 4971 1484 5023 Deum
1538 4971 1754 5023 interra
1793 4972 2153 5035 incarnatum,
2191 4982 2245 5024 et

686 5065 956 5116 honinem
1018 5062 1213 5114 factum
1246 5063 1311 5114 de
1366 5060 1581 5114 Ua'r’ldib‘
1612 5066 1889 5130 progenie,
1934 5074 2094 5129 atque
2136 5062 2253 5115 Vir-

684 5160 803 5223 gine
837 5156 1163 5222 praedicatis,
1186 5168 1291 5221 quo
1328 5164 1482 5222 pacto
1530 5170 1646 5217 nos,
1677 5153 1910 5229 Iuda-us,
1942 5170 2034 5207 seu
2078 5154 2251 5222 Syna-

683 5262 873 5313 Sogam
929 5246 1131 5312 rejecit,
1191 5260 1352 5314 quam
1406 5260 1501 5313 per
1540 5243 1723 5299 Mosen
1760 5258 1921 5311 atque
1946 5246 2115 5311 legem
2144 5246 2248 5299 sibi

751 5390 771 5417 °
801 5390 908 5465 Isa1
938 5403 1012 5465 ei,
1180 5386 1403 5465 “Nunt.
1434 5404 1506 5453 xi,
1534 5387 1684 5443 6-9.9.
1762 5389 1801 5418 “
1841 5388 1974 5445 Gen.
2013 5405 2085 5457 tv,
2119 5395 2172 5446 4.
2250 5394 2291 5426 ¹²
2326 5394 2498 5465 Ηὶθς.
2536 5408 2651 5455 vni,
2692 5392 2780 5445 30.

685 5460 768 5511 Ii.
865 5460 909 5489 "
950 5458 1136 5510 Matth.
1172 5474 1261 5524 xv,
1291 5458 1381 5510 24.

1888 245 2204 305 ANDRON
2218 244 2318 302 ICI
2352 244 2693 310 COMNENI
2880 252 2897 275 "
3804 254 3869 313 816

698 358 939 411 viviticus
973 355 1225 426 Spiritus,
1258 369 1317 409 ex
1350 358 1510 407 Patre
1553 367 1775 406 manans
1808 350 1943 421 (lt),
1974 360 2027 403 et
2058 352 2108 403 in
2136 350 2270 403 Filio
2300 352 2343 406 Α
2374 352 2703 421 vindicavit;
2758 356 2989 411 maxime
3049 373 3272 427 quorum
3300 375 3331 416 c
3371 363 3540 432 stirpe
3570 363 3813 417 hominem
3830 368 3877 417 h-

2343 1814 2547 1875 ,eaqne’
2575 1816 2653 1861 tot
2692 1806 2805 1878 jam
2851 1819 3036 1864 aetates
3082 1812 3300 1866 immota
3337 1813 3557 1867 durant.
3607 1813 3888 1883 Primigenia

2326 3202 2329 3205 -
2363 3174 2583 3233 propter
2606 3179 2702 3218 vos
2734 3162 2947 3219 Judaeos
2981 3165 3267 3231 tollendum
3301 3177 3441 3231 erat,
3480 3184 3578 3233 nec
3604 3171 3757 3224 bonis
3787 3162 3929 3238 prae-1

2374 451 2517 496 etum
2550 459 2749 513 corpus
2777 450 2929 500 suum
2966 450 3331 517 ,assumpsisse
3358 452 3691 521 perhibetis?
3721 452 3827 506 Nam
3848 458 3875 509 si

2371 537 2635 588 servando
2690 536 2965 593 hominum
3012 542 3193 609 generi
3252 540 3413 595 homo
3444 542 3613 597 factus
3634 554 3729 607 est,
3760 545 3877 597 multo

2371 626 2540 707 magis
2599 643 2715 693 nos,
2743 646 2903 698 quam
2967 633 3100 686 alios
3135 635 3343 689 admitti
3376 638 3678 705 oportebat,
3702 654 3875 707 quorum

2375 715 2440 771 ab
2494 727 2653 786 gente
2704 717 2794 771 Dei
2846 722 3035 773 notitia
3065 734 3463 799 perparentem
3492 725 3875 779 nostrumAhra-

2372 805 2588 858 hamum
2643 808 2931 874 prodierit;
2964 824 3027 862 ac
3061 820 3168 863 tum
3198 812 3426 864 fortasse
3458 823 3672 866 exteros
3696 827 3875 880 quoque,

2370 896 2415 948 si
2448 896 2679 961 volebat,
2720 913 2813 965 pro
2845 900 3181 953 humanitate
3210 917 3304 954 sua
3343 903 3629 957 asciscere.
3665 901 3876 956 Ilocenim

2370 1001 2466 1039 nos
2493 987 2571 1040 vel
2615 986 2665 1041 in
2701 990 2887 1056 primis
2915 991 3136 1058 inducit,
3171 1008 3238 1046 ne
3275 994 3418 1047 hunc
3456 1008 3574 1048 eSse
3607 994 3745 1047 illum
3765 993 3879 1046 Musis

2368 1080 2535 1133 Dentn
2567 1080 2849 1135 fateamur.

2370 1232 2378 1239 ε
2435 1169 2655 1226 Cnmsr.
2696 1173 2988 1227 Sciendum
3025 1189 3151 1230 vero
3181 1186 3301 1241 est,
3349 1178 3441 1231 Dei
3492 1178 3633 1232 dona
3671 1193 3781 1234 esse
3808 1179 3880 1230 im-

2369 1264 2687 1330 mutabilia;
2723 1280 2842 1319 nam
2874 1282 2996 1323 cum
3031 1268 3259 1337 simplex
3294 1271 3384 1334 sit,
3424 1272 3687 1340 simplicia
3714 1286 3881 1341 quoque

2368 1371 2462 1409 sua
2500 1344 2773 1409 'beuelicia
2812 1356 2995 1412 locare
3027 1356 3186 1414 solet.
3225 1361 3501 1434 A‘tquejd
3554 1377 3734 1416 verum
3779 1375 3880 1419 esss.

2368 1460 2435 1499 ex
2458 1444 3058 1512 insensibilibusrebus
3088 1451 3458 1518 conjecturam
3496 1454 3693 1517 facere,
3725 1464 3773 1506 et
3795 1466 3884 1518 per-

2369 1538 2579 1606 spicere
2626 1548 2730 1593 cst.
2766 1526 2915 1591 Nam
2949 1550 3002 1593 et
3030 1540 3167 1595 ccelo
3214 1557 3507 1612 perennem
3556 1545 3882 1607 mobilitatem,

2365 1632 2420 1680 et
2450 1626 2549 1680 soli
2583 1626 2944 1694 splendorem,
2990 1645 3052 1684 ac
3086 1631 3243 1696 lunae,
3281 1648 3348 1687 ne
3374 1633 3584 1702 singula
3618 1622 3886 1703 persequar,

2370 1729 2426 1770 et
2466 1718 2577 1772 sole
2609 1717 2790 1772 lumen
2826 1720 2967 1773 haud
3022 1737 3150 1776 sane
3199 1722 3489 1788 obnoxius,
3539 1716 3760 1793 largitus
3799 1734 3883 1785 est;

2370 1909 2551 1951 autem
2604 1900 2813 1967 parenti
2868 1901 3092 1969 ejusque
3140 1904 3378 1971 posteris
3435 1920 3667 1969 munus,
3716 1903 3887 1957 arbitrii

2367 1985 2676 2051 libertatem
2711 1991 2876 2044 dedit.
2916 1990 3086 2059 Ilujus
3129 1993 3304 2060 gratia
3340 1995 3524 2048 Abelis
3553 1995 3707 2049 donis
3743 1994 3887 2063 propi‘

2371 2075 2500 2141 tius,
2548 2076 2679 2130 Cain
2716 2079 2978 2146 despexit,
3026 2096 3123 2149 pro
3173 2082 3455 2150 utriusque
3488 2085 3703 2153 ingenio
3726 2086 3783 2138 “.
3819 2086 3890 2136 At-

2368 2180 2473 2234 que
2506 2183 2569 2219 ex
2600 2161 2665 2221 eo
2696 2167 2979 2234 hactenus,
3010 2186 3077 2225 ne
3108 2172 3416 2227 satietatem
3452 2173 3683 2229 dicendo
3707 2176 3889 2229 atferam
3928 2161 3929 2231 Ῐ

2370 2258 2623 2322 (satietas
2656 2260 2797 2313 enim
2842 2262 3105 2317 orationis
3162 2263 3381 2320 inimica
3427 2277 3511 2320 est
3564 2260 3831 2333 auribus),
3870 2278 3892 2316 ο

2369 2347 2537 2402 malos
2573 2350 2733 2413 male,
2768 2360 2821 2403 et
2847 2351 3016 2407 bones
3054 2354 3283 2423 benigne
3318 2356 3531 2424 accipit,
3572 2366 3628 2410 ut
3670 2358 3893 2426 cujusque

2368 2440 2609 2493 actiones
2640 2451 2693 2493 et
2725 2440 2864 2495 facta
2898 2445 3196 2498 merentur.
3232 2445 3285 2499 Id
3316 2446 3457 2514 quod
3488 2462 3585 2515 per
3606 2448 3775 2500 virum
3800 2446 3892 2505 Dei,

2367 2531 2460 2597 qui
2494 2529 2609 2585 lleli
2643 2531 2874 2585 filiorum
2912 2534 3121 2587 scelera
3170 2534 3559 2602 exprobrabat,
3617 2536 3702 2590 bis
3744 2536 3894 2589 verbis

2370 2629 2642 2678 testatur:
2682 2640 2700 2673 ι
2742 2622 3056 2692 Quicunque
3104 2625 3489 2693 gloriﬂcarerit
3544 2642 3669 2692 me,
3720 2622 3929 2697 gloriti-i

2367 2711 2498 2765 cabo
2526 2726 2647 2765 eum
2680 2728 2691 2764 :
2723 2714 2810 2781 qui
2842 2724 3018 2767 autem
3052 2725 3407 2769 contemnunt
3428 2730 3535 2779 me,
3573 2724 3731 2771 erunt
3771 2715 3895 2783 igno-

2364 2800 2501 2857 biles
2531 2803 2595 2855 ".
2634 2822 2652 2855 ι

2959 2893 3189 2949 CAPUT
3229 2895 3321 2953 XI.

2801 2985 2879 3039 De
2910 2985 3093 3039 diuina
3132 2987 3495 3047 Providentia.
3928 2985 3929 3043 ἒ

2434 3070 2573 3137 Quid
2613 3070 2817 3141 igitur?
2851 3087 3138 3127 commune
3184 3075 3288 3129 hoc
3331 3077 3686 3140 humanitatis
3726 3062 3929 3141 donnmi

2363 3256 2468 3307 mia
2509 3254 2816 3320 tribuenda,
2854 3258 2969 3309 nec
2997 3255 3152 3310 malis
3184 3259 3449 3325 supplicia
3494 3258 3817 3330 irroganda?

2431 3338 2551 3393 Jun.
2587 3339 2824 3395 Minime.

2433 3428 2657 3482 Cunis'r.
2696 3429 2847 3493 Quod
2879 3429 2924 3482 si
2958 3430 3007 3482 id
3046 3431 3181 3484 adeo
3216 3432 3512 3486 absurdum
3550 3438 3802 3501 censetis,
3836 3412 3929 3485 vel;

2360 3535 2493 3572 sane
2513 3521 2791 3587 judicatis,
2823 3534 2943 3590 quae
2974 3522 3075 3574 alia
3102 3522 3283 3588 opifici
3319 3523 3428 3577 Deo
3451 3526 3755 3579 adhibenda
3782 3506 3929 3593 erat,

2362 3626 2462 3666 nec
2494 3611 2731 3664 adhibita
2766 3612 3249 3681 est/procuratio?
3295 3615 3375 3666 An
3425 3629 3530 3667 non
3578 3617 3716 3685 apud
3753 3618 3929 3675 Aura-1

2364 3702 2579 3754 hamum
2613 3702 2845 3769 epulari,
2884 3704 2974 3771 qui
3017 3704 3220 3757 nullius
3252 3714 3457 3772 egeret,
3492 3696 3929 3785 sustinuit?An-§

2363 3810 2467 3845 non
2506 3794 2758 3860 deinceps
2788 3793 3074 3862 perlsaac,
3106 3803 3160 3848 et
3188 3793 3379 3859 Jacob,
3412 3812 3474 3850 ac
3508 3798 3790 3852 duodecim
3826 3788 3929 3867 paci

2363 3884 2649 3947 triarchas,
2698 3885 2955 3952 unigeniti
3005 3885 3125 3937 Filii
3166 3886 3592 3942 iurearnationem
3640 3892 3787 3945 varie
3825 3874 3929 3957 deoi

2363 3972 2533 4035 texit;
2584 3972 2659 4024 uti
2700 3982 2812 4025 tum
2865 3974 2915 4025 in
2966 3972 3161 4034 Genesi
3209 3986 3263 4029 et
3311 3974 3518 4042 Exodo,
3567 3987 3821 4049 tanquam
3864 3966 3929 4037 iui

2361 4062 2691 4130 mnigmate,
2746 4063 2947 4117 clamat
2999 4063 3217 4119 Moses?
3272 4066 3407 4119 Tum
3461 4080 3639 4123 autem
3689 4070 3778 4139 qui
3826 4084 3929 4147 vos;

2308 4184 2314 4189 -
2360 4155 2658 4208 crassiores
2695 4156 2878 4216 sciret,
2926 4156 3227 4210 crassiores
3274 4159 3436 4211 etiam
3487 4160 3788 4215 solutiones
3832 4154 3929 4227 per?

2364 4258 2511 4297 vates
2575 4245 2838 4299 adhibuit.
2908 4243 3048 4309 Quid
3118 4248 3260 4300 enim
3311 4248 3395 4302 bis
3446 4247 3699 4305 Jeremize
3750 4254 3929 4306 verbis.

2361 4338 2608 4391 clarius?
2649 4354 2667 4387 ι
2703 4337 2801 4391 IIic
2825 4348 2908 4391 est
2941 4338 3082 4392 Dens
3110 4350 3318 4405 noster,
3348 4351 3403 4394 et
3430 4356 3535 4395 non
3568 4320 3929 4398 aestiniabinirj

2359 4430 2496 4480 alius
2546 4429 2805 4482 adversus
2850 4442 2995 4482 eum.
3046 4427 3144 4483 llic
3194 4430 3475 4485 adinvcnit
3525 4448 3739 4489 onmem
3772 4432 3929 4507 simul

2359 4519 2679 4586 disciplinm,
2732 4532 2787 4573 ct
2838 4520 3059 4572 tradidit
3102 4520 3250 4574 illam
3286 4519 3457 4576 Jacob
3503 4538 3670 4591 puero
3703 4540 3822 4587 suo,
3871 4534 3929 4579 Eli

2358 4610 2521 4664 Israel
2551 4611 2747 4664 dilecto
2790 4626 2907 4664 suo.
2950 4607 3085 4664 Post
3105 4612 3218 4665 haec
3254 4612 3304 4664 in
3342 4614 3503 4665 terris
3539 4614 3686 4667 visus
3730 4624 3829 4675 est,
3869 4622 3929 4673 ct;

2358 4717 2477 4754 cum
2514 4702 2818 4754 numinibus
2850 4712 3208 4755 conversatus
3238 4712 3319 4755 est
3349 4701 3418 4756 ⁸³.
3454 4720 3474 4753 ι
3510 4703 3616 4755 Aut
3644 4704 3755 4758 illis
3779 4696 3929 4757 Isaia:i

2357 4793 2485 4859 quid
2512 4791 2725 4858 aptius?
2755 4808 2773 4840 ‹
2804 4789 2943 4843 Ecce
2964 4790 3127 4859 Virgo
3149 4792 3437 4859 concipiet,
3467 4800 3521 4844 et
3542 4793 3929 4859 parietfiliump

2357 4894 2409 4935 et
2455 4882 2732 4935 vocabitur
2784 4897 2978 4933 nomen
3037 4882 3157 4948 ejus
3225 4882 3541 4935 Emmanuel
3578 4884 3652 4943 “;
3696 4903 3714 4933 ι
3770 4874 3929 4951 quasi

2359 4980 2507 5032 dicas
2542 4996 2555 5031 :
2586 4976 2874 5030 Nobiscum
2913 4976 3076 5041 Deus,
3126 4989 3179 5031 ct
3210 4994 3332 5047 qum
3386 4980 3587 5049 reliqua
3638 4991 3768 5036 sunt
3812 4972 3929 5051 (είς-ξ

2361 5070 2505 5122 riora
2540 5081 2718 5120 vatum
2753 5070 3039 5135 praeconia.
3088 5070 3311 5123 Demum
3367 5072 3486 5140 ipse
3525 5088 3742 5141 quoque
3775 5086 3929 5126 ortus

2361 5160 2664 5215 Servator:
2705 5179 2723 5212 ί
2758 5160 2871 5213 Νοη
2906 5175 3024 5212 sum
3063 5163 3285 5225 missus,
3324 5163 3516 5230 inquit,
3567 5166 3670 5217 nisi
3706 5169 3771 5217 ad
3808 5144 3929 5227 per.1

2360 5255 2499 5307 ditas
2538 5268 2667 5307 oves
2694 5252 2887 5305 domus
2918 5250 3078 5306 Israel
3105 5254 3168 5304 ¹⁸.
3203 5270 3223 5303 ο
3265 5252 3517 5308 Proditus
3552 5272 3704 5320 vero,
3740 5266 3795 5309 et
3843 5248 3929 5306 se:

2857 5391 2900 5421 ³³
2941 5391 3143 5448 Barncli
3212 5408 3293 5461 In,
3325 5392 3415 5459 57,
3456 5392 3547 5448 '58.
3628 5396 3796 5451 “Isa.
3830 5413 3916 5457 vn,

761 5597 874 5666 (l6)
936 5600 1008 5653 De
1040 5601 1389 5667 processlonc
1447 5598 1678 5665 Spiritus
1706 5596 1877 5651 saneti
1912 5598 2147 5666 loquitur
2174 5610 2361 5653 auctor
2382 5598 2505 5661 iste,
2534 5606 2592 5651 ut
2622 5597 2858 5652 Graecus.
