3952 6328
70 395 158 457 817

1118 351 1504 453 nutriens
1541 391 1841 475 CONTRA
1878 351 2209 471 rubeos.

73 510 255 576 pullus,
302 516 462 575 atque
508 507 802 563 suscitatus
830 548 843 570 ,
897 516 1009 562 tum
1039 484 1333 574 discipulis
1369 507 1610 578 gentium
1638 508 1684 563 Α
1714 515 1860 571 sunt,
1883 512 2042 575 atqu'e
2066 520 2094 559 a
2118 505 2373 576 felicitate
2397 504 2577 560 alieni.
2600 502 2800 557 llorum
2825 501 2974 570 lsaac
2996 496 3264 564 duplicem
3294 492 3296 495 ’

73 597 294 667 quoque.
317 599 674 653 eruditionem
718 601 1032 663 mandavit,
1086 602 1314 665 dicens;
1353 620 1370 651 ι
1415 600 1609 654 Euntes

75 691 245 741 docete
271 703 456 742 omnes
497 698 720 757 gentes,
769 689 1103 756 baptizantes
1153 705 1247 761 eos
1291 690 1343 744 in
1394 692 1609 743 nomine

74 776 234 829 Patris
263 787 316 830 et
371 774 494 830 Filii
545 787 599 830 et
648 778 884 846 Spiritus
920 782 1092 834 sancti
1123 781 1188 834 “.
1228 798 1244 832 ι
1291 781 1345 836 ld
1385 781 1527 852 quod
1556 791 1610 836 et

75 866 364 924 Salomonis
400 870 664 938 sapientia
717 871 1004 938 praedixit:
1043 890 1060 922 ‹
1098 871 1232 937 Quia
1281 873 1505 935 vocavi,
1555 880 1610 936 ct

75 957 356 1010 renuistis:
407 960 735 1028 despexistis
773 976 930 1016 omne
973 963 1253 1015 censilium
1296 978 1510 1027 meum,
1557 972 1610 1017 et

75 1050 457 1116 increpationes
489 1067 636 1104 meas
667 1053 1016 1121 neglexistis;
1067 1069 1164 1123 ego
1195 1070 1407 1124 quoque
1441 1056 1491 1107 in
1526 1056 1617 1108 iri--

75 1135 220 1193 ιρι-ἱιύ
248 1151 428 1195 vestro
467 1144 674 1207 ridebo,
706 1155 759 1198 et
789 1146 1159 1211 subSannabo,
1197 1160 1321 1198 cum
1350 1145 1507 1200 vobis
1536 1145 1609 1211 id,

73 1231 203 1295 quod
255 1230 547 1293 timebatis,
584 1233 860 1287 advenerit
885 1233 949 1287 ".
982 1253 1002 1283 ι
1051 1234 1233 1303 Itaque
1280 1235 1426 1287 varie
1473 1234 1612 1289 Deus

73 1319 216 1371 saluti
252 1331 445 1372 vestrae
493 1324 846 1388 procuranda:
883 1324 1121 1385 studuit;
1155 1337 1326 1392 eoque
1371 1325 1608 1384 nomine,

71 1409 198 1473 quod
233 1411 538 1475 renueritis,
567 1421 755 1479 gentes
779 1427 876 1469 vos
903 1412 1268 1480 damnabunt;
1294 1414 1436 1482 quod
1462 1415 1608 1480 ipsae,

74 1496 357 1550 ludzorum
387 1499 733 1564 adiumentis,
774 1516 895 1570 quae
937 1503 1076 1557 Deus
1111 1505 1238 1558 olim
1272 1505 1609 1576 per'Mosett,

76 1602 165 1668 qua
202 1587 254 1640 in
287 1589 510 1668 Genesi,
545 1605 647 1657 qua
683 1590 733 1644 in
763 1592 965 1656 Exodo,
1005 1602 1062 1646 ut
1092 1594 1351 1659 diximus,
1382 1596 1611 1650 obscure

76 1679 352 1744 proposuit,
391 1693 455 1731 ac
487 1690 602 1748 post
631 1681 792 1735 etiam
825 1678 1238 1740 dilucidioribu‘s
1268 1696 1450 1741 vatum
1485 1702 1611 1743 ora-

74 1765 193 1820 culis
250 1771 510 1835 acceptis,
563 1769 788 1838 iustitiae
839 1769 1019 1828 lumen
1068 1776 1402 1830 admiserunt
1434 1795 1448 1831 :
1477 1793 1606 1843 vos,

75 1869 278 1921 quorum
313 1873 479 1911 causa
513 1860 628 1913 bzec
658 1853 834 1916 omnia
867 1865 1176 1934 conscripta
1207 1874 1353 1929 sunt,
1385 1867 1608 1936 quibus-

73 1959 162 2010 que
190 1956 338 2000 vates
365 1964 528 2004 suum
561 1953 876 2021 sanguinem
901 1953 1176 2020 fuderunt,
1213 1971 1330 2021 vos,
1365 1958 1605 2027 inquam,

77 2036 259 2101 reiecto
303 2039 436 2104 sole,
475 2041 725 2096 tenebras
757 2057 853 2111 pro
897 2047 1118 2111 perenni
1165 2047 1285 2102 luce
1325 2048 1606 2117 elegistis;

75 2127 250 2190 quibus
298 2139 475 2182 tamen
527 2130 897 2191 illuminandis
952 2135 1068 2203 ipse
1124 2150 1337 2207 quoque
1394 2140 1607 2194 demum

74 2216 364 2282 unigenitus
399 2220 492 2274 Dei
534 2221 700 2277 Filius
742 2233 797 2278 et
838 2224 929 2280 lux
958 2235 1190 2283 aeternae
1228 2229 1361 2284 lucis
1385 2269 1400 2295 ,
1453 2245 1607 2286 suum

73 2319 268 2370 quoque
312 2313 630 2380 sanguinem
677 2303 846 2385 fudit,
1546 2323 1550 2328 ’

129 2392 238 2448 ira.
273 2396 327 2449 Si
361 2412 491 2452 vere
530 2401 685 2456 nobis
711 2406 989 2472 osuzndes,
1037 2408 1241 2475 Mosen,
1272 2419 1378 2464 tum
1411 2412 1463 2465 in
1495 2412 1608 2466 Ce-

75 2488 188 2549 nesi,
220 2495 332 2540 tum
363 2489 428 2560 in
449 2489 636 2545 Exodo
665 2493 733 2547 de
760 2494 847 2551 bis
873 2495 1138 2563 locutum,
1174 2509 1228 2554 et
1267 2510 1440 2556 tecum
1487 2517 1606 2557 sen-

74 2576 267 2638 tiemus,
303 2587 356 2630 et
391 2581 694 2638 credemus.
966 2590 968 2592 ’

130 2663 343 2719 Csars'r.
372 2668 426 2729 Si
459 2672 764 2725 crassiores
797 2676 1181 2742 prophetarum
1207 2679 1608 2746 praedictiones,

75 2765 233 2819 aperte
265 2755 356 2810 Dei
389 2758 586 2812 Filium
619 2764 1001 2830 praedicantes,
1038 2768 1201 2822 vestri
1237 2768 1470 2838 majores
1502 2787 1605 2825 non

75 2846 372 2913 audierunt;
420 2849 676 2924 scilicet,
726 2853 963 2909 Mosaiea
1016 2858 1172 2912 vobis
1227 2861 1448 2926 scripta,
1487 2877 1607 2930 quae

77 2948 160 2986 non
211 2936 430 3003 palam,
488 2941 580 2993 sed
630 2941 858 2998 obscure
906 2947 1088 3001 omnia
1132 2950 1403 3018 produnt,
1456 2952 1606 3007 vobis

75 3025 244 3081 lacient
281 3029 462 3084 iidem.

641 3165 868 3223 CAPUT
908 3167 1023 3224 ΧΠ.

127 3273 226 3327 Cur
261 3274 396 3329 Deus
433 3275 629 3331 arcana
663 3279 786 3346 ﬁdei
820 3279 1052 3340 homines
1086 3284 1240 3340 initio
1267 3287 1533 3342 celaverit.

131 3385 236 3441 leo.
280 3386 343 3440 Et
369 3403 465 3442 cur
492 3400 671 3444 autern
704 3407 808 3445 non
839 3393 1050 3461 planius
1085 3400 1328 3465 aperuit?

133 3472 340 3528 Cunrsr.
383 3476 513 3530 Erat
541 3467 662 3532 tum
710 3480 1185 3551 intempestivum,
1236 3494 1294 3539 ut
1340 3489 1606 3557 dicebam,

78 3560 116 3611 id
144 3565 382 3630 prodere.
421 3565 554 3619 Nam
585 3569 631 3622 si
664 3570 729 3624 de
757 3570 1085 3629 Cherubinis
1136 3586 1296 3645 atque
1350 3578 1607 3648 Seraphi-

79 3652 168 3714 Itis,
211 3666 373 3721 atque
404 3657 552 3710 omni
600 3659 810 3714 caelesti
863 3664 1120 3718 satellitio
1165 3669 1422 3735 prapiteta
1473 3671 1606 3724 nihil

80 3744 308 3808 prodidit,
339 3746 594 3814 quas'res
639 3751 776 3818 apud
812 3766 871 3806 se
915 3743 1196 3823 explorate
1236 3761 1482 3827 cognitas
1511 3763 1607 3815 ba-

80 3832 222 3898 beret,
252 3835 347 3917 sed
398 3850 461 3889 ex
500 3841 944 3906 aspectabilibus,
996 3845 1097 3899 sub
1125 3861 1447 3917 sensumque
1480 3852 1608 3905 sub-

75 3919 208 3985 jectis
239 3927 447 3995 erigere
481 3943 581 3980 nos
608 3930 842 3997 primum
876 3933 942 3987 ad
986 3935 1078 3989 Dei
1126 3938 1369 3992 notitiam
1401 3941 1601 4006 voluit;

79 4023 254 4074 quanto
302 4018 476 4085 magis
528 4020 597 4072 de
657 4024 922 4089 perenni,
979 4034 1033 4077 et
1091 4029 1344 4095 temporis
1390 4041 1606 4098 experte

80 4098 336 4171 Trinitate,
373 4118 466 4161 aut
497 4107 618 4163 Filii
652 4110 1206 4184 incarnatione‘iquae
1231 4130 1284 4172 et
1317 4128 1393 4172 tot
1427 4131 1602 4175 vatum

82 4189 264 4279 indiciis
312 4198 614 4266 patefacta,
664 4210 716 4256 et
757 4217 920 4271 porro
962 4207 1200 4262 exhibita
1234 4224 1298 4262 ac
1340 4210 1599 4279 perfecta,

82 4278 313 4338 hactenus
352 4299 383 4338 tt
428 4286 581 4340 vobis
617 4299 862 4357 negatur.
919 4291 1020 4346 Sed
1061 4295 1310 4348 nimirum
1343 4278 1601 4365 quaecun-

81 4382 180 4436 que,
228 4383 288 4428 ut
338 4375 574 4452 aiebam,
609 4376 896 4433 obscurius
944 4381 1099 4445 dixit,
1149 4385 1354 4439 duabus
1407 4389 1488 4452 bis
1532 4391 1600 4444 de

80 4459 229 4513 causis
284 4449 610 4518 focilatam
667 4474 728 4521 ttt
790 4467 966 4521 divina
1022 4485 1082 4523 se
1142 4473 1330 4526 notitia
1385 4449 1597 4544 plenum

83 4554 397 4639 ostenderet;
456 4563 568 4609 tum
629 4567 688 4611 ut
746 4560 835 4626 qui
893 4572 1013 4627 post
1065 4577 1126 4617 se
1173 4565 1363 4619 eodem
1406 4570 1598 4637 spiritu

84 4652 232 4693 essent
272 4643 476 4709 aﬂ'eeti,
516 4659 581 4699 ex
613 4649 911 4716 anigmatis
944 4655 1008 4704 ad
1055 4653 1297 4707 divinum
1348 4640 1598 4723 splendo-

84 4741 170 4780 rem
197 4732 546 4802 erigerentur.
598 4735 784 4804 Itaque
834 4738 1222 4796 infructuosum
1275 4744 1348 4800 sit
1394 4759 1457 4800 ea
1506 4763 1599 4804 vos

83 4816 262 4874 ducere.

136 4909 237 4968 tuo.
269 4913 380 4968 lino
409 4930 536 4976 vero
569 4931 836 4986 rogamus,
869 4922 1070 4973 dissere
1117 4923 1268 4976 nobis
1317 4938 1378 4978 ea
1406 4965 1420 4989 ,
1475 4943 1594 4997 quae

85 5015 182 5056 sunt
207 5021 269 5057 ex
300 5004 449 5059 Diosc
481 5005 782 5076 desumpta.
824 5008 954 5062 Nam
1001 5021 1054 5064 et
1095 5012 1386 5081 principem
1428 5031 1457 5068 a
1492 5019 1596 5072 Deo

85 5102 226 5146 valent
253 5094 439 5149 Mosen
468 5097 798 5164 accepimus,
830 5106 886 5150 et
918 5098 962 5151 is
997 5113 1061 5152 ex
1097 5099 1329 5170 Egypto
1380 5103 1600 5158 eductos

85 5180 122 5230 in
150 5182 228 5248 De]
258 5186 503 5237 notitiam
536 5186 768 5242 induxit.

87 5339 91 5349 ι
135 5272 340 5328 Custsr.
375 5273 541 5343 Igitur
572 5291 600 5327 a
637 5278 810 5344 primo
854 5277 945 5331 Dei
996 5287 1210 5332 amante
1259 5281 1491 5348 homine,
1543 5285 1592 5338 id

84 5371 162 5421 est,
193 5354 512 5430 Abrahaino,
546 5367 843 5420 ordiamur.
879 5366 937 5419 Ei
978 5369 1082 5421 duo
1111 5379 1263 5423 erant
1294 5374 1426 5436 nati,
1455 5389 1593 5429 unus

86 5462 132 5501 ex
161 5455 362 5535 ancilla,
389 5456 528 5509 alter
555 5469 624 5535 ex
649 5456 840 5520 libera.
871 5456 1005 5511 Nam
1033 5462 1210 5513 caeteri
1238 5462 1356 5514 sine
1382 5463 1596 5518 nomine

137 5651 170 5680 "
207 5653 388 5707 ΙΙ.ιῑιΙι.
425 5670 610 5718 xxvrtr,
645 5655 726 5708 19.
805 5659 848 5689 ¹⁷
889 5658 1042 5712 Prov.
1076 5676 1113 5723 ι,
1144 5661 1234 5720 2i.
1263 5661 1354 5715 23.

1449 5664 1493 5694 ’⁸
1531 5664 1669 5720 Osee
1717 5681 1752 5729 ι,
1796 5663 1849 5716 Si.

88 5724 290 5780 "11.9..
336 5725 380 5756 ²¹
421 5726 548 5780 ibid.
592 5725 672 5780 l2.
750 5727 794 5758 "
835 5729 963 5782 ibid.
1004 5730 1087 5782 l9.
1163 5734 1208 5762 ’δ
1246 5731 1378 5785 Gen.
1420 5749 1525 5793 xvr.
1574 5735 1624 5791 4.

1710 596 1877 666 gessit
1928 597 2154 667 ﬁguram
2191 611 2205 648 :
2241 609 2400 648 unam
2456 594 2646 648 ordine
2701 587 2992 651 naecendi;
3037 584 3266 640 electum

1664 676 1667 683 ’
1710 704 1775 742 ex
1820 687 2068 758 gentibus
2091 686 2378 755 populum,
2431 685 2650 739 Christo
2688 683 3026 735 adhaesurum
3062 675 3266 731 refere-

1711 779 1800 832 bat
1823 795 1838 843 ;
1869 779 2028 832 modo
2055 785 2236 831 autem
2264 777 2538 840 nascendi,
2569 785 2623 828 et
2649 770 3036 832 immolatione,
3058 765 3260 820 Christi

1714 869 1922 925 Domini
1964 870 2301 923 nativitatem
2335 876 2389 920 et
2437 876 2663 919 mortem
2719 862 3019 932 ﬁgurabat:
3075 854 3272 945 lsmscl»

1712 970 1897 1014 contra
1930 969 2112 1030 typum
2147 959 2415 1027 expressit
2467 957 2702 1010 Judalcac
2743 951 2917 1022 gentis
2952 968 2965 1004 :
3000 944 3160 1016 atque
3192 944 3267 999 id

1711 1066 1898 1104 verum
1935 1065 2075 1113 esse,
2108 1049 2230 1104 audi
2262 1050 2426 1104 Deum
2460 1047 2597 1102 Osee
2632 1046 2970 1099 mandantem
3003 1057 3016 1094 :
3052 1051 3078 1090 ι’
3105 1037 3269 1091 Sume

1713 1140 1808 1194 tibi
1844 1155 2063 1194 uxorem
2104 1139 2548 1198 fornicationum,
2586 1145 2640 1191 et
2669 1135 2759 1188 fac
2797 1134 2890 1187 tibi
2933 1131 3069 1184 ﬁlios
3097 1126 3267 1182 forni-

1711 1228 1988 1282 Cationttm
2023 1245 2038 1282 :
2080 1227 2204 1294 quia
2258 1227 2530 1281 iornicans
2563 1222 2917 1278 fornicabitur
2943 1216 3268 1272 universitas

1709 1317 2014 1371 Judteorum
2043 1332 2071 1370 a
2099 1316 2326 1370 Domino
2352 1317 2416 1379 ¹⁸,
2444 1315 2796 1384 quamobrem
2828 1326 2931 1365 non
2962 1324 3097 1362 uxor
3123 1321 3267 1370 mea,

1709 1416 1764 1460 et
1793 1422 1891 1474 ego
1924 1422 2026 1460 non
2057 1407 2140 1461 vir
2167 1407 2283 1476 ejus
2312 1406 2375 1458 ¹⁹.
2411 1425 2428 1458 ι
2460 1404 2664 1470 Quibus
2691 1403 2869 1456 verbis
2901 1397 3263 1454 sacerdotium

1712 1512 1928 1566 quoque
1978 1497 2349 1565 abrogandum
2397 1494 2672 1547 innuebat.
2714 1491 2846 1546 Cum
2896 1491 3038 1544 enim
3090 1501 3266 1540 mere-

1713 1588 1899 1643 tricata
1931 1598 2078 1641 esset
2112 1585 2476 1656 (‘Synagoga),
2507 1578 2733 1637 multata
2769 1588 2850 1635 est
2890 1572 3055 1661 regno
3086 1585 3140 1631 et
3172 1591 3262 1630 ως

1712 1662 1956 1732 ρει-σοιῑό
1982 1683 2102 1745 post
2127 1673 2331 1730 Christi
2357 1676 2667 1737 adventum,
2701 1671 2792 1742 qui
2826 1671 3076 1741 princeps
3103 1681 3263 1722 verus

1712 1777 1797 1824 est
1825 1775 1985 1837 atque
2015 1775 2215 1823 rector.
2313 1837 2321 1844 ‘

2285 1856 2512 1911 CAPUT
2551 1854 2691 1910 Xlll.

2011 1969 2259 2025 Iudaica:
2292 1969 2459 2037 gentis
2500 1984 2531 2020 a
2576 1956 2954 2042 Deo'defectia.

1783 2087 1945 2155 igitur
1976 2085 2020 2140 si
2053 2100 2156 2142 non
2179 2092 2263 2140 est
2283 2083 2348 2138 iis
2371 2066 2824 2140 sacerdotiumﬁit
2847 2069 2992 2131 certe
3023 2090 3129 2129 non
3157 2083 3262 2137 est,

1710 2180 1930 2233 evidens
1948 2185 2031 2232 est
2061 2191 2153 2229 eos
2183 2171 2689 2238 meretrieari.INam
2717 2181 2944 2232 quorum
2975 2166 3266 2234 illegitima

1709 2276 1836 2329 sunt
1867 2265 2088 2340 nuptia’,
2117 2265 2150 2318 ii
2189 2263 2506 2317 adulterium
2527 2259 2889 2315 committunt.
2909 2256 3061 2322 Quod
3087 2258 3129 2311 si
3151 2257 3262 2338 jam

1708 2370 1896 2412 omnes
1947 2341 2302 2417 fornicamur,
2350 2356 2512 2424 atque
2539 2362 2619 2404 ex'
2653 2347 2918 2404 adulterio
2944 2355 3261 2411 nascuntur,

1710 2464 1894 2504 omnes
1926 2447 2096 2516 spurii
2123 2455 2271 2500 sunt.
2327 2432 2460 2497 «De
2493 2452 2676 2498 scorto
2723 2450 2901 2495 autem
2958 2447 3138 2503 natus,
3185 2439 3265 2493 ait

1709 2539 1871 2594 Musis
1899 2539 2007 2602 lex,
2042 2553 2150 2592 non
2187 2535 2520 2607 ingredietur
2554 2534 2850 2591 Ecclesium
2903 2532 3114 2604 Domini
3139 2532 3205 2585 ".
3237 2549 3267 2583 ι.

1781 2629 1971 2697 Operae
2003 2627 2229 2697 pretium
2272 2632 2355 2680 est
2403 2635 2584 2679 autem
2633 2615 2893 2692 quaerere,
2942 2621 3040 2676 cur
3082 2634 3112 2675 a
3152 2619 3265 2676 Deo

1710 2722 1884 2777 [cadus
1910 2716 2340 2773 eireumeisionis
2368 2725 2582 2784 paetum
2612 2715 2685 2769 sit
2717 2715 2770 2768 in
2803 2701 3048 2776 lsmaele,
3077 2721 3131 2767 et
3157 2727 3263 2768 non

1709 2814 1761 2868 in
1789 2811 1981 2866 lsaac?
2012 2810 2121 2877 Ego
2159 2807 2364 2863 aﬂirmo
2391 2822 2608 2862 causam
2645 2806 2834 2871 fuisse,
2861 2805 3001 2875 quod
3027 2805 3263 2883 circum-

1709 2902 1843 2956 cisio
1870 2900 2254 2954 eratdesitura
2287 2914 2303 2952 :
2335 2905 2498 2967 atque
2545 2897 2596 2952 id
2644 2911 2830 2950 verum
2878 2909 3018 2962 esse,
3064 2909 3128 2949 ex
3173 2895 3261 2951 bis

1710 2993 1801 3047 Dei
1850 2992 1917 3046 ad
1964 2991 2327 3046 Abrahamum
2381 2989 2562 3044 verbis
2625 2995 2844 3056 apparet
2885 3003 2899 3040 :
2951 3004 2970 3038 ι
3006 2986 3084 3040 Tu
3130 2999 3266 3062 ergo

1705 3081 1980 3138 custodies
2013 3087 2229 3148 pactum
2272 3092 2448 3132 meum
2481 3086 2537 3130 et
2559 3090 2742 3129 semen
2771 3086 2918 3130 tuum
2954 3075 3076 3142 post
3122 3084 3171 3128 te
3203 3072 3259 3128 in

1708 3170 2146 3243 generationibus
2169 3169 2281 3222 suis
2305 3169 2375 3226 “.
2405 3186 2424 3219 ι
2451 3164 2518 3221 Et
2542 3163 2773 3221 iterum:
2808 3182 2827 3217 ι
2856 3166 3026 3219 Omne
3050 3177 3262 3218 muscus

1709 3263 1874 3315 linum
1907 3261 1960 3314 in
2005 3257 2440 3330 generationibus
2481 3255 2674 3311 vestris
2713 3255 3129 3309 circumcidetur
3150 3253 3252 3308 “.a

1707 3351 1782 3404 De
1824 3350 1976 3405 lsaao
2023 3359 2202 3404 autem
2261 3340 2368 3402 non
2417 3347 2492 3400 ita
2548 3345 2686 3400 Deus
2751 3345 3070 3412 paciscitur;
3119 3344 3256 3400 sed:

1711 3460 1729 3493 ι
1770 3441 2102 3496 Constituam
2158 3449 2371 3507 pactum
2407 3452 2583 3492 meum
2617 3437 2690 3490 illi
2739 3436 2792 3491 in
2843 3436 3036 3490 tardus;
3064 3435 3260 3504 sempis

1707 3543 1918 3585 ternum
1946 3531 2016 3582 ".
2047 3548 2066 3581 ι
2102 3528 2418 3588 Observate,
2454 3534 2509 3580 ut
2536 3520 2767 3589 lsmaeli,
2789 3526 2886 3594 qui
2919 3521 3258 3594 Synagogatn

1706 3610 1906 3675 referre
1958 3629 2205 3688 putatur,
2255 3619 2452 3688 quippe
2498 3618 2867 3686 primigenius,
2918 3607 3278 3669 ﬁrmaturum

1705 3724 1764 3764 se
1820 3709 1994 3763 foedus
2042 3710 2299 3764 duratura
2356 3710 2471 3777 ejus
2522 3708 2835 3776 posteritate
2879 3707 3258 3775 repromittat;

1707 3817 1831 3855 cum
1860 3801 2012 3854 Isaac
2051 3814 2197 3864 vero,
2237 3798 2327 3867 qui
2359 3812 2554 3856 novum
2595 3796 2851 3864 populum
2882 3803 3256 3864 repraeentat,

1705 3893 2089 3959 sempiternum
2136 3889 2256 3944 iniit
2301 3888 2494 3946 lmdus.
2537 3905 2560 3938 ι
2587 3886 2792 3940 Ancilla
2837 3885 3153 3965 concepisse
3198 3897 3274 3939 Ie-

1707 3982 1894 4034 videns
1929 4018 1943 4042 ,
2008 3979 2249 4046 despexit
2283 3978 2553 4032 dominam
2593 3992 2745 4032 suam
2790 3976 2871 4041 “;
2909 3996 2927 4028 ι
2973 3975 3257 4045 Synagoga

1705 4071 1932 4134 scilicet,
1964 4079 2184 4136 accepta
2216 4069 2350 4135 lege,
2400 4083 2463 4121 ac
2495 4070 2656 4139 bysso
2681 4081 3040 4137 purpuraque,
3069 4081 3260 4135 regno,

1705 4165 1948 4231 inquam,
1989 4175 2052 4213 ac
2086 4159 2243 4214 simul
2285 4159 2595 4228 pontiﬁcatu
2642 4169 2852 4222 ornata,
2890 4159 3071 4212 heram
3121 4173 3257 4214 con-

1707 4250 1922 4318 tempsit
1979 4264 2174 4313 suam,
2230 4262 2446 4302 manum
2499 4257 2685 4302 contra
2731 4248 2819 4302 Dei
2870 4249 3255 4315 omnipotentis

1704 4344 2040 4412 majestatem
2081 4350 2136 4394 et
2183 4342 2426 4394 dextram
2473 4340 2718 4403 sustulit;
2776 4338 2999 4407 ejusque
3050 4339 3254 4390 vultum

1632 4451 1674 4504 υ
1703 4435 1920 4487 omnino
1970 4431 2202 4499 effugere
2249 4431 2561 4493 conabatur,
2593 4431 2719 4483 dum
2773 4446 2792 4479 ι
2827 4430 3071 4482 occidere
3126 4443 3253 4499 pro»

1706 4520 1912 4587 pltetas,
1945 4528 2000 4573 et
2031 4517 2270 4585 lapidare
2298 4518 2362 4570 ad
2402 4531 2458 4571 se
2495 4518 2687 4572 missos
2719 4518 3033 4572 moliebatur
3053 4518 3119 4572 ηδ
3147 4535 3193 4573 ι,

2285 4628 2508 4684 CAPUT
2546 4628 2680 4684 XIV.

1960 4743 2298 4810 Comparatio
2334 4740 2621 4814 Sygttagoga:
2655 4751 2701 4794 et
2741 4745 2991 4812 gentium.

1773 4834 2077 4900 Praepotens
2125 4844 2302 4885 autem
2357 4832 2497 4884 Deus
2546 4832 2749 4886 exsiliis
2786 4833 2880 4901 (ut
2927 4849 3043 4902 quae
3077 4835 3266 4903 primo.

1699 4937 1893 4995 sponte
1925 4925 2167 4994 fugisset)
2201 4923 2535 4994 Synagogatn
2566 4925 2706 4978 male
2738 4927 2992 4991 multans,
3033 4929 3247 4982 tandem

1698 5019 1847 5072 velut
1882 5016 2129 5073 ancillam
2182 5019 2366 5069 durius
2406 5017 2661 5078 habitam,
2699 5017 2960 5084 propitius
2994 5033 3087 5086 per
3121 5034 3247 5089 pro-

1702 5108 1890 5174 phetas
1919 5105 2076 5173 jussit
2106 5105 2170 5156 ad
2209 5107 2389 5158 heram
2424 5119 2599 5166 suam,
2625 5105 2674 5155 id
2698 5115 2799 5170 est,
2825 5105 3246 5177 Hierosolymam

1704 5196 1991 5258 reverti",
2045 5204 2098 5247 et
2132 5195 2248 5262 ejus
2300 5195 2579 5248 se‘manui
2616 5195 2966 5259 submittere;
3023 5197 3245 5252 adorare

1703 5287 1942 5338 tidelicet
1985 5286 2034 5335 in
2079 5284 2347 5337 Bethleem
2383 5292 2584 5346 natum,
2621 5290 2673 5336 et
2703 5283 3040 5339 Servatoretn
3079 5287 3242 5340 Deum

1701 5376 1970 5428 Christum
2003 5375 2260 5442 conﬁteri.
2300 5373 2541 5442 Cumque
2576 5389 2786 5427 reversa
2828 5376 3103 5444 Synngoga
3135 5393 3240 5431 nan

1706 5463 1860 5518 tundo
1896 5478 1996 5515 non
2024 5461 2388 5527 conﬁteretur,
2426 5463 2517 5516 sed
2550 5463 2710 5517 etiam
2742 5466 2911 5527 lsaae,
2938 5480 3028 5518 seu
3057 5481 3240 5520 ret-ens

1930 5665 1968 5696 "
2009 5664 2142 5718 Osee
2175 5682 2231 5722 ll,
2267 5666 2318 5719 Ξ.
2418 5667 2463 5697 ¹⁰
2505 5664 2656 5717 Deut.
2692 5681 2843 5726 χχιιι,
2887 5665 2942 5717 2.
3020 5667 3058 5697 ¹¹
3102 5665 3236 5719 Gen.

1718 5738 1767 5787 4.
1847 5735 1888 5764 ’⁸
1928 5733 2114 5788 Matth.
2158 5739 2308 5794 x'xut,
2359 5738 2446 5799 157.
2487 5735 2529 5767 “
2568 5733 2702 5788 Gen.
2749 5749 2856 5811 xvi,
2901 5735 2957 5793 9.

3162 379 3268 447 818
3357 381 3366 389 ’
