3952 6328
642 275 748 343 819

1839 294 1936 353 AN
1946 292 2179 352 DRONI

2301 294 2448 355 CUM
2457 301 2500 358 Ν
2509 305 2608 362 ΕΝ
2619 306 2638 362 Ι
3755 318 3835 380 8ὶο

642 401 829 497 natum
883 394 1156 454 Christum
1218 402 1501 470 illuderet,
1562 420 1682 459 eum
1737 415 1862 475 post
1919 406 2202 475 chlamyde
2232 404 2276 457 A
2305 416 2746 481 compercnnem,
2785 435 2850 474 ac
2880 431 3008 476 natu
3040 426 3321 493 mqttalem,
3375 427 3614 497 mihique
3648 430 3827 483 charis-

641 485 917 550 amiciret,
953 497 1009 544 et
1063 502 1371 548 contextam
1429 512 1460 551 e
1509 498 1681 566 spinis
1734 514 1986 553 coronam
2037 499 2199 567 capiti

639 574 977 646 imponeret;
1017 591 1126 636 tum
1161 599 1288 641 vero
1319 589 1524 641 audivit
1567 588 1845 654 Christum
1877 591 1942 643 ad
1985 590 2200 643 Patrem

634 666 793 721 suum
826 671 1146 729 clamantem
1180 694 1196 730 :
1233 697 1252 730 ι
1287 679 1432 748 Ejice
1464 682 1738 748 ancillam,
1784 683 1834 737 id
1900 692 1984 736 est
2023 682 2200 752 Syna-

635 773 850 827 gogam,
885 764 952 817 de
979 764 1140 821 domo
1165 785 1302 833 mea,
1333 785 1400 824 ne
1427 772 1554 826 mihi
1583 774 1704 827 thus
1731 772 1939 827 adolent
1962 792 1977 838 ;
2019 790 2193 842 neque

634 851 781 904 enim
808 855 1022 910 ancilla:
1056 858 1198 914 ﬁlius
1227 863 1331 915 erit
1360 861 1531 917 haeres
1560 880 1682 918 cum
1716 863 1825 918 ﬁlio
1851 865 2038 920 libera:
2059 869 2141 933 '7;
2174 885 2194 918 ι

631 958 758 998 nam
816 963 972 1017 atque
1015 950 1185 1007 «ἰυόωί
1229 966 1395 1026 atque
1441 967 1631 1027 gentes
1679 970 1927 1029 paratum
1979 977 2198 1032 regnum

631 1040 1026 1106 possidebunt;
1062 1059 1294 1114 quorum
1334 1047 1408 1100 illi
1437 1048 1735 1114 Christum,
1781 1064 1875 1105 ceu
1927 1050 2199 1105 facinoro-

629 1143 749 1184 sum
787 1131 839 1184 in
867 1147 1097 1202 crucem-
1115 1147 1374 1206 egerunt;
1416 1147 1605 1209 gentes
1654 1155 1781 1194 vero
1829 1155 1951 1194 cum
1995 1140 2199 1195 facino-

627 1223 769 1278 rosis
799 1226 1121 1282 cruciﬁxum
1152 1231 1510 1298 conspicata,
1544 1231 1713 1286 Deum
1745 1231 2009 1288 confessa:
2046 1241 2194 1288 sunt.

1213 1362 1443 1420 CAPUT
1493 1363 1612 1420 XV.

791 1470 923 1526 Filii
961 1482 1012 1527 et
1051 1491 1133 1529 res
1173 1476 1463 1532 Abrahami
1497 1494 1615 1532 cum
1651 1479 1758 1534 Deo
1791 1482 2020 1538 collatis.

692 1582 870 1652 Atque
902 1598 965 1640 ea
1015 1587 1231 1656 quidem
1281 1588 1335 1641 in
1391 1598 1517 1659 typo
1565 1589 1909 1661 Synagogse,
1967 1593 2018 1648 id
2072 1605 2193 1660 est,

2306 501 2522 568 simum,
2558 519 2787 576 corpore
2814 523 3031 580 propter
3065 515 3339 570 hominum
3369 517 3602 572 salutem
3634 521 3828 572 mautari

2304 591 2492 645 volens
2526 598 2722 662 patior.
2773 600 2904 654 lllnd
2958 619 3087 659 vero
3134 607 3350 676 dignum
3402 609 3696 677 quaastione
3728 621 3829 662 est.

2303 695 2401 735 cur
2435 683 2744 744 Abrahamo
2773 707 2914 761 saepe
2939 696 3129 750 hostiis
3158 709 3401 764 operato,
3435 699 3614 754 locum
3644 702 3690 754 ei
3717 700 3830 753 Deus

2302 787 2410 826 non
2469 779 2740 844 ostendit;
2806 783 2857 834 in
2915 783 3085 838 lsaaci
3148 787 3517 843 immolatione
3565 790 3826 857 praecepit:

2309 881 2328 914 ι
2369 863 2516 920 Vade
2549 871 2598 922 in
2632 879 2830 925 terram
2868 875 3116 939 visionis,
3169 893 3329 948 super
3359 896 3524 934 unum
3575 882 3828 940 montium,

2301 975 2462 1030 quem
2498 977 2872 1023 monstravero
2904 971 2998 1025 tibi
3025 974 3090 1026 ".
3122 992 3140 1025 ι
3178 974 3331 1028 Illum
3380 963 3558 1043 ipsum
3581 1015 3597 1038 ,
3641 978 3828 1046 opinor,

2301 1053 2477 1108 locum
2509 1058 2557 1111 ei
2597 1058 2855 1115 Dominus
2885 1065 3145 1131 ostendit,
3189 1068 3240 1118 in
3281 1081 3386 1135 quo
3420 1083 3572 1122 meus
3603 1067 3831 1122 Dominus

2299 1148 2698 1216 cruciligendgus
2727 1163 2865 1208 erat.
2909 1152 3042 1209 Nam
3079 1155 3425 1212 Palaestinum
3467 1159 3644 1214 solum
3690 1172 3830 1230 prope

2301 1236 2791 1310 Hierosolymorum
2830 1246 2963 1302 ﬁnes
2993 1248 3225 1317 adjacet.

2876 1381 3104 1437 CAPUT
3140 1382 3280 1438 XVI.

2334 1486 2444 1541 Cur
2477 1490 2531 1543 in
2561 1503 2734 1545 monte
2760 1492 3063 1560 sacriﬁcare
3093 1494 3354 1546 Abraham
3387 1493 3558 1561 ﬁlium
3582 1492 3798 1563 iubetur.

2368 1598 2524 1655 Mane
2555 1617 2784 1674 surgens
2813 1603 3171 1670 Abrahamus,
3219 1606 3430 1661 asinum
3478 1606 3690 1661 sternit.
3719 1607 3828 1660 Asi-

622 1673 849 1769 lsmaele
872 1684 1006 1769 sunt
1039 1686 1256 1747 peracta
1285 1679 1368 1746 ’°;
1403 1679 1520 1735 haec
1550 1691 1729 1738 autem
1755 1684 1807 1738 in
1839 1683 2026 1749 lsaac,
2068 1688 2188 1741 novi
2215 1708 2265 1769 Β
2299 1705 2424 1744 num
2458 1691 2675 1759 quidem
2714 1694 3078 1758 Abrahamus,
3123 1693 3295 1750 ludas
3328 1707 3512 1750 autem
3542 1694 3828 1750 Judaorutn

623 1767 805 1835 populi
858 1767 1050 1839 ﬁgura,
1110 1771 1342 1839 primum
1395 1773 1521 1841 quia
1568 1788 1632 1828 ex
1683 1775 1857 1829 sterili
1909 1776 2088 1842 ell‘eta,
2135 1787 2190 1832 et

621 1861 913 1929 grandava
941 1871 1122 1917 natus.
1153 1862 1288 1918 Nam
1314 1865 1440 1935 quia
1464 1881 1529 1920 ex
1568 1865 1782 1936 Virgine
1809 1870 1952 1923 nasci
1983 1869 2188 1924 homini

620 1966 729 2029 non
785 1962 870 2006 est
902 1959 1236 2024 concessum;
1282 1958 1462 2027 (quod
1512 1958 1655 2014 Deus
1693 1959 2036 2029 privilegium
2083 1962 2186 2017 sibi

620 2053 680 2096 ut
721 2045 913 2113 ingens
954 2045 1228 2114 quiddam,
1278 2058 1332 2103 et
1381 2065 1704 2105 arcanorum
1753 2061 1918 2121 atque
1950 2053 2188 2108 admira-

617 2133 807 2189 bilium
831 2139 1066 2191 maxime
1093 2137 1413 2194 admirabile
1437 2149 1491 2195 et
1514 2150 1773 2196 arcanum
1804 2144 2184 2214 consecravit),

616 2228 905 2292 oportebat
959 2229 1193 2298 aliquem
1253 2239 1436 2302 typum
1501 2242 1666 2302 atque
1715 2235 1961 2290 umbram
2024 2236 2185 2306 hujus

619 2321 870 2375 veritatis
901 2338 967 2376 ex
995 2322 1153 2378 eﬂ'eta
1186 2325 1338 2378 nasci
1371 2325 1706 2380 Abrahamo.
1745 2327 1886 2392 Quin
1931 2337 1988 2382 et
2017 2328 2182 2382 verba

613 2412 778 2465 etiam
807 2412 1004 2468 similia
1040 2423 1189 2479 sunt,
1237 2431 1358 2486 qua
1398 2416 1474 2472 de.
1491 2416 1696 2472 Christi
1726 2418 2009 2472 nativitate
2039 2413 2185 2473 dice-

608 2500 832 2568 bantur,
873 2512 926 2558 et
958 2519 1082 2574 quae
1117 2505 1182 2559 de
1212 2505 1365 2561 lsaac
1415 2507 1812 2576 prazcedehant.
1854 2508 2022 2578 igitur
2073 2509 2182 2565 illic

607 2591 751 2647 Deus
779 2609 793 2646 :
835 2612 854 2645 ς
882 2593 1061 2673 Quare
1093 2598 1214 2650 risit
1246 2596 1379 2653 Sara
1409 2599 1433 2653 i
1464 2600 1704 2670 nunquid
1738 2599 1850 2656 Deo
1887 2601 2180 2672 quidquam

607 2690 696 2736 est
728 2677 1057 2740 dilﬁcilc‘”?
1087 2704 1106 2738 ι
1151 2685 1252 2741 Hic
1281 2687 1505 2744 Gabriel
1537 2690 1745 2759 Virgini
1779 2706 1794 2743 :
1831 2710 1849 2742 ι
1886 2691 2018 2757 Quia
2071 2676 2179 2745 non

603 2773 713 2829 erit
778 2775 1110 2846 impossibile
1164 2779 1304 2847 apud
1358 2778 1525 2834 Deum
1578 2796 1738 2836 omne
1801 2784 2023 2837 verbum
2050 2783 2112 2835 ³ο.
2151 2801 2171 2834 ι

606 2864 765 2922 Illic:
802 2885 819 2918 ε
855 2865 1160 2924 Revertens
1193 2869 1408 2924 veniam
1448 2871 1513 2924 ad
1569 2879 1620 2924 te
1673 2880 1918 2940 tempore
1951 2873 2084 2939 isto;
2125 2883 2180 2928 et

606 2956 828 3010 habebit
852 2957 1016 3011 ﬁlium
1054 2955 1210 3023 Sara,
1250 2973 1386 3012 uxor
1416 2968 1506 3013 tua
1536 2960 1603 3014 ".
1640 2979 1660 3012 ι
1703 2960 1844 3016 llic:
1885 2980 1904 3014 ‹
1938 2961 2174 3031 Spiritus

608 3057 831 3103 sanctus
855 3049 1202 3118 superveniet
1224 3049 1279 3103 in
1308 3059 1394 3116 te;
1421 3058 1477 3105 et
1498 3051 1672 3106 virtus
1695 3052 1959 3108 Altissimi
1980 3029 2175 3109 obum-
2199 3029 2244 3086 θ

607 3140 790 3196 brabit
821 3140 918 3195 tibi
945 3141 1011 3195 ³².
1047 3158 1068 3192 ι
1109 3140 1305 3195 Notata
1330 3155 1504 3206 .sane,
1566 3152 1624 3198 ut
1669 3150 1791 3212 post
1833 3143 2172 3214 digressum,

608 3241 920 3301 sanctaque
967 3231 1254 3287 Trinitatis
1303 3233 1619 3302 hospitium,
1673 3233 1841 3290 Issaei
1884 3245 2175 3304 conceptus

602 3323 676 3378 sit
721 3331 1068 3378 consecutus.
1115 3323 1235 3390 Quo
1281 3324 1450 3390 edito,
1493 3339 1598 3400 non
1647 3326 1759 3394 jam
1815 3326 2088 3381 Abraham
2143 3342 2173 3381 a

609 3413 721 3468 Deo
752 3413 980 3478 audivit,
1035 3412 1178 3481 quod
1225 3413 1290 3468 de
1334 3412 1565 3471 lsmaele
1610 3414 1935 3478 ﬁrmandum
1988 3431 2172 3471 secum

602 3506 785 3561 lindus
839 3507 1096 3562 duratura
1143 3505 1258 3574 ejus
1307 3508 1660 3577 posteritate;
1716 3510 1810 3563 sed
1859 3521 2064 3580 patrem
2112 3525 2173 3566 se

606 3601 902 3650 multarum
934 3598 1175 3665 gentium
1207 3596 1456 3652 ell‘ectum
1496 3599 1584 3664 iri,
1616 3600 1818 3669 ingenti
1851 3599 2050 3656 sobolis
2086 3602 2171 3656 in-

604 3698 886 3744 cremento
913 3696 1156 3754 auctum,
1201 3688 1375 3744 foedus
1409 3699 1586 3744 autem
1625 3706 1747 3746 eum
1790 3692 1974 3748 Isaaco
2013 3704 2171 3749 aeter-

608 3793 737 3832 num
774 3777 1157 3846 paciscendum
1184 3776 1251 3832 ⁸³.
1293 3797 1310 3830 ι
1354 3778 1560 3833 Videtis
1596 3779 1895 3850 Synagogae
1939 3783 2170 3854 abroga-

604 3870 827 3932 tionem,
855 3883 918 3924 ac
951 3868 1073 3922 novi
1100 3869 1279 3938 populi
1313 3872 1754 3937 perpetuitatem.
1796 3870 1900 3926 Sed
1951 3873 2060 3942 iam
2099 3876 2168 3930 ad

603 3959 899 4013 Abrahami
931 3973 1147 4028 quoque
1174 3959 1596 4015 immolationem
1629 3960 1813 4016 oculos
1843 3962 2165 4028 referamus,

600 4060 655 4107 et
687 4050 924 4106 lsaacum
957 4051 1235 4104 videamus
1276 4049 1542 4106 Dominici
1578 4052 1828 4122 supplicii
1861 4056 2166 4124 exemplum

601 4151 899 4212 gerentem.
949 4140 1085 4194 Nam
1137 4152 1198 4195 ut
1246 4141 1590 4198 Abrahamus
1636 4143 1730 4198 Dei
1772 4145 1952 4199 studio
1981 4155 2164 4200 natum

598 4231 947 4296 condonavit,
985 4231 1054 4285 ita
1086 4241 1138 4285 et
1169 4230 1312 4286 Deus
1338 4246 1437 4301 pro
1466 4242 1674 4286 summa
1707 4248 1804 4288 sua
1831 4234 2166 4290 humanitate

2289 1778 2578 1849 collegium
2629 1782 2865 1838 concivit
2911 1801 2926 1838 :
2977 1783 3343 1854 adhibitisque
3392 1785 3599 1838 duobus
3646 1784 3829 1851 pueris,

2289 1872 2501 1929 duobus
2533 1887 2627 1929 seu
2658 1875 2890 1946 populis,
2921 1888 3018 1930 seu
3051 1877 3289 1945 regibus,
3323 1876 3496 1931 Pilato
3545 1887 3601 1932 et
3642 1875 3833 1932 Herode

2288 1963 2508 2032 (pueros
2541 1966 2688 2020 enim
2721 1981 2890 2022 sacrm
2928 1967 3151 2022 Litterae
3188 1968 3472 2036 imperitos
3517 1982 3706 2024 vocare
3755 1981 3833 2021 so-

2286 2055 2418 2125 lent)
2456 2063 2511 2135 et
2539 2055 2730 2112 lsaaco
2759 2057 2894 2124 ﬁlio,
2935 2057 3229 2126 profectus,
3283 2059 3446 2113 tertio
3495 2069 3618 2129 post
3662 2059 3742 2113 die
3773 2057 3831 2112 ad

2285 2144 2487 2212 locum,
2518 2163 2679 2217 quem
2706 2149 2756 2203 ei
2788 2149 3003 2204 dixerat
3036 2150 3196 2216 Deus,
3233 2151 3497 2220 pervenit.
3542 2150 3674 2206 Nam
3717 2149 3828 2219 quia

2285 2249 2391 2289 non
2439 2248 2555 2291 erat
2604 2238 2907 2294 moriturus
2958 2238 3110 2296 Isaac
3165 2239 3360 2294 itinere
3409 2239 3673 2303 faciendo,
3723 2244 3847 2307 post,

2285 2328 2523 2382 triduum
2558 2321 3012 2386 resurrectionem
3054 2331 3404 2401 signiﬁcavit.
3449 2325 3688 2385 Sublatis
3713 2343 3832 2383 ocu-

2283 2419 2387 2483 lis.
2436 2419 2710 2475 Abraham
2769 2422 2946 2490 locum
3006 2421 3195 2490 procul
3251 2421 3720 2485 animadvertens;
3783 2424 3834 2472 et

2283 2526 2434 2566 mens
2478 2511 2640 2566 Iesus
2683 2512 3009 2582 supplicium
3060 2527 3213 2565 suum
3258 2513 3327 2566 ab
3353 2511 3499 2565 omni
3546 2510 3832 2566 aeternitate

2279 2601 2590 2668 dedicavit;
2625 2603 2840 2658 famulis
2867 2604 3041 2672 jubet,
3078 2612 3140 2657 ut
3179 2603 3253 2657 ibi
3285 2617 3405 2658 cum
3440 2604 3596 2656 asino
3626 2607 3832 2670 prasto-

2281 2692 2482 2756 lentur,
2520 2692 2646 2746 dum
2684 2693 2798 2762 ipse
2827 2703 2880 2748 et
2908 2709 3043 2763 puer
3074 2693 3168 2748 illo
3197 2699 3348 2748 eant.
3400 2692 3592 2747 Itidem
3635 2701 3685 2746 et
3728 2689 3831 2745 suis

2279 2781 2562 2851 discipulis
2610 2798 2762 2837 meus
2815 2782 3066 2838 Salvator
3116 2792 3277 2854 atque
3324 2781 3464 2837 Deus
3494 2783 3667 2838 ait“
3703 2780 3831 2835 Ecce

2279 2875 2428 2928 venit
2479 2875 2635 2940 hora,
2689 2883 2740 2928 et
2765 2874 2872 2941 jam
2927 2875 3099 2940 venit,
3137 2883 3198 2930 ut
3235 2874 3621 2946 dispergamini
3670 2887 3829 2926 unus-

2280 2963 2511 3031 quisque
2561 2963 2614 3016 in
2659 2965 2912 3033 propria;
2948 2974 3004 3017 et
3051 2978 3140 3018 me
3189 2963 3362 3017 solum
3395 2962 3753 3032 relinquatis:
3782 2969 3830 3015 et

2279 3068 2384 3106 non
2438 3068 2556 3108 sum
2610 3054 2775 3115 solus,
2809 3054 2932 3121 quia
2985 3052 3146 3108 Pater
3195 3067 3407 3107 mecum
3451 3061 3532 3107 est
3561 3052 3625 3104 ³⁷.
3665 3069 3686 3103 ι
3720 3049 3818 3104 Sed

2278 3155 2534 3215 tanquam
2591 3143 2854 3214 propheta
2885 3183 2900 3206 ,
2950 3143 3062 3197 illic
3113 3142 3434 3197 Abraham:
3484 3156 3503 3191 ‹
3544 3140 3826 3208 Postquam

2276 3233 2705 3300 adoraverimus,
2751 3242 3089 3288 revertemur
3120 3233 3186 3286 ad
3219 3248 3312 3287 vos
3337 3232 3405 3286 "'.
3441 3249 3460 3282 ι
3497 3230 3596 3286 ilic
3629 3231 3830 3284 animo-

2278 3341 2398 3380 rum
2435 3334 2800 3395 perspector:
2838 3341 2856 3374 ι
2894 3322 3185 3391 Postquam
3228 3335 3604 3386 resurrexero,
3638 3332 3831 3390 praece-

2275 3417 2398 3472 dam
2432 3429 2528 3470 vos
2557 3415 2612 3469 in
2641 3403 2917 3468 Galilaeam
2945 3413 3010 3468 ".
3045 3431 3062 3463 ι
3111 3415 3286 3480 Atque
3336 3413 3406 3466 ita
3448 3412 3660 3479 quidem
3711 3411 3831 3464 Ser-

2273 3515 2453 3561 valor.
2488 3505 2762 3559 Abraham
2791 3517 2920 3557 vero
2944 3501 3336 3557 sacriﬁcalibus
3358 3500 3519 3569 lignis
3547 3499 3693 3554 Isaac
3728 3499 3828 3551 tilio

2275 3614 2376 3655 suo
2402 3589 2671 3666 impositis
2699 3613 2715 3662 ;
2749 3604 2865 3650 erat
2889 3596 3034 3648 enim
3061 3593 3232 3648 dulcis
3259 3589 3413 3646 Jesus
3437 3606 3593 3645 suam
3619 3604 3827 3644 crucem

2273 3697 2624 3759 portaturus;
2660 3686 2776 3757 ipse
2816 3686 2990 3754 ignem
3045 3682 3255 3739 ferebat
3305 3698 3508 3747 manu;
3555 3681 3826 3748 conjuncta

2271 3779 2414 3833 enim
2443 3776 2766 3839 humanitati
2796 3775 3052 3829 divinitas
3093 3774 3240 3838 ibat;
3277 3772 3516 3842 gladium
3557 3788 3687 3827 vero
3717 3786 3826 3840 por-

2273 3872 2480 3924 tabat:
2535 3887 2555 3921 ι
2600 3866 2735 3934 Quia
2794 3882 2937 3922 unus
2995 3866 3224 3921 militum
3289 3865 3475 3918 lancea
3534 3865 3676 3918 latus
3718 3863 3827 3931 ejus

2271 3958 2578 4030 aperuit".
2619 3975 2638 4008 ι
2674 3957 2741 4010 Et
2788 3957 3084 4026 pergebant
3118 3955 3226 4008 duo
3273 3951 3471 4014 simul:
3517 3953 3686 4005 ambae
3733 3965 3819 4003 na-

2271 4061 2405 4106 tura:
2453 4050 2507 4104 in
2567 4063 2673 4102 una
2723 4047 2926 4103 Christi
2971 4059 3242 4114 persona;
3294 4042 3647 4112 manebatque
3697 4041 3824 4094 divi-

2269 4142 2413 4196 nitas
2463 4138 2709 4209 corporis
2763 4136 3028 4200 effectrix,
3084 4135 3305 4187 immota
3337 4132 3576 4201 penitus,
3617 4139 3670 4184 et
3718 4129 3824 4184 sine

2269 4234 2463 4288 affectu
2485 4251 2499 4299 ;
2524 4229 2971 4300 quemadmodum
2997 4235 3051 4282 et
3073 4226 3367 4289 Abraham,
3398 4222 3570 4278 lsaaci
3598 4232 3822 4292 parens;

597 4331 762 4391 atque
796 4320 1170 4376 benevolentia
1222 4334 1346 4388 pro-
1376 4318 1530 4374 nobis
1565 4320 1944 4377 cbarissimum
1969 4323 2163 4378 Filium
2201 4346 2247 4402 ι)
2275 4324 2451 4384 Isaac.
2477 4339 2606 4379 vero
2658 4321 2868 4391 parenti
2925 4317 3244 4385 suggerebat
3289 4331 3304 4369 :
3341 4333 3358 4365 ι
3410 4312 3552 4368 Ecce
3600 4311 3739 4380 ignis
3781 4320 3828 4362 et

597 4413 666 4466 ad
716 4426 913 4475 necem
977 4411 1193 4466 obtulit.
1253 4411 1369 4465 Illic
1421 4412 1733 4467 Abrahamo
1781 4413 1934 4481 jubet
1985 4413 2167 4469 Deus:

606 4521 623 4553 ι
660 4502 812 4555 Tolle
846 4500 1016 4555 ﬁlium
1053 4509 1204 4555 tuum
1244 4502 1600 4570 unigenitum,
1634 4517 1792 4571 quem
1825 4502 2002 4572 diligis
2032 4504 2166 4574 (~15),

599 4594 750 4649 lsaac
775 4593 841 4650 “.
878 4614 898 4646 ι
936 4593 1120 4662 Neque
1179 4595 1321 4647 enim
1355 4603 1558 4648 temere
1592 4593 1739 4647 illum
1772 4595 2032 4650 amabas:
2075 4597 2166 4650 and

599 4687 691 4754 qui
724 4698 911 4740 amore
944 4684 1139 4751 dignus
1169 4692 1308 4749 erat,
1344 4683 1442 4737 abs
1495 4693 1546 4737 te
1599 4698 1813 4754 quoque
1861 4685 2164 4740 amabatur.

598 4778 699 4832 llic
725 4776 974 4847 opiﬁcem
1011 4788 1186 4828 meum
1222 4766 1527 4837 Christum,
1557 4775 1675 4844 ipse
1702 4775 1962 4842 assumpti
2000 4775 2162 4840 Deus,

575 4877 763 4936 atque
798 4867 940 4919 idem
973 4864 1267 4919 secundum
1308 4864 1642 4918 divinitatem
1672 4866 1788 4932 ejus
1818 4865 2002 4926 Pater,
2035 4880 2165 4920 con-

600 4964 832 5010 testatur
858 4954 1246 5008 charissimum
1279 4969 1434 5008 suum
1462 4969 1583 5009 esse
1617 4953 1810 5007 Filium
1841 4972 1855 5009 :
1896 4975 1913 5006 σ
1955 4956 2051 5009 llic
2082 4968 2167 5010 est

600 5046 770 5101 Filius
806 5060 959 5098 meus
993 5044 1251 5110 dilectus,
1301 5044 1351 5098 in
1385 5059 1492 5113 quo
1533 5045 1662 5099 mihi
1710 5047 2010 5116 complacui
2037 5048 2101 5102 ³⁵.
2140 5066 2159 5097 ι

599 5136 715 5192 Non
751 5135 1002 5202 delector,
1058 5137 1254 5205 inquit,
1304 5136 1426 5190 Filii
1467 5152 1620 5202 nece,
1673 5138 1767 5191 sed
1815 5140 2166 5208 quantumvis

669 5314 711 5345 ’⁷
754 5312 886 5367 Gen.
925 5327 1036 5375 XXI,
1077 5312 1163 5364 ‘20.
1244 5312 1287 5345 ’⁸
1325 5311 1457 5367 Gen.
1485 5328 1612 5366 xvm
1646 5351 1660 5375 ,
1705 5313 1792 5364 Η.

599 5401 648 5443 ι.
693 5384 785 5438 53.
891 5383 933 5413 ³³
972 5383 1106 5436 Gen.
1153 5398 1282 5445 xvn,
1324 5383 1357 5435 5
1408 5398 1557 5452 seqq.

602 5455 647 5484 ³⁸
687 5454 817 5506 Gen.
868 5468 1016 5515 χχιι,
1067 5453 1123 5514 5.,

599 5540 724 5577 xavt
745 5563 758 5587 ,
785 5523 883 5592 ‘39.

1867 5314 1910 5344 "
1951 5311 2081 5366 Gen.
2123 5327 2270 5365 xvm.
2311 5311 2393 5363 l3.
2473 5309 2516 5340 '°
2557 5308 2692 5365 Lur.
2727 5323 2764 5361 ι.
2801 5306 2888 5360 57.
2964 5305 3006 5334 ³¹
3047 5303 3179 5358 Gen.

1656 5368 1704 5436 ³⁴ε
1742 5382 1872 5436 Gen.
1919 5398 2048 5443 xxn,
2093 5381 2144 5434 8.

2283 5381 2460 5434 Hatih.
2501 5396 2577 5443 Ill,
2626 5380 2709 5429 -l7.
2760 5375 2802 5405 ³⁸
2843 5374 2978 5427 Gen.
3023 5389 3153 5437 χχιι,
3183 5371 3237 5426 2.
3320 5371 3361 5402 ³⁷
3403 5368 3706 5443 Jgan.__xv_t,
3738 5370 3818 5443 32.

1189 5454 1231 5484 ³⁹
1274 5451 1650 5519 Μειιὶιμλινι,
1683 5453 1802 5518 '52;
1847 5452 2007 5507 Male.
2045 5467 2152 5516 xiv,
2217 5451 2306 5508 εκ.

2279 4417 2453 4485 ligna:
2502 4414 2591 4469 ubi
2639 4422 2722 4467 est
2770 4411 2988 4466 victima
3040 4405 3402 4463 holocausti“
3431 4407 3453 4458 ἲ
3485 4423 3505 4456 ι
3557 4403 3824 4463 Servator,

2275 4508 2459 4562 itidem
2511 4505 2775 4575 passionis
2821 4513 3060 4571 tempore
3090 4519 3104 4554 :
3131 4518 3159 4577 Δς
3197 4498 3354 4553 Pater
3390 4497 3483 4559 mi,
3536 4496 3741 4564 inquit,
3786 4491 3823 4545 si

2273 4597 2531 4668 possibile
2581 4603 2698 4658 est,
2751 4603 2995 4648 transeat
3039 4605 3068 4643 a
3109 4604 3193 4644 me
3240 4589 3382 4643 calix
3426 4587 3568 4651 iste;
3605 4584 3821 4653 Spiritus

2270 4690 2487 4757 quidem
2517 4693 2795 4756 promptus
2823 4691 2939 4745 est,
2991 4695 3119 4735 caro
3150 4688 3328 4734 autem
3363 4674 3576 4731 inﬁrma
3603 4673 3670 4728 δ’.
3703 4690 3723 4724 ι

2833 4812 3058 4871 CAPUT
3112 4809 3272 4865 XVII.

2369 4933 2527 4986 Isaae
2556 4929 2907 4984 immolandas
2943 4924 3141 4980 Christi
3177 4921 3420 4988 cruciﬁxi
3449 4930 3602 4990 typus
3641 4929 3738 4973 est.

2346 5044 2621 5116 Progressi
2649 5052 2824 5095 autem
2853 5038 3046 5101 ambo;
3083 5037 3135 5089 id
3163 5043 3268 5098 est,
3302 5034 3441 5087 Deus
3470 5033 3629 5086 homo
3656 5029 3818 5098 Iesus,

2275 5141 2329 5193 in
2364 5140 2537 5192 locum
2566 5139 2942 5204 pervenerunt,
2972 5129 3179 5182 scilicet
3219 5124 3501 5195 Golgotba.
3535 5123 3714 5193 Atque
3759 5121 3817 5175 ibi

3261 5315 3410 5358 xvln.
3455 5300 3539 5354 10.
3619 5299 3666 5330 ⁸⁸
3702 5297 3814 5352 an.

2385 5451 2428 5480 ‘°
2468 5438 2619 5504 Joan.
2670 5462 2779 5511 xix,
2821 5444 2907 5499 '54.
2983 5444 3025 5475 ’⁸³
3071 5443 3202 5497 Gen.
3248 5457 3384 5507 χχιι,
3431 5438 3482 5495 7.
3560 5441 3604 5470 δ’
3642 5439 3819 5494 Matth.

672 5664 784 5733 (is)
832 5661 971 5718 Lxx
1017 5662 1322 5732 ἠγάπησας,
1362 5665 1426 5718 ad
1469 5662 1609 5732 ιῑίεοδ
1656 5661 1834 5717 [οτεδιι
1881 5659 2064 5716 3”“d“
2101 5661 2153 5716 i“
2195 5642 2346 5724 ΜΨ
