3952 6328
97 373 188 437 liii

1148 361 1536 446 miscens
1577 373 1880 438 CONTRA
1915 382 2254 447 Jun/sos.

3213 373 3329 444 822

100 493 352 546 Abraham
397 496 676 550 exstruxit
730 507 880 550 aram
905 510 922 560 ;
977 496 1058 551 uti
1089 506 1147 552 et
1173 497 1266 553 hic
1288 496 1611 556 iithoatrotos
1635 530 1651 553 ο
1679 487 1731 547 Α
1758 507 2123 568 perspectum,
2159 502 2616 571 quemadmodum
2650 517 2716 557 ex
2746 515 2842 558 sua
2879 501 3009 556 olim
3042 501 3208 572 stirpe
3233 516 3331 573 per

98 583 365 637 tribunalis
407 584 566 639 locus
609 584 791 652 lapide
820 595 1180 657 pmtructus
1209 576 1427 654 fuerat;
1471 589 1652 660 impo-

97 674 308 744 sitisque
338 675 533 744 lignis;
562 677 643 730 sic
689 677 839 732 enim
889 678 946 734 et
993 680 1050 734 in
1101 660 1354 736 Calvaria'
1383 698 1518 738 crux
1569 691 1652 737 est

96 763 292 832 defixa;
339 765 491 820 lsaac
544 767 714 824 lilium
771 783 933 832 suum
981 773 1381 842 constringens,
1438 773 1491 828 id
1542 784 1650 839 est,

96 855 332 910 Christus
381 859 448 912 ad
503 864 790 931 tegendam
840 863 1204 919 divinitatem
1239 854 1470 934 corpOre
1517 865 1656 922 ami-

95 958 238 1011 ctus;
272 948 430 1019 lignis
454 950 507 1003 in
529 966 622 1005 ara
649 955 995 1023 superponit;
1038 969 1106 1010 eo
1135 940 1280 1025 quod
1317 955 1369 1022 in
1401 957 1564 1027 ligno,
1617 973 1654 1014 o

97 1036 398 1093 miraculum
433 1042 447 1094 ι
491 1043 848 1112 suspenditur
885 1045 995 1113 ille,
1027 1047 1120 1122 qui
1141 1047 1406 1106 Adamum
1446 1049 1653 1117 lapsum

98 1143 188 1194 per
228 1130 427 1197 lignum
462 1143 582 1188 erat
625 1126 1012 1206 restituturus,
1043 1150 1100 1196 et
1121 1141 1213 1210 qui
1243 1128 1448 1197 invarca
1478 1141 1652 1212 lignea

99 1217 200 1274 Noe
227 1230 430 1276 tutatus
462 1224 665 1280 fuerat.
703 1225 909 1283 Deinde
949 1227 1094 1285 ferro
1125 1247 1342 1286 manum
1381 1233 1650 1298 admovet,

99 1311 159 1366 ad
193 1311 352 1367 lilium
391 1329 553 1370 suum
606 1317 995 1375 immolandum
1032 1339 1047 1376 :
1078 1337 1204 1376 nam
1260 1324 1347 1378 his
1398 1325 1654 1381 omnibus

96 1404 365 1470 patrandis
398 1406 674 1462 Abraham
716 1410 1127 1480 inaspectabiiis
1159 1411 1336 1469 Patris
1366 1417 1434 1469 de
1463 1415 1656 1483 unige-

97 1495 201 1548 uito
248 1493 388 1552 Filio
441 1498 718 1555 decretum
771 1510 937 1571 atque
982 1503 1319 1560 voluntatem
1369 1509 1650 1564 ostendit:

99 1600 117 1632 ι
155 1581 215 1637 Et
238 1598 364 1640 ecce
390 1587 628 1654 angelus.
650 1589 862 1645 Domini
893 1591 962 1646 de
989 1594 1130 1647 coelo
1155 1594 1411 1650 clamavit
1431 1595 1651 1662 dicens;

97 1674 376 1738 Abraham,
430 1679 728 1735 Abraham.
784 1678 888 1747 Qui
936 1686 1215 1754 respondit
1246 1702 1261 1738 :
1292 1686 1496 1743 Adsum
1521 1687 1590 1741 ".
1626 1705 1647 1739 ι

99 1756 188 1816 Hic
229 1767 447 1836 angelus
491 1784 524 1823 e
570 1772 711 1826 caelo
740 1788 863 1828 cum
893 1774 1169 1831 Abraham
1216 1779 1651 1850 sermocinatur;

98 1855 145 1946 in
196 1857 472 1914 Dominico
526 1864 814 1935 supplicio,
876 1870 1058 1940 magni
1089 1874 1321 1939 _eonsilii
1377 1876 1653 1946 Angelus,

101 1945 251 2001 Deum
299 1958 355 2003 et
402 1948 620 2009 Patrem
678 1955 993 2015 inclamavit
1029 1977 1044 2015 :
1078 1980 1096 2015 ι
1132 1962 1244 2028 Eli,
1282 1963 1402 2032 Eli,
1455 1966 1656 2024 lamma

98 2038 411 2098 sabactanil
446 2044 550 2100 hoc
576 2056 698 2116 est;
735 2048 875 2106 Deus
924 2067 1106 2118 meus,
1158 2047 1301 2114 Deu's
1350 2074 1542 2127 meus,
1595 2068 1656 2117 ut

96 2131 213 2196 quid
244 2134 582 2206 dereliquisti
611 2139 700 2198 me
718 2141 809 2196 ξιτ
837 2162 859 2197 r
891 2144 958 2200 Et
986 2145 1220 2220 Angelus
1243 2152 1311 2207 ad
1335 2150 1612 2208 Abraham
1637 2171 1652 2210 :

102 2239 118 2317 ι
149 2223 258 2279 Non
286 2229 554 2288 extendas
582 2248 805 2289 manum
837 2245 986 2292 tuam
1017 2255 1184 2310 super
1205 2257 1453 2312 puerum,
1475 2232 1658 2317 neque

97 2313 252 2372 facias
298 2320 376 2374 illi
427 2324 759 2396 quidquam;
812 2345 961 2387 nunc
998 2337 1246 2404 cognovi,
1299 2324 1441 2408 quod
1495 2313 1656 2399 times

97 2409 250 2503 Deum
273 2411 338 2468 ⁸⁸.
379 2434 398 2467 ι
427 2417 524 2474 Ait
552 2434 683 2476 vero
712 2439 727 2476 :
763 2441 780 2474 ι
821 2422 975 2481 Nunc
1024 2430 1287 2498 cognovi,
1317 2447 1338 2485 ι
1389 2447 1489 2503 pro
1525 2433 1652 2502 illo,

102 2499 478 2596 demonstrasti
530 2509 647 2578 jam
696 2515 876 2572 mihi:
914 2522 1215 2589 uenienim
1260 2499 1484 2596 ignarus
1536 2499 1655 2583 erat

100 2591 384 2655 Dominus:
431 2620 452 2654 ι
486 2603 556 2660 Et
590 2621 698 2662 non
747 2613 1038 2680 pepercisti
1079 2591 1357 2685 unigenito
1407 2621 1519 2676 lilio
1562 2632 1654 2679 tuo

97 2698 300 2757 propter
330 2707 437 2750 me.
473 2713 494 2747 ι
529 2696 700 2769 Igitur
721 2698 999 2758 Abraham
1032 2709 1321 2765 maetando
1356 2710 1468 2768 filio
1497 2726 1651 2770 suam

95 2793 210 2845 erga
246 2779 414 2837 Deum
448 2786 854 2848 observantiam
894 2799 1133 2853 ostendit
1163 2815 1178 2855 :
1211 2800 1300 2857 ille
1329 2814 1459 2860 vero
1497 2805 1668 2862 Anti-~

92 2875 222 2934 quas
251 2869 462 2928 dierum
488 2875 536 2908 ⁸⁸
569 2877 713 2933 Deus
756 2895 886 2952 erga
936 2884 1185 2944 homines
1213 2903 1453 2948 amorem
1495 2891 1652 2951 suum

97 2961 331 3027 probavit
360 2965 696 3061 immolando
722 2973 1006 3048 unigenito
1035 2975 1198 3037 Filio.

635 3104 869 3166 caeur
905 3111 1094 3182 xvut.

153 3211 299 3270 Aries
323 3231 444 3270 eum
475 3220 726 3276 cornibus
761 3203 901 3279 inter
929 3239 1111 3298 uepres
1144 3231 1272 3299 quid
1301 3233 1580 3302 signiﬁcet.

155 3325 284 3381 Tum
311 3329 684 3415 ~Abrahamus
729 3338 930 3393 erectis
975 3339 1149 3395 oculis
1195 3357 1336 3410 pone
1375 3347 1658 3413 conspexit

96 3419 324 3474 arietem.
376 3422 534 3478 Aries
582 3425 672 3481 hic
706 3428 855 3482 verbi
902 3442 1242 3501 assumptum
1295 3433 1653 3506 intelligatur.

99 3508 216 3563 Nam
245 3511 311 3566 de
339 3528 405 3566 eo
432 3513 515 3569 sic
548 3517 726 3584 prodit
755 3517 927 3589 lsaias
959 3538 973 3575 :
1009 3537 1029 3573 ι
1063 3521 1215 3577 Sicut
1257 3526 1373 3580 ovis
1411 3526 1478 3580 ad
1509 3529 1654 3583 occi-

99 3600 285 3657 sionem
337 3607 567 3661 ducetur
590 3609 720 3662 ".1
775 3609 1080 3668 Haerentem
1129 3616 1404 3682 cornibus,
1454 3617 1506 3672 id
1547 3627 1652 3687 est,

97 3693 224 3747 Cruci
275 3695 624 3760 aflixum,,in
680 3698 875 3756 frutice
967 3701 1164 3769 Sabec,
1213 3708 1353 3775 quod
1433 3718 1519 3765 est
1569 3725 1656 3764 re-

106 3783 328 3842 missio:
379 3788 524 3854 apud
572 3786 829 3848 Hebreos
886 3796 1030 3848 enim
1081 3793 1258 3852 Sabec
1299 3801 1655 3856 remissionem

97 3878 228 3959 notat
260 3888 276 3926 :
309 3887 706 3943 aggressusque
739 3877 1040 3948 Abraham,
1065 3883 1135 3938 ,id
1185 3888 1288 3950 est,
1343 3889 1657 3959 unigenitus

99 3957 177 4014 Dei
207 3959 392 4028 Filius,
429 3968 883 4036 comprehensum
916 3972 1163 4039 arietem,
1211 3977 1263 4032 id
1308 3988 1409 4042 est,
1442 3957 1654 4034 assum-
1699 4002 1705 4007 ·

99 4061 232 4117 ptum
285 4071 486 4125 corpus
531 4059 588 4114 in
647 4059 1022 4118 holocaustum
1072 4067 1304 4134 obtulit;
1355 4072 1650 4140 supplicio,

97 4153 228 4212 puta,
264 4149 488 4216 obiecit,
514 4166 612 4220 pro
641 4153 774 4218 tilio,
798 4153 1007 4210 Adamo
1039 4157 1247 4212 scilicet
1278 4154 1450 4230 lapso.
1480 4163 1654 4233 Atque

101 4234 188 4289 ista
219 4253 343 4293 vera
387 4255 529 4305 esse,
553 4243 740 4298 audite
761 4258 884 4298 cum
916 4247 1225 4303 Abrahamo
1255 4251 1652 4322 colloquentem

103 4326 245 4381 Deum
276 4347 288 4380 :
329 4348 347 4381 ι
390 4329 498 4384 Per
559 4333 937 4402 memetipsum
960 4336 1161 4406 juravi,
1194 4341 1325 4397 dicit
1353 4342 1652 4403 Dominus:

99 4417 211 4484 quia
246 4419 424 4475 fecisti
469 4422 611 4478 hanc
649 4425 794 4496 rem.
833 4434 888 4482 et
923 4436 1029 4482 nun
1075 4433 1365 4500 pepercisti
1413 4435 1523 4491 lilio
1566 4449 1654 4492 tuo

100 4513 361 4584 unigenito
400 4527 621 4586 propter
667 4533 792 4574 me:
829 4520 1144 4577 benedicam
1196 4527 1312 4589 tibi,
1364 4537 1419 4582 et
1467 4533 1653 4584 muni.

98 4605 290 4701 plieabo
336 4622 525 4665 semen
579 4620 731 4701 tuum
754 4613 822 4668 “.
861 4631 881 4666 ι
925 4614 992 4668 Ει
1022 4627 1141 4685 post
1161 4632 1338 4701 pauca
1374 4639 1387 4674 :
1424 4641 1442 4673 ι
1478 4622 1652 4678 Bene-

99 4697 331 4755 dicentur
360 4701 418 4755 in
452 4695 665 4758 semine
714 4713 807 4760 tuo
858 4720 1047 4762 omnes
1097 4695 1282 4778 gentes
1335 4722 1495 4770 terrae
1520 4715 1585 4771 ⁸⁸.
1628 4736 1646 4769 ι

101 4786 319 4851 Quorum
349 4791 643 4848 verborum
683 4794 798 4850 haec
836 4807 922 4850 est
953 4800 1218 4852 sententia
1259 4825 1272 4856 :
1306 4801 1387 4856 Ex
1432 4805 1505 4857 tui
1556 4806 1651 4862 lilii

103 4881 415 4946 posteritate,
451 4881 670 4938 scilicet
712 4881 883 4948 lsaac,
925 4885 1016 4953 qui
1051 4887 1153 4940 mei
1189 4887 1308 4943 Filii
1345 4901 1427 4946 est
1469 4902 1649 4964 typus,

103 4976 240 5033 meuq
275 4979 470 5024 natura
524 4972 660 5026 mihi
709 4974 1035 5044 eonjunctus
1067 4976 1234 5033 Filius
1265 4982 1521 5050 prodibit,
1555 5000 1652 5054 per

100 5067 236 5119 quem
265 5071 455 5116 omnes
489 5063 640 5119 orbis
678 5074 942 5122 terrarum
980 5077 1168 5137 gentes
1215 5073 1646 5141 sospitabuntur.

100 5143 447 5206 Abrahamum
513 5169 648 5210 vero
697 5163 1021 5218 oeconomia:
1075 5178 1335 5220 arcanum
1392 5167 1650 5226 habuisse

1759 587 1912 643 Isaac
1942 597 2000 644 et
2041 587 2212 645 Jacob
2251 588 2346 645 Dei
2399 590 2569 648 Filius
2600 577 2977 650 incarnandus
3014 601 3179 659 esset,
3210 593 3331 648 evi-

1759 680 1894 736 dens
1922 687 2007 736 est
2038 694 2104 735 ex
2134 695 2200 756 eo
2239 680 2383 748 quod
2411 680 2496 735 sui
2532 683 2750 750 generis
2779 697 2978 739 uxores
3013 677 3326 739 asciverint.

1759 769 1896 825 Nam
1955 770 2068 840 ipse
2124 777 2343 840 accepta
2401 785 2497 826 sua
2535 775 2936 842 censanguinea
2960 775 3028 841 ’⁸,
3083 774 3330 831 lsaacum

1758 875 1976 934 quoque
2010 861 2259 939 accipere
2292 864 2545 934 permisit
2569 865 2638 929 ",
2671 866 2893 937 parique
2923 867 3081 922 modo
3112 867 3332 922 lsaaeus

1757 956 2022 1015 Iacobum
2047 958 2122 1024 ";
2169 958 2264 1013 sed
2303 957 2612 1014 Rebeccam
2649 959 2818 1015 misso
2865 972 3023 1016 servo
3049 959 3341 1030 coniugem

1761 1049 2022 1118 petiit";
2054 1049 2128 1105 ita
2158 1051 2304 1105 enim
2339 1059 2394 1106 et
2430 1050 2577 1122 Deus
2609 1063 2706 1124 per
2745 1048 2939 1105 Mosen
2995 1050 3332 1121 SynagOgam
3393 1036 3404 1044 ’

1759 1140 2106 1196 instauravit.
2145 1138 2430 1206 Iacobum,
2463 1141 2556 1212 qui
2599 1141 2803 1198 Christi
2840 1139 3146 1211 exemplum
3190 1140 3334 1199 fere-

1763 1230 1892 1296 bat,
1927 1233 1992 1286 ad
2026 1248 2156 1288 suos
2185 1233 2418 1300 gentiles
2450 1232 2603 1288 Isaac
2633 1234 2884 1304 privatim
2921 1233 3166 1296 dimisit,
3200 1234 3333 1287 duas

1761 1317 1889 1380 inde
1947 1340 2146 1381 uxores
2194 1326 2408 1383 duriter
2457 1335 2511 1380 et
2539 1326 2809 1382 laboriose
2842 1336 2899 1379 ut
2947 1325 3050 1380 sibi
3089 1326 3331 1380 duceret.

1758 1419 1949 1476 itidem
1970 1429 2026 1476 et
2054 1417 2220 1474 Pater
2247 1420 2315 1475 ab
2344 1418 2491 1475 omni
2518 1418 2822 1473 aeternitate
2863 1419 3151 1489 unigenam
3177 1431 3334 1472 suum

1761 1499 1956 1569 Filium
1979 1510 2047 1566 ad
2072 1518 2379 1565 creaturam
2407 1523 2582 1573 suam,
2612 1508 2665 1562 id
2694 1518 2778 1564 est
2802 1508 3071 1572 homines,
3107 1506 3333 1568 dimisit.

1762 1614 1821 1659 ut
1857 1602 1984 1660 inde
2011 1617 2233 1658 carnem
2270 1617 2579 1667 assumens,
2616 1591 2714 1670 per
2739 1599 3096 1670 supplicium,
3131 1609 3187 1654 et
3226 1599 3336 1652 Do-

1761 1680 1960 1751 minica
1997 1693 2262 1749 miracula
2307 1691 2444 1748 duas
2489 1689 2760 1747 Ecclesias
2789 1691 2934 1746 velut
2979 1699 3204 1758 nuptum
3241 1703 3338 1744 ac-

1760 1788 1983 1855 ciperet.

2337 1877 2569 1936 CAPUT
2609 1878 2753 1934 XIX.

2109 1973 2456 2040 Contparatt'o
2493 1972 2682 2027 Jacobi
2720 1980 2771 2025 et
2817 1970 2979 2025 Esau.

1828 2064 1982 2132 Quod
2015 2064 2088 2120 ita
2123 2079 2181 2119 se
2213 2064 2438 2128 habere,
2470 2063 2656 2116 audite
2690 2060 2782 2114 Dei
2817 2061 2883 2114 ad
2917 2059 3216 2116 Rebeccam
3251 2072 3341 2112 re.

1755 2171 2014 2227 sponsum
2044 2173 2060 2212 :
2101 2175 2121 2210 ι
2161 2156 2288 2211 Dure
2317 2151 2506 2226 gentes
2559 2162 2686 2209 sunt
2720 2153 2770 2207 in
2808 2161 2962 2208 utero
2994 2161 3084 2206 tuo
3123 2157 3178 2206 et
3215 2151 3324 2203 duo

1756 2249 1938 2319 pepuli
1979 2262 2047 2304 ex
2085 2258 2277 2303 ventre
2311 2257 2409 2304 tuo
2444 2246 2778 2310 dividentur,
2817 2264 2836 2298 ι
2875 2243 3082 2298 scilicet
3122 2239 3341 2296 Iudaeo-

1757 2355 1876 2394 rum
1906 2354 2071 2405 unus,
2099 2339 2239 2395 alter
2271 2323 2621 2406 exterorum;
2657 2356 2675 2390 ι
2712 2337 3049 2406 populusque
3080 2333 3338 2404 populum

1754 2431 2054 2505 superabit,
2081 2441 2137 2488 et
2161 2433 2335 2504 major
2358 2430 2564 2489 serviet
2592 2430 2794 2486 minori
2823 2430 2894 2484 “.
2930 2446 2949 2481 ι
2981 2426 3086 2494 Qui
3123 2440 3184 2482 se
3207 2432 3344 2482 natu

1756 2529 2020 2600 majorem
2051 2528 2262 2596 iactat,
2311 2527 2472 2583 alteri
2517 2535 2639 2597 post
2689 2535 2821 2601 nato
2867 2523 3102 2589 serviet;
3152 2519 3206 2576 id
3233 2525 3338 2584 est,

1755 2620 1979 2677 Iudaica
2017 2635 2151 2692 gens
2183 2618 2442 2692 Ecclesia:
2467 2633 2532 2672 ex
2561 2617 2815 2687 gentibus
2844 2613 3086 2670 collecta!
3113 2611 3335 2667 serviet.

1754 2716 1937 2786 Atque,
1966 2716 2019 2771 id
2054 2712 2234 2787 et-Dei
2256 2711 2484 2784 angelus
2506 2709 2620 2782 (16)
2648 2709 2832 2765 his‘ad
2849 2706 2976 2762 lleli
3023 2704 3340 2776 pontificem

1755 2807 1940 2882 verbis
1970 2805 2258 2862 confirmat
2286 2820 2302 2858 :
2335 2802 2411 2858 'l‘e
2444 2811 2701 2870 tuamque
2735 2797 2971 2867 patriam
3001 2796 3221 2852 domum
3257 2791 3338 2850 sic

1755 2897 2072 2954 exscindam
2097 2910 2114 2948 ι
2139 2912 2157 2946 ι
2185 2893 2254 2948 Et
2278 2891 2556 2949 suscitabo
2581 2889 2713 2943 mihi
2735 2889 3071 2943 sacerdotem
3099 2883 3336 2950 fidelem,

1756 2990 1850 3059 qui
1897 2989 2051 3058 juxta
2092 3000 2189 3041 eor
2227 2997 2407 3039 meum
2460 2989 2516 3037 et
2570 2982 2806 3036 animam
2863 2992 3038 3033 meam
3093 2975 3276 3030 faciet.
3312 2993 3331 3028 ι

1756 3081 1901 3136 Sane
1936 3079 2028 3149 qui
2057 3077 2242 3134 omnia
2281 3089 2348 3130 ex
2381 3073 2598 3144 ingenio
2635 3071 2924 3138 animoque
2961 3067 3056 3124 Dei
3093 3067 3243 3132 facit,
3290 3065 3337 3122 is

1678 3168 1723 3230 ϐ
1756 3170 1823 3231 ex
1849 3175 1985 3244 Deo
2027 3180 2132 3235 est,
2190 3179 2244 3225 et
2288 3170 2489 3224 iterum
2542 3164 2828 3237 Angelus:
2861 3182 2878 3215 ι
2917 3162 2988 3217 Ει
3035 3159 3338 3215 ambulabit

1759 3281 1945 3323 coram
1980 3258 2204 3318 Christo
2237 3275 2355 3316 meo
2390 3258 2604 3314 cunctis
2633 3257 2845 3319 diebus,
2883 3273 2902 3307 ι
2948 3253 2999 3308 id
3036 3262 3138 3318 est,
3165 3265 3337 3322 usque

1759 3359 1824 3411 ad
1867 3353 2412 3416 consummationem,
2448 3358 2613 3418 atque
2645 3348 2830 3401 itidem
2859 3363 2872 3401 :
2909 3363 2927 3398 ι
2956 3345 3225 3399 Futurum
3251 3349 3337 3399 est

1760 3457 1936 3502 autem
1962 3484 1977 3510 ,
2025 3453 2081 3498 tn
2125 3444 2440 3514 quicunque
2490 3438 2814 3514 remanserit
2848 3438 2900 3490 in
2946 3437 3107 3496 dom‘o
3143 3445 3231 3489 tua
3257 3475 3272 3500 ,
3306 3449 3330 3484 ι

1760 3531 2206 3597 internecionem,
2258 3539 2355 3587 aut
2404 3519 2771 3600 Captivitatem
2815 3524 3155 3597 etl'ugiendo;
3190 3542 3209 3575 ι
3239 3534 3334 3577 ve-

1759 3628 1870 3682 niat
1898 3633 1958 3681 ut
1986 3635 2173 3680 oremr
2201 3637 2300 3694 pro
2336 3637 2435 3688 eo,
2467 3630 2522 3678 et
2567 3619 2762 3676 oderat
2809 3629 3095 3672 nummum
3134 3627 3336 3681 argen-

1757 3729 1926 3782 teum,
1958 3715 2213 3786 dicatque
2243 3734 2257 3770 :
2294 3698 2516 3769 Dimitte
2539 3722 2626 3767 me
2653 3712 2888 3766 obsecro
2923 3707 2989 3762 ad
3015 3721 3180 3761 unam
3210 3719 3334 3772 par-

1757 3821 1864 3871 tem
1889 3805 2306 3872 sacerdotalem,
2326 3813 2386 3861 ιιι
2403 3805 2681 3859 comedam
2717 3800 3022 3857 buccellant
3049 3799 3290 3878 panis".
3307 3815 3326 3848 ι

1755 3901 1907 3969 Quod
1940 3899 2118 3968 angeli
2149 3899 2216 3953 ad
2254 3897 2596 3952 sacerdotem
2644 3893 2871 3962 tenigma
2907 3889 3176 3960 ejusmodi
3205 3897 3328 3942 est:

1754 3995 1995 4060 Inopem,
2023 3990 2219 4046 Judtete
2251 3989 2366 4044 solo
2400 3987 2712 4051 multatum,
2738 3994 3024 4038 venturum
3056 3985 3119 4035 ad
3148 3978 3331 4034 Eccle-

1754 4085 1889 4138 siam
1914 4099 1980 4138 ex
2012 4082 2262 4152 gentibus
2292 4077 2665 4143 constitutam,
2699 4088 2981 4137 nummum
3012 4078 3329 4142 argenteum

1753 4177 2018 4244 petitum:
2043 4182 2099 4229 et
2126 4173 2243 4226 viro
2274 4169 2498 4225 illustris
2524 4184 2588 4229 ac
2610 4166 2878 4238 pontificii
2908 4163 3124 4236 generis
3147 4162 3326 4217 dicet:

1753 4265 1873 4321 Non
1901 4265 2080 4320 ambio
2121 4263 2252 4317 mihi
2288 4260 2672 4321 sacerdotium,
2715 4271 2894 4324 neque
2926 4269 3149 4324 regnum
3179 4251 3330 4308 desi-

1757 4356 1908 4422 dero,
1950 4354 2045 4409 sed
2071 4363 2127 4407 ut
2156 4353 2208 4406 in
2239 4350 2454 4420 aliquod
2479 4333 2840 4402 sacerdotium
2867 4345 3108 4416 rejiciar,
3139 4352 3193 4399 et
3219 4355 3337 4398 non:

1761 4457 1818 4502 ut
1847 4445 2176 4507 ministrcm,
2207 4441 2351 4496 velut
2377 4439 2547 4509 prius,
2595 4437 2691 4493 sed
2728 4447 2784 4490 ut
2813 4450 3005 4505 panem
3037 4433 3329 4491 minimum

1756 4542 1953 4594 lucrer.
1994 4535 2251 4602 Idemque
2283 4528 2447 4588 David
2477 4515 2807 4599 praesagiens
2830 4528 2906 4580 ait
2932 4542 2948 4580 :
2984 4543 3015 4576 ‹.
3039 4522 3183 4592 Elegi
3215 4520 3313 4575 ab-

1749 4632 1930 4702 jectus
1957 4641 2078 4683 esse
2105 4628 2159 4680 in
2195 4625 2357 4680 domo
2388 4623 2477 4677 Dei
2512 4621 2640 4684 mei,
2674 4612 2852 4688 magis
2874 4632 3037 4688 quam
3078 4614 3337 4668 habitare-

1757 4727 1809 4780 in
1843 4717 2206 4777 tabernaculis
2238 4725 2582 4784 peccatorum
2607 4713 2673 4766 ⁸⁸.
2716 4730 2734 4764 ι
2773 4711 2862 4765 Dei
2910 4712 3127 4764 domum
3171 4714 3329 4758 vates

1756 4802 2130 4868 Ecclesiamex
2163 4791 2414 4877 gentibus
2443 4814 2632 4869 nutat;
2662 4801 2947 4868 impiorum
2974 4792 3324 4852 tabernacula

1751 4903 2058 4958 .ludacorutn
2095 4899 2239 4952 lana.
2273 4893 2411 4951 vere
2441 4894 2584 4950 enim
2623 4890 2868 4946 Judaeum
2908 4890 3101 4944 numen
3133 4887 3188 4942 in
3225 4884 3323 4942 ὀι-
3430 4934 3442 4944 .

1753 5003 1869 5046 tera
1901 4988 2136 5043 Ecclesia
2181 4986 2449 5054 abjectum
2502 4992 2558 5037 et
2606 4981 2828 5043 infame,
2871 4978 3096 5043 nudum,
3143 4972 3337 5040 exsui,.

1752 5099 1917 5153 regno
1948 5083 2092 5137 omni
2134 5087 2188 5136 et
2240 5075 2545 5132 sacerdotio
2591 5085 2833 5128 exutum.
2881 5071 3059 5138 Atque
3098 5067 3214 5123 haec
3241 5065 3324 5121 sic

1749 5174 1974 5237 habere,
2005 5184 2069 5225 ex
2105 5171 2172 5224 iis
2209 5181 2330 5236 quae
2356 5168 2478 5232 post
2511 5164 2776 5224 dicentur,
2809 5157 3103 5214 constabit.

158 5376 198 5428 *ἓ
231 5367 364 5459 fieri.
391 5383 536 5459 "xsti.
563 5344 1014 5459 _i_i._7“‘llattb.
1054 5406 1222 5457 xxvu,
1252 5384 1363 5446 46..
1416 5394 1462 5427 "
1502 5394 1637 5450 Gen.
1684 5413 1811 5459 xm,
1847 5346 1930 5449 ιε.
2009 5394 2054 5424 ⁸⁸
2097 5393 2228 5446 Dan.
2271 5407 2370 5453 vn,
2414 5391 2465 5446 9.
2542 5387 2586 5423 "
2639 5387 2758 5459 ιω,
2805 5401 2922 5448 LIII,
2964 5384 3014 5437 7.
3177 5379 3315 5434 GN!-

103 5449 464 5543 ῗέὶῐιὲθζηῗ
501 5453 633 5543 ib.“-
671 5455 777 5543 13‘:
821 5456 878 5543 ,ξ’
911 5458 1047 5513 δεηο
1088 5449 1329 5543 BNL}-
1387 5449 1636 5543 ,1⁵20⁸³3τὲ

1758 5449 1811 5528 νζ
1843 5466 1986 5543 ‘20.__
2012 5464 2057 5494 ⁸¹
2093 5464 2229 5518 Gen.
2274 5449 2464 5527 xxvtu,
2505 5459 2558 5512 2.
2623 5457 2682 5509 ..⁸³
2720 5457 2854 5512 Gen.
2899 5468 3047 5517 xxix,
3080 5451 3146 5506 21
3191 5462 3312 5519 sqq.
3419 5475 3422 5478 ’

169 5517 294 5573 Gen.
338 5535 462 5589 xxv,
501 5524 594 5580 25.
670 5527 716 5558 "
757 5526 778 5580 l
817 5525 950 5598 Reg.
991 5544 1047 5593 ll,
1087 5531 1178 5597 35,
1221 5517 1308 5588 36.
1384 5533 1431 5565 ⁸⁸
1472 5517 1633 5587 Ρεθιζ

1769 5517 1887 5600 χίιι,
1935 5536 2017 5588 ll.

159 5705 261 5785 (|_6_)
293 5707 351 5761 in
382 5707 644 5774 llebrmo,
700 5719 757 5763 ut
805 5719 859 5764 ct
892 5711 944 5768 in
982 5711 1188 5782 Graeco,
1241 5721 1305 5771 ad
1351 5719 1568 5774 verbum
1621 5726 1725 5785 est,
1781 5719 1859 5772 z-ir
1887 5718 2001 5785 Dei,
2049 5718 2098 5773 id
2131 5725 2213 5774 est
2245 5717 2458 5771 divinus
2501 5721 2683 5777 vates,
2727 5706 2996 5780 quomodo
3042 5700 3201 5758 vertit
3244 5707 3301 5756 et

103 5772 376 5837 Chaldaeus.
