3952 6328
549 335 658 397 823
714 312 718 421 ξ

620 460 694 510 Ac
729 456 925 525 prioris
952 456 1170 525 quidem
1204 457 1383 525 pupuli
1420 456 1591 525 (ign-ra
1621 464 1704 509 est
1732 453 1904 519 Esau;
1938 462 2119 520 postc-
2150 446 2203 506 Α

549 550 709 601 rioris
739 549 926 601 Jaroh.
964 548 1146 617 Neque
1181 548 1458 615 enimvero
1485 556 1706 617 prepler
1728 544 2036 613 exemplum
2062 543 2128 597 ad

549 650 756 693 naturze
788 654 1013 709 quoque
1037 639 1307 693 excidium
1358 639 1439 691 las
1480 645 1565 692 est
1601 637 1838 705 grassari
1871 653 1885 688 :
1920 652 1938 686 ι
1972 632 2130 688 Post—

546 746 707 798 quam
747 739 962 798 tempus
1018 730 1271 796 pariendi,
1308 710 1797 797 advenerat(nam
1852 727 2132 793 superiora

550 820 745 872 iterum
788 819 1119 886 trattetuus)
1159 820 1247 886 qui
1300 818 1450 887 prior
1499 831 1753 887 egressus
1804 825 1921 879 est,
1982 814 2132 868 rufus

550 919 685 973 erat,
720 921 776 963 et
811 920 952 963 totus
983 910 1036 963 in
1080 926 1285 965 morem
1337 910 1492 979 pellis
1537 909 1823 976 hispidus:
1854 914 2132 961 vocatum.

547 1008 651 1069 q‘ue
671 1013 755 1057 est
781 988 976 1056 nomen
1012 1001 1131 1069 ejus
1150 1002 1292 1055 Esau
1316 1001 1380 1054 ⁸⁷.
1421 1017 1441 1051 ι
1474 998 1680 1054 Irarum
1705 1009 1759 1054 et
1785 997 2134 1051 immanitatis

548 1094 739 1163 plenus
795 1094 939 1150 Esau
991 1096 1168 1148 vultus
1216 1103 1297 1147 est
1341 1106 1354 1146 :
1410 1091 1543 1147 tales
1582 1092 1726 1146 enim
1779 1100 1833 1145 et
1880 1088 2138 1143 Israelitre

556 1198 684 1245 sunt
716 1206 729 1244 :
762 1192 945 1259 itaque
975 1197 1030 1244 et
1060 1189 1140 1243 sui
1173 1189 1391 1258 generis
1440 1197 1589 1241 vates
1635 1185 2045 1245 interfecerunt,
2083 1192 2138 1238 et

551 1282 768 1336 domum
854 1282 905 1334 in
954 1281 1132 1347 ipsum
1194 1280 1357 1333 etiam
1421 1268 1698 1333 Christum
1771 1277 2134 1331 admiserunt.

555 1391 570 1418 ι
612 1371 865 1426 Protinus
897 1370 1034 1425 alter
1065 1370 1372 1438 egrediens,
1426 1368 1663 1439 plantam
1696 1366 1886 1421 fratris
1920 1367 2136 1437 tenebat

553 1476 735 1525 Iltalltl,
770 1470 825 1515 et
848 1461 1052 1528 idcirco
1078 1460 1369 1531 appellavit
1395 1475 1518 1515 eum
1541 1459 1710 1515 .lacob
1735 1459 1803 1526 ⁸⁸,
1840 1477 1860 1511 ι
1894 1474 1956 1514 ea
1988 1473 2044 1512 re
2067 1458 2139 1511 si-

553 1556 904 1624 gnificans,et
923 1571 986 1613 se
1008 1572 1072 1611 eo
1096 1555 1489 1625 potiturum,et
1509 1570 1723 1623 servum
1749 1570 1814 1609 ac
1832 1555 2137 1619 ministrum

554 1632 901 1714 habiturum;
938 1662 1062 1701 nam
1099 1648 1277 1703 calces
1311 1646 1515 1702 laboris
1540 1647 1870 1716 praecipuum
1907 1653 2056 1709 sunt,
2086 1654 2140 1711 et

552 1739 841 1794 ministerii
874 1739 1109 1809 judices.
1156 1738 1289 1793 Erat
1336 1749 1515 1793 autem
1555 1736 1724 1793 Jacob
1759 1737 1941 1795 laevis:
1991 1739 2137 1807 quod
2170 1777 2213 1835 Β

551 1832 801 1885 humanae
848 1831 1285 1886 mansuetudinis
1341 1833 1559 1897 signum
1600 1836 1724 1894 est;
1775 1828 2008 1897 talisque
2053 1839 2137 1884 est

541 1923 656 1976 dide
687 1936 878 1977 recens
916 1921 1216 1977 instructus
1255 1920 1507 1991 populus,
1546 1921 1720 1983 mitis,
1758 1935 1823 1974 ac
1862 1920 1985 1975 sine
2030 1919 2133 1976 ira.

552 2013 819 2068 Venustas
869 2012 1013 2068 enim
1075 2014 1326 2082 corporis
1374 2022 1754 2082 argumentum
1801 2011 1967 2068 habet
2016 2010 2134 2079 pul-

548 2102 883 2160 rhritudinis
900 2103 1151 2168 internm,
1171 2111 1227 2158 et
1256 2118 1377 2173 quae
1398 2113 1581 2159 mente
1600 2110 1875 2158 teneatur.
1900 2101 2139 2171 Eratque
2176 2170 2179 2173 δ

552 2197 690 2250 Esau
727 2195 957 2250 venandi
987 2183 1192 2263 peritus
1220 2217 1233 2250 :
1259 2210 1386 2249 nam
1416 2193 1675 2250 Israelita
1703 2209 1897 2249 cruore
1926 2202 1987 2249 et
2010 2193 2137 2248 bru-

553 2287 753 2342 ticidiis
784 2288 1056 2356 gaudent;
1084 2286 1251 2343 Jacob
1282 2288 1499 2357 quietus
1532 2287 1729 2343 aedium
1756 2286 2035 2342 habitator
2053 2285 2134 2339 "z

551 2382 688 2436 tales
714 2389 843 2435 sunt
868 2380 1034 2435 etiam
1067 2380 1123 2434 in
1155 2380 1261 2434 tlde
1293 2379 1442 2445 novi,
1492 2393 1697 2444 comes,
1733 2386 1988 2448 expertes
2019 2379 2138 2444 irae,

550 2483 608 2527 ιιι
638 2473 807 2527 solam
838 2473 1093 2541 pietatem
1125 2471 1269 2527 docti
1294 2485 1505 2542 amare.
1550 2467 1658 2528 Sed
1685 2468 1836 2526 Isaac
1859 2531 1861 2533 ,
1881 2468 2143 2542 diligebat

549 2562 767 2629 quidem
805 2553 970 2629 Esau,
1015 2576 1124 2618 non
1161 2570 1221 2617 ut
1258 2563 1437 2616 virum
1474 2562 1703 2627 bonum,
1755 2570 1810 2617 et
1845 2561 2143 2618 voluntatis

471 2666 477 2671 ’
554 2656 646 2712 Dei
694 2654 999 2721 conscium,
1039 2655 1135 2709 sed
1181 2654 1417 2708 venandi
1461 2653 1790 2710 studiosum.
1853 2654 2017 2723 quue
2066 2655 2139 2709 ita

552 2762 674 2809 esse
708 2756 765 2801 ut
788 2748 1435 2817 intelligeretur,causam
1464 2740 1684 2817 quoque
1726 2761 1898 2801 sacra:
1920 2744 2144 2801 Littera;

552 2841 858 2912 adjiciunt,
905 2858 924 2892 ι
960 2854 1026 2895 eo
1051 2839 1195 2909 quod
1231 2840 1297 2895 de
1340 2839 1727 2895 venationibus
1768 2837 1911 2893 illius
1949 2853 2143 2899 vesce-

553 2942 758 2989 retur:
809 2940 865 2988 et
912 2932 1157 2988 Rebecca
1210 2931 1472 3002 diligebat
1528 2928 1698 2988 Jacob
1726 2931 1796 2985 “.‘
1832 2948 1852 2982 ι
1908 2930 2013 2988 Ubi
2062 2936 2146 2984 est

553 3026 699 3083 enim
737 3040 845 3079 non
877 3024 1113 3079 mendax
1145 3022 1502 3094 promissum,
1545 3031 1599 3077 et
1632 3018 1796 3077 verus
1824 3036 1985 3077 amor
2013 3035 2145 3076 eon-

554 3118 827 3186 sequitur.
860 3116 1003 3171 Esau
1037 3131 1167 3170 vero
1208 3130 1316 3170 non
1350 3126 1411 3169 ut
1446 3115 1622 3170 virum
1667 3115 1868 3170 bonum
1904 3129 1933 3168 a
1985 3121 2144 3183 patre
2170 3109 2215 3167 G
2250 3131 2497 3185 assidens

557 3206 821 3272 amatum,
868 3207 1003 3262 nulli
1054 3206 1280 3262 dubium
1310 3215 1434 3274 est;
1473 3206 1564 3275 qui
1612 3207 1768 3276 panis
1797 3205 2055 3279 pauxillo,
2087 3214 2144 3261 et

555 3299 810 3369 confecto
842 3312 904 3355 ex
928 3288 1098 3353 lente
1140 3299 1343 3365 edulio,
1390 3298 1568 3355 anatis
1599 3288 2015 3371 praerogativam
2044 3302 2144 3353 ad-

558 3394 783 3451 dixerit.
806 3392 989 3463 Atque
1020 3392 1097 3446 ita
1138 3407 1269 3448 sane
1299 3401 1356 3446 et
1387 3392 1670 3461 Synagoga
1697 3400 1917 3461 propter
1946 3390 2143 3445 exilem

558 3486 824 3557 regnandi
856 3480 1193 3557 voluptatem
1225 3466 1517 3553 adoptione
1547 3483 1782 3550 excidit;
1804 3482 2007 3538 Jacobu
2032 3499 2147 3538 ma-

559 3583 656 3635 tris
696 3594 907 3651 opera,
967 3566 1191 3649 ingenii‘
1236 3577 1541 3645 facilitate,
1607 3578 1776 3649 patris
1830 3562 2144 3634 felicitatem

557 3675 774 3743 adepto.
808 3673 889 3727 Ac
929 3671 1399 3741 quemadmodum
1446 3664 1695 3727 Rebecca
1728 3668 2016 3735 Iacobum,
2069 3670 2145 3724 ita

557 3774 611 3820 et
642 3762 748 3817 mei
785 3762 988 3817 Christi
1034 3762 1321 3818 incruenta
1367 3761 1588 3818 victima
1636 3776 1839 3845 uova
1888 3752 2145 3831 populum

562 3855 675 3911 Deo
705 3862 759 3909 et
788 3852 939 3909 Patri
977 3853 1294 3909 conciliavit
1340 3863 1396 3908 et
1443 3854 1703 3924 placavit.
1749 3852 1854 3909 Sed
1891 3853 2146 3923 quoniam

562 3947 802 4016 reiectus
853 3963 882 4001 a
939 3946 1050 4003 Deo
1100 3958 1185 4003 est
1225 3946 1393 4013 Esau,
1437 3954 1492 4003 et
1542 3961 1642 4003 nos
1685 3946 1823 4002 adeo
1876 3947 2147 4002 hactenus

558 4041 629 4095 de
675 4055 743 4096 eo
788 4040 1167 4106 sermocinati,
1216 4040 1478 4108 deinceps
1523 4054 1644 4109 quae
1673 4039 1739 4095 ad
1767 4037 1936 4096 Iacob
1973 4039 2147 4096 solum

534 4139 812 4199 spectant
838 4144 1261 4199 prosequamur.
1299 4130 1414 4186 Etsi
1446 4128 1574 4185 illud
1620 4132 1773 4201 prius
1818 4146 1995 4201 operae
2022 4146 2149 4201 pre-

564 4226 697 4278 tium
734 4233 820 4280 est
852 4225 1145 4294 dispicere,
1197 4239 1296 4279 cur
1335 4222 1477 4280 Esau
1525 4223 1739 4295 paterni
1770 4226 1912 4295 boni
1951 4226 2150 4282 ominis

556 4316 753 4377 causa,
802 4315 1007 4378 ingenti
1054 4315 1204 4371 obito
1246 4314 1453 4379 labore,
1487 4313 1757 4389 difﬁcilem
1807 4328 1866 4372 se
1903 4316 2151 4386 praebens

1741 336 2172 398 ANDRONICI
2214 334 2570 398 COMNENI
2801 312 2807 326 ⁵
3690 344 3784 407 821

2784 504 2785 509 η
2831 457 3058 513 (ὶιὶνὶζτ
3100 458 3217 514 XX.

2516 592 2704 648 Jacobi
2742 610 2823 649 res
2874 612 2993 649 cum
3049 596 3257 650 Christo
3302 598 3530 651 caltam.

2313 749 2330 782 ε
2375 728 2519 784 Tulit
2552 730 2617 785 de
2650 730 2921 800 lapidibus
2951 734 3041 800 qui
3086 732 3359 798 iacebant,
3400 744 3453 788 et
3500 748 3786 803 supponent

2237 824 2398 889 capiti
2450 840 2547 879 suo
2592 825 2657 881 δ’.
2709 845 2727 877 ι
2777 824 3030 895 Lapidem
3074 823 3241 881 Jacob
3266 827 3521 895 sumpsit,
3554 826 3784 895 quoniam

2240 923 2545 979 exterarum
2590 914 2826 981 gentium
2877 914 3103 983 populus
3134 929 3229 982 per
3258 924 3545 981 augustum
3579 912 3710 966 illum
3740 920 3789 966 et

2245 1023 2264 1056 σ
2302 1003 2613 1071 angularem
2653 1005 2906 1073 lapidem,
2944 1025 2961 1057 ι
3000 1007 3052 1061 id
3083 1016 3185 1070 est,
3215 1005 3512 1068 Christum,
3546 1006 3609 1059 ad
3644 1005 3788 1058 Deum

2240 1094 2587 1150 conﬂuxurus
2614 1106 2749 1151 erat.
2776 1096 2943 1171 Igitur
2973 1098 3060 1152 hic
3086 1112 3302 1167 quoque
3328 1092 3554 1167 anguste
3580 1096 3791 1164 lapidem

2240 1187 2307 1242 ad
2358 1196 2521 1256 caput
2546 1188 2803 1244 adhibuit
2855 1208 2873 1241 ‹
2920 1189 3184 1244 Dormivit
3215 1191 3269 1243 in
3300 1189 3491 1244 eodem
3531 1188 3646 1243 loco
3672 1188 3733 1241 “.
3770 1205 3789 1236 ι

2242 1279 2378 1333 Nam
2409 1281 2510 1336 etsi
2536 1294 2763 1351 corpore
2786 1282 3089 1336 dormiebat
3120 1280 3311 1343 Iacob;
3337 1290 3395 1335 at
3425 1280 3630 1335 lsraelis
3652 1294 3793 1333 mens

2242 1372 2633 1429 sollicitabatur
2665 1388 2680 1427 :
2718 1391 2735 1426 ι
2771 1373 3022 1445 Viditque
3072 1376 3125 1429 in
3174 1375 3383 1430 somnis
3431 1374 3626 1430 scalam
3658 1382 3794 1427 stan-

2242 1474 2348 1518 tem
2394 1480 2559 1533 super
2591 1480 2814 1528 terram.
2860 1477 2915 1522 et
2963 1482 3223 1522 cacumen
3273 1468 3421 1524 illius
3450 1475 3664 1537 tangens
3697 1478 3796 1521 cot-

2243 1558 2352 1612 luut
2386 1557 2452 1611 “.
2494 1577 2515 1609 ι

2842 1664 3068 1727 CAPUT
3106 1671 3223 1727 XX.

2384 1812 2546 1869 Scala
2579 1811 2747 1879 Iacob
2778 1821 2930 1937 typus
3079 1814 3338 1939 Virtgt'nt's,
3383 1822 3432 1868 et
3475 1813 3671 1883 reliqua

2872 1900 2967 1938 aco
3004 1901 3023 1938 ι
3063 1900 3150 1955 ges
3178 1901 3232 1939 α.
3500 1908 3511 1931 π

2316 2025 2537 2085 Sealam
2573 2024 2661 2097 hic
2694 2024 2829 2080 mihi
2871 2022 3149 2096 Virginem
3200 2023 3464 2095 intellige,
3514 2038 3610 2094 per
3653 2034 3803 2092 quam

2243 2116 2294 2169 iu
2345 2117 2545 2172 emtum
2592 2132 2624 2172 e
2669 2127 2809 2172 terra
2860 2117 3205 2187 surrigimur.
3261 2136 3281 2170 ‹
3318 2116 3554 2187 Angelos
3605 2125 3805 2185 quoque

2242 2206 2337 2263 Dei
2366 2208 2725 2264 ascendentes
2754 2219 2809 2265 et
2834 2209 3224 2266 descendentes
3255 2224 3351 2280 per
3380 2222 3524 2274 eam,
3556 2215 3607 2262 et
3641 2203 3807 2260 Domi-

2244 2314 2372 2352 num
2404 2298 2647 2354 innixum
2678 2301 2842 2356 scala
2869 2301 2938 2357 ⁸⁸.
2980 2319 2999 2355 ι
3031 2300 3275 2356 Primum
3302 2301 3369 2355 ad
3397 2315 3516 2357 eam
3545 2295 3808 2355 descendit

2243 2390 2486 2457 Gabriel,
2515 2390 2803 2448 Dominum
2849 2394 3199 2449 nuntiaturus
3248 2393 3440 2447 eodem
3492 2389 3812 2447 faustissim

2244 2484 2443 2538 nuntio
2471 2492 2789 2551 conceptum
2827 2484 2893 2539 iri
2916 2523 2933 2546 .
2968 2499 3037 2541 ex
3080 2498 3252 2553 eaque
3276 2482 3499 2551 jamjam
3528 2481 3693 2538 Deum
3723 2479 3813 2534 be-

2244 2575 2446 2630 minem
2498 2576 2861 2645 proditurum.
2895 2574 3095 2631 Deinde
3128 2584 3184 2630 et
3227 2574 3484 2639 ministri,
3516 2587 3590 2629 ac
3633 2570 3812 2627 salutis

2248 2675 2445 2724 nostra
2475 2666 2753 2723 custodes.
2786 2667 3045 2744 Servatur
3070 2666 3215 2722 enim
3248 2680 3402 2722 meus
3447 2663 3501 2721 in
3523 2661 3814 2737 Evangelia

2248 2760 2538 2815 conﬁrmat
2574 2774 2590 2813 :
2624 2778 2644 2813 ι
2683 2758 2951 2815 Videbitis
2988 2758 3184 2814 caelum
3223 2768 3490 2825 apertum,
3525 2763 3582 2811 et
3613 2753 3819 2826 angelos

2247 2853 2342 2909 Dei
2378 2853 2736 2911 ascendentes
2762 2858 2814 2906 et
2843 2849 3231 2906 descendentes
3277 2863 3443 2918 supra
3493 2846 3690 2902 Filium
3722 2844 3817 2900 ho-

2246 2945 2411 3001 minis
2448 2944 2517 2999 “.
2561 2963 2580 2997 ι
2631 2944 2998 2999 Ascendentes
3048 2943 3115 2995 ad
3164 2956 3321 3006 eum,
3372 2940 3464 3010 qui
3518 2939 3661 2994 Deus
3702 2950 3816 2994 cum

2249 3044 2416 3100 esset,
2443 3036 2607 3091 homo
2631 3035 2793 3089 etiam
2829 3033 3028 3099 factus,
3061 3031 3435 3101 inaspectabili
3466 3029 3615 3085 Patri
3641 3028 3820 3084 dexter

2540 3147 2553 3183 :
2600 3127 2989 3185 descendentes
3037 3126 3103 3181 ad
3154 3123 3422 3191 homines,
3476 3120 3821 3194 procuranda:

2246 3237 2434 3278 eorum
2464 3220 2655 3277 salutis
2681 3234 2866 3275 causa.
2894 3218 2952 3275 Id
2984 3217 3129 3274 enim
3155 3224 3210 3273 et
3237 3215 3459 3282 Paulus,
3488 3214 3595 3270 mei
3624 3209 3817 3270 Christi

2243 3330 2329 3379 os,
2366 3320 2595 3387 testatus
2622 3320 2725 3376 est.
2754 3311 2911 3382 cuius
2930 3311 3004 3375 de
3039 3309 3253 3379 angelis
3290 3308 3410 3365 haec
3451 3314 3580 3363 sunt
3609 3304 3769 3363 verba
3798 3320 3815 3359 :

2252 3422 2273 3457 ι
2334 3403 2525 3459 Nonne
2570 3418 2761 3458 omnes
2815 3412 2941 3458 sunt
2989 3400 3436 3457 administratorii
3488 3399 3711 3468 spiritus
3763 3396 3816 3453 in

2246 3492 2606 3550 ministerium
2637 3494 2784 3547 missi
2813 3503 3033 3563 propter
3060 3506 3154 3546 eos
3190 3491 3280 3561 qui
3316 3490 3685 3546 hereditatem
3720 3503 3813 3544 ea-

2245 3586 2397 3657 pient
2424 3584 2614 3641 salutis
2643 3584 2725 3637 "7
2760 3603 2780 3638 ι
2818 3584 2925 3640 Sed
2956 3583 3021 3639 ad
3057 3583 3371 3643 vaticinium
3408 3592 3767 3638 revertamur.

2323 3674 2503 3747 Atque
2536 3675 2627 3731 ille
2656 3692 2778 3731 eum
2809 3675 2888 3731 sic
2912 3684 2996 3731 est
3032 3675 3297 3731 allocutus
3327 3692 3342 3728 :
3377 3694 3397 3727 ί
3430 3673 3556 3742 Ego
3576 3688 3694 3729 sum
3722 3671 3823 3727 Dov

2250 3771 2432 3825 minus
2467 3769 2607 3825 Deus
2634 3768 2906 3824 Abraham
2939 3768 3108 3837 patris
3133 3767 3232 3831 tui,
3266 3778 3322 3835 et
3349 3766 3491 3822 Deus
3524 3766 3677 3822 isaac
3697 3762 3765 3818 ".
3798 3781 3820 3815 ι

2250 3862 2384 3933 Ego.
2420 3861 2590 3930 Quis?
2621 3861 2794 3917 Scalae
2828 3861 3140 3917 imminens.
3173 3857 3254 3915 Ne
3293 3867 3496 3922 metue,
3529 3855 3733 3912 scilicet
3759 3855 3828 3907 ab

2251 3956 2392 4013 Esau
2436 3956 2604 4011 fratre
2635 3962 2749 4009 tuo.
2782 3953 2973 4008 Itidem
3004 3962 3059 4008 et
3094 3946 3355 4007 Servatur
3384 3963 3513 4006 suos
3539 3946 3829 4016 discipulos

2253 4048 2505 4104 monebat
2537 4066 2557 4117 :p
2582 4066 2601 4099 ι
2631 4046 2809 4102 Nolite
2838 4046 3033 4101 timere
3062 4058 3178 4109 eos,
3207 4048 3297 4111 qui
3325 4042 3582 4097 occidunt
3610 4050 3825 4107 corpus,

2252 4143 2486 4197 animum
2520 4149 2704 4198 antem
2737 4153 2843 4194 nou
2874 4143 3099 4209 possunt
3127 4133 3384 4190 occidere
3416 4133 3483 4186 “.
3522 4149 3543 4183 ι
3576 4128 3732 4196 Quod
3765 4141 3829 4183 eo

2250 4234 2583 4303 pertinebat,
2608 4239 2667 4285 ut
2690 4240 2952 4285 terrorem
2981 4226 3049 4282 iis
3069 4225 3359 4289 eximeret,
3385 4222 3476 4293 qui
3509 4221 3562 4277 in
3593 4235 3656 4276 se
3683 4232 3824 4289 spent

2254 4318 2547 4392 haberent;
2593 4321 2867 4393 quomodo
2908 4330 2963 4375 et
3008 4317 3205 4399 begtus
3242 4315 3408 4369 David
3457 4312 3669 4369 felicem
3721 4309 3829 4367 ela-

561 4415 713 4475 pater
761 4405 999 4476 graviter
1041 4405 1338 4473 eiulantem
1392 4404 1752 4461 benedixerit.
1811 4401 1930 4461 Hoc
1983 4404 2144 4467 facto,
2256 4425 2367 4472 πω
2404 4416 2475 4479 το,
2524 4414 2703 4483 quiin
2747 4426 2812 4467 eo
2860 4423 3013 4478 spem
3057 4407 3232 4478 ponit.
3288 4423 3307 4457 ι
3344 4403 3589 4466 Terram,
3624 4402 3679 4456 in
3730 4412 3826 4469 qua

560 4457 792 4566 (riplllor:
813 4496 960 4552 Isaac
992 4457 1447 4552 Scelestissimam
1474 4496 1818 4568 Synagogam
1843 4498 2019 4564 docet,
2044 4457 2146 4552 nisi
2177 4457 2229 4517 υ

562 4591 630 4644 ad
668 4590 833 4645 Deum
871 4588 1149 4643 hominem
1186 4586 1399 4653 Jesum,
1440 4603 1604 4663 quem
1652 4589 1704 4642 in
1751 4602 1971 4649 erucem
2016 4589 2149 4659 egit,

563 4696 805 4747 reversa,
854 4695 979 4735 eum
1036 4679 1462 4748 regenerationis
1507 4678 1747 4745 lavacro,
1804 4678 2030 4749 perinde
2084 4694 2149 4736 ac

566 4770 707 4825 Esau
752 4780 961 4840 patrem
1010 4767 1289 4839 lacnymis,
1324 4765 1604 4838 propitiat,
1654 4769 1876 4825 cmleste
1904 4770 2145 4839 {regnum

492 4854 497 4873 ³
570 4864 830 4933 consequi
887 4879 994 4918 non
1053 4878 1235 4933 posse.
1288 4862 1395 4917 Sed
1447 4876 1665 4919 rursum
1715 4863 1783 4917 ad
1830 4861 2146 4917 vaticinium

569 4970 878 5010 sermonem
928 4956 1254 5011 referamus.
1292 4973 1311 5006 ι
1348 4952 1517 5024 Igitur
1566 4966 1819 5024 egressus
1865 4952 2033 5009 Jacob
2082 4955 2151 5023 de

568 5048 837 5102 Bersabee
856 5048 1113 5116 pergebat
1138 5046 1339 5100 llaran.
1355 5032 1600 5117 Cumque
1620 5046 1853 5101 venisset
1875 5046 1942 5100 ad
1960 5061 2148 5115 quem-

571 5142 694 5193 dum
752 5139 953 5203 locum,
992 5148 1043 5191 et
1084 5138 1242 5192 vellet
1289 5139 1341 5193 in
1387 5153 1452 5193 eo
1498 5143 1841 5208 requiescere
1871 5149 1987 5208 post
2018 5140 2151 5195 solis

568 5231 881 5285 occubitum
906 5232 972 5281 δ’.
1010 5249 1027 5279 ι
1064 5228 1272 5283 Jacobo
1315 5231 1467 5296 solis,
1522 5231 1613 5300 qui
1663 5240 1844 5285 mente
1876 5240 2146 5298 teneatur,

528 5330 531 5334 ’
574 5325 741 5392 signis
788 5324 1052 5378 divinitus
1098 5314 1420 5382 erudiendo.
1473 5312 1728 5376 sensilem
1769 5322 1929 5377 condi
1978 5323 2148 5377 solem

577 5415 878 5481 Oportebat,
912 5424 971 5469 ut
1001 5429 1162 5483 quam
1193 5414 1471 5468 subiturus
1501 5429 1717 5485 quoque
1743 5424 1864 5470 erat
1896 5416 1949 5469 in
1978 5417 2151 5473 domi-
2190 5446 2193 5447 ν

580 5506 698 5562 uico
734 5507 997 5574 supplicio
1026 5505 1314 5575 caliginem
1348 5506 1686 5576 praesagiret.
1738 5564 1739 5567 η

646 5650 691 5680 ιτ
734 5647 871 5702 σευ,
917 5661 1045 5710 xxv,
1086 5649 1178 5703 εδ,
1256 5650 1302 5681 ιε
1342 5647 1479 5704 Gen.
1525 5664 1575 5711 ν,
1623 5648 1713 5700 26.
1790 5652 1834 5683 ιο
1878 5650 2005 5707 ibid.
2047 5653 2137 5708 9.7.

2252 5656 2259 5684 '
2305 5654 2441 5707 Gen.
2484 5668 2605 5716 xxv,
2646 5650 2736 5702 ‘28.

586 5719 622 5758 ta
652 5718 787 5772 Gen.
838 5731 1027 5769 xxvm.
1068 5718 1157 5774 Η.

580 5791 620 5820 τθ
661 5788 849 5842 .‘lattlt.
892 5803 943 5855 χ,
986 5786 1075 5843 ‘28.
1154 5791 1197 5821 7“
1236 5787 1378 5845 Psal.
1415 5805 1539 5858 xxx,
1577 5790 1629 5845 9.

2257 4504 2464 4561 dormis
2516 4503 2611 4557 tibi
2657 4500 2818 4576 dabo,
2852 4508 2908 4553 et
2936 4497 3128 4553 setniui
3182 4503 3296 4549 tuo.
3347 4511 3367 4545 ι
3405 4491 3535 4557 Ejus
3583 4490 3827 4558 stirpem,

2258 4612 2362 4652 non
2409 4594 2581 4650 solum
2632 4608 2698 4647 ex
2748 4576 2813 4647 eo
2863 4599 3175 4661 prognatos,
3211 4589 3306 4641 sed
3356 4593 3571 4640 exteros
3620 4593 3830 4652 quoque

2259 4690 2400 4745 Deus
2435 4686 2689 4757 appellat.
2726 4683 2860 4738 Nam
2910 4692 2969 4738 ut
2997 4680 3161 4745 Esau,
3192 4680 3283 4748 qui
3306 4678 3462 4734 -filius
3495 4676 3647 4731 isaac
3694 4681 3827 4736 erat,

2256 4782 2308 4837 iu
2362 4781 2663 4852 Synagogze
2715 4775 2970 4830 felicitate
3010 4786 3313 4832 .numerum
3371 4768 3575 4823 nullum
3631 4763 3830 4827 tenuit,

2257 4876 2398 4943 quod
2430 4873 2648 4927 virtutis
2674 4878 2732 4923 et
2773 4868 2866 4923 Dei
2906 4866 3110 4923 notitiae
3140 4866 3241 4919 iter
3277 4877 3380 4919 non
3427 4861 3732 4925 insisteret;
3764 4860 3829 4913 ita

2257 4966 2344 5033 qui
2377 4980 2472 5033 per
2507 4964 2595 5016 Dei
2627 4960 2874 5015 notitiam
2914 4967 2969 5013 et
2994 4956 3272 5020 virtutem,
3310 4953 3523 5007 etiamsi
3553 4967 3621 5006 ex
3659 4949 3832 5022 genti-

2260 5058 2360 5111 bus
2386 5055 2519 5120 sint,
2544 5053 2759 5109 Christo
2805 5064 2865 5106 se
2911 5046 3229 5115 adiungunt,
3265 5044 3359 5099 lilii
3387 5042 3607 5099 lsraelis
3650 5050 3829 5096 erunt.

2258 5146 2535 5215 Siquidem
2562 5142 2775 5197 lsraelis
2797 5140 2999 5194 notatio
3023 5146 3128 5201 est,
3153 5155 3172 5190 ς
3200 5150 3352 5191 meus
3368 5134 3540 5188 Deum
3564 5133 3779 5187 videns.
3807 5149 3825 5183 ι

2259 5241 2444 5305 Itaque
2475 5236 2564 5305 qui
2614 5244 2848 5287 mentem
2884 5230 3088 5284 habent
3127 5236 3432 5299 purgatam,
3476 5225 3545 5278 ad
3592 5222 3829 5278 divinum

2260 5332 2601 5405 splendorem
2656 5326 3085 5396 suscipiendum,
3133 5322 3332 5377 merito
3381 5318 3599 5374 lsraelis
3648 5317 3740 5372 lilii
3779 5323 3832 5371 et

2260 5434 2408 5488 sunt,
2440 5430 2493 5475 et
2526 5419 2891 5474 nominantur.
2932 5416 3108 5483 Atque
3155 5414 3296 5466 hanc
3335 5420 3571 5466 nostram
3611 5418 3831 5464 sentena

2261 5517 2388 5570 tiam
2422 5512 2622 5581 reliqua
2664 5524 2831 5565 sacrae
2861 5507 3153 5578 Scriptura:
3197 5504 3353 5560 facile
3384 5502 3782 5560 conﬁrmabant
3811 5517 3828 5557 ε

2828 5649 2868 5682 ⁶¹
2912 5647 3049 5703 Gen.
3096 5662 3287 5709 xxvm,
3334 5645 3419 5704 i0.
3464 5645 3550 5698 li.
3628 5643 3673 5673 "
3702 5640 3828 5694 ibid.

1231 5719 1277 5791 τι
1315 5720 1444 5791 ibid.
1480 5718 1597 5791 te,
1642 5718 1689 5751 οι
1719 5720 1848 5777 ibid.
1887 5717 1971 5777 ts.
2049 5722 2144 5779 σοι

2252 5756 2276 5779 η.
2324 5740 2360 5791 ι,
2401 5723 2489 5777 51.
2596 5711 2647 5753 ’⁸⁷
2679 5719 2841 5776 llcbr.
2892 5734 2966 5785 tt,
3030 5718 3113 5773 H.
3214 5717 3259 5749 "
3300 5716 3434 5771 Gen.
3476 5728 3689 5777 xxvm,
3746 5711 3829 5766 l5.
