3952 6328
142 361 240 424 325
1171 378 1557 452 DIALOGUS
1593 375 1897 438 CONTRA
1938 361 2276 440 nmmos.
3247 376 3359 441 32s

148 492 163 520 t
205 473 402 541 Eritque
435 491 618 532 semen
665 491 810 534 tuum
851 487 1004 552 quasi
1053 486 1224 553 pulvis
1261 497 1445 555 terrae;
1499 489 1689 542 dilata-
1720 495 1766 552 Α
1801 497 2110 540 exterarum
2159 497 2396 554 gentium
2427 490 2700 558 populum.
2756 489 2831 544 Ita
2882 490 3021 545 enim
3060 506 3154 546 eos
3205 509 3357 549 meus

143 565 272 616 heris
289 567 347 616 ad
369 565 708 622 Occidentem
741 583 790 625 et
821 574 1111 641 Orientem,
1140 587 1194 630 et
1220 580 1674 648 Septentrionem,
1779 572 2027 627 ChriSlUS
2080 576 2314 643 ερρειιιιι
2361 595 2374 630 ε
2411 596 2429 628 t
2466 578 2579 647 Ego
2621 594 2739 632 sum
2791 588 2978 648 paSIOI‘
3029 581 3237 642 bonus.
3293 591 3349 635 ει

137 665 190 706 et
216 655 467 709 Meridietu
501 660 568 712 “.
604 681 621 712 ι
655 662 840 718 Videte
875 678 929 719 ut
963 677 1252 733 quaternas
1287 672 1466 723 mundi
1498 683 1678 737 partes
1780 677 2044 730 cognosco
2070 679 2196 720 oves
2229 684 2397 733 meas,
2432 679 2486 723 et
2527 681 2854 739 cognoscunt
2890 687 2974 724 me
3010 686 3162 726 mete.
3199 673 3352 727 Sicut

139 759 291 797 Sacra:
331 747 539 803 Littera:
580 755 1044 821 complectantur?
1077 775 1200 812 cum
1242 758 1422 814 Judma
1453 772 1673 827 quotum
1754 753 1922 811 ..ΙιονῘῑ
1950 769 2036 806 me
2069 756 2247 819 Paler.
2286 768 2338 810 el
2363 773 2461 827 080
2490 775 2724 826 agnosco
2759 761 3004 826 Patrem;
3038 742 3090 814 έῑ
3117 765 3350 818 animam

134 834 349 900 aliquod,
379 847 430 888 et
461 840 742 894 minimum
787 854 943 898 terra:
990 856 1324 916 segmentum
1360 851 1450 903 sit.
1496 849 1676 915 Itaque
1779 858 1948 910 meam
1983 861 2122 913 pono
2150 863 2245 915 pro
2272 850 2465 903 ovibus
2498 852 2630 905 uicis
2659 853 2729 906 ⁷⁸.
2766 870 2783 902 ι
2823 853 3011 906 Notate
3042 852 3348 921 diligenter.

136 925 179 974 id
219 931 370 995 magis
411 929 680 985 illustrans
713 945 892 998 vales,‘
913 937 1059 992 addit
1092 957 1102 991 :
1140 957 1157 989 t
1193 940 1590 994 Benediceutut-
1619 941 1670 994 in
1777 925 1909 984 Nam
1957 948 2022 987 ex
2070 950 2134 989 eo
2185 949 2344 1005 puteo
2400 938 2844 1008 adaquabantur.
2898 944 3346 1008 quemadmodum

133 1027 196 1077 le,
231 1029 277 1073 ct
324 1022 372 1075 in
409 1026 612 1078 semine
640 1034 753 1091 tuo,
787 1039 996 1083 cunelae
1033 1033 1198 1086 tribus
1250 1041 1406 1086 terra:
1436 1035 1504 1086 ⁷³.
1547 1055 1565 1086 ι
1615 1034 1672 1088 Μ
1775 1024 2019 1081 Christus
2053 1028 2102 1081 itt
2139 1027 2427 1106 Evangelio
2458 1032 2531 1082 ait
2564 1048 2576 1084 :
2609 1048 2628 1082 t
2668 1031 2722 1084 Si
2753 1031 2872 1100 quis
2911 1033 3042 1094 sitit,
3073 1034 3246 1085 veniat
3281 1034 3346 1086 ad

128 1120 224 1172 est,
257 1112 314 1166 ab
359 1124 550 1168 emt-to
597 1119 721 1172 Jesu
763 1121 979 1175 Christo
1026 1121 1150 1176 Deo.
1191 1123 1282 1176 Sin
1332 1125 1382 1177 id
1431 1135 1672 1178 evertere
1777 1132 1880 1177 me,
1916 1127 1970 1171 et
2001 1119 2147 1173 bibat
2176 1119 2242 1172 ⁸ο.
2287 1139 2306 1171 ι
2347 1120 2486 1176 Oves
2521 1121 2628 1176 illic
2656 1114 2850 1188 brutae,
2902 1122 2988 1176 hic
3032 1123 3343 1178 rationales.

127 1206 397 1270 conamini,
431 1208 572 1260 nulla
604 1211 742 1264 inter
766 1227 858 1264 vos
888 1222 936 1264 et
969 1221 1153 1279 gentes
1188 1214 1414 1270 felicitas
1441 1223 1493 1268 et
1521 1231 1670 1268 com-
1781 1225 1799 1258 ι
1843 1207 1917 1260 Εἴ
1955 1223 2014 1261 08
2060 1208 2174 1276 eius
2205 1213 2398 1280 grandi
2436 1212 2610 1280 lapide
2647 1214 3019 1268 claudebatur.
3058 1233 3076 1265 )
3115 1214 3160 1269 Is
3208 1216 3347 1284 lapis

126 1295 291 1348 munio
335 1300 471 1362 erit,
525 1303 616 1354 sed
665 1303 948 1357 discidium
997 1311 1159 1372 atque
1209 1304 1494 1360 dissensio.
1533 1305 1668 1360 Nam
1773 1301 2105 1352 monumenti
2173 1299 2478 1356 servatoris
2538 1302 2738 1358 Christi
2805 1320 2995 1359 saxum
3074 1307 3339 1376 designat.

124 1384 362 1440 hactenus
393 1390 536 1458 apud
587 1406 773 1447 omnes
816 1403 1004 1462 gentes
1047 1397 1365 1465 contempti,
1413 1405 1468 1451 et
1511 1396 1666 1452 invisi

1776 1387 1972 1443 Eodem
1999 1404 2186 1445 omnes
2216 1401 2399 1463 greg‘cs
2425 1396 2710 1464 cogebant,
2747 1398 2954 1452 scilicet
2979 1399 3256 1467 propheta
3285 1407 3337 1452 et

124 1477 261 1532 estis.
287 1497 306 1531 t
337 1479 399 1533 Et
429 1496 525 1536 ero
557 1493 744 1537 custos
765 1493 911 1550 tuus,
945 1501 1266 1556 quocunque
1299 1488 1616 1555 Perrexeris.
1643 1508 1662 1541 ι
1770 1481 2031 1548 a901510“;
2066 1481 2386 1550 ἓνοιιιιοίιιιθ
2433 1500 2573 1547 sam
2593 1501 2722 1541 oves
2758 1487 3119 1555 adaquabant,
3149 1490 3200 1543 id
3234 1500 3339 1552 est.

123 1565 281 1630 Quare
320 1581 500 1628 certus
550 1575 688 1629 hanc
734 1577 799 1630 ab
829 1586 1033 1632 aeterno
1070 1579 1426 1633 oeconomiam
1468 1579 1522 1634 in
1578 1589 1666 1633 tua
1767 1571 2100 1640 explicandis
2149 1574 2320 1628 sacris
2358 1575 2577 1631 Litteris
2623 1578 2876 1646 populum
2916 1579 3122 1633 ccelesti
3163 1589 3342 1635 musto

121 1658 274 1726 stirpe
307 1662 698 1730 complendum,
748 1666 850 1720 iter
894 1683 1054 1721 omne
1103 1678 1252 1722 tuum
1301 1683 1524 1723 securus
1570 1672 1665 1724 de.
1770 1663 2423 1734 rigabantziiursumque
2454 1682 2642 1720 saxum
2691 1667 2756 1721 ad
2786 1683 2856 1723 .os
2903 1669 3048 1736 putei
3090 1669 3343 1724 advolve.

121 1761 282 1803 curre.
309 1769 327 1801 t
359 1751 422 1804 Et
452 1747 703 1809 reduan
737 1764 790 1810 te
823 1757 878 1812 in
914 1769 1110 1812 terram
1141 1760 1298 1825 hanc,
1340 1778 1358 1810 ι
1399 1760 1447 1813 iti
1478 1768 1580 1824 est,
1612 1761 1665 1813 in
1710 1767 1714 1769 ’
1768 1754 1916 1809 bant.
1942 1756 2144 1809 Saxum
2183 1761 2282 1812 hoc
2311 1758 2479 1825 putei,
2511 1760 2651 1828 quod
2684 1775 2870 1814 saxum
2900 1771 2980 1815 est
3013 1763 3338 1816 monumenti

121 1840 368 1908 antiquam
392 1843 584 1899 Adami
610 1848 941 1903 nobilitatem
975 1851 1274 1904 restituam.
1307 1870 1324 1904 ι
1356 1851 1463 1906 Nec
1487 1851 1665 1906 dimit-
1697 1845 1738 1899 Β
1771 1847 2092 1901 immortalis
2115 1848 2261 1909 vim.
2292 1850 2600 1918 congregati
2629 1850 2732 1905 duo
2759 1852 3044 1920 pontiﬁces
3077 1854 3261 1906 Annas
3287 1861 3342 1906 et

121 1939 218 1984 tam
262 1933 358 1987 nisi
406 1938 748 2005 complevere
779 1941 1052 2005 universa',
1082 1957 1201 2011 qum
1235 1944 1342 1997 dixi
1379 1945 1444 1998 ".
1487 1963 1506 1998 ι
1551 1943 1665 1998 Non
1768 1929 2000 2004 Caiphae
2042 1953 2164 1991 cum
2201 1940 2466 2003 custodia,
2514 1940 2578 1993 ad
2608 1955 2667 1994 os
2719 1943 3052 1996 monumenti
3089 1939 3343 1997 advolve-

119 2021 330 2085 dcliciet,
355 2025 715 2095 inquit,tuam
749 2032 970 2100 stirpem
995 2031 1240 2099 felicitas,
1262 2036 1388 2103 quin
1414 2047 1475 2089 ex
1509 2050 1591 2099 ea,
1615 2034 1667 2090 id
1769 2034 1912 2082 runt.
1951 2027 2018 2082 Et
2051 2026 2216 2083 Iacob
2264 2031 2401 2085 duos
2443 2043 2685 2100 pastores
2732 2033 3018 2088 allocutus.
3061 2035 3170 2089 Illic
3205 2033 3338 2089 sane

117 2115 1664 2194 e~t.exVirgine,corporisquasimiscellamassumpsero.
1765 2116 1932 2173 1800b
1986 2120 2118 2173 ἀυοε
2170 2130 2434 2188 Ρηειοτεεν
2491 2123 2581 2176 hic
2651 2121 2898 2177 Salvam?
2947 2133 3128 2177 IlOSlel‘
3174 2133 3346 2194 atque“

179 2201 319 2266 Quod
357 2207 400 2259 si
452 2210 573 2277 quis
603 2210 654 2264 id
700 2212 936 2278 pressius
977 2214 1273 2283 intelligere
1320 2216 1454 2281 vult,
1499 2215 1666 2272 Jacob
1767 2208 1927 2273 Deus,
1957 2210 2102 2264 velut
2126 2211 2261 2264 alter
2288 2210 2479 2279 Jacob,
2510 2213 2645 2268 duos
2676 2214 2976 2282 pontifices.
3010 2214 3338 2284 En,inquit,

119 2291 277 2360 ipsum
311 2308 674 2363 percontetur.
709 2299 870 2365 Cedo,
904 2301 1060 2356 beate
1105 2301 1291 2368 Israel,
1328 2319 1574 2372 quaenam
1603 2321 1664 2361 ea
1768 2298 1873 2352 tliei
1899 2297 2122 2352 mullum
2149 2300 2323 2354 εάὴυο
2346 2310 2462 2366 est;
2493 2301 2710 2371 ιοηϐιιῐη
2738 2303 3033 2373 Ρωηῖιθηάί
3065 2305 3334 2372 ερθιίιιω

117 2393 250 2448 Sunt.
283 2401 396 2455 qua:
443 2391 703 2461 benignus
748 2393 983 2449 Sabaoth
1019 2395 1276 2450 Dominus
1309 2395 1574 2452 faeturum
1606 2413 1665 2453 se

1776 2404 1866 2444 nec
1900 2399 2108 2460 tempus
2151 2398 2236 2446 est
2284 2393 2506 2462 cogendi
2557 2395 2784 2461 pecoris,
2835 2405 3046 2462 tempus
3089 2395 3217 2450 illud
3251 2407 3337 2462 se-

116 2477 403 2540 promittit?
436 2497 456 2530 ι
495 2480 608 2559 Non
643 2482 914 2536 auferetur
961 2493 1234 2554 sceptrum
1282 2487 1349 2542 de
1397 2485 1565 2551 Juda,
1611 2497 1666 2543 et
1764 2481 1927 2538 eundi
1972 2481 2397 2548 meiadventus,
2425 2500 2533 2554 quo
2575 2500 2704 2539 oves
2738 2485 2806 2539 ab
2851 2485 3019 2540 lia-dis
3067 2497 3337 2554 separem.

115 2567 207 2642 dux
235 2569 296 2622 de
326 2569 528 2627 femore
550 2572 688 2640 ejus,
715 2577 885 2630 donec
911 2577 1092 2630 veniat
1120 2578 1211 2644 qui
1240 2578 1535 2632 mittendus
1557 2588 1660 2641 est,
1731 2612 1735 2618 -
1763 2570 2046 2642 Adaquate
2077 2587 2224 2636 oves,
2269 2571 2362 2626 Dei
2403 2574 2648 2627 notitiam
2684 2589 2779 2643 per
2814 2585 2969 2630 actus
3009 2575 3336 2643 paenitentia:

115 2667 154 2710 el
185 2659 292 2726 ipse
310 2663 414 2716 erit
441 2665 776 2732 exspectatio
799 2668 1038 2735 gentium
1069 2666 1134 2721 τι,
1175 2688 1193 2720 ι
1226 2668 1520 2724 Αυάίνῖειῑ,
1544 2682 1667 2737 pro.
1765 2659 1971 2725 docete,
2004 2670 2057 2715 et
2086 2669 2296 2730 pastum
2331 2661 2435 2728 ite;
2471 2661 2573 2716 hoc
2603 2670 2706 2727 est,
2746 2663 2798 2716 in
2838 2672 3038 2717 mterna
3085 2663 3334 2718 taberna-

114 2749 270 2817 phetaa
292 2767 473 2808 vocem
501 2758 701 2811 nostris
726 2759 903 2813 verbis
932 2768 1291 2826 consentanea
1321 2760 1664 2831 loquentem?
1761 2750 1882 2805 ουιε
1916 2750 2216 2806 εοηεθάίίθ·
2265 2749 2346 2804 Ad
2385 2741 2550 2821 quem
2601 2750 2697 2816 im.
2733 2751 2848 2806 Νοη
2890 2767 3197 2821 Possumus.
3244 2752 3330 2805 in“

112 2836 227 2892 Illud
269 2841 408 2896 enim
458 2845 600 2912 quod
635 2845 982 2902 constitutum
1017 2858 1125 2914 est,
1169 2861 1486 2919 conceptum
1537 2860 1662 2905 ante

1776 2845 1967 2911 ιιιῑυιιι.
1997 2842 2135 2897 Idem
2161 2857 2476 2909 responsum
2508 2851 2561 2898 et
2609 2844 2893 2917 pontifices
2923 2843 3100 2897 ovium
3131 2841 3337 2909 pastori

113 2930 287 2986 secula
335 2945 595 2988 arcanum
646 2936 939 3005 signiﬁcat.
993 2957 1013 2990 t
1068 2939 1310 3009 Cumque
1355 2941 1660 3012 evigilassct
1759 2937 2045 2992 dederunt.
2077 2935 2197 2994 Non
2226 2951 2536 3005 possumus,
2587 2936 2678 3005 qui
2724 2937 2890 2990 Deum
2942 2933 3334 3000 interfecitnus.

112 3019 260 3078 Iacob
289 3025 355 3081 de
383 3040 596 3092 somno,
634 3045 652 3079 ι
685 3029 736 3083 id
763 3031 1177 3097 e‘st,scientiam
1206 3047 1419 3093 omnem
1450 3012 1656 3098 eorum,
1760 3029 1826 3084 ad
1863 3027 2064 3098 frugem
2094 3035 2148 3082 et
2179 3026 2554 3096 paenitentiam
2588 3027 2800 3090 redire;
2839 3028 2938 3079 nisi
2985 3026 3186 3080 coactis
3209 3039 3334 3100 gom-

111 3127 216 3179 quae
263 3115 399 3172 Deus
446 3119 708 3184 dixisset,
759 3120 1022 3177 memoria
1074 3123 1430 3193 complexus:
1473 3143 1493 3177 ι
1527 3127 1654 3179 Ait:
1763 3120 1920 3175 nibus
1957 3119 2228 3190 gregibus,
2253 3114 2492 3186 gentium
2532 3117 2763 3182 scilicet,
2791 3116 3104 3170 amoveatur
3140 3129 3330 3170 saxum

112 3202 232 3260 Vere
275 3207 532 3264 Dominus
584 3221 666 3264 est
715 3212 768 3265 in
820 3213 939 3269 loco
990 3216 1128 3279 isto,
1180 3224 1236 3270 et
1292 3230 1394 3285 ego
1441 3217 1654 3271 nescie-
1683 3213 1725 3270 C
1759 3210 1826 3263 ab
1848 3222 1942 3262 ore
1967 3197 2131 3276 putei,
2157 3222 2324 3261 sacrae
2352 3202 2644 3276 Scriptura!
2673 3215 2930 3274 tauquam
2963 3213 3331 3272 tegumentum

112 3297 213 3351 bam
243 3299 309 3354 ".
353 3317 373 3353 ι
411 3300 480 3354 Et
523 3302 928 3372 intelligentiam
970 3307 1301 3362 subobscure
1347 3307 1554 3372 innuit,
1599 3315 1654 3361 et
1756 3312 1787 3350 8
1819 3292 1934 3367 lége
1957 3297 2235 3350 amolilum
2265 3296 2364 3361 Sil;
2390 3305 2443 3350 ει
2476 3297 2548 3350 lla
2577 3298 2907 3364 ad‘aqllemns
2933 3310 3140 3364 ετθεεει
3165 3294 3320 3362 Nam.

109 3392 572 3459 contprehcndendi
614 3393 991 3464 impotentiam
1031 3396 1261 3464 fatetur;
1299 3413 1650 3469 pavensque:

1756 3398 1973 3444 auctore
2004 3388 2139 3442 Isaia
2169 3405 2182 3441 :
2221 3406 2240 3441 t
2278 3387 2412 3443 Cum
2449 3388 2719 3456 plenitudo
2758 3387 2994 3456 gentium
3020 3387 3317 3452 intraverit,

115 3498 128 3528 t
173 3481 334 3546 Quam
389 3483 645 3538 terribilis
694 3493 810 3546 est.
865 3485 1070 3556 inquit,
1135 3487 1289 3543 locus
1349 3489 1452 3546 iste
1499 3491 1576 3544 ⁷⁸1
1629 3509 1648 3543 ι
1757 3487 1881 3533 ιυηο
1911 3480 2085 3533 omnis
2119 3479 2277 3533 [Statil
2308 3479 2603 3532 εεῐνθὺῖιιιτ
2634 3477 2705 3531 ⁸¹ο
2741 3495 2760 3529 ³

109 3569 229 3626 Vere
259 3583 312 3628 tu
345 3575 588 3643 quidem,
610 3575 919 3631 beatissime
960 3578 1138 3632 Israel.
1171 3578 1339 3634 Valde
1370 3580 1510 3635 enim
1545 3589 1654 3635 ter-
1821 3570 2008 3622 Αιηιυε
2038 3583 2114 3622 εί)
2136 3582 2255 3622 Cum
2287 3568 2392 3622 illis
2420 3568 2778 3637 εοιιοίιιιθηιεν
2802 3567 2855 3621 id
2884 3574 2984 3633 θείω
3016 3565 3327 3625 Ῐυίίωοτυῐη

111 3664 258 3717 rihilis
305 3648 386 3720 est
432 3665 526 3720 Dei
575 3658 942 3721 ad'mortalcs
987 3670 1300 3723 descensus.
1367 3687 1386 3720 α
1421 3669 1535 3724 Νοη
1569 3681 1653 3724 est

1764 3659 2093 3729 Synagogam
2146 3659 2485 3712 commodum
2537 3657 2832 3729 castigante
2861 3673 2876 3712 :
2911 3675 2929 3707 t
2964 3657 3030 3712 Et
3059 3671 3186 3712 ecce
3223 3658 3325 3711 Ra-

108 3750 180 3804 hic
207 3753 408 3816 aliud,»
434 3753 636 3807 scilicet
665 3770 694 3808 e
727 3755 891 3820 scala,
915 3755 965 3807 id
991 3765 1090 3822 est,
1117 3769 1182 3810 ex
1212 3754 1430 3828 Virgine
1459 3756 1648 3824 Maria,
1753 3749 1870 3805 ch".l
1903 3750 2156 3803 veniebat
2203 3765 2325 3803 cum
2370 3749 2558 3804 ονῖδυε
2603 3749 2773 3817 Piitris
2819 3749 2901 3803 δυί
2933 3748 3012 3814 ⁸⁸;
3055 3769 3075 3802 ³
3119 3749 3327 3805 “ilicei

107 3855 455 3915 corporatura,
490 3864 509 3898 t
545 3846 649 3900 nisi
678 3847 868 3900 domus
893 3847 1005 3909 Dei,
1046 3865 1065 3899 ι
1095 3861 1215 3917 quae
1235 3858 1342 3914 est,
1376 3850 1654 3915 insepara-
1754 3842 1992 3911 gentium
2023 3841 2286 3895 Ecclesia.
2318 3840 2416 3896 ilic
2461 3843 2803 3909 conspicatus
2835 3839 3024 3910 Iacob,
3055 3843 3324 3910 Christus,

110 3933 136 3986 b
157 3935 214 3990 l’s
234 3935 376 3997 unio.
407 3953 425 3986 t
457 3944 511 3989 et
537 3935 648 3990 lucc
671 3945 819 4005 porta
847 3936 964 3990 caeli
989 3936 1059 3990 τ’.
1086 3956 1104 3989 ι
1132 3936 1274 4001 Hec,
1293 3938 1460 4002 scala,
1494 3936 1654 4007 Virgo
1752 3934 1992 4000 gentium
2055 3934 2380 3998 Ecdesiam,
2444 3933 2625 3988 Laban
2680 3945 2791 3988 Suae
2848 3935 3034 3989 matris
3082 3936 3322 4005 germani

108 4023 249 4080 simul
293 4037 348 4083 et
401 4027 650 4097 Deipara,
691 4026 815 4081 εωΙί
869 4035 1022 4096 porta
1069 4035 1174 4082 est.
1223 4009 1356 4081 Nam
1391 4043 1486 4096 per
1531 4042 1651 4081 eam
1752 4022 1939 4089 ﬁliam,
1987 4024 2039 4077 id
2073 4034 2174 4088 est,
2206 4040 2272 4078 ex
2302 4025 2596 4096 SynagOgse
2627 4040 2884 4094 germano
2910 4029 3152 4080 ascitam.
3186 4024 3320 4084 Nam

110 4116 374 4174 descendet
397 4131 493 4172 ceu
518 4119 569 4171 in
591 4117 762 4171 vellus
786 4118 985 4186 pluvia,
1012 4119 1317 4187 unigenitus
1345 4118 1433 4172 Dei
1459 4119 1649 4174 Filius.
1755 4114 1806 4166 in
1858 4130 2048 4168 novam
2083 4113 2395 4170 Ecclesiam‘
2425 4124 2744 4183 cooptantur
2787 4117 2984 4185 partim
3030 4133 3092 4170 ex
3127 4131 3325 4185 genere

111 4207 218 4263 Haec
259 4211 348 4277 qui
383 4209 610 4272 viderat,
662 4217 823 4276 atquc
875 4210 1151 4276 explorate
1197 4210 1433 4273 tenebat,
1483 4211 1654 4265 nostis
1755 4205 1922 4268 Esau,
1949 4205 2038 4259 alii
2068 4221 2134 4259 ex
2165 4206 2376 4269 Ismael,
2405 4206 2596 4274 partim
2630 4208 2736 4260 nati
2766 4222 2831 4260 ex
2853 4205 3092 4271 Nachor,
3121 4207 3316 4275 partim

108 4300 532 4364 quemadmodum
564 4313 720 4353 mane
743 4293 972 4367 sulgens
999 4297 1186 4366 Jacob,
1221 4310 1276 4354 et
1319 4301 1548 4370 lapidem
1577 4303 1648 4363 ei,
1753 4310 1818 4350 ex
1868 4296 1988 4360 Lot,
2039 4297 2271 4365 itemque
2321 4313 2384 4351 ex
2438 4297 2560 4351 ﬁliis
2595 4297 2838 4362 (letum;
2883 4299 2972 4366 qui
3027 4299 3326 4367 Syuagogae

107 4402 245 4457 quem
270 4396 643 4458 conspexerat,
671 4390 966 4454 iuunxerit,
997 4400 1050 4445 et
1074 4399 1257 4445 votum
1287 4392 1650 4460 nuncuparit:
1755 4392 1994 4456 germani
2024 4396 2170 4449 sunt,
2206 4390 2402 4456 quippe
2446 4404 2632 4442 omnes
2667 4382 2937 4443 Abraham
2973 4391 3141 4458 stirpe
3169 4391 3318 4444 editi.

107 4480 141 4532 si
166 4480 262 4534 hoc
283 4496 436 4535 suum
465 4482 566 4534 iter
588 4481 844 4535 Dominus
869 4480 1026 4534 scala:
1055 4481 1272 4537 innixus
1300 4482 1648 4546 Iortuuasset,
1757 4478 1822 4532 Et
1867 4493 2118 4547 egressus
2151 4477 2338 4542 Jacob,
2387 4478 2438 4532 id
2484 4486 2585 4542 est,
2634 4477 2888 4532 Dominus
2939 4489 3122 4533 noster
3166 4478 3321 4533 Jesus

106 4586 208 4627 cum
248 4572 349 4627 sibi
382 4575 545 4626 Deum
590 4571 739 4637 fore;
772 4580 824 4624 et
861 4573 959 4626 hoc
996 4556 1208 4636 saxum,
1244 4573 1384 4640 quod
1419 4573 1646 4640 figuram
1681 4559 1724 4612 Ῑ)
1750 4570 1997 4625 Christus
2027 4585 2090 4622 ex
2123 4571 2349 4624 mortuis
2391 4570 2676 4634 excitatus,
2710 4572 2922 4624 avoluto
2956 4585 3090 4624 saxo
3120 4572 3186 4625 ab
3223 4586 3320 4625 ore

101 4665 386 4718 ccutineret
434 4663 695 4731 impolluti
755 4663 872 4728 ejus
922 4665 1184 4730 corporis,
1249 4662 1341 4717 Dei
1406 4665 1643 4718 domum.

1753 4660 1915 4728 putei,
1951 4661 1999 4712 id
2035 4668 2137 4725 est,
2172 4675 2201 4712 a
2246 4660 2448 4712 foribus
2493 4660 2848 4723 monumenti,
2882 4677 2945 4715 ac
2972 4662 3112 4729 quod
3147 4669 3230 4715 est
3263 4663 3314 4715 in

105 4754 222 4829 Quin
266 4765 320 4810 et
367 4755 606 4811 decimas
652 4755 700 4809 ei
745 4757 994 4809 daturum
1028 4775 1040 4809 :
1071 4771 1173 4825 qua
1221 4771 1278 4809 re
1309 4756 1644 4827 Synagogam
1748 4749 1863 4815 lege
1904 4749 2116 4816 pingue,
2154 4760 2208 4803 et
2261 4750 2566 4803 intricatum
2619 4752 2892 4814 amolitus,
2942 4767 3053 4806 sua:
3103 4755 3314 4813 matris.

105 4845 402 4910 instruebat,
451 4860 572 4913 quae
619 4846 856 4899 omnium
913 4848 1054 4901 domi
1113 4857 1358 4900 natorum
1411 4848 1647 4902 decimas
1749 4839 2064 4909 synagoga.
2088 4851 2144 4893 ut
2175 4841 2286 4907 iam
2313 4843 2569 4904 diximus
2596 4845 2834 4910 germani
2857 4859 2984 4896 oves
3008 4845 3314 4912 adaquavit.

105 4936 374 5002 penderet;
408 4946 462 4989 et
489 4936 818 5004 spiritualem
851 4952 912 4990 ac
942 4953 1136 4990 novum
1166 4938 1412 5005 populum
1441 4938 1646 5006 signiﬁ-
1747 4931 2174 4986 immortalitatis
2205 4933 2434 5001 vitioque
2465 4932 2696 4998 ﬂuento;
2723 4943 2778 4985 ut
2805 4934 2855 4986 in
2884 4934 3176 5003 Evangelio
3201 4936 3273 4988 ait
3297 4952 3328 4991 :-

103 5021 260 5086 cabat,
293 5021 386 5089 qui
442 5024 599 5076 totius
650 5024 826 5076 (etatis
869 5039 980 5077 sua:
1028 5035 1186 5091 atque
1235 5028 1354 5078 vita:
1408 5026 1646 5079 decimas
1714 5067 1716 5070 ,
1759 5039 1778 5071 t
1817 5021 1916 5086 Qui
1949 5023 2141 5076 biberit
2169 5040 2230 5077 ex
2262 5039 2420 5089 aqua.
2451 5037 2614 5091 quam
2637 5038 2736 5091 ego
2764 5024 2902 5077 dabo
2932 5025 3002 5091 ei,
3036 5040 3138 5078 non
3172 5025 3318 5080 sitiet

103 5121 440 5164 consecraret.
475 5109 656 5180 Itaque
687 5127 715 5164 a
748 5113 850 5165 Deo
882 5113 1086 5165 itineris
1113 5128 1353 5181 compos,
1388 5124 1549 5182 atque
1577 5115 1643 5167 ad
1753 5111 1805 5165 in
1851 5120 2110 5165 aeternum
2144 5129 2157 5166 :
2195 5113 2290 5167 sed
2325 5128 2485 5181 aqua,
2519 5129 2676 5182 quam
2709 5130 2808 5184 ego
2852 5116 2989 5168 dabo
3018 5116 3089 5179 ei,
3126 5115 3213 5168 ﬁet
3262 5114 3314 5168 iu

104 5197 263 5254 Lahan
313 5202 595 5256 incolumis
635 5196 957 5270 perductus.
1011 5223 1028 5253 t
1086 5204 1226 5257 Vidit
1276 5203 1420 5274 (nam
1479 5205 1642 5258 Mosis
1752 5215 1818 5254 c0
1850 5200 1967 5256 fons
1999 5217 2151 5270 aquae
2181 5205 2425 5258 salientis
2457 5205 2507 5258 in
2535 5205 2695 5256 vitam
2719 5215 2973 5257 mternam
3004 5204 3067 5254 ⁸³.
3104 5204 3318 5272 DAN]th

105 5291 275 5346 iterum
307 5295 469 5348 verba
497 5292 806 5361 tractemus)
839 5306 1050 5362 puteum
1085 5295 1133 5346 iu
1162 5309 1308 5360 agro,
1339 5314 1354 5345 ι
1381 5295 1429 5346 itl
1463 5304 1562 5357 est,
1590 5297 1639 5347 t’n
1751 5293 1862 5345 haec
1897 5293 2112 5362 quidem
2155 5310 2306 5348 meus
2338 5310 2488 5346 amor
2528 5293 2700 5346 Jesus.
2743 5293 2907 5346 Jacob
2955 5310 3080 5348 vero
3119 5293 3319 5347 Rache-

102 5395 304 5449 corpore
334 5384 531 5437 fontem
565 5384 881 5437 immortalis
908 5384 1045 5437 vitae.
1074 5404 1091 5434 t
1135 5384 1270 5436 Duos
1299 5401 1640 5454 quoquegre-
1750 5385 1852 5437 letu
1900 5385 2240 5438 deosculatus
2289 5393 2403 5445 est;
2458 5384 2636 5436 itidetu
2679 5393 2733 5437 et
2784 5401 2974 5438 novam
3023 5385 3316 5438 Ecclesiam

103 5488 174 5537 ges
203 5475 376 5526 ovium
414 5475 737 5529 accubantes
761 5475 913 5543 juxta
942 5490 1060 5528 eum
1089 5476 1153 5538 ⁷³,
1199 5493 1216 5525 ›
1253 5473 1552 5529 Judzcoruiu
1584 5486 1637 5529 et
1748 5474 1836 5528 Dei
1871 5476 2192 5545 Unigcnitus
2225 5475 2534 5542 complexus
2579 5483 2680 5528 est.

156 5605 193 5635 τ¹
220 5605 352 5658 Gen.
388 5622 615 5668 uxvtlt,
656 5609 737 5661 M.
814 5611 860 5641 ⁷¹
895 5609 1022 5662 ibid.
1098 5611 1143 5640 "
1178 5610 1301 5664 ibid.
1483 5613 1524 5643 ⁷⁵
1559 5611 1691 5666 Gen.

1745 5630 1866 5672 ;th.
1911 5615 1988 5668 I0.
2067 5615 2112 5643 ⁷⁵
2143 5613 2274 5666 Gcn.
2309 5629 2502 5675 xxt'ttt,
2546 5612 2629 5664 16.
2707 5612 2752 5642 ⁷⁸
2783 5610 2886 5663 ihitl
2941 5611 3023 5664 I7.
3101 5612 3145 5643 ⁷⁷
3179 5610 3306 5666 ibid.

101 5673 277 5728 "Ceu.
313 5691 458 5731 xxix.
485 5676 540 5727 2.
615 5679 659 5709 ⁷³
683 5677 836 5735 Joau.
867 5696 920 5745 x,
954 5679 1040 5745 14,
1072 5680 1155 5734 15.
1231 5681 1274 5712 ⁸ο
1305 5679 1462 5735 Joan.
1502 5697 1593 5746 vn,
1626 5681 1656 5734 5

102 5743 302 5799 "Joau.
348 5760 420 5811 tv,
458 5745 540 5798 14.

1811 5683 2126 5746 “15mm,
2166 5682 2269 5748 20;
2327 5673 2497 5737 lium.
2530 5697 2606 5746 XI,
2658 5679 2749 5734 23.
2825 5681 2870 5713 ⁸³
2922 5680 3056 5737 Gen.
3120 5697 3195 5748 Ix,
3254 5681 3310 5735 9.
