3952 6328
548 346 646 409 831

1699 303 2110 409 ANDRONlCi
2150 350 2492 412 couNENt

3657 334 3773 398 832

546 457 881 518 scebat;'liic
910 471 1060 511 meus
1090 443 1335 534 Salvator
1361 465 1520 524 atque
1558 456 1718 519 Dens,
1745 458 1984 523 abruptis
2022 456 2104 507 in-
2132 455 2179 516 Α
2207 463 2661 525 miscricordiam;
2724 477 2741 509 ι
2794 471 2907 512 mea
2943 469 3043 522 Ope
3089 455 3141 508 in
3193 452 3387 505 fratres
3435 449 3775 518 benignitate

550 546 787 599 ferorum
812 549 1061 608 vinculis,
1118 548 1429 614 calcatoquc
1461 547 1682 606 custode
1716 547 1949 607 diabolo,
1985 561 2106 599 san-

547 645 757 690 ctorum
785 637 990 690 animas
1018 638 1285 690 liberavit.
2006 656 2045 710 ’κ

633 766 653 798 ι
697 748 787 802 llis
817 749 887 800 ita
907 750 1090 814 gestis,
1114 749 1310 802 accidit
1334 758 1389 801 ut
1413 758 1700 816 peccarent
1721 750 1826 803 dno
1851 739 2108 812 eunuchi,

550 838 808 903 pincerna
849 838 988 904 regis
1022 837 1257 907 Egypti,
1291 849 1343 889 et
1377 839 1563 907 pistor,
1605 840 1821 892 domino
1851 857 1948 892 suo
1983 841 2049 904 “,
2085 850 2104 891 ι

557 928 606 978 id
641 939 741 988 est,
780 938 1082 978 exterarum
1124 929 1360 994 gentium
1407 936 1463 979 et
1507 925 1810 980 Judmormn
1867 930 2109 996 pupulus.

559 1019 693 1071 Nam
728 1019 871 1083 prior
896 1027 1006 1069 erat
1031 1017 1289 1085 gentium,
1316 1018 1426 1084 qui,
1466 1027 1523 1068 ut
1549 1017 1827 1070 idololatra
1858 1017 2053 1078 factus,
2083 1033 2110 1070 a

559 1106 664 1160 Deo
701 1106 917 1166 defecit,
961 1117 1084 1156 tunc
1118 1104 1395 1158 Juduicum
1432 1106 1678 1174 populum
1712 1120 1806 1175 per
1844 1107 2112 1160 Abraham

557 1195 884 1249 sacriﬁcium
919 1195 1170 1248 instituit.
1213 1213 1230 1246 ι
1268 1195 1631 1264 Videruntque
1660 1197 1819 1249 ambo
1848 1197 2114 1250 somnium

556 1297 726 1338 nocte.
764 1301 864 1336 una
911 1285 977 1347 ’⁷,
1035 1305 1051 1336 ι
1106 1287 1155 1338 id
1198 1297 1302 1349 est,
1350 1287 1441 1341 Dei
1472 1298 1696 1341 mortem
1729 1291 2116 1356 recogitarunt.

558 1375 665 1428 Sed
693 1376 800 1428 illic
825 1391 853 1426 a
884 1374 1114 1440 Josepho
1145 1377 1420 1431 dissolutio
1448 1391 1551 1442 est,
1594 1381 1680 1433 hic
1717 1394 1745 1432 a
1775 1379 1904 1432 Deo.
1942 1379 2121 1442 Quare

560 1466 752 1519 merito
779 1464 1082 1532 Josephus:
1125 1485 1144 1517 ι
1185 1465 1452 1536 Nunquid]
1482 1484 1588 1522 non
1616 1469 1708 1522 Dei
1753 1478 1837 1521 est
1865 1468 2123 1542 interpre-

560 1556 690 1609 tatio
727 1555 812 1608 "i
911 1553 1107 1608 Verum
1149 1568 1364 1625 praestat
1394 1573 1452 1612 ea
1500 1559 1729 1620 somnia,
1759 1573 1875 1625 qua:
1906 1559 2122 1626 quidem

561 1645 802 1714 exempla
859 1647 1056 1702 habent
1113 1661 1290 1700 rerum
1342 1646 1689 1712 futurarum,
1748 1647 1912 1703 verbo
1971 1657 2124 1703 tenus

562 1751 867 1790 recensere.
899 1735 1031 1810 Tum
1063 1737 1295 1806 Jqsepho
1327 1757 1346 1790 ι
1390 1739 1655 1793 somnium
1694 1755 1850 1792 suum
1888 1735 2124 1792 n‘arravit

567 1827 717 1894 prior
763 1828 1102 1893 prapositus;
1132 1828 1533 1895 pincernarum,
1597 1847 1615 1880 ι
1641 1828 1848 1882 scilicet
1891 1829 2127 1896 gentium

566 1915 790 1984 ﬁguram
837 1915 1012 1970 ferens
1053 1934 1070 1972 :
1112 1935 1131 1968 ι
1165 1916 1425 1970 Videbam
1458 1931 1638 1974 coram
1675 1931 1760 1971 me
1811 1917 1974 1972 vitem
2005 1918 2072 1972 ".
2105 1936 2125 1968 ι

567 2005 743 2060 Vitem
779 2006 867 2062 hic
906 1999 1140 2077 intellige
1182 2008 1389 2062 dulcem
1422 2007 1637 2082 Iesum;
1681 2009 1760 2063 sic
1795 2011 1939 2062 enim
1973 2009 2048 2062 ait
2076 2009 2129 2062 in

572 2093 862 2162 Evangelia
891 2113 906 2149 :
943 2112 962 2146 ι
991 2095 1101 2165 Ego
1124 2111 1254 2158 sum
1281 2096 1424 2160 vitis,
1453 2103 1506 2150 et
1533 2095 1692 2150 Pater
1717 2111 1867 2150 meus
1899 2097 2130 2166 agricola

568 2194 670 2239 est.
699 2183 924 2239 Omnem
956 2185 1225 2253 palmitem
1257 2184 1311 2238 in
1340 2198 1426 2238 me
1459 2199 1561 2238 non
1593 2187 1848 2239 ferentem
1873 2184 2129 2249 fructum,

567 2276 718 2330 tollet
763 2291 884 2330 eum
920 2295 933 2330 :
963 2287 1014 2330 et
1063 2290 1299 2341 omnem,
1352 2277 1440 2344 qui
1491 2274 1598 2330 fert
1645 2276 1905 2343 fructum,
1939 2291 2134 2345 purga-

568 2366 647 2420 bit
689 2381 835 2430 eum,
877 2375 936 2419 ut
973 2367 1202 2421 fructum
1250 2367 1368 2435 plus
1407 2367 1595 2422 atterat
1624 2368 1691 2421 “.
1733 2387 1752 2419 ι
1785 2368 1986 2424 Contra
2024 2383 2129 2431 me,

568 2454 620 2525 id
667 2464 772 2520 est,
829 2456 1124 2519 contraria,
1174 2464 1231 2509 et
1286 2456 1338 2509 in
1388 2457 1666 2511 Christum
1721 2457 1884 2525 impie
1930 2457 2134 2511 aﬂ‘ectze

568 2555 724 2600 erant
738 2556 942 2616 gentes.
975 2546 1081 2600 «.Et
1108 2546 1160 2599 in
1185 2545 1292 2601 vite
1325 2555 1481 2600 erant
1513 2557 1623 2601 tres
1658 2543 1977 2616 propagines
2003 2548 2069 2612 “,
2108 2565 2128 2599 ι

569 2650 740 2704 eaque
764 2639 1106 2705 germinans;
1144 2652 1265 2701 nam
1313 2646 1432 2705 post
1462 2637 1694 2691 triduum
1726 2638 1921 2691 Christi
1948 2653 2132 2692 resuro

480 2788 501 2804 .
573 2727 745 2781 rectio
767 2727 1005 2781 emicuit.
1046 2727 1256 2782 Florem
1301 2728 1570 2791 eliciebat,
1610 2729 1881 2798 apostolos
1910 2737 1964 2784 et
1994 2744 2136 2785 mar-

575 2821 741 2886 tyres,
793 2817 932 2870 unde
967 2821 1188 2870 uvarum
1235 2818 1434 2871 rléemi
1488 2820 1943 2882 maturescebant,
1993 2835 2134 2874 mar-

571 2914 747 2974 tyrum
797 2907 1056 2976 sanguine
1105 2908 1394 2963 rubebant.
1485 2925 1505 2959 ι
1571 2907 1928 2978 ΟθΙίοεηιίιιιό
1996 2909 2134 2964 Pha-

573 2997 757 3052 raonis
792 2997 845 3050 in
875 3013 1035 3052 manu
1061 3013 1177 3052 mea
1206 3016 1219 3053 :
1250 2997 1345 3052 tuli
1376 3012 1507 3070 ergo
1537 3015 1690 3065 uvas,
1723 3008 1776 3055 et
1807 3003 2046 3070 expressi
2082 3002 2132 3054 in

2215 554 2397 614 utitor,
2452 553 2500 606 id
2550 560 2651 614 est,
2700 548 3028 603 sanationum
3076 544 3316 613 prodigia
3356 551 3583 608 patrato.
3630 556 3651 589 ι
3701 538 3774 592 Ut

2215 632 2468 711 suggeras
2497 639 2764 695 Pharaoni
2794 643 2858 690 8‘.
2895 657 2911 688 ι
2944 637 3131 690 Notate
3166 634 3443 700 diligenter
3477 629 3778 695 Scriptum

2217 744 2471 788 mentem.
2520 733 2609 785 llla
2656 733 2765 802 (l7)
2793 731 2856 784 ad
2889 729 3242 794 dignitatem;
3286 724 3402 776 haec
3430 721 3496 774 ad
3531 719 3782 790 martyrii

2220 824 2556 876 tolerantiam
2587 823 2875 888 pertinent.
2907 819 3037 873 Nam
3079 819 3219 888 quod
3252 818 3344 880 ait,
3371 814 3634 883 ejusmodi
3673 823 3777 865 est.

2221 911 2490 964 Deductus
2517 913 2581 962 ad
2612 911 2879 978 principes
2908 916 2962 962 et
3009 923 3179 977 reges,
3226 921 3466 959 meorum
3510 905 3780 956 dictorum

2222 1001 2526 1054 recordator
2575 1018 2587 1052 :
2626 1018 2644 1050 ι
2692 999 2878 1054 Ponite
2916 999 2969 1051 in
3005 998 3257 1052 cordibus
3289 993 3480 1048 vestris
3510 1008 3609 1045 non
3645 1005 3786 1058 prae-

2224 1091 2501 1151 meditari,
2550 1090 2992 1158 quemadmodum
3041 1086 3426 1155 respondeatis.
3481 1083 3586 1150 Ego
3633 1082 3786 1135 enim

2224 1180 2360 1232 dabo
2392 1179 2544 1231 vobis
2576 1193 2635 1230 os
2676 1186 2728 1231 et
2773 1176 3108 1244 sapientiam,
3140 1175 3225 1229 cui
3271 1189 3374 1227 non
3425 1179 3676 1239 poterunt
3705 1183 3790 1220 re.

2226 1271 2441 1329 sistere,
2468 1276 2518 1321 et
2542 1268 2909 1320 contradicere
2929 1280 3116 1319 omnes
3144 1263 3437 1318 adversarii
3468 1261 3626 1314 vestri
3665 1261 3733 1311 ⁸³,
3763 1277 3781 1308 ι

2229 1354 2500 1408 Hactenus
2546 1353 2818 1409 Servator.
2858 1373 2877 1407 ι
2929 1353 2996 1408 Ut
3039 1353 3234 1409 educat
3281 1367 3367 1406 me
3411 1351 3480 1405 de
3521 1352 3621 1404 isto
3663 1362 3791 1403 cat-

2226 1458 2348 1497 ccrc
2371 1444 2433 1498 ³⁶.
2475 1462 2492 1494 ι

2766 1531 2991 1588 CAPUT
3038 1531 3078 1585 Χ
3091 1525 3245 1586 XVII.

2688 1647 2978 1702 Calumniar
3011 1648 3085 1714 eis
3120 1656 3339 1716 quanta.

2302 1738 2417 1794 illic
2446 1738 2710 1808 Iosephus
2736 1755 2768 1792 a
2803 1747 3244 1806 prmgustatorum
3277 1735 3537 1805 magistro
3561 1740 3793 1788 conten-

2233 1831 2333 1895 dit,
2368 1841 2424 1883 ut
2453 1844 2511 1883 se
2541 1845 2617 1891 ex
2640 1844 2858 1883 carcere
2897 1824 3086 1904 educat
3117 1832 3132 1878 ε
3167 1825 3255 1878 hic
3297 1825 3537 1879 clemens
3571 1821 3733 1877 Iesus
3764 1835 3793 1875 a

2235 1921 2434 1991 populo
2456 1935 2485 1974 e
2509 1919 2760 1989 gentibus
2787 1928 3015 1983 asserto,
3045 1926 3104 1971 ut
3125 1932 3185 1971 se
3204 1932 3231 1970 a
3255 1916 3564 1970 Judarorum
3591 1914 3798 1967 calum-

2233 2014 2336 2067 niis
2385 2011 2668 2066 viudicet:
2719 2024 2845 2064 vere
2892 2010 3034 2063 enim
3095 2008 3298 2076 grande
3344 2008 3562 2065 sceleris
3607 2003 3799 2076 prasi-

2234 2101 2375 2154 dium
2407 2099 2518 2171 (l8)
2557 2099 2849 2153 calumnia.
2879 2097 3010 2151 Nam
3042 2100 3086 2153 si
3112 2098 3193 2151 vel
3225 2097 3290 2150 ad
3314 2097 3589 2163 Christum
3614 2109 3799 2148 uacum

2234 2191 2466 2258 grassari
2503 2197 2583 2244 est
2611 2203 2766 2252 ausa,
2795 2188 2918 2257 quis
2944 2203 3076 2243 vero
3102 2203 3222 2242 eam
3262 2186 3422 2242 facile
3451 2182 3797 2239 contemnat?

2234 2282 2410 2348 Atque
2456 2279 2506 2333 id
2558 2294 2746 2333 verum
2786 2293 2928 2341 esse,
2981 2277 3269 2347 sequentia
3314 2276 3494 2330 audite
3539 2293 3555 2327 :
3595 2293 3614 2324 ι
3653 2272 3794 2338 Qui:

2238 2369 2378 2424 furto
2419 2368 2660 2424 sublatus
2700 2383 2816 2423 sum
2861 2369 2925 2424 de
2974 2377 3116 2424 terra
3149 2365 3497 2421 Hebraeorum
3529 2366 3594 2417 ³⁷.
3627 2384 3645 2415 ι
3683 2361 3798 2416 Hoc

2234 2470 2337 2525 est,
2368 2460 2544 2514 Pilato
2582 2475 2613 2513 a
2640 2459 2839 2514 Judaeis
2870 2457 3134 2511 calumnia
3163 2457 3426 2526 proditus.
3454 2452 3526 2508 Ea
3558 2469 3676 2523 qua
3704 2456 3798 2514 sit,

2235 2553 2469 2621 explicat
2494 2550 2822 2620 evangelista
2856 2567 2869 2602 :
2897 2566 2916 2600 t
2949 2548 3044 2605 Hic
3065 2548 3203 2602 dixit
3229 2547 3494 2602 :Possum
3522 2547 3801 2600 destruere

2240 2640 2494 2709 templum
2524 2639 2640 2699 Dei.
2672 2648 2727 2693 et
2757 2646 2875 2708 post
2904 2637 3140 2690 triduum
3171 2634 3502 2689 retedilicare
3527 2634 3654 2688 illud
3676 2633 3746 2686 ⁸⁸.
3775 2650 3794 2687 ι

2237 2731 2422 2800 Itaque
2483 2731 2767 2784 calumnias
2828 2727 3210 2796 impudentiam
3263 2726 3554 2789 videntes,
3614 2738 3800 2781 eorum

2237 2822 2458 2877 sceleris
2509 2820 2881 2876 excellentiam
2935 2817 3226 2885 miramini.
3277 2815 3461 2884 Neque
3515 2816 3601 2869 hic
3645 2815 3803 2882 quid-

2235 2929 2393 2982 quam
2435 2911 2559 2975 i'eci,
2608 2911 2731 2965 mali
2782 2909 3008 2970 scilicet,
3044 2905 3390 2975 quamobrem
3428 2919 3511 2959 me
3562 2906 3614 2959 in
3663 2906 3801 2959 hanc

2238 3019 2453 3072 specum
2513 3002 2905 3057 detruderent:
2951 2999 3059 3053 illic
3098 2997 3386 3065 Jusephum
3436 2997 3490 3049 in
3546 3009 3799 3065 specum;

577 3086 798 3140 calicem
834 3100 989 3156 quam
1039 3090 1305 3155 tenebam,
1347 3100 1404 3144 et
1458 3081 1650 3145 tradidi
1704 3093 1951 3161 poculum
1995 3091 2132 3146 Pha-
2163 3093 2209 3156 C
2244 3096 2333 3149 hic
2362 3093 2544 3165 Iesum
2571 3094 2623 3146 in
2657 3101 3082 3152 monumentum.

575 3178 728 3231 raoni
755 3179 819 3234 ³⁸.
851 3178 960 3233 huc
985 3181 1322 3244 incruentum
1355 3197 1504 3235 nova!
1533 3181 1786 3238 Ecclesiae
1807 3184 2136 3238 sacriticium

579 3275 750 3321 notat.
823 3286 842 3320 ι
881 3267 1177 3337 Respondit
1213 3267 1410 3338 Ioseph
1445 3287 1459 3324 :
1496 3269 1617 3325 Haec
1651 3282 1734 3326 est
1771 3273 2142 3342 interpretatio

576 3357 768 3411 somnii
806 3373 822 3411 :
855 3358 988 3413 Tres
1031 3374 1366 3430 propagines,
1423 3371 1535 3416 tres
1589 3364 1762 3418 adhuc
1807 3363 1922 3417 dies
1971 3371 2139 3418 sunt:

579 3456 703 3515 post
744 3463 880 3516 quos
926 3451 1296 3504 recordabitur
1347 3450 1556 3505 Pharao
1599 3451 1885 3507 ministerii
1935 3453 2032 3515 tui,
2089 3460 2144 3506 et

584 3538 832 3604 restituet
861 3547 914 3591 te
939 3540 991 3591 in
1017 3539 1236 3607 gradum
1271 3541 1554 3609 pristinum
1599 3561 1613 3594 :
1643 3543 1902 3609 dabisque
1933 3543 1984 3597 ei
2017 3532 2144 3597 cali-

582 3641 698 3682 ccm
742 3627 895 3693 juxta
945 3626 1174 3681 ofﬁcium
1221 3638 1390 3693 tuum,
1437 3626 1574 3685 sicut
1618 3638 1744 3684 ante
1789 3631 1964 3686 facere
2010 3646 2145 3686 con-

586 3733 841 3774 sueveras
872 3718 940 3772 ".
997 3736 1017 3769 ι
1072 3719 1150 3771 Ac
1200 3711 1418 3788 Iosephi
1459 3722 1785 3789 quidem‘ad
1834 3722 2145 3786 pincernam

584 3813 700 3866 htec
728 3817 852 3864 sunt
903 3809 1087 3865 verba.
1121 3808 1266 3864 Meus
1311 3820 1487 3865 autem
1530 3811 1783 3865 Servator
1819 3822 1977 3878 atque
2007 3812 2148 3866 Deus

585 3899 832 3968 gentibus
851 3897 1063 3966 recipit,
1087 3913 1206 3953 sese
1228 3899 1350 3953 hinc
1371 3899 1436 3953 ad
1457 3900 1688 3954 triduum
1709 3917 1739 3954 a
1758 3909 2152 3959 resurrectione

589 3984 866 4056 discipulis
908 3989 1021 4043 suis
1056 3999 1111 4043 et
1153 3990 1410 4057 apostolis
1452 3991 1850 4055 mandaturum,
1880 3991 1969 4060 qui
1999 4007 2152 4048 acce-

589 4089 709 4148 ptas
737 4079 944 4149 tingant
971 4081 1024 4134 in
1069 4081 1284 4134 nomine
1325 4078 1501 4134 Pat‘ris
1549 4091 1600 4143 et
1631 4080 1776 4145 Filii,
1828 4073 1881 4136 et
1916 4082 2150 4150 Spiritus

591 4171 806 4240 spurii:
843 4184 1006 4238 seque
1049 4170 1295 4225 daturum
1339 4182 1753 4240 regnumlatque
1792 4173 2150 4227 sacerdotium

593 4261 806 4326 ilsdem,
836 4260 988 4327 cujus
1018 4259 1331 4314 meonomite
1373 4261 1686 4330 mySterinm
1722 4263 1944 4315 obiturae
1972 4271 2154 4316 essent

596 4353 648 4405 in
674 4364 813 4417 pane
841 4356 895 4404 et
925 4351 1074 4414 vino,
1104 4350 1245 4418 quod
1277 4349 1691 4415 Melchisedech,
1724 4352 1812 4421 qui
1845 4367 1875 4405 e
1902 4353 2149 4420 gentibus

2315 3185 2430 3252 Sed.
2458 3183 2568 3253 jam
2613 3193 2825 3249 tempus
2855 3191 2956 3247 est,
2987 3190 3041 3236 et
3082 3182 3346 3249 pistorum
3388 3176 3630 3247 magistri
3657 3189 3804 3230 som-

2241 3277 2422 3340 nium,
2464 3275 2556 3344 qui
2606 3272 2913 3348 Judasorum
2968 3273 3147 3341 populi
3197 3270 3502 3339 exemplum
3533 3269 3803 3333 "habetur,

2243 3378 2550 3421 recensere.
2580 3363 2748 3433 Igitur
2783 3363 3041 3431 pistorum
3071 3362 3331 3429 magister
3364 3375 3378 3411 :
3415 3377 3433 3409 ι
3479 3360 3544 3412 Et
3571 3373 3669 3427 ego
3698 3354 3804 3409 vidi

2243 3455 2539 3511 somnium:
2565 3456 2715 3522 Quod
2739 3457 2837 3508 tria
2867 3454 3100 3509 canistra
3124 3450 3328 3505 farina.
3352 3467 3371 3501 ι
3402 3448 3524 3502 Tria
3553 3449 3804 3509 canistra,

2247 3555 2359 3600 tres
2381 3544 2528 3618 quali
2559 3548 2708 3607 sunt,
2737 3560 2857 3611 qua:
2887 3543 2984 3596 tria
3014 3541 3197 3611 gravia
3221 3539 3588 3594 lsraeiitarnm
3615 3537 3808 3604 ﬂagitia

2247 3642 2570 3699 censentur;
2603 3634 2862 3687 idolorum
2889 3631 3086 3696 cultus,
3108 3641 3291 3703 vatum
3315 3630 3510 3692 ctedes,
3537 3637 3591 3681 et
3611 3627 3809 3682 Christi

2246 3719 2526 3779 oocisio.'t
2580 3722 2845 3777 Haberent
2896 3737 3058 3792 super
3106 3731 3267 3790 caput
3303 3733 3506 3781 meum,
3549 3735 3568 3770 ι
3618 3709 3809 3778 idest,

2247 3830 2486 3886 gererem
2519 3828 2703 3867 eorum
2739 3812 3001 3867 facinora.
3039 3831 3056 3863 ι
3092 3813 3158 3865 Ει
3192 3812 3368 3864 inuno
3393 3809 3650 3872 canistro,
3675 3805 3812 3875 quod

2249 3913 2364 3960 erat
2386 3903 2673 3965 excelsius,
2722 3921 2739 3952 ι
2771 3902 2974 3955 scilicet
3001 3914 3251 3968 supremo
3279 3899 3504 3968 ﬂagitio,
3534 3914 3554 3950 ι
3597 3906 3814 3965 portare

2252 4010 2336 4046 me
2369 4006 2570 4047 omnes
2612 3992 2782 4053 cibos,
2829 3984 2920 4057 qui
2982 3991 3115 4043 liunt
3159 3998 3274 4041 arte
3321 3985 3570 4056 pistoria.
3623 4002 3642 4036 ι
3696 3983 3814 4038 Hac

2250 4094 2447 4138 cretum
2485 4082 2537 4134 in
2581 4090 2674 4135 eos
2710 4096 2773 4134 ex
2830 4079 2959 4132 varii
3008 4078 3223 4147 generis
3267 4075 3574 4129 hominibus
3621 4086 3816 4143 cogen-

2253 4177 2376 4227 dum
2411 4172 2544 4241 (l9),
2578 4187 2674 4225 ceu
2713 4173 2777 4223 ad
2812 4184 2950 4238 opus
2974 4169 3178 4238 regalis
3211 4167 3484 4236 potentia,
3515 4167 3815 4235 designant.

2257 4281 2275 4314 ι
2311 4263 2556 4331 Avesque
2594 4259 2876 4314 comedere
2915 4273 2982 4312 ex
3024 4273 3090 4313 eo
3157 4258 3224 4311 ".
3261 4275 3280 4307 ι
3315 4256 3504 4310 Excisa
3552 4255 3697 4309 enim
3741 4258 3818 4306 est

2256 4361 2471 4421 propter
2536 4351 2738 4405 crimen
2795 4347 3058 4402 interfeCti
3139 4346 3340 4400 Christi
3408 4355 3461 4399 et
3514 4341 3814 4398 Iudaeorum

595 4412 761 4505 esset,
799 4457 894 4512 per
921 4412 1142 4510 figuram
1183 4441 1488 4494 Abrahamo
1521 4412 1954 4507 repraesentavit;
1986 4457 2155 4510 eaque
2183 4412 2230 4469 θ
2255 4412 2446 4513 graves
2475 4441 2706 4496 offensas
2747 4439 3138 4510 Hierosolyma.
3179 4456 3198 4491 ι
3239 4436 3536 4505 Respondit
3577 4434 3814 4504 Josepb:

598 4533 718 4586 ideo
744 4546 802 4586 se
829 4531 1094 4584 facturum
1125 4532 1320 4598 populo
1363 4546 1430 4583 ex
1461 4531 1704 4599 gentibus
1745 4545 2007 4584 converso
2038 4546 2159 4599 spo-

599 4623 806 4692 pondit,
855 4623 996 4692 quod
1049 4622 1096 4677 is
1138 4623 1410 4677 Christum
1467 4611 1711 4686 sonitibus
1745 4623 2158 4677 adnumeratum

601 4712 966 4780 conspicatus,
1001 4711 1166 4766 Deum
1203 4706 1376 4765 tamen
1415 4709 1689 4765 confessus
1717 4711 1922 4764 fuisset.
1951 4730 1969 4763 ι
2013 4711 2160 4771 Tan-

606 4813 717 4858 tum
745 4812 1010 4856 memento
1029 4803 1160 4866 ‘mei,
1188 4815 1307 4858 cum
1345 4799 1438 4855 tibi
1460 4798 1594 4856 bene
1625 4800 1802 4858 fuerit.
1833 4822 1850 4852 ι
1877 4803 1985 4858 lloc
2015 4821 2044 4857 a
2077 4819 2161 4859 me

604 4900 825 4962 accepto
872 4891 1156 4957 beneﬂcio,
1208 4892 1495 4960 sepulturae
1547 4901 1706 4963 atque
1753 4896 2160 4950 resurrectionis

605 4982 913 5036 memoriam
958 4981 1295 5039 iudelebilcm
1340 4982 1554 5038 habeto.
1596 5002 1614 5034 ι
1667 4984 1727 5037 Ει
1755 4983 1918 5038 facias
1952 5000 2156 5039 mecum

671 5163 719 5198 "
753 5164 886 5219 Gen.
929 5175 1029 5225 ιι,
1076 5165 1121 5218 l.

1217 5165 1262 5196 "
1298 5161 1431 5220 Gen.
1474 5179 1560 5225 ιι,
1604 5164 1654 5218 5.
1758 5166 1801 5196 ⁸⁸
1848 5164 1975 5217 ibid.
2016 5165 2068 5222 8.

2160 5167 2203 5198 ¹⁹
2245 5166 2372 5219 ibid.
2411 5165 2462 5228 9,
2503 5164 2590 5218 10.

2255 4535 2378 4587 Haec
2400 4545 2484 4590 εει
2517 4531 2892 4599 interpretatio
2934 4529 3153 4584 somnii.
3189 4547 3207 4580 ι
3236 4528 3316 4581 En
3352 4527 3645 4591 somnium,
3676 4528 3816 4594 ejus-

2255 4618 2368 4692 que'
2405 4623 2902 4688 interpretationem
2951 4635 2964 4672 :
3014 4636 3033 4668 ι
3065 4619 3191 4673 ‘l‘ria
3224 4617 3461 4680 canistra
3509 4626 3620 4670 tres
3648 4616 3817 4672 adhuc

2256 4713 2372 4770 dies
2400 4723 2542 4766 sunt.
2581 4731 2599 4764 ι
2639 4711 2850 4765 Abhinc
2885 4718 2994 4764 tres
3021 4711 3159 4774 dies,
3190 4709 3398 4762 scilicet
3420 4723 3449 4760 a
3478 4706 3608 4763 Jesu
3643 4719 3816 4762 resur-

2261 4806 2535 4866 rectione;
2567 4821 2586 4853 t
2626 4811 2745 4868 post
2775 4816 2910 4868 quos
2937 4800 3144 4855 auferet
3172 4799 3382 4853 Pharao
3404 4809 3564 4865 caput
3588 4806 3764 4852 tuum.
3792 4813 3809 4845 I

2265 4896 2377 4948 illic
2400 4896 2604 4948 Pharao
2630 4893 2888 4961 pistorum
2921 4893 3237 4959 magistrum
3260 4908 3274 4955 ;
3301 4889 3387 4943 hic
3414 4889 3590 4957 capite
3611 4886 3814 4942 Judzos

2271 4995 2483 5039 truncat
2532 4982 2802 5048 Christus,
2856 4982 2945 5051 qui
2984 4981 3233 5051 princeps
3282 4991 3443 5050 atque
3490 4986 3672 5032 rector
3712 4984 3812 5038 est;

2669 5165 2711 5195 ³⁸
2754 5163 2908 5217 Joan.
2956 5177 3041 5220 sv.
3082 5161 3141 5221 Ι,
3179 5161 3234 5213 2.
3333 5161 3374 5190 ³¹
3415 5157 3550 5212 Gen.
3593 5173 3695 5219 XL,
3739 5157 3810 5215 10.

607 5235 653 5268 ιι
694 5233 847 5301 ibid.
895 5233 939 5265 υ
981 5234 1109 5289 una.
1155 5234 1348 5298 ius.
1421 5235 1466 5266 ιι
1505 5236 1633 5286 una.
1664 5235 1745 5288 tt.
1821 5236 1864 5266 ιο
1907 5233 2036 5287 Luc.
2079 5250 2133 5288 ι]

2243 5238 2318 5301 ιι,
2359 5236 2444 5290 15.
2506 5235 2549 5266 ³⁸
2588 5233 2723 5287 Gen.
2768 5233 2958 5292 xt..M.
3032 5231 3076 5263 ⁸⁷
3115 5229 3248 5284 Gen.
3292 5246 3379 5296 aL,
3424 5228 3508 5282 l5.
3551 5229 3596 5260 ³⁸
3635 5228 3811 5281 lauit.

609 5319 751 5368 .uvt,
793 5300 881 5355 61.
958 5303 1000 5334 ³³
1043 5305 1174 5360 Gen.
1219 5319 1314 5364 ιι,
1357 5303 1444 5368 16,
1488 5306 1568 5357 l7.

683 5485 795 5554 (l7)
834 5483 1055 5540 Petebat
1099 5486 1237 5536 enim
1280 5483 1567 5550 Josepbus.
1619 5494 1669 5535 nl
1726 5500 1783 5538 se
1835 5483 1969 5551 apud
2025 5482 2164 5534 Pha-

2262 5494 2404 5545 cere,
2436 5481 2484 5532 in
2523 5497 2681 5548 quem
2713 5479 2985 5547 coujcctus
3007 5491 3086 5537 est
3111 5481 3400 5551 Iosephus,
3438 5478 3577 5534 unde
3607 5478 3723 5534 haec
3748 5475 3812 5531 al-

616 5552 833 5611 nonem
859 5555 911 5607 in
945 5557 1113 5623 gratia
1152 5562 1394 5622 puncret,
1426 5569 1453 5604 a
1491 5569 1598 5623 quo
1621 5556 1814 5608 deinde
1843 5556 1907 5605 ad
1936 5554 2167 5621 dignita-
2264 5552 2620 5623 lusio_pe_t_ita.

616 5636 724 5680 lem
754 5626 1091 5676 eveheretur.

691 5693 801 5762 (l8)
835 5690 1144 5762 Ὁχὺρωμα,
1164 5692 1301 5762 quod
1323 5707 1510 5748 nomen
1544 5702 1832 5756 usurpatur
1861 5703 1909 5746 ct
1933 5705 2026 5753 pro
2048 5703 2168 5746 car-

2334 5615 2445 5686 (l9)
2489 5618 2699 5671 Manum
2736 5628 2788 5670 ct
2816 5621 3107 5676 exercitum
3153 5635 3182 5674 a
3215 5616 3545 5687 Vespasiano
3574 5615 3811 5679 liierosoc

2264 5688 2421 5751 lynlis
2443 5687 2852 5744 admovendum.
