3952 6328
184 332 277 394 833

1301 330 1684 391 DHLOGUS
1717 330 2017 390 CONTRA
2055 329 2369 391 JUDzEOS.

3264 324 3368 388 834

184 454 200 487 t
220 452 275 489 ac
294 436 571 504 suspendet
598 448 649 491 te
672 439 722 491 in
744 451 925 500 cruce,
955 454 973 489 ι
1005 437 1173 505 prohl
1207 438 1451 505 Sill'ptlus
1485 440 1700 501 delebit,
1729 445 1776 499 Α
1804 440 1965 493 tionis
1992 438 2180 500 frenis,
2210 450 2371 507 atque
2404 438 2470 491 ad
2502 439 2617 507 ejus
2646 445 2841 493 metam
2880 452 3152 493 sacrarum
3198 438 3340 493 Litte

184 545 200 577 t
225 538 271 580 et
287 526 589 581 lacerabunt
613 530 855 582 volucres
888 542 1075 581 carnes
1099 540 1213 580 luas
1246 529 1310 579 ‘°.
1352 547 1369 577 ι
1402 528 1459 580 lu
1495 528 1702 580 Israeli-

174 624 331 667 tarum
376 616 705 681 captivitate,
754 628 807 668 ut
859 627 991 675 ante,
1022 608 1273 668 diximus.
1338 616 1520 684 anue
1581 632 1704 669 vera

177 718 302 767 esse,
334 704 504 757 audite
535 703 806 758 Christum
836 706 974 757 inter
1000 707 1141 773 ipsos
1175 706 1698 791 t-rnciatus/tnulieri-

175 794 262 846 bus
307 795 798 863 llierosolyniitanis
841 796 1140 862 loquentem
1187 813 1200 849 :
1241 816 1257 847 t
1310 794 1456 850 Filia:
1492 796 1706 849 Jerusa-

177 884 285 948 lem,
331 885 489 939 nolite
536 884 663 938 ﬁere
710 901 867 954 super
918 904 1025 948 me;
1070 890 1160 943 sed
1214 902 1375 955 super
1428 905 1519 943 vos
1566 892 1706 955 ipsas

174 975 303 1039 ﬂete,
338 983 387 1026 et
418 990 578 1042 super
613 976 750 1029 filios
777 986 986 1029 vestros
1018 997 1030 1028 :
1058 981 1307 1044 quoniam
1342 994 1464 1031 ecce
1496 981 1708 1031 venient

175 1052 300 1129 dies,
324 1066 371 1116 in
416 1066 610 1133 quibus
646 1066 823 1119 dicent
859 1085 871 1120 :
909 1066 1082 1120 Beata:
1121 1069 1350 1130 steriles,
1387 1081 1437 1122 ct
1467 1081 1703 1131 ventres,

174 1154 254 1221 qui
281 1168 377 1207 non
404 1168 733 1222 genuerunt,
766 1169 818 1210 et
849 1157 1010 1211 ubera
1046 1174 1162 1225 quae
1198 1175 1301 1211 non
1336 1159 1661 1212 iactaverunt
1691 1177 1705 1213 :

174 1245 287 1311 quia
313 1246 355 1299 si
400 1247 449 1299 in
484 1248 637 1300 viridi
692 1248 833 1316 ligno
878 1250 989 1302 haec
1033 1250 1254 1311 faciunt,
1295 1251 1347 1304 in
1392 1252 1541 1303 arido
1581 1252 1705 1317 quid

174 1336 254 1389 ﬁet
277 1336 353 1388 ιιι
384 1354 403 1386 ι
438 1336 494 1392 Si
534 1339 801 1391 insontem
836 1325 948 1402 me,
972 1341 1162 1409 inquit,
1196 1342 1421 1394 Romani
1462 1342 1579 1395 neci
1614 1343 1708 1394 de-

172 1424 365 1490 derunt,
398 1428 526 1494 quid
570 1442 676 1481 non
732 1428 929 1482 facient
972 1445 1064 1497 per
1096 1446 1251 1483 omne
1297 1446 1463 1498 genus
1515 1430 1702 1500 ﬂagitii

174 1515 445 1569 volutatis?
489 1537 507 1567 ι
542 1518 744 1571 Exinde
768 1519 881 1572 dies
914 1512 1099 1573 tertius
1123 1521 1395 1574 natalitius
1416 1522 1709 1576 Pharaonis

171 1615 314 1656 erat:
363 1607 449 1673 qui
499 1606 707 1681 faciens
750 1608 955 1677 grande
1004 1610 1303 1663 convivium
1351 1613 1530 1677 pueris
1572 1615 1705 1677 suis,

170 1696 462 1748 recordatus
491 1704 572 1749 est
604 1698 743 1751 inter
787 1701 972 1764 epulas
1021 1701 1258 1767 magistri
1309 1702 1705 1769 pincernarum,

1807 543 1985 582 rarum
2024 539 2276 597 tanquam
2320 528 2591 581 curriculo
2635 530 2874 589 reducto,
2914 541 3012 597 pro
3040 527 3180 581 virili
3218 529 3371 581 auri-

1806 620 1943 689 gari.
1976 618 2140 687 Igitur
2163 618 2365 669 circum
2400 616 2577 668 Mosen
2615 630 2677 668 ac
2710 614 3021 683 [Egyptunn
3050 626 3101 667 el
3132 612 3371 667 Pharao-

1808 723 1950 769 nem,
1978 708 2202 774 ejusque
2228 694 2390 758 duces
2426 720 2643 757 currum
2689 704 2921 768 ducturi,
2959 720 3054 771 age
3080 704 3132 756 in
3175 690 3367 771 primis

1808 798 2068 863 cujusque
2129 796 2577 863 significationem
2633 795 2871 848 edamus.
2937 795 3221 848 Enimvero
3288 796 3369 847 sic

1812 886 2113 939 habendum
2142 898 2243 948 est,
2282 884 2461 939 Mosen
2499 886 2601 939 ntci
2623 884 2817 937 Christi
2855 901 2915 937 ac
2948 885 3245 937 Scrvatoris
3276 885 3366 937 Dei

1810 975 2035 1045 ﬁguram
2069 978 2482 1042 exemplumque
2528 973 2691 1037 ferre,
2738 972 3025 1041 [Egypltlllt
3057 971 3201 1035 Orci,
3229 972 3370 1024 Pha—

1811 1081 2028 1118 raonem
2056 1065 2273 1128 diaboli,
2298 1065 2388 1131 qui
2421 1072 2594 1117 mente
2624 1062 2944 1116 informatus
2973 1061 3123 1128 quasi
3154 1061 3369 1128 quidam

1810 1152 2015 1206 Pharao
2040 1163 2140 1215 est,
2176 1168 2282 1205 non
2311 1152 2579 1219 ,eqnidem
2619 1152 2910 1205 secundum
2953 1149 3152 1216 regiam
3198 1150 3372 1217 digni-

1813 1252 2007 1304 tatem,
2076 1242 2168 1295 sed
2227 1242 2472 1294 elationis
2531 1241 2965 1301 frustrationem,
3004 1240 3197 1292 educes
3252 1238 3370 1303 ejus

1810 1331 2025 1399 angelos
2085 1339 2138 1384 et
2194 1345 2409 1398 operas.
2472 1329 2590 1382 Jam
2647 1330 2840 1399 ﬁguras
2890 1330 3084 1381 videte.
3140 1326 3272 1381 Nam
3314 1335 3373 1403 nt

1810 1423 1985 1475 Moses
2030 1436 2059 1473 a
2114 1422 2397 1474 Pharaone
2448 1420 2683 1488 profugit
2745 1419 2810 1485 ⁸⁸,
2869 1422 2951 1474 sic
3004 1420 3249 1473 Citri:tus
3305 1432 3373 1473 rx

1810 1511 2044 1581 IEgypto
2107 1513 2158 1563 in
2218 1510 2453 1564 Judream
2512 1510 2797 1575 concessit,
2862 1509 2999 1565 Osee
3054 1512 3194 1565 vatis
3231 1510 3372 1564 dieto

1812 1602 2272 1670 comprobandozt
2300 1601 2376 1654 Ex
2394 1600 2627 1671 Egypto
2654 1604 2834 1655 vocavi
2869 1600 3035 1653 filium
3060 1617 3231 1655 ineunt
3257 1600 3321 1653 “.
3349 1619 3368 1651 ι

1816 1695 1906 1748 Ille
1959 1694 2023 1746 ad
2087 1692 2403 1746 Madianitas
2449 1693 2741 1760 ingressus,
2797 1692 3111 1746 secundtnu'
3154 1700 3370 1758 puteum

174 1795 221 1837 et
248 1786 492 1851 pistorum
518 1789 794 1857 principis.
822 1777 1175 1858 Restituiique
1199 1792 1427 1845 alterum
1457 1796 1505 1847 iu
1532 1794 1707 1848 locum
1743 1769 1783 1822 Β
1813 1786 2055 1840 consedit
2098 1785 2181 1838 δτι
2232 1782 2386 1838 Jesus
2436 1799 2499 1837 ex
2552 1786 2743 1837 itinere
2790 1784 3041 1852 fatigatus
3081 1784 3373 1836 secundum

170 1888 327 1939 suum,
360 1884 412 1926 ιιι
441 1877 738 1945 porrigeret
770 1880 815 1931 ei
851 1880 1095 1946 poculum
1124 1898 1135 1932 :
1169 1882 1393 1933 alterum
1431 1884 1715 1950 suspendit

169 1964 217 2018 iu
248 1965 471 2032 patibulo
506 1968 632 2045 δ’..)
659 1970 833 2038 Atque
864 1970 975 2023 haec
1004 1973 1213 2038 quidem
1254 1988 1342 2024 rex
1381 1972 1591 2029 Pharao
1616 1991 1706 2027 na-

172 2054 251 2107 tali
276 2056 371 2109 sibi
398 2057 484 2110 die
516 2057 657 2110 inter
694 2074 821 2113 suos
853 2059 1165 2129 designavit.
1192 2063 1260 2116 At
1284 2063 1397 2116 Rex
1435 2080 1618 2135 regum
1646 2082 1710 2119 ex

170 2146 377 2198 mortuis
409 2147 599 2209 redux,
650 2147 790 2201 inter
828 2161 1042 2205 sanctos
1080 2168 1180 2205 una
1210 2154 1515 2219 suscitatos,
1569 2171 1704 2223 prte-

169 2243 424 2302 gustorum
461 2237 728 2306 magistri,
766 2239 815 2291 id
849 2250 952 2305 est,
987 2242 1107 2295 novi
1140 2244 1343 2311 populi,
1381 2255 1706 2297 mentionem

169 2326 316 2389 let-it;
347 2328 556 2381 scilicet
577 2344 641 2381 ex
664 2328 805 2397 quali
833 2330 1120 2399 impietatis
1142 2334 1437 2401 praecipitio
1458 2336 1521 2387 ad
1553 2336 1710 2403 quale

172 2416 257 2469 Dei
309 2419 505 2471 notitiae
548 2419 819 2486 fastigium
862 2422 1216 2488 pervasisset;
1262 2438 1580 2489 rursumque
1619 2422 1711 2475 «ιιι-

171 2503 319 2570 daici,
374 2522 436 2560 ex
498 2508 646 2576 quali
709 2510 1008 2577 adoptionis
1062 2510 1275 2577 fastigio
1340 2512 1392 2564 in
1452 2514 1609 2579 quale
1652 2528 1711 2567 se

169 2591 349 2647 Christi
376 2597 533 2649 caedis
564 2584 875 2651 barathrum
913 2596 1271 2654 deturbasset.
1316 2598 1522 2664 Quibus
1554 2602 1711 2655 rebus

171 2692 427 2739 ctnovum
457 2688 729 2755 pepulnm,
758 2698 813 2740 ut
838 2689 946 2757 jam
989 2690 1119 2754 dixi,
1157 2692 1366 2743 ornavit
1408 2702 1567 2759 atque
1592 2708 1710 2745 ser-

174 2773 325 2840 vavit,
362 2784 415 2828 et
442 2775 721 2831 ludatcum
756 2780 1059 2847 ignominia":
1099 2791 1148 2834 et
1190 2764 1397 2837 excidio
1432 2785 1545 2835 dari
1591 2800 1711 2852 per-

179 2800 325 2840 um,
362 2800 415 2828 et
442 2800 721 2831 auuateum
756 2800 1059 2847 ignominiaa
1099 2800 1148 2834 et
1190 2800 1397 2837 exctuio
1432 2800 1545 2835 uari
1591 2800 1621 2852 p
1662 2802 1710 2836 r-

174 2862 327 2917 misit.
345 2864 434 2919 Sin
466 2867 606 2920 dicat
629 2868 916 2937 quispiam,
942 2878 1223 2939 utrumque
1249 2872 1406 2924 simul
1432 2882 1484 2924 et
1511 2800 1710 2940 pariat

174 2967 269 3006 non
296 2957 577 3024 contigisse
604 2974 616 3010 :
648 2968 795 3023 esto;
825 2968 878 3011 at
905 2974 969 3013 ex
1022 2962 1083 3013 eo
1112 2961 1193 3014 die
1218 2971 1499 3030 utrumque
1518 2964 1710 3017 scitum

175 3056 507 3115 sanctumque
538 3057 643 3101 est.

684 3138 908 3195 CAPUT
947 3140 1183 3197 XXVI".

440 3229 607 3285 Mosi:
653 3232 872 3285 historia
910 3236 1121 3301 mystice
1152 3236 1429 3300 explicata.

238 3316 335 3370 Sed
366 3318 479 3373 haec
507 3320 572 3375 de
599 3320 829 3388 Josepho
860 3322 1145 3386 snﬁ‘tciant,
1174 3336 1227 3376 et
1254 3324 1363 3389 jam
1392 3340 1551 3391 porro
1586 3337 1707 3392 pro-

176 3404 439 3471 phetarum
474 3420 738 3473 centrum,
774 3411 1054 3473 deisciutn,
1106 3424 1266 3480 atque
1300 3429 1327 3465 a
1366 3413 1474 3467 Deo
1519 3416 1711 3468 scitum

174 3505 221 3546 et
248 3499 510 3565 cognitntu‘
557 3489 743 3553 Mesen
792 3503 1182 3567 aggrediamur.
1226 3504 1536 3569 Quanquam
1586 3506 1713 3559 illttd

176 3596 369 3652 quoque
410 3587 761 3654 ignorantium
808 3605 910 3643 non
954 3601 1057 3654 est,
1089 3590 1301 3658 Josephi
1339 3594 1390 3645 in
1430 3593 1713 3663 Aigyptunt

146 3672 440 3729 ~adventum
485 3680 772 3732 secundant
821 3684 1153 3748 praesentiam
1205 3694 1411 3737 notare.
1460 3683 1592 3751 Nam
1662 3695 1714 3738 ut

177 3764 257 3819 ille
286 3766 537 3822 fratribus
566 3784 622 3823 se
655 3772 905 3838 prodidit,
952 3773 1021 3825 ita
1065 3784 1118 3828 et
1152 3774 1318 3827 .ludtci
1363 3781 1571 3830 tandem
1618 3779 1716 3849 ali-

178 3858 370 3922 quando
397 3859 671 3913 Christum
721 3871 1046 3931 agnoseent;
1076 3873 1133 3932 ut
1170 3865 1270 3917 fert
1312 3868 1412 3919 hoc
1444 3867 1718 3931 Zacltarizc

178 3947 430 4015 propheta:
474 3948 693 4003 effatum
746 3944 816 4004 τ’(
873 3952 937 4005 Ει
970 3955 1228 4022 aspicient
1261 3946 1325 4009 ad
1381 3974 1499 4021 me,
1561 3975 1716 4027 quem

179 4037 502 4088 conlixerunt
525 4036 594 4107 “,
631 4056 650 4088 ι
683 4040 738 4091 Et
777 4042 1223 4107 quemadmodum
1252 4044 1370 4099 illos
1403 4048 1717 4114 pcnnitentia

178 4121 373 4191 ductos,
405 4142 471 4179 ex
500 4125 805 4182 Chananrea
844 4132 908 4183 ad
943 4146 1001 4184 se
1042 4132 1414 4198 adventantes,
1457 4128 1721 4207 Josephus

182 4226 289 4264 cunt
318 4218 459 4270 omni
492 4218 697 4271 familia
720 4216 888 4285 'aluit';
918 4221 997 4274 sic
1032 4233 1295 4291 quotquot
1328 4235 1437 4279 toto
1462 4227 1563 4282 hoc
1594 4230 1721 4284 orbe

181 4299 375 4358 Judaici
414 4298 649 4361 nominis
686 4321 835 4373 sunt,
873 4313 915 4363 si
945 4312 1263 4379 poenitentes
1298 4315 1567 4370 Christum
1601 4334 1722 4371 vere

1812 1877 2013 1949 fontem
2068 1876 2131 1930 ⁸⁸.
2196 1875 2310 1928 Illic
2365 1872 2601 1942 pontifex
2662 1874 3186 1941 Madianita‘septeut
3240 1872 3376 1925 ﬁlias

1815 1950 2064 2030 habebat,
2093 1982 2211 2035 quae
2246 1967 2360 2033 ejus
2402 1982 2531 2018 oves
2581 1974 2865 2034 poscerent
2904 1963 2983 2029 ";
3026 1964 3112 2017 hic
3140 1964 3377 2031 septenis
3420 1986 3422 1989 τ

1815 2055 2045 2126 Spiritus
2097 2058 2274 2122 donis,
2306 2054 2417 2110 Deo
2446 2064 2497 2108 et
2523 2054 2670 2108 Patri
2709 2054 2943 2122 gentium
2995 2048 3255 2116 Ecclesia,
3309 2067 3375 2106 ex

1815 2151 1948 2203 varii
1981 2149 2194 2219 generis
2218 2158 2381 2216 atque
2412 2147 2604 2215 linguae
2635 2145 2945 2198 mortalibus
2971 2154 3180 2204 coacta.
3206 2145 3379 2212 pasci-

1812 2249 1918 2303 tur,
1953 2240 2187 2293 demissa
2240 2236 2579 2291 brereditaria
2631 2236 2927 2303 impietate.
2971 2235 3089 2288 Illic
3126 2233 3380 2300 Raguelis

1811 2331 1934 2385 ﬁliae
1978 2330 2033 2384 in
2075 2328 2260 2383 Mosen
2293 2327 2565 2392 incidunt;
2602 2327 2686 2380 hic
2723 2326 2773 2378 in
2809 2326 3082 2379 Christum
3114 2340 3177 2377 ex
3211 2324 3382 2391 genti-

1809 2422 1927 2476 bus
1956 2432 2113 2487 natae,
2174 2433 2398 2489 quarum
2434 2420 2603 2487 prima
2652 2416 2901 2493 adfuite
2965 2415 3230 2469 Samaria.
3272 2413 3382 2468 lllie

1808 2514 2085 2567 venientes
2148 2520 2396 2581 pastores
2451 2524 2544 2563 eas
2593 2510 2888 2581 pellebant;
2952 2508 3040 2562 hic
3090 2507 3382 2577 Syttagogte

1810 2603 2111 2671 pOtttiﬁces,
2147 2612 2200 2655 et
2230 2611 2471 2670 pastores
2498 2609 2712 2654 exteras
2754 2598 3229 2669 persequebantur.
3262 2595 3375 2648 lllie

1811 2706 2037 2761 surgens
2069 2691 2264 2755 Moses,
2302 2690 2597 2760 proﬂigatis
2629 2687 2957 2758 pastoribus,
2992 2699 3047 2740 et
3078 2702 3271 2754 aquam
3301 2685 3381 2739 eis

1811 2767 2013 2847 hausit,
2048 2792 2101 2837 et
2136 2796 2299 2851 pecus
2328 2780 2616 2849 adaquavit
2641 2780 2709 2832 ⁸ο.
2744 2777 2840 2832 llic
2867 2778 3111 2832 Christus
3141 2791 3203 2830 ex
3242 2791 3384 2830 mor-

1811 2874 1917 2927 tuis
1948 2887 2249 2939 resurgens,
2286 2870 2541 2925 scelestos
2586 2880 2640 2924 et
2667 2868 2830 2923 falsos
2859 2876 3103 2935 pastores
3142 2865 3374 2934 fugavit,

1808 2964 2016 3032 sibique
2069 2963 2231 3023 ﬁdem
2269 2961 2546 3023 habentes,
2597 2975 2733 3028 aqua
2784 2961 2923 3022 viva,
2965 2959 3015 3010 id
3062 2966 3165 3020 est,
3198 2957 3381 3009 divino

1736 3083 1783 3145 ο
1813 3069 1910 3107 suo
1944 3053 2259 3121 eteleslique
2279 3053 2548 3119 przeconio
2579 3049 2807 3119 rigavit;
2840 3049 3085 3102 addens:
3118 3066 3134 3099 ι
3169 3046 3223 3101 Si
3257 3046 3380 3114 quis

1813 3146 1946 3206 sitit,
1982 3144 2256 3197 veniatatl
2286 3158 2393 3204 me,
2425 3152 2477 3194 et
2508 3142 2658 3195 bibat
2683 3141 2749 3193 ⁸⁸.
2784 3159 2803 3191 ι
2838 3138 2947 3192 Illa:
2980 3138 3229 3208 ltagttelis
3260 3138 3382 3191 ﬁliae

1811 3236 1877 3288 ad
1910 3245 2113 3302 patrem
2147 3250 2307 3288 suum
2336 3247 2616 3301 regressae,
2648 3232 2810 3285 Mosis
2840 3231 3072 3285 studium
3096 3219 3382 3283 columen-

1813 3325 1943 3378 dant
2005 3326 2087 3389 in;
2144 3323 2483 3378 Samaritana
2546 3322 2612 3376 ad
2675 3322 2911 3374 Natalem
2977 3334 3212 3383 reversa,
3275 3317 3382 3372 mei

1816 3414 2119 3468 Servatoris
2170 3412 2574 3480 amplitudinem
2612 3411 2889 3478 praedicat.
2944 3410 3141 3477 Baguel
3188 3410 3384 3477 quaerit

1816 3519 1879 3557 ex
1904 3505 2130 3568 ﬁliabus,
2156 3503 2241 3557 ubi
2270 3502 2376 3556 sit?
2398 3511 2744 3555 accerserent
2765 3501 3171 3566 hominem,quo
3205 3498 3382 3551 cibum

1816 3604 2050 3662 caperet.
2095 3593 2193 3648 Hic
2227 3594 2463 3649 caelestis
2508 3592 2703 3673 panis:
2750 3609 2769 3642 t
2804 3592 2913 3659 Ego
2951 3589 3148 3653 cibum,
3186 3590 3384 3656 inquit,

1818 3684 2022 3749 habeo,
2084 3685 2433 3747 manducare,
2480 3698 2635 3750 quem
2690 3696 2785 3736 vos
2839 3682 3056 3734 nescitis
3098 3681 3163 3732 ⁸³.
3214 3678 3387 3732 Moses

1818 3775 1888 3829 ibi
1921 3775 2057 3841 apud
2084 3774 2353 3828 hominem
2396 3772 2558 3841 degit,
2591 3766 2747 3841 eique
2787 3770 2872 3823 ille
2901 3768 3192 3837 Sephoram
3225 3768 3389 3825 ﬁliam

1818 3863 1991 3916 clueat
2020 3862 2109 3916 “z
2172 3878 2323 3915 meus
2373 3860 2630 3916 Servator
2680 3862 2733 3913 in
2781 3860 3024 3914 Samaria
3077 3859 3384 3920 considens,

1824 3966 1879 4005 et
1922 3969 2039 4006 eam
2087 3952 2429 4017 collustrans,
2476 3952 2667 4013 bellam
2709 3953 2945 4019 gentium
2980 3948 3269 4003 Ecclesiam
3297 3951 3392 3999 de-

1820 4053 2087 4111 sponsat:
2147 4057 2272 4095 nam
2328 4041 2573 4111 Sephora
2619 4040 2822 4095 Iudaeis
2873 4039 3084 4101 bellam,
3136 4053 3228 4091 seu
3279 4026 3391 4090 eol-

1822 4136 2187 4188 lttstrulionettt
2230 4144 2402 4187 notat.
2452 4132 2567 4187 Jatn
2591 4148 2722 4186 vero
2757 4131 2893 4186 duos
2916 4129 3074 4184 Mosis
3119 4129 3254 4183 filios
3290 4127 3388 4181 ob-

1823 4237 2053 4289 servate,
2088 4227 2177 4293 qui
2213 4226 2278 4278 ad
2303 4227 2405 4278 duo
2437 4225 2639 4278 foedera
2676 4225 2983 4286 trahuntur,
3023 4230 3254 4290 quorum
3300 4220 3386 4273 lex

1825 4315 2067 4370 Gersami
2101 4317 2315 4369 nomine
2344 4316 2650 4379 censeatur,
2682 4314 2770 4384 qui
2820 4315 3036 4382 quidem
3071 4312 3389 4381 peregrinus

183 4389 265 4445 Dei
322 4393 514 4449 Filium
571 4400 957 4466 confiteantur,
1022 4417 1114 4455 eos
1174 4405 1379 4456 caelesti
1415 4416 1467 4458 et
1501 4409 1719 4461 immor—
1748 4396 1799 4453 D
1829 4407 2297 4471 fuerat;-nondutn
2322 4405 2464 4459 enim
2490 4407 2540 4458 itt
2563 4406 2881 4474 promissam
2902 4414 3099 4457 terram
3136 4402 3391 4456 lsraelitae

185 4484 264 4537 tali
293 4501 424 4554 pane
458 4488 587 4554 alet,
624 4474 680 4542 ut
713 4491 764 4544 ιιι
792 4492 1077 4562 Evangelia
1106 4504 1332 4547 testatur
1354 4486 1387 4547 z‘
1411 4514 1429 4547 t
1469 4498 1576 4565 Ego
1604 4513 1719 4551 sum

184 4576 322 4641 panis
362 4578 537 4643 vivus,
580 4581 672 4648 qui
717 4581 781 4635 de
815 4582 949 4635 etelo
979 4585 1250 4637 descendi.
1288 4587 1388 4651 Qui
1436 4590 1725 4643 manducat

184 4681 343 4720 nteant
392 4684 634 4732 carnem,
688 4681 741 4724 et
782 4672 920 4725 bibit
973 4689 1149 4727 meum
1188 4678 1526 4744 Sanguinem,
1569 4680 1725 4733 habet

185 4758 331 4811 vitam
376 4772 631 4813 atternatu
655 4800 671 4827 ,
708 4780 726 4812 ι
762 4773 818 4815 et
851 4764 902 4816 in
930 4766 1188 4833 jttdicium
1234 4784 1337 4821 non
1382 4770 1552 4821 veniet.
1590 4770 1724 4837 (9.0),

186 4850 266 4900 sed
302 4870 320 4901 ι
359 4866 456 4919 ego
502 4854 836 4906 rcsuscitabo
881 4870 1001 4908 eum
1049 4858 1102 4909 in
1155 4848 1446 4929 ndvissimo
1481 4862 1567 4915 die
1605 4861 1666 4911 “.
1703 4879 1721 4912 ι

187 4939 589 4995 Suscitationem
627 4944 713 4997 hic
736 4959 839 4998 non
860 4945 1003 4999 illam
1033 4959 1512 5018 mortuornm,‘qua
1544 4968 1730 5007 omnes

188 5032 464 5084 suscitaudi
491 5043 638 5094 sunt,
673 5035 765 5086 sed
822 5034 1121 5089 decessoris
1152 5040 1362 5102 Adami,
1399 5026 1731 5107 Significans.

249 5118 350 5173 Sed
389 5132 602 5191 tempus
620 5121 731 5189 jam
766 5135 870 5189 est,
902 5129 1072 5195 captis
1118 5128 1365 5184 Mosaicae
1409 5134 1733 5200 interpreta-

251 5302 294 5334 "
334 5303 496 5356 Exod.
542 5320 609 5365 tt,
652 5306 739 5358 15.

192 5374 228 5403 ⁸⁵
263 5372 389 5426 Cen.
433 5389 521 5434 ιιι,
582 5377 668 5427 Η.

191 5456 329 5509 δεῖνι.

831 5303 872 5335 *ί
914 5303 1045 5357 Luc.
1088 5321 1237 5370 χχιιι,
1276 5306 1365 5369 9.8,
1404 5307 1492 5360 9.9.

764 5376 810 5407 “
849 5373 985 5426 Osce
1026 5390 1108 5436 χι,
1152 5376 1200 5428 1.

400 5443 443 5472 ⁵⁸
481 5442 636 5496 Joan.
683 5459 776 5506 vn,
814 5444 902 5497 57.
978 5444 1022 5475 ⁸³
1064 5444 1227 5497 Exod.
1274 5458 1329 5507 ll,
1376 5448 1455 5499 l9.

252 5620 365 5699 (ἕρ)
402 5620 527 5699 liznc
561 5622 901 5699 nonstmt‘in
938 5622 1181 5699 Vulgata.

1566 5309 1609 5337 ’δ’
1648 5293 1781 5361 Gen.

1298 5376 1339 5407 δ”
1382 5377 1549 5429 Exod.
1593 5394 1662 5438 tt,
1708 5378 1792 5429 15.

1531 5448 1575 5476 ⁸³
1611 5447 1777 5500 Joatt.‘
1811 5463 1882 5509 tv,
1922 5448 2009 5501 5:3.

1827 4494 2163 4557 invaserant;
2202 4492 2425 4545 Gersam
2479 4503 2656 4545 autem
2698 4492 2896 4545 Judatis
2936 4493 3074 4543 idem
3118 4502 3220 4551 est,
3250 4489 3391 4557 quod

1825 4586 2147 4652 peregrinus.
2193 4584 2359 4637 l’orro
2407 4584 2613 4637 Eliezer
2654 4586 2774 4637 novi
2808 4584 3027 4637 hederis
3049 4582 3248 4637 Christi
3292 4582 3394 4634 Do-

1828 4676 1956 4727 tnini
1994 4678 2160 4741 figura
2195 4685 2315 4739 est;
2366 4676 2562 4743 quippe
2603 4676 2706 4728 hoc
2736 4674 2937 4728 foedere
2992 4675 3224 4728 ineundo
3252 4672 3394 4725 Deus

1828 4768 1984 4818 terris
2016 4765 2327 4833 Opitnlatus,
2362 4780 2454 4819 eas
2479 4782 2507 4817 a
2534 4765 2721 4819 fraude
2756 4766 2868 4833 (2i)
2905 4765 3214 4817 vindicavit.
3260 4762 3391 4815 Nam

1833 4857 2040 4910 Eliezer
2069 4854 2266 4910 Judteis
2290 4857 2509 4924 perinde
2538 4866 2621 4908 est
2654 4871 2715 4910 ac
2747 4858 2789 4908 si
2814 4857 2961 4909 dicas
2989 4896 2993 4901 .
3020 4850 3295 4922 pitttltttor.

1903 4948 2011 5007 Sed
2045 4958 2263 5015 praestat
2290 4945 2459 4999 Exodi
2480 4961 2692 5014 quoque
2718 4946 3031 4999 vaticinium
3058 4947 3217 4999 verbo
3242 4958 3396 4998 tenus

1829 5054 2131 5095 recensere.
2181 5059 2199 5090 ι
2252 5038 2377 5091 Post
2441 5036 2664 5089 multum
2705 5053 2828 5091 vero
2873 5038 3146 5104 temporis.
3184 5057 3201 5087 ι
3242 5039 3393 5101 Quod

1835 5128 2257 5197 temporislongi
2299 5124 2535 5194 spatium
2570 5126 2822 5193 propheta
2860 5124 3163 5193 signiﬁcat?
3208 5125 3395 5179 Delicti

1825 5350 1836 5358 .
1864 5324 1912 5369 ι.,
1954 5308 2041 5360 9.0.
2120 5306 2164 5336 ‘3
2206 5304 2367 5359 Zach.
2436 5325 2506 5361 xn
2534 5348 2545 5366 .
2613 5308 2697 5361 10.
2772 5306 2816 5337 ⁸⁸
2855 5304 3009 5359 Joan.
3052 5323 3132 5369 vt,
3176 5309 3263 5369 Si,
3308 5310 3397 5365 Μ.

1871 5378 1915 5407 ⁸⁸
1951 5377 2103 5429 J-ian.
2149 5392 2217 5437 ιγ,
2262 5376 2311 5428 6.
2389 5376 2431 5408 δ’
2474 5379 2562 5429 lim
2608 5384 2639 5429 i.
2687 5393 2743 5439 tt,
2788 5378 2866 5429 lii.
2914 5380 2995 5432 ‘lb‘.
3074 5382 3115 5410 δυ
3159 5381 3284 5431 ibid.
3332 5384 3396 5433 id

1871 5486 1882 5499 .
1922 5448 2009 5499 5:2.
2088 5448 2132 5475 “
2173 5446 2339 5499 bxod.
2384 5462 2442 5499 ιι.
2484 5446 2569 5499 :ti.
3157 5484 3160 5488 .

2219 5483 2339 5499 auu-
2385 5483 2442 5511 ΙΙ,
2489 5483 2569 5499 ιιι.
3157 5484 3160 5488 “

254 5692 361 5756 (ἐκ
402 5694 621 5746 Scilicet
656 5694 877 5756 diaboli,
905 5692 1168 5759 quomodo
1196 5696 1351 5750 etiam
1384 5695 1630 5759 suspicor
1657 5696 1958 5759 legendum.
2015 5746 2021 5751 .
