3952 6328
615 348 726 414 835

1771 345 2200 410 ANDRONICI
2239 311 2584 412 COMNENI
2991 351 2994 356 '
3703 357 3790 419 sas

613 457 880 514 mortalis.
919 475 940 510 ι
983 455 1404 526 lngemiscentes
1443 433 1537 513 ﬁlii
1577 459 1768 526 Israel,
1797 479 1816 514 ι
1845 461 1896 515 id
1925 469 2026 532 est,
2050 475 2177 516 san-
2200 463 2251 522 Α
2278 466 2552 532 apparavi.
2590 485 2609 519 ι
2640 464 2706 521 Et
2724 465 2842 526 ait:
2894 467 3002 537 Ego
3036 484 3154 525 sum
3187 469 3325 526 Deus
3354 473 3525 542 patris
3547 473 3640 541 tul,
3672 474 3792 531 Deus

613 557 826 601 ctorum
847 560 1054 611 manes,
1082 547 1219 617 apud
1253 547 1455 602 inferos
1479 548 1699 617 captivi,
1723 566 1742 600 t
1767 559 1985 622 propter
2013 565 2173 618 opera

613 634 895 690 vociferati
924 647 1081 700 sunt;
1108 637 1455 705 ascenditque
1484 638 1688 691 clamor
1703 652 1888 692 eorum
1914 641 1980 694 ad
2009 641 2172 694 Deum

617 726 688 779 ab
720 726 976 794 aperibns
1001 728 1069 782 ".
1105 746 1124 780 ι
1155 728 1272 781 Alio
1317 729 1569 784 dicente:
1600 747 1618 780 ι
1656 729 1800 782 Educ
1837 729 1904 784 de
1933 731 2174 784 custodia

617 814 846 866 animam
883 831 1056 868 meam
1096 816 1179 882 ";
1216 834 1236 867 ι
1270 817 1375 870 alio
1408 834 1422 869 :
1470 835 1489 868 ι
1530 817 1687 880 Deus,
1721 818 1944 870 ostende
1985 817 2172 870 faciem

617 913 787 969 tuam,
836 918 889 959 et
936 907 1068 960 salvi
1113 909 1318 961 erimus
1355 904 1437 974 "';
1491 925 1509 958 ι
1545 907 1692 960 alio:
1741 924 1759 958 ι
1790 906 1862 959 De
1900 907 2175 975 profundis

617 981 845 1047 clama'vi
907 996 973 1047 ad
1033 1004 1104 1061 te,
1160 996 1416 1060 Domine,
1456 994 1700 1060 Domine,
1736 997 1926 1050 exaudi
1987 1011 2170 1049 vocem

619 1096 791 1134 meam
821 1081 904 1143 ";
960 1084 1064 1135 alio
1096 1099 1111 1135 :
1164 1099 1182 1132 ι
1231 1082 1386 1135 Fiant
1423 1096 1582 1137 aures
1612 1092 1714 1136 tuae
1757 1083 2093 1146 intendentes
2119 1084 2170 1138 in

615 1179 800 1221 vocem
857 1156 1250 1237 deprecationis
1298 1184 1430 1223 meae
1477 1169 1552 1241 η..
1609 1188 1629 1222 ι
1679 1171 1882 1222 Horum
1933 1172 2170 1223 omnium

611 1259 966 1328 querimonia:
992 1260 1056 1312 ad
1084 1254 1250 1313 Deum
1291 1269 1668 1329 pervenerunt.
1708 1276 1725 1310 r
1759 1259 1836 1311 Ac
1862 1261 2171 1314 recordatus

610 1357 695 1403 est
729 1349 970 1412 hederis,
1006 1352 1146 1418 quod
1185 1352 1385 1420 pepigit
1419 1365 1538 1404 cum
1578 1341 1874 1413 Abraham,
1910 1349 2083 1414 Isaac,
2119 1359 2172 1404 et

608 1435 778 1492 Jacob
809 1440 875 1492 ⁸⁸.
900 1457 919 1490 ι
950 1440 1061 1494 Illic
1094 1456 1214 1497 cum
1242 1441 1570 1505 Abrahamn,
1593 1440 1679 1496 bic
1706 1457 1826 1496 cum
1854 1443 2172 1510 primigenio

610 1528 837 1582 Adamn.
895 1548 916 1582 ι
976 1531 1041 1584 Ει
1092 1531 1327 1598 respexit
1388 1531 1646 1586 Dominus
1704 1531 1844 1586 ﬁlios
1887 1531 2072 1595 Israel,
2117 1539 2172 1586 et

613 1621 863 1691 cognovit
891 1634 984 1674 eos
1014 1621 1094 1685 “;
1139 1639 1157 1672 ι
1205 1621 1256 1673 id
1290 1631 1392 1685 est,
1421 1632 1605 1676 nostra
1646 1631 1895 1687 tanquam
1932 1621 2169 1675 miscella

613 1707 880 1762 induenda
912 1710 1070 1763 homo
1095 1708 1268 1764 factus
1315 1720 1416 1773 est,
1445 1711 1618 1764 simile
1656 1711 1818 1764 simili
1848 1720 2169 1779 expurgatu-

2273 555 2567 619 Abrabam,
2601 556 2738 608 Deus
2773 556 2939 622 Isaac,
2973 569 3025 613 et
3055 559 3194 614 Deus
3231 561 3417 616 Jacob.
3451 581 3470 614 ι
3507 554 3654 629 Quod
3681 566 3789 620 dicit

2273 643 2532 711 ejusmodi
2558 654 2681 702 est:
2722 646 2828 716 Ego
2874 647 3011 702 Deus
3054 652 3343 716 Abraham,
3369 653 3511 709 Deus
3547 655 3705 718 Isaac,
3744 666 3789 712 et

2275 733 2415 786 Deus
2461 732 2648 795 Jacob,
2700 737 2827 788 olim
2878 738 2928 789 in
2981 739 3213 807 Virginis
3270 753 3442 807 utero,
3492 746 3788 813 benignitate

2271 821 2456 875 salerni
2483 823 2582 877 mei
2605 821 2801 888 Patris,
2826 836 2877 879 et
2908 835 2988 880 ter
3015 832 3183 883 sancti
3212 830 3440 898 Spiritus
3459 850 3560 903 ope
3595 836 3786 906 degant.

2279 927 2297 961 ι
2328 911 2622 972 Abscondit
2647 913 2818 970 Moses
2846 917 3032 971 faciem
3060 935 3209 973 suam
3245 939 3258 974 :
3283 937 3384 976 non
3420 925 3560 978 enim
3588 926 3792 981 audebat

2272 1000 2514 1066 aspicere
2536 1009 2722 1056 contra
2754 1007 2916 1058 Deum
2937 1007 3004 1061 ".
3040 1026 3059 1059 ι
3092 1008 3260 1062 Divini
3291 1011 3444 1065 Verbi
3475 1015 3541 1067 ad
3573 1016 3790 1070 homines

2272 1091 2582 1161 degressum
2621 1103 2675 1148 et
2700 1096 3119 1152 incarnationem
3148 1103 3413 1170 stupebat,
3443 1113 3498 1159 et
3523 1108 3793 1161 admiraba-

2275 1187 2381 1232 tur.
2444 1197 2463 1232 t
2501 1179 2598 1235 Cui
2635 1183 2707 1235 ait
2748 1184 3000 1264 Dominus
3039 1187 3202 1243 :Vidi
3251 1180 3587 1266 anlicti'on'em
3630 1197 3792 1264 populi

2271 1266 2373 1318 mei
2416 1267 2466 1320 in
2511 1267 2765 1338 Egypto,
2798 1281 2852 1326 et
2894 1261 3182 1328 clamorem
3231 1277 3344 1345 ejus
3373 1261 3551 1334 audivi
3597 1261 3794 1352 propter

2271 1353 2522 1409 duritiam
2571 1374 2755 1412 eorum
2802 1361 3164 1431 quipmsunt
3195 1368 3445 1434 operibus
3493 1369 3557 1427 “.
3608 1391 3626 1424 ι
3674 1373 3791 1439 Vidi,

2271 1443 2465 1510 inquit,
2499 1459 2718 1501 vexatos
2758 1454 2894 1518 apud
2925 1454 3123 1508 inferos
3171 1465 3482 1513 sanctorum
3517 1477 3710 1527 manes,
3737 1466 3795 1519 ab

2269 1533 2498 1622 infestis,
2533 1553 2630 1592 nec
2667 1541 2953 1608 quidquam
3005 1546 3068 1597 ad
3120 1549 3257 1602 mala
3300 1565 3459 1616 opera
3511 1556 3795 1622 urgentibus

2270 1621 2532 1689 improbis
2581 1628 2913 1683 daemonibus
2957 1631 3112 1700 (quos
3161 1645 3213 1688 et
3243 1639 3420 1703 operis
3449 1621 3717 1697 exactores
3739 1659 3796 1702 eo

2269 1713 2484 1766 nomine
2535 1715 2822 1785 appellat);
2869 1722 3064 1778 etenim
3096 1737 3300 1788 revera,
3342 1742 3462 1780 cum
3505 1742 3536 1781 a
3580 1730 3796 1801 Deo‘per

613 1813 726 1853 rus.
763 1815 782 1848 ι
819 1798 993 1853 Moses
1026 1809 1199 1853 autem
1237 1796 1490 1866 pascebat
1510 1815 1639 1855 oves
1663 1800 1854 1855 Jetbro
1882 1802 2056 1854 soceri
2086 1801 2166 1854 sui
2198 1795 2240 1848 Β
2269 1800 2624 1868 ignorantiam
2659 1805 2889 1870 abimus,
2911 1817 3036 1862 tunc
3065 1810 3117 1863 in
3145 1817 3344 1878 peccati
3377 1816 3489 1870 luto
3518 1795 3794 1885 versam-nr,

611 1889 914 1943 sacerdotis
938 1889 1188 1955 Madian;
1240 1906 1259 1940 ι
1297 1889 1403 1943 illic
1438 1889 1618 1944 Moses
1661 1891 1848 1945 brutus
1879 1893 2053 1945 soceri
2087 1892 2166 1945 sui

611 1976 931 2039 sacerdotis,
991 1978 1078 2032 hic
1126 1978 1396 2042 Christus,
1456 1973 1590 2032 alter
1653 1978 1850 2044 Moses,
1883 1980 2169 2034 rationales

613 2061 804 2117 aeterni
856 2063 1034 2119 Patris
1085 2080 1213 2120 oves
1245 2068 1516 2134 pascebat.
1563 2085 1582 2118 ι
1629 2066 1871 2135 Cumque
1916 2070 2170 2123 minasset

612 2167 826 2222 gregem
858 2154 923 2208 ad
953 2155 1205 2209 interiora
1235 2157 1450 2222 deserti,
1491 2156 1641 2210 venit
1682 2158 1750 2211 ad
1799 2167 2030 2212 montem
2077 2157 2168 2212 Dei

615 2242 794 2299 lIoreb
818 2246 899 2311 ";
931 2264 951 2296 ι
978 2260 1098 2300 nam
1125 2246 1401 2301 rationalis
1439 2248 1650 2315 pecoris
1681 2258 1873 2322 pastor
1897 2264 1960 2304 ac
1998 2250 2168 2313 Deus,

610 2351 675 2389 ex
706 2335 998 2403 impietatis
1019 2337 1311 2392 solitudine
1349 2351 1477 2391 oves
1503 2339 1782 2402 abductas,
1816 2338 1881 2392 ad
1912 2349 2169 2400 montem,

609 2433 696 2492 qu‘
735 2433 816 2477 est
854 2415 944 2477 Dei
1000 2425 1210 2490 netitia,
1241 2434 1295 2478 et
1337 2424 1404 2480 ad
1449 2426 1735 2480 caelestem.
1762 2440 1826 2498 ac
1858 2437 2168 2496 perpetuam

616 2514 1042 2584 Hic'osolymam
1071 2515 1349 2584 compulit.
1387 2534 1407 2568 ι
1447 2503 1813 2586 Apparuitque
1857 2517 1907 2570 ei
1955 2517 2170 2586 angelus

617 2602 827 2658 Domini
859 2605 910 2657 in
939 2603 1151 2658 ﬂamma
1199 2606 1338 2674 ignis
1381 2607 1447 2661 de
1478 2607 1651 2661 medio
1677 2607 1795 2661 rubi
1828 2624 1843 2660 :
1879 2617 1932 2659 et
1959 2608 2173 2661 videbat

610 2692 752 2762 quod
799 2695 961 2749 rubus
995 2696 1230 2760 arderet,
1277 2703 1347 2767 et,
1379 2711 1483 2749 non
1531 2698 1943 2750 combureretur
1967 2697 2045 2762 υς
2073 2697 2173 2751 hoc

611 2781 897 2838 indivisam
950 2797 1111 2852 atque
1177 2787 1608 2855 impermutatam
1647 2786 1802 2840 Verbi
1842 2788 2006 2841 divini
2049 2803 2170 2840 cum

611 2873 843 2926 humana
890 2884 1081 2928 natura
1133 2876 1389 2930 unionem
1431 2889 1501 2930 ex
1546 2877 1812 2931 charitate
1863 2887 2168 2946 susceptam

579 2963 878 3031 "designat.
901 2961 1038 3016 Nam
1072 2964 1217 3018 velut
1244 2971 1434 3021 rubum
1463 2966 1602 3033 ignis
1637 2966 1912 3034 amplexus
1943 2976 2055 3031 est;
2098 2968 2171 3019 ita

609 3065 664 3108 et
695 3053 832 3108 Deus
858 3051 1091 3107 Verbum
1126 3055 1380 3124 subiecta:
1407 3057 1504 3111 sub
1539 3065 1818 3127 peccatum
1844 3057 2044 3149 Adami‘
2077 3055 2170 3111 de-
2195 3090 2240 3149 ο

609 3143 737 3198 licto
780 3153 982 3198 naturae
1024 3145 1335 3199 societatem
1386 3146 1526 3210 iniit,
1557 3159 1751 3213 expers
1797 3146 2028 3214 peccati,
2063 3160 2168 3215 quo

609 3248 710 3287 nos
772 3247 987 3302 quoque
1047 3244 1272 3304 peccato
1337 3234 1572 3290 invictos
1631 3245 1974 3305 compararet
2033 3236 2169 3291 alter

609 3323 873 3389 Adamus,
901 3333 954 3376 et
1001 3324 1353 3378 recreationis
1381 3320 1879 3394 nostraa‘princeps,
1920 3339 2070 3395 aque
2105 3339 2169 3379 ac

612 3411 764 3482 prior
805 3414 1117 3467 creationis.
1153 3429 1174 3464 ι
1218 3412 1359 3466 Dixit
1395 3427 1526 3481 ergo
1577 3413 1753 3468 Moses
1801 3430 1816 3467 :
1863 3400 2065 3468 Vadam
2116 3422 2172 3468 et

610 3502 812 3557 videbo
839 3504 1100 3556 visionem
1133 3503 1274 3558 hanc
1303 3519 1573 3573 magnam,
1609 3519 1778 3573 quare
1805 3518 1909 3558 non
1947 3506 2170 3561 combu-

609 3603 764 3664 ratur
807 3591 971 3646 rubus
1018 3591 1084 3665 “,
1133 3610 1153 3644 ο
1207 3591 1374 3656 Recte
1411 3593 1687 3662 obstupuit
1732 3593 1925 3659 Moses,
1965 3596 2057 3664 qui
2117 3597 2167 3650 id

611 3691 819 3736 tantum
846 3691 1113 3736 ostentum
1146 3697 1266 3738 esse
1291 3682 1514 3754 ﬁguram
1554 3684 1798 3739 eventnri
1826 3687 2007 3739 arcani
2046 3700 2169 3754 pro-

610 3774 862 3843 spiceret,
908 3773 1110 3842 liquido
1160 3773 1572 3839 demonstrans,
1613 3775 1846 3829 divinam
1881 3773 2036 3828 Verbi
2076 3790 2169 3828 na-

611 3874 784 3917 turam
825 3877 946 3918 cum
993 3865 1341 3920 humanitatis
1389 3864 1578 3929 modo,
1630 3865 1676 3919 si
1726 3866 1943 3935 quidem
1987 3866 2165 3933 vellet,

609 3953 962 4022 copulandam
999 3971 1014 4009 :
1047 3970 1172 4010 nam
1209 3956 1257 4010 ei
1295 3957 1512 4026 quidem
1557 3968 1751 4013 cuncta
1811 3956 2041 4013 faciendi
2086 3967 2170 4013 est

610 4044 872 4110 potentia,

2268 1889 2719 1960 exactoribusque
2753 1895 2969 1949 obnoxii
3005 1913 3208 1954 sumus.
3239 1904 3307 1954 At
3360 1902 3453 1956 Dei
3483 1907 3717 1960 notitiam
3745 1908 3796 1960 li-

2270 1975 2492 2030 bertatis
2526 1978 2693 2046 gratia
2733 1983 3100 2048 consequitur.
3155 2004 3174 2036 «
3216 1987 3279 2040 Ει
3315 1989 3564 2045 descendi
3602 2005 3655 2046 ut
3678 1993 3799 2048 Iibe-

2271 2081 2382 2119 rem
2409 2081 2530 2122 eum
2561 2070 2626 2124 de
2658 2074 2902 2129 manibus
2929 2074 3316 2147 Egyptiorum.
3355 2099 3375 2132 ι
3409 2081 3666 2142 Conscius
3690 2076 3797 2141 vani

2271 2156 2543 2211 hominum
2577 2162 2739 2214 studii
2780 2177 2903 2230 erga
2955 2165 3227 2222 immolata
3273 2170 3448 2238 idolis,
3481 2161 3740 2237 descendi
3772 2192 3798 2229 a

2271 2245 2433 2302 Patre
2465 2265 2804 2318 nequaquam
2839 2266 3137 2322 separatus,
3172 2260 3236 2311 ad
3267 2261 3596 2330 eripiendum
3622 2265 3801 2319 daemo-

2273 2338 2429 2391 nibus
2451 2340 2634 2393 orbem
2657 2349 2946 2396 terrarum.
2985 2362 3006 2398 r
3040 2333 3102 2399 Et
3127 2351 3349 2403 educant
3380 2351 3446 2405 de
3476 2363 3616 2412 terra
3646 2355 3747 2418 illa;
3778 2373 3796 2406 ι

2270 2431 2619 2484 contumacia:
2642 2443 2694 2484 et
2721 2435 3080 2501 mortalitatis,
3103 2457 3120 2488 α
3143 2439 3194 2492 in
3216 2421 3410 2495 terram
3441 2444 3650 2507 bonam,
3671 2434 3690 2495 ἰ
3708 2447 3802 2501 sci-

2271 2516 2396 2570 licet
2423 2513 2859 2590 lmmortaiitatis,
2888 2536 2938 2579 et
2976 2526 3064 2580 Dei
3096 2531 3316 2596 notitia).
3349 2551 3368 2585 ι
3398 2550 3516 2602 qua:
3536 2535 3648 2590 linit
3674 2537 3801 2592 laete

2271 2617 2324 2661 et
2350 2608 2506 2663 melle
2531 2609 2597 2664 ".
2638 2628 2657 2661 ι
2692 2610 2766 2665 Ex
2800 2628 2860 2666 ea
2893 2622 3032 2669 terra
3065 2618 3144 2672 Iac
3175 2629 3228 2673 et
3252 2621 3391 2676 mel:
3433 2639 3496 2677 ex
3545 2625 3802 2682 Dominicn

2271 2711 2492 2765 corpore
2519 2714 2657 2769 aqua
2683 2712 2736 2755 et
2759 2706 2971 2774 sanguis
2997 2709 3316 2767 scaturiunt.
3356 2713 3410 2766 Id
3436 2715 3581 2769 enim
3609 2727 3658 2770 et
3679 2719 3803 2784 ignis

2272 2801 2393 2838 cum
2423 2789 2558 2842 rubo
2596 2793 2782 2860 copula
2818 2795 3092 2863 designat;
3125 2814 3220 2866 per
3245 2801 3490 2856 ardorem
3521 2807 3727 2873 patibile
3757 2793 3807 2862 et

2274 2877 2495 2931 mortale
2525 2895 2741 2950 corpus,
2798 2898 2893 2952 per
2912 2887 3340 2964 incolumitatem
3369 2909 3430 2947 ex
3457 2886 3663 2966 ardore,
3695 2897 3808 2952 Dei-

2272 2973 2457 3033 tatem,
2494 2983 2612 3037 qua:
2650 2971 2863 3036 invicta,
2907 2961 2970 3029 iis
2986 2976 3120 3030 haud
3146 2978 3352 3049 longum
3386 2964 3805 3047 vinr-endaesset.

2347 3074 2364 3107 ε
2407 3057 2623 3113 Clamor
2654 3076 2780 3128 ergo
2827 3064 3054 3118 filiorum
3095 3066 3253 3122 Israel
3297 3073 3438 3126 venit
3473 3074 3539 3128 ad
3573 3086 3651 3129 me
3681 3077 3745 3129 ".
3783 3096 3800 3128 ι

2271 3144 2381 3201 Illic
2405 3161 2622 3216 accepta
2651 3151 3010 3207 Israelitarum
3044 3157 3440 3227 imploratione,
3471 3164 3558 3217 hic
3583 3167 3804 3218 omnium

2269 3256 2332 3295 ex
2365 3242 2570 3296 Adamn
2599 3253 2874 3307 natorum,
2904 3233 3288 3320 perspectaque
3315 3253 3584 3320 violentia,
3621 3273 3717 3326 qua
3747 3262 3806 3314 ab

2267 3331 2534 3402 .‘Egyptiis
2590 3347 2879 3401 urgentur;
2932 3353 3032 3392 non
3090 3342 3263 3398 solum
3319 3357 3458 3412 post,
3517 3351 3611 3403 sed
3656 3335 3806 3404 etiam

2269 3433 2396 3477 ante
2435 3423 2871 3490 implorationem
2925 3429 3157 3496 (animos
3188 3433 3328 3486 enim
3359 3443 3594 3503 scrutor)
3623 3439 3809 3492 damno-

2268 3527 2392 3565 num
2423 3513 2730 3568 violentiam
2767 3515 2909 3571 novi.
2946 3535 2964 3568 t
3007 3519 3109 3574 Sed
3153 3522 3298 3586 veni,
3342 3532 3398 3578 et
3429 3526 3634 3582 mittam
3670 3539 3719 3584 te
3749 3530 3807 3582 ad

2267 3598 2622 3656 Pharaonem.
2669 3619 2689 3653 ›
2730 3604 2842 3657 Hoc
2888 3603 3064 3661 Patris
3106 3598 3491 3679 benignitatem
3539 3627 3807 3671 monstrat.

2273 3709 2291 3742 ι
2326 3690 2394 3745 Ut
2416 3692 2890 3767 educas'pqpulum
2925 3710 3124 3760 meum,
3149 3699 3312 3754 'lilios
3339 3698 3503 3755 Israel
3544 3703 3611 3758 ἰ.
3653 3723 3677 3758 ι
3709 3704 3812 3759 Illic

2267 3780 2578 3848 Israelitas;
2628 3785 2723 3839 'bic
2759 3775 2982 3840 omnem
3034 3788 3306 3845 hominum
3354 3802 3555 3880 etenim
3585 3811 3652 3850 ex
3694 3796 3809 3859 Orci

2252 3871 2514 3925 vinculis.
2576 3870 2705 3925 Nam
2753 3873 2923 3930 Orcus
2974 3876 3195 3935 insonte
3245 3891 3308 3936 ac
3351 3870 3563 3938 vivi'tico
3599 3894 3813 3954 corpore

2267 3973 2498 4033 gustato,
2523 3965 2681 4020 etiam
2710 3981 2845 4035 quos
2863 3966 3007 4037 juste
3046 3973 3288 4040 captivos
3321 3973 3570 4041 habebat,
3596 3977 3808 4032 dimisit.

2272 4069 2291 4103 r
2351 4054 2595 4124 Dixitque
2650 4055 2826 4111 Moses
2883 4059 2947 4111 ad
3001 4059 3219 4115 Deum:
3259 4063 3388 4127 Quis
3422 4080 3543 4120 sum
3588 4083 3707 4133 ego,
3759 4061 3839 4121 αι’.

685 4149 704 4187 t
736 4137 979 4192 Cernens
1001 4145 1177 4190 autem
1209 4134 1488 4203 Demittus,
1525 4136 1664 4206 quod
1705 4129 1954 4207 pergeret
1994 4139 2058 4192 ad
2091 4141 2170 4192 vl-
2263 4145 2455 4197 vadam
2493 4147 2558 4198 ad
2605 4146 2955 4213 Pharaonem,
3009 4159 3064 4204 et
3096 4153 3323 4208 educaui
3373 4155 3515 4212 lilios
3555 4129 3713 4214 Israel
3753 4160 3811 4212 de

610 4226 870 4292 dendnm,
899 4227 1110 4281 vocavit
1141 4241 1262 4280 eum
1289 4227 1356 4303 de
1387 4227 1560 4283 medio
1588 4228 1734 4293 rubi,
1762 4230 1932 4284 etalt.
1997 4248 2017 4281 ι
2057 4229 2168 4285 Illic
2259 4233 2496 4304 ’IE‘gypto
2547 4235 2631 4288 "1’
2694 4251 2713 4285 ι
2748 4235 2857 4308 Iioc
2909 4239 3050 4293 velut
3103 4256 3169 4294 ex
3213 4257 3436 4310 persona
3483 4249 3720 4315 corporis
3753 4247 3811 4299 ad

613 4319 872 4372 Dominus
896 4317 1069 4386 angeli
1098 4319 1276 4388 specie
1311 4320 1460 4374 visus
1506 4317 1687 4374 Mosen
1716 4320 2052 4388 inclamavit;
2081 4321 2168 4374 hic
2268 4327 2605 4380 divinitatem
2652 4343 2770 4381 cum
2825 4336 2887 4383 eo
2928 4331 3226 4399 copulatam
3272 4331 3528 4402 prapbeta
3562 4337 3717 4391 dixit.
3753 4335 3811 4390 Et

607 4406 855 4462 Gabriele
885 4407 1159 4478 Virginem
1201 4411 1454 4474 allocuta,
1496 4410 1548 4464 in
1582 4424 1699 4464 eam
1731 4413 1869 4466 Deus
1903 4414 2171 4480 immigra-
2199 4420 2245 4476 ι)
2275 4417 2400 4471 ille:
2433 4436 2453 4470 ι
2484 4419 2550 4471 At
2577 4412 2875 4487 tecumego
2910 4420 3256 4486 descendam,
3292 4435 3612 4492 rursumque
3637 4440 3813 4480 ascen-

610 4498 708 4550 vit.
747 4514 766 4548 r
804 4497 1001 4565 Iioscs,
1038 4499 1209 4553 Iloses
1247 4501 1325 4567 ";
1351 4519 1370 4551 υ
1414 4516 1604 4555 nomen
1646 4503 1954 4569 ingeminat,
1993 4513 2048 4557 ut
2083 4513 2164 4558 at-

615 4589 832 4654 tentius,
864 4605 985 4657 qua:
1029 4591 1358 4656 dicerentur,
1406 4585 1636 4646 audiret.
1666 4592 1802 4657 Quid
1845 4595 1960 4648 est?
1995 4595 2163 4663 inquit

608 4678 713 4732 ille.
757 4695 792 4734 ι.
828 4680 902 4732 Μ
946 4681 1248 4749 appmpies,
1295 4682 1468 4748 inquit
1511 4682 1786 4746 Do'minus,
1824 4682 1971 4735 huc:
2015 4682 2162 4737 solm

609 4767 1030 4820 calceamentum
1063 4769 1126 4821 de
1153 4769 1377 4836 pedibus
1403 4768 1525 4823 tuis.
1565 4787 1584 4820 ι
1617 4767 1784 4824 Nemo
1821 4770 2044 4838 impuris
2071 4783 2163 4840 pe-

606 4858 762 4910 dibus
791 4859 856 4910 ad
896 4860 1284 4912 decurrendum
1312 4862 1458 4927 pacis
1482 4859 1820 4931 Evangelium
1848 4864 2159 4926 contendat,

609 4957 700 5001 aut
728 4949 925 5002 calceis
953 4949 1187 5015 indutus,
1214 4952 1598 5020 exsanguibus,
1626 4954 1864 5021 inquam,
1897 4953 2121 5022 pellibus
2146 4969 2161 5018 ;

609 5053 704 5106 per
729 5053 866 5106 quas
900 5040 1199 5107 concitatae,
1235 5052 1394 5108 atque
1422 5043 1648 5108 vitiose,
1685 5054 1736 5098 et
1760 5044 1935 5108 (tedae,
1971 5045 2161 5098 mortis

605 5139 894 5194 auetores,-
927 5132 1281 5202 cogitationes
1314 5144 1591 5202 notantur,
1634 5135 1867 5204 Virginis
1905 5150 2160 5189 arcanum

494 5242 500 5249 -
533 5212 537 5215 ’
606 5218 910 5288 investiget.
957 5239 975 5273 t
1021 5221 1194 5277 Locus
1224 5226 1368 5278 enim
1413 5226 1463 5279 in
1492 5241 1600 5294 quo
1629 5239 1763 5293 stas,
1785 5235 1941 5279 terra
1973 5233 2161 5279 sancta

602 5322 688 5364 εει
715 5311 778 5365 ⁸⁸.
821 5331 840 5364 ι
876 5312 1005 5367 Nam
1039 5326 1416 5384 prasacratum
1451 5333 1627 5373 meum
1668 5320 1868 5389 regium
1910 5319 2161 5386 palatiqu

670 5474 724 5545 "_
751 5470 925 5545 Exod.
967 5489 1027 5538 tt,
1062 5475 1152 5530 23.
1216 5478 1262 5508 “
1295 5477 1434 5535 Psal.
1470 5495 1610 5545 chI,
1651 5481 1704 5535 8.

1790 5481 1832 5512 "
1875 5481 2012 5538 I‘sal.
2051 5496 2233 5545 Lxxtx,
2272 5481 2326 5534 4.
2389 5480 2434 5512 ⁸⁸
2476 5480 2614 5534 Psal.
2658 5497 2786 5547 Vill,
2827 5482 2915 5538 20.
2973 5485 3054 5540 μ’
3095 5483 3234 5537 Psal.
3274 5497 3396 5541 cxx,
3440 5481 3492 5534 1.

2268 4508 2386 4562 dam
2411 4508 2479 4561 ".
2525 4525 2542 4558 ι
2574 4509 2684 4561 Hoc
2703 4509 2934 4563 vicissim
2963 4512 3160 4566 dictum
3189 4528 3215 4566 a
3250 4513 3356 4569 Deo
3385 4515 3451 4569 ad
3481 4531 3678 4586 corpus
3697 4531 3807 4571 cum

2265 4599 2545 4654 divinitate
2592 4600 2894 4666 copulatum
2956 4604 3201 4672 accipite.
3232 4601 3363 4657 Nam
3408 4612 3461 4657 et
3495 4604 3561 4658 ad
3623 4605 3809 4660 inferos

2266 4688 2424 4744 Dens
2456 4705 2576 4744 cum
2625 4687 2801 4742 anima
2836 4691 3129 4756 descendit,
3169 4703 3221 4747 et
3259 4695 3398 4762 quod
3442 4694 3581 4748 Deus
3617 4710 3812 4750 assum-

2265 4791 2468 4851 pserat,
2515 4796 2636 4835 cum
2669 4796 2732 4834 eo
2767 4797 2867 4835 non
2917 4783 3087 4837 solum
3115 4798 3181 4838 ex
3221 4783 3357 4839 Orco
3389 4786 3439 4838 in
3470 4795 3688 4858 terram,
3725 4786 3808 4841 sed

2268 4878 2336 4925 ex
2380 4882 2520 4926 terra
2571 4887 2782 4940 quoque
2842 4875 2891 4927 in
2947 4875 3162 4938 coelum,
3207 4876 3457 4929 omnibus
3505 4876 3807 4932 caelestibus

2269 4963 2436 5030 copiis
2469 4962 2721 5030 stipatum
2749 4964 3009 5017 ascendit.
3037 4966 3115 5016 Ac
3141 4980 3208 5018 ne
3236 4965 3612 5032 disputationis
3636 4968 3806 5023 suavi-

2270 5061 2430 5106 tatem
2459 5055 2744 5107 verborum
2785 5045 3098 5108 assiduitate
3132 5052 3391 5121 ingratam
3429 5068 3805 5123 comparemus.

2269 5159 2384 5213 age,
2421 5145 2698 5198 historiam
2726 5156 2935 5197 omnem
2957 5143 3123 5198 Mosis
3142 5144 3474 5213 compendio,
3495 5154 3548 5200 et
3573 5155 3806 5216 tanquam

2267 5235 2434 5302 digito
2466 5243 2732 5288 notemus.

2343 5324 2510 5391 Igitur
2557 5324 2731 5379 Moses
2777 5325 2830 5378 in
2863 5321 3151 5396 Egyptum
3193 5323 3480 5392 degressus
3511 5333 3624 5389 est;
3653 5320 3807 5380 dulcis

3571 5481 3616 5513 “
3655 5478 3804 5534 Exod.

603 5555 664 5627 LI,
699 5542 788 5627 2‘4;
953 5547 1079 5627 ibid.
1111 5547 1412 5627 “"Hljlxoti.
1455 5565 1534 5627 ut,
1673 5551 2041 5627 _“_ibid._“2.__
2068 5552 2129 5627 ff

2269 5553 2296 5603 ι.
2341 5552 2391 5627 gr.
2431 5550 2678 5627 __"'_ibid.
2719 5542 2781 5604 ιζ
2846 5553 3056 5621 “ibid.
3100 5552 3153 5606 5.
3221 5552 3262 5583 ον
3304 5551 3430 5604 una.
3473 5550 3526 5604 6.
3605 5553 3652 5627 ξ·
3692 5548 3802 5605 ibid.

603 5611 657 5664 Ἰ.
732 5613 776 5642 ’⁸
805 5613 940 5678 ibid.
983 5613 1036 5668 8.
1111 5615 1153 5646 '°
1196 5616 1325 5673 ibid.
1365 5619 1417 5672 9.
1492 5611 1536 5651 ’ί
1577 5621 1706 5676 ibid.
1750 5620 1834 5676 10.
1910 5620 1956 5653 ⁷³
2009 5620 2136 5676 ibid.
2183 5621 2270 5674 11.

2346 5621 2390 5651 ⁷³
2431 5619 2558 5674 ibid.
2601 5619 2687 5674 i2.
