3952 6328
97 335 196 398 83³1

1186 341 1566 406 DIALOGUS
1599 295 1900 403 comm
1943 345 2272 408 morsus.

3204 359 3306 425 838

98 449 248 504 Iesus
286 449 349 504 ad
402 451 624 508 inferos.
683 451 774 508 llle
827 453 881 510 in
916 453 1251 510 Pharaonem
1309 454 2088 525 insurrexit;Aeogittitioues
2145 465 2428 529 inhaerent,
2484 469 2535 522 in
2588 471 2650 524 iis
2687 452 2849 525 etiam
2899 467 3088 528 earum
3121 475 3307 543 timor

97 540 326 593 divinum
383 539 689 597 Servatoris
746 545 846 597 mei
903 560 1097 612 corpus
1151 545 1351 601 inferos
1402 547 1647 616 diripuit.

95 630 352 684 (la-terum
389 633 551 700 quod.
594 634 768 688 Moses
821 650 944 688 cum
992 639 1204 692 Aarone
1247 653 1351 692 suo
1382 637 1546 694 fratre
1581 639 1647 693 ad

97 721 422 774 Pharaonem
467 725 619 784 abiit,
659 713 1028 779 ltmreticortim
1071 728 1396 794 impietatem
1433 731 1646 794 evertit,

97 810 466 865 atlirmantiun.
515 813 652 880 (22),
699 817 750 867 in
793 804 987 868 Christi
1032 819 1135 871 mei
1171 832 1418 885 corpore,
1458 821 1651 873 anima:

97 898 262 951 vicem
291 899 532 954 sutlicere
570 902 900 958 divinitatem
929 922 942 970 ;
977 917 1136 973 atque
1171 907 1239 960 ita
1283 907 1419 961 male
1449 910 1649 963 docen-

100 985 250 1046 tium,
281 1002 380 1038 non
424 988 589 1042 fuisse
629 991 921 1057 perfectum
961 993 1256 1049 hominem.
1288 997 1416 1049 Nam
1453 1008 1512 1052 ut
1543 1000 1651 1053 illic

96 1090 187 1142 per
222 1074 391 1127 Mosen
442 1086 495 1130 et
525 1079 788 1134 Aaronem
827 1098 945 1135 cum
994 1083 1276 1140 Pharaone
1311 1088 1523 1144 locutus
1570 1100 1652 1144 est

97 1161 259 1228 Deus;
291 1168 360 1217 ita
385 1174 440 1220 et
485 1166 742 1223 Servator
781 1186 930 1226 meus
975 1183 1132 1239 atque
1167 1174 1324 1240 Deus,
1353 1179 1530 1232 anima
1567 1181 1652 1231 in—

97 1252 373 1321 telligente,
426 1257 570 1309 velut
613 1270 912 1325 sequestra,
961 1262 1100 1314 inter
1151 1263 1402 1318 deitatem
1447 1277 1497 1320 et
1532 1281 1652 1320 cor-

98 1344 240 1407 poris
290 1342 594 1398 crassitiem
640 1347 978 1414 interposita,
1029 1350 1122 1403 Dei
1161 1359 1217 1404 et
1257 1353 1528 1407 hominum
1570 1370 1652 1408 se-

99 1442 302 1497 quester
336 1431 512 1488 factus
557 1446 657 1494 est.
707 1438 817 1490 illic
861 1438 1034 1492 Moses
1068 1450 1124 1495 et
1167 1443 1345 1513 Aaron
1387 1444 1650 1500 Pharaoni

100 1535 217 1575 sese
258 1536 283 1574 a
329 1523 554 1578 Domino
590 1525 930 1581 Hebraeorum
983 1530 1088 1584 Deo
1143 1533 1339 1586 missos
1385 1536 1646 1599 dicentes,

101 1610 224 1664 illud
247 1612 308 1662 ab
327 1626 391 1662 co
424 1617 647 1667 audiunt
681 1631 692 1667 :
725 1635 743 1666 ι
776 1618 908 1682 Quis
931 1630 1014 1671 est
1041 1619 1316 1685 Dominus,
1352 1633 1406 1674 ut
1439 1627 1650 1677 audiam

100 1714 251 1754 voces
272 1701 383 1766 ejus
411 1704 492 1756 "‘2
527 1723 544 1754 ι
581 1705 767 1760 Itidem
800 1717 853 1760 et
878 1708 930 1761 in
963 1707 1122 1771 Orco,
1156 1713 1456 1768 coelestibus
1485 1717 1650 1783 ecpiis

101 1787 446 1847 clamantibus
476 1810 492 1845 ι
531 1811 548 1844 ‹
605 1795 842 1850 Attollite
865 1807 1067 1864 portas,
1103 1802 1391 1870 principes,
1427 1815 1649 1870 vestras,

100 1887 148 1931 et
182 1879 480 1947 clevainiui,
514 1895 680 1951 porta:
708 1888 1012 1951 :eternales,
1040 1901 1093 1943 et
1125 1892 1361 1946 introibit
1390 1895 1500 1950 [lex
1540 1898 1652 1966 glo-

101 1968 226 2030 riae;
270 1988 288 2021 ι
342 1973 698 2039 intelligihilis
733 1976 937 2031 Pharao
975 1984 1300 2046 respondet:
1339 2002 1355 2035 ι
1393 1985 1524 2050 Quis
1572 1996 1654 2042 est

102 2055 196 2114 istc
217 2075 306 2115 rex
331 2063 514 2132 gloriae
539 2067 622 2120 ⁷⁸2
649 2085 667 2118 ι
701 2070 872 2137 Atque
898 2071 981 2124 hic
1007 2073 1080 2141 (in
1103 2072 1313 2129 Christo
1341 2087 1393 2130 et
1419 2080 1653 2153 diabolo)

100 2152 342 2221 quiddam
384 2157 636 2223 amplius,
670 2173 830 2228 quam
870 2163 920 2214 in
972 2163 1120 2217 Mose
1160 2176 1321 2235 atque
1371 2167 1652 2225 Pharaone

103 2245 435 2313 cogitandum
479 2257 583 2303 est.
636 2248 748 2306 lllic
799 2256 942 2309 enim
991 2257 1163 2312 Moses
1216 2262 1380 2314 semel
1429 2268 1651 2330 patratis

103 2331 279 2387 decem
334 2338 654 2404 miraculis,
714 2344 878 2396 semel
941 2347 1247 2401 sensitiilem
1318 2348 1649 2406 Pharaonem

105 2425 252 2492 aquis
311 2429 530 2496 obruit;
565 2441 619 2484 at
661 2448 810 2487 meus
854 2435 1110 2488 Servator
1158 2449 1318 2507 atque
1356 2430 1504 2496 Deus
1544 2460 1648 2497 non

105 2518 208 2587 ipse
258 2519 432 2575 solum
487 2525 552 2576 de
601 2525 925 2592 intelligibili
986 2527 1264 2584 Pharaone
1321 2533 1648 2604 triumphum

105 2610 240 2677 egit;
275 2613 364 2665 sed
396 2613 560 2668 etiam
594 2615 647 2668 in
681 2631 737 2670 se
778 2618 1121 2672 credentibus
1147 2631 1334 2675 contra
1368 2638 1486 2678 eum
1519 2639 1650 2694 quo-

107 2700 225 2755 tidie
269 2704 410 2759 vires
456 2704 701 2773 largitur,
740 2707 790 2761 id
837 2712 976 2777 quod
1025 2715 1316 2767 notandum
1369 2715 1651 2784 diligenter

105 2799 198 2845 est.
231 2790 360 2847 Nam
393 2803 453 2848 ut
495 2796 602 2848 illic
648 2797 792 2852 Mose
823 2809 876 2852 et
904 2802 1115 2855 Aarone
1145 2801 1406 2858 Pharaoni
1442 2807 1648 2860 instan-

107 2881 254 2947 tibus,
303 2885 597 2940 dimitteret
635 2889 887 2956 populum
941 2892 1103 2946 tridui
1150 2893 1270 2957 iter,
1319 2894 1540 2950 colendo
1579 2897 1650 2951 ab

107 2970 165 3022 iis
199 2972 439 3040 Domino,
466 2992 650 3030 eorum
685 2978 826 3046 Deo;
880 2981 968 3034 ille
1001 2997 1176 3050 neque
1217 2999 1310 3039 eos
1347 2986 1564 3052 dimisit,
1596 2997 1649 3041 et

1714 1046 1715 1049 η
1752 999 1936 1052 eodem
1963 995 1966 998 ’
1995 1001 2314 1067 Deiparente
2361 1022 2375 1057 :

1751 563 2046 617 permanet,
2083 569 2299 608 auctore
2332 557 2527 613 Davide
2565 577 2577 612 :
2625 579 2644 611 ι
2701 562 3048 628 Putruerunt,
3097 575 3149 617 et
3190 583 3308 620 cor-

1752 649 1920 706 rupta:
1976 651 2100 695 sunt
2159 644 2441 700 cicatrices
2489 663 2641 714 mem,
2704 667 2731 703 a
2796 653 2934 707 faeie
2985 655 3305 724 insipientia:

1751 741 1882 781 mea:
1925 728 1992 785 ".
2051 750 2069 784 ι
2107 732 2201 787 Sin
2250 737 2314 788 ad
2362 738 2594 793 divinam
2648 743 2872 808 gratiam
2921 761 3070 798 mens
3121 751 3306 801 eadem

1750 832 1944 885 pravas
1967 823 2324 890 cegitationes
2356 827 2421 878 ah
2449 844 2503 879 se
2526 831 2768 895 repellat,
2805 833 2870 884 ad
2917 835 3304 909 intelligibilem

1759 906 2091 964 Pharaonem
2132 911 2290 965 [mter
2338 916 2557 981 pestifer
2600 919 2878 984 redundat,
2917 906 3065 975 teste
3097 941 3308 977 rursum

2438 1024 2455 1055 ι
2503 1005 2554 1055 1η
2610 1008 2869 1061 matutino
2926 1011 3307 1066 interﬁciebatn

1751 1104 1937 1143 omnes
1969 1105 2279 1160 peccatores
2312 1105 2466 1148 terra:
2502 1096 2568 1149 ⁸ο.
2615 1116 2632 1147 i
2676 1096 2775 1151 Ubi
2810 1101 3121 1154 matutinum
3157 1103 3312 1167 diem

1753 1182 1882 1234 solis
1912 1183 2268 1250 splendorem,
2301 1189 2387 1254 qui
2423 1199 2653 1242 mentem
2697 1191 2959 1256 illustret;
3003 1205 3312 1260 peccatores

1755 1283 1930 1324 autem
1982 1282 2159 1334 terrae,
2208 1275 2500 1337 dmmones,
2551 1293 2843 1348 eorumque
2899 1283 3308 1350 antesignanum

1755 1361 2113 1414 Pharaonem.
2165 1362 2270 1416 Sed
2321 1368 2582 1424 mendacii
2631 1379 2806 1423 satore
2855 1373 3022 1439 magis
3053 1374 3212 1426 etiam
3243 1376 3308 1426 ad

1755 1450 1894 1502 hanc
1941 1450 2142 1503 cladem
2194 1451 2427 1518 irritato,
2465 1455 2810 1511 Christianus
2854 1459 2906 1511 in
2938 1475 3060 1512 eum
3095 1463 3318 1515 tertium

1754 1537 1970 1590 adhibet
2019 1548 2381 1607 tormentum;
2433 1560 2552 1597 nam
2603 1555 2656 1597 ut
2699 1546 2817 1600 illic'
2849 1563 2877 1599 a
2922 1547 3312 1614 MoSevapulat

1752 1631 2031 1698 pediculis,
2070 1631 2138 1685 ita
2174 1633 2258 1686 hic
2312 1648 2338 1685 a
2398 1634 2482 1699 pio
2513 1635 2723 1703 vapulat
2763 1639 3010 1706 precibus
3057 1642 3312 1696 scelestus
3377 1643 3382 1648 ’

1755 1721 1844 1775 ille
1871 1729 1924 1775 et
1966 1723 2331 1776 exsecrandus
2364 1722 2593 1788 Pharao,
2629 1737 2680 1779 et
2709 1729 3154 1795 quemadmodum
3206 1732 3312 1785 illic

1757 1823 1900 1867 terra
1928 1823 1983 1866 et
2003 1826 2095 1866 aer
2119 1814 2378 1881 pediculis
2404 1816 2622 1884 referta,
2655 1834 2901 1885 magnam
2925 1818 3135 1890 Egypti
3164 1824 3313 1875 duci-

1753 1902 1850 1958 bus
1897 1904 2107 1959 cladem
2151 1904 2442 1958 attulerunt
2481 1907 2558 1974 ⁸¹;
2607 1909 2676 1961 ita
2713 1925 2830 1962 cum
2879 1912 3053 1964 omnia
3102 1913 3310 1979 piOrum

1755 1997 2028 2050 hominum
2062 1997 2309 2063 precibus
2346 1997 2636 2065 replentur,
2665 2002 2730 2052 ab
2777 2000 2857 2067 his
2904 2009 2982 2053 ter
3022 2002 3314 2055 sceleratus

1755 2087 1843 2140 ille
1880 2102 2000 2141 cum
2048 2087 2341 2140 inferorum
2395 2087 2658 2152 ducibus,
2722 2089 2931 2142 medius
2977 2092 3212 2160 cingitur
3262 2103 3310 2147 et

1755 2185 2053 2243 torquetur.
2107 2173 2376 2243 Siquidem
2434 2190 2553 2229 cum
2606 2177 2712 2230 sint
2765 2178 2843 2230 hae
2897 2193 3078 2247 preces
3123 2182 3309 2251 agiles,

1752 2266 2071 2335 quibusdam
2108 2265 2258 2334 quasi
2290 2265 2388 2319 alis
2409 2266 2588 2320 omnia
2623 2279 2923 2335 pererrant.

1822 2358 1899 2410 Ac
1946 2371 2012 2410 ne
2042 2357 2124 2409 his
2156 2356 2369 2424 quidem
2408 2356 2629 2421 mollito,
2650 2357 2708 2410 iu
2756 2372 2877 2412 eum
2906 2359 3024 2425 pius
3052 2369 3304 2427 tanquam

1750 2448 2087 2517 cynomyiam
2123 2456 2293 2500 armat
2354 2445 2445 2501 Dei
2475 2446 2811 2500 charitatem.
2866 2446 3062 2501 Verum
3091 2461 3310 2518 praestat

1749 2536 2052 2592 sensibilem
2084 2535 2232 2603 prius
2262 2534 2465 2588 cladem
2501 2535 2745 2604 exsequi,
2781 2546 2834 2587 ut
2865 2551 2925 2589 ex
2960 2537 3186 2608 imagine
3216 2557 3308 2592 vn-

1750 2631 1964 2684 ritatem
1994 2626 2307 2696 explicatam
2339 2636 2638 2680 statuamus
2660 2626 2722 2678 θ’.
2763 2626 2829 2680 Ut
2882 2633 3155 2701 cynomyia
3205 2633 3309 2684 ali-

1749 2727 1859 2773 tum
1895 2718 2114 2772 minima
2165 2727 2270 2781 est,
2300 2717 2395 2770 sed
2430 2731 2548 2782 quae
2566 2716 2685 2768 cani
2723 2716 3070 2774 intolerabile
3101 2721 3308 2788 pondus

1747 2808 1972 2872 afferat;
2010 2821 2129 2859 nam
2159 2807 2345 2874 illapsa
2373 2806 2528 2875 plane
2560 2806 2853 2873 inquietum
2884 2809 3081 2862 animal
3112 2811 3307 2876 reddit,

1749 2912 1847 2953 nec
1881 2897 2144 2955 volentem
2178 2911 2396 2951 currere
2423 2896 2580 2964 cogit,
2621 2909 2683 2949 ac
2711 2898 2852 2950 serio
2887 2899 3179 2953 mandenda
3212 2915 3307 2954 sua

1751 2991 1919 3060 ipsius
1952 2991 2118 3046 cauda
2150 3003 2207 3042 se
2250 2987 2540 3050 inﬂectere,
2576 2987 2843 3040 interdum
2892 3001 3020 3040 vero
3061 2990 3224 3042 etiam
3253 2991 3307 3043 in

107 3057 273 3125 paleas
297 3077 513 3131 quoque
545 3065 811 3120 subtraxit
842 3069 906 3122 ⁷⁸.
959 3067 1050 3124 Sic
1074 3085 1193 3124 eum
1230 3074 1407 3141 homo,
1436 3076 1524 3144 qui
1564 3084 1643 3130 est
1671 3080 1716 3140 ο
1753 3057 1950 3135 terram
1998 3079 2278 3133 deciduum
2305 3076 2532 3146 gramiui
2580 3072 2795 3131 assidue
2822 3073 3089 3140 affricare,
3113 3093 3308 3132 muscae

108 3154 445 3207 constitutum
485 3156 754 3222 quoddam
798 3174 862 3212 ex
903 3161 1081 3215 animo
1110 3173 1164 3217 et
1191 3180 1414 3234 corpore
1447 3176 1647 3237 tempe-

113 3253 426 3309 ramentum,
484 3246 801 3316 intelligibili
848 3247 1114 3306 Pharaoni
1165 3254 1418 3321 instabat,
1454 3259 1652 3312 sineret

108 3347 158 3387 se
183 3338 428 3390 concordi
455 3338 631 3391 studio
660 3341 793 3391 citra
822 3339 1085 3395 offensam
1118 3352 1171 3398 et
1202 3347 1412 3410 putidas
1441 3349 1647 3414 cogita-

111 3426 266 3481 tiones
317 3427 417 3482 SS.
473 3426 732 3483 Deitatem
786 3433 1060 3498 venerari;
1115 3434 1523 3491 scelestissimus
1564 3440 1650 3494 ille

109 3520 229 3571 adeo
287 3534 389 3572 non
451 3528 557 3572 est~
592 3535 780 3589 passus
834 3522 1101 3576 hominem
1151 3525 1215 3579 ad
1269 3528 1646 3593 perfectionem

110 3609 338 3674 evadere,
373 3621 428 3663 ut
466 3611 549 3663 vel
579 3611 764 3679 exigua
796 3611 953 3664 etiam
985 3614 1181 3666 virtute
1220 3614 1490 3682 affectum,
1529 3629 1648 3670 tan-

112 3712 254 3767 quam
309 3701 480 3766 palea,
533 3703 876 3768 despoliaret.
926 3704 1110 3771 Itaque
1155 3701 1351 3757 Christi
1410 3708 1649 3779 Studioso

111 3789 291 3855 cuique
332 3804 358 3840 a
403 3789 508 3842 Deo
537 3789 659 3842 data
703 3799 784 3843 est
827 3792 908 3844 vis
938 3793 1122 3844 decem
1163 3792 1341 3847 clades
1386 3794 1645 3850 iniciendi

113 3878 220 3932 huic
249 3878 517 3950 Pharaoni
551 3879 887 3946 intelligibili.

170 3966 310 4033 Quas
359 3969 644 4022 observate
706 3983 889 4037 porro,
946 3981 999 4024 et
1055 3971 1307 4039 utrinque
1370 3989 1646 4027 numerum

112 4057 240 4113 inite.
275 4060 731 4124 Quemadmodum
769 4061 876 4114 illic
913 4061 1196 4116 obfirmato
1226 4062 1503 4117 Pharaone
1532 4063 1648 4117 Mo-

111 4162 187 4203 res
220 4164 412 4218 aquam
445 4149 501 4202 in
547 4150 861 4218 sanguinem
911 4164 1220 4204 conversam
1275 4152 1340 4216 ",
1385 4151 1648 4221 Egyptiis

113 4238 310 4291 minime
353 4238 538 4291 utilem
585 4239 848 4303 reddidit;
884 4239 952 4294 ita
997 4239 1083 4293 hic
1125 4240 1322 4296 Christi
1371 4247 1652 4298 mandato-

113 4339 217 4377 rum
246 4326 522 4380 studiosus
549 4339 686 4393 aqua
719 4326 914 4379 divinae
946 4328 1162 4396 piscinae
1191 4338 1331 4383 totus
1371 4332 1645 4394 lustratus,

115 4415 324 4482 inferni,
391 4425 446 4469 et
513 4389 858 4483 intelligibilis
920 4389 1214 4472 Pharaonis
1272 4419 1433 4474 duces
1492 4389 1727 4489 atqueD

113 4508 387 4571 stipatores
411 4507 738 4575 impotentes
771 4507 963 4571 reddit,
1006 4523 1074 4562 ne
1112 4509 1393 4579 voluptatis
1427 4513 1549 4564 vitia
1585 4529 1651 4566 ex

114 4591 278 4649 lunato
318 4598 529 4663 corpori
585 4598 844 4668 sanguine
898 4599 962 4650 ad
1003 4613 1061 4653 se
1103 4599 1366 4654 derivent.
1411 4601 1650 4671 Curaque

115 4681 206 4736 illic
230 4687 502 4741 sensibilis
527 4687 584 4740 in
609 4687 906 4756 impietate,
945 4689 1031 4742 hic
1063 4690 1417 4757 intelligibilis
1444 4691 1652 4745 Pharao

116 4773 159 4824 in
197 4776 394 4830 malitia
434 4779 766 4846 persisteret,
805 4781 880 4834 uti
911 4792 1020 4834 tum
1068 4798 1161 4850 per
1196 4783 1396 4848 Mosen,
1435 4784 1652 4854 ΛΕεςριί

115 4864 264 4918 solum
305 4884 459 4923 ranas
492 4871 712 4938 protulit
748 4871 829 4937 7°;
861 4872 932 4926 ita
977 4889 1116 4926 nunc
1141 4873 1336 4928 Christi
1379 4880 1655 4930 studiosus

117 4941 393 5014 concitatas
413 4969 466 5012 et
496 4961 688 5014 noxias
709 4961 1060 5029 eugitationes
1087 4978 1154 5016 ex
1183 4963 1362 5016 animo
1385 4965 1650 5029 amolitus,

119 5060 276 5101 carum
334 5049 525 5104 foetore
569 5051 954 5121 intelligibilem
1008 5053 1336 5107 Pharaonem
1395 5054 1654 5111 sutl'ocare

119 5136 307 5192 nititur.
354 5137 561 5209 Quippe
614 5140 666 5194 in
722 5155 950 5210 quorum
1007 5142 1283 5196 hominum
1333 5146 1528 5198 animis
1569 5147 1652 5199 hae

175 5356 216 5388 "
248 5359 410 5413 Exod.
444 5375 497 5422 ν,
534 5359 588 5413 2.

120 5434 304 5493 xxxvii,
341 5430 396 5483 6.
469 5430 514 5461 '°
555 5430 694 5484 Psal.
737 5445 786 5494 c,
825 5431 877 5484 8.
951 5433 993 5462 ⁸⁸
1038 5433 1202 5487 Exod.
1244 5450 1364 5502 vin,
1405 5435 1495 5489 9.4.

178 5623 280 5690 (εὶ)
324 5628 457 5684 Vide
488 5629 738 5685 Namanz.
774 5634 839 5685 ad
870 5607 1215 5689 Clcdonium.

663 5359 706 5392 ⁷⁵
744 5359 885 5413 Psal.
930 5355 1085 5425 xxnt,
1129 5364 1180 5425 9,
1222 5363 1306 5418 10.
1377 5367 1422 5396 ⁷⁸
1465 5366 1631 5419 Exod.
1669 5380 1723 5426 ν,
1753 5367 1807 5422 7.
1883 5367 1892 5398 ¹

663 5431 694 5483 l.
737 5445 786 5490 c,
825 5431 877 5484 8.
951 5433 993 5462 ⁸⁸
1038 5433 1202 5487 Exod.
1244 5450 1364 5490 vni.
1405 5435 1495 5489 9.4.
1569 5436 1613 5467 ⁸⁸
1654 5435 1785 5490 ibid.
1828 5436 1892 5490 17

1753 3180 1950 3224 castum
1988 3183 2050 3221 ac
2085 3169 2463 3221 commercium
2499 3167 2641 3219 nullo
2692 3167 2849 3220 modo
2884 3167 3137 3221 ferentem
3171 3186 3183 3221 :
3213 3168 3308 3220 iti-

1752 3259 1872 3313 dem
1931 3267 1985 3312 et
2029 3259 2147 3326 plus
2208 3257 2464 3311 adversus
2528 3255 2914 3322 intelligibilem
2972 3257 3305 3312 Pharaonem

1752 3347 2032 3404 charitatis
2090 3360 2236 3399 arma
2299 3347 2530 3414 expedit.
2562 3345 2709 3410 Quod
2764 3347 2809 3400 si
2868 3347 3064 3400 animal
3120 3347 3308 3414 reptile
3395 3348 3398 3350 ⁷

1751 3451 1949 3494 muscae
1976 3438 2354 3491 commercium
2383 3438 2638 3489 detrectat
2665 3451 2679 3500 ;
2707 3447 2905 3503 quanto
2939 3435 3104 3505 magis
3131 3437 3307 3491 chari-

1751 3531 1878 3585 tatis
1900 3529 2005 3582 vim
2028 3525 2135 3580 odii
2165 3525 2490 3580 architectus
2514 3525 2779 3580 diabolus?
2800 3526 2976 3593 Neque
2998 3528 3140 3579 enim
3166 3528 3308 3582 ferre

1751 3620 1971 3675 omnino
2018 3626 2212 3686 potest,
2239 3617 2330 3682 qui
2381 3624 2464 3670 est
2515 3615 2626 3683 ipsa
2680 3616 2834 3684 quasi
2885 3624 3072 3670 natura
3106 3616 3306 3681 invida,

1751 3710 2133 3774 hominumque
2164 3720 2308 3770 osor,
2340 3720 2437 3759 nos
2460 3705 2739 3759 interiores
2773 3720 2934 3773 supra
2965 3714 3166 3769 tenere,
3194 3707 3308 3774 ipse

1749 3815 1780 3854 e
1821 3798 2037 3853 sublimi
2070 3797 2268 3862 lapsus,
2297 3806 2351 3851 et
2378 3797 2610 3851 tenebrae
2642 3800 2737 3865 pro
2775 3798 2890 3850 luce
2920 3796 3159 3852 effectus.
3199 3798 3305 3851 Sed

1753 3891 1816 3944 iis
1847 3887 2001 3941 malis
2026 3872 2281 3940 multatus
2312 3888 2446 3941 adeo
2482 3885 2798 3955 pudefactus
2841 3903 2943 3941 non
2973 3890 3199 3956 quievit,
3250 3900 3309 3944 ut

1750 3976 1990 4043 asperior
2040 3974 2199 4028 etiam
2236 3975 2588 4031 redditus'sit.
2624 3976 2811 4046 Itaque
2860 3978 2965 4030 illic
3001 3979 3306 4046 quadrupe-

1750 4067 1873 4119 dum
1903 4073 2107 4132 strages
2135 4063 2354 4130 facta";
2386 4065 2689 4132 hicjejuuio
2713 4066 2937 4120 helluina
2960 4075 3118 4135 atque
3151 4070 3304 4133 bruta

1751 4158 1913 4211 animi
1946 4157 2070 4212 vitia
2107 4169 2397 4227 preatrata.
2434 4160 2568 4214 Sunt
2602 4163 2750 4214 enim
2785 4161 2932 4224 vitia,
2958 4177 3074 4228 quae
3100 4165 3307 4216 ratione

1749 4247 1976 4312 cttlant,
2012 4255 2064 4302 et
2092 4258 2363 4313 curentur,
2416 4264 2740 4316 rursumque
2786 4264 2814 4302 a
2861 4252 3067 4304 ratione
3131 4253 3303 4305 aliena

1751 4347 1804 4391 et
1835 4337 2169 4402 incurabilia,
2204 4341 2653 4407 quemadmodum
2705 4339 3008 4396 Salomonis
3045 4343 3304 4410 sapientia

1753 4430 1990 4483 declarat
2016 4431 2070 4484 in
2102 4435 2213 4484 haec
2262 4431 2421 4497 verba
2450 4448 2464 4484 :
2506 4447 2524 4481 ι
2562 4429 2645 4484 Fit
2679 4432 2821 4485 enim
2855 4441 2913 4484 ut
2943 4432 3306 4500 deprehensus

1756 4519 1841 4572 fur
1871 4520 2078 4572 furatus
2107 4503 2283 4583 stt,'ut
2309 4518 2628 4573 esurientem
2661 4520 2875 4587 impleat
2900 4523 3131 4574 animam
3172 4540 3186 4576 :
3215 4525 3303 4591 qui

1753 4617 1929 4662 autem
1967 4609 2174 4661 adulter
2223 4616 2325 4672 est,
2354 4618 2571 4676 propter
2603 4609 2782 4662 cordis
2834 4611 3088 4678 inopiam,
3119 4614 3306 4680 perdet

1752 4701 1986 4752 animam
2018 4714 2169 4752 suam
2201 4698 2266 4752 “.
2311 4718 2328 4751 ι
2359 4704 2534 4768 Atque
2583 4700 2693 4752 illic
2734 4709 2788 4752 ut
2846 4714 2962 4770 post
3012 4706 3304 4771 cynmuyite

1752 4789 1976 4849 cladem,
2010 4788 2415 4856 quadrupedum
2462 4790 2702 4843 omnium
2761 4791 3055 4844 internecio
3095 4803 3176 4845 est
3216 4809 3301 4844 se-

1751 4889 1904 4944 Cuta;
1942 4881 2008 4933 ita
2037 4890 2153 4947 post
2175 4879 2434 4949 jejunium
2471 4881 2574 4943 hic,
2611 4880 2958 4933 helluinorum
2998 4892 3156 4949 atque
3178 4886 3301 4936 bru-

1751 4977 1922 5020 torum
1951 4967 2198 5020 vitiorum
2248 4967 2527 5031 interitus;
2571 4983 2688 5036 qua:
2715 4969 2926 5034 quidem
2974 4970 3119 5021 nullo
3165 4985 3301 5037 prte-

1750 5059 1972 5113 sentiori
2022 5057 2277 5123 remedio,
2313 5072 2469 5125 quam
2493 5057 2698 5127 jejunio
2735 5073 2795 5111 ex
2833 5058 3013 5110 animo
3046 5060 3302 5111 extermi-

1751 5159 1966 5205 nantur.

1883 5366 1926 5398 "
1968 5370 2132 5422 Exod.
2177 5385 2269 5435 vn,
2317 5373 2398 5425 l7.

2473 5369 2519 5403 "
2561 5371 2725 5426 Exod.
2769 5389 2883 5436 vni,
2915 5373 2968 5425 5.
3078 5375 3121 5405 ’9
3160 5373 3299 5428 PSal.

1988 5439 2034 5470 ⁸³
2083 5438 2246 5494 Exod.
2289 5456 2371 5505 ιχ,
2413 5442 2463 5494 6.

2541 5439 2588 5471 ⁸⁸
2623 5443 2780 5498 Prov.
2822 5459 2896 5510 vi,
2937 5441 3120 5498 50-ὅὲ..
