3952 6328
563 284 673 347 839

1754 280 2178 367 ANDRONICI
2214 281 2562 343 COMNENI

3690 278 3782 341 840

647 397 840 449 Verum
876 412 1049 467 neque
1076 398 1174 451 hoc
1202 396 1341 450 facto
1372 394 1629 448 scelestus
1651 391 1859 444 Pharao
1890 390 2137 458 resipnit.
2160 398 2217 455 ΑΛ
2246 407 2439 460 corpus
2469 407 2680 447 onmem
2719 403 2979 446 terrarum
3010 391 3274 445 orbemab
3306 391 3615 460 ignorantia:
3653 402 3785 444 tene-

565 490 743 552 Quare
799 489 911 543 illic
970 488 1186 557 quidem
1245 485 1469 553 pustulae
1530 483 1797 535 ferventes
1849 481 2146 547 (maleficos

568 575 937 644 lorquebant),
994 576 1083 628 hic
1121 572 1345 644 impium
1387 571 1675 625 inteStinus
1706 567 1877 635 ignis;
1921 576 1971 619 et
1999 565 2150 617 ﬂam—

574 680 715 716 tnam
748 680 961 717 omnem
995 678 1253 729 superans
1284 663 1450 725 zelus,
1488 660 1538 711 in
1568 656 1906 713 Pharaonem
1944 655 2149 707 intelli-

571 769 602 824 g
631 746 787 805 bilem
822 753 1053 820 insurgit
1072 753 1117 783 ⁸⁵
1153 767 1167 815 ;
1205 750 1497 804 secundum
1553 748 1938 816 pltilOSOphum
1970 746 2151 798 dicen-

575 861 677 897 tem
721 842 831 911 ('25)
865 860 879 897 2
917 841 1056 895 katn
1103 844 1153 894 in
1188 840 1355 893 solum
1414 848 1723 905 serpentem
1765 851 1997 899 exet-ce.
2031 834 2147 887 Jam

576 945 724 994 \CI'O,
760 940 816 982 ut
858 928 966 983 illic
1010 927 1249 983 sensibili
1278 928 1577 987 Pharaone,
1612 928 1873 993 promissa
1912 938 2027 990 quae
2058 924 2147 975 de-

572 1022 763 1085 disset,
811 1020 1043 1080 fallente,
1099 1019 1302 1086 grando
1346 1031 1464 1070 cum
1523 1016 1631 1084 igni
1683 1016 1922 1077 exstitit;
1957 1013 2027 1077 ita
2066 1010 2151 1063 hic

577 1125 791 1177 quoque
848 1107 1185 1175 itttclligibili,
1223 1107 1312 1173 qui
1360 1121 1388 1157 a
1432 1104 1518 1172 pio
1567 1104 1808 1171 deiectus
1856 1112 2020 1163 esset,
2074 1098 2150 1150 fus

575 1213 750 1263 rente,
790 1200 951 1252 divini
1001 1199 1138 1267 ignis
1191 1211 1451 1265 perennes
1486 1196 1535 1247 in
1586 1195 1764 1272 animo
1808 1194 2072 1256 scintillae,
2100 1201 2151 1245 et

576 1290 712 1356 iugis
744 1288 917 1341 imber
949 1290 1305 1356 laerymarum
1354 1300 1417 1337 ex
1463 1284 1632 1339 oculis
1665 1284 1840 1336 ﬂuens
1883 1299 1943 1336 ac
1970 1292 2151 1337 scatu-

579 1378 727 1431 riens
779 1379 1006 1431 exstitit.
1042 1375 1173 1427 Nam
1223 1368 1680 1443 quemadmodum
1710 1373 1990 1427 sensibiles
2022 1372 2159 1425 oeu-'

576 1470 751 1523 lorum
798 1470 1007 1538 pupilla:
1037 1468 1290 1535 ealigant,
1326 1467 1453 1520 fumi
1516 1467 1869 1519 acrimoniam
1926 1479 2032 1517 non
2074 1466 2150 1517 l'e-

584 1570 786 1623 rentes,
826 1570 988 1628 atque
1046 1559 1165 1612 ideo
1217 1562 1619 1627 laet‘ymantur;
1662 1557 1733 1609 ita
1792 1554 2152 1620 intelligibiles

582 1650 785 1703 utentis
839 1650 1001 1711 oculi,
1038 1650 1243 1717 peccati
1299 1648 1593 1701 acrimonia
1640 1646 1841 1709 mersi,
1884 1647 2147 1699 internum

578 1737 992 1813 sollicitudinem
1052 1748 1211 1805 atque
1298 1735 1727 1789 emendationem
1789 1734 2146 1803 lacrymarum

582 1827 797 1883 deﬂuxu
833 1839 1114 1882 testantur.

657 1938 760 1993 Sed
794 1941 858 1994 iis
907 1939 1068 1993 rebus
1117 1949 1348 2006 utroque
1397 1937 1680 1992 obfirmato
1712 1947 1981 2001 manente,
2019 1949 2155 2004 opus

591 2042 713 2087 erat
740 2046 900 2098 porro
923 2031 987 2084 ad
1036 2030 1241 2100 frugem
1292 2030 1412 2083 aliis
1462 2040 1722 2099 praeterea
1769 2029 2034 2091 cladibus,
2073 2036 2151 2092 ut,

588 2122 680 2189 qui
730 2120 1005 2175 beneficiis
1056 2118 1231 2173 allecti
1278 2134 1385 2173 non
1434 2133 1490 2172 se
1528 2128 1708 2183 gratos
1758 2118 2155 2186 praestitissent,

592 2210 715 2280 plus
748 2213 1187 2279 castigarentur;
1224 2220 1279 2264 et
1328 2211 1598 2278 caStigati,
1633 2225 1698 2264 ex
1747 2210 1813 2263 iis
1867 2223 1985 2276 quae
2012 2216 2158 2277 pate—

591 2310 800 2364 rentur,
836 2300 1078 2354 divinam
1123 2300 1229 2353 vim
1278 2308 1651 2369 agnoscerent.
1700 2299 1866 2370 Igitur
1905 2312 2027 2353 cunt
2058 2313 2159 2352 nec

593 2391 779 2445 amicti
835 2402 1211 2461 agnoscerent,
1250 2392 1432 2445 addita
1483 2388 1702 2455 locustae
1749 2392 2027 2446 calamitas
2055 2401 2155 2456 est,

590 2498 710 2551 quae
739 2482 999 2552 quidquid
1055 2490 1159 2535 tota
1194 2480 1423 2551 Egypto
1457 2481 1627 2536 viride
1671 2490 1853 2544 esset,,
1876 2494 2159 2537 consume-

590 2583 692 2626 ret.
725 2574 802 2625 Ac
845 2572 1017 2625 Moses
1050 2570 1268 2640 quidem
1328 2570 1589 2625 locustam
1632 2573 1830 2626 excivit
1852 2572 1921 2638 ⁸⁶;
1954 2582 2007 2627 at
2040 2575 2157 2643 pius

593 2661 826 2715 ineunda
857 2660 1002 2713 onmi
1038 2659 1165 2713 vita:
1191 2658 1424 2713 duritate
1459 2674 1673 2713 omnem
1717 2663 1956 2731 corporis
1988 2679 2185 2718 venu-'

592 2759 785 2802 statetn
823 2749 1041 2817 frangit.
1086 2744 1221 2801 Nam
1269 2757 1325 2801 ut
1358 2747 1469 2804 illic
1494 2758 1495 2761 ‘
1520 2749 1766 2804 viriditas
1810 2751 2030 2807 locuStis
2062 2768 2159 2821 pa-

594 2842 779 2914 bulum
813 2849 915 2905 est,
955 2840 1029 2894 ita
1061 2840 1149 2893 hic
1181 2840 1429 2909 corporis
1454 2849 1705 2895 venustas
1751 2843 1925 2899 brutis
1955 2842 2162 2898 aﬂ‘ecti-

594 2931 717 2985 bus.
750 2931 924 2999 Alque
959 2930 1178 2983 interim
1219 2931 1491 2984 obstinato
1526 2946 1736 2984 rursum
1774 2931 2078 2999 Pharaone,
2109 2935 2160 2987 in

2252 485 2361 538 bris
2390 485 2455 535 ad
2484 481 2576 536 Dei
2612 482 2812 535 notitim
2834 481 3011 534 lumen
3044 481 3241 534 erudit.
3269 481 3442 547 Atque
3483 482 3602 533 illuc
3633 496 3787 550 papu-

2253 575 2334 627 lus
2367 574 2585 639 trajecto
2620 572 2751 624 mari
2786 569 2989 636 Rubro,
3026 570 3276 640 Egypto,
3308 572 3531 639 eivsque
3574 571 3785 639 principi

2253 660 2515 715 Pharaoni
2543 661 2777 726 elapsus,
2817 661 3010 713 fastum
3042 660 3268 729 agitans,
3298 661 3610 726 promissom
3643 656 3790 726 porro

2255 765 2452 808 terram
2475 767 2570 820 pro
2605 752 2737 806 viris
2778 754 3027 806 invadere
3076 754 3305 819 sategit;
3338 752 3423 805 hic
3455 751 3679 804 mundus
3711 765 3791 818 per

2253 843 2586 895 Dominicum
2620 842 2934 907 sanguinem
2986 851 3037 894 et
3081 856 3272 908 aquam
3320 842 3439 891 diro
3471 854 3535 893 ac
3582 851 3795 911 sequace

2252 940 2493 1001 peccato,
2526 940 2575 983 ct
2601 920 2900 994 Pharaone,
2929 932 3126 982 acerbo
3160 944 3317 998 atque
3346 928 3595 981 invisibili
3632 940 3798 995 tyran-

2253 1038 2344 1087 no,
2378 1037 2496 1074 cum
2526 1022 2734 1074 acerbis
2766 1019 3130 1094 exactoribus,
3164 1020 3438 1084 liberatus,
3472 1019 3662 1070 itinere
3688 1024 3797 1069 tan-

2253 1128 2413 1179 quam
2450 1112 2779 1181 postliminio
2804 1112 2869 1163 ad
2898 1110 3171 1164 cmlestetn
3199 1112 3454 1162 mundum
3486 1108 3800 1167 adornanda,

2255 1200 2479 1255 Detnino
2533 1200 2639 1253 Deo
2686 1208 2869 1253 nostro
2892 1199 3002 1269 (‘24)
3047 1199 3283 1253 liberalia
3329 1200 3459 1267 agit,
3491 1214 3596 1252 non
3641 1209 3800 1250 tamen

2255 1288 2614 1361 improbitatis
2666 1291 2987 1359 malitizeque
3032 1292 3313 1362 fermento,
3371 1291 3463 1345 sed
3512 1290 3804 1344 sinceritate

2255 1398 2315 1435 ac
2349 1376 2598 1449 puritate,
2640 1382 2793 1450 quasi
2841 1383 3159 1451 quibusdam
3205 1382 3433 1450 panibus
3471 1382 3805 1435 infermenta-

2256 1473 2348 1533 tis,
2385 1470 2516 1525 nihil
2549 1470 2881 1540 Egyptiacze
2903 1483 3063 1541 atque
3093 1472 3266 1541 impiae
3296 1484 3486 1525 massa:
3510 1456 3802 1538 exportant.

2254 1561 2390 1616 Tum
2424 1561 2633 1616 Pharao
2671 1565 2877 1633 insequi
2919 1580 3102 1626 ausus,
3136 1578 3256 1618 cum
3289 1565 3433 1618 omni
3459 1546 3695 1619 exercitu
3722 1564 3808 1616 de-

2256 1655 2393 1719 letus
2418 1664 2502 1708 est
2536 1673 2549 1708 :
2585 1655 2767 1707 itidem
2794 1666 2846 1707 et
2882 1653 3196 1721 intelligibili
3235 1653 3512 1707 Pharaone
3543 1655 3594 1706 in
3624 1653 3810 1707 Serra-

2257 1755 2428 1801 torem
2462 1760 2639 1800 meum
2670 1746 2949 1814 insurgere
2998 1760 3157 1809 auso,
3190 1745 3600 1814 intelligibilium
3624 1742 3811 1797 draco-

2256 1854 2383 1892 num
2416 1838 2591 1905 capita
2618 1853 2713 1906 per
2733 1853 2943 1892 sacram
2971 1839 3284 1893 tinctionem
3310 1836 3579 1892 confracta
3612 1835 3810 1889 sunt“.

2255 1927 2313 1983 Id
2342 1930 2485 1985 enim
2514 1939 2566 1983 et
2603 1926 2829 2001 magnus
2860 1930 2947 1985 ille
2978 1929 3175 1985 Paulus
3213 1930 3265 1984 in
3318 1932 3459 1984 hanc
3501 1928 3811 1984 sententiam

2257 2021 2515 2089 praedicat
2554 2037 2567 2073 :
2610 2040 2627 2072 ι
2675 2020 2806 2075 Nolo
2855 2036 2947 2074 vos
2997 2021 3266 2089 ignorare,
3318 2020 3535 2084 fratres,
3574 2018 3812 2085 quoniam

2257 2118 2439 2178 patres
2488 2112 2659 2164 nostri
2713 2126 2903 2165 omnes
2941 2113 3041 2167 sub
3081 2112 3222 2167 nube
3267 2112 3502 2174 fuerunt.
3544 2109 3601 2165 et'
3638 2125 3817 2165 omnes

2261 2202 2794 2265 maretransierunt,
2823 2210 2876 2255 et
2906 2217 3096 2257 omnes
3123 2203 3177 2256 in
3215 2202 3361 2258 Mose
3401 2204 3650 2273 baptizati
3699 2210 3817 2258 sunt

2259 2287 2312 2342 in
2338 2291 2480 2343 nube
2513 2299 2571 2344 et
2601 2292 2651 2343 in
2680 2292 2813 2345 mari
2845 2294 2913 2344 ⁹¹.
2947 2309 2964 2342 ι
3002 2291 3135 2345 Nam
3169 2304 3227 2345 ut
3250 2292 3442 2361 Moses
3473 2294 3728 2363 pepuluni
3771 2295 3816 2346 itt

2261 2373 2585 2446 promissam
2612 2390 2809 2433 terram
2852 2381 3103 2436 inducere
3133 2392 3216 2437 est
3262 2384 3585 2451 prohibitus,
3611 2393 3820 2453 propter

2266 2467 2381 2523 leve
2423 2468 2691 2535 quoddam
2738 2484 2983 2524 murmur
3031 2472 3201 2539 (num,
3239 2474 3460 2541 putatis.
3489 2474 3679 2543 inquit.
3707 2490 3727 2524 ‹
3763 2474 3821 2526 de

2263 2566 2413 2625 petra
2438 2559 2536 2611 hac
2563 2560 2713 2613 vobis
2746 2573 2938 2627 aquam
2962 2561 3255 2628 poterimus
3284 2561 3481 2616 elicere
3503 2563 3549 2594 θ’
3570 2563 3592 2614 2
3614 2581 3631 2613 ι
3659 2561 3701 2633 ),
3734 2562 3819 2615 sed

2263 2661 2381 2701 eam
2411 2661 2504 2715 per
2539 2649 2768 2702 vicarios
2802 2650 3084 2719 explorare
3124 2658 3178 2703 et
3209 2666 3536 2719 cognoscere
3568 2651 3819 2715 voluit“;

2265 2740 2346 2794 sic
2396 2740 2632 2793 Adamus
2670 2741 2767 2796 Dei
2817 2752 3085 2813 praecepto
3132 2759 3236 2799 non
3290 2746 3588 2813 subnixus,
3628 2746 3820 2815 ample-

2270 2832 2427 2882 tendo
2456 2831 2723 2898 serpentis
2742 2832 2989 2899 consilio,
3009 2834 3366 2888 immortalem
3399 2836 3558 2889 vitam
3583 2835 3820 2904 perdidit.

2266 2919 2435 2988 Igitur
2463 2920 2571 2974 illic
2620 2919 2802 2985 Jesus,
2854 2921 3001 2977 Nave
3041 2924 3203 2988 filius,
3233 2924 3503 2981 Israelitas
3540 2926 3591 2979 in
3634 2935 3824 2980 terram

597 3019 889 3089 Egyptum
924 3019 1047 3073 aliis
1087 3032 1300 3089 quoque
1346 3019 1589 3072 cladibus
1629 3022 1866 3098 εκνίιηηι
1900 3033 2004 3087 εει,
2037 3023 2163 3075 sub.
2189 3037 2233 3093 α
2268 3010 2585 3077 promissam
2623 3011 2835 3065 induxit
2879 3014 3093 3094 salvos;
3146 3014 3234 3068 hic
3270 3017 3452 3070 aeterni
3503 3025 3557 3071 et
3603 3016 3823 3070 exsertis

595 3111 863 3177 ductaque
891 3108 1009 3162 luce
1039 3108 1268 3162 tenebrae
1308 3108 1616 3162 tractabiles
1642 3108 1872 3164 inducta:
1894 3111 1961 3162 ⁸⁷.
1984 3110 2049 3163 At
2087 3110 2172 3164 hic

597 3200 739 3271 pius,
776 3199 865 3266 qui
896 3198 1191 3252 exteriores
1224 3198 1472 3252 tenebras
1512 3196 1847 3266 reformidat,
1878 3199 2173 3255 scelerum-'-

596 3303 703 3358 que
735 3289 1101 3357 lippitudinem
1134 3302 1201 3345 ex
1232 3288 1431 3351 animo,
1464 3287 1557 3341 Dei
1584 3290 1791 3342 notitiae
1820 3303 1955 3358 aqua
1976 3289 2167 3355 diluit;

603 3381 864 3450 principis
893 3381 1343 3449 setnpiternzeque
1367 3380 1504 3434 lucis
1543 3381 1724 3434 radios
1756 3396 1917 3449 puros
1947 3381 2165 3449 accipit.

604 3475 710 3528 Sed
759 3472 824 3525 ad
874 3460 1184 3539 utrumque,
1230 3485 1353 3525 cum
1392 3473 1897 3540 tergiversarentur,
1927 3472 2169 3528 cladibus

600 3564 935 3627 terrendum,
956 3563 1044 3617 illa
1081 3563 1295 3617 tandem
1328 3556 1518 3617 ordine
1550 3565 1763 3632 quidem
1800 3574 2057 3629 extrema,
2078 3565 2173 3620 sed

601 3669 720 3723 qua:
747 3654 933 3707 dolore
962 3666 1025 3705 ac
1054 3651 1391 3706 vehementia
1420 3650 1575 3705 facile
1610 3655 1778 3721 prima
1804 3663 1966 3717 esset,
1992 3656 2047 3708 id
2069 3662 2169 3718 est,

605 3744 1086 3814 pritnogenitorum
1138 3754 1286 3796 mors
1344 3743 1670 3796 antecedit".
1733 3745 1906 3811 Atque
1956 3756 2013 3798 ut
2061 3746 2171 3799 illic

602 3836 756 3903 plaga
787 3834 902 3887 haec
938 3842 1221 3900 postrema
1257 3833 1597 3888 Pharaonem
1634 3833 1826 3902 populo
1862 3835 2170 3889 missionem

604 3920 784 3976 facere
816 3923 1010 3989 coegit,
1032 3926 1097 3974 ad
1127 3921 1408 3975 colendum
1438 3922 1602 3975 Deum
1635 3923 1920 3989 procu|,ac
1946 3925 2170 3978 seorsim

605 4030 634 4065 a
669 4013 1006 4079 deastrorum
1036 4014 1226 4073 sacris,
1250 4020 1305 4066 et
1324 4012 1709 4077 cadaveribus;
1748 4013 1817 4065 ita
1853 4014 1938 4068 hic
1960 4027 2173 4082 quoque

602 4113 870 4170 postrema
919 4100 1305 4171 intelligibiletn
1354 4099 1693 4155 Pharaonem
1751 4102 2032 4170 compulit,
2078 4114 2172 4155 ex-

558 4182 571 4192 “
605 4190 803 4258 templo
833 4191 976 4258 piutn
1008 4190 1188 4244 sinere
1235 4186 1333 4243 SS.
1359 4189 1681 4244 Trinitatem
1716 4191 1988 4254 venerari,
2017 4190 2172 4260 longe

604 4296 633 4332 a
648 4278 928 4334 concitatis
943 4279 1117 4335 noxiis
1144 4279 1562 4347 cogitationibus
1592 4281 1953 4335 rem0tum.Et
1980 4296 2171 4349 quem-

2273 3104 2521 3175 principii
2548 3105 2723 3162 Patris
2762 3106 2951 3172 Filius,
2983 3120 3145 3161 meus
3166 3121 3317 3160 amor
3340 3106 3525 3175 Iesus,
3565 3117 3825 3175 assumpto

2272 3193 2467 3253 Adami
2497 3204 2942 3263 temperamento,
2967 3198 3071 3252 sibi
3096 3197 3377 3252 credentes
3403 3198 3457 3251 in
3484 3199 3748 3253 cmlestetn
3769 3210 3826 3251 ac

2272 3298 2562 3351 perennem
2636 3282 3062 3355 Hierosolymam
3118 3284 3383 3355 perduxit.
3444 3285 3674 3342 Vidistis‘
3706 3286 3824 3342 olim

2274 3370 2495 3442 figuras,
2529 3387 2673 3427 nunc
2700 3388 2813 3427 rem
2848 3390 3029 3429 veram
3063 3378 3285 3431 cernite.

2829 3465 3056 3521 CAPUT
3094 3467 3286 3521 XXIX.

2590 3554 2699 3610 Cur
2729 3557 2822 3610 Dei
2852 3556 3025 3612 Filius
3054 3561 3208 3614 homo
3238 3561 3410 3628 factus
3445 3562 3537 3615 sit.

2341 3641 2465 3699 Jun.
2497 3645 2637 3701 Belle
2675 3656 2730 3701 et
2758 3658 3124 3707 eonsentanee
3164 3652 3259 3707 Dei
3307 3652 3446 3708 vatis
3483 3654 3695 3710 oracula
3745 3670 3829 3709 su-

2274 3739 2421 3793 blimi
2464 3755 2624 3795 sensu
2660 3746 2942 3811 aperuisti,
2986 3750 3500 3819 verequeantiquas
3537 3752 3825 3805 futurorum

2276 3833 2495 3897 umbras
2526 3844 2582 3887 et
2613 3835 2808 3903 figuras
2843 3836 3092 3892 docuisti.
3143 3839 3248 3894 Sed
3278 3855 3397 3910 quae
3422 3852 3506 3896 est
3534 3853 3709 3898 autem
3741 3859 3825 3898 ne-

2274 3923 2518 3988 cessitas,
2550 3936 2725 3991 quave
2759 3928 2930 3995 gratia
2971 3927 3066 3981 Dei
3096 3927 3290 3985 Filium
3340 3927 3611 3989 hominem
3639 3934 3827 3987 factum

2273 4010 2495 4065 dicitis?

2344 4104 2565 4159 CHRIST.
2597 4105 2758 4171 Quod
2795 4106 2861 4161 si'
2887 4109 3133 4175 omnino,
3165 4112 3517 4181 quamobrem
3549 4112 3690 4170 Deus
3726 4126 3829 4168 cm-

2274 4194 2436 4250 lestes
2468 4197 2670 4264 copias,
2702 4208 2755 4251 et
2783 4199 3047 4254 Adamum
3079 4203 3369 4268 creaverit,
3402 4218 3498 4258 vos
3540 4206 3827 4274 exponetist

2276 4282 2436 4339 facile
2469 4295 2542 4352 et,
2566 4284 2832 4355 Unigeniti
2869 4288 3297 4346 incarnationem
3327 4293 3601 4362 explorate
3642 4309 3828 4364 cogno-

602 4370 890 4424 admodum
970 4371 1118 4425 illum
1180 4371 1246 4424 ad
1313 4386 1502 4443 omnes
1579 4358 1760 4425 clades
1817 4353 2484 4437 obstinatum,Dveritis.

604 4462 1083 4529 pritnOgettitorum
1136 4462 1392 4515 interitus
1447 4461 1672 4516 emolliit
1724 4458 1777 4517 et
1826 4462 2067 4529 inﬂexit;
2104 4463 2177 4516 ita

606 4557 751 4609 hunc
769 4552 966 4619 frangit
989 4567 1051 4605 ac
1077 4552 1321 4606 debilitat
1350 4539 1868 4618 animi-subtnissio;
1898 4556 2040 4607 omn
2062 4552 2181 4622 ejus

609 4643 943 4714 pritnogenio
980 4645 1131 4706 vitio,
1167 4644 1217 4697 id
1241 4654 1344 4707 est,
1368 4644 1673 4710 arrogantia
1706 4650 1869 4711 atque
1913 4643 2050 4703 [astu
2082 4658 2181 4697 ex-

607 4738 822 4791 stincto.
853 4737 1117 4791 (Steterunt
1147 4744 1347 4788 mutata
1376 4733 1664 4798 sententia,
1692 4749 1812 4789 cum
1844 4734 2124 4788 dimissum
2148 4749 2179 4787 a

606 4842 665 4881 se
716 4829 970 4897 populum
1010 4822 1449 4894 persequeretur,
1482 4824 1644 4891 Deus,
1674 4825 1816 4879 Mose
1871 4835 2173 4892 sequestro,

550 4924 551 4927 “
606 4930 770 4971 noctu
805 4917 947 4986 igne,
983 4910 1218 4971 interdiu
1248 4918 1392 4969 nube
1432 4912 1704 4969 Israelitas
1753 4915 2061 4969 deduxit”.
2095 4914 2175 4967 Ad
2214 4908 2229 4918 ’⁷

608 5007 847 5060 eumdem
908 5008 1143 5071 modum,
1175 5005 1403 5059 scelesto
1451 5004 1713 5067 daemone,
1743 5004 2020 5073 profugum
2058 5018 2085 5056 a
2120 5020 2178 5058 se

608 5102 773 5170 piunt,
800 5097 1193 5165 llt‘Cquldqualll
1216 5094 1441 5151 subdole
1466 5110 1673 5149 rursum
1694 5095 2025 5161 insequente,
2054 5094 2180 5149 Ser-

607 5199 756 5243 vator
788 5199 967 5243 noster
992 5197 1153 5255 atque
1180 5186 1321 5241 Deus
1346 5200 1439 5255 per
1464 5186 1802 5240 divinitatem
1832 5202 1981 5241 suam
2016 5195 2180 5256 atque

672 5367 719 5398 ⁸⁸
760 5369 923 5421 Exod.
969 5383 1041 5427 tx.
1086 5364 1171 5417 IO.
1262 5364 1307 5394 ⁸⁸
1346 5363 1515 5417 Exod.
1557 5380 1587 5415 x
1615 5403 1630 5427 ,
1677 5365 1827 5419 4-15.

1938 5367 1981 5400 B‘f
2022 5368 2089 5400 ἷΙιί

672 5370 719 5398 ⁸⁸
760 5370 923 5421 Exod.
969 5383 1041 5427 tx.
1086 5370 1171 5417 Il).
1262 5370 1307 5394 "
1346 5370 1515 5417 Exod.
1557 5380 1587 5415 x
1615 5403 1630 5427 ,
1677 5370 1827 5419 4-15.
1938 5370 1981 5400 ⁸⁷
2022 5370 2149 5424 ibid.

601 5438 646 5469 9°
689 5439 855 5490 Exod.
899 5454 1007 5499 χιιι,
1047 5436 1233 5489 217-51.
1310 5435 1353 5465 “
1394 5435 1414 5488 ι
1454 5433 1577 5488 Cor.
1623 5450 1677 5501 χ,
1722 5438 1770 5488 1.
1844 5436 1888 5466 ⁹²
1917 5437 2073 5491 Num.
2114 5457 2162 5499 Χ]

2268 5418 2281 5433 ,
2357 5377 2402 5408 ⁸⁸
2443 5375 2607 5428 Exod.
2653 5392 2744 5438 χι,
2799 5374 2853 5428 5.
2957 5376 3001 5409 ⁸⁸
3042 5374 3212 5431 Exod.
3266 5393 3303 5429 x‘

2280 5450 2333 5504 ὲ.
2408 5446 2452 5477 ’³
2486 5446 2613 5499 ibid.
2656 5446 2740 5498 10.
2776 5512 2783 5521 ν
2818 5447 2865 5477 9*
2900 5446 3043 5500 Psal.
3086 5462 3232 5511 xxtv,
3274 5448 3303 5499 7

2350 4462 2470 4518 Jun.
2493 4464 2597 4519 Per
2623 4466 2934 4533 bonitatem,
2964 4478 3017 4523 et
3040 4470 3233 4533 solum,
3256 4472 3492 4527 universi
3520 4477 3828 4530 creationem

2282 4556 2447 4611 Deum
2502 4558 2712 4623 fecisse,
2766 4574 2831 4613 ex
2876 4561 3215 4628 sapientibus
3270 4554 3472 4618 nostris
3523 4566 3829 4630 didicimus;

2282 4663 2409 4702 nam
2444 4649 2494 4701 itt
2530 4649 2741 4703 Da'vidis
2788 4650 3014 4706 Psalmis
3048 4653 3159 4707 haec
3188 4665 3315 4708 sunt
3342 4655 3506 4709 verba
3534 4672 3549 4709 :
3589 4675 3609 4707 ‹
3643 4654 3833 4711 Secun-

2283 4740 2409 4793 dum
2444 4739 2866 4794 misericordiam
2914 4752 3057 4795 tuam
3110 4755 3375 4798 memento
3405 4746 3508 4799 mei
3560 4756 3613 4798 tu
3632 4746 3700 4799 ".
3731 4765 3747 4798 ι
3776 4746 3833 4799 Ει

2287 4847 2516 4909 rursus:
2553 4851 2570 4883 ι
2603 4831 2784 4887 Dulcis
2839 4844 2891 4886 et
2933 4846 3113 4889 rectus
3163 4836 3436 4903 Dominus,
3480 4848 3701 4906 pr0pter
3748 4816 3835 4893 hoc

2286 4922 2449 4991 legem
2479 4925 2623 4977 dabit
2656 4926 3088 4995 delinquentibus
3111 4927 3162 4981 itt
3192 4929 3274 4981 via
3298 4929 3363 4983 ”.
3398 4947 3417 4979 ι

2356 5013 2574 5067 Cnatsr.
2600 5012 2751 5077 Quod
2784 5015 2828 5069 si
2859 5030 2923 5068 ex
2957 5017 3215 5079 bonitate,
3241 5026 3299 5069 ut
3329 5027 3474 5071 certe
3502 5032 3565 5071 ex
3592 5018 3832 5080 bonitate,

2288 5104 2429 5158 Deus
2461 5106 2726 5158 hominem
2760 5106 3050 5161 fabricatus
3080 5118 3197 5173 est;
3232 5118 3433 5176 quanto
3457 5110 3625 5178 magis
3654 5123 3831 5164 sariam

2290 5203 2483 5248 tectam
2522 5197 2656 5247 tueri
2689 5193 2947 5250 fabricam
2978 5196 3223 5262 decebat,
3263 5211 3359 5251 nec
3402 5200 3741 5253 committere
3788 5204 3834 5250 ut

2957 5376 3001 5409 θ’
3042 5374 3212 5431 Exod.
3266 5392 3360 5431 xtn
3394 5342 3419 5439 .-
3469 5377 3539 5431 2‘2
3572 5394 3588 5440 ;
3633 5395 3754 5445 xlv,
3788 5378 3833 5433 8.

2957 5447 3043 5499 sal.
3086 5462 3232 5503 xxtv.
3274 5448 3323 5500 7.
3399 5449 3443 5479 ⁸³
3482 5448 3612 5500 ibid.
3653 5450 3706 5503 8.

3310 5488 3323 5500 .
3400 5463 3443 5479 "‘
3482 5463 3612 5500 IDltl.
3653 5463 3706 5504 ὅ.

2357 5377 2402 5408 ⁸⁸
2443 5375 2607 5428 Exod.
2653 5392 2702 5428 ιιι
2730 5416 2744 5438 ,
2799 5374 2853 5428 5.

668 5598 777 5671 (27;)
818 5599 956 5671 Qitat
1000 5608 1051 5649 et
1090 5602 1190 5654 hoc
1232 5577 1533 5671 philosophi
1567 5599 1745 5653 nescio
1778 5598 1923 5668 cujus
1952 5641 1965 5665 ,
2000 5602 2161 5657 etiam
2184 5600 2475 5671 Gregorius
2513 5601 2811 5670 'I'heologus
2835 5610 2974 5657 orat.
3011 5601 3077 5657 In
3115 5618 3297 5658 novam
3320 5602 3673 5659 Dominicam.

652 5668 784 5727 -(2i)
816 5667 1068 5723 Nazianz.
1100 5667 1246 5725 orat.
1270 5668 1333 5723 In
1363 5670 1685 5723 tarditatem.
