3952 6328
85 255 202 317 815

1135 254 1515 319 numth
1552 254 1851 315 comm
1900 219 2269 319 Juoaos.’

3174 275 3237 335 Si
3248 277 3276 333 ii

84 382 218 425 uere
249 365 401 418 vultis
429 367 557 434 quid
588 365 653 421 de
683 365 968 437 Uuigenito
987 377 1224 428 censeat.
1253 370 1431 423 audite
1452 368 1624 436 palam
1654 375 1700 431 Α
1730 378 1933 423 naturte
1983 370 2096 440 lege
2150 373 2482 455 desperatum
2531 386 2636 433 est.
2679 396 2697 429 ι
2761 381 3071 448 lioqttiescnt
3124 403 3283 455 Stlpt't‘

84 446 458 500 turiferanteut
495 467 508 502 :
547 466 566 498 t
605 446 864 502 parvulus
901 457 1056 503 natus
1090 456 1171 503 est
1198 450 1374 515 nobis,
1405 451 1631 506 etdllius
1731 475 1850 514 cum
1880 461 2111 530 Spiritus
2148 442 2377 518 Πῦιιιίιιῑ.
2415 467 2432 516 i
2472 471 2644 537 Super
2673 474 2865 539 queui?
2893 491 3049 543 super
3084 442 3280 533 radicis
3342 517 3345 520 ρ

82 548 241 593 natus
259 552 334 594 est
363 541 539 617 nobis,
576 552 631 594 et
660 541 830 595 laetus
855 552 933 595 est
975 542 1303 610 principatus
1340 557 1501 612 super
1528 542 1628 597 hu-

86 647 284 684 mentm
309 630 422 696 ejus
448 633 490 685 '.
531 650 549 683 ι
586 632 822 698 Quorum
876 634 1155 686 verborum
1184 633 1319 686 ‘Iuee
1358 635 1623 689 sententia

84 731 158 774 νει
189 738 207 775 :
235 722 421 790 Opifex
470 723 560 777 ille
607 722 768 776 futuri
811 737 874 777 ac
901 722 1152 792 perennis
1176 725 1297 789 aavi,
1333 723 1496 788 Dens,
1530 738 1625 791 po-

81 823 238 873 tens,
293 813 540 881 princeps
596 804 746 881 pacis
809 822 970 892 alque
1019 822 1241 877 custos,
1306 812 1625 892 Unigenitus

76 901 280 965 :etet‘ni,
302 912 355 956 et
381 904 504 956 sine
532 896 794 970 principio
824 889 1021 967 Patris,
1058 901 1343 970 postremis
1373 889 1623 972 tempori-

82 997 175 1045 luis
224 995 334 1046 sine
375 993 672 1047 mutatione
716 998 953 1062 corpore
995 993 1237 1057 indutus,
1276 985 1416 1052 Puer
1469 997 1622 1049 nubis

81 1091 249 1146 natus,
286 1081 451 1136 Filius
506 1084 661 1138 nobis
712 1083 872 1140 datus
910 1096 995 1141 est
1034 1105 1049 1140 :
1102 1087 1258 1141 datus
1302 1086 1443 1156 quod
1481 1081 1619 1154 erat,

81 1175 239 1237 Deus;
273 1184 426 1226 natus
453 1175 594 1243 quod
642 1190 745 1231 non
790 1187 926 1243 erat,
961 1178 1141 1231 homo.
1176 1196 1194 1229 t
1234 1175 1304 1232 Ει
1332 1172 1515 1232 lactus
1538 1186 1620 1232 est

80 1262 399 1331 principatus
444 1278 604 1332 super
647 1264 928 1320 humerum
962 1266 1117 1337 ejus;
1169 1281 1353 1329 serua
1392 1267 1614 1331 scilicet,

83 1354 304 1407 victoria:
334 1363 388 1407 et
416 1354 744 1423 principatus
772 1359 1003 1426 signum.
1331 1356 1334 1359 Α

148 1441 253 1496 dam
287 1442 520 1498 Michzctc
546 1444 656 1499 hate
682 1457 807 1499 sunt
849 1447 1006 1501 verba
1036 1463 1094 1506 ιι
1134 1446 1198 1502 Et
1228 1456 1281 1502 tu
1318 1444 1612 1510 Bethleem,

87 1542 214 1583 terra
240 1532 395 1596 Iuda,
435 1548 768 1603 nequaquam
828 1536 1045 1591 minima
1086 1552 1145 1592 es
1193 1538 1245 1590 in
1289 1535 1615 1606 principibus

80 1620 241 1675 Joda:
281 1635 340 1674 ex
377 1632 429 1677 te
474 1624 617 1702 enim
662 1626 805 1679 exiet
851 1625 980 1689 dux,
1030 1626 1123 1695 qui
1172 1636 1319 1696 regat
1363 1626 1613 1693 pepulnm

1716 551 1938 606 scilicet
1961 552 2172 614 ﬂoretn.
2219 566 2272 609 et
2302 554 2536 626 Virginis
2581 570 2783 617 natum.
2824 564 2954 617 Nam
2992 568 3165 622 simile
3202 576 3275 626 si-

1712 640 1840 714 ‘mili
1868 643 2147 697 coiilcsrit.
2181 644 2392 713 Septem
2441 662 2565 719 vero
2604 649 2832 718 Spiritus
2880 667 3083 725 Septem
3137 661 3273 717 duna

1728 729 1959 799 Spiritus
1988 732 2244 802 intclllge.
2391 796 2395 799 τ

1797 824 1956 877 Addit
2002 840 2162 893 porro
2199 844 2212 880 :
2254 845 2271 876 ‹
2298 825 2410 880 Non
2444 830 2737 884 secundum
2789 837 3047 891 visionem
3088 841 3271 891 oculu-

1728 930 1844 967 rum
1887 914 2148 983 jtltlicnbit
2177 957 2192 981 ,
2229 933 2400 986 neque
2442 920 2733 973 secundum
2786 925 3017 978 andilnm
3062 931 3269 997 aurium

1727 1013 1951 1074 arguet;
1980 1025 1998 1057 ι
2060 1007 2302 1061 homines
2333 1010 2475 1062 enim
2528 1028 2632 1064 non
2688 1030 2752 1066 ex
2788 1028 2962 1082 mque,
3003 1028 3056 1071 et
3088 1021 3271 1085 explo-

1724 1102 1840 1145 rata
1874 1093 2121 1172 veritate,
2168 1097 2261 1148 sed
2313 1111 2376 1149 ex
2426 1102 2704 1166 appareuti
2757 1118 2911 1171 aequo
2939 1115 2991 1156 et
3043 1109 3270 1173 veritate

1715 1184 1981 1253 judicant.
2020 1184 2172 1251 Quod
2198 1189 2528 1255 perspiciens
2561 1191 2751 1256 David,
2781 1206 2901 1248 orat
2948 1212 2961 1247 :
3020 1215 3039 1246 ι
3072 1195 3257 1253 Judica

1722 1290 1827 1339 nte,
1863 1276 2105 1339 Domine,
2150 1279 2718 1342 secundumjustitiam
2740 1286 2971 1348 meum",
3004 1303 3024 1336 ι
3060 1303 3161 1341 non
3202 1304 3265 1341 ex

1722 1362 1977 1440 ineffabili
2023 1375 2078 1419 et
2124 1366 2388 1419 immenso
2432 1369 2659 1435 jnstitia:
2701 1381 2803 1425 tua:
2848 1375 3053 1441 pelago.
3092 1377 3267 1445 Atque

1721 1450 1773 1504 id
1807 1467 1990 1505 verum
2048 1467 2169 1507 esse
2199 1454 2475 1507 declarant
2509 1471 2628 1523 quae
2672 1471 2991 1528 sequuntur,
3035 1464 3267 1532 prophe-

1720 1550 1789 1596 ta:
1823 1542 1984 1596 verba
2015 1558 2030 1594 :
2075 1560 2094 1593 ι
2132 1542 2236 1596 Sed
2279 1542 2544 1610 judicabit
2597 1546 2646 1596 in
2670 1545 2882 1613 justitia
2916 1565 3197 1620 pauperes,
3240 1573 3259 1603 ι

1720 1620 1770 1685 id
1825 1645 1908 1687 est
1958 1633 2140 1687 animo
2185 1633 2415 1687 humiles
2463 1651 2560 1703 pro
2589 1635 2799 1704 justitia
2844 1655 2941 1694 sua
2990 1642 3261 1709 explorata

81 1725 242 1762 meum
289 1708 474 1775 Israel,
514 1720 567 1764 et
599 1726 846 1781 egressus
884 1712 1002 1782 ejus
1042 1713 1109 1768 ab
1157 1713 1329 1776 initio,
1365 1727 1393 1766 a
1423 1713 1602 1769 diebus

1715 1722 2024 1789 coronabit;
2072 1724 2521 1791 quemadmodum
2566 1728 2631 1781 tle
2687 1728 2789 1783 hoc
2834 1746 3073 1800 quoque.
3099 1732 3260 1789 David
3298 1794 3303 1799 _

76 1800 372 1853 .rternitatis
389 1802 431 1855 '.
475 1820 493 1852 ι
528 1802 679 1868 Quod
704 1802 747 1854 si
779 1803 847 1855 ab
884 1798 1098 1858 aeternis
1127 1806 1456 1873 temporibus
1491 1806 1612 1872 ejus

76 1893 217 1958 origo
254 1901 351 1956 est,
401 1892 565 1959 igitur
601 1892 690 1960 qui
720 1960 721 1963 η
746 1901 901 1947 natus
940 1903 1045 1956 est,
1098 1892 1235 1949 Deus
1264 1905 1366 1960 est,
1417 1894 1611 1949 nullius

78 1981 207 2032 enim
241 1982 364 2031 tueri
403 1981 637 2034 hominis
668 1983 719 2035 in
752 1984 898 2039 omni
928 1985 1183 2039 memoria
1223 1994 1304 2041 est
1344 1986 1414 2039 ab
1453 1996 1609 2042 aeter—

80 2069 150 2121 nis
200 2068 710 2141 temporibus'origo
765 2072 989 2137 audita,
1043 2074 1134 2128 sed
1188 2073 1320 2141 Dei,
1377 2076 1608 2133 hominis

79 2156 207 2211 1καί.

573 2270 796 2328 CAPUT
848 2271 1081 2327 XXXIII.

276 2401 433 2456 Isaia:
472 2403 774 2457 vaticinium
812 2405 1010 2473 egregie
1047 2403 1387 2473 explicatum.

141 2514 351 2568 Rursum
403 2515 601 2570 scribit
638 2515 801 2570 Isaias
845 2533 858 2568 :
900 2533 919 2567 ι
973 2514 1286 2587 Egredietur
1335 2518 1480 2586 virga
1538 2519 1605 2573 de

83 2606 237 2659 radice
273 2605 441 2670 Iesse,
489 2616 543 2661 et
588 2605 684 2661 llos
730 2607 794 2661 de
840 2605 1020 2661 radice
1051 2607 1167 2675 ejus
1210 2610 1489 2662 ascendet.
1540 2606 1604 2663 Et

85 2696 350 2762 requiescet
402 2710 565 2763 super
609 2710 729 2749 eum
784 2695 1017 2763 Spiritus
1066 2692 1275 2748 Domini
1313 2712 1328 2749 :
1371 2692 1603 2765 Spiritus

82 2786 348 2851 sapientiae,
379 2797 434 2840 et
471 2786 796 2851 intellectus,
835 2782 1069 2854 Spiritus
1104 2785 1336 2850 consilii,
1368 2796 1422 2839 et
1450 2785 1601 2840 foﬂi-

83 2876 277 2938 Iudinis,
324 2875 556 2944 Spiritus
600 2876 856 2939 Scientias,
899 2884 955 2929 et
1002 2875 1236 2942 pietatis,
1287 2882 1343 2930 et
1375 2875 1599 2943 rcplebit

80 2980 178 3017 cum
210 2965 437 3034 Spiritus
476 2968 681 3021 timoris
723 2965 931 3021 Domini
982 2983 994 3018 :
1039 2981 1142 3020 non
1191 2967 1483 3020 secundum
1518 2967 1591 3020 vi-

1712 1815 2020 1881 prolitetur:
2048 1833 2065 1864 ι
2094 1813 2159 1867 Ει
2185 1816 2411 1869 humiles
2430 1818 2615 1884 spiritu
2640 1820 2889 1883 salvabit,
2917 1832 2970 1875 et
3000 1833 3257 1878 terrarum
3330 1876 3339 1881 _

1712 1901 1945 1959 illustres
2007 1916 2067 1954 ex
2117 1917 2272 1972 req-to
2336 1907 2564 1974 corriget
2614 1909 2689 1972 ιθς
2728 1928 2745 1958 ι
2814 1891 3082 1966 terrarum
3133 1914 3254 1968 illu.

1708 2005 1848 2049 strcs
1875 1994 1962 2048 hic
1997 1996 2268 2057 daemones
2303 1997 2572 2064 cngitandi
2606 2008 2750 2064 sunt,
2782 2010 2833 2054 et
2861 2016 3047 2055 eorum
3082 2002 3259 2058 admi-

1710 2084 1909 2141 nistri:
1960 2084 2154 2138 merito
2199 2084 2363 2150 enim,
2413 2088 2504 2156 qui
2555 2090 2735 2141 mundi
2789 2091 3061 2160 principes
3110 2106 3257 2159 sunt,

1708 2174 1864 2229 terra:
1890 2186 2105 2245 quoque
2130 2175 2365 2229 illustres
2387 2188 2534 2241 sum,
2563 2179 2625 2230 de
2660 2176 2830 2246 iisque
2863 2193 2915 2234 et
2945 2182 3109 2237 David
3141 2168 3253 2237 aiti

1711 2279 1729 2311 ι
1762 2264 1989 2331 Arguam
2020 2260 2100 2324 te,
2128 2275 2182 2317 et
2210 2254 2442 2316 statuam
2476 2273 2659 2317 contra
2696 2266 2885 2321 facient
2937 2278 3081 2322 tuam
3130 2272 3195 2323 ιι.
3231 2292 3249 2322 ι

1707 2350 1857 2413 Quod
1886 2352 2032 2402 addit
2067 2367 2080 2403 :
2118 2369 2135 2400 ι
2182 2348 2459 2405 Percutict
2508 2362 2706 2405 terram
2745 2355 2891 2422 virga
2934 2357 3046 2408 oris
3092 2358 3197 2420 sui,
3227 2377 3247 2410 ι

1705 2441 2003 2493 dzemonnm
2056 2431 2348 2507 perniciem
2378 2451 2546 2494 notat.
2580 2441 2710 2494 Nam
2748 2456 2803 2497 ut
2836 2444 3064 2499 de-caali
3098 2428 3254 2501 moli.”-

1708 2530 1849 2585 tione
1876 2531 2063 2585 scribit
2090 2531 2300 2593 David:
2356 2550 2375 2583 ι
2410 2530 2582 2586 Verbo
2632 2534 2840 2587 Domini
2884 2535 3003 2588 coeli
3056 2534 3252 2592 firmati

1705 2627 1932 2680 suntaet
1958 2621 2149 2689 spiritu
2184 2622 2295 2675 oris
2325 2621 2440 2689 ejus
2476 2622 2651 2675 omnis
2685 2620 2854 2677 virtus
2883 2638 3070 2680 eorum
3097 2628 3177 2692 ης
3228 2644 3247 2675 ι

1703 2709 1775 2761 ita
1802 2720 1855 2763 et
1885 2710 2045 2765 Isaias
2078 2720 2131 2765 et
2157 2692 2454 2767 deminuunt
2481 2713 2769 2781 perniciem
2796 2724 2955 2784 atque
2975 2711 3249 2773 interitum

1706 2800 2041 2865 vaticinans,
2094 2811 2293 2855 terram
2342 2803 2422 2854 sui
2472 2803 2581 2856 oris
2619 2802 2793 2858 ell'atis
2844 2802 3247 2861 vetberaturunn

1703 2887 1959 2955 ptm‘tlicit.
1998 2906 2016 2938 ι
2046 2885 2276 2943 Verbum
2317 2891 2453 2954 oris,
2484 2907 2504 2941 ι
2554 2892 2886 2960 unigenitum
2923 2892 3120 2949 Filium
3156 2909 3248 2950 vo-

1699 2993 1850 3031 cans.
1888 2997 1905 3029 (
1943 2978 2002 3031 Et
2040 2979 2231 3048 spiritu
2260 2981 2522 3047 labici-um
2566 2996 2786 3037 suorum
2821 2983 3107 3040 interﬁciat
3142 2986 3245 3040 itu-

248 3027 264 3034 _
1894 3027 1904 3029 _
2041 3027 2231 3048 Ἰν---
2261 3027 2521 3047 ---φρ-η-
2567 3027 2786 3037 __-.-.-..
2821 3027 3107 3040 ....-...-....

81 3054 252 3109 sionem
282 3057 559 3111 oculorum
584 3056 867 3123 judicabit,
902 3070 1075 3127 neque
1110 3056 1402 3110 secundum
1439 3057 1596 3111 audi-
1623 3027 1667 3086 ο
1702 3067 1880 3135 pium;
1916 3085 1934 3118 ι
1974 3067 2060 3121 hic
2088 3082 2298 3121 rursum
2331 3071 2619 3141 denunties,
2650 3079 2915 3125 eteorum
2947 3072 3244 3126 administri

78 3152 170 3198 tum
193 3146 393 3199 aurium
436 3156 619 3215 arguet
651 3146 1063 3214 :scdjudicabit
1090 3147 1139 3199 in
1159 3146 1363 3215 justitia
1394 3162 1595 3216 paupe-

81 3249 169 3301 res,
199 3248 248 3292 et
276 3248 465 3307 arguet
495 3239 548 3291 in
576 3239 825 3305 aequitate
858 3252 956 3308 pro
985 3239 1278 3293 mansuetis
1310 3246 1467 3293 terra:
1495 3255 1509 3291 :
1542 3248 1598 3294 et

78 3330 307 3394 [muniet
336 3338 538 3383 terram
566 3329 714 3398 virga
739 3329 852 3384 eris
880 3329 987 3394 sui,
1018 3339 1075 3383 et
1104 3329 1295 3396 spiritu
1331 3330 1592 3384 labiorum

82 3420 328 3497 interﬁci‘et
349 3420 594 3489 impium.
630 3418 694 3472 Et
730 3421 834 3474 erit
853 3419 1060 3487 justitia
1085 3419 1357 3487 cingulum
1391 3420 1596 3473 lumbo-

84 3504 172 3561 rinn
191 3510 321 3579 ejus,
350 3519 404 3564 et
434 3510 567 3565 ﬁdes
592 3508 916 3563 cinctorium
942 3521 1130 3563 renum
1158 3508 1293 3577 ejus.
1325 3507 1598 3563 Hahitahit

79 3596 208 3667 lupus
234 3615 351 3655 cum
387 3613 524 3669 agno
551 3614 568 3655 :
599 3607 655 3655 et
684 3599 883 3669 pardus
916 3613 1036 3655 cum
1075 3600 1228 3655 haedo
1268 3599 1549 3655 accubabit
1578 3616 1594 3653 :

79 3691 247 3745 vitulus
274 3702 326 3747 et
355 3692 460 3756 leo,
488 3700 543 3745 et
585 3692 701 3745 ovis
746 3691 905 3745 simul
952 3675 1321 3757 morabuntur,
1365 3702 1418 3746 et
1465 3708 1595 3761 puer

80 3784 300 3847 parvulus
328 3783 559 3838 minabit
586 3797 700 3839 eos.
741 3780 947 3849 Vitulus
989 3792 1042 3839 et
1071 3798 1229 3838 ursus
1264 3796 1548 3853 pascentur
1577 3803 1591 3840 :

80 3873 211 3929 simul
236 3876 574 3944 requiescent
622 3873 783 3927 catull
823 3870 1007 3928 eorum
1053 3890 1069 3926 :
1113 3883 1167 3927 et
1204 3872 1286 3929 leo
1315 3878 1464 3943 quasi
1499 3876 1594 3931 bos

79 3968 285 4022 comedet
330 3966 537 4035 paleas.
596 3965 659 4019 Et
707 3964 1057 4020 delectabitur
1103 3964 1280 4021 infans
1322 3966 1389 4022 ab
1433 3966 1595 4023 ubere

79 4071 210 4121 super
246 4057 513 4112 foramine
544 4051 746 4125 aspidis
776 4073 790 4110 :
831 4065 884 4109 et
914 4056 965 4108 in
1006 4067 1233 4109 caverna
1280 4055 1467 4127 reguli,
1504 4058 1593 4126 qui

81 4132 347 4201 ablat-tatus
374 4145 558 4211 fuerit,
596 4158 817 4199 manum
860 4161 1011 4213 suam
1045 4147 1241 4201 mittet.
1287 4144 1403 4200 Non
1434 4160 1594 4201 noce—

79 4235 199 4301 bunt,
234 4246 290 4291 et
338 4251 446 4290 non
491 4235 738 4291 occident
786 4234 839 4288 in
890 4235 1141 4289 universo
1186 4247 1367 4289 monte
1408 4232 1594 4290 sancto

1698 3153 2165 3219 arcipiendisunt,
2213 3170 2349 3223 quos
2398 3157 2553 3224 paulo
2600 3168 2723 3212 ante
2787 3176 2805 3208 ι
2838 3158 3112 3213 illustres:
3154 3176 3247 3214 no.

1698 3241 1940 3296 minavit.
1975 3242 2150 3312 Atque
2194 3245 2243 3300 ei
2287 3254 2481 3299 nostra:
2533 3246 2761 3301 orationi
2810 3248 2969 3333 [idem
3020 3248 3242 3313 faciunt,

1696 3331 1894 3385 Christi
1919 3332 2023 3384 mei
2058 3333 2111 3385 in
2132 3330 2361 3387 furiosos
2386 3332 2638 3387 miracula
2663 3330 2963 3389 luculenta.
2996 3352 3014 3385 ι
3045 3335 3111 3389 Ει
3140 3336 3244 3391 erit

1689 3417 1896 3484 justitia
1945 3420 2218 3489 cingulum
2254 3421 2552 3482 lumborum
2594 3424 2731 3492 ejus,
2777 3430 2831 3477 et
2875 3424 3004 3480 lides
3035 3427 3237 3507 cincto-

1697 3509 1831 3563 rium
1858 3522 2043 3565 renum
2069 3511 2214 3580 ejus;
2245 3530 2263 3563 ι
2296 3512 2502 3573 lumbos
2522 3522 2578 3567 et
2608 3513 2772 3591 latera
2796 3514 3005 3580 dicens,
3031 3531 3239 3571 onmem

1694 3606 1941 3674 corporis
1970 3606 2487 3676 coagmentationem
2530 3608 2722 3673 innuit,
2766 3616 2820 3663 et
2870 3624 3057 3664 meum
3082 3610 3241 3664 Chri-

1695 3708 1836 3753 stum
1888 3699 2210 3769 ipsissimam
2264 3714 2385 3754 esse
2450 3699 2714 3767 justitiam
2762 3712 2812 3752 et
2862 3701 3057 3767 Iidem;
3100 3704 3239 3771 quod

1695 3793 2019 3861 praesagiens
2045 3801 2097 3847 et
2133 3791 2311 3847 David
2336 3794 2453 3847 ait:
2507 3793 2777 3865 «iustitia
2819 3807 2903 3849 tua
2936 3796 3143 3865 justitia
3187 3799 3237 3851 in

1696 3869 1980 3947 auernnm,
2015 3895 2067 3939 et
2092 3884 2176 3938 lex
2209 3896 2296 3938 tua
2323 3886 2519 3939 veritas
2555 3885 2617 3938 ".
2658 3906 2676 3937 ι

1764 3970 1917 4037 Quod
1965 3972 2148 4028 subdit
2190 3990 2204 4025 :
2246 3991 2266 4024 ι
2300 3974 2572 4029 llabilabil
2627 3978 2781 4045 lupus
2831 3993 2950 4032 cmn
3002 3996 3139 4050 agno
3187 3996 3240 4035 et

1695 4064 1889 4131 pardus
1927 4076 2049 4117 cum
2093 4063 2248 4118 haedo
2289 4064 2576 4118 accubabit
2616 4087 2628 4119 :
2668 4066 2883 4131 vitulus,
2931 4078 2985 4122 et
3034 4071 3135 4134 leo,
3186 4087 3239 4124 et

1694 4150 1810 4205 ovis
1840 4148 1999 4204 simul
2049 4152 2401 4207 morabuntur
2430 4168 2445 4206 :
2482 4154 2681 4208 vitulus
2716 4164 2767 4208 et
2805 4171 2962 4211 ursus
2996 4173 3225 4226 pascen-

1696 4249 1803 4293 tur.
1855 4236 2026 4294 Simul
2072 4243 2412 4320 requiescent
2447 4242 2612 4297 catuli
2648 4258 2873 4324 eorum.
2908 4264 2925 4296 ι
2967 4245 3041 4299 Ex
3094 4254 3237 4303 muni

81 4337 205 4379 ineo:
232 4325 356 4393 quia
399 4324 598 4393 repleta
631 4315 715 4377 e'st
751 4331 895 4378 terra
926 4321 1148 4376 scientia
1189 4321 1419 4389 Domini,
1452 4325 1592 4379 sicut
1620 4347 1664 4403 ι)
1694 4330 1953 4384 memoria
1993 4331 2045 4385 iu
2091 4331 2289 4401 pietate
2314 4317 2655 4387 consensum
2682 4345 2735 4388 et
2779 4338 3234 4405 conspirationem

79 4428 199 4483 aqua
221 4419 387 4473 maris
412 4417 741 4487 operientes.
782 4415 834 4469 ln
866 4414 955 4471 die
985 4415 1074 4477 illa
1105 4416 1253 4470 radix
1296 4414 1466 4481 Jesse,
1502 4418 1591 4486 qui

78 4517 159 4559 stat
200 4511 249 4563 in
300 4508 511 4579 signum
555 4507 893 4576 populorum,
935 4505 1105 4575 ipsum
1136 4517 1319 4575 gentes
1342 4508 1594 4575 depreca—

82 4594 267 4659 buntur,
297 4608 353 4651 et
394 4596 500 4650 erit
526 4595 831 4665 sepulcrum
865 4594 982 4664 ejus
1017 4595 1303 4663 gloriosum
1332 4596 1373 4650 ⁸.
1414 4614 1433 4648 ι
1468 4596 1594 4662 Quae

81 4696 141 4738 est
186 4687 299 4741 haec
350 4688 501 4742 radix
549 4686 743 4743 Jrsscl
800 4702 864 4742 ex
919 4685 1079 4742 eli‘eto
1134 4697 1288 4741 utero
1338 4698 1594 4755 prognata

86 4772 229 4846 Virgo.
264 4778 400 4844 Quis
430 4793 555 4833 vero
585 4779 723 4833 llos?
750 4794 816 4833 ex
861 4776 1080 4846 Virgine
1119 4776 1428 4836 incarnatus
1472 4780 1594 4834 sine

81 4872 338 4924 mutatione
365 4868 528 4923 Deus.
566 4865 676 4922 Cur
714 4876 892 4922 autem
942 4881 1050 4921 non
1096 4869 1171 4922 ait
1215 4885 1229 4923 :
1288 4868 1595 4937 Egredietur

82 4953 293 5030 (intctus)
322 4960 388 5013 de
423 4958 637 5022 radice;
683 4956 775 5012 sed
805 4954 930 5011 Flos
962 4952 1027 5012 de
1058 4956 1234 5011 radice
1261 4958 1372 5039 ejus
1404 4972 1594 5031 ascen-

80 5044 182 5098 det?
209 5065 227 5098 ι
257 5046 484 5115 Propter
509 5054 774 5100 summam
797 5043 1035 5112 Virginis
1066 5046 1446 5115 integritatem,
1477 5062 1594 5116 qua:

82 5135 215 5192 virum
245 5140 449 5194 nullum
499 5150 718 5206 experta
769 5144 928 5193 esset.
965 5136 1097 5190 Nam
1145 5137 1452 5199 sterilitates
1481 5138 1595 5196 dis-

79 5229 249 5287 solvere
274 5232 587 5302 plerumque
618 5232 707 5285 Dei
735 5229 1029 5300 potentiam
1062 5239 1403 5299 repraesentat
1437 5246 1450 5281 :
1485 5246 1588 5285 ca:-

81 5319 220 5371 lerum
247 5319 522 5388 Virginem
554 5333 744 5387 parere
774 5331 896 5371 cum
936 5317 1052 5370 viro
1090 5329 1191 5371 neu
1234 5330 1596 5385 congressum,

127 5519 143 5550 '
175 5521 271 5578 Isa.
344 5538 432 5584 ix,
472 5520 526 5572 6.
601 5520 629 5552 ’
658 5518 820 5573 Mich.
892 5534 945 5578 ν.
987 5517 1051 5580 2;
1094 5516 1279 5572 Matth.
1323 5536 1382 5584 Il,
1421 5519 1474 5572 6.
1536 5520 1568 5579 3
1611 5522 1710 5575 Isa.
1781 5537 1858 5586 χι,
1898 5523 2043 5576 l-IO.
2119 5484 2306 5578 ’(Psal.
2365 5536 2457 5587 vn,
2500 5523 2550 5578 1.

139 5590 265 5649 Psal.
308 5607 453 5656 uix,
487 5590 573 5643 21.
653 5590 695 5621 ι’
719 5587 863 5644 Psal.
892 5602 1063 5654 χχιιι,
1097 5588 1147 5641 6.
1230 5589 1270 5619 ⁸³
1296 5590 1442 5643 Psal.
1471 5604 1655 5656 cxvnt,
1689 5591 1803 5643 H2.

84 5583 113 5617 “
139 5590 265 5649 Psal.
294 5583 453 5664 aiax,
487 5590 573 5643 21.
653 5590 695 5621 ι’
719 5587 863 5644 Psal.
892 5602 1063 5654 χχιιι,
1097 5588 1147 5641 6.

1697 4429 1867 4474 notat.
1901 4418 1978 4475 Ac
2010 4420 2454 4488 quemadmodum
2490 4423 2674 4478 Daniel
2718 4426 2897 4479 decem
2945 4440 3101 4496 regna
3146 4444 3239 4497 pci-

1707 4507 1892 4561 decem
1923 4521 2125 4561 cornua
2155 4509 2418 4578 designat,
2457 4511 2531 4564 ita
2568 4520 2621 4565 et
2655 4510 2819 4567 Isaias
2854 4528 2949 4581 per
2986 4517 3097 4569 haec
3126 4521 3240 4571 ani-

1696 4593 2215 4658 malia,.exterorum
2249 4596 2637 4651 varietatemet
2674 4599 3063 4658 diversitatem.
3123 4624 3141 4654 ι
3178 4606 3240 4658 lit

1695 4701 1828 4756 puer
1863 4686 2114 4754 parvulus
2138 4689 2362 4761 minabit
2388 4700 2502 4750 eos,
2526 4707 2545 4738 ι
2583 4698 2799 4745 exteros
2824 4693 3046 4756 scilicet,
3074 4706 3229 4750 natus

1693 4779 1785 4832 ille
1832 4780 1983 4834 nobis
2028 4787 2081 4831 et
2135 4779 2467 4853 condonatus
2518 4793 2657 4846 puer
2702 4779 2966 4845 Christus,
3014 4799 3258 4863 quorum

1698 4869 1899 4941 primos
1930 4868 1996 4921 ad
2050 4866 2130 4922 sui
2181 4866 2544 4921 ador-stionem
2597 4869 2815 4922 adduxit
2868 4870 3069 4941 Magos.
3124 4892 3141 4924 ι
3175 4876 3240 4927 Et

1697 4937 1962 5024 leoquasi
2011 4956 2110 5010 bos
2156 4961 2400 5010 comedet
2432 4958 2633 5024 paleas,
2668 4976 2686 5008 ι
2737 4971 2953 5028 propter
2988 4964 3235 5015 Ullitlllt‘lll

1697 5046 1999 5100 divinitatis
2030 5062 2147 5098 cum
2205 5047 2535 5101 humanitate
2585 5048 2637 5101 in
2672 5065 2773 5101 una
2805 5051 3097 5119 eademque
3145 5057 3241 5120 hy-

1698 5138 1898 5206 postasi
1948 5137 2166 5191 factum.
2224 5137 2330 5191 Nec
2382 5152 2510 5193 vero
2554 5141 2847 5209 incongrue
2900 5143 3138 5197 Romano
3188 5146 3239 5196 id

1698 5229 2048 5298 applicaveris
2073 5229 2320 5298 imperio,
2350 5240 2562 5299 propter
2591 5230 2858 5285 lconinum
2888 5234 3134 5301 quiddam
3178 5252 3241 5288 ac

1708 5319 1904 5388 regale,
1947 5319 2085 5387 quod
2117 5321 2347 5387 primum
2390 5320 2488 5373 levi
2529 5335 2591 5374 ac
2620 5322 2801 5375 divino
2836 5324 2985 5393 jugo,
3037 5325 3089 5376 id
3135 5336 3241 5389 est,

2644 5525 2687 5555 ¹⁰
2722 5522 2860 5578 Psal.
2923 5540 3109 5589 χχχιιι,
3158 5528 3238 5582 lii.
3288 5516 3291 5519 ’
