3952 6328
665 269 776 337 84⁸1
1884 270 2308 333 ANDRONICI
2351 270 2691 330 COMNENI
3759 271 3844 334 848

667 387 974 456 ct'angnlit‘o
1015 386 1282 454 prmconio
1326 388 1588 441 cervicem
1635 385 1959 452 subiecerat,
2001 385 2223 454 reliquis
2259 384 2574 450 A'idcmqttc
2623 397 2838 436 rursum
2889 382 3126 436 ibidem:
3170 402 3186 432 ι
3231 382 3448 435 Orietur
3486 382 3634 435 Stella
3674 399 3729 436 cx
3773 385 3846 436 Ja-

668 478 874 548 populis
905 480 1176 547 palearum
1225 478 1392 531 instar
1437 478 1729 532 devoratis.
1770 495 1787 528 ι
1823 477 1888 530 Ει
1923 477 2218 543 delectabi-
2332 475 2452 538 cob,
2490 483 2545 526 et
2577 482 2829 542 exsurget
2861 475 3019 525 homo
3046 489 3107 526 ex
3149 474 3680 538 Isr:tcl,etpercutivt
3706 477 3846 526 (lurcs

668 580 753 620 tur
807 565 988 621 infans
1039 566 1106 619 ab
1168 567 1329 621 ubere
1380 580 1542 633 super
1596 566 1857 620 foramine
1917 565 2136 632 aspidis.
2198 582 2215 614 ι
2331 565 2483 620 Moab
2510 567 2577 632 ’°,
2616 576 2719 619 aet
2755 581 2871 633 qum
2898 576 3214 634 sequuntur.

667 658 846 710 Infans
875 668 1036 723 atque
1069 653 1274 709 lactens
1301 655 1590 721 Christus;
1621 657 1852 722 aspides,
1885 663 1940 708 et
1977 655 2220 724 aspidum
2399 655 2663 710 Cazterum
2706 671 2891 709 verum
2943 656 3108 710 Deum
3153 671 3274 711 esse
3329 656 3601 709 Christum
3632 696 3645 715 .
3704 659 3842 710 [satis

666 748 877 802 soboles
909 745 1164 799 Pharisaei
1215 761 1275 800 ac
1303 746 1503 800 Scriba:
1551 757 1677 799 sunt
1725 746 2094 815 intelligendi;
2129 761 2221 799 ca-
2330 748 2644 815 comprobat
2673 746 2756 800 bis
2787 749 2965 800 Verbis
3003 763 3015 800 :
3052 764 3072 796 ι
3110 744 3224 799 Νοιι
3257 748 3592 816 angelorum,
3629 763 3720 799 n0n
3767 750 3846 800 bo-

670 853 827 891 verna
874 846 928 889 ct
994 835 1169 890 cubile
1205 834 1510 889 Judaeorum
1559 846 1640 889 est
1693 834 2009 906 Synagoga,
2061 850 2220 904 quam
2333 839 2530 888 minum
2560 837 2868 904 quisquam,
2916 836 3005 888 sed
3055 837 3165 903 ipse
3225 847 3322 888 nos
3374 837 3630 888 Dominus
3687 853 3874 890 sem...

668 928 821 996 pransi
849 931 959 980 lens
1006 929 1059 980 in
1119 928 1349 995 templo,
1407 938 1454 980 et
1514 945 1730 983 manum
1784 932 1994 1000 agitans
2049 932 2222 984 dulcis
2332 929 2405 981 vit
2433 929 2510 990 ²¹;
2548 946 2567 976 ι
2599 939 2770 996 atque
2801 929 2936 980 idem
2981 944 3190 982 rursum
3226 945 3238 979 :
3274 944 3292 977 t
3332 927 3466 981 Ecce
3491 941 3674 980 servus
3701 943 3842 986 nleu‘.

664 1016 818 1069 .Iesus
865 1017 1113 1070 docebat.
1150 1035 1166 1067 ι
1205 1016 1316 1070 Non
1361 1020 1652 1082 nocebunt,
1698 1029 1751 1072 et
1797 1035 1901 1073 n0n
1948 1022 2218 1086 occident,
2329 1017 2616 1086 suscipiam
2657 1033 2779 1069 eum
2826 1035 2852 1090 _:
2907 1019 3112 1071 electus
3170 1033 3319 1072 meus
3379 1036 3392 1071 :
3447 1017 3569 1071 dedi
3622 1014 3842 1085 Spiritum

667 1107 715 1156 in
760 1106 1012 1160 universo
1064 1114 1242 1158 monte
1288 1119 1474 1160 sancto
1525 1123 1664 1160 meo.
1706 1126 1725 1158 ›
1779 1108 2008 1161 Rursum
2049 1108 2222 1180 Syna-
2330 1123 2504 1160 meum
2528 1123 2688 1175 super
2709 1123 2831 1160 eum
2869 1125 2883 1158 :
2922 1094 3182 1176 judicium
3203 1109 3448 1175 gentibus
3473 1106 3837 1175 proferetmon

666 1213 813 1262 gogze
853 1197 1120 1249 inscitiam
1173 1204 1321 1246 notat
1362 1212 1375 1246 :
1414 1211 1518 1248 non
1560 1196 1733 1247 solum
1785 1198 1928 1249 enim
1969 1199 2218 1266 unigeni-
2325 1199 2635 1260 contendet,
2671 1213 2776 1250 non
2808 1199 3080 1252 clamabit.
3105 1198 3380 1252 Calamam
3415 1208 3718 1267 quassatum
3756 1213 3828 1248 non

667 1297 774 1338 tum
815 1285 903 1339 Dei
943 1284 1132 1338 Filium
1167 1286 1216 1337 in
1252 1301 1464 1338 crucem
1499 1296 1676 1338 actum
1720 1301 1822 1339 non
1854 1298 2218 1355 peremerunt,
2327 1300 2591 1353 conteret,
2613 1290 2851 1342 etlinum
2879 1290 3142 1358 fumigans
3172 1305 3274 1342 non
3294 1290 3615 1358 exstinguet.
3647 1289 3748 1342 Non
3764 1295 3831 1342 erit

667 1379 758 1431 sed
824 1381 986 1432 etiam
1066 1394 1202 1446 quos
1266 1378 1340 1430 illi
1410 1379 1559 1444 prius
1624 1379 1782 1431 morti
1853 1379 2218 1442 dimiserant,
2329 1382 2518 1442 tristis,
2550 1379 3101 1446 nequeturbulentus,
3133 1380 3839 1448 donecponatinterrajndi-

640 1471 750 1525 hic
779 1484 844 1521 cx
885 1468 1111 1520 mortuis
1157 1467 1484 1535 postliminio
1563 1468 1818 1521 restituit.
1903 1487 1921 1518 ι
1957 1468 2217 1534 Quoniam
2324 1469 2488 1533 cium,
2520 1481 2572 1521 et
2605 1471 2656 1522 in
2687 1469 2897 1523 nomine
2918 1469 3032 1534 ejus
3057 1478 3242 1536 gentes
3283 1471 3648 1536 sperabunt".
3678 1483 3700 1518 ιΔ
3729 1469 3842 1520 Idem

668 1561 866 1626 repleta
919 1567 1001 1610 est
1045 1566 1189 1610 terra
1252 1558 1473 1610 scicntia
1541 1557 1773 1611 Domini.
1807 1577 1825 1609 ι
1881 1557 2013 1610 Nam
2073 1569 2215 1628 post-
2326 1559 2898 1628 deJoanneBaptista:
2931 1547 3165 1636 tliegetn
3186 1560 3843 1626 cumgloriavidebitis";i

664 1665 822 1715 quam
875 1650 937 1700 ad
1009 1648 1212 1702 inferos
1269 1651 1468 1703 missus
1522 1661 1597 1702 est
1651 1651 1789 1704 Deus
1840 1652 1998 1703 homo
2039 1648 2216 1714 Jesus,
2324 1661 2418 1702 et:
2459 1668 2476 1699 ι
2513 1649 2623 1702 Vox
2667 1650 2946 1703 clamantis
2977 1651 3029 1703 in
3068 1650 3318 1704 deserto:
3355 1649 3549 1703 Parata
3593 1651 3718 1702 viam
3764 1650 3846 1700 Do-

666 1749 778 1789 tum
808 1753 933 1792 vero
963 1739 1330 1807 evangelicum
1376 1741 1702 1807 praaconium
1753 1742 1925 1809 magis
1958 1756 2222 1812 propaga-
2252 1743 2290 1797 Β
2323 1740 2474 1792 mini.
2511 1741 2708 1794 Rectas
2736 1740 2893 1794 facite
2919 1743 3137 1794 semitas
3174 1742 3262 1794 Dei
3294 1742 3481 1795 vestri.
3510 1740 3690 1794 Omnis
3716 1739 3849 1791 vallis

667 1838 776 1880 tum
822 1838 922 1881 est.
972 1846 989 1878 ι
1028 1828 1176 1882 Sicut
1211 1845 1359 1896 aqua:
1406 1845 1553 1883 mare
1603 1832 1928 1898 aperientes.
1968 1850 1986 1881 ι
2043 1835 2222 1897 Quod-
2325 1830 2636 1896 iinplebitur
2688 1847 2702 1895 ;
2753 1841 2808 1883 et
2847 1813 3023 1884 omnis
3065 1845 3218 1884 mons
3277 1840 3331 1884 et
3375 1830 3529 1883 collis
3564 1831 3845 1883 humiliabi-

663 1934 787 1971 nam
814 1934 962 1973 mare
992 1922 1148 1989 aquis
1173 1921 1456 1989 operitur?
1482 1921 1544 1974 Et
1589 1921 2004 1975 simulacrorum
2048 1925 2223 1976 cultus
2325 1929 2408 1972 tur
2441 1921 2508 1971 ".
2549 1938 2566 1970 ι
2609 1920 2839 1972 Montem
2882 1931 3040 1988 atque
3085 1921 3279 1973 collem
3323 1920 3408 1974 hic
3449 1923 3735 1974 dannonum
3767 1934 3848 1973 co-

664 2023 874 2077 aequor,
925 2018 980 2062 et
1034 2009 1302 2064 inhaerens
1356 2011 1408 2062 in
1465 2008 1578 2080 lege
1631 2011 1919 2064 umbratile
1964 2007 2218 2080 quiddam
2323 2009 2441 2078 pias
2462 2009 2864 2076 cxistima,qua:
2889 2010 3111 2063 cmloob
3136 2009 3434 2076 superbiam
3468 2009 3845 2069 deturbata,a.l

667 2107 828 2166 atque
874 2099 1269 2168 imperfectum.
1307 2117 1324 2149 ‹
1357 2099 1411 2152 In
1464 2101 1548 2152 illa
1603 2102 1688 2154 die
1722 2102 1869 2153 radix
1922 2100 2090 2165 Jesse,
2131 2103 2222 2170 qui
2320 2109 2480 2153 terrae
2508 2102 2611 2152 ima
2631 2100 2897 2164 depressa:
2918 2110 3074 2164 sunt;
3106 2099 3314 2162 vallem,
3334 2101 3605 2151 hominum
3638 2106 3846 2151 naturam

668 2199 776 2240 stat
808 2189 857 2242 in
893 2189 1106 2257 signum
1140 2190 1478 2258 populorum,
1511 2190 1562 2243 in
1614 2191 1792 2260 ipsum
1823 2190 2016 2260 gentes‘
2042 2207 2225 2260 spera-
2324 2204 2444 2258 qua:
2499 2192 2567 2244 ob
2625 2192 2932 2258 superbiam
2995 2193 3272 2259 depressa,
3311 2205 3524 2243 rursum
3565 2187 3658 2241 Dei
3704 2187 3845 2256 gloria

667 2283 819 2333 bunt.
857 2299 875 2331 ι
915 2278 1195 2334 Sententia
1227 2283 1339 2336 haec
1372 2292 1456 2336 est
1488 2301 1502 2337 ι
1537 2281 1639 2348 Qui
1669 2298 1734 2338 ex
1778 2287 2003 2339 mortuis
2049 2301 2225 2339 resur-
2326 2281 2547 2349 repleta,
2602 2291 2760 2348 atque
2818 2281 2868 2334 in
2914 2282 3083 2335 caelos
3115 2297 3145 2334 e
3195 2291 3340 2335 terra
3390 2281 3599 2333 sublata
3639 2290 3757 2332 est:
3803 2276 3843 2330 id

668 2379 758 2438 get
794 2370 879 2424 die
909 2387 937 2424 a
976 2371 1229 2425 Sabbatis
1263 2372 1454 2437 altero,
1485 2389 1550 2426 ex
1577 2374 1773 2429 Jessaea
1801 2375 1969 2444 stirpe
1999 2377 2126 2442 erit,
2167 2362 2220 2429 in
2324 2373 2468 2424 enim
2523 2370 2814 2439 signiﬁcat,
2875 2374 3015 2438 quod
3068 2372 3216 2426 addit
3258 2389 3272 2425 :
3341 2390 3360 2422 ι
3396 2369 3568 2424 Erunt
3615 2384 3762 2438 prava
3806 2372 3844 2416 in

668 2474 846 2525 eoque
903 2473 1053 2528 spem
1102 2451 1395 2525 habebunt,
1431 2475 1533 2514 non
1585 2462 1674 2530 qui
1714 2477 1743 2516 e
1795 2463 2098 2532 Synagoga,
2131 2464 2223 2516 sed
2326 2463 2552 2525 directa,
2589 2471 2643 2514 et
2689 2476 2878 2528 aspera
2933 2464 2983 2514 in
3031 2463 3144 2514 vias
3203 2463 3415 2529 planas,
3454 2472 3507 2528 et
3558 2459 3846 2512 revelabitur

665 2565 727 2603 ex
759 2552 1031 2618 gentibus.
1067 2567 1087 2601 ι
1123 2549 1189 2604 Et
1219 2551 1324 2604 erit
1357 2550 1663 2618 sepulcrum
1691 2551 1809 2620 ejus
1839 2551 2156 2622 gloriosum,
2198 2570 2216 2603 ι
2323 2550 2489 2618 gloria
2550 2550 2784 2614 Domini,
2841 2560 2896 2604 et
2951 2551 3148 2603 videbit
3210 2552 3386 2604 omnis
3442 2564 3571 2602 caro
3641 2547 3847 2600 salutare

665 2656 756 2694 seu
786 2659 800 2694 :
836 2659 854 2690 ι
884 2639 1013 2713 Ejus
1047 2641 1259 2708 requies
1294 2642 1397 2694 erit
1431 2642 1623 2695 honor.
1658 2657 1676 2691 ι
1724 2641 1862 2695 Ecce
1908 2651 2091 2708 aperte
2129 2641 2220 2696 Dei
2323 2645 2414 2699 Dei
2448 2646 2515 2700 ".
2551 2663 2569 2697 ι
2607 2645 2670 2697 Et
2707 2644 2872 2695 Amos
2917 2643 3178 2709 propheta
3207 2642 3282 2692 ait
3313 2657 3325 2692 :
3371 2659 3388 2691 ι
3429 2640 3482 2692 In
3512 2640 3598 2692 die
3629 2638 3714 2707 illa
3740 2652 3846 2692 sus-

667 2745 889 2796 regnum
916 2747 932 2794 ;
960 2743 1133 2796 neque
1157 2729 1300 2782 enim
1327 2729 1505 2797 inquo
1528 2730 1834 2798 acquiescat
1864 2729 1977 2783 Rex
2013 2741 2220 2794 noster,
2323 2735 2528 2790 citabo.
2556 2732 2962 2787 tabernaculum
3021 2731 3186 2783 David
3213 2769 3227 2793 ,
3286 2730 3428 2798 quod
3478 2730 3668 2782 cecidit
3718 2745 3732 2780 :
3805 2736 3850 2778 et

669 2821 902 2888 equites,
935 2835 1104 2885 arma,
1139 2820 1470 2888 cataphracti
1528 2832 1580 2874 et
1621 2821 1880 2875 satellites
1913 2831 2094 2885 erunt,
2124 2823 2218 2876 sed
2323 2823 2657 2878 retediticabo
2699 2832 2985 2890 aperturas
3035 2836 3306 2873 murorum
3355 2819 3496 2887 ejus,
3551 2828 3604 2871 et
3650 2833 3709 2870 ea
3746 2832 3848 2883 qua:

667 2914 840 2964 honor
862 2912 1098 2988 divinus.
1129 2909 1245 2975 Quo
1267 2912 1516 2978 pertinet,
1543 2910 1686 2978 quod
1713 2909 2004 2977 majoribus
2027 2912 2252 2965 vestris.
2286 2973 2288 2976 ,
2323 2923 2658 2978 corruerant,
2693 2913 3006 2966 instaurabo
3041 2928 3053 2964 :
3103 2920 3155 2966 et
3195 2910 3528 2963 remdiiicabo
3568 2908 3690 2961 illud
3730 2910 3851 2961 sicut

670 2999 928 3053 Servator
953 3001 1090 3052 dixit
1120 3017 1133 3052 :
1178 3017 1195 3049 ι
1229 2998 1330 3063 Qui
1363 3014 1468 3052 non
1503 3001 1824 3053 Itonoriticat
1855 2998 2073 3065 Filium,
2109 3009 2216 3053 n'on
2258 3069 2285 3071 ξ
2325 3007 2378 3057 in
2430 3005 2614 3058 diebus
2645 3004 2899 3071 antiquis,
2941 3020 2958 3052 ι
2999 3011 3058 3054 ιιι
3101 3001 3381 3069 exquirant
3412 3001 3597 3067 reliqui
3636 2997 3852 3050 homines

668 3094 986 3149 honoriﬂcat
1004 3093 1215 3148 Patrem
1235 3094 1307 3159 ἰς
1343 3113 1360 3144 ι
1386 3105 1468 3148 et:
1496 3113 1513 3144 ι
1541 3093 1596 3147 Si
1626 3094 2011 3161 cognovissetis
2039 3109 2145 3158 me,
2167 3104 2218 3148 et
2244 3069 2287 3125 ο
2327 3085 2633 3159 Dominum,
2691 3104 2744 3147 et
2795 3107 2983 3146 omnes
3025 3102 3211 3160 gentes
3278 3105 3443 3158 super
3502 3105 3633 3156 quas
3662 3089 3855 3138 invoca-

664 3186 880 3240 Patrem
917 3199 1094 3238 meum
1128 3188 1310 3252 utique
1335 3186 1721 3253 cognovissetis
1749 3185 1812 3236 ".
1847 3202 1866 3234 ›
2327 3193 2433 3236 tum
2469 3195 2549 3236 est
2579 3198 2771 3234 nomen
2827 3198 3022 3235 meum.
3058 3199 3074 3231 ι
3115 3181 3180 3234 Et
3207 3181 3337 3233 dicit
3388 3179 3638 3232 Dominus
3669 3176 3854 3229 faciens

1187 3293 1411 3348 CAPUT
1469 3293 1709 3348 XXXIV.

807 3389 1043 3440 Aliorum
1088 3389 1459 3455 praplwtarum
1506 3387 1721 3460 oracula
1765 3389 1827 3440 de
1850 3386 2077 3441 Christo.

741 3476 842 3535 Sed
876 3480 983 3546 jam
1019 3480 1205 3546 probe,
1234 3479 1447 3544 Opinor,
1505 3475 1653 3531 Isaiae
1698 3478 1876 3532 verbis
1922 3479 2199 3546 expositis,

669 3573 894 3626 altorum
924 3584 1138 3638 quoque
1180 3580 1362 3621 vatum
1405 3569 1700 3622 sententias
1744 3569 1988 3622 edamus.
2037 3569 2219 3637 Itaque

668 3662 736 3712 de
795 3657 1166 3724 Hierosolyma
1220 3654 1505 3708 conﬁrmat
1576 3654 1738 3708 David
1787 3672 1800 3706 :
1855 3672 1872 3704 ι
1903 3653 2118 3718 Homo,
2166 3666 2222 3708 et

671 3751 832 3804 homo
865 3757 1021 3801 natus
1051 3755 1133 3801 est
1163 3747 1216 3800 in
1247 3760 1308 3800 ea
1333 3764 1347 3800 :
1373 3756 1425 3799 et
1457 3747 1570 3814 ipse
1603 3745 1848 3800 fundavit
1873 3747 2223 3800 eatnAltissi-

671 3854 791 3892 inus
817 3837 880 3888 ".
917 3856 934 3888 ι
972 3838 1068 3891 Est
1095 3845 1273 3888 autem
1304 3849 1494 3889 sensus
1539 3835 1845 3903 hujusmodi
1886 3852 1899 3890 :
1931 3834 2222 3902 Supremus

674 3933 720 3983 is
751 3929 837 3996 qui
874 3930 1011 3981 hanc
1055 3925 1479 3997 Hierosolymam
1511 3927 1773 3991 condidit,
1815 3929 1868 3980 in
1901 3941 1962 3979 ea
1996 3927 2223 3994 denique

676 4023 834 4075 homo
848 4029 1018 4070 natus
1044 4025 1149 4070 est.
1178 4016 1242 4068 Et
1276 4016 1442 4070 Isaias
1472 4035 1483 4067 :
1538 4034 1555 4066 ι
1590 4016 1725 4069 Ecce
1752 4017 1900 4085 virgo
1931 4017 2221 4083 concipiet,

675 4125 728 4165 et
759 4110 932 4177 pariet
965 4107 1154 4169 tiliutn,
1203 4115 1258 4158 et
1292 4104 1572 4158 vocabitur
1605 4119 1798 4158 nomen
1843 4105 1957 4171 ejus
2010 4105 2225 4157 Emma-

678 4204 801 4255 nuel
822 4202 915 4251 Π.»
957 4199 1118 4250 Ρυι-το
1154 4195 1461 4249 Emmanuel
1488 4195 1789 4259 Hebraeum,
1813 4193 1998 4248 Latine
2029 4193 2221 4247 Nobis-

676 4308 793 4346 cum
821 4289 980 4350 Deus,
1019 4289 1276 4340 redditur.
1330 4287 1473 4339 Idem
1529 4301 1789 4339 rursum:
1832 4301 1849 4335 t
1886 4287 2102 4338 Accessi
2151 4285 2218 4336 ad

679 4384 1113 4452 prophetissam,
1163 4388 1213 4431 et
1263 4379 1525 4444 concepit,
1573 4389 1626 4430 et
1675 4378 1883 4445 peperit
1929 4377 2112 4428 lilium.
2161 4377 2224 4428 Et
2260 4399 2303 4453 ι)

679 4476 811 4528 dixit
842 4473 1094 4525 Dominus
1127 4472 1191 4523 ad
1236 4485 1317 4522 me
1345 4486 1358 4521 :
1391 4467 1529 4519 Voca
1567 4482 1755 4520 nomen
1801 4467 1934 4535 ejus,
1970 4467 2226 4520 Accelera

680 4570 846 4635 Spolia
878 4569 1154 4620 detrahere
1203 4582 1214 4616 :
1271 4563 1464 4617 festina
1507 4563 1734 4631 praedari
1783 4563 1850 4614 ¹³.
1887 4581 1906 4613 ι
1951 4559 2018 4614 Ει
2054 4561 2230 4616 Moses

682 4661 732 4710 iu
781 4656 1135 4708 Numerorum
1169 4654 1303 4705 libro
1336 4670 1348 4703 :
1386 4670 1402 4702 t
1435 4651 1650 4706 Orietur
1702 4654 1861 4705 homo
1914 4669 1978 4707 ex
2028 4652 2231 4705 semine

683 4747 865 4808 Israel,
914 4754 968 4797 et
998 4744 1279 4809 imperabit
1315 4742 1492 4794 multis
1527 4742 1795 4809 gentibus,
1816 4751 1869 4794 et
1897 4740 2228 4794 exaltabitur

682 4852 904 4902 regnum
963 4832 1096 4900 ejus.
1157 4831 1495 4885 Devorabunt
1557 4843 1742 4899 gentes
1799 4832 1982 4885 hostes
2035 4830 2175 4884 illius
2209 4866 2223 4893 ,

683 4936 909 4988 ossaque
943 4935 1122 4973 eorum
1155 4919 1511 4985 confringeut,
1555 4928 1609 4969 et
1654 4914 2004 4984 perforabant
2057 4915 2225 4979 sagit-

687 5018 752 5067 tis
788 5015 848 5077 ‘9,
888 5029 905 5061 ι
949 5014 1088 5065 illius
1116 5013 1407 5064 inimicum.
1466 5008 1645 5062 Hostis
1679 5023 1803 5062 vero
1849 5008 1934 5060 hic
1978 5004 2223 5058 diabolus

685 5117 766 5159 est
799 5104 1189 5170 intelligendus,
1222 5102 1442 5154 missilia
1474 5101 1669 5154 Christi
1703 5101 1950 5168 stigmata
1981 5107 2033 5152 et
2059 5106 2220 5162 notae,

757 5267 798 5294 ¹⁵
830 5266 981 5318 Juan.
1018 5282 1067 5326 v,
1122 5263 1209 5315 9.5.
1288 5265 1326 5294 ¹⁸
1361 5261 1513 5315 Joan.
1555 5277 1661 5325 ιιν,
1695 5265 1745 5316 7.

688 5335 738 5398 8;
776 5332 1073 5386 sct:.'LXX.
1150 5334 1190 5362 ’τ’
1233 5333 1387 5385 Num.
1456 5348 1597 5394 xxu',
1634 5334 1716 5393 l7,
1761 5346 1869 5385 sec.
1899 5327 2055 5382 LXX.

687 5406 729 5433 ⁸³
774 5405 873 5454 Isa.
920 5418 1108 5463 xum,
1145 5402 1227 5452 l7.
1372 5403 1414 5432 "
1449 5402 1549 5452 Isa.
1592 5416 1676 5464 ιιι,
1708 5402 1760 5465 '5,
1789 5401 1840 5452 4.

684 5488 880 5535 Lxxxv,
907 5473 990 5537 I2,
1040 5472 1118 5525 15.
1195 5472 1237 5500 ²⁹
1273 5471 1397 5525 ibid.
1476 5471 1518 5500 ³⁰
1554 5470 1702 5522 Jonas
1732 5486 1791 5533 ιι,
1823 5468 1871 5523 7.

760 5629 867 5696 (31)
907 5629 1142 5681 Imitatur
1169 5625 1416 5678 Nazianz.
1444 5624 1503 5676 In
1537 5623 1790 5691 Epiri/mn.

1824 5262 1865 5292 ¹⁸
1891 5260 2029 5313 Psal.
2069 5271 2322 5322 cum",
2378 5252 2430 5308 5.
2507 5255 2548 5286 "’
2581 5254 2684 5309 Isa.
2716 5272 2810 5319 vn,
2842 5257 2926 5308 Η.

1824 5346 1869 5385 c.
1899 5327 2055 5382 LXX.
2132 5330 2174 5358 ἰ
2206 5326 2310 5390 Isa,
2369 5340 2518 5391 thn,
2562 5324 2615 5387 9,
2656 5340 2766 5378 sec.
2796 5325 2956 5379 LXX.

1918 5402 1961 5431 “
2001 5399 2154 5465 ibid.,
2201 5397 2252 5451 5.

2325 3272 2439 3326 btec
2501 3274 2564 3322 “.
2597 3291 2617 3322 ›
2676 3271 2842 3336 Quem
2898 3286 3025 3324 vero
3073 3271 3232 3323 Deum
3278 3270 3466 3338 reliqui
3501 3271 3739 3323 homines
3783 3285 3856 3321 rc-

2325 3362 2677 3428 quisiverunt,
2719 3361 2938 3427 cujusve
2981 3360 3070 3413 Dei
3116 3360 3332 3413 nomine
3375 3370 3429 3413 et
3479 3377 3649 3413 censa-
3670 3369 3781 3432 sunt
3811 3368 3855 3410 et

2326 3463 2876 3521 censeantur-gentes,
2908 3454 3007 3506 nisi
3043 3453 3196 3518 plane
3233 3452 3483 3520 uuigeniti
3511 3453 3602 3503 Dei
3624 3436 3753 3511 Filii,
3775 3450 3855 3502 Dcl

2325 3540 2555 3594 hominis
2595 3540 2714 3594 Jesu
2741 3541 2975 3596 Christi?
3007 3541 3445 3608 quemadmodum
3504 3541 3695 3592 clamat
3720 3538 3855 3592 ,ἰκτε-

2326 3632 2460 3683 mias
2494 3649 2506 3683 :
2549 3649 2566 3681 ι
2593 3630 2758 3685 ΙΙοιιιο
2783 3643 2886 3698 εει,
2916 3640 2969 3684 et
2995 3633 3116 3698 quis
3140 3640 3419 3701 cognoscet
3442 3645 3564 3683 eum
3597 3630 3670 3682 '7?
3695 3648 3710 3678 ι
3748 3629 3856 3696 quia

2327 3731 2380 3774 et
2413 3722 2550 3775 Deus
2595 3731 2696 3775 est.
2727 3723 2790 3774 Et
2826 3723 2985 3775 David
3023 3737 3088 3774 ex
3145 3736 3370 3789 persona
3417 3721 3614 3774 Christi
3646 3737 3660 3773 :
3696 3737 3712 3769 ι
3736 3720 3859 3772 (10:.-

2330 3812 2517 3866 Iltebor
2562 3813 2693 3878 tibi,
2759 3813 2981 3866 Domine
3035 3813 3172 3866 Deus
3230 3827 3409 3876 meus,
3471 3823 3520 3865 et
3571 3812 3858 3879 gloriﬁcaho

2329 3917 2520 3956 nomen
2559 3913 2742 3968 tuum;
2781 3922 2798 3952 ι
2838 3903 2889 3956 id
2918 3915 3016 3966 εει,
3063 3902 3411 3971 magniﬁcabo
3451 3911 3503 3954 et
3533 3901 3856 3969 praedicabo;

2336 4009 2352 4042 t
2384 3990 2515 4055 Quia
2561 3992 2925 4045 misericordia
2961 4000 3046 4043 tua
3088 4007 3275 4059 magna
3313 4000 3397 4044 est
3437 4007 3592 4057 super
3624 4005 3704 4042 me
3737 3989 3779 4020 ³⁸
3804 4005 3853 4039 ει

2329 4097 2435 4134 non
2472 4082 2762 4135 secundum
2823 4082 3183 4149 aequalitatem
3241 4096 3373 4133 mete
3419 4080 3732 4142 divinitatis,
3778 4077 3857 4130 sed

2330 4171 2621 4225 secundum
2659 4171 2762 4225 mei
2793 4173 3036 4238 corporis
3064 4171 3311 4240 gloriam.
3356 4171 3502 4224 Meus
3541 4171 3682 4224 enim
3722 4168 3859 4222 Jesus

2333 4262 2598 4329 perfectus
2646 4262 2808 4327 Deus,
2851 4264 3009 4315 etiam
3056 4263 3324 4330 perfectus
3368 4264 3528 4314 homo
3566 4263 3738 4314 factus
3768 4269 3857 4320 est,

2334 4369 2470 4406 unus
2499 4368 2562 4405 ex
2589 4353 2792 4406 duabus
2825 4354 3065 4417 naturis,
3091 4369 3313 4421 quarum
3337 4352 3422 4404 illa
3453 4367 3571 4421 quae
3600 4353 3855 4405 incarnata

2335 4455 2443 4508 est,
2493 4442 2786 4506 deiﬁcavit,
2834 4458 2952 4510 quae
3000 4458 3126 4497 vero
3177 4457 3374 4497 carnea
3428 4452 3580 4505 erat,
3632 4440 3859 4494 deiﬁcata

2333 4542 2416 4584 est
2447 4531 2578 4598 (δι).

2407 4660 2424 4692 ι
2462 4638 2528 4693 Ει
2556 4640 2744 4693 eruisti
2775 4641 3007 4693 animam
3045 4653 3216 4693 meam
3243 4653 3308 4692 ex
3336 4654 3400 4693 eo
3423 4639 3637 4692 inferno
3663 4637 3862 4692 inferio-

2333 4729 2375 4781 ri
2402 4730 2465 4780 ".
2498 4745 2514 4777 ι
2551 4726 2683 4779 Nam
2702 4741 2867 4793 usque
2883 4729 2946 4780 ad
2965 4728 3162 4782 Christi
3180 4729 3497 4782 descensum
3544 4729 3607 4780 ad
3657 4725 3859 4784 inferos,

2335 4819 2531 4871 nullius
2570 4817 2799 4870 hominis
2831 4819 3007 4870 anima
3030 4818 3294 4876 abinferis
3321 4828 3402 4871 est
3441 4819 3687 4871 liberata.
3730 4815 3861 4880 Quod

2333 4913 2378 4964 si
2421 4911 2584 4965 Jonas
2615 4912 2937 4964 exclamavit
2971 4930 2983 4964 :
3019 4930 3037 4962 ι
3087 4912 3236 4965 Educ
3285 4912 3348 4966 de
3393 4910 3736 4979 corruptione
3769 4906 3864 4960 ani-

2334 5019 2473 5056 mam
2503 5019 2670 5056 meam
2689 5004 2784 5067 ",i
2808 5015 2860 5056 at
2890 5003 3004 5071 ejus
3032 4985 3206 5057 anima
3234 5005 3423 5057 iterum
3445 5013 3562 5071 post
3586 5015 3863 5071 egressum.

2333 5095 2398 5147 ad
2440 5094 2640 5148 inferna
2668 5096 2939 5149 descendit
2969 5111 2984 5150 :
3016 5114 3034 5145 ι
3067 5095 3236 5149 Deus!
3274 5094 3441 5162 iniqui
3475 5094 3865 5147 insurrexerunt

3005 5256 3047 5287 ί·
3075 5255 3174 5309 Isa.
3195 5269 3308 5317 vni,
3341 5253 3396 5308 3.
3473 5253 3514 5283 "
3549 5250 3702 5305 Num.
3733 5263 3864 5308 xxiv,

3030 5324 3076 5356 ¹¹
3112 5326 3212 5378 Isa.
3244 5316 3376 5385 mi,
3430 5322 3543 5383 1-4.
3578 5335 3687 5376 sec.
3722 5316 3864 5371 LXX.

3004 5395 3046 5426 "
3093 5393 3290 5449 Jerent.
3345 5407 3474 5458 xvn,
3511 5392 3565 5446 9.
3642 5391 3687 5427 ³³
3741 5387 3864 5441 Psal.

2507 5255 2548 5286 "’
2581 5254 2684 5309 Isa.
2716 5272 2810 5319 vn,
2842 5257 2926 5308 Η.

2329 5395 2373 5427 ’⁸
2413 5397 2577 5451 Amos
2603 5410 2674 5460 tx,
2707 5396 2792 5462 II,
2841 5398 2925 5450 12.
