3952 6328
127 253 210 313 849

1120 240 1525 318 πωλιορυδ
1564 258 1655 317 co

1764 256 1859 316 ua
1900 257 2226 349 ifilli-:05.
2686 291 2699 303 .
3070 224 3073 229 “
3202 254 3306 314 sm

114 386 249 439 super
277 386 390 425 me:
420 391 437 425 r
473 374 753 439 pontifices
778 385 828 428 et
862 377 1202 441 sacerdotes;
1233 394 1253 427 ε
1282 386 1335 430 et
1359 377 1644 447 Synagoga
1680 382 1721 436 Α
1751 389 1890 444 pauc
1934 376 2066 431 vivit
2097 377 2257 431 homo
2286 416 2301 437 ,
2336 377 2428 430 sed
2481 349 2550 428 in.
2585 372 2726 426 omni
2764 371 2927 424 ver-Im
2954 410 2967 430 ,
3011 370 3149 439 quae
3184 386 3303 433 pru—

113 461 376 530 potentium
428 465 752 531 quaesierunt
795 468 1025 519 animam
1073 482 1242 520 meam
1280 485 1294 521 :
1332 487 1350 520 ι
1406 465 1643 522 ilcrodcs

111 551 244 603 simul
295 561 349 605 et
395 552 634 617 Pilatus,
693 557 782 624 qui
838 571 933 624 per
991 546 1040 610 id
1105 567 1314 628 tempus
1378 566 1645 627 potestate

116 640 335 708 improbe
362 641 750 711 fungebantur;
792 664 810 697 ι
848 658 900 699 ct
934 662 1038 700 nun
1066 659 1460 715 proposuerunt
1492 657 1544 702 te
1587 648 1643 701 in

113 740 371 797 conspectu
400 747 519 787 suo.
556 735 597 765 "
641 753 658 784 r
687 735 762 787 Te
796 736 973 800 'cnim,
1029 737 1210 801 Pater,
1255 738 1469 807 tuisque
1506 753 1645 807 pm—

113 820 259 882 ceptis
308 822 594 877 oblivionis
638 823 903 893 profundo
944 827 1186 892 traditis,
1240 842 1364 882 vere
1413 838 1466 882 te
1510 843 1641 883 corr-

113 918 434 977 ternpserunt.
467 932 485 964 ι
526 913 589 967 Et
617 923 692 981 tu,
721 916 943 969 Domine
970 916 1108 972 Deus
1140 934 1318 982 meus;
1354 938 1373 971 ι
1422 921 1645 975 Domine

113 1014 162 1052 ac
175 1002 406 1055 conditor
423 1007 599 1059 omnis
617 1016 873 1062 creatura:
893 1008 1193 1063 invisibilis.
1226 1009 1320 1063 «Et
1336 1011 1474 1066 Dens
1493 1027 1643 1067 meus

113 1089 295 1156 respice
327 1092 378 1145 in
421 1109 527 1151 me.
572 1105 625 1148 et
678 1098 936 1152 miserere
972 1099 1157 1163 mei;o
1218 1100 1425 1170 respice
1476 1101 1643 1156 inme

112 1179 378 1233 secundum
430 1182 842 1253 humanitatem,
887 1190 978 1256 qui
1030 1190 1308 1244 divinitate
1337 1193 1466 1245 abes
1498 1206 1641 1244 nun-

114 1283 278 1335 quam.
314 1289 333 1321 ‹
363 1272 436 1324 Da
470 1272 755 1342 imperium
789 1287 938 1331 tuum
979 1294 1147 1347 puero
1174 1290 1264 1333 tuo
1291 1280 1357 1346 ",
1392 1299 1409 1331 ι
1461 1281 1639 1344 idest,

120 1374 268 1412 meam
299 1361 372 1414 tui
413 1377 479 1416 ex
517 1374 568 1417 te
607 1377 735 1421 ante
788 1366 1095 1422 Luciferum
1144 1370 1307 1438 geniti
1347 1370 1641 1438 potentiam

124 1447 392 1503 demonstra
432 1470 445 1505 :
480 1454 667 1520 \qnaie.
708 1467 791 1511 est
840 1468 892 1511 et
941 1459 1069 1512 illud
1120 1458 1351 1521 Domini,
1405 1456 1644 1527 tempore

124 1540 353 1606 passionis
374 1543 419 1574 ³³
449 1562 463 1596 :
500 1564 517 1596 ι
546 1546 702 1599 Pater
727 1586 742 1609 ,
793 1550 943 1602 venit
988 1550 1143 1615 hora,
1194 1549 1430 1603 clarilica
1450 1549 1641 1603 Filium

121 1640 269 1691 tuum,
304 1642 356 1684 ut
388 1632 556 1687 Filius
608 1645 732 1689 tuus
769 1636 1025 1692 clarificet
1059 1647 1108 1691 te
1137 1653 1152 1691 :
1181 1638 1320 1693 sicut
1365 1639 1557 1693 dedisti
1593 1640 1641 1693 ei

1748 464 1887 517 cedit
1917 466 1982 520 de
2009 479 2104 519 ore
2136 464 2229 520 Dei
2258 465 2305 496 ⁸⁸
2332 482 2347 529 ;
2386 482 2405 515 ο
2437 464 2691 518 Davidcm
2728 475 2875 523 vero,
2906 459 3073 527 qui‘iu
3106 457 3301 536 Cist”!in

1746 555 1875 611 olim
1910 556 2337 611 incarnationem
2380 556 2732 623 prospiceret,
2763 568 2824 606 ac
2852 549 3301 622 qttctttminmdttm

1748 662 1868 701 cum
1924 661 1987 701 eo
2040 645 2247 712 Judtci,
2296 655 2549 714 tanquam
2614 658 2760 696 mero
2808 643 3021 696 homine
3054 682 3066 700 ,
3100 655 3160 689 ac.
3202 652 3327 709 rm-r

1748 738 1909 793 ctiam
1946 737 2053 790 Deo
2103 745 2519 792 consuescerem
2552 775 2567 798 ,
2605 741 2658 787 et
2709 734 2950 788 convicio
2989 732 3253 797 iactarent
3290 748 3300 781 :

1754 845 1773 879 ι
1822 827 1959 881 Ecce
1996 828 2154 880 homo
2201 840 2363 880 vorax
2413 836 2467 880 et
2528 830 2742 893 potator
2790 823 2894 875 viui
2944 822 3023 884 ’9;
3062 840 3081 872 ι
3123 807 3304 871 multa

1752 928 1880 973 ante
1933 919 2273 975 obturantem
2328 920 2605 984 impudens
2640 929 2829 969 eorum
2860 927 2919 965 os
2945 950 2961 974 .
3007 928 3072 965 ex
3104 910 3302 965 Christi

1747 1021 1973 1076 persona
2004 1008 2367 1063 confirmare:
2401 1006 2538 1072 Quid
2577 1021 2659 1058 me
2689 1002 3163 1058 hominem-solum
3210 1015 3301 1050 co-

1749 1097 1969 1164 gitatis,
2018 1112 2079 1150 ac
2110 1112 2212 1150 non
2267 1096 2432 1149 etiam
2474 1094 2675 1147 Deum?
2704 1093 2817 1161 Ego
2873 1090 2957 1143 ilic
2989 1105 3052 1141 cx
3095 1088 3305 1155 Virgine

1749 1199 1904 1241 natus
1925 1227 1939 1251 ,
1975 1187 2089 1240 sine
2120 1188 2413 1240 mutatione
2445 1185 2584 1238 Deus
2607 1224 2622 1248 ,
2675 1184 2917 1236 esuriens
2942 1192 3104 1248 atque
3131 1194 3306 1233 corrre-

1747 1276 1877 1329 dens
1901 1318 1916 1341 ,
1949 1287 2130 1330 vestro
2158 1316 2171 1334 ,
2208 1289 2238 1327 0
2271 1275 2436 1328 .Iudmi
2464 1313 2480 1339 ,
2530 1272 2856 1325 adminiculo
2907 1266 3011 1323 non
3072 1269 3303 1331 indigeo.

1747 1382 1900 1421 meus
1950 1383 2069 1419 curn
2125 1366 2192 1417 sit
2247 1364 2429 1421 orbis.
2475 1374 2527 1417 et
2574 1361 2834 1431 quidquid
2882 1376 2947 1415 eo
2979 1361 3304 1414 continetur.

1745 1458 1927 1528 Neque
1979 1473 2103 1512 vero
2152 1468 2270 1512 tuas
2328 1456 2637 1516 foeditates,
2689 1455 2741 1507 id
2795 1462 2915 1516 est,
2952 1452 3175 1505 scelesta
3219 1460 3307 1503 tua

1745 1550 2035 1615 sacrificia,
2067 1549 2334 1611 desidero,
2396 1546 2773 1600 scciesrissirua
2822 1544 3120 1614 Synagoga.
3156 1541 3306 1608 Quod

1749 1642 1793 1694 si
1822 1643 1901 1695 vis
1933 1641 2151 1695 omnino
2182 1641 2244 1693 ad
2276 1641 2437 1701 vitam
2474 1639 2707 1708 ingredi,
2738 1639 2871 1707 legis
2904 1637 3176 1696 umbram,
3211 1648 3306 1686 au-
3376 1670 3379 1673 μ

120 1724 406 1781 potestatem
435 1724 613 1779 omnis
648 1728 826 1780 carnis
859 1726 1194 1794 (3I‘)-r—t
1225 1727 1293 1781 Et
1328 1728 1535 1782 salvum
1567 1727 1651 1781 fac
1681 1712 1722 1765 Β
1752 1732 2047 1788 ditis‘meis
2098 1732 2339 1788 consiliis
2392 1730 2555 1799 atque
2588 1730 2883 1791 mandatis,
2908 1730 3116 1785 desere.
3141 1734 3308 1790 atque

121 1808 288 1863 Filium
317 1812 520 1869 ancilia:
548 1825 648 1870 tute
681 1834 694 1868 :
735 1835 753 1866 ›
788 1817 1175 1885 irreprelrensae
1205 1816 1459 1887 Virginis.
1492 1836 1511 1869 ι
1544 1816 1650 1872 Fac

121 1916 304 1955 mecum
332 1905 541 1973 signum
593 1906 647 1960 in
688 1907 925 1973 bonum;
957 1927 976 1961 ι
1015 1910 1065 1963 id
1098 1921 1201 1975 est,
1238 1920 1572 1979 assumptum
1619 1924 1650 1963 a

123 2008 195 2047 me
219 2008 408 2067 corpus.
431 2012 497 2052 ex
528 2008 699 2052 morte
724 1994 949 2055 suscita.
990 2020 1008 2052 ε
1041 2000 1112 2055 Ut
1151 2003 1367 2056 videant
1392 1993 1495 2071 qui
1526 2003 1654 2057 ode-

123 2093 228 2138 runt
271 2101 374 2151 me,
420 2098 484 2142 ,et
522 2090 956 2155 confundantur;
996 2112 1014 2144 ι
1073 2107 1202 2148 vere
1272 2094 1415 2147 enim
1460 2094 1650 2162 ingens

124 2175 271 2241 pudor
294 2178 393 2231 erit
447 2180 845 2237 scelestissimaa
889 2183 1204 2253 Synagogae,
1235 2198 1351 2239 mea
1392 2195 1515 2253 post
1561 2185 1655 2237 tri-

123 2263 264 2318 duum
307 2273 647 2326 resurrectio.
682 2292 700 2325 ι
733 2273 997 2339 Quoniam
1026 2275 1367 2342 tu,Domine,
1399 2276 1652 2342 adjuvisti

125 2370 215 2418 me,
246 2369 291 2411 et
345 2364 657 2417 consolatus
712 2380 771 2419 es
825 2380 910 2419 me
954 2367 1063 2429 “,r
1124 2366 1175 2420 id
1227 2376 1329 2430 est,
1365 2368 1510 2436 quod
1572 2378 1651 2431 tu,

125 2443 276 2512 Pater,
300 2447 406 2517 jam
440 2451 567 2505 olim
605 2455 669 2505 de
698 2471 781 2509 me
811 2456 1097 2517 consilium
1130 2459 1355 2515 ceperis.

643 2563 874 2620 CAPUT
913 2565 1127 2624 xxxv.
1616 2636 1625 2643 ,

172 2667 533 2737 Prophetarum
566 2676 629 2729 de
663 2675 870 2731 Christo
906 2679 1009 2732 Deo
1042 2689 1089 2732 et
1122 2681 1325 2735 homine
1355 2681 1619 2733 vaticinia.

185 2781 334 2838 Porro
385 2796 567 2840 autem
621 2788 912 2856 perfectum
957 2799 1011 2844 et
1066 2792 1227 2844 Deum
1280 2800 1333 2846 et
1390 2793 1657 2847 hominem

132 2887 235 2927 esse
278 2875 587 2940 Christum,
645 2880 949 2935 luculenter
1002 2893 1150 2937 vates
1200 2884 1656 2939 demonstrabuut.

136 2962 261 3018 Isaia!
294 2968 503 3035 quidem
540 2967 654 3021 haec
681 2981 806 3022 sunt
836 2972 992 3024 verba
1026 2991 1038 3025 :
1083 2991 1101 3022 ‹
1147 2972 1289 3026 Deus
1348 2989 1430 3027 ma
1474 2992 1576 3030 nus
1608 2984 1663 3028 et,
1728 2962 1975 3027 ‹⁰“”’“ξ“ξ
2021 2962 2385 2990 “’”⁰“’”””””’
2632 2962 2698 2969 ““
2744 2962 3221 2969 ””””⁷“““”””“
3262 2962 3318 2966 “—

137 3049 268 3086 τως,
299 3072 396 3086 ,Μ
434 3058 631 3086 MM,“
669 3060 713 3086 η
768 3078 784 3086 ,
834 3062 1044 3086 unum“
1080 3078 1200 3086 Μ*-
1238 3064 1349 3086 LM
1688 3029 1731 3086 ο
1769 3015 2103 3068 Domtmcum
2142 3009 2474 3078 sanguinem.
2511 3011 2649 3062 Idem
2690 3022 2896 3061 rursum
2929 3024 2943 3059 :
2984 3024 3002 3055 ι
3036 3005 3320 3059 Decretum

137 3049 270 3107 fortis
297 3072 397 3109 non
432 3058 637 3113 esuriet
669 3060 733 3115 ⁸⁸.
768 3078 786 3112 ι
832 3062 1047 3115 Davidis
1080 3078 1204 3115 vero
1238 3064 1351 3118 inec
1396 3068 1661 3120 sententia

132 3152 199 3195 cst
233 3162 247 3198 :
287 3163 305 3197 ί
335 3147 492 3212 Audi,
518 3150 743 3218 populus
794 3166 971 3217 meus,
1020 3154 1328 3223 et'loquar:
1368 3154 1553 3219 Israel,
1611 3169 1664 3211 et

135 3237 442 3293 testificabor
509 3242 605 3294 tibi
654 3260 667 3295 :
721 3244 861 3297 Deus
911 3254 1033 3298 tuus
1083 3260 1181 3313 ego
1235 3261 1375 3300 sum.
1438 3246 1550 3302 Non
1607 3249 1661 3302 in

134 3328 383 3381 sacriﬁciis
431 3332 539 3385 tuis
593 3347 811 3401 arguam
866 3344 917 3387 te
951 3352 963 3387 :
1000 3335 1310 3389 holocausta
1360 3349 1536 3391 autern
1577 3348 1663 3404 tua

136 3415 176 3464 in
208 3427 485 3486 conspectu
539 3436 656 3476 meo
686 3432 812 3477 sunt
860 3439 1093 3494 semper.
1140 3424 1256 3479 Non
1307 3428 1565 3494 accipiam
1598 3427 1665 3481 de

137 3504 272 3560 domo
305 3517 388 3561 tua
419 3510 620 3565 vitulos
667 3524 683 3563 :
737 3528 913 3582 neque
949 3515 1015 3568 de
1046 3518 1297 3585 gregibus
1331 3517 1437 3572 tuis
1465 3518 1664 3570 hircos.

132 3592 346 3664 Cognovi
368 3603 561 3679 “omnia
612 3603 849 3657 volatilia
888 3606 1009 3657 coeli
1039 3624 1051 3659 :
1083 3618 1135 3659 et
1182 3608 1522 3677 pulchritudo
1554 3611 1664 3681 agri

135 3703 320 3743 mecum
353 3704 457 3747 est.
492 3693 548 3746 Si
578 3699 845 3759 esuriero,
884 3714 987 3751 non
1031 3700 1199 3751 dicam
1235 3701 1370 3754 tibi:
1406 3715 1559 3755 meus
1586 3712 1683 3773 est._

132 3778 259 3832 enim
286 3785 427 3837 orbis
468 3795 624 3838 teme
657 3796 711 3840 et
744 3788 1022 3854 plenitudo
1063 3789 1203 3857 ejus.
1240 3790 1486 3858 Nunquid
1518 3807 1669 3846 ruan-

132 3868 317 3925 dncabo
347 3887 546 3928 carnes-
574 3885 874 3940 taurorum,
914 3889 1006 3931 aut
1036 3880 1352 3946 sanguinem
1391 3881 1666 3935 hircorum

134 3960 305 4019 putabo
349 3962 433 4015 "i
469 3981 487 4014 ι
554 3963 734 4028 Quare
785 3979 881 4018 nec
937 3968 1142 4019 taurina
1201 3984 1363 4023 carne
1398 3968 1535 4026 Deus
1572 3985 1664 4024 ve-

134 4050 305 4114 scitur,
339 4067 437 4106 nec
502 4056 773 4108 bircinurn
822 4039 977 4109 bibit”
1010 4060 1362 4126 sanguinem?
1401 4044 1669 4128 quomodo

134 4138 276 4205 igitur
310 4154 483 4196 vatum
516 4145 660 4198 dicta
695 4146 1090 4200 conciliemus?
1128 4164 1249 4201 cum
1283 4127 1427 4201 dicat
1458 4127 1665 4204 Isaias:

134 4231 303 4289 «Deus
328 4251 552 4306 magnus
583 4245 636 4289 et
662 4247 961 4306 praepotens
993 4254 1094 4292 non
1118 4240 1317 4293 esuriet
1351 4240 1467 4304 ³⁷;›
1506 4240 1668 4295 David

1751 1825 1817 1879 ad
1856 1825 2018 1878 Deum
2045 1824 2313 1878 accedens
2362 1841 2377 1876 :
2413 1842 2430 1874 ι
2468 1823 2691 1877 Immola
2745 1820 3064 1874 sacrificium
3116 1818 3307 1877 laudis,

1749 1924 1803 1970 et
1833 1916 1992 1970 redde
2018 1916 2295 1969 Altissimo
2326 1924 2444 1967 vota
2493 1925 2601 1967 trra.
2642 1915 2706 1967 Et
2753 1915 2938 1967 invoca
2990 1927 3073 1965 me
3124 1912 3173 1963 in
3221 1910 3309 1964 die

1754 2007 2134 2073 tribulationis,
2175 2022 2361 2060 eruam
2407 2009 2478 2071 te,
2531 2018 2584 2060 et
2635 2005 3012 2058 lronorificahis
3071 2002 3240 2057 me“.
3276 2022 3305 2050 ιι

1754 2097 1817 2151 Et
1848 2098 2109 2152 Jerernias
2140 2115 2153 2150 :
2191 2116 2211 2149 ‹
2251 2099 2387 2150 Ecce
2418 2098 2531 2151 dies
2582 2098 2792 2150 venient
2822 2136 2837 2160 ,
2870 2095 2999 2149 dicit
3033 2094 3311 2153 Dominus.

1753 2198 1808 2243 et
1843 2205 1946 2243 non
2001 2188 2216 2243 docebit
2248 2189 2404 2241 -ultra
2435 2188 2515 2241 vir
2547 2188 2848 2253 proximum
2898 2201 3089 2257 suum,
3128 2192 3184 2238 et
3232 2183 3313 2236 vir

1755 2281 1974 2335 fratrem
2010 2296 2163 2335 suum
2187 2320 2202 2345 ,
2241 2280 2426 2333 dicens
2474 2297 2487 2333 :
2539 2279 2814 2348 Cognosce
2844 2276 3126 2331 Dominum
3154 2293 3169 2329 :
3197 2289 3314 2328 0m-

1757 2387 1849 2425 ncs
1875 2372 2020 2425 enim
2054 2382 2380 2441 cognoscent
2408 2387 2491 2424 me
2517 2412 2532 2434 ,
2582 2386 2610 2423 a
2638 2369 2861 2423 minimo
2905 2380 3093 2422 eorum
3146 2364 3317 2445 u‘squc

1755 2466 1821 2517 ad
1855 2464 2143 2516 maximum
2171 2464 2238 2521 β’.
2279 2482 2297 2514 r
2357 2462 2541 2515 Itidem
2575 2462 2639 2514 de
2686 2460 2923 2530 gentium
2960 2459 3063 2513 fide
3108 2458 3308 2512 Isaias:

1764 2577 1782 2609 ι
1842 2554 2027 2608 Faciet
2082 2554 2339 2607 Domirnrs
2387 2554 2726 2606 exercituum
2775 2549 3025 2604 omnibus
3062 2548 3315 2617 populis:

1758 2647 1810 2698 in
1847 2657 2027 2700 monte
2048 2648 2163 2700 .isto
2210 2646 2430 2699 induent
2462 2644 2699 2697 laetitiam
2728 2683 2744 2709 ,
2791 2642 3182 2712 perfundentur
3216 2658 3318 2695 nn-
3360 2712 3363 2713 ν

1757 2750 1954 2810 guento
1980 2777 1995 2802 ,
2056 2738 2239 2790 bibent
2284 2736 2466 2788 vinum
2501 2736 2575 2799 υς
2630 2752 2649 2786 r
2693 2734 2779 2787 ubi
2814 2718 3097 2801 gaudiunr

1762 2831 1955 2901 ptisma
2002 2827 2232 2883 refertur
2274 2845 2290 2893 ;
2337 2834 2390 2881 et
2438 2841 2545 2893 quo
2597 2825 2898 2892 baptizatus
2950 2824 3203 2893 ungitur,
3253 2824 3318 2875 ad

1762 2938 1973 2976 sacrum
2019 2928 2385 2990 unguentum;
2420 2919 2599 2970 vinum
2632 2917 2698 2969 ad
2742 2914 3222 2969 incontarninatum
3259 2928 3321 2966 ac

1765 3107 1868 3160 hoc
1899 3115 1979 3159 est
2009 3120 2170 3173 super
2203 3117 2389 3157 omnes
2417 3113 2602 3172 gentes
2628 3118 2642 3157 :
2679 3110 2734 3155 et
2765 3100 2946 3153 dicent
2974 3099 3025 3150 in
3056 3096 3145 3149 illa
3177 3098 3263 3151 die
3291 3115 3304 3151 :

1768 3192 1905 3247 Ecce
1932 3194 2073 3246 Deus
2105 3201 2309 3257 noster,
2338 3192 2391 3243 in
2425 3205 2583 3258 quem
2616 3190 2975 3253 speravimus,
2994 3186 3322 3240 exsultemus

1768 3284 1822 3337 in
1852 3284 2075 3337 salutari
2108 3291 2317 3347 nostro,
2347 3290 2401 3334 et
2422 3282 2647 3335 salt-abit
2672 3296 2772 3334 nos
2796 3280 2913 3347 ipse
2944 3279 3202 3332 Dominus
3218 3278 3316 3331 ".r

1766 3373 1860 3428 Est
1892 3382 2074 3427 autem
2122 3372 2235 3425 haec
2272 3371 2577 3425 sententia:
2612 3370 2757 3423 Ecce
2802 3368 2938 3422 Deus
2982 3367 3069 3422 ille
3115 3373 3319 3426 noster,

1766 3463 1819 3515 in
1882 3475 1987 3530 quo
2044 3474 2194 3528 spem
2255 3459 2542 3524 habemus,
2584 3458 2863 3525 nobiscum
2916 3466 3025 3521 est,
3059 3456 3161 3509 hoc
3214 3468 3319 3517 csr,

1766 3549 2064 3603 secundum
2123 3561 2343 3618 corpus,
2399 3548 2590 3602 iisdem
2645 3549 2837 3618 quibus
2894 3561 2991 3601 nos
3041 3545 3321 3601 obnoxius.

1774 3640 1963 3709 Itaque
1993 3640 2327 3694 exsultcmus
2359 3639 2619 3710 irrsalute
2657 3649 2862 3703 nostra,
2899 3638 2989 3691 Dei
3012 3638 3178 3692 nostri
3207 3636 3323 3704 glo-

1768 3734 1848 3786 ria
1878 3749 1893 3797 ;
1926 3748 2045 3784 nam
2080 3730 2293 3783 Domini
2330 3730 2734 3800 gloria,scilicet
2756 3744 2887 3783 crux
2912 3767 2927 3792 ,
2974 3738 3152 3781 nostra
3176 3726 3325 3779 salrrs

1769 3816 1977 3882 eat..Et
2014 3822 2245 3875 salvabit
2273 3836 2370 3875 nos
2411 3822 2526 3889 ipse
2558 3814 2844 3887 Dominus,
2886 3820 3121 3889 peccatis
3148 3818 3331 3873 omni!

1770 3901 1880 3963 Irus
1898 3910 2047 3963 cruci
2086 3909 2285 3962 afﬁxis.
2341 3910 2518 3977 Atque
2550 3908 2599 3961 id
2625 3909 2697 3962 ita
2728 3923 2866 3971 esse,
2894 3908 3069 3976 angeli
3098 3908 3165 3960 ad
3198 3907 3322 3960 Dci-

1768 4016 1953 4068 param
1985 4000 2145 4054 verba
2168 3999 2478 4054 ostendunt.
2526 4017 2544 4050 ι
2589 3998 2654 4053 Ει
2682 3999 2949 4053 vocabunt
2984 4009 3175 4051 nomen
3207 3998 3325 4064 ejus

1769 4090 2129 4154 Emmanuel,
2187 4091 2326 4159 quod
2386 4100 2470 4145 est
2530 4090 2981 4157 interpretatum,
3030 4087 3320 4153 Nobiscum

1773 4178 1913 4234 Deus
1942 4180 2006 4234 “.
2039 4198 2057 4231 ι
2095 4178 2215 4233 Jam
2255 4178 2467 4233 Davidis
2500 4194 2711 4247 quoque
2758 4180 2824 4234 de
2867 4179 3101 4240 Christo,
3132 4192 3205 4233 ex
3232 4178 3323 4232 Dei

1770 4279 1825 4324 et
1881 4269 2054 4323 Patris
2111 4283 2342 4337 persona
2391 4268 2490 4322 hoc
2518 4262 2756 4323 'eﬂatum
2809 4278 2933 4322 est:
2969 4284 2987 4317 t
3024 4264 3228 4319 Portam
3270 4266 3323 4317 in

130 4338 277 4425 Ἳθτθξ
312 4348 330 4381 ⁴
354 4329 410 4383 Si
437 4329 706 4395 esuriem!
741 4345 844 4383 “0"
875 4331 1046 4384 diem“
1079 4330 1481 4425 ίίδίῇΝυηίῙυῘδ
1516 4350 1663 4387 ¹¹¹³⁰·
1694 4344 1739 4399 Β
1770 4357 1905 4410 mari
1969 4329 2186 4409 manum
2244 4355 2363 4425 ejus
2393 4368 2415 4420 ,··
2465 4363 2520 4410 et
2569 4354 2623 4408 in
2676 4354 2981 4408 fluminibus
3052 4353 3323 4407 dexteram

130 4412 320 4472 ducabo
352 4433 547 4473 carnes
581 4430 881 4483 taurorum,
911 4431 1002 4473 aut
1028 4422 1350 4491 sanguinem
1388 4424 1660 4478 hircorum

129 4508 345 4571 putabo?
398 4528 419 4561 ι
478 4508 765 4564 Enimvero
817 4512 895 4565 sic
944 4513 1242 4565 habendum
1276 4522 1363 4569 cst
1396 4530 1409 4566 :
1443 4512 1661 4581 Isaiam,

128 4596 203 4661 qui
241 4599 305 4650 ad
328 4598 564 4652 divinam
587 4638 603 4662 ,
636 4609 687 4653 et
716 4614 1005 4667 perennem
1038 4641 1052 4665 ,
1085 4611 1246 4670 atque
1277 4602 1660 4669 sempiternam

129 4684 311 4742 Christi
340 4699 586 4743 naturam
644 4691 955 4759 respiceret,
982 4692 1245 4760 quasique
1291 4706 1415 4746 cum
1448 4691 1663 4745 diabolo

128 4777 414 4841 dissereret.
441 4781 530 4847 qui
558 4779 834 4834 Christum
866 4790 1078 4835 tentaus
1120 4782 1340 4849 iubebat
1366 4820 1381 4845 ,
1430 4782 1666 4835 ediceret

129 4864 376 4932 lapidibus
404 4907 421 4933 ,
468 4876 528 4921 ut
574 4882 742 4936 panes
770 4868 1005 4934 fierent,
1059 4873 1207 4925 velut
1256 4870 1667 4939 respondentem

127 4954 331 5022 dicere,
390 4944 595 5013 scilicet
649 4962 812 5015 Deum
868 4977 1119 5031 magnum
1172 4976 1234 5015 ac
1282 4970 1667 5032 prmpotentem

126 5048 356 5105 esurire?
408 5050 561 5118 Quod
630 5069 659 5107 a
717 5052 1001 5108 Servatore
1063 5069 1276 5124 quoque
1353 5069 1668 5123 responsum

127 5138 381 5215 malignus
433 5142 640 5211 accepit
691 5160 704 5197 :
762 5162 781 5195 ι
818 5142 1090 5214 Scriptum
1130 5154 1212 5199 est
1248 5164 1261 5200 :
1297 5144 1410 5198 Non
1451 5146 1501 5198 in
1554 5145 1669 5200 solo

183 5314 225 5346 ²¹
251 5315 394 5373 Psal.
428 5328 627 5380 ωιτν.
668 5320 753 5373 I3.
830 5320 875 5351 ³’
913 5320 1041 5374 ibid.
1077 5321 1162 5374 15.

1240 5320 1282 5353 ³³
1319 5321 1474 5375 .Inan.
1508 5339 1633 5379 xvlt.
1668 5324 1718 5381 1.

1770 4447 1885 4517 cjos
1910 4447 1974 4501 ⁸⁵.
2016 4465 2036 4497 ι

1845 4584 1968 4644 luo.
2004 4585 2215 4639 Nullam
2246 4586 2315 4639 de
2344 4584 2562 4641 Christo
2600 4582 2938 4653 prophetiam
2970 4582 3058 4637 hic
3088 4580 3326 4651 psalmus

1772 4680 2012 4732 continet
2039 4695 2052 4729 :
2089 4676 2156 4732 de
2187 4692 2246 4731 se
2266 4677 2406 4730 enim
2443 4686 2592 4729 vates
2624 4689 2746 4728 eum
2782 4673 2995 4729 cecinit.

1842 4789 2067 4844 Cuntsr.
2123 4790 2205 4844 An
2277 4790 2340 4843 de
2395 4776 2675 4842 seDavid
2732 4787 2994 4857 psalmum
3050 4786 3326 4849 cecinerit,

1778 4880 2084 4935 accuratius
2138 4896 2205 4935 ex
2262 4879 2348 4933 his
2400 4891 2519 4948 qua:
2598 4886 2942 4947 sequuntur,
2999 4876 3324 4944 intelligetis.

1783 4987 1801 5020 ι
1843 4968 1960 5037 Ipse
2008 4968 2278 5022 invocabit
2307 4981 2391 5021 me
2430 4985 2443 5021 :
2481 4964 2642 5019 Pater
2682 4978 2830 5018 meus
2887 4979 2945 5031 es
2996 4975 3076 5029 tu;
3112 4982 3131 5015 ›
3181 4962 3329 5030 atqui

1777 5056 1829 5110 in
1860 5057 2007 5111 nullo
2045 5056 2372 5123 psalmorum
2406 5069 2562 5109 suum
2594 5055 2806 5107 Patrem
2839 5053 3002 5105 Deum
3026 5051 3328 5119 appellabat

1776 5146 1942 5201 David
1971 5163 1986 5199 :
2024 5167 2043 5199 ι
2082 5148 2221 5203 Deus
2255 5162 2424 5209 meus,
2455 5156 2510 5201 et
2536 5154 2815 5214 susceptor
2844 5143 3032 5199 Salutis
3063 5158 3194 5196 mea:
3222 5142 3266 5173 “
3300 5160 3318 5192 ι

1762 5324 1816 5375 2.
1918 5323 1961 5353 "
1995 5320 2139 5375 Psal.
2171 5333 2364 5378 Lxxxv,
2409 5319 2495 5373 16.
2570 5317 2614 5349 ³³
2647 5319 2748 5373 Isa.
2782 5335 2883 5378 XL,
2926 5317 3017 5369 9.8.
3114 5312 3157 5348 ³⁸
3185 5317 3322 5370 Psal.

252 5360 272 5369 -
296 5360 394 5373 ω...
428 5360 627 5380 ..-.....,
672 5360 753 5373 ..η
1084 5360 1162 5374 ..,.
1319 5360 1474 5375 ........
1510 5360 1633 5379 -....
1676 5360 1689 5375 .
1767 5360 1816 5375 -.
1998 5360 2015 5375 .
2039 5360 2139 5374 ω...
2171 5360 2334 5371 μη...
2416 5360 2495 5373 ..,.
2650 5360 2748 5373 η...
2784 5360 2883 5378 ην,
2930 5360 3017 5369 ..ω
3185 5360 3202 5370 .
3226 5360 3322 5370 ω...

127 5396 273 5456 fidi,
309 5388 457 5442 7-35.
532 5388 575 5419 ³⁷
610 5389 749 5443 l’saI.
787 5405 875 5456 xc,
910 5389 1000 5443 ‘28.
1042 5388 1087 5456 ξ’
1114 5389 1301 5443 Matth.
1348 5406 1418 5455 tv,
1450 5393 1501 5443 4.
1581 5393 1622 5423 ³³
1665 5363 1844 5451 ἣίειιιιι.
1881 5406 1950 5448 vr.
1986 5392 2071 5442 i9.
2150 5389 2191 5456 ἑο
2222 5360 2364 5439 I’sal:
2396 5404 2543 5451 xux,
2581 5391 2666 5449 id.
2704 5388 2789 5442 lii.
2868 5388 2910 5417 δ’
2947 5385 3143 5456 Jerem.
3174 5402 3325 5452 xxxi,

126 5450 204 5518 34,
239 5456 330 5510 55.
404 5458 451 5488 δ’
492 5458 593 5511 Isa.
641 5474 765 5523 xxv,
797 5450 872 5515 6f
925 5460 970 5490 "
1002 5454 1103 5514 Isa.
1138 5475 1264 5522 xxv,
1302 5461 1356 5514 9.

186 5606 319 5677 (δι’)
362 5606 481 5676 Ms.,
521 5612 645 5680 γῆς.

1435 5462 1478 5491 ⁸⁵
1507 5460 1697 5515 Matth.
1741 5477 1777 5522 ι,
1810 5463 1898 5514 ‘25.

1974 5460 2015 5489 “
2054 5454 2191 5510 Psai.
2224 5471 2482 5525 LXXXVIII,
2530 5460 2617 5513 ‘26.
2699 5457 2741 5488 ⁵⁸
2779 5457 2910 5511 ibid.
2937 5455 3027 5508 9.7.
3076 5466 3077 5469 ‘

2630 2752 2649 2786 ι
2693 2734 2779 2787 ubi
2814 2732 3066 2801 gaudium
3105 2733 3170 2785 ad
3223 2732 3318 2785 ba-
3392 2784 3405 2791 λ
