3952 6328
689 323 784 386 851

1869 324 2292 385 .ANDRUNNZI
2333 321 2666 384 COMNENI

3779 321 3872 380 85'}

690 445 981 497 Obserwte
1009 460 1137 498 sane
1167 467 1176 497 :
1201 444 1409 496 pdil't'ill
1446 445 1734 497 secundum
1769 453 2037 505 naturam,
2065 444 2230 497 Deum
2267 443 2303 498 Α
2331 445 2488 516 genui
2523 452 2577 496 te
2605 444 2674 495 ⁸⁸.
2702 459 2720 492 ι
2753 441 2816 496 Ει
2848 455 3056 494 rursum
3085 458 3096 491 :
3141 458 3155 489 t
3199 440 3339 494 Dixit
3373 441 3630 495 Dotuinus
3656 440 3874 494 Domino

692 535 984 588 secundent
1051 547 1380 602 assumptum
1447 536 1732 589 humanam
1785 546 2051 589 naturam.
2113 553 2131 586 ι
2175 534 2238 588 Et

692 639 791 692 ego
846 624 1260 692 primogenitum
1307 639 1500 691 ponam
1549 625 1696 678 illum
1732 625 1807 690 ";
1847 642 1866 676 ι
1901 626 2236 679 animadver-

693 714 842 776 titis,
901 725 955 766 ut
1010 716 1076 767 de
1131 714 1407 781 uuigenito
1463 715 1554 769 Dei
1591 715 1722 768 Filio
1769 713 2055 782 loquatur?
2101 713 2234 783 Nam

697 806 858 856 David
892 819 986 857 nec
1016 804 1107 857 Dei
1140 805 1278 861 ﬁlius
1319 817 1456 870 erat,
1508 821 1601 860 nec
1647 804 1801 862 Jesse
1849 807 1931 862 sui
1981 806 2236 874 genitoris

698 895 1088 963 primogettittts
1115 937 1129 957 ,
1185 897 1233 950 id
1273 897 1411 964 quod
1440 897 1503 950 dc
1542 911 1600 951 se
1629 897 1741 965 ipse
1789 885 2014 952 testatur
2042 893 2094 947 in
2124 895 2236 949 haec

697 987 895 1040 verba:
933 1005 948 1037 ι
990 986 1237 1043 Minimus
1261 1005 1402 1044 erant
1434 989 1484 1041 in
1514 987 1771 1042 fratribus
1802 988 1952 1051 meis,
1988 995 2038 1041 et
2059 987 2237 1056 junior

702 1083 753 1133 in
786 1083 942 1136 dniuo
974 1084 1140 1152 patris
1167 1084 1266 1136 mei
1299 1084 1361 1136 ".
1405 1103 1423 1135 ι
1463 1082 1528 1137 Et
1568 1084 1765 1152 alioqui
1797 1084 1842 1136 si
1883 1084 2095 1137 Davidis
2126 1083 2238 1137 haec

701 1174 974 1242 prophetia
1011 1174 1075 1228 de
1125 1173 1296 1242 seipso
1330 1173 1535 1238 fuisset,
1562 1175 1783 1230 dixisset
1814 1177 2034 1244 utique:
2067 1195 2084 1226 ι
2117 1175 2235 1230 Pri-

700 1265 1021 1331 mogenitum
1056 1283 1073 1314 ι
1106 1265 1252 1330 posui
1311 1264 1456 1318 illum
1495 1281 1673 1331 tuon,
1732 1285 1752 1318 ι
1783 1282 1976 1335 ponam
2011 1268 2179 1321 illum.
2209 1286 2228 1319 ο

705 1372 722 1401 ε
748 1351 1024 1408 Excelsum
1050 1370 1154 1420 pra:
1183 1355 1396 1422 regibus
1427 1363 1580 1409 terra:
1608 1355 1674 1408 δ’.
1704 1357 1769 1408 At
1808 1356 1968 1412 David
1998 1355 2235 1411 Judmam

698 1446 868 1498 solum
918 1447 1118 1506 tenuit,
1152 1461 1247 1499 nec
1293 1447 1424 1500 mari
1475 1462 1661 1503 manus
1701 1447 1863 1517 ipsius
1888 1488 1904 1512 ,
1941 1463 2040 1503 nec
2069 1450 2241 1504 ﬂumi-

700 1533 852 1584 nihns
871 1534 1056 1585 dextra
1080 1533 1193 1599 ejus
1224 1533 1466 1600 imposita
1496 1536 1598 1608 est.
1626 1555 1643 1587 ι
1666 1535 1990 1591 luteternunt
2018 1537 2240 1591 servabo

696 1623 768 1674 iiii
812 1623 1232 1677 misericordiam
1290 1639 1458 1677 meam
1502 1641 1514 1678 :
1549 1637 1602 1679 et
1651 1609 2019 1685 testamentum
2054 1645 2234 1686 meum

699 1713 850 1766 ﬁdele
899 1714 995 1781 ipsi
1027 1716 1094 1768 ".
1137 1733 1154 1764 ι
1204 1717 1272 1793 at
1325 1717 1508 1770 Davidi
1537 1717 1723 1772 {uidua
1768 1718 2025 1776 hactenus
2075 1721 2234 1776 [idum

2340 552 2479 601 meo,
2510 533 2647 588 Sede
2669 549 2699 588 a
2729 533 2934 587 dextris
2968 533 3101 606 meis
3129 532 3196 586 ".
3233 549 3252 582 ι
3286 530 3418 584 Nam
3457 531 3693 598 lticyere
3713 542 3796 584 est
3827 533 3871 583 in

2334 627 2538 684 aethere
2575 626 2726 684 testis
2766 623 3049 680 indeletus.
3106 621 3222 674 lam
3257 638 3383 676 vero
3435 621 3624 676 scribit
3671 621 3827 674 Isaias
3859 641 3869 675 :

2339 741 2360 774 ι
2407 708 2546 775 Ecce
2592 718 2706 775 dies
2748 715 2964 773 venient
2990 753 3007 780 ,
3036 715 3164 767 dit-it
3215 715 3506 768 Dominus:
3536 722 3588 767 et
3619 714 3872 766 suscitabo

2338 812 2503 867 David
2534 827 2752 882 germen
2775 809 2978 879 justum
3008 826 3022 863 :
3056 820 3108 861 et
3141 803 3527 874 regnabit-Rex
3550 845 3566 868 ,
3591 816 3641 858 et
3673 803 3870 868 sapiens

2343 906 2488 960 erit:
2522 895 2765 959 et-faeiét
2809 901 3072 970 judicium
3121 909 3174 952 et
3216 897 3474 968 justitiam
3523 897 3578 949 in
3615 906 3776 948 terra.
3819 892 3870 944 Et

2339 997 2441 1051 hoc
2471 1006 2552 1050 est
2583 1009 2772 1051 nomen
2798 995 2936 1062 quod
2973 993 3242 1046 vocabunt
3270 1006 3422 1051 eum,
3467 987 3714 1040 Ἰωσεδὲκ
3738 1025 3752 1049 ,
3785 984 3872 1036 Do-

2340 1088 2518 1142 minus
2543 1087 2722 1156 justus
2769 1094 2953 1142 noster
2978 1086 3046 1138 ".
3091 1102 3108 1136 ι
3165 1083 3227 1136 Et
3277 1081 3563 1134 llabacnc:
3615 1097 3634 1128 c
3672 1075 3868 1144 Opernit

2337 1179 2699 1250 cmlosgloria
2725 1177 2860 1247 ejus,
2892 1185 2943 1230 et
2969 1175 3146 1230 laudis
3174 1175 3290 1241 ejus
3317 1173 3468 1241 plena
3496 1180 3575 1224 est
3607 1183 3747 1222 terra
3784 1167 3860 1221 ⁸⁸.»

2337 1272 2504 1342 Cujus
2536 1286 2663 1337 ergo
2697 1270 2828 1324 meri
2857 1268 3093 1322 hominis
3140 1267 3390 1334 majestas
3437 1263 3603 1318 emlos
3651 1261 3855 1327 obtegat.

2339 1363 2493 1431 cujus
2529 1363 2684 1416 laude
2712 1371 2856 1414 terra
2892 1357 3200 1428 repleatur?
3226 1356 3482 1409 nimirum
3526 1353 3618 1406 Dei
3654 1349 3862 1404 heminis

2337 1454 2486 1510 Jesu.
2519 1452 2583 1507 Et
2619 1453 2672 1507 in
2704 1449 3164 1520 Paralipomenis,
3196 1446 3258 1500 de
3301 1459 3398 1498 suo
3429 1443 3561 1496 Filio
3590 1443 3730 1495 Deus
3764 1455 3868 1493 eou-

2339 1544 2555 1599 iirmat:
2591 1561 2608 1594 ι
2655 1541 2934 1596 Stabiliam
2960 1541 3205 1606 'regnttm
3257 1536 3416 1602 ejus:
3450 1535 3562 1601 ipse
3607 1531 3868 1585 :edilicabit

2340 1634 2468 1688 mihi
2510 1636 2761 1696 domum,
2808 1639 2862 1686 et
2923 1629 3148 1700 firmabo
3196 1626 3388 1680 solium
3447 1623 3563 1692 ejus
3617 1635 3780 1687 usque
3827 1620 3867 1669 in

2340 1733 2621 1778 mternum.
2657 1722 2766 1790 Ego
2796 1734 2888 1774 ero
2914 1705 2973 1771 ei
2997 1717 3050 1770 in
3081 1714 3296 1770 Patrem
3323 1755 3338 1774 ,
3388 1721 3443 1767 et
3477 1713 3594 1781 ipse
3622 1709 3717 1766 erit
3757 1707 3868 1761 mihi

703 1803 916 1864 mansit,
949 1813 1002 1856 ut
1039 1819 1178 1872 aegre
1213 1782 1330 1872 ejus
1368 1805 1506 1860 [ilius
1534 1805 1787 1861 Salomon
1812 1805 2006 1863 Jndaa
2028 1796 2235 1879 sceptra
2269 1782 2310 1836 Β
2342 1818 2393 1870 in
2421 1816 2636 1880 ﬁlium,
2666 1782 2727 1866 ei
2747 1810 3176 1885 misericordiam
3207 1821 3380 1860 meam
3419 1819 3523 1858 non
3557 1800 3788 1855 auferam
3815 1799 3870 1848 alt

698 1894 999 1959 retinuerit,
1020 1893 1255 1949 Roboam
1296 1910 1417 1949 vero
1437 1896 1738 1951 Salomonis
1771 1911 1932 1965 regno
1955 1899 2232 1954 exciderit.

705 2003 722 2031 α
784 1983 847 2036 Et
896 1999 1089 2053 ponam
1147 1985 1199 2038 in
1251 1983 1500 2039 sarculum
1535 1983 1716 2051 saeculi
1769 1997 1950 2039 semen
1984 1985 2131 2053 ejus;
2187 1999 2241 2042 et

697 2079 943 2130 thronum
976 2078 1092 2146 ejus
1126 2078 1263 2133 sicut
1300 2078 1412 2132 dies
1446 2076 1564 2132 coeli
1594 2077 1659 2130 ".
1691 2095 1709 2129 ι
1761 2074 1959 2132 Videtis
2008 2078 2241 2134 Filium?

697 2166 826 2220 Nam
854 2182 1048 2222 sensus
1083 2165 1377 2236 bujusuiodi
1408 2175 1529 2222 est:
1566 2167 1874 2238 Contplacet
1908 2168 2242 2238 unigenitum

699 2275 871 2313 meum
901 2260 1092 2313 Filium
1121 2274 1186 2313 ex
1209 2275 1421 2330 semper
1446 2259 1664 2329 Virgine
1687 2260 1875 2324 Maria,
1904 2261 2022 2330 qua:
2047 2277 2112 2316 ex
2142 2262 2242 2315 Da—

695 2352 834 2405 vidis
873 2352 1073 2403 semine
1103 2361 1186 2404 est
1209 2390 1224 2413 ,
1254 2365 1474 2406 carnem
1519 2361 1833 2417 assumere;
1868 2363 1922 2406 et
1975 2351 2243 2420 perfectus

699 2450 889 2493 natura
918 2441 1072 2501 Deus,
1099 2443 1215 2504 sine
1247 2443 1568 2503 mutatione,
1603 2441 1762 2495 homo
1790 2443 1952 2496 etiam
1978 2443 2242 2510 perfectus

699 2544 944 2586 nascetur
987 2550 1000 2585 :
1039 2533 1191 2600 cujus
1233 2532 1444 2587 demum
1492 2533 1687 2595 solium
1743 2533 1810 2586 ad
1856 2534 1978 2588 emli
2028 2541 2240 2588 atatem

686 2615 1063 2695 ‘eonservabo,
1114 2623 1165 2674 in
1195 2636 1410 2678 omnem
1445 2622 1761 2676 saeculorum
1807 2621 2237 2690 perpetuitatem.

697 2713 870 2780 Atque
922 2713 972 2766 id
1003 2713 1072 2763 ita
1122 2727 1242 2766 esse
1271 2750 1287 2776 ,
1335 2727 1399 2770 ex
1434 2712 1782 2781 sequentibus
1807 2713 1911 2768 erit
1965 2712 2240 2783 apertius;

705 2805 854 2858 addit
887 2805 1068 2858 enim:
1107 2821 1125 2854 ι
1162 2804 1216 2858 Si
1248 2815 1426 2870 autem
1481 2805 1861 2873 dercliquerint
1910 2806 2001 2859 lilii
2029 2805 2143 2874 ejus
2172 2806 2245 2858 le-

703 2910 820 2964 gem
851 2911 1021 2950 meam
1047 2911 1062 2951 :
1091 2905 1144 2949 et
1171 2896 1221 2950 iu
1251 2895 1471 2965 judiciis
1508 2895 1642 2950 meis
1673 2911 1777 2949 non
1807 2895 2198 2950 ambulaverint
2224 2909 2271 2960 ;'

701 2987 746 3042 si
793 2975 1030 3056 justitias
1073 3001 1219 3040 meas
1253 2986 1694 3055 profanaverint,
1737 2996 1800 3054 get
1847 2985 2094 3040 mandata
2124 3000 2240 3040 mea

2339 1922 2406 1964 eo
2434 1892 2504 1962 ".
2537 1924 2557 1958 ι
2595 1904 2660 1959 Et
2689 1918 2900 1958 rursum
2930 1919 2944 1954 :
2982 1920 3000 1950 ι
3036 1899 3152 1967 ipse
3201 1897 3302 1951 erit
3337 1895 3467 1948 mibi
3496 1895 3548 1947 in
3579 1891 3764 1946 Filium
3787 1927 3800 1952 ,
3827 1897 3871 1939 et

2336 2013 2438 2068 ego
2463 1973 2558 2052 ero
2601 1995 2677 2049 illi
2710 1995 2763 2048 in
2814 1992 3024 2047 Patrem
3078 1988 3409 2053 lirmaboque
3456 1983 3644 2039 solium
3682 1979 3795 2049 ejus
3824 1977 3868 2029 in

2339 2088 2504 2155 lsrael
2533 2087 2586 2141 iu
2617 2093 2878 2140 aternum
2908 2083 2982 2135 ⁸ο.
3020 2100 3039 2132 ι

2407 2193 2528 2250 Jun.
2565 2193 2630 2247 Et
2659 2205 2758 2246 cur
2809 2197 3125 2243 autemnon
3175 2183 3348 2248 dixit,
3409 2179 3689 2234 Stabiliam
3738 2175 3868 2227 thro-

2339 2302 2466 2340 num
2506 2283 2624 2337 Filii
2659 2282 2760 2338 mei
2787 2280 2952 2350 ,quia
2984 2277 3142 2332 Pater
3191 2275 3331 2329 illius
3361 2285 3478 2327 sum
3506 2287 3520 2322 :
3553 2267 3644 2324 sed
3669 2307 3683 2330 ,
3737 2283 3754 2316 ι
3783 2263 3866 2316 crit

2340 2374 2470 2429 mihi
2503 2373 2554 2427 in
2583 2371 2800 2434 Filium,
2828 2364 2881 2422 et
2907 2383 3008 2435 ego
3039 2381 3133 2421 ero
3159 2366 3205 2415 ei
3235 2364 3287 2414 in
3317 2361 3562 2426 Patrem?
3593 2375 3612 2407 ι
3855 2441 3862 2448 '

2411 2465 2637 2519 Cuats'r‘.
2681 2461 2798 2517 Non
2827 2459 2892 2512 de
2922 2455 3142 2524 perenni
3176 2463 3362 2506 natura
3387 2490 3402 2514 ,
3437 2458 3597 2514 atque
3625 2457 3778 2512 regno
3801 2456 3862 2490 Sili

2342 2557 2459 2611 Filii
2489 2557 2590 2608 hoc
2627 2554 2838 2607 locutus
2871 2549 3028 2603 Pater
3055 2555 3170 2608 est;
3202 2543 3293 2596 sed
3321 2542 3387 2595 de
3418 2535 3696 2607 temporali
3727 2547 3863 2630 regno

2343 2632 2396 2699 et
2434 2649 2729 2708 assumpto.
2799 2637 2983 2705 Neque
3011 2634 3152 2688 enim
3202 2629 3433 2684 concidit
3492 2638 3721 2695 perenne
3771 2629 3866 2685 ejus

2341 2748 2603 2802 regnum,
2655 2744 2828 2796 neque
2885 2727 3260 2780 inconcussum
3331 2720 3462 2796 ejus
3511 2716 3703 2770 solium
3772 2723 3867 2762 sta-

2343 2826 2482 2881 biliri
2511 2838 2644 2891 opus
2671 2823 2918 2892 habebat.
2950 2819 3126 2882 Quare
3154 2815 3217 2866 tle
3254 2821 3491 2864 nostrate
3540 2821 3699 2873 regno
3727 2813 3866 2862 ειτιιιιτ

2341 2914 2477 2976 solio
2509 2912 2673 2967 David
2705 2908 2948 2969 disserit,
2985 2915 3036 2958 et
3075 2908 3287 2957 domum
3344 2898 3754 2953 construendam
3784 2907 3864 2942 no-

2341 3021 2461 3058 vam
2490 3001 2782 3057 Ecclesiam
2815 2997 3120 3067 significat;
3154 3009 3274 3045 nam
3327 3005 3558 3054 superna
3587 2989 3786 3044 domus,
3817 2996 3867 3031 az-

703 3092 807 3132 non
836 3078 1228 3132 custodierint:
1261 3075 1492 3133 visitabo
1535 3075 1588 3130 in
1615 3076 1764 3145 virga
1809 3076 2120 3143 iniquitates
2147 3089 2239 3130 eo-
2269 3102 2313 3158 ρ
2347 3107 2580 3163 perenne
2636 3105 2858 3160 τρεηιιιη
2905 3103 2966 3140 ex
3017 3085 3162 3138 omni
3231 3083 3568 3134 aeternitate.
3621 3086 3774 3139 atque
3815 3071 3867 3163 in

704 3183 843 3233 rum,
869 3180 922 3223 et
975 3171 1027 3223 in
1080 3169 1392 3225 verberibus
1446 3178 1664 3238 peccata
1715 3183 1901 3223 eorum
1929 3167 1996 3222 ”.
2047 3186 2066 3220 ι
2127 3167 2241 3222 Non

704 3262 978 3329 ignorans,
1011 3261 1100 3327 qui
1151 3259 1363 3315 animos
1401 3268 1566 3328 atque
1599 3272 1757 3320 renes
1790 3266 2079 3322 scrutatur,
2117 3273 2240 3326 par-

703 3349 920 3402 ticulam
961 3349 1006 3402 si
1032 3389 1046 3410 ,
1086 3348 1467 3418 bieapposuit,
1493 3347 1588 3404 sed
1611 3346 1794 3414 iudicii
1829 3349 1911 3402 sui
1939 3349 2242 3416 equitatem

703 3436 1120 3502 demonstrans,
1179 3450 1299 3495 cum
1352 3435 1714 3490 additamenta
1773 3450 1985 3506 pmnam
2017 3435 2245 3491 commi-

705 3536 864 3579 natus
911 3534 991 3579 est
1040 3544 1055 3581 :
1103 3545 1121 3577 ι
1179 3523 1601 3580 Misericordiae)
1660 3510 1839 3583 autem
1904 3542 2075 3585 meam
2140 3540 2243 3579 non

702 3615 1013 3683 dispergam
1054 3616 1122 3670 ab
1148 3630 1212 3669 eo
1243 3632 1260 3671 :
1295 3629 1468 3683 neque
1506 3615 1714 3670 nocebo
1760 3616 1810 3669 in
1840 3617 2069 3670 veritate
2106 3631 2246 3669 mea.

707 3706 889 3775 Neque
936 3706 1233 3775 profanalto
1285 3715 1662 3765 testamentum
1713 3721 1893 3761 meum
1947 3724 1963 3762 :
2030 3715 2084 3761 et
2129 3722 2248 3775 qua

710 3801 1000 3866 procedunt
1025 3799 1092 3853 de
1138 3799 1291 3854 labiis
1320 3800 1452 3855 meis
1474 3838 1490 3862 ,
1523 3815 1647 3853 nun-
1681 3797 1874 3852 fa‘eiam
1928 3801 2078 3854 irrita
2107 3802 2175 3855 ⁸³.
2224 3819 2241 3852 ι

713 3879 1024 3955 Signiﬁcant
1053 3896 1230 3941 autem
1261 3888 1372 3941 hinc
1399 3905 1413 3941 :
1439 3887 1791 3954 Quantumvis
1821 3888 2037 3943 Davidis
2067 3905 2246 3952 semen

709 3977 761 4027 in
789 3976 950 4043 regali
979 3977 1112 4030 solio
1139 3977 1440 4040 considere,
1465 3987 1624 4046 atque
1655 3975 1709 4029 in
1741 3991 1836 4029 vos
1866 3992 2086 4047 regnare
2111 3980 2249 4032 haud

711 4064 900 4116 \idvtis
925 4079 1055 4134 ;ego
1086 4072 1261 4133 tamen
1290 4081 1355 4118 ex
1381 4065 1496 4134 ejus
1526 4069 1730 4120 semine
1756 4065 1954 4136 Regem
1983 4071 2251 4125 suscitabo

651 4153 654 4158 ’
709 4151 852 4205 omni
886 4162 1024 4205 terra
1056 4153 1315 4207 altiorem.

782 4279 801 4311 ι
835 4261 1011 4314 Semel
1038 4262 1089 4315 in
1127 4275 1310 4316 saneto
1341 4279 1509 4327 meo,»
1544 4264 1594 4317 in
1630 4279 1751 4319 meo
1771 4265 1976 4319 scilicet
2021 4267 2248 4320 naturali

714 4349 874 4405 Filio.
904 4371 921 4402 ι
963 4353 1017 4405 Si
1053 4353 1214 4405 David
1253 4355 1532 4419 mentior,»
1567 4354 1763 4423 juravi,
1798 4357 2034 4426 inquam,
2069 4359 2250 4413 Davidi

2345 3162 2558 3238 omnem
2608 3181 3016 3250 perpetuitatem
3072 3183 3321 3235 constat,
3372 3183 3636 3234 nunquam
3683 3162 3868 3216 iaitt‘in-

2345 3278 2616 3331 etandum.
2671 3272 2836 3325 Isaias
2862 3281 3107 3336 quoque,
3147 3280 3210 3317 ex
3253 3277 3482 3330 persona
3531 3258 3724 3311 Christi
3769 3255 3868 3306 ait:

2350 3382 2370 3415 ι
2407 3363 2518 3429 Εκο
2540 3362 2797 3416 Dominus
2827 3355 3348 3426 loquensjustitiam,
3371 3349 3693 3403 annuntians
3719 3346 3867 3396 rccta.

2345 3454 2753 3524 Gougregamini
2787 3490 2802 3514 ,
2850 3459 2901 3505 et
2933 3451 3148 3510 venite,
3199 3455 3250 3497 et
3299 3443 3536 3495 accedite
3587 3438 3736 3492 simul
3787 3436 3868 3502 qni

2347 3546 2536 3601 salvati
2590 3545 2721 3599 estis
2770 3558 2832 3596 ex
2891 3539 3154 3610 gentibus.
3199 3537 3305 3603 ligo
3351 3533 3489 3584 Deus
3517 3569 3533 3594 ,
3580 3541 3632 3581 et
3677 3534 3870 3578 nonest

2348 3635 2482 3687 alius
2513 3633 2653 3687 Deus
2697 3629 2873 3700 justus
2917 3638 2967 3681 et
2997 3625 3242 3679 Salvator
3289 3635 3390 3674 non
3431 3627 3515 3672 cst
3557 3626 3744 3684 [inetur
3781 3626 3869 3661 tne.

2346 3723 2730 3781 Convertimini
2761 3720 2824 3773 ad
2861 3733 2977 3782 me,
3023 3727 3071 3770 et
3104 3715 3233 3767 salvi
3263 3712 3413 3764 eritis
3438 3710 3504 3761 εί.
3546 3728 3564 3759 ι
3599 3707 3661 3759 Et
3698 3704 3870 3760 Moses,

2349 3830 2412 3868 ex
2443 3811 2682 3879 ejusdem
2710 3822 2935 3876 persona
2985 3822 2997 3856 :
3054 3823 3070 3852 ι
3110 3803 3456 3867 Exspectetur
3489 3805 3546 3850 ut
3588 3793 3758 3863 pltnia
3791 3791 3870 3843 do-

2350 3905 2521 3960 ctrina
2575 3915 2690 3955 mea
2737 3917 2750 3954 :
2817 3898 2942 3952 ﬂuat
2987 3886 3055 3948 ut
3087 3911 3171 3949 ros
3226 3892 3496 3958 eloquium
3553 3903 3727 3940 meum
3757 3886 3814 3934 “.
3854 3900 3865 3928 ι

2349 3995 2466 4056 iam
2498 3993 2589 4047 Dei
2637 3990 2886 4045 etPatris
2920 4003 3011 4056 per
3056 3985 3243 4039 Isaiam
3287 3983 3349 4036 ad
3397 3981 3588 4033 Filium
3628 3979 3741 4030 bzec
3770 3987 3870 4028 sunt

2353 4055 2553 4140 verba:
2621 4099 2639 4132 ε
2683 4081 2734 4132 In
2795 4089 3027 4146 tempore
3084 4075 3279 4142 placito
3333 4069 3582 4124 exaudiri
3612 4077 3693 4130 te,
3736 4073 3784 4115 et
3830 4061 3869 4108 in

2354 4187 2589 4242 tempore
2615 4172 2804 4225 salutis
2865 4165 3151 4220 auxiliatus
3191 4178 3307 4215 sum
3342 4160 3464 4222 tibi,
3510 4168 3563 4211 ct
3592 4157 3712 4210 dedi
3745 4167 3790 4206 te
3830 4153 3868 4198 in

2355 4263 2527 4319 fmdus
2577 4258 2790 4329 pOpuli,
2819 4263 2875 4308 ut
2918 4254 3210 4309 suscitares
3268 4249 3459 4302 terram
3512 4247 3578 4297 ”.
3627 4264 3645 4296 ι
3701 4245 3759 4296 Et
3796 4252 3870 4308 ptr

2356 4359 2599 4412 eumdem
2635 4343 2840 4406 rn'rsnm
2871 4370 2884 4403 :
2929 4368 2947 4400 ι
3002 4348 3126 4400 Dedi
3163 4359 3280 4398 eum
3313 4344 3543 4405 ducem,
3577 4355 3637 4392 ac
3694 4350 3869 4405 phrt‘c-

716 4456 818 4493 non
843 4443 1190 4497 mentiturus:
1221 4461 1238 4493 ι
1276 4443 1465 4498 Semen
1494 4421 1608 4513 ejus
1637 4447 1687 4500 in
1716 4421 1968 4502 (eternium
1995 4451 2246 4506 manebit.
2287 4421 2328 4475 θ
2354 4458 2557 4516 ptorem
2616 4443 2880 4512 gentibus.
2918 4439 3052 4491 Ecce
3098 4445 3278 4505 gentes
3309 4446 3424 4502 qua:
3466 4440 3517 4484 te
3557 4444 3663 4482 non
3701 4439 3868 4489 col-3W

719 4531 781 4583 Et
809 4532 1032 4585 thronus
1063 4531 1176 4600 ejus
1204 4535 1342 4587 sicut
1372 4533 1448 4586 sol
1481 4535 1531 4587 in
1556 4546 1842 4604 conspectu
1872 4553 2005 4600 meo,
2035 4547 2084 4591 et
2114 4541 2248 4592 sicut

718 4623 839 4674 luna
869 4623 1104 4686 perfecta
1139 4625 1188 4676 in
1232 4635 1484 4695 maternum
1513 4667 1526 4690 ,
1561 4637 1616 4680 et
1652 4627 1804 4681 testis
1856 4629 1906 4680 in
1953 4629 2089 4680 taelo
2123 4628 2248 4683 lide-

717 4713 780 4765 .is
809 4713 872 4765 “.
927 4732 942 4763 ι
1007 4712 1188 4768 Videte
1218 4755 1232 4778 ,
1287 4718 1729 4783 quemadmodum
1779 4721 1844 4771 de
1888 4717 1994 4770 Deo
2042 4720 2251 4772 homine

721 4799 837 4854 lcsu
872 4814 1015 4855 vates
1044 4805 1218 4856 omnia
1257 4807 1524 4873 pt‘tedicat.
1561 4806 1674 4870 Quo
1722 4816 1873 4875 pacto
1901 4808 2039 4859 enim
2078 4822 2251 4860 merus

711 4890 849 4944 citra
878 4891 1206 4945 divinitatem
1247 4894 1404 4945 homo
1432 4897 1680 4961 perennis
1707 4896 1881 4956 duret,
1911 4895 2130 4963 ejusque
2166 4913 2225 4950 so

739 4981 869 5042 ittm,
921 4992 974 5034 ut
1013 4982 1088 5032 sol
1127 4983 1260 5050 apud
1318 4984 1476 5036 Deum
1505 5025 1519 5045 ,
1572 4998 1736 5051 utque
1779 4988 1899 5037 luna
1952 4997 2158 5040 (onstet
2201 4989 2249 5040 in

716 5074 1071 5137 perpetuum?
1126 5075 1229 5127 Sed
1264 5077 1499 5143 profecto
1548 5078 1633 5130 hic
1665 5079 1749 5130 ille
1793 5087 1875 5131 est
1900 5120 1914 5141 ,
1946 5080 2008 5129 de
2053 5094 2157 5144 quo
2185 5093 2247 5130 ex

713 5160 809 5215 Dei
839 5178 1062 5230 persona
1115 5166 1400 5231 prtedicat:
1441 5186 1458 5216 ι
1495 5167 1567 5218 Ex
1603 5176 1751 5221 utero
1786 5179 1908 5220 ante
1943 5167 2245 5221 Luciferum

794 5495 832 5524 ⁸⁷
886 5493 1002 5545 Psal
1061 5511 1311 5549 tum”.
1348 5498 1433 5549 '28.
1510 5498 1721 5550 ⁸³1¹δει1.
1777 5515 1959 5558 wan,
2007 5501 2057 5549 υ.

718 5565 805 5616 3|.
844 5565 929 5614 5‘2.
1010 5563 1052 5591 ⁵³
1087 5567 1209 5616 ibid.
1263 5568 1362 5625 3i,
1421 5569 1502 5618 35.
1579 5570 1620 5596 “"
1669 5569 1794 5617 ibid.
1844 5570 2026 5620 36-58.

744 5639 761 5659 ⁶
800 5631 992 5683 Habztd.
1019 5635 1169 5690 III,3.
1248 5638 1286 5664 ⁵³
1324 5637 1533 5686 H‘aral.
1572 5638 1825 5696 XVII,19,
1866 5638 1942 5686 i3.

716 5701 774 5756 2.
851 5702 893 5730 *³
941 5703 1038 5753 ica.
1076 5702 1296 5770 “11,8.
1377 5708 1416 5734 ⁸⁸
1449 5709 1553 5760 lsa.
1591 5717 1673 5765 tv,
1713 5708 1757 5765 4,
1789 5705 1818 5756 5

2136 5499 2176 5527 “9
2229 5496 2367 5548 PSnl.
2414 5510 2678 5549 LXXXVI”.
2714 5493 2801 5543 ‘28.

2104 5569 2145 5595 ⁵⁷⁵
2183 5566 2320 5617 Ιιδςοι.
2379 5583 2484 5620 (λιν,
2540 5567 2590 5615 5.

2026 5638 2067 5662 (θ
2106 5637 2117 5686 Ι
2151 5636 2319 5685 Paral.
2361 5652 2496 5692 un,
2542 5633 2616 5683 l0.

1918 5709 1958 5734 “5
1998 5705 2074 5756 laa
2121 5700 2419 5768 xxttttt,15.

2353 4542 2544 4588 verunt
2573 4572 2585 4592 ,
2623 4541 2675 4585 et
2720 4529 2896 4597 populi
2931 4527 3021 4594 qui
3070 4522 3374 4577 nescierunt
3430 4530 3481 4573 te
3510 4558 3523 4579 ,
3572 4517 3870 4570 invocabant

2359 4634 2408 4676 te
2438 4623 2500 4679 ‘f.
2546 4640 2562 4671 ι
2602 4621 2825 4671 littrsum
2852 4617 2919 4668 :til
2946 4615 3109 4667 lsaias
3139 4628 3154 4665 ἔ
3195 4630 3212 4662 t
3248 4612 3380 4664 Ecce
3407 4609 3550 4660 venit
3585 4606 3820 4659 DOmitttIS
3851 4621 3862 4645 ³

2353 4710 2672 4777 Quomodo?
2712 4726 2728 4757 t
2763 4705 2860 4770 Qui
2896 4704 3132 4755 ambulat
3177 4701 3229 4752 in
3283 4698 3508 4766 jttslitiis
3534 4738 3546 4758 ,
3573 4706 3621 4747 el
3660 4696 3866 4760 loquitur

2353 4806 2653 4860 veritatem,
2687 4808 2735 4850 et
2758 4798 2878 4848 ndio
2909 4796 3066 4847 habet
3097 4791 3428 4858 iniquitatem
3473 4797 3526 4838 et
3555 4787 3865 4850 injustitiam,

2353 4906 2402 4949 (τι
2429 4893 2630 4947 οχουιίι
2666 4903 2853 4942 manus
2883 4900 3005 4938 suas
3039 4886 3102 4934 ab
3126 4881 3269 4934 omni
3301 4893 3542 4936 munt-rc,
3568 4878 3653 4943 qui
3685 4876 3870 4924 ubiut.”

2357 4999 2512 5036 antes
2565 4996 2690 5034 suas
2717 5019 2732 5043 ,
2784 4993 2848 5029 ne
2893 4974 3071 5026 audiat
3120 4972 3429 5039 sanguinem
3461 4968 3524 5018 ⁵⁸.
3568 4985 3584 5015 ι
3625 4964 3798 5023 Videte
3825 4969 3868 5006 ut

2359 5072 2777 5128 ineat-natmnem
2828 5067 3082 5135 propheta
3138 5063 3483 5114 demonstret.
3528 5055 3710 5121 Neque.
3747 5052 3864 5104 enim

2358 5179 2417 5216 ex
2453 5163 2532 5214 his
2562 5159 2769 5211 Davidis
2797 5157 2998 5208 verbis:
3038 5171 3055 5202 ι
3088 5151 3236 5205 Oculi
3272 5148 3478 5202 Domini
3507 5161 3668 5213 super
3699 5147 3862 5215 justas,

2880 5493 2921 5523 δί’
2956 5490 3081 5542 ibid.
3124 5488 3209 5537 Ἦ).
3290 5485 3330 5513 ¹⁵¹
3368 5485 3491 5536 ibi.l.
3524 5486 3616 5535 50.
3695 5486 3736 5514 ⁸¹
3761 5482 3867 5532 ibid.

2667 5547 2709 5591 π
2766 5561 2888 5612 ibid.
2931 5561 2981 5610 i.
3059 5559 3100 5587 ⁵⁷
3136 5559 3240 5605 luto
3290 5551 3491 5605 ,Ισιι-υιιι.
3549 5549 3787 5618 X\ttt,:'i,
3830 5547 3868 5597 Β.

2695 5631 2731 5658 θ’
2774 5633 2869 5684 lsa.
2905 5644 3023 5688 .\L\',
3062 5626 3142 5688 10,
3167 5624 3255 5688 20,
3280 5620 3367 5673 ‘29..
3448 5621 3489 5650 ⁵³
3547 5623 3699 5675 Dettl.
3733 5634 3872 5676 tun,
