3952 6328
144 244 246 308 853

1188 255 1568 317 DIALOGUS
1599 255 1897 318 CONTRA
1935 260 2265 322 JUDEOS.

3106 245 3342 315 V854

145 367 201 413 et
225 373 374 415 aures
403 364 524 434 ejus
567 365 620 420 in
655 380 842 436 preces
883 381 1072 425 eorum
1097 375 1125 437 ς’
1155 372 1336 427 vultus
1372 381 1552 427 autem
1585 374 1687 428 Do-
1720 376 1767 435 Α
1797 374 2056 432 iraudasti
2081 390 2204 431 eum
2229 378 2296 432 ⁷ο,
2338 394 2356 427 ι
2388 375 2596 433 Videtis
2625 387 2683 433 ιιι
2713 375 2777 432 de
2815 375 3306 450 Citristutlt“‘iL’mW

145 452 272 507 mini
303 469 468 524 super
501 456 766 515 facientes
818 462 956 535 mala
983 464 1052 528 “,
1080 482 1099 515 ι
1149 472 1203 519 et
1249 466 1365 520 htec
1395 464 1545 520 Isaia:
1569 472 1695 520 sunt

142 542 576 616 interpretanda;
608 566 733 604 nam
777 553 866 608 ille
901 556 1096 622 partim
1133 555 1541 626 benignitatem,
1569 571 1694 624 par-

144 630 241 683 tim
281 632 682 694 vindicemDei
729 647 1056 709 potestatem
1106 642 1400 710 describit;
1455 644 1540 698 hic
1569 637 1694 723 dum
1752 648 1754 651 ’

145 719 273 775 dicit
305 725 548 796 manum.
580 741 651 782 ne
679 727 815 783 dona
848 730 1056 800 capiat,
1081 741 1226 786 arcet
1255 771 1270 796 ,
1316 747 1581 802 auresque
1627 719 1696 786 ne

152 807 404 877 injustam
435 817 629 885 capitis
691 818 1088 886 inquisitionem
1118 821 1428 890 inaudiant,
1457 821 1693 888 obturat,

145 900 562 960 incarnationem
602 907 718 975 ejus
748 911 997 980 proponit
1035 913 1101 966 ".

212 993 385 1062 Atque
416 997 468 1051 id
495 1013 688 1054 verum
735 1016 876 1068 esse,
910 1019 975 1057 ex
1007 1005 1076 1058 iis
1110 1020 1227 1074 qua:
1257 1016 1376 1078 post
1418 1008 1690 1063 dissernn.
1732 1019 1736 1022 '

145 1090 266 1150 tur,
323 1086 666 1160 intelligetis.
711 1091 879 1148 Addit
930 1095 1073 1150 enim
1125 1115 1137 1150 :
1179 1115 1197 1148 ι
1260 1097 1476 1152 Ciaudit
1509 1101 1694 1154 oculos

143 1188 306 1242 suos,
359 1193 426 1232 ne
470 1181 688 1235 videant
720 1183 921 1238 malum
967 1185 1051 1254 ﬂ;
1087 1204 1104 1236 ι
1161 1188 1229 1242 iis
1255 1189 1434 1244 verbis
1482 1189 1691 1244 Domini

144 1279 325 1320 necem
364 1277 419 1323 et
457 1268 767 1326 Judteorum
811 1274 1229 1330 obstinationem
1264 1287 1473 1332 notans.
1523 1297 1542 1330 ι
1588 1279 1694 1358 iste

147 1354 192 1407 in
226 1357 452 1413 excelsis
501 1361 807 1430 habitabit,
863 1366 1192 1420 munimenta
1239 1383 1488 1423 saxorum
1529 1354 1692 1424 subli-

152 1446 302 1502 mitas
335 1450 451 1518 ejus
485 1452 552 1508 ⁸⁸.
585 1471 604 1504 r
639 1455 885 1524 Accipite
924 1458 1340 1514 incarnationem
1372 1477 1386 1514 :
1431 1476 1551 1514 nam
1586 1462 1691 1515 nisi

148 1532 207 1586 de
233 1550 295 1588 ea
329 1539 532 1594 dictum
563 1541 665 1596 hoc
695 1551 780 1598 est
802 1584 818 1606 .
856 1544 1075 1600 ubinam
1111 1547 1309 1616 alioqui
1338 1553 1689 1618 comprehen-

146 1629 313 1694 datur,
335 1631 432 1698 qui
461 1632 661 1702 ubique
687 1648 928 1702 presens
957 1647 1150 1692 cuncta
1185 1639 1454 1710 complet?
1485 1659 1503 1693 ι
1534 1640 1690 1695 Panis

1797 479 1920 518 nam
1974 466 2019 518 si
2071 465 2316 522 Ezechiw
2372 465 2605 522 fortasse
2654 461 3032 528 tribuctis,’A’tl
3075 461 3345 517 Christum

1799 566 1976 612 tamen
2010 566 2134 612 vere
2171 557 2430 614 refertur.
2463 558 2594 623 Quis
2624 559 2769 612 enim
2801 572 2898 612 rex
2932 564 3153 624 propter
3185 553 3346 606 animi

1799 646 2026 715 optata,
2068 657 2121 702 et
2171 649 2433 705 orationis
2480 648 2745 718 postulata
2800 646 3006 702 Numen
3060 645 3345 713 prepitium

1798 738 2030 793 habuit?
2062 739 2238 807 Atque
2271 740 2321 794 id
2351 755 2535 796 verum
2572 753 2722 798 esse.
2758 739 2894 793 idem
2937 737 3198 806 Propheta
3235 749 3349 786 rur-

1796 839 1915 881 sum
1980 830 2088 882 alio
2142 831 2350 897 psalmo
2398 831 2783 888 demonstrat:
2821 848 2838 879 ι
2894 825 3347 888 Benedic,anitna

1799 934 1938 984 mea,
1973 920 2198 975 Domino
2254 939 2270 976 :
2325 923 2415 990 qui
2485 923 2656 993 replet
2711 922 2762 976 in
2811 921 2967 975 bonis
3019 917 3347 972 desiderium

1802 1017 1950 1062 tuum
1985 1011 2051 1064 ".
2116 1011 2327 1078 r‘Quod
2377 1011 2420 1065 si
2479 1012 2661 1066 Davidi
2719 1012 3014 1080 prmstilttm
3069 1024 3170 1063 non
3225 1017 3347 1066 est.
3393 1037 3404 1058 ι

1796 1102 1980 1167 ecquis
2019 1103 2154 1156 alius
2189 1117 2278 1156 rex
2306 1101 2376 1157 de
2407 1116 2472 1156 eo
2512 1118 2568 1156 se
2590 1102 2857 1171 iactabit?
2883 1102 3173 1156 Enimvero
3204 1110 3350 1165 ΡΝ·

1795 1210 1956 1264 quam
1980 1193 2210 1251 dixisset
2249 1214 2262 1250 :
2305 1215 2321 1247 t
2363 1195 2606 1260 Domine,
2637 1197 2686 1248 in
2715 1203 2911 1250 virtute
2957 1206 3042 1266 tua
3090 1191 3350 1245 lzetabitur

1795 1299 1912 1349 rex,
1948 1304 1964 1336 ι
2009 1296 2311 1355 ceteraque
2339 1302 2456 1355 quae
2485 1301 2551 1340 eo
2582 1287 2816 1339 carmine
2843 1283 3184 1350 pr:enuntiat,
3217 1281 3353 1333 indi-

1794 1391 1925 1430 cans
1975 1378 2252 1443 apertius,
2287 1378 2352 1432 de
2393 1393 2499 1447 quo
2549 1392 2672 1445 rege
2721 1378 3033 1430 vaticinium
3075 1374 3368 1460 edidissetf

1796 1472 1908 1525 ait:
1941 1487 1960 1519 ι
1992 1471 2165 1524 Vitam
2212 1472 2362 1539 petiit
2409 1481 2448 1531 a‘.
2486 1483 2576 1525 te:
2611 1482 2664 1525 et
2706 1469 2935 1524 tribuisti
2971 1470 3019 1523 ei
3070 1467 3350 1542 longitqili-

1795 1575 1915 1615 nem
1957 1561 2162 1616 dierum
2190 1560 2241 1614 in
2273 1558 2554 1627 sarculum,
2584 1570 2640 1616 et
2671 1563 2721 1614 in
2750 1561 3004 1614 saeculum
3044 1543 3346 1613 saeculi?»

1795 1652 1968 1719 Atque
1999 1651 2178 1706 nullus
2225 1652 2618 1734 planejprteter
2664 1652 2943 1708 Christunt
2983 1650 3353 1723 rexperenuis

147 1721 193 1775 ei
227 1722 384 1776 datus
414 1732 521 1786 est,
560 1743 582 1776 s
614 1724 668 1779 id
703 1735 811 1792 est,
841 1742 976 1798 pane
1011 1727 1082 1783 ad
1107 1730 1491 1786 incarnationis
1533 1733 1688 1788 iidem
1725 1713 1765 1764 Β
1796 1713 1949 1804 vivit,
2004 1751 2165 1811 atque
2212 1713 2441 1812 regnat.-
2465 1742 2638 1812 Atque
2686 1743 2799 1797 hmc
2848 1740 3062 1811 quidem
3087 1713 3352 1808 '-proplie-

147 1809 438 1863 vesciturus
462 1851 478 1875 ,
531 1829 551 1863 ι
589 1823 642 1866 et
691 1828 846 1883 aquae
882 1817 999 1886 ejus
1032 1818 1218 1879 ﬁdeles
1253 1831 1378 1874 sunt
1414 1819 1489 1887 υς
1530 1841 1547 1874 r
1589 1823 1691 1877 sci-

148 1897 260 1953 licet
287 1914 495 1955 sacrum
521 1901 919 1972 baptisma,seu
939 1908 1188 1965 salutaris
1216 1911 1478 1966 doctrina.
1497 1913 1692 1979 Quem-

142 1987 415 2044 admodum
461 2001 515 2047 et
571 1992 821 2052 Christus
865 1998 985 2066 ipse
1015 1997 1080 2054 sd
1108 1994 1532 2070 Samaritanam“
1575 1987 1689 2058 dis-

145 2082 302 2137 serit:
346 2103 364 2135 ι
398 2083 453 2138 Si
479 2088 648 2141 scires
694 2090 891 2144 donum
923 2090 1038 2156 Dei,
1068 2101 1122 2147 et
1147 2094 1264 2164 quis
1282 2106 1383 2158 est,
1425 2098 1516 2166 qui
1560 2098 1690 2153 dicit

151 2171 236 2225 tibi
263 2189 277 2225 :
310 2173 379 2226 Da
413 2177 546 2232 mihi
580 2178 784 2245 bibere,
816 2191 870 2235 tu
907 2180 1131 2239 forsitan
1160 2186 1384 2254 petisses
1414 2187 1482 2242 ab
1511 2203 1606 2252 eo,
1635 2200 1690 2245 et

147 2261 364 2318 dedisset
403 2266 498 2320 tibi
547 2277 740 2336 aquam
785 2271 960 2326 vivam
1004 2274 1080 2337 '°,
1119 2293 1140 2326 ι
1191 2284 1246 2328 ut
1291 2291 1394 2335 non
1423 2279 1602 2334 sitires
1631 2281 1689 2334 in

143 2364 406 2408 aternum.
443 2356 507 2410 Et
539 2373 796 2415 rursum:
840 2381 860 2413 ι
895 2361 992 2429 Qui
1021 2365 1192 2419 credit
1217 2366 1270 2420 in
1314 2382 1426 2428 me.
1471 2367 1686 2425 ﬂumina

146 2443 202 2493 de
229 2453 402 2500 ventre
425 2445 539 2514 ejus
564 2447 730 2504 tinent
769 2456 923 2520 aqua:
951 2454 1082 2509 viva:
1110 2455 1178 2520 ",
1207 2474 1225 2506 s
1270 2456 1467 2512 divinas
1508 2473 1569 2512 ac
1600 2475 1686 2514 sa-

146 2530 321 2588 lutaris
370 2538 631 2593 doctrina
672 2555 974 2596 sermones.
1035 2562 1054 2595 ι
1090 2545 1290 2616 Regem
1341 2564 1463 2602 cum
1516 2550 1682 2618 gloria
1729 2590 1735 2598 .

143 2622 376 2678 videbitis
413 2626 488 2692 ",
535 2648 554 2680 ι
595 2629 647 2683 id
688 2627 790 2694 est,
831 2631 1098 2689 hominem
1132 2651 1251 2688 eum
1283 2638 1458 2691 divina
1489 2639 1677 2708 gloria.

147 2710 199 2764 Et
236 2713 398 2771 Oseas
447 2735 461 2770 :

146 2818 372 2872 qttterent
418 2808 708 2873 Dominum
763 2815 926 2868 Deum
959 2833 1113 2872 suum
1139 2858 1154 2882 ,
1207 2827 1260 2873 et
1304 2819 1472 2875 David
1501 2836 1678 2892 regem

146 2908 283 2950 suum
309 2916 322 2950 :
357 2909 410 2953 et
437 2901 709 2967 pavebunt
735 2904 800 2957 ad
829 2903 1136 2972 Dominum,
1163 2917 1217 2963 et
1243 2911 1308 2963 ad
1342 2913 1536 2978 bonum
1564 2912 1678 2980 ejus

519 2737 539 2771 ι
595 2718 839 2777 Posthac
882 2734 1221 2780 revertentur
1269 2728 1359 2782 iiiii
1403 2729 1582 2796 israei,
1627 2741 1680 2785 et
1718 2728 1732 2738 ’

1793 1840 1971 1886 tarum
2016 1843 2161 1887 sunt.
2212 1832 2350 1900 Quin
2402 1846 2500 1885 nos
2539 1833 2755 1900 quoque
2795 1835 3054 1884 hactenus
3094 1829 3184 1884 Dei
3233 1827 3351 1883 Filii

1795 1925 1956 1987 atque
1988 1918 2148 1978 Verbi
2181 1909 2609 1974 incarnationem
2650 1920 2950 1982 edidimus;
2981 1933 3151 1985 neque
3207 1917 3350 1970 enim

1791 2004 1873 2060 fas
1901 2016 1986 2061 est
2039 2007 2289 2076 amplius.
2325 2007 2455 2062 Nam
2487 2018 2545 2062 ut
2596 2022 2744 2062 mare
2787 2009 2982 2078 cyatho
3037 2007 3209 2060 metiri
3245 2021 3380 2059 non.

1792 2095 1989 2163 possis,
2015 2097 2157 2166 quod
2192 2097 2376 2151 multis
2408 2107 2570 2168 atque
2609 2098 2916 2167 ingentibus
2943 2097 3122 2152 ﬂuviis
3152 2097 3348 2165 rigetur

1792 2185 1914 2253 (etsi
1978 2201 2046 2242 ne
2112 2187 2191 2241 sic
2239 2188 2459 2256 quidem
2513 2198 2762 2242 exactam
2819 2189 3104 2242 veritatem
3163 2202 3352 2269 conse-

1790 2286 1989 2345 quatur
2016 2278 2367 2348 exemplum),
2401 2278 2470 2330 ita
2504 2292 2656 2343 sane,
2678 2289 2730 2332 et
2764 2277 2906 2332 illam
2939 2294 3035 2346 pro
3066 2276 3346 2347 dignitate,

1790 2368 2092 2422 edisserere
2127 2384 2188 2422 ac
2222 2369 2300 2422 vel
2330 2367 2672 2423 mediocritt-r
2707 2352 3070 2438 perscrutari,
3105 2370 3350 2422 humana:

1789 2458 1958 2513 menti
1985 2446 2366 2513 inconcessum
2394 2469 2496 2513 est.
2554 2475 2558 2478 '

2317 2589 2544 2645 CAPUT
2572 2590 2814 2645 XXXVI.

1971 2701 2119 2756 Alter
2161 2701 2322 2756 Isaiae
2361 2705 2422 2757 de
2463 2707 2660 2760 Messio
2695 2706 2839 2761 locus
2872 2716 3158 2778 expositus.

1856 2811 1959 2867 Sed
1988 2816 2235 2883 quoidam
2271 2817 2430 2873 nobis
2463 2801 2545 2870 ter
2575 2821 2747 2873 sancti
2780 2836 2842 2876 ac
2879 2815 3074 2876 vivitici
3105 2825 3347 2895 Spiritus

1781 2905 2175 2972 processionem
2202 2907 2374 2962 Moses
2410 2924 2516 2978 prae
2553 2914 2761 2966 caeteris
2791 2916 3004 2970 vatibus
3024 2917 3345 2989 obsignavit,

147 2982 192 3035 in
213 2987 495 3043 novissimo
516 2991 722 3046 dierum
744 2992 831 3059 ﬂ;
860 3012 879 3046 ι
910 3010 1026 3062 qutr.
1052 2996 1120 3051 de
1162 2997 1272 3051 Deo
1299 3000 1673 3054 homine'Jcsu
1705 3031 1745 3084 υ
1782 2994 2001 3047 accedat
2027 3009 2154 3050 vero
2174 3004 2228 3050 et
2261 2987 2452 3063 Isaias.
2495 2999 2582 3066 qui
2625 2998 2896 3070 Uttisenili
2928 2989 3346 3062 incarnationem

148 3074 361 3146 disputat
383 3082 675 3152 propheta,
715 3086 909 3153 partim
950 3087 1227 3143 Dominum
1255 3091 1418 3145 Deum
1463 3104 1679 3161 propter

148 3170 246 3236 ejus
278 3173 616 3232 divinitatem
665 3191 893 3241 vocans,
926 3180 1119 3246 partim
1171 3181 1419 3239 Davidetn
1467 3194 1681 3252 propter

143 3257 508 3319 humanitatem
536 3306 552 3329 ,
597 3281 696 3322 ceu
739 3284 803 3322 ex
848 3269 1077 3326 Davidis
1117 3274 1286 3342 stirpe
1329 3284 1537 3355 ιιιιιιιιιιζ
1578 3274 1677 3330 Ubi

146 3360 214 3402 est
249 3354 388 3406 enim
460 3355 680 3411 Davidis
738 3360 949 3412 demum
1012 3360 1353 3430 benignitas,
1398 3354 1678 3432 postremis

145 3436 237 3495 illis
284 3448 655 3515 temporibus,
704 3464 800 3502 nec.
840 3452 1139 3520 benignitas
1185 3456 1380 3518 modo,
1429 3455 1519 3509 sed
1564 3470 1680 3521 quae

151 3529 374 3591 homines
425 3553 642 3607 quoque
688 3542 740 3596 in
806 3553 1082 3612 stuporem
1121 3545 1389 3600 adducat?
1426 3545 1491 3598 Et
1532 3545 1680 3601 ποτε.

145 3621 290 3688 mias,
323 3627 388 3680 de
435 3631 618 3694 pueris
662 3641 880 3700 propter
919 3647 1040 3686 eum
1099 3632 1390 3690 interfectis
1433 3653 1446 3691 :
1493 3655 1511 3688 ι
1557 3636 1679 3693 Haec

145 3710 253 3767 dicit
312 3714 572 3773 Dominus
617 3738 630 3773 :
694 3720 950 3786 Quiescat
977 3739 1077 3778 vox
1126 3734 1215 3780 tua
1259 3743 1288 3780 a
1322 3713 1578 3796 'pioratir,
1629 3740 1680 3784 et

143 3803 256 3856 oculi
335 3807 410 3861 tui
486 3823 514 3860 s
570 3809 882 3881 iacrymis:
944 3799 1066 3884 quia
1125 3827 1208 3870 est
1263 3832 1466 3872 merces
1532 3822 1678 3884 operi

145 3902 218 3946 tuo
253 3897 314 3952 ".
355 3917 374 3950 ι
410 3901 564 3966 Quod
618 3903 754 3957 idem
782 3914 833 3958 et
867 3908 932 3959 de
963 3908 1152 3973 quovis
1198 3904 1673 3977 pmnitcnte'dieit.

146 3979 267 4038 Idem
307 4003 523 4043 rursum
562 4007 576 4043 :
611 4009 629 4042 ι
689 3991 804 4046 Νοιι
861 3995 1100 4050 interibit
1141 3984 1412 4053 deDavid
1456 4000 1557 4062 vir,
1588 3999 1678 4068 qui

143 4070 299 4128 sedeat
346 4091 510 4146 super
574 4079 824 4136 thronum
878 4072 1067 4138 domus
1117 4085 1281 4143 israel
1311 4088 1378 4141 ".
1437 4106 1476 4152 si
1517 4087 1681 4159 igitur

142 4157 178 4210 si
203 4176 295 4216 nou
331 4167 485 4221 venit
522 4165 779 4224 Christus
806 4212 821 4236 ,
854 4173 1079 4226 mendax
1108 4184 1189 4228 est
1215 4179 1490 4245 propheta.
1525 4157 1684 4232 Exci-

141 4249 270 4320 dis‘tis
304 4258 445 4312 enim
469 4297 485 4324 ,
527 4259 696 4316 ιιιόεί
724 4302 739 4326 ,
773 4264 1005 4332 primum
1038 4266 1252 4334 quidem
1285 4272 1450 4338 gratia
1488 4270 1580 4326 Dei
1627 4280 1682 4326 et

1780 3085 2047 3160 obsignet.
2083 3086 2252 3156 igitur
2278 3090 2660 3159 prophetarum
2702 3092 3093 3151 illustrissimus
3127 3101 3344 3167 protite-

1787 3187 1889 3243 tor,
1928 3176 2053 3242 quid
2103 3177 2239 3232 Deus
2286 3179 2495 3236 locutus
2523 3184 2594 3236 sit
2634 3184 2697 3238 ad
2729 3185 2950 3240 Arbaz:
2996 3206 3012 3238 ι
3045 3189 3109 3242 Ει
3150 3191 3345 3263 adjecit

1785 3266 2042 3320 Dominus
2072 3268 2215 3335 loqui
2253 3271 2317 3322 ad
2351 3271 2549 3334 Arhaz,
2577 3274 2804 3328 dicens:
2839 3274 2967 3329 Pete
3004 3277 3096 3330 tibi
3133 3278 3342 3346 signum

1783 3372 1812 3409 a
1856 3356 2080 3410 Domino
2127 3355 2232 3410 Deo
2267 3367 2356 3411 tuo
2375 3361 2441 3428 ,in
2484 3360 2808 3428 profundum
2858 3364 3104 3431 inferni”
3143 3368 3256 3421 sive
3293 3371 3342 3420 in

1782 3448 2056 3501 excelsum
2106 3464 2290 3520 supra.
2329 3449 2392 3503 Et
2451 3451 2588 3505 dixit
2633 3454 2816 3507 Achaz
2848 3469 2862 3506 ε
2899 3454 3013 3508 Νοιι
3047 3467 3256 3524 petam,
3290 3472 3343 3512 et

1741 3569 1747 3574 ι
1785 3551 1889 3591 non
1925 3541 2138 3594 tentabo
2166 3540 2470 3596 Dominum.
2495 3541 2557 3595 Et
2587 3543 2720 3598 dixit
2744 3544 2946 3600 lsaias:
2978 3548 3169 3603 Audite
3187 3559 3336 3620 ergo;

1782 3630 1979 3689 domus
2005 3632 2206 3686 David:
2244 3632 2492 3704 Nunquid
2536 3651 2720 3704 parum
2772 3639 2922 3694 Vobis
2964 3652 3039 3695 est
3086 3643 3341 3698 molestos

1783 3735 1904 3774 esse
1939 3723 2264 3787 hominibus,
2321 3727 2446 3794 quia
2501 3708 2707 3781 molesti
2759 3731 2888 3784 estis
2936 3742 2987 3785 et
3022 3733 3128 3786 Deo
3183 3735 3341 3791 meo?

1783 3809 2010 3880 Pmpter
2033 3814 2133 3867 hoc
2158 3815 2307 3869 dabit
2335 3816 2591 3872 Dominus
2618 3819 2734 3888 ipse
2761 3822 2909 3876 vobis
2934 3823 3169 3892 signum.
3201 3827 3341 3880 Ecce

1786 3901 1934 3970 virgo
1987 3904 2270 3971 concipiet,
2307 3915 2359 3958 et
2389 3907 2556 3973 pariet
2603 3909 2787 3976 illium,
2834 3920 2885 3963 et
2933 3913 3213 3968 vocabitur
3246 3932 3340 3969 no-

1786 4005 1904 4042 men
1939 3992 2053 4062 ejus
2101 3993 2435 4050 Emmanuel.
2500 3997 2756 4070 Butyrum
2815 4011 2868 4054 et
2918 4003 3022 4056 mel
3075 4008 3338 4060 comedet.

1785 4079 1883 4145 Qui
1941 4093 2229 4151 antequam
2291 4085 2427 4140 sciat
2464 4097 2554 4140 aut
2595 4089 2847 4157 praeferat
2902 4091 3122 4159 malum,
3180 4096 3339 4162 eliget

1785 4174 1980 4227 bonum
2015 4176 2081 4249 ⁷⁸,
2132 4175 2199 4230 Et
2247 4178 2383 4232 dixit
2433 4178 2686 4234 Dominus
2743 4185 2808 4234 ad
2869 4199 2992 4237 me:
3027 4185 3189 4239 Sume
3242 4187 3336 4239 tibi

1786 4263 1979 4319 librum
2019 4282 2214 4322 novum
2252 4271 2529 4338 grandem,
2562 4282 2618 4326 et
2661 4274 2838 4329 scribe
2871 4275 2922 4329 in
2959 4291 3022 4331 co
3049 4278 3186 4348 stylo
3229 4262 3363 4331 ιιο-⁸

141 4348 514 4415 procuratione,
544 4349 735 4405 deinde
756 4361 807 4407 et
832 4351 1316 4424 Hierosolymitaua
1347 4362 1491 4414 sede,
1519 4359 1671 4416 Absit
1704 4355 1745 4409 D
1774 4357 1937 4412 minis
1964 4374 1980 4410 :
2019 4356 2288 4416 Velociter
2317 4363 2487 4432 spolia
2525 4364 2770 4426 detrahe.
2798 4367 2902 4421 cito
2937 4369 3175 4434 praeduro
3202 4371 3272 4423 ⁸ο.
3316 4390 3334 4423 s

138 4441 263 4498 vero,
293 4433 432 4491 Deus
457 4438 816 4494 immortalis!
872 4451 930 4495 ut
965 4446 1280 4499 mendacem
1318 4445 1407 4500 Dei
1438 4450 1668 4518 prophe-

142 4523 229 4598 tam
271 4524 556 4593 appellem.
583 4524 687 4582 Sed
719 4543 839 4582 cum
872 4530 949 4598 .ad
978 4529 1262 4607 Christum
1293 4549 1458 4602 usque
1482 4552 1667 4607 regna-

139 4611 269 4677 retis,
301 4630 634 4687 regnumque
662 4629 714 4674 et
747 4622 1106 4676 sacerdotium
1136 4606 1409 4691 teneretis,
1439 4606 1663 4683 veniens

137 4699 370 4772 Christus,
405 4709 502 4777 qui
537 4710 851 4767 humanitus
886 4713 953 4768 ab
993 4713 1190 4769 Davide
1229 4732 1397 4784 genus
1419 4718 1656 4783 duceret,

1773 4451 1939 4502 Adest
1966 4452 2107 4504 enim
2137 4470 2181 4505 ιι
2209 4452 2272 4505 Et
2291 4454 2532 4508 adhibuit
2561 4456 2688 4510 mihi
2718 4466 2877 4511 testes
2911 4457 3117 4522 ﬁdeles,
3153 4458 3335 4514 Uriam

1772 4540 2140 4603 sacerdotem,
2193 4551 2247 4608 et
2309 4542 2626 4599 Zachariam
2689 4545 2853 4599 [ilium
2908 4545 3230 4603 Barachim:
3285 4563 3337 4602 et

1772 4629 1974 4682 accessi
2034 4631 2097 4683 ad
2149 4633 2590 4701 prophetissam.
2631 4644 2683 4689 et
2733 4639 2980 4705 concepit
3035 4650 3089 4693 et
3131 4643 3336 4707 peperit

1772 4717 1960 4770 lilium.
1997 4717 2060 4771 Et
2083 4720 2217 4773 dixit
2254 4720 2508 4776 Dominus
2535 4724 2598 4777 ad
2632 4727 2752 4778 me:
2786 4724 2927 4781 Voca
2972 4743 3162 4781 nomen
3196 4731 3332 4796 ejus.
3406 4786 3407 4789 η

139 4797 588 4854 consubstantialis
620 4812 673 4855 et
701 4813 996 4858 coaeternus
1019 4804 1176 4872 _Patri
1221 4805 1418 4874 Filius,
1454 4809 1661 4864 lsraeli-

138 4889 288 4940 tarum
322 4899 483 4957 atque
529 4892 762 4947 universi
809 4895 952 4951 orbis
1001 4897 1283 4964 imperimn
1335 4899 1550 4966 accipit.
1603 4899 1658 4954 id

137 4979 252 5040 quod
278 4988 328 5032 et
360 4979 525 5035 David
551 4983 854 5047 confirmat.
889 4987 938 5039 in
973 4989 1083 5041 haec
1124 4992 1325 5044 verba:
1359 5008 1375 5041 I
1413 4991 1655 5056 Domine,

137 5059 179 5113 iu
227 5067 413 5124 virtute
473 5082 558 5123 tua
611 5072 877 5128 laetabitur
937 5075 1072 5141 Rex,
1128 5091 1181 5132 et
1229 5095 1388 5147 Super
1428 5071 1689 5136 salutare.

139 5159 261 5211 Illum
316 5162 606 5217 exsultabit
662 5166 1018 5222 vehementer.
1081 5171 1407 5227 Desideriunt
1483 5177 1660 5230 cordis

136 5243 233 5310 ejus
273 5252 504 5309 tribuisti
554 5256 642 5311 ei:
675 5265 728 5310 et
775 5259 1046 5316 voluntate
1089 5263 1347 5318 labiorum
1385 5267 1503 5335 ejus
1551 5284 1653 5321 neu

1765 4809 2016 4862 Accelera
2066 4811 2233 4880 spolia
2281 4813 2605 4867 detrahere:
2643 4815 2865 4870 Festina
2907 4819 3157 4887 przedari.
3199 4821 3330 4884 Quia

1764 4909 2053 4966 antequam
2121 4901 2254 4955 sciat
2322 4917 2453 4969 puer
2541 4918 2735 4958 vocare
2800 4919 3002 4974 patrem
3061 4924 3213 4961 suum
3278 4923 3331 4960 rt

1767 4997 1992 5045 matrem
2046 5005 2196 5044 snam
2223 5034 2237 5056 ,
2275 4994 2501 5062 accipiet
2544 4993 2909 5049 fortitudinem
2963 4998 3242 5061 Damasci,
3279 5011 3331 5053 rt

1763 5080 1928 5146 spolia
1960 5080 2216 5136 Samaria:
2250 5098 2431 5135 coram
2477 5099 2599 5153 rege
2651 5083 2995 5155 Assyriorum
3041 5088 3325 5142 Nobiscum

1764 5172 1906 5225 Dens
1933 5171 2000 5223 ει.
2039 5190 2159 5224 ι-ι
2198 5173 2398 5228 Scitote
2436 5188 2642 5244 gentes,
2669 5188 2720 5230 et
2748 5179 3047 5241 vincimini,
3073 5191 3121 5232 et
3150 5185 3329 5237 audite

1767 5268 2027 5320 universae
2085 5270 2269 5337 procui
2336 5280 2544 5326 terrae:
2602 5271 2725 5340 quia
2803 5275 3078 5328 nobiscum
3168 5275 3326 5338 Deus,

191 5495 381 5575 f‘Psal.
429 5519 624 5575 χχχιιι,
676 5505 761 5569 16,
802 5507 883 5559 l7.
963 5509 1004 5539 ⁸⁷
1039 5509 1138 5564 lsa.
1184 5527 1372 5575 xxvut,
1411 5515 1489 5568 i5.
1569 5515 1610 5546 ⁸⁸
1648 5514 1773 5568 ibid.
1824 5518 1903 5569 i6.

136 5559 173 5592 "
197 5563 283 5642 lsa.
315 5588 501 5642 χχχιιι,
526 5559 623 5627 i7:
684 5576 726 5606 ⁷³
750 5559 885 5630 bsee
916 5593 970 5630 ιιι
997 5619 1008 5637 ,
1050 5579 1101 5631 5.
1174 5582 1218 5611 ⁷δ
1248 5559 1444 5635 .Ierem.
1478 5599 1602 5635 xxxi
1627 5625 1639 5642 .
1675 5584 1761 5637 16.

137 5641 210 5698 cu,
249 5638 366 5702 1,5.
439 5640 487 5672 το
527 5642 669 5699 Psal.
705 5661 791 5713 xx,
831 5646 883 5701 5.
961 5649 1005 5680 τε
1060 5649 1159 5701 lsa.
1199 5665 1291 5716 vu,
1324 5650 1510 5708 iO-iG.
1589 5638 1677 5706 w't

1797 5671 1910 5717 vtit,
1957 5661 2000 5709 i.

1986 5520 2027 5548 ‘9
2055 5520 2194 5582 ,ihid.
2269 5521 2314 5549 "°
2346 5517 2498 5574 Joau.
2539 5535 2607 5582 ιν.
2647 5522 2730 5576 ιο.
2762 5538 2766 5542 ’

1834 5588 1878 5616 ⁷⁸
1903 5586 2099 5639 ,Ιεινιξιη⁸
2137 5604 2263 5644 Litt.
2311 5589 2396 5638 i7.
2474 5591 2516 5618 ’τ’
2551 5590 2689 5644 Pani.
2742 5607 2828 5644 xv.
2875 5592 2994 5649 l,~3.

1834 5671 1910 5710 ili.
1957 5661 2000 5709 i.
2081 5656 2120 5687 ⁸¹
2161 5658 2286 5710 ibil.
2337 5658 2457 5710 24.

2808 5521 2847 5549 ⁷¹
2886 5520 3039 5572 .itlztn.
3095 5533 3185 5578 \‘Ii,
3235 5517 3322 5571 ὃς.

2820 5633 2828 5640 .
2875 5592 2915 5640 1.
2943 5592 2994 5640 '3.
3109 5590 3149 5619 ⁷⁷
3183 5588 3322 5640 l’snl.

3114 5603 3145 5619 "
3183 5603 3322 5642 ι’διιι,
