3952 6328
627 223 732 287 ἓΣ>5

624 334 1010 390 Conlortamini
1068 344 1120 390 et
1167 332 1437 391 vincimini

626 426 994 492 iortabimini;
1049 426 1225 481 denuo
1259 427 1582 493 vinceminif;
1614 427 1747 481 inite
1785 425 2093 487 consilium,
2125 432 2179 479 et

623 520 1005 588 dissipabitur:
1036 517 1316 586 loquimini
1361 520 1600 582 verbum,
1649 526 1703 572 et
1745 531 1849 572 non
1899 516 2023 571 llet:
2052 517 2176 586 quia

626 611 898 662 nobichm
932 607 1069 662 Deus
1091 608 1157 663 ³’.
1200 627 1217 660 ›

694 699 949 753 Cmterum
974 698 1026 751 in
1055 698 1244 766 primis
1276 697 1488 766 dignum
1515 699 1810 765 quaestione
1845 707 1946 763 est,
1988 713 2176 768 quam-

625 792 804 843 obrem
880 787 1025 843 dicat
1109 790 1422 858 propheta:
1481 808 1500 840 ‹
1553 788 1616 843 Et
1674 790 1866 856 adjecit
1917 790 2177 845 Dominus

625 879 765 947 loqui
798 880 867 933 ad
897 879 1096 945 Achaz,
1140 881 1352 935 dicens.
1391 898 1410 932 ι
1446 878 1520 934 De
1550 879 1656 936 Deo
1684 878 1907 950 ejusque
1943 880 2173 933 adventu

620 970 878 1037 propheta
909 971 1168 1035 dicturus,
1200 986 1267 1025 ne
1297 970 1563 1039 quispiam
1596 971 1988 1041 suspicaretur,
2016 969 2177 1023 alium

619 1077 760 1123 esse,
780 1063 872 1132 qui
905 1078 933 1115 a
961 1064 1230 1131 prophetis
1258 1078 1314 1116 se
1336 1061 1607 1132 prioribus
1624 1061 1814 1131 fuisset
1837 1061 2177 1129 praedicatus,

621 1161 671 1204 ct
695 1151 879 1216 alium,
906 1152 996 1220 qui
1043 1168 1070 1205 a
1114 1153 1290 1222 seipso
1322 1161 1439 1226 tum,
1483 1153 1884 1221 praedicaretur,
1918 1150 2138 1206 voculas
2161 1187 2179 1214 ,

627 1265 644 1293 ς
687 1245 750 1296 Et
801 1245 1018 1311 adjecit,
1053 1261 1071 1295 ι
1122 1245 1420 1314 prOpbetiae
1468 1244 1634 1299 voluit
1675 1244 1989 1316 praeﬁgere,
2023 1246 2176 1312 quasi

619 1337 863 1389 diceret:
903 1336 1047 1390 inter
1080 1336 1215 1391 alias
1259 1337 1522 1392 vaticinas
1570 1335 1998 1406 prmsngitiones,
2039 1350 2179 1404 quas

619 1425 844 1494 Spiritus
870 1435 1088 1481 sanctus
1115 1425 1183 1481 de
1209 1425 1489 1495 unigenito
1518 1425 1608 1481 Dei
1637 1425 1796 1492 Filio,
1831 1439 1924 1494 per
1949 1425 2179 1494 prophe-

620 1529 791 1570 tarum
852 1516 1059 1586 linguas
1112 1517 1493 1587 promulgavit,
1532 1517 1753 1584 insuper
1800 1515 1975 1571 adhuc
2017 1532 2036 1566 ι
2068 1514 2182 1567 Ad-

613 1608 740 1676 jccit
769 1607 1027 1661 Dominus
1071 1606 1214 1673 loqui
1250 1607 1315 1660 ad
1362 1607 1581 1661 Achaz:
1616 1605 1744 1661 Pete
1780 1605 1872 1661 tibi
1899 1605 2111 1676 signum
2142 1620 2170 1657 a

620 1699 839 1754 Domino
895 1698 1002 1753 Deo
1061 1707 1152 1752 tuo
1209 1700 1261 1752 in
1319 1699 1641 1770 profundum
1694 1693 1932 1764 inl'erni,‘
1962 1699 2076 1752 sive
2119 1698 2170 1751 in

616 1789 885 1845 excelsum
921 1805 1102 1861 supra.
1138 1808 1156 1841 ι
1197 1790 1304 1844 Nec
1337 1805 1466 1846 vero
1502 1791 1656 1860 jubet
1689 1790 1829 1846 Deus
1859 1790 2037 1850 Acha:
2075 1803 2172 1841 ceu

615 1880 938 1935 diliidentem
984 1890 1168 1950 petere
1211 1882 1442 1950 signum.
1471 1881 1672 1952 Apage.
1706 1879 1988 1946 Quomodo
2028 1879 2171 1932 enim

609 1975 793 2042 jubcat
854 1973 1060 2044 signum
1112 1984 1316 2044 petere,
1346 1976 1435 2041 qui
1487 1976 1652 2029 etiam
1699 1973 1884 2043 jussus
1936 1971 2175 2025 abnuat?

612 2065 706 2117 sed
755 2064 1029 2130 nimirum,
1063 2073 1120 2117 ut
1165 2066 1457 2132 praescius‘,
1496 2064 1790 2136 Synagogaa
1829 2062 2171 2117 incredulita-

609 2166 716 2210 tem
739 2157 1037 2227 pratvidens
1061 2158 1219 2224 Deus,
1247 2158 1426 2213 Achaz
1446 2159 1687 2223 mandat,
1708 2158 1919 2227 signum
1944 2150 2166 2226 peteret.

611 2248 1070 2314 Quemadmodum
1144 2249 1431 2320 aliquando
1491 2261 1546 2306 et
1604 2249 1824 2304 Thomas
1880 2247 2172 2302 obstinatio

612 2347 832 2393 cteteros
861 2343 924 2393 ad
953 2339 1283 2408 exploratam
1329 2341 1533 2396 Christi
1563 2339 1983 2396 resurrectionis
2010 2338 2168 2393 ﬁdem

617 2429 898 2496 pertraxit,
956 2437 1120 2498 atque
1199 2430 1546 2499 onlirmavit;
1593 2431 1665 2486 ita
1715 2445 1845 2486 sane
1887 2437 1942 2484 et
1992 2429 2168 2484 Achaz

615 2518 825 2586 signum
862 2529 1077 2588 petere,
1111 2535 1300 2578 omnes
1341 2522 1405 2576 ad
1443 2523 1550 2577 veri
1594 2523 1966 2577 credulitatem
1998 2521 2168 2575 addu-

608 2611 688 2664 xit
724 2620 776 2665 et
812 2613 1196 2671 constabilivit.
1228 2613 1293 2668 Et
1331 2614 1375 2669 si
1411 2631 1537 2670 vero
1579 2615 1766 2672 Achar.
1805 2614 2070 2680 abnuerit,
2105 2627 2168 2666 ac

610 2695 986 2769 responderit:
1032 2722 1050 2755 ι
1085 2703 1199 2760 Non
1257 2715 1454 2771 petam,
1479 2717 1533 2760 et
1579 2722 1683 2762 non
1724 2709 1943 2761 tentabo
1991 2705 2169 2760 Domi-

610 2791 818 2854 num”,
857 2809 874 2842 ι
908 2791 1075 2847 lsaias
1113 2803 1288 2849 tamen
1334 2811 1433 2865 pro
1469 2812 1534 2852 eo
1572 2796 1882 2851 exclamat:
1924 2815 1943 2848 ‹
1972 2796 2167 2851 Audite

610 2896 736 2950 ergo
784 2883 973 2938 domus
1025 2882 1212 2939 David.
1261 2905 1279 2938 ι
1329 2887 1466 2942 Ecce
1519 2888 1586 2944 ad
1644 2904 1778 2958 quos
1841 2889 2162 2958 promissum

610 2975 870 3041 pertinet,
922 2990 1013 3030 eos
1058 2996 1075 3029 ι
1128 2979 1341 3032 domum
1392 2979 1607 3036 Davidis
1642 2999 1661 3032 ι
1704 2979 1974 3050 appellat,
2005 2979 2231 3047 quasic

610 3067 660 3118 in
707 3066 1014 3120 memoriam
1048 3082 1309 3122 revocans
1339 3068 1554 3124 Davidia
1581 3070 1740 3124 verba
1775 3078 1937 3139 atque
1977 3070 2158 3135 iidem,

608 3152 1024 3222 quamjuratam
1081 3154 1266 3208 Davidi
1312 3155 1453 3213 Deus
1509 3174 1612 3213 non
1667 3161 1739 3214 sit
1786 3166 2158 3214 revocaturus.

609 3242 764 3306 Nam,
801 3262 820 3294 ‹
849 3245 1050 3307 juravit
1101 3247 1354 3303 Dominus
1391 3249 1559 3304 David
1604 3251 1904 3316 veritatem,
1951 3263 2006 3304 et
2053 3266 2158 3305 non

610 3334 954 3390 lrustrabitur
991 3351 1130 3390 eam.
1175 3357 1193 3390 ι
1234 3339 1513 3407 Quaeritis,
1559 3357 1677 3412 quae
1722 3342 1792 3397 sit
1833 3358 1895 3399 ea
1939 3346 2156 3407 veritas,

610 3426 950 3496 intelligere?
981 3449 998 3481 ι
1033 3430 1107 3483 De
1155 3429 1332 3485 l'ructn
1381 3433 1588 3488 ventris
1627 3434 1703 3488 tui
1744 3450 1936 3505 ponam
1998 3452 2160 3504 super

604 3517 781 3570 sedem
820 3527 985 3572 tuam.
1029 3519 1084 3574 Si
1139 3523 1494 3576 custodierint
1525 3523 1615 3577 lilii
1662 3525 1733 3578 tui
1780 3535 2155 3581 testamentum

607 3623 806 3671 meum,
837 3618 888 3663 et
918 3612 1219 3666 testimonia
1265 3629 1383 3667 mea
1414 3614 1530 3670 haec
1586 3625 1703 3685 qua:
1735 3618 1936 3672 docebo
1963 3633 2076 3682 eos,
2105 3630 2154 3674 et

605 3695 698 3748 filii
733 3710 916 3749 eorum
971 3713 1140 3765 usque
1187 3699 1239 3754 in
1307 3703 1606 3768 smculum,
1671 3705 1934 3760 sedebunt
1997 3722 2158 3777 super

602 3789 783 3842 sedem
827 3798 990 3842 tuam.
1033 3789 1294 3856 Quoniam
1329 3794 1486 3863 elegit
1517 3794 1772 3852 Dominus
1802 3796 1955 3864 Sion,
1996 3799 2158 3869 elegit

599 3893 718 3931 eam
765 3879 817 3932 in
877 3880 1260 3935 habitationem
1312 3882 1434 3938 sibi.
1487 3884 1608 3939 Haec
1661 3887 1872 3954 requies
1941 3872 2053 3943 mea
2103 3891 2154 3944 in

602 3964 853 4023 sarculum
889 3972 1104 4025 surculi:
1139 3972 1225 4027 hic
1255 3972 1530 4038 habitabo,
1567 3977 1817 4043 quoniam
1850 3980 1982 4048 elegi
2015 3995 2153 4035 eam.

606 4059 829 4112 Viduam
883 4060 999 4129 ejus
1041 4061 1368 4118 benedicens
1416 4063 1750 4130 benedicam,
1794 4077 1849 4122 et
1898 4085 2156 4138 pauperes

566 4150 721 4216 ejus
772 4151 1028 4206 saturabo
1076 4152 1321 4218 panibus.
1381 4153 1702 4210 Sacerdotes
1756 4141 1870 4229 ejus
1938 4159 2153 4214 induam

603 4242 863 4294 salutari:
910 4251 964 4296 et
1007 4244 1176 4297 sancti
1225 4246 1342 4311 ejus
1389 4247 1748 4303 exsultatione
1787 4252 2150 4306 exsultabant.

1843 213 2266 279 ANDRONICI
2297 215 2641 276 COMNENl

1483 351 1497 390 :
1541 333 1586 390 si
1619 335 1765 391 enim
1813 335 1991 389 denuo
2053 347 2184 387 con-
2212 327 2260 386 Α
2287 337 2392 383 etc.
2427 328 2560 384 Nam
2601 346 2665 386 ex
2699 329 2840 388 omni
2888 337 3141 392 memoria
3191 338 3349 394 fando
3388 339 3686 399 inauditum
3723 358 3809 413 est,

3718 233 3808 296 856

2281 421 2540 489 virginem
2574 422 2738 479 ﬁlium
2766 427 3032 493 genuisse.
3065 429 3248 501 itaque
3277 447 3384 487 non
3411 434 3629 505 signum
3655 439 3810 504 modo,

2279 511 2372 566 sed
2420 513 2797 570 miraculorum
2839 519 3078 574 omnium
3119 523 3564 580 mirificissimum
3591 529 3808 597 'estboe,
3911 511 3916 542 ζ

2279 611 2333 656 et
2362 618 2678 660 arcanorum
2723 623 2786 663 ac
2813 609 3172 681 prodigiorum
3217 613 3375 682 longe
3421 619 3811 674 arcanisslmnm

2279 707 2342 746 ac
2377 696 2909 764 prodigiosissimum.
2944 719 2963 753 ι
2993 701 3246 775 Butyrum
3276 714 3332 760 et
3369 707 3474 763 mel
3503 711 3756 764 comedet.
3789 729 3806 762 ι

2280 784 2321 837 Α
2394 777 2654 842 miraculo
2709 789 2774 843 ad
2837 789 3152 848 miraculum
3236 796 3582 865 digreditur,
3636 801 3810 854 etenim

2280 874 2573 940 prazlatus:
2620 896 2640 930 ι
2671 877 2812 934 Deus
2853 887 3077 953 magnus
3107 899 3172 940 ac
3212 877 3516 957 praepotens
3559 904 3662 946 non
3709 905 3813 946 esu-

2281 965 2403 1032 riet,
2428 983 2447 1017 a
2468 982 2611 1022 nunc
2634 965 2908 1040 Unigeniti
2927 973 3350 1033 incarnationem
3374 980 3812 1050 comprehemlcas

2280 1055 2355 1109 ait
2377 1072 2392 1110 :
2414 1055 2584 1123 Quem
2614 1075 2708 1128 pro
2732 1067 3174 1135 supratemporali
3205 1080 3398 1124 natura
3424 1069 3562 1125 haud
3597 1073 3811 1126 esuritu-

2282 1160 2398 1200 rnm
2442 1151 2743 1218 praececini,
2783 1168 2928 1210 nunc
2958 1170 3024 1209 ex
3057 1157 3263 1226 virgine
3312 1158 3585 1214 hominem
3627 1171 3809 1224 natum,

2279 1239 2413 1293 citra
2443 1251 2743 1309 peccatum,
2771 1243 2966 1315 butyro
2994 1261 3058 1301 ac
3088 1247 3247 1302 melle
3275 1250 3602 1304 vast-iturum
3632 1265 3812 1319 μειω-

2280 1330 2384 1398 gio.
2417 1327 2617 1401 Butyro
2648 1342 2825 1387 autem
2869 1343 3029 1402 atque
3058 1336 3217 1391 melle
3258 1339 3602 1403 nominando,
3639 1342 3811 1395 iterum

2281 1418 2434 1474 nobis
2455 1418 2672 1476 Davidis
2701 1421 2958 1478 vaticinia
2988 1425 3041 1478 in
3087 1437 3320 1485 mentem
3370 1441 3628 1485 revocat:
3667 1446 3810 1484 unum

2281 1511 2584 1578 huiusmodi
2612 1530 2627 1568 :
2670 1533 2688 1566 ε
2707 1512 3048 1586 lmpinguasti
3078 1517 3133 1572 in
3167 1520 3286 1574 oleo
3315 1531 3473 1586 caput
3505 1536 3679 1575 meum
3698 1523 3770 1586 ⁸³;
3791 1540 3806 1571 ι

2279 1596 2506 1652 alterum
2535 1615 2550 1653 :
2595 1617 2616 1652 r
2643 1599 2810 1666 Quam
2843 1601 3018 1657 dulcia
3051 1603 3293 1661 faucibus
3324 1605 3458 1661 meis
3477 1606 3685 1676 eloquia
3715 1616 3807 1671 tua.

2275 1702 2436 1758 super
2451 1688 2550 1743 tnel
2568 1691 2649 1746 ori
2665 1708 2784 1749 meo
2804 1694 2849 1727 "
2872 1695 2887 1748 Ι
2915 1713 2934 1747 ι
2950 1694 3212 1751 Caeterum
3248 1697 3497 1754 audiens:
3519 1717 3537 1751 ς
3560 1698 3657 1766 Qui
3677 1709 3808 1756 anto-

2273 1793 2432 1846 quam
2462 1782 2620 1849 sciat,
2652 1791 2742 1838 aut
2767 1785 3017 1853 pralcrat
3039 1787 3260 1864 malum,
3290 1787 3447 1859 elegit
3471 1791 3665 1844 bonum
3698 1791 3764 1854 ",
3788 1808 3804 1841 ι

2272 1884 2341 1923 ne
2367 1872 2570 1937 peccati
2597 1884 2891 1941 expertem,
2913 1865 3194 1942 sciturum,
3219 1888 3310 1934 aut
3334 1879 3530 1932 malum
3561 1879 3805 1933 admissa.

2274 1975 2388 2013 rum
2420 1976 2653 2029 unquam
2673 1964 2813 2032 tinge
2838 1981 2852 2018 :
2874 1967 2963 2020 sed
2984 1967 3292 2034 priusquam
3319 1968 3369 2021 id
3399 1967 3514 2032 liat,
3533 1984 3595 2024 ex
3612 1965 3806 2034 Virgins

2271 2061 2453 2104 natum
2475 2052 2722 2123 eligendo
2746 2055 2884 2110 bono
2907 2070 3118 2111 sacrum
3152 2056 3384 2112 futurum
3411 2075 3427 2124 ;
3463 2074 3584 2113 nam
3610 2077 3627 2109 ι
3653 2057 3805 2112 Omne

2271 2145 2629 2198 masculinum
2679 2149 2994 2216 adaperiens
3034 2149 3266 2214 vulvam,
3313 2159 3557 2206 sanctum
3599 2149 3802 2204 Domino

2270 2236 2549 2295 vocabitur
2577 2235 2645 2292 ⁸⁸.
2685 2256 2704 2288 ι
2741 2239 2905 2308 igitur
2941 2239 3032 2310 qui
3061 2256 3124 2295 ex
3169 2249 3326 2296 utero
3355 2223 3696 2297 consecratus
3724 2242 3799 2302 sit,

2269 2325 2359 2389 qui
2421 2327 2635 2381 tandem
2697 2329 2853 2392 sciat,
2911 2340 3002 2384 aut
3062 2331 3258 2385 malum
3325 2330 3802 2397 admittat‘lQuare

2269 2413 2490 2468 dubiant
2539 2430 2648 2470 non
2676 2427 2783 2482 est,
2829 2419 2955 2487 quin
3012 2418 3307 2487 perfectum
3363 2419 3634 2473 hominem
3681 2418 3799 2478 lore,

2269 2505 2362 2572 qni
2393 2517 2722 2572 nasceretur,
2758 2510 2850 2563 sed
2880 2525 2909 2563 a
2959 2520 3178 2577 peccato
3213 2509 3797 2576 alienum~designarit;

2269 2607 2390 2645 nam
2420 2593 2485 2647 de
2512 2609 2577 2648 eo
2618 2595 2759 2650 idem
2809 2613 3019 2653 rursum
3071 2599 3388 2654 conﬁrmat:
3424 2616 3444 2650 ι
3481 2597 3794 2668 iniquitatem

2269 2698 2372 2737 non
2425 2684 2572 2753 facit,
2611 2703 2786 2759 neque
2832 2690 2986 2746 dolus
3033 2693 3130 2746 fuit
3175 2693 3226 2745 in
3271 2706 3363 2746 ore
3403 2693 3523 2762 ejus
3560 2709 3575 2746 :
3610 2701 3790 2748 etcum

2267 2775 2545 2833 sceleratis
2598 2789 2874 2850 reputatus
2919 2793 3008 2838 est
3035 2783 3101 2848 ε’,
3135 2803 3152 2835 ι
3186 2784 3444 2838 innocens
3474 2795 3649 2838 tamen
3691 2795 3791 2836 cum

2267 2877 2430 2928 esset.
2467 2868 2645 2935 Quare
2688 2873 2735 2926 si
2779 2889 2808 2927 a
2859 2875 3000 2928 malo
3044 2875 3178 2928 mala
3227 2883 3388 2937 sunt,
3447 2874 3586 2929 Dens
3639 2880 3794 2926 autem

2269 2957 2439 3016 bonus
2472 2973 2574 3027 est,
2622 2973 2674 3018 et
2703 2966 2826 3020 boni
2872 2965 3180 3020 hominibus
3210 2966 3431 3036 largitor
3451 3005 3467 3029 ,
3500 2952 3684 3020 merito
3716 2962 3796 3018 illa

2261 3046 2385 3101 boni
2439 3050 2686 3105 omnibus
2724 3059 2932 3118 auctor,
2967 3055 3347 3108 humanitatem
3407 3068 3554 3108 suam
3609 3049 3794 3106 Divini-

2264 3141 2391 3195 tatis
2418 3143 2556 3198 bono
2589 3145 2864 3214 impertiit.

2337 3251 2356 3284 ι
2398 3231 2462 3287 Ει
2490 3234 2622 3287 dixit
2654 3237 2906 3292 Dominus
2925 3238 2988 3292 ad
3020 3253 3121 3300 me,
3148 3258 3167 3291 ‹
3190 3240 3237 3294 id
3266 3249 3347 3293 est
3378 3237 3793 3292 demonstravit:

2267 3344 2286 3376 ε
2316 3323 2480 3378 Sume
2507 3325 2599 3379 tibi
2638 3325 2828 3380 librum
2863 3343 3077 3391 novum,
3109 3317 3360 3398 grandetit
3397 3329 3466 3382 ’°.
3502 3345 3519 3378 ι
3550 3328 3790 3382 Volumeu

2261 3416 2348 3469 hic
2381 3416 2611 3486 Virginis
2653 3417 2800 3472 alvus
2848 3418 3194 3488 intelligatur.
3230 3420 3359 3474 Nam
3395 3429 3449 3474 ut
3488 3421 3542 3473 in
3595 3419 3787 3472 tabulas

2260 3508 2394 3561 Mosi
2431 3509 2651 3563 traditas
2681 3512 2920 3564 exaratis
2951 3511 3205 3566 divinitus
3235 3510 3448 3574 litteris,
3481 3509 3787 3577 Decalogum

2261 3602 2398 3656 Deus
2434 3602 2725 3672 inscripsit,
2758 3605 2824 3659 ita
2857 3614 2908 3659 et
2939 3605 2989 3658 in
3028 3607 3266 3674 virgineo
3312 3603 3463 3674 quasi
3515 3604 3768 3658 volumine

2260 3693 2511 3762 perennis
2552 3709 2614 3748 ac
2650 3695 2764 3750 sine
2796 3697 3056 3765 principio
3091 3696 3286 3759 Patris,
3317 3706 3370 3750 et
3414 3707 3497 3750 ter
3542 3711 3618 3750 sat
3640 3693 3706 3748 cti
3736 3706 3792 3744 ac

2259 3784 2453 3839 vivilici
2506 3799 2606 3855 ope
2663 3786 2930 3855 Spiritus,
2992 3786 3226 3858 Unigeua
3285 3801 3347 3841 ac
3419 3786 3510 3840 Dei
3578 3785 3789 3838 Verbum

2259 3875 2559 3947 descriptus
2615 3887 2698 3931 est
2767 3878 3054 3933 habitator.
3129 3878 3279 3944 Quod
3336 3888 3516 3932 autem
3583 3874 3787 3934 subdit,

2265 3981 2284 4014 α
2326 3964 2548 4029 Novum,
2581 3966 2856 4034 grandem,
2906 3985 2924 4017 ι
2963 3982 3140 4020 veram
3169 3961 3385 4020 umbrae
3438 3966 3566 4033 legis
3610 3960 3789 4028 imagi-

2259 4069 2378 4107 nem
2432 4064 2597 4110 notat.
2657 4075 2676 4107 ι
2738 4057 2804 4112 Ει
2849 4059 3024 4112 scribe
3084 4060 3134 4112 in
3170 4073 3235 4111 eo
3305 4056 3446 4126 stylo
3493 4054 3784 4109 hominis.»

2259 4142 2449 4197 Videte
2482 4146 2927 4212 quemadmodum
2965 4145 3214 4214 paulatim
3243 4145 3502 4212 propheta
3542 4154 3788 4195 arcanum

2258 4231 2432 4286 Patris
2485 4235 2764 4288 consilium
2824 4221 3031 4303 prodat.
3071 4253 3088 4286 ι
3136 4234 3324 4298 Sume,
3367 4233 3562 4300 inquit,
3605 4242 3787 4283 novum

603 4331 728 4383 ιιιυο
786 4332 1075 4398 producam
1137 4348 1302 4387 ροπιηυ
1371 4335 1573 4400 David;
1631 4339 1810 4405 paravi
1881 4339 2150 4394 lucernam
2182 4315 2232 4376 Ι)
2258 4323 2514 4391 grandem
2551 4324 2765 4380 librum.
2798 4343 2818 4376 ι
2849 4326 3052 4390 Quibus
3083 4325 3262 4379 verbis
3299 4323 3591 4378 beneﬁcam
3624 4318 3789 4374 Patris

600 4420 817 4473 Christo
877 4436 1012 4475 meo.
1069 4422 1320 4477 inimicos
1376 4423 1494 4491 ejus
1549 4424 1764 4478 induam
1814 4428 2149 4495 confusione,

604 4525 764 4578 super
795 4510 963 4578 ipsum
1007 4525 1180 4565 autem
1220 4513 1486 4567 em‘orebit
1507 4515 1857 4572 sanctiﬁcatio
1880 4533 1996 4573 mea
2026 4519 2092 4573 “.
2123 4539 2143 4572 ι

605 4598 767 4665 llujus
800 4615 926 4669 ergo
969 4603 1213 4670 promissi
1268 4604 1430 4659 linem
1475 4613 1668 4662 notans
1722 4608 1909 4675 Isaias,
1961 4611 2152 4668 domus

604 4690 863 4745 Davidicaa
898 4692 1158 4745 meminit.

668 4781 816 4846 Quod
868 4783 1048 4834 addit:
1091 4802 1108 4834 ί
1163 4783 1426 4853 Numquid
1479 4803 1660 4855 parum
1701 4789 1850 4845 vobis
1879 4802 1979 4857 est,
2023 4796 2146 4861 quia

598 4873 803 4926 molesti
837 4874 964 4926 estis
1005 4874 1352 4929 hominibus?
1384 4879 1504 4944 quia
1550 4878 1754 4933 molesti
1787 4882 1918 4936 estis
1955 4893 2006 4936 ct
2041 4884 2147 4939 Deo

599 4966 760 5017 meo?
797 4982 814 5014 ι
865 4964 1044 5018 Fidem
1098 4966 1255 5034 hujus
1306 4968 1484 5021 Achaz
1535 4970 1842 5026 collaudatis
1888 4974 2144 5042 propheta

597 5057 702 5108 ait:
733 5074 751 5106 α
782 5056 1007 5125 Propter
1029 5057 1128 5112 hoc
1151 5057 1298 5112 dabit
1328 5059 1579 5114 Dominus
1598 5061 1711 5130 ipse
1734 5064 1885 5119 vobis
1913 5068 2145 5132 signum.

2256 4421 2320 4474 de
2339 4419 2472 4472 Filio
2496 4419 2821 4473 voluntatem
2842 4419 3120 4488 significat.
3148 4436 3171 4468 ο
3189 4416 3254 4471 Et
3281 4415 3460 4471 scribe
3490 4415 3544 4468 in
3570 4429 3634 4468 eo
3659 4409 3789 4480 style

2257 4509 2507 4563 hominis.
2540 4527 2558 4560 ι
2588 4508 2752 4573 Quasi
2780 4492 3023 4562 diceret:
3048 4508 3162 4562 Etsi
3189 4506 3280 4561 Dei
3315 4516 3501 4560 natura
3534 4504 3714 4564 Filius,
3739 4508 3789 4554 et

2255 4599 2567 4653 mutationis
2635 4613 2826 4662 expers
2897 4598 3087 4659 Deus,
3160 4595 3483 4659 inconfuse,
3559 4595 3788 4659 citraque

2255 4696 2528 4756 peccatum
2566 4702 2609 4754 pi
2633 4686 2832 4740 rfectus
2864 4686 3024 4742 homo
3072 4687 3230 4741 etiam
3264 4700 3516 4740 nascerer
3553 4701 3568 4737 :
3603 4681 3788 4752 quippe

2255 4778 2543 4831 humanam
2598 4780 2825 4847 speciem
2875 4794 2971 4847 per
3014 4781 3306 4833 humanum
3359 4777 3554 4848 stylum
3600 4770 3783 4832 innuit.

2255 4865 2389 4929 Quid
2416 4865 2530 4918 ita?
2567 4884 2584 4916 ‹
2619 4866 2880 4920 Velociter
2901 4866 3066 4935 spolia
3097 4866 3340 4930 detrahe,
3362 4868 3472 4918 cito
3498 4863 3781 4931 prmdare.»

2255 4960 2332 5012 Eo
2401 4960 2542 5012 dicto
2609 4962 2823 5016 Davidis
2881 4963 3073 5015 iterum
3132 4961 3295 5016 verba
3349 4959 3416 5012 ad
3482 4955 3785 5030 meritoriam

2254 5061 2466 5104 revocat
2499 5070 2510 5104 :
2555 5069 2572 5102 ε
2613 5052 2912 5107 Ascendiin
2967 5053 3019 5106 in
3065 5053 3252 5114 altum,
3287 5050 3473 5118 cepisti
3513 5044 3786 5114 captivita-

598 5146 731 5200 lﬁcce
764 5148 912 5215 virgo
939 5139 1218 5217 concipiet,
1249 5159 1301 5202 et
1337 5151 1509 5217 pariet
1551 5151 1737 5219 lilium,
1775 5165 1830 5208 et
1872 5158 2151 5213 vocabitur
2248 5149 2350 5194 “3m
2379 5143 2446 5195 ⁹¹ο
2487 5161 2505 5193 ’
2547 5143 2853 5209 Εηίιηνετον
2891 5165 2910 5196 ί
2956 5145 3159 5205 Alium.
3185 5162 3206 5196 ³
3238 5157 3452 5198 crucem
3505 5136 3782 5206 intellis“:

600 5252 789 5289 nomen
823 5238 938 5306 ejus
988 5239 1319 5295 Emmanuel.
1358 5260 1376 5292 ι
1412 5241 1469 5295 Ei
1506 5241 1670 5307 dicto,
1709 5262 1728 5295 ι
1769 5245 1927 5301 Dabit
1966 5248 2148 5302 Domi-

602 5343 695 5380 ms
728 5327 840 5396 ipse
872 5329 1024 5382 vobis
1052 5329 1283 5398 signum,
1322 5350 1340 5382 ι
1380 5331 1644 5401 subjecit:
1686 5350 1706 5384 α
1740 5331 1876 5389 Ecce
1907 5337 2087 5405 Virgo,
2117 5358 2137 5391 ι

663 5537 707 5564 δ’
743 5534 884 5590 Psal.
935 5555 998 5590 xx
1030 5578 1041 5595 .
1085 5537 1255 5600 9,10.
1335 5539 1379 5569 ⁸³
1424 5537 1522 5593 lsa.
1560 5555 1664 5601 vti,
1710 5540 1794 5594 l2.
1869 5541 1916 5572 “
1963 5541 2098 5594 Psal.
2146 5557 2330 5606 cxxxt,
2385 5542 2562 5595 ll-l8.
2638 5544 2683 5576 ⁸⁵
2724 5544 2860 5602 Psal.
2890 5561 2981 5606 xx,
3032 5545 3086 5598 5.

598 5608 636 5632 δ’
672 5607 790 5663 isal.
835 5623 922 5669 vn,
965 5608 1044 5658 l5.
1120 5609 1163 5638 ⁸⁸
1199 5607 1365 5661 Exod.
1403 5624 1517 5670 xm,
1555 5611 1617 5673 :2;
1655 5609 1784 5664 Luc.
1823 5626 1880 5674 ll,
1909 5609 1995 5665 25.
2073 5613 2115 5642 ⁸³
2148 5610 2164 5663 l

2284 5626 2395 5678 Lill,
2427 5613 2479 5678 9,
2518 5614 2598 5668 12.
2673 5616 2718 5647 ὀ
2748 5612 2848 5670 lsa.
2879 5631 2996 5682 vui,
3023 5615 3071 5668 ι.

2244 5239 2480 5303 captivos
2528 5240 2804 5300 abductos.
2843 5240 2965 5295 Orci
3001 5241 3418 5302 demolitionem,
3452 5246 3504 5290 et
3527 5236 3637 5305 jam
3662 5231 3782 5288 olim

2241 5325 2576 5393 captivorum
2670 5331 3108 5401 redemptionem.

3194 5329 3521 5385 Ostensurus
3612 5321 3784 5378 autem

3160 5546 3208 5577 “
3242 5545 3383 5601 Psal.
3436 5559 3622 5600 cxvnt.
3669 5539 3780 5596 103-

3147 5617 3189 5647 “
3214 5614 3356 5671 Psal.
3381 5629 3547 5680 van,
3576 5612 3662 5667 l9.
