3952 6328
156 303 251 369 857

1215 312 1601 376 DlALOGUS
1630 315 1930 382 CONTRA
1960 323 2290 394 JUDEEOS.

3250 324 3358 388 858

150 409 395 479 propheta
452 410 727 469 decretum
780 412 1132 472 irrevocabile
1159 455 1176 483 .
1230 420 1416 474 addit:
1471 438 1491 472 ι
1527 420 1692 476 Adest
1723 426 1768 486 Δ
1795 440 1944 498 sunt,
1977 449 2097 504 quze
2132 436 2331 495 Christi
2378 440 2596 495 nomine
2623 453 2726 493 non
2751 419 3066 504 gloriantur.
3101 456 3119 489 ι
3144 436 3357 506 Audite,

149 502 304 557 enim.
341 517 362 553 ι
392 502 445 556 in
493 503 629 559 hanc
652 506 973 562 sententiam
999 525 1013 562 :
1047 506 1147 572 Ne,
1177 512 1428 576 quoniam
1459 511 1694 573 futurum

146 599 244 655 est,
274 591 340 646 de
369 607 426 646 re
453 592 679 647 diuisum
721 596 828 662 ito;
860 598 1142 665 namﬁmihi
1183 600 1398 668 quidem
1431 601 1566 654 Deus
1595 601 1698 656 hoc

147 679 217 734 ita
250 681 564 746 declaravit,
594 695 843 753 tanquam
885 688 1026 758 quod
1057 691 1227 751 adest,
1261 691 1312 744 id
1351 701 1455 756 est,
1495 691 1694 744 factum

145 779 244 826 est.
277 788 297 824 s
329 770 518 826 Testes
565 775 760 831 adhibe
813 779 942 831 mihi
1004 779 1149 833 viros
1195 780 1394 835 ﬁdeles.
1435 799 1455 832 ι
1503 778 1696 838 Testes

145 862 252 927 hic,
283 877 386 918 non
420 866 509 932 qui
554 881 664 921 rem
708 866 841 922 adeo
874 878 1232 931 testarentur.
1281 873 1371 925 sed
1417 872 1507 940 qui
1545 875 1692 926 testi-

146 952 279 1008 ﬁcati
328 956 645 1024 sanguinem
702 958 1077 1022 elfunderent.
1127 961 1401 1022 existima.
1434 981 1451 1013 ι
1506 962 1688 1017 Uriam

145 1043 515 1109 sacerdotem,
578 1057 632 1100 et
684 1045 998 1104 Zachariam
1072 1050 1237 1104 lilium
1313 1052 1607 1107 Barachite.
1664 1073 1684 1106 s

143 1128 443 1198 Zacharias,
494 1135 544 1189 in
598 1137 902 1205 praseutia,
935 1154 1042 1193 non
1099 1139 1422 1196 Elisabetha:
1460 1146 1687 1197 maritus

145 1224 571 1291 estcredendus,
602 1227 696 1282 sed
740 1227 876 1282 alius
924 1227 1166 1285 Ezechiae
1203 1241 1540 1299 tempestate.
1586 1235 1688 1286 lix-

146 1313 278 1369 stitit
326 1313 469 1369 enim
523 1329 648 1373 ante
701 1316 989 1374 Eaechiam
1049 1337 1138 1376 rex
1193 1323 1408 1392 impius,
1469 1325 1685 1379 Dat-idis

148 1401 354 1467 stirpem
396 1415 618 1476 propter
645 1408 775 1462 inita
822 1425 942 1463 cum
985 1426 1049 1466 eo
1090 1413 1344 1467 divinitus
1397 1416 1680 1480 promissa,

150 1489 313 1546 delere
354 1496 609 1553 studens:
660 1513 764 1566 quo
813 1508 1054 1569 tempore
1098 1503 1251 1558 Urias
1297 1515 1351 1559 et
1392 1504 1682 1562 Zacharias

145 1581 278 1638 nacti
306 1599 467 1639 unum
502 1587 767 1645 Davidica
796 1591 1001 1661 stirpis,
1048 1597 1187 1662 quod
1236 1586 1420 1650 semen
1469 1598 1681 1650 Davidis

143 1683 404 1741 superstes
434 1679 649 1744 vellent,
698 1680 830 1734 clam
863 1697 986 1737 eum
1036 1685 1363 1741 habuerunt.
1405 1687 1519 1751 Quo
1559 1702 1677 1757 post

141 1776 441 1834 comperto,
498 1768 588 1824 ille
652 1785 744 1826 eos
825 1784 1117 1843 martyrum
1187 1778 1351 1831 choro
1412 1781 1679 1834 laureatos
1711 1758 1753 1812 Β

139 1855 354 1910 addidit.
419 1855 708 1917 Historiam
774 1878 838 1917 ex
900 1864 1101 1934 llegum
1168 1867 1305 1923 libro
1378 1873 1680 1925 accuratius

141 1959 391 2015 cognosce
437 1953 506 2007 “.
566 1970 585 2004 ι
635 1953 702 2008 Ει,
756 1959 955 2012 accessi
1018 1958 1084 2012 ad
1138 1961 1571 2029 prophetissam,
1626 1972 1680 2018 et

141 2042 391 2110 concepit,
430 2045 492 2099 'et
536 2047 744 2114 peperit
773 2047 962 2103 lilium.
997 2067 1016 2100 ι
1054 2050 1222 2116 Quam
1272 2055 1503 2123 appellat
1552 2070 1678 2108 vero

139 2133 555 2200 prophetissam?
577 2133 853 2208 Virginem
875 2155 936 2193 se
965 2139 1271 2209 Deiparam,
1294 2158 1412 2211 qua:
1438 2145 1633 2198 cecinit
1657 2161 1670 2197 :

146 2237 164 2272 ι
212 2220 348 2278 Ecce
403 2225 551 2279 enim
604 2241 663 2280 ex
723 2228 821 2282 hoc
875 2231 1222 2309 beatam-me
1268 2233 1446 2286 dicent
1489 2248 1675 2287 omnes

141 2313 539 2380 generationes:
579 2319 707 2385 quia
746 2315 875 2373 fecit
914 2321 1042 2373 mihi
1077 2335 1286 2389 magna,
1325 2322 1413 2390 qui
1461 2333 1672 2392 potens,

140 2412 190 2457 et
216 2416 447 2461 sanctum
494 2424 688 2464 nomen
720 2411 835 2478 ejus
865 2414 935 2466 ".
976 2433 995 2466 s
1043 2415 1177 2469 Ecce
1218 2426 1395 2470 autem
1435 2418 1675 2471 certissi-

143 2509 271 2550 tnaut
304 2507 472 2554 vatem
498 2502 511 2554 l
541 2499 712 2570 Supra
747 2506 958 2572 inquit:
988 2524 1006 2557 ι
1041 2505 1176 2560 Ecce
1212 2508 1361 2576 virgo
1386 2508 1672 2577 concipiet,

139 2590 189 2638 et
230 2587 390 2652 pariet
440 2587 627 2656 lilium,
669 2610 688 2643 s
717 2594 870 2660 paulo
895 2605 1010 2662 post
1033 2596 1146 2648 ait:
1190 2613 1209 2647 ι
1241 2607 1294 2650 et
1326 2602 1593 2666 concepit,
1623 2609 1675 2652 et
1734 2589 1745 2599 ’

143 2678 327 2746 peperit
356 2678 518 2732 ﬂliutn
539 2697 587 2746 ;i
623 2681 941 2749 Quomodo?
969 2687 1077 2741 illic
1097 2689 1311 2742 omnino
1333 2698 1388 2742 ut
1415 2689 1671 2754 futurum,

144 2763 218 2819 hie
236 2777 291 2819 ut
318 2777 572 2823 cet-tuum
599 2775 816 2829 Accessi
841 2776 907 2828 ad
935 2777 1346 2844 prophetissam.
1370 2777 1510 2833 »Ηοο
1531 2779 1675 2832 velut

141 2852 199 2907 ab
213 2856 520 2928 archangelo
539 2858 789 2918 Gabriele
807 2867 871 2917 ad
895 2864 1163 2934 Virginem
1185 2868 1383 2920 dictum
1405 2867 1668 2937 intellige‘;

143 2954 248 2994 nam
274 2949 539 3014 extemplo
575 2950 640 3001 ad
667 2950 786 3018 ejus
828 2955 1070 3008 nuntium
1102 2954 1376 3022 explorate
1403 2953 1673 3024 virgineus

140 3038 405 3100 conceptus
433 3033 608 3088 fuerat
638 3045 878 3091 secutus.

203 3133 222 3168 ι
249 3117 312 3173 Et
337 3120 473 3176 dixit
503 3121 760 3181 Dominus
795 3129 859 3181 ad
894 3141 1016 3180 tne:
1053 3129 1192 3184 Voca
1226 3147 1420 3186 nomen
1457 3132 1614 3202 ejus;
1643 3151 1663 3185 ι

141 3215 217 3259 aut
254 3205 565 3278 Christum,
624 3216 764 3282 quod
824 3215 1021 3271 Judzeis
1074 3231 1290 3274 unctum
1347 3230 1534 3287 notat;
1575 3232 1670 3275 aut

141 3292 457 3365 Etautanuel,
499 3305 639 3372 quod
690 3307 908 3375 perinde
956 3317 1057 3372 est,
1098 3326 1160 3363 ac
1201 3312 1243 3363 si
1275 3310 1443 3375 dicas,
1474 3309 1668 3364 Nobis-

140 3400 238 3440 ctun
276 3389 429 3459 Deus,
468 3395 560 3448 aut
607 3394 807 3464 Jesum,
856 3399 994 3466 quod
1039 3398 1200 3453 Salus
1251 3401 1512 3454 redditur.
1543 3399 1667 3455 Haec

137 3477 270 3531 enim
293 3485 508 3536 nomina
543 3484 823 3555 utramque
853 3489 1052 3544 Christi
1090 3501 1335 3544 naturam
1367 3508 1664 3560 repraesen-

140 3571 253 3619 taut.
299 3567 402 3621 Sed
457 3585 574 3637 quin
623 3585 920 3640 sequuntur
972 3585 1318 3630 scrutemur:
1355 3596 1373 3628 ι
1407 3578 1662 3632 Accelera

137 3653 284 3720 spolia
329 3657 647 3714 detrahere:
680 3660 890 3717 Festina
924 3666 1179 3734 pradare.
1211 3683 1229 3717 s
1265 3665 1372 3720 Hoc
1391 3670 1662 3732 pernicem

140 3742 404 3803 Salvatoris
466 3753 572 3805 vim
632 3754 888 3808 declarat.
933 3757 1106 3825 Atque
1189 3758 1240 3811 id
1275 3773 1459 3811 verum
1519 3760 1662 3823 esse,

137 3834 232 3903 ipse
274 3841 406 3895 adeo
459 3853 608 3897 vates
681 3848 878 3900 nodum
928 3847 1245 3912 dissolvens,
1301 3850 1414 3902 ait:
1456 3867 1475 3900 ι
1528 3849 1662 3915 Quia

135 3939 392 4000 antequam
449 3933 579 3987 sciat
640 3951 769 4004 puer
843 3952 1038 3990 vocare
1125 3948 1332 4006 patrem
1397 3957 1552 3993 suutu
1610 3952 1666 3994 et

139 4034 340 4077 matrem
394 4041 568 4092 suam,
623 4029 849 4098 accipiet
909 4029 1276 4084 fortitudinem
1330 4029 1601 4086 Damasci.
1638 4050 1656 4082 s

143 4114 303 4174 Videte
348 4125 620 4190 propheta:
657 4139 818 4194 super
861 4141 1023 4194 puero
1071 4136 1380 4180 accuratam
1433 4126 1661 4194 diligen-

138 4208 244 4265 tiam
269 4228 284 4266 :
313 4213 576 4283 siquidem
623 4232 726 4269 non
762 4217 918 4280 dixit,
946 4217 1258 4286 Priusquam
1298 4218 1460 4271 sciret
1501 4217 1657 4271 Chri-

136 4309 250 4366 stus,
300 4316 394 4360 aut
442 4303 626 4371 .iesus,
673 4314 764 4360 aut
814 4307 1146 4373 Emmanuel,
1205 4323 1322 4377 quae
1376 4319 1659 4374 utrumque

1802 527 2068 582 universa:
2103 530 2283 599 procul
2318 541 2495 586 terra.
2534 551 2552 582 s
2584 530 2651 586 lis
2705 530 2860 584 Vctbi
2901 531 2990 596 Dei
3047 530 3110 583 ad
3155 529 3358 598 inferos

1799 617 2138 684 descensum,
2166 628 2218 673 et
2250 622 2544 688 evangelici
2578 622 2829 689 prmconii
2862 619 3125 688 signiﬁcat
3161 635 3353 687 ρι-οριισ

1795 707 2107 774 gationetu;
2145 712 2212 764 ita
2236 711 2377 764 enim
2408 723 2459 764 et
2486 712 2741 766 Servatur
2777 727 2924 764 meus
2976 712 3025 763 in
3063 709 3353 777 Evangeiio

1799 795 2071 863 loquitur:
2112 817 2130 849 ι
2169 800 2554 856 Praedicabitur
2594 802 2696 856 hoc
2735 801 3080 870 Evangeiium
3116 799 3263 869 regni
3298 801 3351 852 in

1799 889 2049 944 universo
2082 891 2210 945 orbe
2257 893 2307 945 in
2345 894 2707 948 leSIintoninm
2759 894 3008 946 omnibus
3054 892 3348 962 gentibus:
3417 900 3423 907 '

1792 986 1844 1031 et
1882 988 2007 1033 tunc
2036 983 2216 1036 veniet
2245 987 2639 1039 consummatio
2659 986 2724 1039 νδ.
2752 1003 2769 1036 s
2803 1015 2868 1026 —
2900 1005 2918 1036 ‹
2953 981 3344 1037 Conl‘nrtamini

1789 1079 1842 1121 et
1875 1070 2173 1126 vincimini.
2211 1092 2227 1124 ι
2267 1074 2563 1141 Dsernones,
2603 1076 2800 1143 inquit,
2829 1077 2916 1144 qui
2949 1076 2999 1130 itt
3039 1090 3136 1128 nos
3172 1074 3349 1127 homi-

1790 1173 1886 1213 nes
1934 1172 2250 1228 pelestatem
2285 1166 2550 1218 exercetis
2591 1166 2660 1234 ob
2706 1181 3002 1235 peccatum,
3042 1172 3348 1232 proﬂigant-

1788 1248 1915 1304 mini
1959 1253 2076 1319 ejus
2105 1253 2331 1316 viribus,
2372 1257 2459 1324 qui
2513 1273 2608 1322 pro
2670 1258 2822 1312 nobis
2874 1257 3188 1325 incarnatus
3235 1265 3341 1310 est.

1785 1342 1938 1406 Quod
1985 1344 2174 1398 iterum
2238 1347 2360 1400 victi
2402 1349 2729 1418 conﬂigatis,
2763 1360 2821 1403 ut
2875 1351 3005 1402 estis
3058 1346 3343 1416 impuden-

1785 1433 2012 1500 tissimi;
2070 1443 2124 1488 at
2184 1437 2378 1489 iterum
2447 1439 2678 1506 denique
2746 1437 3190 1507 proﬂigahimini,
3247 1452 3345 1505 per

1783 1521 1978 1575 Christi
2021 1528 2468 1582 resurrectionem
2516 1531 2794 1598 prostrati.
2848 1529 2979 1582 Nam
3027 1528 3245 1582 Christo
3285 1527 3340 1580 in

1782 1611 1945 1664 vitam
1978 1614 2244 1677 restituto,
2286 1634 2387 1670 non
2413 1616 2525 1684 jam
2554 1620 2801 1687 deinceps
2839 1635 2982 1672 mors
3006 1619 3332 1681 dominatur,

1782 1710 1835 1753 et
1885 1714 2166 1769 prostrata:
2199 1707 2500 1762 daemonum
2537 1711 2704 1776 copiae
2752 1721 2896 1765 sunt.
2930 1709 3112 1763 Potest
3159 1719 3339 1763 autem

1783 1790 1833 1844 id
1859 1807 2072 1861 quoque
2099 1795 2167 1849 de
2205 1799 2558 1853 seusibilibus
2594 1802 2840 1869 gentibus
2873 1802 2948 1853 sic
2993 1802 3183 1868 accipi,
3209 1799 3335 1867 quin

1780 1889 1832 1932 et
1872 1884 1936 1934 ad
1975 1883 2245 1938 Christum
2300 1886 2510 1949 referri,
2559 1905 2715 1958 quem
2759 1905 2919 1958 saepe,
2957 1903 3015 1944 ut
3065 1890 3334 1944 hominem

1781 1973 2003 2042 petitum
2039 1975 2283 2032 diabolus
2315 1980 2530 2034 tandem
2553 1974 2732 2034 Deum
2763 1990 2973 2042 nactus,
3006 1980 3259 2054 concidit.

1849 2063 1982 2120 inite
2035 2067 2317 2122 consilium
2380 2071 2718 2138 quantumvis
2781 2081 2966 2125 contra
3017 2068 3330 2126 Christum:

1778 2159 2124 2223 quantumvis
2180 2161 2321 2213 enim
2379 2176 2600 2215 avarum
2650 2160 2842 2216 .Iudam
2901 2161 3161 2229 aggressi,
3209 2174 3331 2213 cum

1778 2248 2153 2315 arrogantibus
2196 2265 2259 2304 ac
2292 2253 2542 2320 superbis
2591 2253 2782 2306 scribis
2832 2260 2885 2305 et
2935 2249 3330 2320 legeconsultis,

1778 2340 2121 2404 quantumvis
2159 2355 2280 2395 cum
2327 2343 2480 2395 Anna
2517 2353 2570 2396 et
2597 2343 2817 2410 Caipba.
2853 2342 3088 2396 scelestis
3118 2338 3332 2407 pontili-

1777 2425 2024 2481 cibusac
2057 2428 2289 2496 denique
2321 2446 2440 2484 cum
2469 2431 2672 2485 lleroile
2707 2445 2760 2484 et
2788 2432 2975 2494 Pilato,
3022 2428 3198 2483 ell‘eris
3241 2438 3327 2481 at-

1777 2531 1882 2584 que
1927 2517 2235 2573 inhumanis
2283 2522 2612 2590 principibus
2657 2521 2998 2589 rouspiretis,
3041 2519 3329 2573 consilium

1781 2617 2013 2661 vestrum
2044 2608 2302 2663 Dominus
2341 2610 2478 2664 Deus
2511 2611 2782 2672 dissolvet,
2816 2611 2866 2663 id
2909 2619 3014 2673 est,
3046 2608 3333 2662 frustrabi-

1780 2705 1885 2761 tur,
1915 2706 1967 2748 et
2000 2698 2316 2765 impotentes
2341 2714 2404 2752 ac
2434 2700 2697 2754 inVaIidos
2721 2714 2814 2753 vos
2839 2699 3106 2753 ostendet.
3139 2715 3157 2748 ‹
3191 2696 3332 2750 Con-

1775 2786 1952 2839 silium
1984 2786 2370 2855 dissipabitur:
2395 2789 2668 2858 loquimini
2697 2790 2935 2853 verbum,
2955 2799 3006 2843 et
3036 2802 3145 2841 non
3176 2788 3319 2860 liet.s

1775 2875 1831 2928 ld
1879 2877 2036 2944 quale
2084 2878 2182 2943 sit,
2231 2879 2370 2933 scire
2425 2869 2664 2944 aventes,
2698 2878 2974 2932 Matthteus
3013 2877 3326 2946 publicanus

1776 2966 2007 3028 docebit,
2038 2967 2191 3035 cujus
2220 2963 2256 3022 ἑ
2296 2984 2450 3023 sacro
2496 2969 2782 3039 Evangelio
2813 2969 2926 3022 haec
2963 2978 3090 3021 sunt
3118 2968 3277 3020 verba
3305 2983 3320 3019 :

1698 3071 1740 3130 ο
1778 3075 1798 3108 ι
1838 3058 2016 3111 Altera
2053 3069 2230 3112 autem
2264 3060 2366 3122 die,
2405 3075 2524 3128 quae
2553 3070 2637 3114 est
2671 3069 2786 3128 post
2808 3059 3159 3122 Parasceveu,
3194 3071 3327 3111 con-

1775 3158 2037 3201 venerunt
2091 3149 2357 3217 principes
2416 3151 2781 3214 sacerdotum,
2831 3156 2885 3201 et
2941 3146 3197 3201 Pharistci
3253 3144 3323 3198 ad

1771 3236 2022 3303 Pilatum,
2055 3238 2334 3293 dicentes:
2370 3240 2610 3304 Domine,
2647 3238 2914 3294 recordati
2959 3251 3162 3295 sumus,
3201 3233 3325 3300 quia

1768 3329 2018 3383 seductor
2054 3331 2140 3384 ille
2193 3331 2327 3385 dixit
2378 3332 2554 3386 adhuc
2607 3332 2840 3385 vivens:
2883 3328 3011 3382 Post
3060 3337 3166 3380 tres
3207 3325 3326 3379 dies

1768 3435 2065 3490 resurgam.
2095 3420 2230 3475 Jube
2263 3435 2391 3489 ergo
2420 3421 2680 3476 custodiri
2729 3420 3033 3486 sepulcrum
3071 3431 3237 3482 usque
3269 3415 3321 3492 in

1767 3511 1906 3562 diem
1949 3513 2186 3576 tertium,
2218 3527 2282 3566 ne
2343 3513 2479 3566 forte
2529 3513 2747 3566 veniant
2795 3509 3039 3579 discipuli
3089 3507 3226 3576 ejus,
3267 3512 3322 3557 et

1766 3602 2013 3657 furentur
2074 3620 2191 3658 eum
2218 3645 2232 3668 ,
2262 3615 2316 3658 et
2367 3606 2546 3659 dicant
2600 3605 2780 3674 plebi:
2818 3602 3064 3656 Surrexit
3102 3617 3130 3652 a
3177 3613 3323 3652 mor-

1768 3693 1914 3747 tuis:
1961 3703 2015 3746 et
2066 3695 2166 3745 erit
2216 3693 2537 3749 novissimus
2589 3709 2742 3748 error
2789 3693 2939 3762 pejor
2988 3691 3163 3759 priore
3190 3688 3255 3740 ’³.
3295 3703 3314 3734 ι

1766 3781 1877 3836 Hoc
1913 3784 2072 3853 igitur
2114 3785 2395 3838 consilium
2442 3793 2495 3837 et
2543 3786 2816 3839 decretum
2863 3783 2997 3836 Deus
3042 3777 3317 3833 dissolvet.

1765 3873 2041 3943 Siqttidem
2078 3872 2420 3927 (Nobiscum
2470 3875 2626 3928 Deus.
2661 3893 2678 3925 ι
2716 3872 3002 3927 Nobiscum
3052 3871 3191 3924 Deus
3235 3877 3320 3920 est

1763 3964 1830 4018 ab
1890 3963 2196 4017 Abrahamo
2249 3979 2344 4033 per
2401 3966 2708 4032 prophetas,
2755 3977 2918 4032 usque.
2971 3963 3034 4014 ad
3086 3960 3317 4014 Cmsaris

1763 4053 1984 4121 Augusti
2033 4068 2248 4105 censum
2277 4069 2292 4114 ;
2331 4054 2605 4107 nobiscum
2639 4060 2719 4106 est
2747 4054 2799 4106 in
2846 4059 3116 4117 assumpta
3142 4056 3312 4103 carne

1763 4150 2108 4201 c0nversans.
2142 4157 2313 4209 usque
2343 4143 2408 4194 ad
2442 4143 2753 4195 descensum
2800 4156 2863 4193 ac
2914 4153 3211 4208 regressum
3248 4151 3312 4188 ex

1764 4231 1986 4286 inferis:
2021 4232 2298 4285 nobiscum
2332 4247 2499 4299 usque
2525 4230 2590 4285 ad
2611 4231 2923 4284 saeculorum
2950 4231 3128 4290 linem,
3158 4237 3317 4294 atque

1764 4325 1817 4378 in
1845 4339 2054 4378 omnem
2078 4324 2503 4394 perpetuitatem.
2544 4322 2656 4377 Hoc
2691 4323 2833 4374 enim
2880 4319 3145 4386 significat
3177 4327 3256 4369 ter
3283 4331 3313 4368 a

137 4401 330 4460 uolant;
363 4396 477 4460 sed,
515 4412 532 4446 ι
586 4395 760 4462 Puer;
800 4416 818 4448 ι
871 4413 990 4450 nam
1042 4399 1332 4451 secundum
1383 4408 1654 4465 expertem
1690 4383 1732 4438 Ῑ)
1763 4417 2017 4484 propheta
2051 4383 2363 4481 u'sur'pauun
2391 4429 2404 4465 ε
2437 4431 2455 4462 ι
2488 4411 2794 4467 Nobiscum
2832 4429 2852 4462 ι
2886 4409 3084 4462 Scitote
3105 4416 3311 4475 gentes,

134 4485 364 4550 temporis
423 4496 689 4548 naturam,
737 4498 817 4541 est
877 4489 1012 4542 Deus
1081 4489 1266 4551 l'ortis,
1333 4498 1652 4556 praepotens,

136 4569 368 4645 Princeps
399 4578 568 4647 pacis,
600 4576 758 4632 Pater
789 4581 886 4634 aevi
921 4579 1083 4632 futuri
1116 4598 1129 4632 :
1176 4582 1464 4633 secundum
1517 4589 1653 4631 tem-

132 4665 364 4732 poralem,
414 4678 573 4722 natus
606 4685 670 4723 ex
723 4671 934 4736 Virgine
1003 4670 1161 4734 Puer,
1210 4669 1452 4722 Damasci
1501 4684 1653 4734 opes,

135 4754 474 4830 Samariteque
504 4762 673 4829 spolia
727 4762 940 4828 recipiet
969 4761 1037 4813 ab
1069 4760 1297 4830 Assyria:
1326 4774 1470 4828 rege.
1500 4758 1650 4822 Quod

1758 4507 1898 4574 quod
1929 4506 2203 4559 uobiscum
2237 4503 2376 4558 Deus
2405 4513 2488 4557 est
2514 4523 2527 4557 :
2565 4503 2809 4567 «Audite,
2841 4502 3099 4554 universae
3126 4496 3308 4566 procul

1759 4606 1935 4660 terrae,
1972 4596 2096 4663 quia
2129 4594 2403 4648 nobiscum
2439 4593 2571 4648 Deus
2603 4605 2724 4656 est;
2766 4592 3306 4660 loquituiuiverbum,

1759 4694 1944 4739 etnon
1975 4685 2083 4748 liet,
2118 4686 2240 4754 quia
2274 4685 2559 4738 Nobiscum
2594 4685 2750 4738 Dens.
2788 4701 2805 4732 ι

1832 4774 1968 4840 Quid
1998 4775 2240 4843 agimus?
2273 4775 2508 4829 haeccine
2537 4775 2800 4842 disputata
2834 4773 3087 4825 hactenus
3116 4768 3181 4821 de
3215 4765 3307 4820 Dei

133 4849 458 4915 comprobatus
476 4862 645 4912 vates,
675 4851 852 4902 addite
872 4849 1155 4902 Nobiscum
1188 4852 1322 4902 Deus
1346 4868 1359 4903 :
1393 4868 1409 4899 s
1433 4847 1650 4902 Sciiitet

132 4941 596 5005 snpratemporalis,
641 4951 693 4992 et
730 4942 1062 5008 omnipotens
1097 4942 1261 5004 licus;
1295 4956 1412 4993 cum
1439 4954 1649 5006 semper

134 5023 537 5094 Virgine‘Maria,
560 5046 623 5084 ac
658 5046 750 5100 per
771 5046 885 5084 eam
915 5031 1209 5084 nobiscum.
1246 5049 1263 5082 t
1292 5030 1643 5095 Quamobrem

132 5117 294 5173 scitote
327 5132 533 5188 gentes,
560 5131 612 5174 et
643 5121 931 5174 vinciutini.
969 5138 986 5170 ι
1027 5120 1223 5175 Gentes
1255 5121 1501 5188 appellat,
1537 5135 1643 5173 non

133 5221 230 5272 Quae
257 5212 521 5267 Christum
556 5218 803 5273 adorant.
834 5222 995 5280 atque
1030 5224 1370 5274 venerantur,
1397 5222 1450 5266 et
1480 5212 1643 5265 Deum

133 5301 426 5356 rouliteutur
490 5319 552 5357 ac
621 5303 1034 5364 concelebrant,
1087 5317 1208 5371 quae
1267 5319 1331 5356 ex
1400 5306 1646 5370 gentibus

131 5386 339 5449 Ecclesia
391 5404 494 5459 est,
546 5396 635 5448 sed
670 5409 787 5462 quae
828 5393 880 5446 in
929 5393 1187 5446 idolorum
1222 5393 1394 5446 cultus
1441 5393 1643 5446 scelere

131 5492 433 5542 permanent.
491 5487 618 5538 Nam
677 5500 753 5538 ea:
801 5486 1010 5537 demunt
1066 5483 1408 5553 proﬂiganda!
1457 5495 1642 5552 gentes

1755 4864 1875 4918 Filii
1908 4866 2271 4918 incarnatione
2305 4867 2435 4920 satis
2463 4874 2607 4928 sunt,
2635 4880 2699 4917 an
2724 4865 2872 4933 plura
2902 4876 3112 4929 quoque
3145 4860 3306 4913 vultis

1734 4956 2050 5011 .disseram?
2069 4957 2353 5010 Enimvero
2381 4971 2551 5025 neque
2572 4972 2669 5025 ego
2694 4958 2839 5024 plura
2866 4955 3057 5005 addere
3082 4953 3300 5018 possim,

1755 5056 1852 5096 nec
1890 5056 1982 5096 vos
2021 5043 2279 5109 accipere.
2312 5043 2450 5108 Quin
2489 5046 2734 5096 adderem
2780 5041 2956 5108 plura,
2990 5042 3031 5094 si
3067 5042 3302 5104 disputa-

1757 5129 1890 5183 tioni
1940 5130 2180 5184 addictos
2234 5146 2528 5184 cernerem.
2577 5131 2679 5182 Sed
2742 5131 2994 5198 quoniam
3042 5127 3299 5181 orationis

1755 5221 1974 5273 satietas
2001 5219 2213 5272 inimica
2240 5231 2341 5286 est,
2369 5236 2474 5273 non
2493 5219 2812 5280 dicentibus.
2835 5218 2922 5271 sed
2943 5216 3292 5280 auditoribus,

1752 5308 2014 5371 suiiicere,
2037 5309 2244 5374 opinor,
2277 5324 2394 5377 quae
2427 5309 2697 5362 diximus:
2733 5327 2750 5358 ι
2775 5308 2859 5364 .Ne
2888 5307 3022 5359 ultra
3058 5304 3285 5366 Gades,s

1751 5398 1889 5464 quod
1941 5398 2111 5462 aiunt,
2159 5396 2401 5460 trajicere
2450 5410 2722 5450 conemur.
2768 5395 2931 5461 igitur
2969 5396 3035 5448 ad
3083 5395 3296 5447 aliaest

1752 5491 2151 5542 transeundum.

184 5649 224 5681 "
251 5651 287 5706 ll
319 5643 431 5706 9...?
455 5661 484 5707 ξ.
523 5670 645 5707 Iuv
669 5672 682 5719 ;
709 5667 761 5709 et
792 5655 858 5708 ιν
889 5656 1014 5725 lleg.
1044 5671 1118 5709 ιι.
1218 5656 1262 5687 ⁵³
1286 5657 1399 5711 Luc
1449 5673 1488 5722 ι,
1519 5658 1608 5726 48,
1635 5663 1722 5720 49.
1803 5664 1847 5696 ’³
1878 5660 2062 5715 Matth.
2095 5676 2241 5732 xxiv,
2266 5661 2356 5714 25.
2431 5662 2478 5692 "
2513 5660 2699 5716 Matth.
2740 5677 2915 5727 xxvii,
2939 5661 3029 5729 9.6,
3058 5658 3154 5717 63.

3396 4665 3418 4727 /
