3952 6328
605 268 710 332 εδδ

602 378 988 434 Conl'ortamini
1046 387 1099 433 et
1145 375 1415 433 vincimini
1462 394 1476 432 :

605 471 973 536 lortabimini;
1028 469 1204 523 denuo
1238 468 1561 534 vinceminif;
1593 467 1726 523 inite
1763 465 2072 527 consilium,
2104 471 2158 518 et

603 565 984 633 dissipabitur:
1015 559 1294 629 loquimini
1340 561 1580 623 verbum,
1628 567 1682 614 et
1725 571 1829 612 non
1878 556 2156 625 nonquia

606 655 878 708 nobiscum
911 651 1048 704 Dens
1070 651 1136 705 ".
1179 669 1197 702 ι

674 743 929 797 Cmterum
954 741 1006 795 in
1035 741 1224 809 primis
1255 739 1469 808 dignum
1496 741 1789 806 quaestione
1825 748 1927 802 est,
1969 752 2156 808 quam-

605 837 784 887 obrem
860 831 1006 886 dicat
1089 832 1402 901 propheta:
1462 850 1480 882 v
1533 830 1597 884 Et
1654 830 1846 898 adjecit
1898 829 2157 885 Dominus

605 923 746 991 loqui
779 923 847 976 ad
877 923 1077 988 Acbaz,
1121 923 1332 978 dicens.
1373 940 1390 973 ι
1427 920 1501 975 De
1530 921 1637 976 Deo
1665 919 1887 990 ejusque
1923 920 2154 974 adventu

601 1014 859 1081 propheta
889 1014 1149 1078 dicturus,
1181 1029 1248 1067 ne
1278 1011 1544 1080 quispiam
1577 1012 1969 1082 auspicaretur,
1997 1009 2157 1062 alium

601 1122 741 1167 esse,
761 1107 852 1176 qui
886 1121 913 1158 a
942 1107 1212 1175 prophetis
1239 1120 1296 1159 se
1317 1103 1588 1174 prioribus
1606 1102 1795 1171 luisset
1818 1100 2159 1170 praedicatus,

603 1205 654 1248 et
676 1196 860 1260 alium,
888 1196 977 1264 qui
1024 1211 1051 1247 a
1095 1195 1272 1264 seipse
1303 1203 1418 1268 tum.
1464 1194 1866 1262 praedicaretur,
1899 1189 2119 1246 voculas
2143 1227 2161 1252 ,

609 1309 625 1337 ι
668 1288 732 1341 Et
782 1288 1000 1355 adjecit,
1035 1304 1054 1338 ι
1104 1287 1403 1357 prophetia
1450 1285 1616 1340 voluit
1657 1285 1972 1356 praefigere,
2005 1285 2159 1351 quasi

601 1381 846 1433 dit-cret:
885 1379 1029 1433 inter
1063 1379 1197 1433 alias
1241 1379 1505 1433 vaticinas
1553 1376 1981 1447 prmsagitiones,
2021 1389 2162 1444 quas

603 1469 827 1538 Spiritus
853 1478 1070 1524 sanctus
1097 1467 1166 1523 de
1191 1468 1472 1537 unigenito
1500 1465 1591 1521 Dei
1621 1466 1779 1532 Filio,
1813 1479 1907 1535 per
1933 1464 2162 1534 prophe-

604 1573 774 1614 tarum
835 1560 1042 1629 linguas
1095 1559 1476 1630 promulgavit,
1515 1558 1736 1624 insuper
1782 1555 1958 1611 adhuc
2000 1572 2019 1605 ‹
2051 1553 2166 1606 Ad-

597 1652 723 1720 jerit
752 1651 1010 1704 Dominus
1054 1649 1198 1716 loqui
1233 1649 1298 1702 ad
1344 1648 1564 1702 Achaz:
1600 1647 1727 1702 Pete
1763 1645 1856 1701 tibi
1883 1646 2094 1715 signum
2125 1659 2153 1696 a

603 1743 823 1798 Domino
878 1741 986 1796 Deo
1044 1750 1136 1795 tuo
1192 1743 1244 1794 in
1302 1739 1625 1812 profundum
1677 1733 1915 1803 inferni,~
1947 1738 2060 1791 sive
2102 1737 2154 1790 in

600 1834 869 1889 excelsum
905 1848 1085 1903 supra.
1122 1851 1140 1884 ι
1181 1833 1289 1887 Nec
1321 1847 1450 1887 vero
1486 1833 1640 1901 jubet
1673 1830 1814 1886 Deus
1843 1829 2021 1891 Acha:
2059 1842 2156 1880 ceu

599 1924 923 1978 dididentem
968 1933 1152 1994 petere
1195 1924 1426 1993 signum.
1455 1923 1656 1992 Apage.
1691 1919 1972 1987 Quomodo
2013 1919 2156 1973 enim

594 2019 777 2087 jubcat
839 2017 1044 2086 signum
1097 2026 1301 2086 petere,
1331 2017 1420 2083 qui
1472 2017 1637 2070 etiam
1684 2013 1869 2084 jussus
1920 2011 2160 2065 abnuat?

597 2110 690 2161 sed
740 2107 1014 2173 nimirum,
1047 2115 1105 2160 ιιι
1150 2108 1442 2174 praescius‘,
1481 2105 1776 2178 Synagogae
1814 2101 2156 2157 incredulita-

595 2210 701 2254 tem
725 2201 1022 2270 prmvidens
1046 2201 1205 2266 Deus,
1233 2200 1412 2256 Acbaz
1431 2199 1672 2263 mandat,
1693 2199 1904 2268 signum
1929 2190 2153 2266 peteret.

597 2292 1056 2357 Quemadmodum
1129 2292 1416 2362 aliquando
1477 2302 1532 2347 et
1589 2289 1809 2345 Thomas
1865 2287 2158 2343 obstinatio

598 2391 818 2437 caeteros
847 2386 910 2437 ad
939 2382 1270 2451 exploratam
1315 2383 1519 2438 Christi
1549 2377 1969 2437 resurrectionis
1996 2378 2154 2433 {idem

603 2473 886 2540 pertraxit,
943 2480 1106 2541 atque
1186 2472 1532 2541 onlirmavit;
1579 2473 1651 2527 ita
1702 2485 1831 2527 sane
1873 2477 1929 2525 et
1979 2469 2155 2525 Acbaz

602 2563 811 2630 signum
848 2572 1064 2632 petere,
1097 2578 1286 2620 omnes
1328 2564 1391 2619 ad
1429 2564 1536 2618 veri
1581 2563 1952 2618 credulitatem
1985 2561 2155 2615 addu-

595 2655 675 2709 xit
711 2664 763 2709 et
799 2656 1184 2713 constabilivit.
1216 2655 1281 2710 Et
1317 2657 1362 2711 si
1398 2672 1524 2712 vero
1566 2655 1752 2713 Achar.
1791 2653 2057 2718 abnuerit,
2091 2666 2156 2705 ac

597 2741 973 2813 responderiti
1019 2765 1037 2798 ι
1072 2746 1187 2802 Non
1245 2757 1520 2813 petam,et
1566 2763 1669 2802 non
1711 2749 1930 2802 tentabo
1978 2745 2157 2800 Domi-

597 2835 806 2898 num”,
844 2853 862 2886 ι
896 2835 1062 2890 lsaias
1099 2846 1275 2891 tamen
1321 2853 1421 2908 pro
1456 2853 1521 2894 eo
1560 2837 1825 2892 exclamat
1855 2856 1869 2891 :
1911 2855 1931 2888 ι
1959 2835 2155 2890 Audite

597 2940 724 2995 ergo
772 2927 960 2982 domus
1012 2925 1199 2982 David.
1249 2948 1267 2980 ι
1317 2929 1454 2985 Ecce
1507 2929 1574 2985 ad
1631 2945 1766 3000 quos
1828 2929 2150 2998 promissum

1822 252 2246 318 ANDRONICI
2276 253 2619 314 COMNENI

1519 375 1565 432 si
1598 376 1745 432 enim
1792 375 1970 429 denuo
2031 386 2163 427 con-
2191 367 2240 425 Α
2265 376 2370 422 etc.
2406 366 2539 422 Nam
2579 384 2643 424 ex
2677 372 2819 426 omni
2866 373 3120 429 memoria
3171 374 3327 429 fando
3367 375 3670 434 inauditum
3713 391 3806 446 est,

3706 267 3802 330 856

2261 459 2518 528 virginem
2553 460 2716 516 lilium
2745 465 3011 530 genuisse.
3044 465 3227 537 itaque
3255 483 3363 522 non
3390 469 3608 540 signum
3638 473 3807 538 modo,

2259 550 2351 604 sed
2399 551 2777 608 miraculorum
2818 555 3058 610 omnium
3099 558 3543 615 miriﬁcissimum
3570 564 3670 616 ἐει
3695 563 3804 630 hoc,

2259 649 2312 695 et
2342 657 2657 698 arcanorum
2703 660 2766 700 ac
2793 646 3152 717 prodigiorum
3197 649 3354 718 longe
3402 654 3808 708 arcaulssimum

2259 745 2322 785 ac
2357 734 2889 802 prodigiosissimum.
2924 755 2942 790 ι
2972 737 3226 810 Bulyrum
3255 750 3313 795 et
3350 742 3455 798 mel
3483 745 3749 799 comedet.
3783 763 3804 796 ›

2261 822 2303 875 Α
2374 815 2634 880 miraculo
2689 827 2754 881 ad
2817 827 3133 884 miraculum
3217 831 3563 900 digreditur,
3617 835 3808 889 etenim

2261 913 2554 979 praefatus:
2601 933 2621 968 v
2652 915 2792 972 Deus
2834 924 3057 990 magnus
3088 935 3153 977 ac
3192 913 3497 992 praepotens
3540 939 3647 981 non
3700 939 3812 980 esu-

2262 1004 2385 1070 riet,
2409 1021 2428 1056 ι
2450 1021 2592 1059 nunc
2615 1001 2889 1077 Unigeuiti
2908 1010 3332 1069 incarnationem
3356 1014 3811 1084 comprelrendcns

2261 1094 2374 1148 ait:
2396 1094 2566 1161 Quem
2595 1113 2690 1167 pro
2713 1103 3155 1171 supratemporali
3187 1115 3380 1159 natura
3406 1105 3544 1160 haud
3578 1107 3810 1160 esuritu-

2264 1199 2380 1238 rum
2423 1189 2725 1256 praececini,
2765 1206 2909 1247 nunc
2939 1206 3006 1246 ex
3039 1193 3244 1262 virgine
3294 1193 3567 1248 hominem
3609 1205 3808 1260 natum,

2262 1278 2395 1332 citra
2426 1288 2724 1347 peccatum,
2753 1280 2947 1352 butyro
2975 1297 3040 1338 ac
3069 1283 3228 1338 melle
3257 1285 3584 1338 vast-iturum
3616 1300 3810 1353 pﬂI‘Sa-

2263 1369 2367 1438 gio.
2399 1366 2599 1439 Butyro
2631 1379 2807 1424 autem
2851 1380 3012 1439 atque
3040 1371 3199 1427 melle
3240 1374 3586 1438 nominando,
3623 1376 3809 1429 iterum

2263 1457 2417 1512 nobis
2438 1457 2654 1514 Davidis
2684 1459 2941 1516 vaticinia
2970 1462 3023 1515 in
3069 1473 3303 1522 mentem
3353 1474 3570 1519 revocat
3599 1482 3612 1517 :
3652 1480 3809 1518 unum

2264 1549 2567 1616 huiusmodi
2595 1567 2610 1606 ε
2652 1571 2670 1603 ι
2690 1549 3030 1622 lmpingnasti
3060 1553 3116 1608 in
3149 1556 3269 1609 oleo
3297 1566 3455 1622 caput
3489 1571 3664 1610 meum
3685 1557 3763 1620 ⁸³;
3787 1574 3804 1606 ι

2262 1635 2489 1690 alterum
2517 1653 2533 1691 :
2579 1655 2599 1689 ι
2625 1637 2794 1704 Quam
2826 1638 3000 1693 dulcia
3035 1640 3277 1696 faucibus
3307 1641 3442 1696 meis
3461 1641 3671 1710 eloquia
3705 1651 3806 1705 ta,

2259 1726 2534 1796 superine!
2552 1728 2633 1783 ori
2649 1745 2768 1786 meo
2787 1731 2833 1764 ⁸⁸
2856 1731 2870 1785 l
2899 1730 3195 1787 iCaeterum
3231 1733 3481 1788 audiens:
3503 1753 3520 1786 ι
3544 1733 3642 1801 Qui
3663 1743 3808 1791 ante-

2257 1832 2416 1885 quam
2446 1820 2604 1886 sciat,
2636 1828 2726 1876 aut
2751 1822 3000 1890 przlcrat
3022 1822 3243 1894 malum,
3274 1823 3431 1894 elegit
3455 1826 3652 1879 bonum
3687 1825 3755 1890 ⁸⁷,
3784 1842 3801 1876 ι

2257 1923 2325 1961 ne
2351 1910 2554 1976 peccati
2581 1922 2875 1978 expertem,
2897 1891 3177 1977 sciturum,
3202 1923 3294 1969 aut
3318 1891 3516 1967 malum
3546 1913 3802 1968 admissu-

2260 2014 2373 2052 rum
2405 2015 2638 2068 unquam
2658 2001 2798 2069 ﬁnge
2823 2018 2836 2055 :
2858 2004 2947 2057 sed
2968 2003 3276 2070 priusquam
3302 2003 3353 2056 id
3383 2002 3500 2067 llat,
3519 2018 3581 2058 ex
3599 2000 3804 2070 Virgine

2256 2099 2438 2143 natum
2460 2090 2707 2160 eligendo
2731 2093 2868 2148 bono
2892 2107 3102 2147 sacrum
3136 2092 3368 2147 futurum
3395 2109 3412 2159 ;
3449 2109 3570 2148 nam
3597 2111 3615 2144 ι
3641 2092 3802 2147 Omne

2257 2183 2614 2237 masculinum
2664 2186 2979 2253 adaperiens
3018 2185 3251 2250 vulvam,
3298 2194 3543 2241 sanctum
3587 2185 3800 2238 Domino

2256 2275 2534 2333 vocabitur
2563 2273 2630 2330 ".
2671 2293 2689 2325 ι
2726 2275 2890 2345 lgitur
2926 2275 3016 2346 qui
3045 2292 3108 2331 ex
3154 2285 3310 2332 utero
3341 2258 3687 2331 consecratus
3716 2277 3798 2338 sit,

2255 2363 2346 2428 qui
2407 2365 2621 2419 tandem
2683 2366 2838 2429 sciat,
2896 2377 2987 2421 aut
3047 2367 3242 2421 malum
3311 2365 3803 2432 admittatiQuare

2255 2451 2476 2506 dubium
2525 2464 2768 2518 nonest,
2815 2455 2941 2524 quin
2997 2453 3293 2524 perfectum
3349 2454 3622 2508 hominem
3673 2453 3800 2516 fore,

2255 2543 2349 2610 qui
2379 2554 2709 2609 nasceretur,
2745 2547 2836 2601 sed
2866 2561 2895 2598 a
2944 2556 3164 2613 peccato
3199 2544 3798 2611 alienumtdesignarit;

2255 2645 2377 2684 nam
2408 2631 2472 2685 de
2499 2646 2563 2686 eo
2605 2633 2745 2687 idem
2795 2650 3006 2689 rursum
3058 2635 3375 2690 conﬁrmat:
3410 2651 3430 2685 ι
3467 2631 3796 2703 iniquitateut

2255 2737 2358 2775 non
2412 2722 2559 2790 fecit,
2599 2740 2774 2796 neque
2819 2727 2972 2783 dolus
3019 2730 3117 2782 fuit
3160 2729 3212 2782 in
3257 2742 3350 2782 ore
3391 2729 3508 2797 ejus
3545 2743 3561 2781 :
3595 2737 3792 2782 etcum

2254 2814 2532 2871 sceleratis
2586 2827 2861 2887 reputatus
2906 2829 2995 2874 est
3022 2820 3089 2884 ”,
3122 2839 3139 2871 ι
3173 2820 3430 2874 innocens
3461 2829 3636 2872 tamen
3683 2831 3794 2871 cum

2255 2915 2417 2966 esset.
2454 2906 2632 2973 Quare
2676 2910 2724 2963 si
2767 2925 2795 2964 a
2847 2911 2988 2965 malo
3032 2911 3166 2964 mala
3215 2919 3376 2973 sunt,
3434 2909 3573 2964 Deus
3629 2915 3796 2961 autem

598 2986 857 3085 pevrtinet,
910 3033 1001 3074 eos
1045 3039 1064 3073 ι
1116 3021 1329 3075 domum
1380 3021 1595 3077 Davidis
1630 2986 1665 3074 ι’
1691 2986 1961 3091 appellat,
1994 3018 2147 3088 quasi
2173 3026 2219 3085 (ζ
2251 2997 2427 3091 Poni”
2460 3010 2588 3091 esti“
2611 3011 2663 3055 ει
2692 3004 2814 3057 boni
2860 3002 3167 3091 δοωῖηίδυε
3198 3002 3418 3072 ποτεῑιοτ
3439 3040 3454 3064 ι
3486 2986 3798 3091 πυέτξφ-Ῐηθ

598 3111 648 3162 in
696 3110 1003 3163 memoriam
1036 3124 1298 3165 revocans
1328 3110 1543 3167 Davidis
1570 3111 1729 3166 verba
1763 3119 1925 3180 atque
1965 3109 2146 3174 Iidem,

597 3196 1013 3266 quamjuratam
1070 3197 1255 3252 Davidi
1300 3197 1442 3255 Deus
1496 3215 1600 3254 non
1656 3202 1726 3255 sit
1775 3207 2146 3254 revocaturus.

598 3287 752 3350 Nam,
790 3306 808 3338 ‹
838 3288 1039 3351 juravit
1090 3289 1342 3345 Dominus
1379 3291 1548 3345 David
1592 3292 1893 3356 veritatem,
1940 3304 1995 3345 et
2043 3306 2147 3344 non

599 3378 944 3434 frustrahitur
980 3394 1120 3433 eam.
1163 3401 1182 3433 a
1223 3383 1502 3449 Quaeritis,
1548 3398 1666 3453 qum
1711 3383 1781 3438 sit
1822 3398 1884 3439 ea
1929 3385 2145 3447 veritas,

600 3470 940 3540 intelligere?
971 3491 988 3524 ι
1023 3473 1097 3526 De
1145 3472 1321 3527 fructu
1370 3475 1577 3530 ventris
1618 3475 1692 3530 tui
1733 3491 1926 3545 ponam
1987 3491 2150 3544 super

595 3561 772 3614 sedem
811 3571 976 3616 tuam.
1019 3562 1075 3618 Si
1128 3566 1484 3618 custodierint
1516 3564 1604 3618 ﬁlii
1651 3566 1724 3619 tui
1771 3576 2145 3621 testamentum

597 3667 797 3715 meum,
827 3662 879 3707 et
909 3655 1209 3709 testimonia
1255 3671 1373 3710 mea
1405 3657 1520 3711 haec
1577 3672 1693 3726 qum
1726 3659 1926 3712 docebo
1954 3673 2066 3722 eos,
2095 3669 2149 3713 et

597 3739 689 3793 filii
724 3754 906 3794 eorum
962 3756 1130 3808 usque
1178 3742 1230 3797 in
1298 3745 1597 3810 saeculum,
1661 3746 1925 3801 sedebant
1988 3761 2149 3817 super

593 3835 774 3887 sedem
818 3842 981 3885 tuam.
1024 3833 1285 3899 Quoniam
1320 3837 1477 3906 elegit
1509 3836 1763 3892 Dominus
1793 3837 1945 3904 Sion,
1987 3839 2149 3908 elegit

591 3938 709 3976 eam
757 3923 808 3976 in
868 3924 1251 3978 habitationem
1303 3925 1426 3980 sibi.
1478 3926 1599 3980 Haec
1653 3928 1863 3995 requies
1932 3913 2045 3983 mea
2095 3931 2145 3982 in

594 4009 845 4068 saeculum
881 4015 1096 4068 saeculi:
1130 4015 1217 4070 hic
1246 4015 1521 4080 habitabo,
1559 4018 1809 4084 quoniam
1842 4019 1974 4088 elegi
2007 4035 2144 4074 eam.

598 4104 821 4157 Viduam
875 4104 991 4173 ejus
1034 4104 1359 4160 benedicens
1409 4106 1742 4172 benedicam,
1785 4118 1840 4162 et
1890 4125 2148 4178 pauperes

558 4195 713 4261 ejus
764 4195 1020 4249 saturabo
1068 4194 1313 4262 panibus.
1373 4195 1694 4252 Sacerdotes
1749 4183 1863 4269 ejus
1929 4199 2146 4253 induam

595 4287 855 4339 salutari:
903 4295 956 4340 et
1000 4287 1168 4339 sancti
1218 4288 1335 4354 ejus
1382 4288 1740 4344 exsultatiOne
1779 4292 2143 4345 exsultabant.

2249 3085 2374 3139 boni
2426 3088 2675 3142 omnibus
2713 3097 2919 3154 auctor,
2954 3090 3336 3144 humanitatem
3396 3103 3542 3144 suam
3598 3085 3796 3141 Divinio

2253 3180 2379 3234 tatis
2407 3182 2544 3236 bono
2578 3183 2853 3252 impertiit.

2326 3289 2344 3322 ι
2386 3270 2450 3326 Ει
2479 3272 2610 3326 dixit
2643 3274 2895 3329 Dominus
2913 3274 2977 3328 ad
3010 3290 3110 3336 me,
3137 3294 3156 3327 ε
3178 3276 3227 3329 id
3255 3285 3337 3329 est
3368 3273 3794 3327 demonstravit:

2257 3384 2276 3414 ι
2305 3362 2469 3417 Sume
2496 3363 2588 3418 tibi
2627 3363 2817 3417 librum
2852 3379 3066 3427 novum,
3098 3352 3350 3434 grandem
3387 3364 3455 3418 '°.
3491 3380 3508 3412 ι
3539 3363 3792 3418 Volumeu

2250 3455 2338 3508 hic
2370 3453 2600 3524 Virginis
2642 3455 2790 3510 alvus
2837 3455 3183 3524 intelligatur.
3219 3455 3348 3510 Nam
3385 3465 3439 3510 ut
3478 3455 3530 3508 itt
3585 3454 3789 3507 tabulas

2249 3547 2385 3600 Mosi
2420 3547 2641 3600 traditas
2671 3549 2911 3601 exaratis
2941 3546 3194 3601 divinitus
3226 3546 3438 3609 litteris,
3470 3544 3789 3611 Decalogum

2251 3641 2389 3695 Deus
2425 3641 2715 3709 inscripsit,
2748 3642 2814 3696 ita
2847 3651 2898 3696 et
2928 3641 2980 3694 in
3018 3643 3256 3711 virgineo
3303 3639 3453 3710 quasi
3505 3639 3770 3692 volumine

2251 3731 2502 3800 perennis
2542 3747 2604 3785 ac
2641 3733 2755 3787 sine
2787 3733 3047 3802 principio
3083 3732 3277 3795 Patris,
3308 3741 3361 3786 et
3406 3742 3488 3785 ter
3531 3745 3608 3784 sat
3633 3729 3704 3783 cti
3735 3742 3794 3780 ac

2250 3822 2444 3878 viviﬁci
2496 3837 2596 3893 ope
2654 3823 2921 3892 Spiritus,
2983 3822 3216 3893 Unigena
3277 3837 3340 3876 ac
3409 3820 3500 3874 Dei
3569 3819 3791 3872 Verbum

2251 3913 2550 3984 descriptus
2607 3923 2688 3968 est
2759 3915 3045 3969 habitator.
3120 3913 3271 3980 Quod
3328 3923 3506 3966 autem
3574 3909 3789 3969 subdit,

2256 4019 2275 4053 ι
2317 4002 2539 4067 Novum,
2572 4004 2848 4071 grandem,
2897 4021 2916 4054 ι
2955 4019 3132 4057 veram
3161 3996 3377 4056 'umbrte
3429 4000 3558 4068 legis
3602 3995 3792 4064 imagi-

2252 4108 2370 4145 nem
2424 4102 2589 4147 notat.
2649 4112 2668 4145 v
2730 4094 2796 4148 Et
2842 4095 3016 4149 scribe
3077 4095 3126 4148 in
3162 4108 3227 4147 eo
3297 4091 3438 4160 stylo
3484 4089 3734 4142 hominis.
3767 4103 3786 4136 ι

2251 4181 2440 4236 Videte
2473 4183 2919 4250 quemadmodum
2957 4181 3207 4250 paulatim
3235 4179 3494 4247 propheta
3533 4189 3789 4230 arcanum

2251 4270 2425 4325 Patris
2478 4272 2757 4325 consilium
2815 4257 3025 4339 prodat.
3063 4289 3081 4322 ι
3129 4270 3317 4333 Sume,
3359 4267 3556 4335 inquit,
3600 4276 3789 4317 novum

595 4375 721 4429 ιιιυο
779 4376 1068 4441 producam
1130 4353 1296 4430 cum"
1364 4377 1566 4441 David;
1624 4379 1802 4447 paravi
1873 4379 2143 4433 lucernam
2175 4353 2225 4414 υ
2250 4361 2505 4430 grandem
2543 4362 2758 4417 librum.
2790 4381 2810 4412 ι
2843 4363 3046 4427 Quibus
3077 4361 3254 4415 verbis
3293 4357 3585 4413 beneﬁcam
3620 4353 3790 4447 Patris

593 4465 810 4518 Clit-isto
870 4480 1006 4519 meo.
1062 4465 1313 4519 Inimicos
1369 4465 1487 4533 ejus
1542 4466 1757 4520 induant
1807 4468 2142 4534 confusione,

597 4571 757 4623 super
789 4555 957 4623 ipsum
1001 4568 1174 4608 autem
1213 4555 1479 4609 elllorebit
1501 4557 1851 4611 sanctiﬁcatio
1873 4573 1990 4612 mea
2019 4559 2085 4612 ".
2117 4578 2136 4611 ι

598 4644 761 4710 llujus
794 4660 920 4713 ergo
963 4647 1207 4714 promissi
1262 4646 1418 4701 linem
1469 4655 1661 4702 notans
1716 4648 1903 4715 Isaias,
1953 4651 2146 4708 domus

599 4735 858 4789 Datvidicm
892 4735 1152 4788 meminit.

663 4826 810 4891 Quod
863 4827 1043 4878 addit:
1086 4844 1103 4876 ‹
1158 4825 1420 4895 Numquid
1473 4844 1655 4896 parum
1694 4830 1844 4886 vobis
1873 4842 1973 4896 est,
2017 4835 2140 4901 quia

593 4918 798 4971 molesti
832 4918 959 4970 estis
1000 4917 1346 4971 hominibus?
1379 4921 1498 4985 quia
1545 4918 1749 4973 molesti
1782 4922 1913 4976 estis
1949 4934 2000 4974 ct
2035 4924 2141 4978 Deo

594 5010 755 5062 meo?
791 5026 809 5058 ι
859 5007 1039 5061 Fidem
1093 5008 1249 5076 hujus
1301 5010 1480 5062 Achaz
1530 5011 1837 5066 collaudatis
1884 5014 2139 5082 propheta

593 5102 699 5153 ait:
729 5119 746 5150 ι
778 5101 1003 5168 Propter
1025 5101 1123 5155 hoc
1146 5099 1293 5154 dabit
1323 5101 1574 5154 Dominus
1595 5102 1707 5171 ipse
1730 5104 1880 5158 vobis
1908 5107 2140 5171 signum.

2249 4459 2314 4512 de
2332 4457 2465 4511 Filio
2488 4457 2814 4511 voluntatem
2836 4455 3114 4524 signiﬁcat.
3142 4471 3165 4504 ο
3183 4451 3247 4506 Ει
3275 4449 3453 4506 scribe
3483 4449 3536 4502 in
3563 4463 3629 4501 eo
3656 4444 3792 4515 stle

2250 4547 2500 4601 hominis.
2533 4565 2552 4598 ι
2581 4546 2746 4611 Quasi
2773 4546 2974 4599 diceret
2997 4529 3017 4599 τ’
3041 4544 3156 4598 Etsi
3183 4542 3274 4597 Dei
3307 4550 3494 4595 natura
3528 4537 3714 4599 Filius,
3740 4543 3791 4588 et

2249 4637 2561 4691 mutationis
2629 4650 2820 4700 expers
2891 4635 3081 4695 Deus.
3155 4630 3476 4694 inconfuse,
3552 4629 3790 4695 citraque

2249 4735 2523 4794 peccatum
2561 4723 2826 4792 prfectus
2858 4723 3018 4778 homo
3065 4722 3224 4777 etiam
3259 4735 3511 4775 nascerer
3547 4735 3562 4772 :
3599 4716 3792 4786 quippe

2250 4817 2537 4870 humanam
2592 4817 2820 4884 speciem
2870 4830 2964 4884 per
3009 4817 3301 4870 humanum
3355 4812 3548 4883 stylum
3596 4805 3786 4868 innuit.

2250 4903 2384 4967 Quid
2411 4904 2479 4956 ita
2503 4904 2525 4956 ?
2562 4921 2579 4954 ι
2613 4904 2876 4957 Velociter
2896 4902 3062 4972 spolia
3091 4901 3336 4965 detrahe,
3358 4902 3467 4954 cito
3492 4897 3785 4965 ιιι-πάθη.»

2250 4999 2327 5050 Eo
2396 4998 2537 5050 dicto
2604 4999 2818 5052 Davidis
2876 4999 3068 5051 lterum
3127 4997 3291 5052 verba
3345 4994 3411 5047 ad
3476 4990 3788 5065 memoriam

2249 5099 2506 5142 revocat:
2551 5108 2567 5140 ι
2609 5090 2907 5144 Ascendisti
2963 5089 3014 5143 in
3060 5089 3248 5148 altum,
3283 5084 3469 5153 cepisti
3507 5080 3790 5148 captivita-

595 5192 726 5244 licce
760 5193 907 5259 virgo
935 5181 1214 5259 concipiet,
1246 5201 1296 5244 et
1333 5191 1505 5259 pariet
1547 5192 1733 5260 lilium,
1771 5205 1825 5248 et
1867 5198 2147 5252 vocabitur

2255 5189 2346 5233 tem
2374 5180 2441 5232 ⁹¹.
2483 5199 2500 5231 ›
2542 5181 2848 5246 Enimvero,
2887 5201 2906 5232 ι
2952 5180 3155 5241 Altum,
3181 5197 3202 5231 ι
3233 5191 3448 5232 crucem
3501 5171 3787 5241 intelligit;

597 5296 785 5333 nomen
818 5282 934 5350 ejus
984 5282 1316 5337 Emmanuel.
1354 5301 1371 5333 ι
1408 5282 1465 5336 Ei
1502 5282 1666 5347 dicto,
1705 5302 1724 5335 ι
1764 5284 1924 5341 Dabit
1962 5287 2143 5342 Domi-

599 5388 691 5425 ‘tus
724 5371 836 5440 ipse
868 5373 1021 5425 vobis
1048 5372 1280 5440 signum,
1318 5392 1336 5424 ι
1377 5371 1640 5442 subjecit:
1682 5391 1702 5424 ι
1736 5372 1872 5430 Ecce
1903 5376 2084 5445 Virgo,
2115 5397 2133 5430 ι

660 5581 704 5610 ⁸¹
740 5579 881 5632 Psal.
932 5597 995 5633 xx
1027 5621 1038 5637 .
1082 5579 1252 5642 9.10.
1331 5580 1376 5611 ⁸³
1421 5579 1519 5634 lsa.
1557 5595 1662 5642 vtt,
1707 5581 1792 5634 12.
1866 5581 1914 5612 ⁸³
1961 5580 2095 5634 Pani.
2143 5596 2327 5645 cxxxt,
2381 5581 2559 5634 ll-l8.
2635 5583 2680 5614 "
2721 5582 2857 5639 Psal.
2887 5598 2978 5643 xx,
3028 5581 3083 5635 5.

2240 5277 2476 5342 captivos
2523 5278 2800 5337 abductos.
2839 5276 2960 5331 Orci
2997 5276 3415 5337 demolitionem,
3449 5281 3501 5324 et
3524 5270 3638 5340 jam
3663 5267 3787 5322 olim

2238 5363 2572 5432 captivorum
2666 5367 3105 5438 redemptionem.

3191 5364 3518 5421 Ostensurus
3611 5367 3788 5413 autem

3157 5582 3205 5613 “
3240 5581 3381 5637 Psal.
3433 5594 3621 5637 cxvnt.
3670 5575 3784 5632 103-

595 5653 633 5676 ³⁷
669 5651 787 5710 Isal.
832 5667 920 5713 vu,
962 5651 1041 5701 l5.
1117 5651 1160 5680 "
1197 5649 1363 5702 E\0d.
1400 5665 1514 5711 xm.
1553 5652 1614 5714 2;
1653 5650 1782 5704 Luc.
1820 5666 1878 5715 ll,
1906 5650 1993 5705 25.
2070 5651 2112 5681 ⁸⁹
2145 5649 2151 5702 i

2280 5665 2392 5716 LIII,
2423 5652 2476 5716 9,
2515 5652 2595 5707 l2.
2670 5654 2715 5685 ὀ
2745 5650 2846 5708 lsa.
2877 5667 2994 5719 vttt,
3019 5651 3068 5705 ‘l.
3144 5653 3187 5683 “
3211 5649 3354 5708 Psal.
3380 5665 3546 5715 mn,
3576 5647 3664 5702 ω.
