3952 6328
177 306 270 372 857

1231 320 1617 384 DlALOGUS
1646 324 1945 392 CONTRA
1976 334 2305 406 JUDriiOS.

3266 340 3374 404 858

172 413 419 518 ινφριιθιξ
467 414 742 523 ἀςοτθίιιηι
796 418 1148 523 irrif'ocabile
1175 463 1191 490 ο
1245 427 1432 482 addit:
1487 446 1506 480 ι
1543 429 1707 484 Αάθδί
1738 436 1784 496 Δ
1811 450 1958 508 sunt,
1992 459 2113 514 qua:
2147 447 2346 506 Christi
2394 452 2611 507 nomine
2639 467 2741 506 non
2766 437 3081 518 gloriantur.
3117 472 3134 504 ε
3160 450 3373 523 Audin»,

171 505 320 560 enim.
357 521 377 556 ι
406 506 460 560 in
506 507 644 564 hanc
668 512 988 567 sententiam
1014 531 1028 569 :
1063 512 1163 578 Ne,
1192 519 1443 584 quoniam
1474 519 1709 580 futurum

169 601 258 658 est,
288 595 354 649 de
383 610 441 649 re
467 596 694 652 diuisum
737 601 843 667 ito;
875 604 1157 671 namﬁtuibi
1199 607 1412 674 quidem
1446 609 1581 663 Deus
1610 609 1712 665 hoc

169 683 231 737 ita
264 685 576 751 declaravit,
608 699 857 758 tanquam
900 694 1041 763 quod
1071 698 1242 758 adest,
1276 699 1326 751 id
1366 708 1470 763 est,
1509 699 1708 754 factum

165 782 258 829 est.
290 791 311 828 ο
343 774 531 831 Testes
578 780 775 836 adhibe
828 785 956 837 tnihi
1018 785 1163 840 viros
1209 787 1408 842 lideles.
1449 807 1469 840 ι
1517 787 1710 846 Testes

164 865 265 930 hic,
296 880 399 921 non
433 870 523 936 qui
566 886 678 925 rem
722 872 855 928 adeo
888 884 1246 938 testarentur,
1294 881 1384 932 sed
1431 881 1521 948 qui
1559 883 1705 936 testi-

163 955 293 1011 beati
342 960 658 1028 sanguinem
715 963 1090 1028 etfunderent,
1140 969 1414 1030 existima,
1447 989 1464 1021 t
1520 970 1701 1025 Uriam

161 1047 527 1113 sacerdotem,
590 1061 645 1105 et
696 1051 1011 1109 Zachariam
1084 1057 1250 1111 tilium
1325 1059 1620 1115 Barachize.
1677 1082 1697 1114 s

159 1130 457 1202 Zacharias,
506 1139 557 1193 in
610 1142 914 1209 praseutia,
948 1160 1054 1200 non
1111 1145 1434 1203 Elisabethte
1473 1155 1698 1206 maritus

159 1233 239 1280 est
263 1228 582 1295 credendus,
614 1231 708 1287 sed
752 1232 888 1287 alius
936 1232 1178 1291 Ezechiae
1214 1248 1552 1307 tempestate.
1598 1243 1700 1294 lix-

158 1316 289 1372 stitit
338 1317 481 1372 enim
534 1332 660 1377 ante
714 1321 1001 1380 Esecbiam
1060 1343 1149 1383 rex
1204 1329 1419 1399 impius,
1480 1334 1697 1388 Davidis

157 1403 365 1471 stirpem
409 1419 629 1480 propter
656 1412 786 1467 inita
833 1431 954 1469 eum
997 1431 1061 1472 eo
1103 1419 1356 1474 divinitus
1408 1424 1692 1487 promiSSa,

157 1492 323 1549 delere
365 1499 620 1557 studens:
671 1518 776 1570 quo
824 1513 1065 1575 tempore
1109 1509 1262 1565 Urias
1308 1522 1362 1566 et
1403 1512 1694 1570 Zacharias

155 1584 286 1640 nacti
315 1602 478 1642 unum
513 1590 778 1649 Davidica:
807 1596 1012 1666 stirpis,
1059 1604 1198 1668 quod
1247 1593 1431 1657 semen
1480 1606 1692 1659 Davidis

154 1686 415 1744 superstes
445 1682 659 1749 vellent,
708 1684 841 1739 clam
873 1703 997 1742 eum
1046 1691 1373 1749 habuerunt.
1415 1695 1528 1758 Quo
1569 1711 1687 1766 post

152 1779 452 1837 comperto,
508 1771 597 1828 ille
662 1790 754 1830 eos
835 1789 1127 1850 martyrum
1197 1785 1361 1839 choro
1422 1767 1763 1843 laureatosB

150 1858 362 1915 addidit.
429 1859 718 1921 Historiam
783 1883 847 1922 ex
909 1869 1110 1940 iiegutn
1177 1874 1314 1931 libro
1387 1881 1690 1934 accuratius

151 1962 399 2018 cognosce
446 1957 515 2011 ".
575 1975 593 2009 t
644 1957 711 2013 Et
765 1965 964 2017 accessi
1027 1964 1093 2019 ad
1147 1968 1580 2037 prophetissam,
1635 1982 1689 2048 et

151 2045 398 2113 concepit,
438 2049 502 2102 'et
545 2052 752 2119 peperit
782 2052 970 2109 lilium.
1006 2073 1024 2106 ι
1062 2056 1231 2122 Quam
1280 2062 1512 2130 appellat
1560 2045 1687 2116 vero

149 2135 563 2203 prophetissam?
586 2138 861 2213 Virginem
883 2161 944 2199 ac
973 2145 1279 2216 Deiparam,
1303 2165 1420 2219 qua:
1447 2153 1642 2206 cecinit
1665 2169 1678 2206 :

155 2239 174 2275 ι
222 2223 354 2281 Ecce
410 2229 560 2283 enim
611 2246 671 2284 ex
731 2233 829 2287 hoc
882 2236 1093 2289 beatam
1146 2253 1231 2290 me
1276 2240 1454 2294 dicent
1497 2255 1683 2295 omnes

149 2316 546 2382 generationes:
587 2323 714 2389 quia
753 2320 883 2378 fecit
921 2327 1050 2379 mihi
1084 2305 1294 2395 magna,
1332 2330 1421 2398 qui
1468 2341 1679 2400 potens,

145 2414 198 2459 et
226 2419 454 2465 sanctum
503 2428 695 2468 nomen
727 2416 843 2483 ejus
872 2419 942 2472 ".
984 2439 1002 2472 ι
1049 2420 1185 2475 Ecce
1225 2433 1403 2477 autem
1442 2425 1683 2479 certissi-

147 2512 276 2552 tttuut
310 2505 518 2558 vatem!
547 2503 718 2574 Supra
755 2511 965 2578 inquit:
994 2530 1013 2563 t
1048 2511 1184 2566 Ecce
1219 2516 1368 2583 virgo
1393 2516 1679 2584 concipiet,

142 2593 194 2640 et
235 2590 396 2655 pariet
446 2591 632 2662 lilium,
675 2615 693 2648 ι
723 2599 877 2666 paulo
901 2602 1153 2668 postait:
1196 2620 1215 2654 t
1248 2615 1300 2657 et
1332 2609 1599 2674 concepit,
1629 2618 1681 2660 et
1741 2598 1751 2609 ”

146 2681 332 2748 peperit
361 2682 523 2736 ilium
546 2701 593 2751 ;›
629 2685 947 2754 Quomodo?
975 2693 1083 2747 illic
1103 2697 1316 2749 omnino
1338 2705 1395 2750 ut
1421 2696 1677 2763 futurum,

145 2766 223 2822 hic
242 2780 296 2822 ut
323 2781 578 2828 certuum
605 2779 822 2835 Accessi
847 2782 912 2834 ad
941 2784 1351 2850 prophetissam.
1376 2785 1516 2841 tHoc
1537 2787 1681 2841 velut

142 2854 203 2908 ab
217 2859 525 2930 archangeio
544 2863 794 2922 Gabriele
812 2872 876 2922 ad
900 2869 1168 2940 Virginem
1190 2876 1388 2928 dictum
1409 2875 1674 2946 intelligc';

143 2957 251 2997 nam
278 2953 544 3017 extemplo
581 2955 646 3005 ad
673 2955 791 3023 ejus
833 2961 1074 3014 uuntiutn
1107 2961 1380 3029 explorate
1408 2961 1678 3032 virgineus

139 3042 411 3105 conceptus
439 3036 611 3092 fuerat
642 3051 882 3096 secutus.

205 3136 224 3171 t
251 3120 316 3210 Et
343 3123 478 3179 dixit
507 3125 764 3186 Dominus
799 3134 864 3187 ad
898 3147 1020 3187 tne:
1057 3135 1196 3191 Voca
1230 3154 1424 3193 nomen
1462 3140 1617 3210 ejus;
1646 3160 1666 3194 ι

137 3217 217 3262 aut
256 3208 569 3282 Christum,
628 3221 768 3286 quod
827 3220 1025 3277 Judreis
1078 3237 1294 3281 unctum
1351 3208 1537 3295 notat;
1579 3241 1673 3284 aut

138 3295 461 3369 Emmanuel,
503 3309 643 3376 quod
694 3312 912 3380 perinde
959 3324 1060 3378 est,
1101 3332 1163 3369 ac
1204 3319 1247 3371 si
1277 3318 1446 3384 dicas,
1477 3318 1672 3372 Nobis-
1721 3317 1723 3319 ’

137 3403 238 3444 cum
278 3392 434 3462 Deus,
471 3391 564 3453 aut
611 3399 810 3469 Jesum,
860 3405 997 3472 quod
1042 3404 1202 3460 Salus
1255 3409 1516 3462 redditur.
1547 3408 1671 3463 llaec

136 3480 272 3534 enim
295 3488 511 3539 nomina
546 3489 826 3560 utramque
856 3495 1055 3550 Christi
1093 3508 1338 3552 naturam
1369 3515 1667 3568 reprzeseu-

137 3574 253 3622 tam.
301 3570 404 3624 Sed
458 3589 576 3641 qua:
625 3590 923 3645 sequuntur
975 3591 1320 3637 scrutemur:
1358 3604 1376 3636 ε
1410 3585 1665 3641 Accelera

133 3656 285 3723 spolia
331 3660 650 3718 detrahere:
681 3665 892 3722 Festina
926 3673 1182 3739 pradare.
1213 3690 1231 3724 ι
1266 3672 1375 3727 Hoc
1394 3678 1665 3740 pernicem

136 3744 406 3806 Salvatoris
467 3756 573 3808 vim
633 3759 889 3814 declarat.
935 3763 1108 3831 Atque
1191 3765 1242 3818 id
1277 3781 1460 3820 verum
1521 3769 1664 3833 eSse,

133 3837 231 3907 ipse
273 3844 407 3898 adeo
459 3857 609 3902 vates
683 3852 879 3905 nodum
929 3854 1247 3920 dissolvens,
1303 3858 1416 3910 ait:
1458 3875 1476 3908 α
1529 3858 1664 3923 Quia

132 3943 393 4002 antequam
448 3938 580 3991 sciat
640 3956 770 4008 puer
843 3958 1038 3997 vocare
1127 3955 1332 4013 patrem
1398 3965 1554 4002 suum
1611 3961 1667 4004 et

134 4037 341 4081 matrem
394 4044 568 4095 suam,
623 4035 850 4102 accipiet
909 4035 1276 4091 fortitudinem
1331 4038 1603 4095 Damasci.
1638 4059 1657 4090 ι

137 4118 301 4178 Videte
347 4129 619 4194 propheta:
656 4144 818 4200 super
861 4147 1024 4201 puero
1071 4144 1380 4188 accuratam
1433 4134 1662 4203 diligen-

133 4211 240 4268 tiam
265 4231 282 4270 :
312 4216 575 4286 siquidem
622 4237 726 4274 non
763 4222 918 4285 dixit,
947 4223 1258 4292 Priusquam
1298 4226 1460 4279 sciret
1501 4226 1658 4279 Chri-

129 4312 246 4370 stus,
297 4319 393 4363 aut
441 4306 626 4375 Jesus,
673 4319 763 4365 aut
813 4313 1146 4380 Emmanuel,
1204 4331 1322 4384 quae
1375 4327 1660 4383 utrumque

1817 536 2083 593 universa:
2118 542 2298 610 procul
2332 554 2511 598 terra‘.
2549 563 2567 595 ι
2599 543 2666 599 iis
2720 544 2876 598 Verbi
2916 545 3005 610 Dei
3062 545 3125 598 ad
3170 545 3372 612 inferos

1812 627 2153 695 descensum,
2181 639 2233 685 et
2265 634 2558 701 evangelici
2593 635 2843 702 praeconii
2876 634 3140 703 significat
3176 650 3368 703 propav

1809 717 2079 782 gationem
2107 737 2122 785 ;
2160 723 2226 775 ita
2251 723 2391 775 enim
2423 735 2473 776 et
2501 724 2755 779 Servatur
2791 740 2939 778 meus
2990 727 3039 778 in
3077 724 3367 793 EVangeiio

1813 805 2085 872 loquitur:
2126 829 2145 860 ι
2183 811 2567 868 Ρηιξάὶοειήιω·
2607 815 2710 869 hoc
2748 815 3094 884 Evangelium
3131 816 3277 884 regni
3312 817 3364 868 in

1813 899 2063 954 universo
2095 902 2224 956 orbe
2270 905 2321 957 itt
2359 906 2720 960 testimonium
2773 908 3022 960 omnibus
3067 909 3362 976 gentibus:
3431 917 3437 924 '

1805 995 1858 1040 et
1896 998 2020 1043 tunc
2050 995 2229 1047 veniet
2257 1000 2652 1052 consummatio
2672 999 2737 1053 ".
2765 1017 2782 1050 ι
2815 1029 2881 1040 -
2913 1019 2931 1050 σ
2966 997 3358 1052 Confortamini

1802 1089 1855 1130 et
1889 1081 2185 1137 vincimini.
2225 1103 2240 1135 ι
2279 1086 2576 1154 Βιρηιοηοε,
2617 1089 2813 1156 inquit,
2841 1091 2930 1158 qui
2961 1090 3012 1144 itt
3051 1105 3149 1143 nos
3186 1089 3362 1142 homi-

1803 1183 1898 1222 nes
1947 1182 2263 1237 potestatem
2297 1179 2563 1231 exercetis
2604 1179 2672 1250 pb
2718 1195 3015 1248 peccatum,
3056 1187 3361 1248 proﬂigant-

1801 1259 1927 1314 mini
1971 1263 2088 1329 ejus
2118 1265 2342 1328 viribus,
2384 1269 2472 1335 qui
2525 1285 2620 1335 pro
2682 1272 2834 1326 nobis
2885 1271 3195 1323 incarnatus
3248 1280 3353 1326 est.

1797 1352 1950 1416 Quod
1997 1355 2186 1409 iterum
2250 1359 2372 1411 victi
2413 1361 2741 1430 conﬂigatis,
2775 1374 2832 1416 ut
2887 1365 3017 1416 estis
3069 1361 3355 1432 impuden-

1797 1442 2023 1510 tissitui;
2081 1454 2135 1499 at
2196 1447 2390 1501 iterum
2458 1451 2690 1518 denique
2757 1450 3201 1521 proﬂigabimini,
3258 1467 3356 1521 per

1793 1530 1989 1585 Christi
2032 1539 2479 1595 resurrectionem
2527 1543 2805 1611 prostrati.
2859 1543 2990 1596 Nam
3039 1543 3256 1597 Christo
3297 1543 3350 1596 in

1793 1621 1955 1674 vitam
1989 1625 2255 1688 restituto,
2296 1645 2398 1682 non
2423 1629 2536 1696 jam
2565 1633 2812 1701 deinceps
2850 1649 2992 1686 mors
3017 1633 3342 1697 dominatur,

1793 1719 1846 1763 et
1894 1725 2176 1779 prostrata:
2209 1718 2510 1774 dazmouum
2548 1724 2714 1790 copia:
2762 1735 2906 1778 sunt.
2942 1723 3123 1778 Potest
3170 1735 3349 1778 autem

1793 1800 1842 1853 id
1869 1816 2082 1872 quoque
2108 1805 2176 1860 de
2214 1811 2568 1865 sensibilibus
2603 1816 2850 1882 gentibus
2883 1816 2958 1867 sic
3003 1817 3193 1883 accipi,
3219 1814 3345 1883 quin

1789 1899 1840 1942 et
1882 1894 1946 1944 ad
1985 1893 2255 1949 Christum
2310 1899 2520 1962 referri,
2568 1918 2724 1971 quem
2769 1919 2929 1972 sarpe,
2967 1917 3025 1958 ut
3075 1905 3344 1959 hominem

1790 1984 2012 2051 petitum
2048 1986 2292 2043 diabolus
2324 1993 2539 2047 tandem
2561 1987 2741 2047 'Deum
2773 2004 2982 2056 nactus,
3015 1995 3268 2070 concidit.

1856 2073 1991 2130 lnite
2043 2078 2326 2134 consilium
2389 2085 2728 2150 quantumvis
2790 2095 2975 2139 contra
3027 2083 3339 2140 Christum:

1786 2170 2132 2233 quantumvis
2189 2172 2329 2224 enim
2387 2188 2608 2228 avarum
2659 2174 2850 2230 Jttdam
2910 2177 3171 2244 aggressi,
3217 2189 3340 2229 cuttt

1786 2259 2161 2325 arrogantibus
2204 2277 2267 2315 ac
2300 2266 2550 2332 superbis
2600 2267 2790 2320 scribis
2841 2274 2892 2318 et
2943 2265 3340 2334 legeconsuitis,

1785 2350 2128 2414 quantumvis
2167 2368 2288 2406 cum
2334 2356 2487 2407 Anna
2525 2366 2578 2409 et
2606 2356 2825 2424 Caipha,
2861 2356 3096 2411 scelestis
3126 2353 3340 2422 pontili-

1784 2434 2031 2490 cibusac
2065 2438 2296 2508 denique
2329 2459 2448 2496 eum
2477 2445 2680 2498 llerode
2714 2459 2766 2498 et
2795 2445 2983 2508 Pilato,
3029 2443 3206 2498 ell‘eris
3249 2454 3335 2496 at-

1784 2540 1888 2593 que
1933 2526 2242 2585 inhumanis
2290 2535 2619 2603 principibus
2664 2536 3004 2603 rouspiretis,
3048 2535 3336 2588 consilium

1787 2627 2020 2670 vestrum
2051 2619 2309 2675 Dominus
2347 2622 2486 2676 Deus
2517 2624 2788 2687 dissolvet,
2823 2625 2872 2677 id
2915 2634 3020 2688 est,
3053 2623 3339 2677 l’rustrabi-

1786 2715 1891 2771 tur,
1920 2717 1973 2758 et
2006 2708 2323 2776 impotentes
2347 2726 2411 2764 ac
2441 2713 2704 2767 invalidos
2727 2727 2820 2767 vos
2845 2713 3112 2767 ostendet.
3145 2731 3164 2763 t
3198 2711 3338 2765 Con-

1781 2795 1958 2849 silium
1990 2796 2338 2866 dissipabitur
2362 2819 2376 2856 :
2401 2802 2675 2870 loquimini
2703 2803 2940 2867 verbum,
2961 2813 3013 2857 et
3042 2817 3151 2856 non
3182 2803 3285 2876 lict,
3305 2819 3324 2854 ι

1781 2884 1836 2938 id
1885 2888 2042 2954 quale
2089 2889 2187 2954 sit,
2237 2891 2375 2944 scire
2431 2901 2670 2958 aventes,
2704 2892 2979 2946 Mattheus
3018 2892 3332 2961 publicanus

1780 2975 2012 3039 docebit,
2043 2978 2196 3045 cujus
2225 2974 2263 3034 ἑ
2301 2996 2456 3035 sacro
2501 2982 2788 3052 Evangelia
2818 2983 2930 3036 haec
2968 2993 3096 3036 sunt
3123 2983 3283 3035 verba
3311 2999 3326 3034 :

1703 3080 1745 3138 ο
1783 3085 1802 3118 ‹
1842 3067 2020 3121 Altera
2058 3080 2235 3124 autem
2269 3072 2371 3135 die,
2410 3087 2529 3140 qua:
2559 3083 2642 3127 est
2675 3082 2790 3141 post
2812 3073 3164 3137 Parasceveu,
3200 3086 3332 3127 con-

1779 3169 2042 3212 venerunt
2095 3161 2362 3229 principes
2421 3163 2786 3227 sacerdotum,
2835 3171 2890 3215 et
2945 3161 3201 3216 Pharismi
3259 3160 3327 3214 ad

1774 3246 2026 3314 Pilatum,
2059 3249 2339 3304 dicentes:
2375 3253 2614 3317 Domine,
2651 3251 2918 3307 recordati
2963 3266 3166 3311 sumus,
3206 3248 3329 3317 quia

1771 3339 2022 3394 seductor
2058 3342 2144 3396 ille
2197 3343 2331 3398 dixit
2383 3345 2558 3399 adhuc
2611 3345 2844 3399 vivens:
2888 3342 3014 3396 Post
3064 3352 3171 3396 tres
3211 3340 3328 3394 dies

1771 3445 2068 3500 resurgam.
2098 3432 2234 3486 Jube
2267 3445 2395 3501 ergo
2423 3435 2683 3488 custodiri
2732 3435 3037 3501 sepulcrum
3074 3447 3241 3498 usque
3273 3431 3324 3512 in

1770 3520 1909 3572 diem
1952 3524 2189 3588 tertium,
2221 3539 2284 3578 ne
2346 3525 2482 3579 forte
2532 3526 2750 3579 veniant
2798 3524 3042 3594 discipuli
3092 3523 3229 3591 ejus,
3269 3528 3324 3573 et

1769 3612 2016 3667 furentur
2076 3631 2194 3668 eum
2220 3656 2235 3679 ,
2265 3627 2318 3670 et
2369 3618 2548 3672 dicant
2603 3618 2783 3687 plebi:
2821 3617 3067 3671 Surrexit
3105 3632 3133 3668 a
3179 3623 3325 3668 mor-

1769 3703 1916 3756 tuis:
1963 3713 2016 3757 ct
2068 3706 2168 3756 erit
2218 3705 2539 3762 novissimus
2592 3723 2744 3762 error
2791 3707 2941 3776 pejor
2991 3707 3165 3775 priore
3192 3704 3258 3756 ⁸⁵.
3297 3719 3317 3752 r

1768 3791 1879 3846 Hoc
1914 3794 2073 3863 igitur
2115 3797 2396 3849 consilium
2444 3806 2496 3850 et
2545 3799 2818 3852 decretum
2864 3798 2999 3850 Deus
3044 3792 3319 3849 dissolvet.

1766 3884 2042 3953 Siquidem
2079 3903 2097 3934 ‹
2135 3883 2421 3939 Nobiscum
2471 3888 2628 3942 Deus.
2662 3907 2679 3939 ι
2717 3886 3003 3941 Nobiscum
3053 3886 3193 3939 Deus
3236 3894 3322 3936 est

1764 3973 1831 4027 ab
1891 3973 2198 4027 Abrahamo
2250 3990 2345 4045 per
2402 3979 2708 4044 prophetas,
2756 3992 2920 4046 usque.
2972 3977 3035 4028 ad
3088 3976 3317 4030 Cmsaris

1764 4064 1984 4131 Augusti
2033 4078 2292 4126 censum;
2332 4066 2605 4120 nobiscum
2640 4073 2720 4120 est
2747 4067 2800 4121 in
2846 4074 3117 4132 assumpta
3143 4071 3312 4119 ’carne

1763 4165 2108 4212 c0nversans,
2143 4168 2313 4221 usque
2343 4156 2408 4206 ad
2442 4156 2753 4208 descensum
2799 4170 2864 4207 ac
2913 4168 3212 4223 regressum
3248 4166 3312 4204 ex

1764 4239 1986 4296 inferis:
2020 4243 2298 4297 nobiseum
2332 4260 2499 4312 usque
2524 4243 2589 4298 ad
2611 4245 2923 4298 saeculorum
2950 4246 3127 4306 linem,
3158 4252 3316 4311 atque

1764 4335 1817 4387 in
1845 4349 2053 4388 omnem
2078 4336 2502 4405 perpetuitatem.
2543 4335 2656 4390 Hoc
2690 4337 2832 4388 enim
2879 4334 3144 4401 signiﬁcat
3177 4343 3255 4385 ter
3283 4347 3312 4385 a

131 4405 328 4463 notant;
362 4399 476 4464 sed,
514 4416 532 4450 t
585 4400 759 4467 Puer;
799 4421 817 4454 ι
870 4419 989 4457 nam
1041 4406 1331 4458 secundum
1383 4417 1654 4473 expertem

1779 4415 2016 4493 tropheta
2051 4392 2403 4492 usurpatum:
2437 4444 2454 4475 t
2486 4425 2793 4480 Nobiscum.
2831 4444 2850 4476 ι
2885 4424 3083 4477 Scitote
3104 4432 3310 4490 gentes,

127 4489 362 4554 temporis
422 4500 687 4552 naturam,
735 4503 816 4546 est
876 4495 1010 4547 Deus
1079 4496 1265 4558 fortis,
1333 4506 1652 4564 praepotens,

128 4572 366 4648 Princeps
398 4581 566 4650 pacis,
599 4581 756 4636 Pater
787 4586 885 4638 sevi
919 4585 1082 4638 futuri
1114 4604 1128 4639 :
1175 4590 1463 4640 secundum
1515 4597 1652 4641 tetu-

124 4670 362 4735 poralem,
412 4682 571 4727 natus
604 4690 668 4728 ex
721 4675 932 4741 Virgine
1001 4676 1160 4740 Puer,
1208 4676 1449 4730 Damasci
1499 4692 1651 4743 Opes,

127 4758 471 4834 Samariaqne
503 4766 670 4833 spolia
724 4767 937 4834 recipiet
967 4767 1034 4819 ab
1066 4767 1294 4837 Assyria:
1324 4782 1468 4836 rege.
1498 4767 1648 4831 Quod

123 4853 455 4920 comprobans
473 4865 642 4917 vates,
672 4857 850 4908 addltt
869 4854 1153 4908 Nobiscum
1186 4858 1319 4910 Deus
1344 4876 1356 4911 :
1390 4876 1406 4907 ι
1430 4855 1647 4911 ὃοίιίιθι

123 4945 593 5009 supratemporalis,
638 4955 690 4997 et
727 4948 1059 5013 omnipotens
1094 4948 1258 5010 Deus;
1292 4963 1408 5000 cum
1436 4962 1646 5014 semper

126 5027 534 5099 Virgiue‘uaria,
557 5050 619 5088 ac
655 5051 747 5105 per
767 5051 881 5090 eam
910 5037 1206 5090 nobiscum.
1242 5057 1260 5089 t
1289 5038 1640 5103 Quamobrem

121 5121 291 5176 scitote
323 5137 528 5192 gentes,
556 5136 608 5179 et
639 5126 927 5179 vineimini.
965 5144 982 5176 ι
1023 5126 1219 5181 Gentes
1250 5128 1497 5195 appellat,
1533 5143 1639 5182 non

121 5225 217 5278 qua
249 5216 516 5271 Cltris‘tum
552 5223 798 5278 adorant,
829 5227 990 5286 atque
1025 5232 1366 5281 venerantur,
1393 5230 1446 5273 et
1476 5220 1639 5274 Deum

121 5307 421 5359 conﬁtentur
485 5323 548 5362 ac
617 5308 1029 5371 concelebrant,
1082 5324 1206 5377 quas
1262 5326 1326 5364 ex
1395 5314 1642 5378 gentibus

120 5391 335 5452 Ecclesia
386 5409 488 5463 est,
541 5401 629 5452 sed
665 5413 782 5467 qua:
823 5399 875 5451 in
923 5399 1181 5452 idolorum
1217 5400 1389 5455 cultus
1436 5402 1639 5454 scelere

119 5497 428 5547 Permane-nl.
485 5491 612 5542 Nam
672 5505 747 5543 ea:
796 5491 1004 5542 demunt
1060 5490 1402 5560 proﬂiganda:
1451 5504 1637 5561 gentes

169 5655 208 5686 "
236 5655 280 5709 ii
312 5654 399 5708 Par
422 5647 425 5650 ’
449 5666 477 5710 l.
516 5674 640 5711 ιλιι·
663 5677 676 5723 ;
703 5671 755 5740 et
787 5661 852 5714 ιν
883 5662 1008 5730 Reg.
1039 5677 1112 5715 ιι.

1212 5663 1256 5695 ⁸³
1280 5665 1392 5718 Luc
1444 5681 1482 5731 ι,
1514 5667 1602 5735 48,
1630 5671 1716 5730 i9.

1756 4517 1897 4584 quod
1927 4517 2201 4570 nobiscum
2236 4516 2374 4570 Deus
2403 4526 2486 4570 est
2511 4536 2525 4570 :
2563 4517 2807 4582 «Audite,
2839 4517 3098 4568 universae
3124 4513 3307 4582 procul

1758 4615 1934 4670 terrae,
1970 4607 2095 4674 quia
2127 4607 2401 4661 nobiscum
2436 4607 2569 4660 Deus
2601 4619 2722 4670 est;
2764 4606 3304 4674 quuiminiverhutn,

1758 4703 1812 4748 et
1839 4711 1942 4749 non
1974 4696 2081 4759 lict,
2117 4698 2238 4766 quia
2272 4696 2556 4751 Nobiscum
2591 4697 2748 4752 Deus.
2785 4715 2803 4746 ι

1830 4784 1966 4850 Quid
1995 4787 2238 4854 agimus?
2271 4787 2505 4841 haeccine
2534 4789 2797 4856 disputata
2831 4787 3084 4839 hactenus
3113 4784 3178 4837 de
3212 4781 3304 4837 Dei

1753 4874 1872 4928 Filii
1906 4877 2268 4931 incarnatione
2301 4879 2432 4933 satis
2459 4888 2604 4942 sunt,
2631 4894 2696 4931 an
2721 4879 2869 4946 plura
2899 4891 3109 4944 quoque
3141 4876 3303 4930 vultis

1730 4966 2350 5023 .disseratn?Enimvero
2378 4984 2548 5038 neque
2569 4985 2665 5039 ego
2691 4972 2836 5038 plura
2862 4969 3054 5020 addere
3079 4969 3298 5032 possim,

1751 5065 1849 5106 nec
1886 5066 1979 5106 vos
2017 5055 2275 5120 accipere.
2309 5055 2446 5120 Quin
2485 5058 2731 5109 adderem
2776 5055 2951 5122 plura,
2986 5057 3027 5110 si
3063 5057 3298 5120 ιΙὶεριιιτι-

1753 5139 1887 5192 tioni
1936 5140 2176 5196 addictos
2230 5157 2524 5197 cernerem.
2572 5144 2675 5196 Sed
2738 5146 2989 5212 quoniam
3038 5143 3295 5196 orationis

1751 5230 1970 5282 satietas
1998 5229 2208 5284 inimica
2236 5243 2338 5298 est,
2365 5248 2470 5286 non
2489 5233 2807 5293 dicentibus,
2830 5233 2917 5286 sed
2938 5232 3288 5296 auditoribus,

1748 5318 2010 5382 suﬂicere,
2033 5320 2239 5385 opinor,
2272 5337 2390 5388 qua:
2422 5321 2691 5374 diximus:
2727 5341 2745 5371 ε
2781 5322 2854 5373 Ne
2883 5323 3018 5374 ultra
3053 5320 3280 5384 Gades,s

1747 5408 1885 5474 quod
1936 5408 2106 5473 aiunt,
2155 5407 2396 5472 trajicere
2445 5423 2718 5462 conemur.
2763 5409 2926 5476 igitur
2964 5412 3030 5463 ad
3077 5411 3176 5463 alia
3209 5421 3290 5464 cst

1747 5502 2146 5553 transeundum.

1797 5674 1842 5706 ’³
1873 5671 2056 5725 Matth.
2090 5687 2236 5744 xstv,
2261 5672 2350 5727 2i.
2426 5675 2472 5704 "
2506 5673 2693 5728 Matth.
2734 5691 2908 5742 xxvtt,
2933 5675 3023 5743 9.6,
3052 5674 3146 5732 65.
