3952 6328
583 257 695 322 859

1094 364 1318 421 CAPUT
1359 361 1623 417 XXXVII.

617 479 784 535 Deum
810 479 1068 534 hominem
1096 479 1212 546 fieri
1244 477 1486 538 uoluisse,
1513 487 1561 528 et
1589 475 1651 527 de
1674 473 1831 538 stirpe
1866 471 2098 526 Doridis.

655 591 776 645 Jun.
831 589 1204 643 Descenderit!
1238 603 1370 642 sane
1425 587 1636 641 caelitus
1699 585 1790 639 Dei
1843 582 2030 650 Filius,
2089 593 2140 639 et

587 679 858 733 incarnari
918 677 1272 742 sustinuerit;
1342 677 1482 744 unde
1541 683 1718 727 autem
1784 683 2022 738 constat,
2073 687 2136 724 ex

588 765 983 822 Abrahami'et
1037 765 1254 820 Davidis
1301 765 1503 818 semine
1553 763 1826 816 hominem
1881 760 1992 813 ﬁcri
2051 774 2142 812 νου

589 856 752 909 luisse
774 857 797 910 ‘i

660 948 880 1004 Cuntsr.
913 945 986 1000 Ex
1018 946 1231 1016 .Iosephi
1259 945 1584 1015 genealogis.

661 1034 783 1092 Jun.
818 1037 880 1090 Et
911 1038 1256 1105 quamobrem
1295 1035 1452 1104 Virgo
1483 1035 1745 1089 recensita
1785 1041 2019 1095 nonest,
2051 1031 2144 1085 sed

592 1123 905 1191 Iosephus?
940 1125 1070 1177 Nam
1111 1125 1156 1178 si
1212 1120 1510 1180 secundum
1566 1124 1853 1176 humanam
1903 1131 2143 1176 naturam

594 1230 660 1271 ex
697 1217 911 1285 Virgine
956 1211 1202 1270 Christus
1241 1225 1343 1280 est,
1391 1231 1457 1269 ex
1499 1213 1733 1282 Josepho
1770 1225 1946 1268 autem
2002 1213 2147 1266 nullo

598 1309 755 1361 modo
801 1307 911 1373 (qui
943 1307 1156 1374 quidem
1212 1320 1480 1374 sponsus,
1535 1321 1640 1360 non
1685 1305 1906 1359 maritus
1943 1302 2147 1372 fuerit),

598 1412 695 1452 cur
730 1396 867 1450 illius
896 1397 1070 1464 potius
1096 1397 1416 1464 descriptum
1459 1410 1626 1464 genus
1654 1395 1772 1449 est?
1799 1393 1964 1464 Igitur
1993 1393 2039 1447 si
2083 1407 2148 1446 ex

599 1485 849 1541 Davidica
901 1488 1040 1541 tribu
1076 1486 1347 1555 Virginem
1399 1487 1562 1540 nobis
1603 1486 1960 1547 demonstras,
2009 1483 2153 1537 hunc

600 1579 773 1645 ipsum
841 1593 1022 1632 verum
1099 1592 1220 1632 esse
1297 1578 1574 1632 Christum
1659 1576 2032 1639 admittimus,
2101 1581 2154 1627 et

602 1667 872 1737 Virginem
910 1668 1186 1735 Deiparam
1231 1668 1483 1722 fatemur.
1533 1667 1750 1721 Davidis
1788 1665 1928 1721 enim
1959 1678 2023 1718 ex
2060 1663 2153 1716 ι)νὶ

1795 245 2215 311 ANDI-iONICi
2249 243 2590 306 COMNENI

2170 358 2214 416 Α
2245 357 2577 425 cognomine.
2615 353 2661 408 Is
2697 353 2747 407 in
2785 351 3057 422 Virginem
3100 350 3494 412 debacchatus,
3529 347 3606 402 sic
3633 348 3796 401 halte-

3694 238 3796 296 8'30

2245 446 2375 499 bat':
2413 463 2430 495 ι
2463 444 2600 509 Quid
2636 452 2913 510 tantopere
2945 441 3163 495 Mariam
3191 439 3457 513 extoliunt
3485 438 3794 497 Christiani,

2243 534 2565 589 Cherubinis
2605 520 3337 602 angustiorem,'Serapltinis
3380 531 3495 584 sine
3523 543 3796 596 compara~

2249 627 2390 677 tione
2450 625 2776 693 digniorem,
2838 623 2993 678 emlis
3071 622 3477 689 sublimiorem,
3533 619 3796 673 solariltns

2247 717 2412 770 radiis
2441 719 2708 786 puriorem
2750 714 3121 784 appellantes?
3150 705 3425 779 Siquidem
3480 710 3682 763 femina
3723 717 3798 759 est

2248 808 2517 862 Davidica
2568 805 2772 874 gentis,
2826 806 2976 857 Anna
3036 811 3226 867 matre,
3270 800 3549 856 Joachimo
3581 806 3797 866 parente

2250 909 2408 960 nata,
2450 895 2537 964 qui
2593 894 2842 950 Pantheri
2891 893 2991 948 fuit
3017 893 3196 945 ‘iilius.
3230 889 3467 943 Panther
3506 898 3560 942 et
3609 886 3793 940 Melclti

2251 987 2468 1051 fratres,
2501 985 2591 1038 [Ilii
2639 985 2762 1039 Levi
2793 985 2980 1052 stirpis
3022 982 3286 1040 Matthan.
3319 981 3403 1032 cui
3435 978 3608 1031 David
3656 987 3800 1045 pater

2250 1088 2313 1126 ex
2369 1073 2505 1126 tribu
2556 1060 2771 1125 Judaft
2808 1071 2976 1140 Igitur
3025 1069 3277 1124 defuncto
3328 1065 3562 1140 Mattltan
3613 1057 3796 1118 Jacobi

2252 1172 2424 1232 patre,
2459 1161 2647 1216 Melchi
2679 1133 2967 1215 Mattlianis
3011 1173 3197 1223 uxore,
3231 1155 3414 1211 Jacobi
3438 1133 3619 1209 inatre
3653 1153 3800 1206 vidua

2254 1253 2414 1305 ducta
2445 1291 2460 1315 ,
2500 1267 2578 1305 ,ει
2620 1267 2680 1306 ea
2726 1252 2860 1306 Elim
2909 1250 3125 1306 sustulit
3179 1288 3194 1313 ,
3223 1248 3295 1302 ita
3347 1255 3500 1300 erant
3550 1244 3723 1299 Jacob
3759 1251 3804 1297 ct

2255 1346 2331 1397 Eli
2366 1344 2582 1409 nterini,
2635 1357 2737 1399 non
2785 1345 3022 1412 germani
3060 1343 3270 1395 fratres.
3325 1339 3404 1393 Eli
3435 1351 3573 1391 anno
3626 1336 3805 1405 quinto

2254 1442 2309 1484 et
2337 1432 2742 1501 quadragesimo
2763 1432 2878 1486 sine
2894 1429 3375 1493 liberisesstlncto,
3396 1425 3563 1482 Iacob
3586 1439 3800 1478 uxorem

2259 1524 2336 1577 Eli
2371 1524 2500 1592 (jam
2539 1521 2797 1578 defuncti)
2827 1523 2942 1592 lege
2982 1520 3154 1582 duxit,
3193 1534 3376 1573 semen
3423 1517 3576 1570 fratri
3608 1515 3802 1569 excita-

2263 1624 2432 1677 tntns,
2460 1609 2565 1681 'q'ni
2604 1627 2668 1666 ex
2703 1627 2762 1667 ea
2814 1612 2978 1665 Iiiinm
3024 1609 3314 1679 Josephnm
3355 1609 3564 1679 genuit,
3607 1606 3795 1675 prolem

2199 1696 2236 1750 Β
2270 1714 2459 1756 natura
2491 1703 2592 1758 sibi
2626 1703 2929 1769 quaesitam,
2966 1702 3081 1769 lege
3115 1699 3218 1754 Eli.
3266 1697 3440 1754 Fuere
3490 1698 3656 1767 igitur
3685 1693 3801 1747 l’an-

2270 1793 2390 1846 thcr
2417 1802 2467 1845 et
2497 1790 2686 1845 Melchi
2722 1789 2917 1845 fratres
2942 1830 2956 1854 .
2985 1789 3114 1844 Levi
3149 1789 3242 1843 (illi
3293 1787 3374 1858 (ut
3417 1795 3690 1840 ostensum
3731 1790 3802 1837 est

2270 1880 2576 1934 auctoribus
2628 1878 2889 1950 Hebreis)
2945 1877 3129 1932 afﬁnes
3178 1875 3438 1933 Joachimi
3479 1891 3494 1930 :
3545 1884 3605 1928 ut
3653 1870 3799 1946 Iiaria

2269 1972 2529 2026 Iuachitni
2573 1970 2732 2025 fuerit
2778 1969 2915 2035 lilia,
2945 1967 3180 2037 Josepho
3222 1966 3479 2022 collocata
3527 1963 3797 2020 secundum

2271 2065 2406 2115 duas
2451 2062 2666 2130 stirpes,
2709 2059 2998 2115 Matthanis
3028 2071 3186 2126 atque
3225 2058 3550 2122 Salomonis,
3589 2066 3794 2123 paterno

2273 2166 2469 2220 genere
2509 2151 2749 2216 Davidis,
2785 2161 3029 2205 materno
3079 2147 3262 2205 Jacobi
3287 2147 3616 2211 consobrini,
3649 2144 3796 2214 patris

2274 2241 2517 2296 Juachim
2547 2240 2740 2297 amnis.

2348 2335 2589 2387 Habebat
2629 2333 2767 2386 idem
2816 2330 2952 2385 liber
2992 2338 3045 2383 et
3071 2327 3289 2396 Josephi
3340 2324 3720 2396 genealogiam,
3761 2320 3797 2372 ei

2276 2429 2563 2498 geminam,
2592 2439 2711 2493 qua:
2753 2425 2806 2478 in
2855 2437 3009 2477 sacro
3039 2419 3270 2476 Matthxi
3314 2419 3599 2487 Evangelio
3625 2416 3798 2469 descri-

2279 2530 2367 2589 pta
2397 2529 2500 2572 est.
2532 2515 2795 2571 Caeterum
2838 2513 3040 2576 aiebat,
3064 2510 3316 2566 habuisse
3351 2506 3640 2576 Josepltum
3686 2504 3798 2554 tilias

2278 2618 2508 2676 quatuor
2555 2620 2618 2659 ex
2668 2616 2834 2656 uxore
2882 2600 3133 2664 Salome,
3187 2595 3480 2660 Iacobum,
3531 2593 3794 2648 Simonem.

2277 2697 2470 2753 ludam
2515 2704 2568 2748 et
2626 2692 2824 2757 Josen;
2876 2691 3012 2746 tilias
3059 2699 3186 2752 tres,
3231 2683 3440 2753 Esther,
3485 2683 3710 2738 Thamar
3754 2688 3794 2730 et

2281 2787 2514 2849 Salome,
2550 2798 2668 2852 quae
2711 2781 2966 2836 Zebedreo
3012 2779 3228 2848 coniux,
3266 2775 3519 2838 Jacolutm
3567 2783 3616 2828 et
3664 2783 3795 2823 erat;-

2281 2879 2527 2946 gulis'tam
2555 2873 2809 2928 Joannem
2838 2870 3026 2926 edidit.
3060 2870 3186 2922 Erat
3231 2875 3408 2921 autem
3447 2863 3654 2931 Iosephi
3689 2871 3800 2912 uxor

2280 2971 2456 3040 Aggzei
2511 2968 2654 3033 lilia,
2714 2965 2896 3020 fratris
2949 2962 3224 3016 Zacharim
3280 2958 3607 3016 sacerdotis,
3659 2948 3801 3020 patris

2278 3059 2502 3115 Joannis
2547 3057 2818 3128 Baptistae.
2872 3055 3163 3120 Zacharias
3202 3062 3258 3106 et
3295 3051 3519 3121 Aggzeus
3559 3043 3803 3098 Baracltia:

2281 3151 2397 3214 ftlii,
2434 3150 2565 3205 Abia
2606 3150 2889 3202 sacerdote
2931 3147 3064 3199 nati.
3105 3145 3272 3198 Porro
3319 3152 3438 3197 erat
3486 3139 3533 3194 id
3574 3131 3803 3203 temporis

2282 3241 2477 3310 Ioseph
2536 3239 2776 3296 viduus:
2833 3248 2892 3290 ut
2939 3235 3140 3290 fuerint
3210 3231 3424 3286 Salome
3482 3237 3534 3284 et
3590 3225 3800 3281 Joannes

2282 3333 2521 3403 Baptista
2549 3330 2774 3385 fratrum
2799 3329 2912 3392 ﬁlii,
2938 3338 2995 3383 et
3027 3325 3148 3381 huic
3173 3325 3418 3394 Aggaens,
3445 3322 3521 3376 illi
3550 3314 3802 3374 Zacharias

2253 3436 2527 3493 .patruus.
2571 3421 2818 3475 Salomen
2877 3419 2999 3472 dico
3048 3430 3151 3498 pon
3209 3414 3550 3491 obstetricem
3598 3403 3797 3473 Virginis

2286 3492 2488 3579 Maria,
2525 3514 2617 3568 sed
2651 3509 2872 3580 Iosephi
2920 3492 3064 3562 fabri
3109 3519 3350 3559 uxorem.
3395 3501 3525 3555 Nam
3579 3492 3803 3553 obstetrix

2287 3606 2375 3659 illa
2401 3603 2720 3659 consobrina
2767 3607 2882 3654 erat
2929 3595 3250 3651 Elisabethm
3295 3602 3454 3661 atque
3486 3587 3723 3656 Virginis,
3751 3587 3798 3632 υι

2287 3694 2521 3750 ostendit
2548 3701 2760 3747 sacrum
2789 3689 2947 3743 Luca:
2976 3685 3346 3753 Evangelium.
3381 3682 3546 3733 Erant
3565 3678 3693 3732 enim
3714 3681 3804 3725 tres

2288 3798 2506 3840 sorores
2552 3782 2982 3837 Bethleemenses
3034 3792 3098 3830 ex
3139 3774 3435 3841 Cleopatrae
3488 3778 3542 3823 et
3584 3757 3803 3832 Sosipatri

2291 3878 2495 3948 regno',
2559 3889 2684 3928 ante
2734 3871 2965 3928 IIerodis
3028 3867 3292 3936 Antipatri
3351 3878 3587 3930 regnum.
3645 3857 3804 3910 Primae

2291 3963 2486 4022 nomen
2538 3964 2723 4028 Maria,
2771 3961 2924 4016 alteri
2977 3960 3142 4025 Sobe,
3189 3959 3360 4012 tertiae
3415 3957 3588 4008 Anna.
3639 3949 3800 4002 Earum

2292 4059 2464 4129 prima
2523 4057 2578 4109 in
2641 4054 2910 4108 Bethleem
2975 4061 3136 4119 nupta
3197 4048 3444 4103 Salomen
3501 4038 3803 4098 obstetricem

603 1773 831 1828 persona
865 1759 931 1813 de
957 1773 1016 1812 ea
1048 1758 1161 1813 inec
1185 1770 1310 1812 sunt
1341 1759 1502 1812 verba
1536 1777 1549 1812 :
1586 1778 1605 1810 ‹
1636 1755 1824 1812 Omnis
1847 1755 2018 1827 gloria
2042 1755 2159 1821 ejus

608 1851 936 1930 ﬁliaezregis,
962 1851 1030 1906 ah
1077 1851 1220 1906 intus
1256 1853 1324 1905 ".
1359 1870 1377 1905 ι
1417 1850 1480 1905 Et
1509 1860 1633 1921 post
1685 1864 1892 1920 pauca:
1935 1866 1954 1899 ι
1988 1846 2168 1902 Addu-

604 1952 797 1995 erntur
827 1941 938 2010 regi
976 1940 1211 2007 virgines
1253 1948 1372 2010 post
1418 1957 1560 2004 eam,
1593 1940 1850 2009 proximae
1888 1936 2008 2007 ejus
2033 1933 2166 1989 offe-

606 2039 795 2085 rentur
823 2031 915 2086 tibi
931 2033 998 2086 ".
1031 2050 1048 2077 ι
1095 2029 1187 2084 Sin
1213 2047 1277 2085 es
1308 2029 1525 2100 ,Ιοςρριιί
1555 2032 1811 2084 duntaxat
1839 2026 2167 2098 genealogis,

610 2131 721 2176 tum
762 2122 955 2176 Davide
981 2133 1156 2177 ortum
1189 2139 1295 2177 non
1323 2123 1680 2178 admittimus.

682 2210 906 2268 Cunts'r.
939 2213 1100 2265 Aiunt
1130 2214 1491 2280 .sapieutes,-t
1528 2213 1828 2279 simplicem
1873 2227 1991 2264 esse
2030 2210 2173 2265 veri-

614 2303 740 2356 tatis
754 2302 1076 2356 orationem.
1103 2321 1121 2354 ι
1157 2303 1342 2372 itaque
1363 2305 1406 2359 si
1433 2303 1604 2358 avetis
1621 2318 1716 2357 vos
1731 2287 1946 2371 quoque
1966 2311 2172 2356 certum

613 2407 972 2462 cognoscere,
1027 2394 1324 2472 simplicem
1376 2395 1661 2449 veritatem
1705 2396 1992 2449 admittite.
2043 2391 2175 2445 Nam

617 2483 960 2553 vitilitigatori
986 2484 1220 2539 studium
1249 2493 1332 2539 est
1355 2501 1448 2553 per
1470 2501 1680 2540 omnem
1706 2488 1870 2539 vitam
1891 2483 2174 2545 dissidere,

616 2574 930 2629 inimicitias
981 2575 1250 2643 amplecti.
1285 2577 1355 2630 At
1405 2577 1515 2631 veri
1561 2577 1874 2642 studiosus,
1918 2583 2176 2642 tanquam

618 2664 847 2730 lancem,
877 2666 1259 2718 conscientiam
1288 2681 1440 2720 suam
1469 2667 1537 2721 iis
1564 2681 1681 2738 quae
1715 2667 1985 2725 dicuntur.
2021 2665 2176 2718 adhi-

616 2753 752 2808 bens
765 2769 966 2823 aequam
990 2755 1122 2825 (52),
1143 2771 1243 2809 non
1263 2756 1438 2809 omnia
1458 2757 1695 2825 improbe
1716 2759 1872 2826 gestit
1898 2757 2171 2818 vincere",

619 2843 716 2898 sed
743 2855 823 2898 est
854 2845 941 2898 ubi
970 2855 1025 2910 et
1046 2845 1190 2900 vinci
1223 2846 1382 2901 facile
1416 2848 1671 2916 patiatur.
1707 2847 1872 2915 Igitur
1902 2855 2020 2900 erat
2041 2849 2177 2914 apud

620 2945 736 2998 vos,
768 2932 910 3000 quod
937 2934 1219 3002 perspicue
1247 2936 1420 2999 scitis,
1443 2936 1550 3001 lex,’
1579 2951 1687 2989 suae
1718 2951 1982 3004 quemque
2009 2936 2178 2989 tribus

621 3022 1025 3092 atque'generis
1066 3038 1316 3093 sponsam
1362 3039 1591 3094 capere,
1626 3040 1727 3096 qua
1762 3031 1818 3079 re
1847 3040 1910 3078 ex
1945 3024 2177 3078 archlvis
2204 3010 2244 3065 ο

620 3111 814 3168 vestris
865 3127 1033 3181 usque
1077 3115 1144 3170 ad
1179 3126 1496 3184 prementem
1545 3116 1818 3173 Christum
1850 3115 2180 3184 genealogis

623 3205 951 3272 suppeditat.
979 3205 1109 3260 Nam
1145 3205 1201 3260 ni
1226 3207 1278 3261 id
1309 3204 1399 3270 sit,
1429 3208 1520 3277 qui
1547 3218 1792 3276 poterant
1812 3207 2178 3280 evangelistze,

623 3295 915 3350 Mattltmus
941 3297 1153 3366 quidem
1181 3298 1247 3352 ab
1265 3299 1576 3354 Abrahamo
1601 3312 1694 3367 per
1711 3297 2181 3368 quadragesimum

625 3385 852 3439 alterum
908 3400 1097 3454 genus,
1153 3386 1219 3440 ad
1252 3387 1548 3461 .Christum
1613 3386 1866 3442 devenire
1890 3387 1969 3447 '3;
2013 3385 2184 3440 Lucas

627 3482 807 3533 autem
839 3493 869 3532 a
898 3465 1146 3543 Christo,
1168 3477 1260 3547 qui
1294 3477 1432 3532 aiter
1460 3487 1542 3532 est
1569 3471 1828 3544 A'damus,
1851 3476 1917 3531 ad
1953 3477 2183 3545 primum

629 3570 884 3635 cvadens,
915 3571 1200 3638 septimum
1246 3578 1300 3625 et
1341 3570 1799 3640 septuagesimum
1834 3568 1950 3623 sine
1999 3568 2188 3622 fraude
2221 3613 2236 3634 ο

633 3664 856 3732 exsequi
893 3661 984 3719 "i
1015 3660 1194 3728 Quare
1241 3670 1296 3717 et
1328 3651 1643 3732 Iosephum,
1694 3647 1961 3714 Daridicae
2000 3660 2202 3720 tribus,‘

632 3753 774 3820 quod
800 3752 902 3821 ipsi
928 3750 1225 3819 lestemini,
1245 3753 1327 3806 sui
1352 3750 1566 3827 generis
1594 3750 1949 3820 atqnetribus
1969 3764 2188 3804 uxorem

634 3841 866 3911 cepisse,
900 3844 982 3897 est
1030 3857 1268 3899 necesse.
1302 3840 1405 3910 Sed
1433 3841 1645 3911 ecquid,
1670 3843 1714 3895 si
1759 3841 1985 3896 fortasse
2012 3838 2193 3908 Virgi-

635 3934 719 3988 nis
748 3948 917 4002 genus
949 3935 1126 3988 minus
1158 3943 1418 3988 accurate
1452 3933 1673 3988 habeam
1704 3933 2001 4003 cognitum,
2031 3947 2096 3988 es
2125 3948 2192 3987 ea

635 4024 921 4079 veritatem
957 4022 1309 4085 cavillemini,
1336 4033 1633 4091 contraque
1661 4022 1941 4091 Deiparam
1973 4024 2192 4076 senten-~

637 4113 767 4169 tiam
817 4113 1010 4214 dicafis
1032 4113 1370 4218 ?.E?i"“:er°
1405 4122 1463 4216 ιξί
1497 4121 1848 4218 perimet“:
1878 4128 1984 4167 non
2027 4112 2193 4218 habe:
2294 4112 2524 4218 peperit.
2562 4146 2743 4200 Altera
2771 4153 2823 4198 et
2861 4144 2976 4211 ipsa
3007 4112 3064 4196 in
3101 4138 3369 4193 Bethleem
3394 4176 3410 4202 ,
3445 4129 3800 4188 Elisabetham:

640 4216 775 4269 ’em'
804 4201 1022 4299 ⁰¹¹ῗ¹¹ί¹¹⁰
1057 4201 1436 4299 ¹¹,³¹)⁶⁵τθ¹’ἒξ¹ί
1465 4209 1665 4299 Fine",
1701 4203 1876 4299 Im?"
1909 4215 2081 4299 “ei,”
2123 4201 2196 4299 ἔπ’
2295 4201 2453 4289 ἶεέιίει
2489 4234 2541 4287 in
2572 4231 2790 4295 Galilaza
2836 4201 3020 4299 genuit
3070 4227 3339 4297 Virginem
3388 4201 3634 4284 Mariam,
3677 4223 3804 4284 quam

640 4306 814 4392 Teii"
852 4292 1262 4392 .isf'mmmm
1335 4290 1571 4392 Vifﬁi‘i‘.’
1631 4291 1936 4392 denaria":
1987 4292 2068 4360 (ω
2123 4291 2191 4392 ξω
2219 4324 2272 4383 D
2297 4333 2351 4380 et
2380 4324 2658 4392 Deiparam
2701 4290 2988 4378 Christiani
3035 4290 3270 4374 vocant:
3306 4325 3362 4371 ut
3389 4317 3496 4370 sint
3527 4313 3737 4369 Salome,
3763 4308 3804 4355 ei

641 4381 872 4453 dicatur)
918 4382 1115 4455 frustra
1173 4390 1339 4459 esset.
1399 4381 1543 4436 Nihil
1601 4396 1842 4451 prorsus.
1893 4380 2000 4435 Nec
2050 4383 2192 4434 enim

641 4475 1252 4545 propter/ementientes
1310 4472 1402 4527 Sol
1459 4489 1563 4527 non
1613 4475 1805 4537 oritur,
1839 4483 1929 4528 aut
1981 4482 2199 4543 propter

643 4581 812 4622 caecos
840 4565 953 4621 visu
980 4564 1188 4636 prsiditi
1219 4564 1419 4619 lumine
1449 4564 1826 4620 destituentur.

1133 4676 1360 4732 CAPUT
1415 4675 1696 4730 XXXVIII.

647 4792 876 4849 Mariam
908 4799 1076 4846 ortam
1105 4807 1132 4845 ε
1166 4792 1326 4874 stirpe
1365 4790 1572 4874 popidis
1592 4828 1607 4851 ,
1641 4790 1892 4857 probatur
1919 4807 1981 4843 ea
2012 4807 2198 4859 genea-

1168 4857 1308 4931 logia
1354 4857 1682 4914 Judworum.

2296 4391 2624 4481 Elisabetha,
2656 4423 2710 4467 et
2739 4410 2922 4487 Virgo,
2962 4411 3118 4464 trium
3151 4422 3396 4463 sororum
3441 4405 3578 4461 (Iliae.
3609 4400 3676 4454 Ita
3699 4411 3735 4450 ts
3757 4391 3806 4487 li-_

2297 4510 2390 4563 ber
2404 4504 2770 4576 genealogiam
2786 4481 3020 4570 Virginis
3045 4501 3362 4569 explicatam
3409 4492 3713 4552 continebat.
3735 4481 3804 4551 (ιιιί

2295 4599 2593 4654 etaliorum
2613 4596 2968 4665 quorumdam
3007 4591 3308 4646 Judmorum
3335 4603 3500 4658 genus
3531 4578 3805 4642 declarabal,

2283 4689 2408 4760 qui,
2442 4687 2576 4742 nihil
2621 4687 2864 4752 interest,
2899 4692 2954 4737 ut
2991 4698 3135 4737 nunc
3173 4682 3438 4735 dicantur.

2363 4778 2483 4834 Jun.
2538 4778 2680 4832 Sane
2710 4785 2990 4835 venturum
3019 4774 3291 4829 Christum
3324 4781 3375 4826 et
3407 4786 3506 4826 nos
3539 4768 3805 4837 speramus;

2299 4874 2512 4930 venisse
2565 4870 2706 4926 haud
2756 4872 2879 4924 dum
2934 4871 3247 4933 credimus;
3303 4867 3564 4934 siquidem
3613 4854 3802 4915 nondum

2302 4968 2561 5020 adventus
2623 4963 2989 5016 Israelitarum
3041 4960 3240 5014 Christi
3290 4962 3426 5026 regis
3490 4955 3681 5022 tempus
3726 4949 3803 4997 est.

2380 5057 2601 5112 CIIRIST.
2633 5053 2751 5109 Non
2799 5062 2942 5107 recte
2976 5067 3069 5106 vos
3102 5051 3406 5120 Scripturas
3436 5041 3808 5102 animadvertere

2313 5159 2366 5203 et
2417 5163 2554 5212 saepe
2605 5147 2736 5209 dixi,
2806 5155 2860 5198 et
2903 5143 3033 5197 nihil
3090 5142 3302 5206 mirum,
3351 5139 3560 5208 quando
3591 5143 3638 5188 et
3679 5122 3804 5178 Ιε³ί³⁵

2316 5243 2380 5293 de
2415 5238 2567 5292 vobis
2615 5246 2697 5292 est
2745 5237 2948 5292 locutus
2981 5236 3033 5290 iu
3094 5236 3232 5289 hanc
3282 5229 3677 5287 sententiarum
3719 5214 3806 5265 Αυ⁴

716 4973 855 5038 Quin
893 4972 1092 5026 editam
1130 4972 1346 5028 Davidis
1379 4987 1575 5042 genere
1611 4981 1769 5041 atque
1813 4973 1978 5042 stirpe
2024 4967 2203 5040 Virgi-

651 5073 771 5111 nem
813 5057 970 5122 dabo,
1033 5073 1210 5127 neque
1257 5059 1309 5112 id
1351 5075 1474 5113 vero
1514 5075 1579 5113 ex
1615 5061 1945 5117 nostratibus
1991 5061 2204 5130 scriptis

652 5159 714 5198 ac
745 5144 994 5210 decretis,
1039 5146 1131 5200 sed
1170 5144 1392 5202 Judaico
1445 5148 1675 5216 quodam
1734 5148 1886 5213 libro,
1942 5150 1992 5201 in
2050 5165 2206 5216 quem

647 5234 932 5290 Orestiade
961 5235 1129 5291 incidi
1160 5239 1296 5308 apud
1327 5236 1567 5292 Judaeum
1609 5238 1780 5292 Eliam
1801 5279 1815 5304 ,
1848 5238 2207 5309 legisperitum

726 5418 772 5452 ”
795 5415 936 5473 Psal.
962 5433 1107 5483 XLIV,
1135 5419 1223 5472 I4.
1300 5420 1344 5451 "
1371 5415 1502 5473 ibid.
1539 5417 1622 5471 l5.
1699 5417 1743 5450 ’⁸
1771 5415 1958 5472 Matth.
1999 5433 2039 5482 t,
2079 5416 2127 5471 ι.

2294 5414 2516 5484 Luc.tu,
2547 5415 2663 5470 εδ..

722 5605 842 5676 (32)
877 5604 1129 5663 Nazianl.
1159 5604 1516 5674 indutiauuvn
1543 5607 1630 5673 62,
1665 5609 1752 5664 47.
