3952 6328
215 303 322 370 861

1293 306 1669 372 DIALOGUS
1696 277 1998 372 CONTRA.
2049 311 2374 373 JUDJEOS.

3322 303 3428 367 862

208 417 326 470 divi
369 429 550 470 vocem
583 415 791 470 Domini
819 416 1084 472 dicentis:
1121 417 1283 485 Vade,
1313 431 1365 474 et
1391 421 1536 473 dices
1569 421 1764 490 populo
1800 438 1840 487 Α
1874 424 2056 491 positi,
2103 439 2275 478 annos
2329 421 2556 477 reddunt
2608 408 3029 489 quadringentos
3053 425 3159 472 tres
3189 429 3238 472 et
3275 433 3426 475 octo-

211 506 384 558 buic:
425 505 616 559 Audite
671 505 968 569 audientes,
1021 515 1075 562 et
1119 509 1282 564 nolite
1332 510 1662 579 intelligere:
1715 521 1768 565 et

213 595 400 650 videte
451 585 731 659 visionem,
785 604 839 649 et
891 598 1055 652 nolite
1105 614 1448 669 cognoscere.
1487 600 1765 656 lncrassa-

211 696 335 740 tum
377 695 456 740 est
489 700 582 748 cor
620 687 796 754 populi
857 688 1031 754 bujns,
1063 699 1114 743 et
1165 691 1384 743 auribus
1403 690 1512 744 suis
1536 692 1770 759 graviter

211 778 465 838 audiunt,
545 787 598 831 et
645 778 827 832 oculos
896 782 1168 846 claudunt,
1242 796 1306 834 ne
1365 781 1503 835 forte
1558 782 1769 833 videant

209 869 415 930 oculis,
474 877 529 922 et
559 870 778 923 auribus
836 870 948 923 suis
1006 872 1508 933 audiant,etcorde
1560 888 1658 927 suo
1683 874 1765 926 in-

212 953 481 1022 telligatat,
531 964 585 1008 et
613 965 993 1012 convertantur
1035 966 1088 1012 et
1137 973 1320 1013 sanem
1349 964 1502 1016 cos'.
1541 979 1561 1013 ι

287 1064 549 1118 ῦωιετιιιη
600 1070 884 1136 prophetas
924 1069 990 1123 de
1037 1080 1262 1124 venturo
1304 1070 1542 1135 Christo,
1569 1087 1672 1127 non
1698 1088 1764 1128 eo

208 1167 379 1220 quem
433 1169 528 1210 vos
578 1159 902 1224 exspectatis
950 1173 1161 1224 crrone,
1218 1175 1321 1212 non
1362 1161 1486 1225 Deo,
1528 1164 1619 1215 sed
1649 1164 1761 1236 An-

211 1243 481 1310 ticlnisto,
526 1258 706 1313 aperte
759 1235 1091 1316 praedixisse,
1152 1254 1330 1304 audite
1362 1254 1411 1305 in
1465 1255 1575 1306 haec
1611 1235 1767 1308 \‘t't'lla

207 1333 515 1401 loquentes.
580 1336 734 1392 Venit
786 1337 1054 1404 Christus,
1113 1341 1164 1394 in
1208 1357 1364 1409 quem
1423 1346 1510 1411 qni
1569 1347 1764 1405 credit,

215 1427 470 1494 regnabit
521 1443 638 1480 cum
691 1443 797 1496 eo;
838 1433 924 1498 qui
997 1446 1098 1484 non
1157 1433 1343 1497 credit,
1405 1433 1765 1503 llierosnlpna

206 1516 621 1586 proﬂigabitnr;
671 1536 776 1576 non
831 1521 916 1575 illa
955 1521 1146 1586 infera,
1204 1525 1296 1576 sed
1332 1540 1524 1593 supera
1562 1541 1623 1578 ac
1653 1539 1767 1578 ('03-

208 1605 367 1661 lesti.

755 1718 984 1776 CAPUT
1034 1721 1279 1780 XXXIX.
1371 1735 1375 1739 '

398 1827 635 1887 Dauielis
684 1832 953 1900 praphetia
987 1835 1049 1888 de
1077 1833 1272 1890 Christi
1302 1838 1544 1896 adventu.

284 1946 395 2001 Sed
423 1948 612 2015 placet,
645 1957 702 2000 ut
734 1947 872 2002 hanc
902 1959 1130 2003 vestram
1168 1954 1624 2020 exspectationem
1664 1953 1763 2006 ial-

208 2051 340 2091 sam
384 2035 682 2099 vincamus,
743 2052 952 2091 rursum
1009 2040 1243 2094 vaticina
1275 2044 1472 2111 scripta
1496 2045 1762 2104 evolvere.

208 2122 386 2191 Igitur
420 2114 597 2180 audiie
647 2126 698 2178 in
734 2126 922 2194 primis
976 2127 1227 2194 Danielis,
1282 2145 1400 2199 qua
1443 2134 1520 2187 sic
1547 2133 1764 2188 habent.

205 2215 510 2295 Danielem,
565 2231 688 2271 cum
741 2217 899 2272 obitis
929 2219 1088 2273 etiam
1138 2221 1374 2290 ieiuniis,
1411 2238 1510 2292 pro
1565 2226 1760 2291 populo

201 2304 714 2372 supplicaret-Deo,
767 2308 987 2376 angelus
1046 2308 1261 2365 Gabriel
1319 2312 1587 2368 allocutus
1638 2322 1761 2368 est:

206 2413 228 2445 ι
274 2393 624 2466 Septuaginta
666 2395 1022 2452 hebdomades
1063 2399 1382 2456 abbreviatze
1433 2414 1558 2459 sunt
1602 2419 1766 2472 super

202 2485 463 2553 populum
515 2496 688 2547 tuum,
745 2496 799 2540 et
831 2502 990 2554 super
1016 2477 1225 2545 urbem
1255 2501 1519 2558 sanctam,
1543 2504 1602 2548 ut
1631 2509 1761 2548 con-

203 2589 333 2628 sum
345 2582 515 2628 metur
540 2577 926 2641 praevaricatio,
949 2589 1001 2631 et
1029 2581 1183 2633 linem
1201 2583 1428 2650 accipiat
1459 2595 1760 2651 peccatum,

171 2677 259 2722 .et
289 2665 538 2719 deleatur
587 2668 862 2734 iniquitas,
916 2683 969 2724 et
1024 2672 1313 2727 adducatur
1339 2674 1548 2743 iustitia
1608 2691 1750 2731 sem-

201 2758 442 2824 piterna.
497 2768 552 2811 et
597 2759 876 2827 impleatur
914 2762 1067 2825 viiio,
1121 2773 1171 2816 et
1207 2765 1508 2833 prophetia,
1558 2777 1610 2820 et
1668 2784 1766 2820 un-

201 2857 372 2914 gatur
428 2846 658 2901 Sanetus
702 2852 1084 2905 sanctorum”.
1115 2869 1136 2903 ι
1191 2851 1292 2919 Qui
1360 2853 1605 2909 Christus
1657 2867 1756 2922 est,

202 2935 466 3002 perennis
520 2934 743 3004 iustitia,
806 2937 1107 2993 hominibus
1148 2956 1316 2996 noxas
1345 2959 1532 3000 omnes
1568 2947 1763 3000 condo-

203 3039 366 3086 nans,
419 3035 474 3077 et
523 3025 634 3076 visa
691 3034 847 3093 attute
905 3029 1150 3083 vaticinia
1181 3032 1490 3101 obsignans,
1552 3035 1602 3089 id
1658 3020 1786 3102 est,

203 3113 560 3168 concludens.
609 3111 743 3168 Nam
810 3128 929 3183 post
979 3119 1093 3184 ejus
1149 3121 1431 3177 adventum
1488 3121 1594 3180 non
1642 3125 1753 3194 jam

203 3221 374 3274 porro
423 3216 506 3259 est
543 3221 669 3259 usus
695 3207 975 3274 propheta.
1033 3207 1193 3265 Vates
1221 3214 1360 3266 enim
1386 3217 1560 3269 cuncti
1594 3232 1761 3286 usque

205 3297 273 3349 ad
325 3294 592 3349 Joannem
617 3293 912 3363 Baptistam
942 3299 1218 3351 vaticinati
1249 3310 1391 3355 sunt.
1423 3302 1539 3357 Jam
1566 3320 1758 3370 parens

206 3402 428 3458 quoque
468 3396 641 3441 tester
675 3386 848 3441 'lsrael
899 3388 1013 3465 ait:
1057 3407 1074 3440 ι
1126 3389 1241 3444 Νοιι
1272 3391 1483 3446 deficiet
1515 3397 1760 3463 princeps

203 3495 271 3533 ex
325 3478 489 3542 Juda,
538 3487 593 3531 et
631 3477 736 3532 dux
772 3479 837 3532 de
878 3478 1078 3534 feruore
1133 3482 1265 3545 ejus,
1301 3485 1471 3537 donec
1528 3487 1754 3549 venerit,

204 3568 348 3636 quod
401 3567 752 3621 constitutum
808 3577 932 3632 est;
998 3579 1049 3623 et
1116 3571 1225 3639 ipse
1275 3571 1379 3624 erit
1434 3579 1761 3643 exsp-ctatio

204 3658 453 3728 gentium
482 3658 522 3712 ⁸.
561 3675 580 3710 ι
612 3657 676 3711 Et
724 3671 853 3712 sane
886 3669 1163 3728 postquam
1212 3661 1459 3717 Christus
1489 3663 1578 3718 ille
1626 3681 1763 3734 gen-

205 3750 386 3803 tibus’“
415 3757 760 3816 exspectatus
803 3749 1017 3817 prodiit,
1070 3750 1304 3805 deseruit
1332 3767 1423 3805 vos
1455 3763 1508 3807 et
1539 3769 1758 3823 regnum

203 3852 257 3893 et
287 3840 624 3907 pontificium
652 3856 667 3904 ;
698 3854 815 3909 qua:
840 3839 965 3906 (duo
999 3841 1173 3893 munia
1203 3844 1596 3910 quodammodo
1621 3845 1753 3911 ipsa)

205 3941 332 3984 sunt
386 3930 633 3998 princeps
677 3939 731 3982 et
776 3931 900 3983 dux.
964 3928 1116 3995 Quod
1181 3934 1246 3994 si,
1298 3944 1355 3984 ut
1407 3932 1757 4000 conﬁrmatis,

206 4020 446 4074 nondum
499 4020 711 4073 advenit
771 4019 1036 4084 Christus,
1071 4024 1294 4080 mendax
1346 4024 1418 4078 sit
1452 4025 1620 4079 Moses
1652 4027 1757 4092 ille,

203 4113 292 4179 qui
349 4120 408 4163 et
461 4110 643 4164 mundi
697 4112 1171 4166 exeditlcationem
1217 4115 1560 4184 conscripsit,
1595 4117 1756 4171 etfu-

205 4187 326 4253 tura
373 4201 663 4268 praedixit:
721 4201 946 4256 mendax
997 4216 1189 4270 parens
1235 4214 1410 4258 vester
1469 4207 1654 4271 Israel,
1706 4221 1759 4262 ct

213 4292 400 4345 Daniel
453 4293 727 4360 propheta,
766 4307 826 4346 ac
868 4307 976 4360 prae
1030 4293 1093 4346 iis
1133 4293 1343 4348 Gabriel
1377 4298 1750 4366 archangelus.

1871 513 2015 582 ginta
2053 531 2066 567 :
2124 513 2191 567 Et
2225 522 2523 568 revertetur
2567 528 2580 562 :
2622 527 2642 560 ι
2707 509 2770 562 Et
2817 525 3024 562 rursum
3072 510 3425 566 mdiﬂcabittlr

1871 605 2040 678 platea
2103 614 2154 657 ct
2219 601 2354 656 muri
2420 603 2472 655 in
2533 603 2776 670 angusﬁa
2843 599 3118 667 temporis.
3179 597 3244 652 Et
3304 610 3426 668 post

1873 694 2228 746 hebdomades
2260 693 2544 759 sexaginta.
2568 692 2697 742 duas
2729 689 3002 742 occidetur
3029 689 3276 744 Christus
3302 690 3358 754 δς
3394 709 3414 740 ι

1865 785 1990 855 jure
2043 796 2094 838 et
2127 799 2278 852 mqnn
2319 783 2629 840 destitutus.
2681 781 2974 849 urbemque
3000 791 3052 835 et
3076 797 3282 835 sacrum
3315 797 3420 835 una

1869 889 1992 928 cum
2041 871 2279 941 principe
2318 871 2530 925 delebit.

1941 964 2232 1017 Estautem
2281 962 2542 1013 sententia
2595 960 2770 1013 talis:
2809 959 2959 1011 Anno
3007 975 3033 1012 a
3082 960 3298 1014 condito
3321 961 3421 1014 Sa-

1870 1053 2096 1104 lomonis
2139 1053 2335 1120 templo
2380 1062 2433 1103 et
2491 1052 2642 1110 urbe,
2692 1048 3221 1116 quadringcnlcsimo
3267 1060 3415 1102 octo-

1867 1144 2067 1212 gesimo
2112 1144 2292 1202 tertio,
2351 1140 2597 1193 Salvator
2652 1141 2828 1191 mundi
2860 1139 3106 1193 Christus
3163 1150 3415 1193 nascetur

1868 1233 1933 1285 ad
1961 1233 2275 1285 salvandnm
2311 1247 2475 1297 genus
2524 1230 2820 1292 hominum,
2867 1229 3170 1295 diabolique
3204 1229 3418 1282 fraudes

1851 1322 2242 1392 ‘proiligamlas.
2294 1322 2468 1387 Atque
2520 1321 2568 1373 id
2610 1335 2793 1373 verum
2823 1333 2962 1382 esse,
3015 1336 3107 1374 vos
3165 1322 3316 1381 adeo,
3373 1321 3417 1372 si

1868 1413 2064 1474 velitis,
2122 1411 2412 1464 testcmini.
2454 1409 2607 1475 Natu,
2645 1419 2895 1478 regnante
2928 1410 3264 1470 Aristobulo,
3324 1409 3419 1465 Ju-

1870 1503 2098 1555 dzrorurc
2149 1501 2408 1568 principe,
2443 1498 2672 1554 Romani
2705 1507 2757 1552 ct
2804 1515 3014 1554 sacram
3051 1503 3234 1554 urbem
3294 1516 3416 1553 cor-

1867 1607 2079 1660 rupere,
2110 1601 2162 1646 et
2203 1588 2562 1645 Israelitarum
2613 1599 2822 1657 gentem
2856 1607 2958 1645 una
3005 1607 3126 1647 cum
3173 1591 3415 1660 principe

1872 1682 2177 1737 Aristobulo
2234 1691 2288 1735 et
2351 1682 2555 1746 liberis,
2612 1683 2880 1751 mancipio
2938 1696 3148 1750 cepere.
3199 1681 3275 1734 Ex
3312 1697 3416 1751 quo

1803 1757 1843 1811 Β
1878 1781 2115 1839 tempore
2154 1771 2466 1825 vaticinium
2515 1786 2697 1831 omne,
2746 1779 2799 1824 ct
2833 1786 3072 1838 regnum,
3102 1779 3259 1837 atque
3285 1786 3418 1837 pon-

1868 1859 2086 1914 tiﬁcium
2151 1876 2364 1928 pessum
2394 1861 2473 1925 iit,
2538 1861 2744 1915 ilerode
2781 1870 3038 1914 extraneo
3072 1861 3318 1914 lsraclisis
3348 1861 3416 1914 ab

1863 1947 2120 2004 Romanis
2147 1964 2272 2021 rege
2316 1952 2582 2020 imposito,
2614 1961 2668 2004 et
2717 1961 2934 2020 angusta
2978 1963 3121 2005 veste
3164 1952 3383 2004 amicto.

2451 2082 2676 2140 CAPUT
2731 2082 2839 2139 XL.

1966 2192 2270 2250 Judmorum
2295 2196 2621 2251 calamitates
2641 2197 2701 2250 ob
2729 2199 3002 2264 perﬁdiam
3036 2200 3301 2269 irrogata.

1935 2302 2070 2370 Quin
2120 2302 2382 2358 Jeremias
2411 2318 2621 2373 quoque
2650 2304 2825 2356 multis
2855 2313 2978 2356 ante
3013 2306 3244 2369 sa'c-ilis,
3285 2317 3406 2358 tan-

1863 2409 2021 2462 quam
2065 2394 2499 2448 succenturiatus
2533 2394 2898 2451 testimonium
2934 2395 3072 2448 dicet
3118 2412 3130 2447 :
3191 2411 3294 2448 non
3329 2411 3416 2448 nr-

1862 2485 1981 2537 betn
2035 2487 2212 2548 modo,
2281 2497 2328 2539 et
2380 2487 2631 2554 templum
2713 2495 2870 2552 atque
2917 2487 3252 2549 sacerdotes,
3312 2487 3408 2540 sed

1862 2587 2046 2628 Omnes
2074 2575 2290 2626 omnino
2329 2573 2642 2641 oppidanos,
2669 2574 2918 2628 mulieres
2943 2584 2995 2627 et
3029 2573 3259 2628 infantes
3306 2575 3410 2629 hac

1865 2664 2031 2719 naenia
2085 2665 2444 2718 lamentatus:
2491 2683 2508 2715 ι
2552 2663 2831 2729 Quomodo
2874 2665 3159 2727 sedetsola
3221 2666 3412 2720 civitas

1861 2752 2016 2822 plena
2061 2738 2250 2823 popqu
2280 2755 2338 2806 εἳ
2366 2772 2383 2803 ι
2425 2753 2742 2822 llecogitans
2779 2751 3047 2822 ‘Jeremias
3089 2745 3409 2822 pro’missnm

1861 2845 2167 2900 Ahrahamo
2213 2845 2434 2908 editum,
2475 2843 2918 2913 Solymorumque
2949 2846 3248 2899 vastitatem
3289 2861 3411 2914 pro~

1847 2928 2112 3004 vspiclens,
2143 2936 2429 3005 angoribus
2453 2936 2696 3004 eppletns
2731 2946 2783 2989 ct
2805 2937 3090 2990 inuuinens
3142 2939 3405 2991 excidium

1863 3025 2168 3092 deplorans,
2196 3026 2270 3078 ait
2296 3039 2310 3078 :
2341 3045 2357 3076 ι
2399 3025 2672 3092 Quomodo
2704 3026 2851 3080 sedet
2877 3027 2989 3079 sola
3019 3027 3210 3083 civitas
3256 3028 3407 3095 pit-na

1864 3116 2057 3186 populo
2086 3115 2108 3168 τ
2135 3116 2276 3192 facta
2308 3123 2391 3170 est
2421 3117 2570 3185 quasi
2607 3115 2759 3170 vidua
2789 3114 2999 3170 domina
3021 3118 3254 3186 gentium
3289 3118 3310 3151 ⁸
3337 3117 3358 3170 1'
3387 3136 3405 3168 ι
3480 3135 3482 3138 ν

1867 3205 1966 3260 Ubi
2015 3206 2278 3280 propheta
2326 3201 2700 3275 angustiarum
2731 3206 2918 3275 plenus
2947 3206 3134 3260 futura:
3185 3208 3410 3276 captivi-

1871 3296 1999 3350 tatis
2037 3311 2256 3348 causam
2283 3306 2406 3364 post
2438 3298 2675 3364 exponit,
2730 3297 2819 3350 Dei
2857 3297 2918 3347 ad
2966 3295 3159 3352 Oseam
3189 3307 3407 3353 sentcn-

1863 3386 1948 3441 tia:
1977 3389 2286 3441 recordatus
2314 3402 2327 3438 :
2372 3405 2392 3438 ι
2427 3388 2586 3451 Vade,
2632 3403 2783 3441 sume
2811 3389 2906 3441 tibi
2938 3403 3152 3440 uxorem
3183 3386 3411 3441 fornica-

1863 3477 2088 3541 tionum,
2147 3486 2201 3531 vt
2251 3475 2337 3531 fac
2405 3477 2498 3529 tibi
2561 3478 2697 3531 filios
2751 3475 3167 3532 fornicationnm
3213 3493 3226 3528 :
3283 3477 3406 3546 quia

1863 3567 2136 3623 foruicans
2168 3565 2519 3622 fornicahitur
2552 3585 2570 3619 ι
2605 3552 2907 3621 Invitent-nm
2954 3570 3230 3638 Syri-ngoga
3260 3582 3276 3633 ;
3310 3569 3411 3622 ita-

1859 3669 1962 3725 que
1986 3672 2006 3708 σ
2044 3655 2156 3723 ipsa
2184 3670 2286 3708 non
2310 3671 2442 3708 uxor
2459 3671 2570 3710 mea
2595 3673 2610 3712 :
2639 3666 2690 3710 et
2712 3671 2806 3725 ego
2837 3672 2938 3709 non
2967 3659 3044 3709 vir
3071 3657 3186 3725 eius
3213 3672 3303 3711 ero
3329 3658 3403 3711 ’.ι

1859 3775 1931 3788 —-
1981 3765 2000 3798 ‹
2037 3745 2290 3813 Princeps
2351 3748 2744 3815 provinciarum
2813 3747 2948 3799 facta
2998 3757 3079 3800 est
3135 3750 3236 3800 sub
3310 3747 3409 3800 tri-

1864 3839 1991 3890 buto
2017 3839 2104 3889 ⁸.»
2150 3837 2428 3890 Pontificio
2479 3838 2682 3904 pridem
2724 3849 2777 3889 et
2828 3853 2989 3904 regno
3036 3849 3213 3895 aucta,
3261 3823 3410 3890 tmnc

1861 3929 2056 3997 passim
2115 3927 2388 3980 tributaria
2437 3937 2520 3980 est
2565 3928 2799 3980 omnium
2835 3928 3103 3980 naliomtm
3159 3928 3405 3982 dominis.

1866 4036 1882 4069 ι
1915 4017 2136 4071 Plorans
2192 4019 2416 4083 ploravit
2469 4021 2522 4080 in
2559 4027 2763 4084 nocte;
2804 4037 2822 4070 ι
2863 4033 2981 4071 nam
3026 4034 3146 4085 qua:
3206 4019 3406 4086 rcjecto

1862 4109 2178 4176 intelligibili
2213 4108 2430 4173 iustitiae
2477 4106 2738 4171 Sole,‘ab
2772 4123 2833 4161 ea
2869 4110 2980 4160 luce
3043 4122 3297 4175 precorpe,
3354 4109 3404 4160 in

1862 4200 2426 4268 ignorantimtenebris
2456 4203 2626 4262 sedet,
2657 4215 2752 4252 cur
2773 4202 2823 4252 ni
2860 4200 3121 4266 ploratum
3155 4203 3278 4252 edat
3311 4215 3404 4265 per

1862 4291 2118 4345 noctem?
2150 4309 2166 4340 ι
2207 4290 2270 4343 Et
2299 4290 2545 4359 lacrynne
2574 4290 2688 4356 ejus
2713 4290 2763 4343 iu
2801 4291 3034 4342 maxillis
3072 4289 3203 4355 ejus.
3248 4308 3265 4340 ι
3316 4290 3406 4343 llis

208 4381 253 4434 0
291 4390 566 4448 torporem
621 4390 780 4449 atque
825 4383 1160 4436 caacitateml
1202 4385 1328 4437 mihi
1383 4399 1508 4439 vero
1566 4388 1752 4457 religio
1785 4397 1830 4450 ι)
1862 4382 2041 4435 verbis
2082 4380 2357 4450 Unigeniti
2416 4383 2734 4445 baptismum
2787 4381 3036 4447 propheta
3093 4382 3402 4448 significat;

204 4475 296 4536 sit,
351 4487 537 4525 eorum
595 4472 874 4539 quemdam
933 4473 1211 4527 mentitum
1252 4475 1456 4528 dicere:
1494 4477 1584 4545 qui
1613 4480 1751 4531 enim

181 4566 414 4632 .possint
439 4566 720 4631 ipsissimrc
760 4566 1033 4633 sapientiae
1060 4577 1218 4633 atque
1249 4568 1512 4634 veritatis,
1531 4569 1751 4632 Christi,

207 4668 492 4720 pra-conos
545 4663 635 4706 aut
662 4653 854 4706 falsum
909 4653 1104 4720 aliquid
1165 4655 1363 4720 dicere,
1403 4667 1492 4709 aut
1536 4658 1756 4711 omnino

206 4741 426 4792 verbum
461 4738 606 4793 futile
631 4740 947 4806 profundere
972 4743 994 4795 τ

279 4826 390 4879 Sed
425 4827 584 4880 vultis
612 4839 660 4880 et
714 4840 918 4896 tempus
966 4833 1336 4896 cognoscere?
1385 4833 1524 4902 Ergo
1571 4806 1751 4891 audite

1861 4474 1986 4541 quia
2025 4473 2163 4526 enim
2214 4483 2331 4526 erat
2378 4470 2579 4524 Christi
2632 4486 2792 4539 genas
2827 4473 3017 4530 ictnra,
3055 4471 3245 4524 merito
3295 4489 3407 4524 ma-

1862 4573 1989 4616 nant
2031 4563 2079 4616 ei
2111 4577 2322 4630 quoque
2350 4577 2444 4631 per
2499 4577 2659 4629 genas
2693 4565 2958 4630 lacrymm.
3003 4581 3020 4612 ι
3056 4561 3165 4614 Non
3195 4573 3276 4615 est
3310 4564 3398 4628 qui

1860 4653 2169 4705 consoletur
2202 4667 2318 4704 cam
2369 4666 2433 4704 ex
2484 4652 2736 4704 onmihns
2778 4655 2958 4705 charis
2985 4653 3101 4720 ejus
3129 4655 3171 4707 ’.
3207 4672 3222 4703 ι
3281 4655 3398 4707 Non

1861 4752 1964 4806 est,
2001 4743 2192 4810 inquit,
2225 4744 2313 4810 qui
2349 4756 2442 4808 pro
2480 4757 2540 4794 ea
2593 4743 2913 4810 deprecetur
2971 4761 2984 4796 :
3046 4758 3147 4794 non
3205 4741 3400 4805 Moses,

1862 4831 1951 4899 qui
1989 4846 2016 4883 a
2066 4831 2173 4884 Deo
2202 4831 2483 4898 stipulatus
2538 4832 2608 4884 sit
2640 4849 2652 4885 :
2690 4851 2708 4883 ι
2753 4834 2856 4884 Aut
2889 4833 3095 4885 dimitte
3151 4834 3232 4886 eis
3267 4837 3402 4887 hanc

203 4917 586 4984 archangelum
633 4917 953 4986 Gabrielem,
991 4923 1144 4990 cujus
1188 4924 1252 4977 ad
1306 4925 1576 4980 Danielcm
1610 4924 1744 4996 ’(55)

207 5003 309 5056 hoc
365 5020 677 5072 reSponsum
706 5017 827 5059 est:
863 5027 880 5058 σ
919 5010 1064 5063 Scito
1094 5027 1216 5081 ergo
1234 5024 1286 5066 et
1327 5017 1692 5070 animadverte
1732 5032 1744 5068 :

205 5092 271 5144 ab
315 5093 463 5145 exitu
503 5095 799 5159 sermonis,
867 5106 924 5149 ut
958 5097 1146 5151 iterum
1205 5101 1499 5156 aedificetur
1527 5103 1748 5157 Jerusa-

206 5181 309 5233 lem
331 5199 499 5247 usqne
517 5185 581 5236 ad
620 5183 888 5239 Christum
911 5187 1119 5253 ducem,
1144 5178 1501 5246 hehdomades
1520 5207 1742 5260 septem,

204 5279 258 5321 et
309 5268 670 5323 hebdomades
697 5273 967 5340 sexaginta
1026 5276 1140 5329 dua:
1169 5286 1369 5345 erunt;
1412 5297 1429 5328 ι
1477 5281 1566 5349 qui
1599 5298 1750 5333 com-

1856 4936 2079 4986 noxam;
2124 4931 2214 4974 ant
2258 4922 2300 4972 si
2343 4937 2446 4974 non
2494 4921 2646 4985 facis,
2703 4923 2817 4974 dele
2863 4937 2944 4974 me
2977 4924 3040 4977 de
3097 4923 3233 4976 libro
3286 4936 3394 4987 tuo,

1851 5027 2007 5080 quem
2047 5013 2308 5079 scripsisti
2349 5011 2409 5064 ‘°.
2459 5031 2478 5064 ι
2521 5012 2636 5066 Νοιι
2680 5012 2844 5064 David
2893 5013 3172 5068 clamans:
3231 5022 3248 5065 ι
3289 5015 3396 5080 Ego

1851 5118 1964 5153 sum
2018 5103 2107 5168 qui
2162 5103 2404 5168 peccavi;
2448 5102 2532 5154 isti
2579 5101 2664 5167 qui
2705 5116 2832 5154 oves
2885 5113 3028 5164 sunt,
3080 5104 3202 5171 quid
3252 5104 3394 5157 fece-

1851 5193 2012 5243 runt?
2072 5202 2326 5252 vertatur,
2361 5191 2607 5254 obsclro,
2641 5207 2829 5243 Inanns
2865 5201 2946 5242 tun
2983 5203 3168 5243 eontra
3201 5208 3302 5252 me,
3341 5204 3396 5246 ct

1847 5292 2029 5334 contra
2072 5283 2282 5335 domum
2340 5281 2505 5347 patris
2559 5281 2659 5334 mei
2697 5281 2759 5332 “.
2800 5300 2817 5331 ι
2879 5281 2979 5333 Sed
3012 5284 3259 5334 rveninut
3302 5285 3384 5334 ilia

276 5442 290 5471 ‘
317 5441 416 5493 lsa.
444 5457 515 5498 Vl,
539 5442 591 5501 9,
619 5441 701 5494 10.

205 5512 264 5571 lt,
287 5511 342 5563 ‘2.

783 5444 802 5473 '
828 5445 954 5496 Dan.
982 5462 1053 5509 Ix,
1080 5446 1165 5500 ενι.

1242 5448 1262 5478 ³
1287 5449 1417 5501 Gen.
1444 5466 1584 5510 xm,
1613 5453 1692 5503 10.

420 5511 441 5540 ⁸
466 5509 662 5564 Thren.
692 5527 727 5574 ι,
754 5513 800 5565 1.
878 5517 896 5546 ⁹
923 5516 1046 5568 ibid.
1077 5533 1130 5568 ιι.

1210 5519 1251 5546 ¹⁰
1278 5519 1440 5572 Exod.
1466 5535 1631 5581 χχχιι,
1662 5522 1745 5574 12.

1773 5453 1792 5482 ⁸
1815 5454 1941 5504 Dm.
1972 5469 2040 5506 Ix.
2063 5453 2150 5511 25',
2175 5454 2265 5504 “26.
2343 5455 2361 5484 ⁸
2387 5453 2586 5506 Thrcn.
2617 5471 2650 5515 ι,
2681 5456 2728 5508 l.

1822 5519 2363 5590 "lllio-g.xx1t',l7.

2805 5459 2825 5487 °
2854 5457 2980 5509 Ibid.
3055 5457 3074 5486 ⁷
3097 5456 3229 5512 Osce
3255 5476 3290 5522 ι,
3329 5464 3398 5526 ’.ι;

293 5685 403 5746 (33)
438 5685 507 5738 De
538 5684 767 5741 Danielis
799 5687 1213 5743 hebdomadibus
1246 5690 1559 5746 Beucdictds
1590 5692 1832 5748 l’ererins
1865 5704 1914 5746 et
1941 5694 2314 5749 (Zenebrardus
2350 5697 2400 5749 in
2429 5695 2797 5762 Chronologia.
