  <div class='ocr_page' id='page_1' title='image "/cluster/home/n/w/nwhite01/storage/ocr_20150623/133/pst.000005714490/497.png"; bbox 0 0 3956 6324; ppageno 0'>
   <div class='ocr_carea' id='block_1_1' title="bbox 577 289 3775 358">
    <p class='ocr_par' dir='ltr' id='par_1_1' title="bbox 577 289 3775 358">
     <span class='ocr_line' id='line_1_1' title="bbox 577 289 3775 358; baseline 0 -2"><span class='ocrx_word' id='word_1_1' title='bbox 577 290 687 358; x_wconf 84' lang='lat'><strong>863</strong></span> <span class='ocrx_word' id='word_1_2' title='bbox 1766 289 2078 352; x_wconf 81' lang='lat' dir='ltr'><strong>ANDRON</strong></span> <span class='ocrx_word' id='word_1_3' title='bbox 2088 290 2186 351; x_wconf 87' lang='lat' dir='ltr'><strong>[CI</strong></span> <span class='ocrx_word' id='word_1_4' title='bbox 2218 291 2560 355; x_wconf 71' lang='lat' dir='ltr'><strong>COMNENI</strong></span> <span class='ocrx_word' id='word_1_5' title='bbox 3684 297 3775 357; x_wconf 66' lang='lat' dir='ltr'><strong>8M</strong></span> 
     </span>
    </p>
   </div>
   <div class='ocr_carea' id='block_1_2' title="bbox 570 401 3774 475">
    <p class='ocr_par' dir='ltr' id='par_1_2' title="bbox 570 401 3774 475">
     <span class='ocr_line' id='line_1_2' title="bbox 570 401 3774 475; baseline -0.001 -13"><span class='ocrx_word' id='word_1_6' title='bbox 570 405 837 469; x_wconf 75' lang='lat' dir='ltr'><strong>Jeremlae,</strong></span> <span class='ocrx_word' id='word_1_7' title='bbox 888 417 952 459; x_wconf 78' lang='lat' dir='ltr'><strong>ex</strong></span> <span class='ocrx_word' id='word_1_8' title='bbox 1005 404 1094 458; x_wconf 86' lang='lat' dir='ltr'><strong>Dei</strong></span> <span class='ocrx_word' id='word_1_9' title='bbox 1149 416 1376 471; x_wconf 80' lang='lat' dir='ltr'><strong>persona</strong></span> <span class='ocrx_word' id='word_1_10' title='bbox 1407 401 1779 457; x_wconf 81' lang='lat' dir='ltr'><strong>conﬁrmantis</strong></span> <span class='ocrx_word' id='word_1_11' title='bbox 1815 417 1875 453; x_wconf 78' lang='lat' dir='ltr'><strong>:t</strong></span> <span class='ocrx_word' id='word_1_12' title='bbox 1937 402 1993 456; x_wconf 92' lang='lat' dir='ltr'><strong>Si</strong></span> <span class='ocrx_word' id='word_1_13' title='bbox 2027 411 2137 455; x_wconf 83' lang='lat' dir='ltr'><strong>ste-</strong></span> <span class='ocrx_word' id='word_1_14' title='bbox 2163 401 2213 458; x_wconf 83' lang='grc' dir='ltr'><strong>Α</strong></span> <span class='ocrx_word' id='word_1_15' title='bbox 2237 402 2446 469; x_wconf 75' lang='lat' dir='ltr'><strong>afﬂixit,</strong></span> <span class='ocrx_word' id='word_1_16' title='bbox 2482 416 2538 460; x_wconf 93' lang='lat' dir='ltr'><strong>ut</strong></span> <span class='ocrx_word' id='word_1_17' title='bbox 2571 425 2590 459; x_wconf 76' lang='grc' dir='ltr'>ι</span> <span class='ocrx_word' id='word_1_18' title='bbox 2628 409 2830 474; x_wconf 80' lang='lat' dir='ltr'><strong>parvuli</strong></span> <span class='ocrx_word' id='word_1_19' title='bbox 2855 408 2967 474; x_wconf 83' lang='lat' dir='ltr'><strong>ejus</strong></span> <span class='ocrx_word' id='word_1_20' title='bbox 3006 408 3150 462; x_wconf 88' lang='lat' dir='ltr'><strong>ducti</strong></span> <span class='ocrx_word' id='word_1_21' title='bbox 3182 411 3290 464; x_wconf 90' lang='lat' dir='ltr'><strong>sint</strong></span> <span class='ocrx_word' id='word_1_22' title='bbox 3333 410 3386 463; x_wconf 89' lang='lat' dir='ltr'><strong>in</strong></span> <span class='ocrx_word' id='word_1_23' title='bbox 3418 408 3774 475; x_wconf 77' lang='lat' dir='ltr'><strong>captivitatmu</strong></span> 
     </span>
    </p>
   </div>
   <div class='ocr_carea' id='block_1_3' title="bbox 572 493 3775 564">
    <p class='ocr_par' dir='ltr' id='par_1_3' title="bbox 572 493 3775 564">
     <span class='ocr_line' id='line_1_3' title="bbox 572 493 3775 564; baseline -0.001 -11"><span class='ocrx_word' id='word_1_24' title='bbox 572 497 699 553; x_wconf 85' lang='lat' dir='ltr'><strong>terit</strong></span> <span class='ocrx_word' id='word_1_25' title='bbox 752 496 922 551; x_wconf 82' lang='lat' dir='ltr'><strong>Moses</strong></span> <span class='ocrx_word' id='word_1_26' title='bbox 967 505 1020 549; x_wconf 92' lang='lat' dir='ltr'><strong>et</strong></span> <span class='ocrx_word' id='word_1_27' title='bbox 1069 493 1286 549; x_wconf 82' lang='lat' dir='ltr'><strong>Samuel</strong></span> <span class='ocrx_word' id='word_1_28' title='bbox 1341 510 1521 548; x_wconf 91' lang='lat' dir='ltr'><strong>coram</strong></span> <span class='ocrx_word' id='word_1_29' title='bbox 1586 511 1669 548; x_wconf 87' lang='lat' dir='ltr'><strong>me</strong></span> <span class='ocrx_word' id='word_1_30' title='bbox 1698 495 1763 558; x_wconf 74' lang='grc' dir='ltr'><strong>η,</strong></span> <span class='ocrx_word' id='word_1_31' title='bbox 1817 513 1836 545; x_wconf 74' lang='grc' dir='ltr'><strong><em>ι</em></strong></span> <span class='ocrx_word' id='word_1_32' title='bbox 1905 503 1966 548; x_wconf 80' lang='grc' dir='ltr'><strong>ιιι</strong></span> <span class='ocrx_word' id='word_1_33' title='bbox 2015 501 2140 548; x_wconf 89' lang='lat' dir='ltr'><strong>ante</strong></span> <span class='ocrx_word' id='word_1_34' title='bbox 2241 503 2364 547; x_wconf 87' lang='lat' dir='ltr'><strong>ante</strong></span> <span class='ocrx_word' id='word_1_35' title='bbox 2393 495 2580 550; x_wconf 87' lang='lat' dir='ltr'><strong>faciem</strong></span> <span class='ocrx_word' id='word_1_36' title='bbox 2622 498 2942 553; x_wconf 83' lang='lat' dir='ltr'><strong>tribulantis.</strong></span> <span class='ocrx_word' id='word_1_37' title='bbox 2983 518 3000 550; x_wconf 76' lang='grc' dir='ltr'><strong><em>ι</em></strong></span> <span class='ocrx_word' id='word_1_38' title='bbox 3056 499 3190 564; x_wconf 84' lang='lat' dir='ltr'><strong>Quia</strong></span> <span class='ocrx_word' id='word_1_39' title='bbox 3220 501 3360 552; x_wconf 89' lang='lat' dir='ltr'><strong>enim</strong></span> <span class='ocrx_word' id='word_1_40' title='bbox 3409 500 3460 552; x_wconf 90' lang='lat' dir='ltr'><strong>in</strong></span> <span class='ocrx_word' id='word_1_41' title='bbox 3517 500 3775 552; x_wconf 75' lang='lat' dir='ltr'><strong>Chi-isnon</strong></span> 
     </span>
    </p>
   </div>
   <div class='ocr_carea' id='block_1_4' title="bbox 572 583 3772 657">
    <p class='ocr_par' dir='ltr' id='par_1_4' title="bbox 572 583 3772 657">
     <span class='ocr_line' id='line_1_4' title="bbox 572 583 3772 657; baseline 0 -16"><span class='ocrx_word' id='word_1_42' title='bbox 572 589 973 657; x_wconf 87' lang='lat' dir='ltr'><strong>deprecatores,</strong></span> <span class='ocrx_word' id='word_1_43' title='bbox 1025 601 1131 639; x_wconf 91' lang='lat' dir='ltr'><strong>non</strong></span> <span class='ocrx_word' id='word_1_44' title='bbox 1157 585 1434 640; x_wconf 80' lang='lat' dir='ltr'><strong>exaudiam</strong></span> <span class='ocrx_word' id='word_1_45' title='bbox 1464 600 1578 639; x_wconf 86' lang='lat' dir='ltr'><strong>eos.</strong></span> <span class='ocrx_word' id='word_1_46' title='bbox 1614 602 1632 636; x_wconf 82' lang='lat' dir='ltr'><strong>t</strong></span> <span class='ocrx_word' id='word_1_47' title='bbox 1670 585 1778 639; x_wconf 68' lang='lat' dir='ltr'><strong>Viae</strong></span> <span class='ocrx_word' id='word_1_48' title='bbox 1807 584 1932 638; x_wconf 89' lang='lat' dir='ltr'><strong>Sion</strong></span> <span class='ocrx_word' id='word_1_49' title='bbox 1964 583 2144 652; x_wconf 80' lang='lat' dir='ltr'><strong>lugent</strong></span> <span class='ocrx_word' id='word_1_50' title='bbox 2242 584 2589 652; x_wconf 85' lang='lat' dir='ltr'><strong>debacchata,</strong></span> <span class='ocrx_word' id='word_1_51' title='bbox 2623 587 2853 644; x_wconf 81' lang='lat' dir='ltr'><strong>infantes</strong></span> <span class='ocrx_word' id='word_1_52' title='bbox 2907 589 3340 644; x_wconf 86' lang='lat' dir='ltr'><strong>Bethleemiticos</strong></span> <span class='ocrx_word' id='word_1_53' title='bbox 3371 590 3772 650; x_wconf 85' lang='lat' dir='ltr'><strong>contrucidarat.</strong></span> 
     </span>
    </p>
   </div>
   <div class='ocr_carea' id='block_1_5' title="bbox 573 672 2963 748">
    <p class='ocr_par' dir='ltr' id='par_1_5' title="bbox 573 672 2963 748">
     <span class='ocr_line' id='line_1_5' title="bbox 573 672 2963 748; baseline 0.002 -19"><span class='ocrx_word' id='word_1_54' title='bbox 573 693 639 729; x_wconf 92' lang='lat' dir='ltr'><strong>co</strong></span> <span class='ocrx_word' id='word_1_55' title='bbox 662 675 804 744; x_wconf 88' lang='lat' dir='ltr'><strong>quod</strong></span> <span class='ocrx_word' id='word_1_56' title='bbox 844 688 949 727; x_wconf 88' lang='lat' dir='ltr'><strong>non</strong></span> <span class='ocrx_word' id='word_1_57' title='bbox 984 675 1114 737; x_wconf 92' lang='lat' dir='ltr'><strong>sint,</strong></span> <span class='ocrx_word' id='word_1_58' title='bbox 1141 674 1231 740; x_wconf 90' lang='lat' dir='ltr'><strong>qui</strong></span> <span class='ocrx_word' id='word_1_59' title='bbox 1265 675 1488 726; x_wconf 90' lang='lat' dir='ltr'><strong>veniant</strong></span> <span class='ocrx_word' id='word_1_60' title='bbox 1519 674 1584 726; x_wconf 90' lang='lat' dir='ltr'><strong>ad</strong></span> <span class='ocrx_word' id='word_1_61' title='bbox 1607 673 2001 729; x_wconf 70' lang='lat' dir='ltr'><strong>solemnitatem</strong></span> <span class='ocrx_word' id='word_1_62' title='bbox 2030 672 2095 725; x_wconf 77' lang='lat'><strong>“.</strong></span> <span class='ocrx_word' id='word_1_63' title='bbox 2117 691 2136 724; x_wconf 70' lang='grc' dir='ltr'><strong>ι</strong></span> <span class='ocrx_word' id='word_1_64' title='bbox 2241 685 2394 728; x_wconf 90' lang='lat' dir='ltr'><strong>erunt</strong></span> <span class='ocrx_word' id='word_1_65' title='bbox 2427 674 2478 729; x_wconf 94' lang='lat' dir='ltr'><strong>hi</strong></span> <span class='ocrx_word' id='word_1_66' title='bbox 2509 691 2719 745; x_wconf 88' lang='lat' dir='ltr'><strong>quoque</strong></span> <span class='ocrx_word' id='word_1_67' title='bbox 2747 681 2963 748; x_wconf 82' lang='lat' dir='ltr'><strong>captivi.</strong></span> 
     </span>
    </p>
   </div>
   <div class='ocr_carea' id='block_1_6' title="bbox 574 761 3767 835">
    <p class='ocr_par' dir='ltr' id='par_1_6' title="bbox 574 761 3767 835">
     <span class='ocr_line' id='line_1_6' title="bbox 574 761 3767 835; baseline -0 -13"><span class='ocrx_word' id='word_1_68' title='bbox 574 769 732 823; x_wconf 83' lang='lat' dir='ltr'><strong>Macti</strong></span> <span class='ocrx_word' id='word_1_69' title='bbox 767 768 947 821; x_wconf 82' lang='lat' dir='ltr'><strong>verbis</strong></span> <span class='ocrx_word' id='word_1_70' title='bbox 999 777 1114 820; x_wconf 85' lang='lat' dir='ltr'><strong>esto</strong></span> <span class='ocrx_word' id='word_1_71' title='bbox 1168 765 1332 818; x_wconf 85' lang='lat' dir='ltr'><strong>David</strong></span> <span class='ocrx_word' id='word_1_72' title='bbox 1389 776 1548 835; x_wconf 88' lang='lat' dir='ltr'><strong>atque</strong></span> <span class='ocrx_word' id='word_1_73' title='bbox 1600 765 1870 832; x_wconf 81' lang='lat' dir='ltr'><strong>Jeremia;</strong></span> <span class='ocrx_word' id='word_1_74' title='bbox 1902 782 2028 821; x_wconf 89' lang='lat' dir='ltr'><strong>nam</strong></span> <span class='ocrx_word' id='word_1_75' title='bbox 2054 766 2143 821; x_wconf 91' lang='lat' dir='ltr'><strong>ille</strong></span> <span class='ocrx_word' id='word_1_76' title='bbox 2319 780 2337 813; x_wconf 72' lang='grc' dir='ltr'><strong>ε</strong></span> <span class='ocrx_word' id='word_1_77' title='bbox 2373 761 2434 816; x_wconf 87' lang='grc' dir='ltr'><strong>Ει</strong></span> <span class='ocrx_word' id='word_1_78' title='bbox 2461 780 2708 835; x_wconf 85' lang='lat' dir='ltr'><strong>egressus</strong></span> <span class='ocrx_word' id='word_1_79' title='bbox 2742 777 2873 822; x_wconf 82' lang='lat' dir='ltr'><strong>esta</strong></span> <span class='ocrx_word' id='word_1_80' title='bbox 2913 769 3013 822; x_wconf 86' lang='lat' dir='ltr'><strong>lilia</strong></span> <span class='ocrx_word' id='word_1_81' title='bbox 3045 769 3170 823; x_wconf 92' lang='lat' dir='ltr'><strong>Sion</strong></span> <span class='ocrx_word' id='word_1_82' title='bbox 3205 771 3379 823; x_wconf 89' lang='lat' dir='ltr'><strong>omnis</strong></span> <span class='ocrx_word' id='word_1_83' title='bbox 3433 771 3596 822; x_wconf 68' lang='lat' dir='ltr'><strong>decor</strong></span> <span class='ocrx_word' id='word_1_84' title='bbox 3617 772 3767 835; x_wconf 67' lang='lat' dir='ltr'><strong>eius.»</strong></span> 
     </span>
    </p>
   </div>
   <div class='ocr_carea' id='block_1_7' title="bbox 580 855 3773 928">
    <p class='ocr_par' dir='ltr' id='par_1_7' title="bbox 580 855 3773 928">
     <span class='ocr_line' id='line_1_7' title="bbox 580 855 3773 928; baseline 0 -18"><span class='ocrx_word' id='word_1_85' title='bbox 580 858 755 914; x_wconf 64' lang='lat' dir='ltr'><strong>exsilii</strong></span> <span class='ocrx_word' id='word_1_86' title='bbox 800 857 1105 926; x_wconf 82' lang='lat' dir='ltr'><strong>Babylonici</strong></span> <span class='ocrx_word' id='word_1_87' title='bbox 1147 856 1423 924; x_wconf 83' lang='lat' dir='ltr'><strong>providus,</strong></span> <span class='ocrx_word' id='word_1_88' title='bbox 1456 870 1521 909; x_wconf 83' lang='lat' dir='ltr'><strong>ex</strong></span> <span class='ocrx_word' id='word_1_89' title='bbox 1573 855 1905 919; x_wconf 68' lang='lat' dir='ltr'><strong>mptivorum</strong></span> <span class='ocrx_word' id='word_1_90' title='bbox 1955 855 2143 925; x_wconf 66' lang='lat' dir='ltr'><strong>praeci-</strong></span> <span class='ocrx_word' id='word_1_91' title='bbox 2241 867 2359 920; x_wconf 80' lang='lat' dir='ltr'><strong>qme</strong></span> <span class='ocrx_word' id='word_1_92' title='bbox 2406 870 2584 910; x_wconf 87' lang='lat' dir='ltr'><strong>veram</strong></span> <span class='ocrx_word' id='word_1_93' title='bbox 2650 858 3003 926; x_wconf 72' lang='lat' dir='ltr'><strong>maiestatem,</strong></span> <span class='ocrx_word' id='word_1_94' title='bbox 3046 870 3100 914; x_wconf 87' lang='lat' dir='ltr'><strong>et</strong></span> <span class='ocrx_word' id='word_1_95' title='bbox 3160 875 3267 928; x_wconf 81' lang='lat' dir='ltr'><strong>prae</strong></span> <span class='ocrx_word' id='word_1_96' title='bbox 3325 861 3603 913; x_wconf 85' lang='lat' dir='ltr'><strong>hominum</strong></span> <span class='ocrx_word' id='word_1_97' title='bbox 3651 862 3773 913; x_wconf 86' lang='lat' dir='ltr'><strong>natis</strong></span> 
     </span>
    </p>
   </div>
   <div class='ocr_carea' id='block_1_8' title="bbox 577 944 3774 1017">
    <p class='ocr_par' dir='ltr' id='par_1_8' title="bbox 577 944 3774 1017">
     <span class='ocr_line' id='line_1_8' title="bbox 577 944 3774 1017; baseline 0 -17"><span class='ocrx_word' id='word_1_98' title='bbox 577 950 658 1001; x_wconf 90' lang='lat' dir='ltr'><strong>nit</strong></span> <span class='ocrx_word' id='word_1_99' title='bbox 718 962 993 1016; x_wconf 84' lang='lat' dir='ltr'><strong>persona:</strong></span> <span class='ocrx_word' id='word_1_100' title='bbox 1043 964 1061 996; x_wconf 82' lang='lat' dir='ltr'><strong>t</strong></span> <span class='ocrx_word' id='word_1_101' title='bbox 1100 945 1275 1015; x_wconf 82' lang='lat' dir='ltr'><strong>Super</strong></span> <span class='ocrx_word' id='word_1_102' title='bbox 1305 944 1520 997; x_wconf 79' lang='lat' dir='ltr'><strong>ﬂumina</strong></span> <span class='ocrx_word' id='word_1_103' title='bbox 1548 944 1835 1014; x_wconf 78' lang='lat' dir='ltr'><strong>Babylonis</strong></span> <span class='ocrx_word' id='word_1_104' title='bbox 1870 946 1973 999; x_wconf 91' lang='lat' dir='ltr'><strong>illic</strong></span> <span class='ocrx_word' id='word_1_105' title='bbox 2000 945 2143 998; x_wconf 85' lang='lat' dir='ltr'><strong>sedi—</strong></span> <span class='ocrx_word' id='word_1_106' title='bbox 2243 944 2412 998; x_wconf 86' lang='lat' dir='ltr'><strong>forma</strong></span> <span class='ocrx_word' id='word_1_107' title='bbox 2461 947 2718 1014; x_wconf 77' lang='lat' dir='ltr'><strong>insignem</strong></span> <span class='ocrx_word' id='word_1_108' title='bbox 2779 960 3043 1010; x_wconf 86' lang='lat' dir='ltr'><strong>aversata,</strong></span> <span class='ocrx_word' id='word_1_109' title='bbox 3104 950 3339 1003; x_wconf 78' lang='lat' dir='ltr'><strong>exsulem</strong></span> <span class='ocrx_word' id='word_1_110' title='bbox 3405 952 3456 1002; x_wconf 90' lang='lat' dir='ltr'><strong>in</strong></span> <span class='ocrx_word' id='word_1_111' title='bbox 3500 948 3774 1017; x_wconf 60' lang='lat' dir='ltr'><strong>Egyptnm</strong></span> 
     </span>
    </p>
   </div>
   <div class='ocr_carea' id='block_1_9' title="bbox 579 1033 3775 1109">
    <p class='ocr_par' dir='ltr' id='par_1_9' title="bbox 579 1033 3775 1109">
     <span class='ocr_line' id='line_1_9' title="bbox 579 1033 3775 1109; baseline 0.001 -18"><span class='ocrx_word' id='word_1_112' title='bbox 579 1055 698 1092; x_wconf 87' lang='lat' dir='ltr'><strong>ntus</strong></span> <span class='ocrx_word' id='word_1_113' title='bbox 768 1048 821 1090; x_wconf 87' lang='lat' dir='ltr'><strong>et</strong></span> <span class='ocrx_word' id='word_1_114' title='bbox 881 1038 1147 1100; x_wconf 82' lang='lat' dir='ltr'><strong>ﬂevimus,</strong></span> <span class='ocrx_word' id='word_1_115' title='bbox 1207 1051 1328 1090; x_wconf 90' lang='lat' dir='ltr'><strong>cum</strong></span> <span class='ocrx_word' id='word_1_116' title='bbox 1383 1037 1799 1090; x_wconf 86' lang='lat' dir='ltr'><strong>recordaremur</strong></span> <span class='ocrx_word' id='word_1_117' title='bbox 1861 1035 2012 1090; x_wconf 90' lang='lat' dir='ltr'><strong>Sion.</strong></span> <span class='ocrx_word' id='word_1_118' title='bbox 2082 1033 2139 1087; x_wconf 87' lang='lat' dir='ltr'><strong>ltt</strong></span> <span class='ocrx_word' id='word_1_119' title='bbox 2241 1036 2565 1090; x_wconf 88' lang='lat' dir='ltr'><strong>amandaril.</strong></span> <span class='ocrx_word' id='word_1_120' title='bbox 2627 1057 2644 1088; x_wconf 75' lang='grc' dir='ltr'>ι</span> <span class='ocrx_word' id='word_1_121' title='bbox 2681 1038 2829 1093; x_wconf 86' lang='lat' dir='ltr'><strong>Facti</strong></span> <span class='ocrx_word' id='word_1_122' title='bbox 2856 1051 2978 1094; x_wconf 88' lang='lat' dir='ltr'><strong>sunt</strong></span> <span class='ocrx_word' id='word_1_123' title='bbox 3003 1042 3268 1109; x_wconf 84' lang='lat' dir='ltr'><strong>principes</strong></span> <span class='ocrx_word' id='word_1_124' title='bbox 3292 1038 3403 1108; x_wconf 85' lang='lat' dir='ltr'><strong>ejus</strong></span> <span class='ocrx_word' id='word_1_125' title='bbox 3437 1041 3775 1093; x_wconf 85' lang='lat' dir='ltr'><strong>velutarietes</strong></span> 
     </span>
    </p>
   </div>
   <div class='ocr_carea' id='block_1_10' title="bbox 579 1120 2141 1194">
    <p class='ocr_par' dir='ltr' id='par_1_10' title="bbox 579 1128 2135 1194">
     <span class='ocr_line' id='line_1_10' title="bbox 579 1128 2135 1194; baseline 0.001 -14"><span class='ocrx_word' id='word_1_126' title='bbox 579 1130 832 1184; x_wconf 75' lang='lat' dir='ltr'><strong>salicibus</strong></span> <span class='ocrx_word' id='word_1_127' title='bbox 863 1130 915 1182; x_wconf 92' lang='lat' dir='ltr'><strong>in</strong></span> <span class='ocrx_word' id='word_1_128' title='bbox 944 1130 1116 1182; x_wconf 89' lang='lat' dir='ltr'><strong>medio</strong></span> <span class='ocrx_word' id='word_1_129' title='bbox 1140 1128 1254 1193; x_wconf 84' lang='lat' dir='ltr'><strong>ejus</strong></span> <span class='ocrx_word' id='word_1_130' title='bbox 1283 1130 1663 1194; x_wconf 85' lang='lat' dir='ltr'><strong>suspendimus</strong></span> <span class='ocrx_word' id='word_1_131' title='bbox 1699 1142 1901 1194; x_wconf 85' lang='lat' dir='ltr'><strong>organa</strong></span> <span class='ocrx_word' id='word_1_132' title='bbox 1931 1136 2135 1182; x_wconf 86' lang='lat' dir='ltr'><strong>nostra.</strong></span> 
     </span>
    </p>
   </div>
   <div class='ocr_carea' id='block_1_11' title="bbox 2210 1120 3772 1194">
    <p class='ocr_par' dir='ltr' id='par_1_11' title="bbox 2242 1120 3772 1191">
     <span class='ocr_line' id='line_1_11' title="bbox 2242 1120 3772 1191; baseline 0.001 -20"><span class='ocrx_word' id='word_1_133' title='bbox 2242 1135 2348 1171; x_wconf 89' lang='lat' dir='ltr'><strong>non</strong></span> <span class='ocrx_word' id='word_1_134' title='bbox 2378 1120 2704 1174; x_wconf 87' lang='lat' dir='ltr'><strong>invenientes</strong></span> <span class='ocrx_word' id='word_1_135' title='bbox 2759 1137 2993 1191; x_wconf 88' lang='lat' dir='ltr'><strong>pascua;</strong></span> <span class='ocrx_word' id='word_1_136' title='bbox 3032 1143 3050 1175; x_wconf 75' lang='grc' dir='ltr'><strong><em>ι</em></strong></span> <span class='ocrx_word' id='word_1_137' title='bbox 3090 1140 3209 1176; x_wconf 90' lang='lat' dir='ltr'><strong>nam</strong></span> <span class='ocrx_word' id='word_1_138' title='bbox 3244 1140 3362 1176; x_wconf 83' lang='lat' dir='ltr'><strong>cum</strong></span> <span class='ocrx_word' id='word_1_139' title='bbox 3403 1122 3602 1176; x_wconf 85' lang='lat' dir='ltr'><strong>nollent</strong></span> <span class='ocrx_word' id='word_1_140' title='bbox 3630 1121 3772 1174; x_wconf 88' lang='lat' dir='ltr'><strong>Chri-</strong></span> 
     </span>
    </p>
   </div>
   <div class='ocr_carea' id='block_1_12' title="bbox 578 1210 3774 1285">
    <p class='ocr_par' dir='ltr' id='par_1_12' title="bbox 578 1210 3774 1285">
     <span class='ocr_line' id='line_1_12' title="bbox 578 1210 3774 1285; baseline -0 -18"><span class='ocrx_word' id='word_1_141' title='bbox 578 1217 714 1282; x_wconf 85' lang='lat' dir='ltr'><strong>Quia</strong></span> <span class='ocrx_word' id='word_1_142' title='bbox 750 1219 859 1272; x_wconf 90' lang='lat' dir='ltr'><strong>illic</strong></span> <span class='ocrx_word' id='word_1_143' title='bbox 892 1219 1356 1285; x_wconf 73' lang='lat' dir='ltr'><strong>interrogaverunt</strong></span> <span class='ocrx_word' id='word_1_144' title='bbox 1409 1233 1524 1279; x_wconf 84' lang='lat' dir='ltr'><strong>nos,</strong></span> <span class='ocrx_word' id='word_1_145' title='bbox 1561 1217 1648 1282; x_wconf 86' lang='lat' dir='ltr'><strong>qui</strong></span> <span class='ocrx_word' id='word_1_146' title='bbox 1702 1218 1943 1284; x_wconf 83' lang='lat' dir='ltr'><strong>captivos</strong></span> <span class='ocrx_word' id='word_1_147' title='bbox 1975 1217 2140 1270; x_wconf 82' lang='lat' dir='ltr'><strong>duxe-</strong></span> <span class='ocrx_word' id='word_1_148' title='bbox 2243 1210 2311 1262; x_wconf 81' lang='lat' dir='ltr'><strong>sli</strong></span> <span class='ocrx_word' id='word_1_149' title='bbox 2361 1211 2550 1264; x_wconf 64' lang='lat' dir='ltr'><strong>ovibus</strong></span> <span class='ocrx_word' id='word_1_150' title='bbox 2588 1220 2640 1264; x_wconf 84' lang='lat' dir='ltr'><strong>et</strong></span> <span class='ocrx_word' id='word_1_151' title='bbox 2671 1213 2954 1277; x_wconf 87' lang='lat' dir='ltr'><strong>pecoribus</strong></span> <span class='ocrx_word' id='word_1_152' title='bbox 3001 1215 3216 1269; x_wconf 79' lang='lat' dir='ltr'><strong>accensi</strong></span> <span class='ocrx_word' id='word_1_153' title='bbox 3256 1229 3283 1266; x_wconf 91' lang='lat' dir='ltr'><strong>a</strong></span> <span class='ocrx_word' id='word_1_154' title='bbox 3328 1228 3452 1267; x_wconf 89' lang='lat' dir='ltr'><strong>vero</strong></span> <span class='ocrx_word' id='word_1_155' title='bbox 3487 1224 3690 1281; x_wconf 84' lang='lat' dir='ltr'><strong>pastore</strong></span> <span class='ocrx_word' id='word_1_156' title='bbox 3715 1211 3774 1264; x_wconf 88' lang='lat' dir='ltr'><strong>ad</strong></span> 
     </span>
    </p>
   </div>
   <div class='ocr_carea' id='block_1_13' title="bbox 580 1300 3776 1375">
    <p class='ocr_par' dir='ltr' id='par_1_13' title="bbox 580 1300 3776 1375">
     <span class='ocr_line' id='line_1_13' title="bbox 580 1300 3776 1375; baseline 0.003 -14"><span class='ocrx_word' id='word_1_157' title='bbox 580 1321 704 1361; x_wconf 91' lang='lat' dir='ltr'><strong>runt</strong></span> <span class='ocrx_word' id='word_1_158' title='bbox 748 1324 866 1373; x_wconf 92' lang='lat' dir='ltr'><strong>nos,</strong></span> <span class='ocrx_word' id='word_1_159' title='bbox 901 1312 1056 1363; x_wconf 87' lang='lat' dir='ltr'><strong>verba</strong></span> <span class='ocrx_word' id='word_1_160' title='bbox 1082 1309 1412 1362; x_wconf 89' lang='lat' dir='ltr'><strong>cantionum.</strong></span> <span class='ocrx_word' id='word_1_161' title='bbox 1437 1309 1501 1360; x_wconf 88' lang='lat' dir='ltr'><strong>Et</strong></span> <span class='ocrx_word' id='word_1_162' title='bbox 1533 1307 2136 1375; x_wconf 61' lang='lat' dir='ltr'><strong>quiabduxeruntnos‘:</strong></span> <span class='ocrx_word' id='word_1_163' title='bbox 2243 1315 2508 1368; x_wconf 71' lang='grc' dir='ltr'><strong>Ρθτθηηεε</strong></span> <span class='ocrx_word' id='word_1_164' title='bbox 2545 1300 2740 1356; x_wconf 63' lang='lat' dir='ltr'><strong>herbas</strong></span> <span class='ocrx_word' id='word_1_165' title='bbox 2774 1303 2949 1367; x_wconf 69' lang='grc' dir='ltr'><strong>υάυοῖν</strong></span> <span class='ocrx_word' id='word_1_166' title='bbox 2991 1313 3043 1357; x_wconf 78' lang='grc' dir='ltr'><strong>ει</strong></span> <span class='ocrx_word' id='word_1_167' title='bbox 3093 1305 3297 1358; x_wconf 51' lang='lat' dir='ltr'><strong>“fictili</strong></span> <span class='ocrx_word' id='word_1_168' title='bbox 3325 1305 3498 1357; x_wconf 74' lang='lat' dir='ltr'><strong>mulso</strong></span> <span class='ocrx_word' id='word_1_169' title='bbox 3543 1314 3776 1371; x_wconf 72' lang='grc' dir='ltr'><strong>ιτιιιίιιιπηι</strong></span> 
     </span>
    </p>
   </div>
   <div class='ocr_carea' id='block_1_14' title="bbox 585 1393 3776 1469">
    <p class='ocr_par' dir='ltr' id='par_1_14' title="bbox 585 1393 3776 1469">
     <span class='ocr_line' id='line_1_14' title="bbox 585 1393 3776 1469; baseline -0 -21"><span class='ocrx_word' id='word_1_170' title='bbox 585 1400 852 1469; x_wconf 79' lang='lat' dir='ltr'><strong>llymnum</strong></span> <span class='ocrx_word' id='word_1_171' title='bbox 902 1408 1116 1452; x_wconf 85' lang='lat' dir='ltr'><strong>cantate</strong></span> <span class='ocrx_word' id='word_1_172' title='bbox 1149 1399 1302 1451; x_wconf 91' lang='lat' dir='ltr'><strong>nobis</strong></span> <span class='ocrx_word' id='word_1_173' title='bbox 1332 1399 1395 1450; x_wconf 89' lang='lat' dir='ltr'><strong>de</strong></span> <span class='ocrx_word' id='word_1_174' title='bbox 1420 1397 1646 1451; x_wconf 88' lang='lat' dir='ltr'><strong>canticis</strong></span> <span class='ocrx_word' id='word_1_175' title='bbox 1694 1395 2142 1463; x_wconf 85' lang='lat' dir='ltr'><strong>Sion.Quomodo</strong></span> <span class='ocrx_word' id='word_1_176' title='bbox 2244 1408 2380 1461; x_wconf 88' lang='lat' dir='ltr'><strong>aqua</strong></span> <span class='ocrx_word' id='word_1_177' title='bbox 2423 1393 2628 1462; x_wconf 76' lang='lat' dir='ltr'><strong>irrigui,</strong></span> <span class='ocrx_word' id='word_1_178' title='bbox 2672 1395 2721 1447; x_wconf 89' lang='lat' dir='ltr'><strong>in</strong></span> <span class='ocrx_word' id='word_1_179' title='bbox 2746 1395 2962 1448; x_wconf 74' lang='lat' dir='ltr'><strong>aeternis</strong></span> <span class='ocrx_word' id='word_1_180' title='bbox 2991 1395 3272 1449; x_wconf 83' lang='lat' dir='ltr'><strong>domiciliis</strong></span> <span class='ocrx_word' id='word_1_181' title='bbox 3309 1395 3590 1460; x_wconf 72' lang='lat' dir='ltr'><strong>stabulari,</strong></span> <span class='ocrx_word' id='word_1_182' title='bbox 3622 1413 3638 1445; x_wconf 76' lang='grc' dir='ltr'><strong><em>ι</em></strong></span> <span class='ocrx_word' id='word_1_183' title='bbox 3665 1395 3776 1448; x_wconf 89' lang='lat' dir='ltr'><strong>ldeo</strong></span> 
     </span>
    </p>
   </div>
   <div class='ocr_carea' id='block_1_15' title="bbox 582 1484 3774 1554">
    <p class='ocr_par' dir='ltr' id='par_1_15' title="bbox 582 1484 3774 1554">
     <span class='ocr_line' id='line_1_15' title="bbox 582 1484 3774 1554; baseline -0.002 -11"><span class='ocrx_word' id='word_1_184' title='bbox 582 1490 921 1543; x_wconf 86' lang='lat' dir='ltr'><strong>cantabimus</strong></span> <span class='ocrx_word' id='word_1_185' title='bbox 969 1490 1232 1542; x_wconf 88' lang='lat' dir='ltr'><strong>canticum</strong></span> <span class='ocrx_word' id='word_1_186' title='bbox 1278 1487 1487 1541; x_wconf 89' lang='lat' dir='ltr'><strong>Domini</strong></span> <span class='ocrx_word' id='word_1_187' title='bbox 1520 1488 1570 1540; x_wconf 87' lang='lat' dir='ltr'><strong>itt</strong></span> <span class='ocrx_word' id='word_1_188' title='bbox 1609 1498 1748 1539; x_wconf 87' lang='lat' dir='ltr'><strong>terra</strong></span> <span class='ocrx_word' id='word_1_189' title='bbox 1804 1490 1974 1541; x_wconf 89' lang='lat' dir='ltr'><strong>aliena</strong></span> <span class='ocrx_word' id='word_1_190' title='bbox 2005 1490 2091 1541; x_wconf 76' lang='lat'><strong>“?</strong></span> <span class='ocrx_word' id='word_1_191' title='bbox 2118 1509 2134 1540; x_wconf 76' lang='grc' dir='ltr'><strong><em>ι</em></strong></span> <span class='ocrx_word' id='word_1_192' title='bbox 2244 1484 2509 1551; x_wconf 85' lang='lat' dir='ltr'><strong>principes</strong></span> <span class='ocrx_word' id='word_1_193' title='bbox 2544 1485 2658 1551; x_wconf 87' lang='lat' dir='ltr'><strong>ejus</strong></span> <span class='ocrx_word' id='word_1_194' title='bbox 2695 1486 3051 1538; x_wconf 87' lang='lat' dir='ltr'><strong>velutarietes</strong></span> <span class='ocrx_word' id='word_1_195' title='bbox 3093 1501 3196 1540; x_wconf 91' lang='lat' dir='ltr'><strong>non</strong></span> <span class='ocrx_word' id='word_1_196' title='bbox 3235 1486 3566 1540; x_wconf 87' lang='lat' dir='ltr'><strong>invenientes</strong></span> <span class='ocrx_word' id='word_1_197' title='bbox 3597 1501 3774 1554; x_wconf 89' lang='lat' dir='ltr'><strong>pascua</strong></span> 
     </span>
    </p>
   </div>
   <div class='ocr_carea' id='block_1_16' title="bbox 592 1574 3774 1646">
    <p class='ocr_par' dir='ltr' id='par_1_16' title="bbox 592 1574 3774 1646">
     <span class='ocr_line' id='line_1_16' title="bbox 592 1574 3774 1646; baseline -0.001 -15"><span class='ocrx_word' id='word_1_198' title='bbox 592 1579 1012 1646; x_wconf 83' lang='lat' dir='ltr'><strong>respondebant,</strong></span> <span class='ocrx_word' id='word_1_199' title='bbox 1063 1579 1151 1646; x_wconf 91' lang='lat' dir='ltr'><strong>qni</strong></span> <span class='ocrx_word' id='word_1_200' title='bbox 1192 1578 1424 1630; x_wconf 73' lang='lat' dir='ltr'><strong>fortasse</strong></span> <span class='ocrx_word' id='word_1_201' title='bbox 1457 1578 1683 1629; x_wconf 77' lang='lat' dir='ltr'><strong>reditum</strong></span> <span class='ocrx_word' id='word_1_202' title='bbox 1740 1588 2042 1644; x_wconf 85' lang='lat' dir='ltr'><strong>sperarent.</strong></span> <span class='ocrx_word' id='word_1_203' title='bbox 2074 1579 2142 1631; x_wconf 83' lang='lat' dir='ltr'><strong>At</strong></span> <span class='ocrx_word' id='word_1_204' title='bbox 2244 1574 2489 1627; x_wconf 84' lang='lat' dir='ltr'><strong>abierunt</strong></span> <span class='ocrx_word' id='word_1_205' title='bbox 2527 1591 2540 1626; x_wconf 90' lang='lat'><strong>:</strong></span> <span class='ocrx_word' id='word_1_206' title='bbox 2584 1583 2635 1626; x_wconf 84' lang='lat' dir='ltr'><strong>et</strong></span> <span class='ocrx_word' id='word_1_207' title='bbox 2669 1574 2911 1627; x_wconf 90' lang='lat' dir='ltr'><strong>abierunt</strong></span> <span class='ocrx_word' id='word_1_208' title='bbox 2942 1575 3146 1642; x_wconf 86' lang='lat' dir='ltr'><strong>absque</strong></span> <span class='ocrx_word' id='word_1_209' title='bbox 3187 1576 3501 1629; x_wconf 79' lang='lat' dir='ltr'><strong>fortitudine</strong></span> <span class='ocrx_word' id='word_1_210' title='bbox 3541 1586 3661 1629; x_wconf 88' lang='lat' dir='ltr'><strong>ante</strong></span> <span class='ocrx_word' id='word_1_211' title='bbox 3701 1576 3774 1628; x_wconf 84' lang='lat' dir='ltr'><strong>fa-</strong></span> 
     </span>
    </p>
   </div>
   <div class='ocr_carea' id='block_1_17' title="bbox 582 1657 3775 1770">
    <p class='ocr_par' dir='ltr' id='par_1_17' title="bbox 582 1657 3775 1770">
     <span class='ocr_line' id='line_1_17' title="bbox 582 1657 3775 1770; baseline 0 -50"><span class='ocrx_word' id='word_1_212' title='bbox 582 1668 845 1721; x_wconf 80' lang='lat' dir='ltr'><strong>Jeretnias</strong></span> <span class='ocrx_word' id='word_1_213' title='bbox 888 1668 1035 1737; x_wconf 66' lang='lat' dir='ltr'><strong>regni</strong></span> <span class='ocrx_word' id='word_1_214' title='bbox 1095 1657 1389 1730; x_wconf 79' lang='lat' dir='ltr'><strong>interitum,</strong></span> <span class='ocrx_word' id='word_1_215' title='bbox 1437 1677 1488 1718; x_wconf 77' lang='lat' dir='ltr'><strong>et</strong></span> <span class='ocrx_word' id='word_1_216' title='bbox 1535 1666 1789 1735; x_wconf 81' lang='lat' dir='ltr'><strong>pontificii</strong></span> <span class='ocrx_word' id='word_1_217' title='bbox 1841 1667 2141 1736; x_wconf 69' lang='lat' dir='ltr'><strong>abrogatio-</strong></span> <span class='ocrx_word' id='word_1_218' title='bbox 2172 1715 2216 1770; x_wconf 72' lang='grc' dir='ltr'>Β</span> <span class='ocrx_word' id='word_1_219' title='bbox 2245 1662 2377 1713; x_wconf 69' lang='lat' dir='ltr'><strong>t&#39;iem</strong></span> <span class='ocrx_word' id='word_1_220' title='bbox 2439 1663 2808 1731; x_wconf 85' lang='lat' dir='ltr'><strong>subsequentis</strong></span> <span class='ocrx_word' id='word_1_221' title='bbox 2847 1666 2913 1718; x_wconf 82' lang='lat'><strong>&quot;.</strong></span> <span class='ocrx_word' id='word_1_222' title='bbox 2947 1683 2965 1715; x_wconf 73' lang='grc' dir='ltr'>ι</span> <span class='ocrx_word' id='word_1_223' title='bbox 3008 1665 3097 1718; x_wconf 88' lang='lat' dir='ltr'><strong>Dei</strong></span> <span class='ocrx_word' id='word_1_224' title='bbox 3148 1666 3214 1720; x_wconf 88' lang='lat' dir='ltr'><strong>ad</strong></span> <span class='ocrx_word' id='word_1_225' title='bbox 3250 1666 3461 1719; x_wconf 66' lang='lat' dir='ltr'><strong>Judaaos</strong></span> <span class='ocrx_word' id='word_1_226' title='bbox 3489 1666 3644 1720; x_wconf 85' lang='lat' dir='ltr'><strong>edicti</strong></span> <span class='ocrx_word' id='word_1_227' title='bbox 3680 1683 3775 1720; x_wconf 87' lang='lat' dir='ltr'><strong>tue-</strong></span> 
     </span>
    </p>
   </div>
   <div class='ocr_carea' id='block_1_18' title="bbox 583 1754 3773 1826">
    <p class='ocr_par' dir='ltr' id='par_1_18' title="bbox 583 1754 3773 1826">
     <span class='ocr_line' id='line_1_18' title="bbox 583 1754 3773 1826; baseline 0.001 -15"><span class='ocrx_word' id='word_1_228' title='bbox 583 1775 706 1811; x_wconf 89' lang='lat' dir='ltr'><strong>ncm</strong></span> <span class='ocrx_word' id='word_1_229' title='bbox 747 1759 1004 1822; x_wconf 88' lang='lat' dir='ltr'><strong>sentiens,</strong></span> <span class='ocrx_word' id='word_1_230' title='bbox 1039 1756 1343 1812; x_wconf 70' lang='lat' dir='ltr'><strong>Iudaeorum</strong></span> <span class='ocrx_word' id='word_1_231' title='bbox 1369 1757 1543 1811; x_wconf 84' lang='lat' dir='ltr'><strong>reditu</strong></span> <span class='ocrx_word' id='word_1_232' title='bbox 1580 1755 1799 1810; x_wconf 85' lang='lat' dir='ltr'><strong>Sioncm</strong></span> <span class='ocrx_word' id='word_1_233' title='bbox 1829 1758 2138 1826; x_wconf 78' lang='lat' dir='ltr'><strong>desperato,</strong></span> <span class='ocrx_word' id='word_1_234' title='bbox 2172 1754 2216 1770; x_wconf 69' lang='grc' dir='ltr'><strong><em>υ</em></strong></span> <span class='ocrx_word' id='word_1_235' title='bbox 2251 1767 2366 1803; x_wconf 78' lang='grc' dir='ltr'><strong>ιιιοΓ</strong></span> <span class='ocrx_word' id='word_1_236' title='bbox 2436 1762 2608 1815; x_wconf 69' lang='lat' dir='ltr'><strong>vales.</strong></span> <span class='ocrx_word' id='word_1_237' title='bbox 2687 1755 2842 1808; x_wconf 74' lang='grc' dir='ltr'><strong>ιτῑειϐ</strong></span> <span class='ocrx_word' id='word_1_238' title='bbox 2905 1754 3028 1807; x_wconf 75' lang='lat' dir='ltr'><strong>illud</strong></span> <span class='ocrx_word' id='word_1_239' title='bbox 3107 1756 3421 1809; x_wconf 60' lang='lat' dir='ltr'><strong>amittebat:</strong></span> <span class='ocrx_word' id='word_1_240' title='bbox 3467 1775 3485 1808; x_wconf 71' lang='grc' dir='ltr'><strong><em>ι</em></strong></span> <span class='ocrx_word' id='word_1_241' title='bbox 3533 1755 3773 1810; x_wconf 76' lang='grc' dir='ltr'><strong>Δὺῖετυηι</strong></span> 
     </span>
    </p>
   </div>
   <div class='ocr_carea' id='block_1_19' title="bbox 581 1841 3769 1916">
    <p class='ocr_par' dir='ltr' id='par_1_19' title="bbox 581 1841 3769 1916">
     <span class='ocr_line' id='line_1_19' title="bbox 581 1841 3769 1916; baseline -0 -16"><span class='ocrx_word' id='word_1_242' title='bbox 581 1857 636 1900; x_wconf 87' lang='lat' dir='ltr'><strong>et</strong></span> <span class='ocrx_word' id='word_1_243' title='bbox 687 1856 937 1916; x_wconf 84' lang='lat' dir='ltr'><strong>tanquam</strong></span> <span class='ocrx_word' id='word_1_244' title='bbox 977 1848 1334 1908; x_wconf 86' lang='lat' dir='ltr'><strong>clandicante,</strong></span> <span class='ocrx_word' id='word_1_245' title='bbox 1383 1853 1606 1899; x_wconf 66' lang='lat' dir='ltr'><strong>maestus</strong></span> <span class='ocrx_word' id='word_1_246' title='bbox 1642 1863 1656 1898; x_wconf 87' lang='lat'><strong>:</strong></span> <span class='ocrx_word' id='word_1_247' title='bbox 1695 1864 1713 1895; x_wconf 78' lang='lat' dir='ltr'><strong>t</strong></span> <span class='ocrx_word' id='word_1_248' title='bbox 1753 1845 1982 1912; x_wconf 77' lang='lat' dir='ltr'><strong>Lugere,</strong></span> <span class='ocrx_word' id='word_1_249' title='bbox 2049 1846 2143 1910; x_wconf 89' lang='lat' dir='ltr'><strong>ait,</strong></span> <span class='ocrx_word' id='word_1_250' title='bbox 2250 1841 2449 1906; x_wconf 77' lang='lat' dir='ltr'><strong>absque</strong></span> <span class='ocrx_word' id='word_1_251' title='bbox 2524 1842 2838 1899; x_wconf 82' lang='lat' dir='ltr'><strong>fortitudine</strong></span> <span class='ocrx_word' id='word_1_252' title='bbox 2899 1859 3021 1898; x_wconf 84' lang='lat' dir='ltr'><strong>ante</strong></span> <span class='ocrx_word' id='word_1_253' title='bbox 3068 1846 3258 1898; x_wconf 82' lang='lat' dir='ltr'><strong>facient</strong></span> <span class='ocrx_word' id='word_1_254' title='bbox 3319 1847 3713 1914; x_wconf 82' lang='lat' dir='ltr'><strong>subsequentis,</strong></span> <span class='ocrx_word' id='word_1_255' title='bbox 3754 1865 3769 1897; x_wconf 75' lang='grc' dir='ltr'><strong><em>ι</em></strong></span> 
     </span>
    </p>
   </div>
   <div class='ocr_carea' id='block_1_20' title="bbox 584 1933 2146 2009">
    <p class='ocr_par' dir='ltr' id='par_1_20' title="bbox 584 1937 2144 2009">
     <span class='ocr_line' id='line_1_20' title="bbox 584 1937 2144 2009; baseline 0.003 -21"><span class='ocrx_word' id='word_1_256' title='bbox 584 1939 698 1991; x_wconf 75' lang='lat' dir='ltr'><strong>vias</strong></span> <span class='ocrx_word' id='word_1_257' title='bbox 733 1937 1138 2007; x_wconf 71' lang='lat' dir='ltr'><strong>llierosolymze.</strong></span> <span class='ocrx_word' id='word_1_258' title='bbox 1175 1957 1192 1988; x_wconf 76' lang='grc' dir='ltr'><strong><em>ι</em></strong></span> <span class='ocrx_word' id='word_1_259' title='bbox 1255 1937 1407 1991; x_wconf 76' lang='lat' dir='ltr'><strong>Cur?</strong></span> <span class='ocrx_word' id='word_1_260' title='bbox 1436 1940 1575 2000; x_wconf 86' lang='lat' dir='ltr'><strong>quod</strong></span> <span class='ocrx_word' id='word_1_261' title='bbox 1637 1951 1815 1993; x_wconf 83' lang='lat' dir='ltr'><strong>essent</strong></span> <span class='ocrx_word' id='word_1_262' title='bbox 1850 1941 1999 2006; x_wconf 86' lang='lat' dir='ltr'><strong>nulli,</strong></span> <span class='ocrx_word' id='word_1_263' title='bbox 2055 1942 2144 2009; x_wconf 89' lang='lat' dir='ltr'><strong>qtti</strong></span> 
     </span>
    </p>
   </div>
   <div class='ocr_carea' id='block_1_21' title="bbox 2206 1933 3768 2009">
    <p class='ocr_par' dir='ltr' id='par_1_21' title="bbox 2247 1933 3768 2002">
     <span class='ocr_line' id='line_1_21' title="bbox 2247 1933 3768 2002; baseline 0.007 -22"><span class='ocrx_word' id='word_1_264' title='bbox 2247 1933 2442 2000; x_wconf 86' lang='lat' dir='ltr'><strong>quippe</strong></span> <span class='ocrx_word' id='word_1_265' title='bbox 2494 1933 2567 1985; x_wconf 73' lang='lat' dir='ltr'><strong>ait</strong></span> <span class='ocrx_word' id='word_1_266' title='bbox 2623 1933 2673 1984; x_wconf 93' lang='lat' dir='ltr'><strong>in</strong></span> <span class='ocrx_word' id='word_1_267' title='bbox 2716 1933 2953 1989; x_wconf 87' lang='lat' dir='ltr'><strong>Levitico</strong></span> <span class='ocrx_word' id='word_1_268' title='bbox 2994 1937 3129 1990; x_wconf 87' lang='lat' dir='ltr'><strong>Deus</strong></span> <span class='ocrx_word' id='word_1_269' title='bbox 3163 1954 3176 1988; x_wconf 91' lang='lat'><strong>:</strong></span> <span class='ocrx_word' id='word_1_270' title='bbox 3222 1955 3238 1987; x_wconf 70' lang='grc' dir='ltr'>ι</span> <span class='ocrx_word' id='word_1_271' title='bbox 3275 1936 3426 2002; x_wconf 88' lang='lat' dir='ltr'><strong>Quod</strong></span> <span class='ocrx_word' id='word_1_272' title='bbox 3461 1938 3505 1992; x_wconf 90' lang='lat' dir='ltr'><strong>si</strong></span> <span class='ocrx_word' id='word_1_273' title='bbox 3539 1953 3641 1991; x_wconf 92' lang='lat' dir='ltr'><strong>non</strong></span> <span class='ocrx_word' id='word_1_274' title='bbox 3687 1953 3768 1990; x_wconf 84' lang='lat' dir='ltr'><strong>att-</strong></span> 
     </span>
    </p>
   </div>
   <div class='ocr_carea' id='block_1_22' title="bbox 583 2022 3765 2098">
    <p class='ocr_par' dir='ltr' id='par_1_22' title="bbox 583 2022 3765 2098">
     <span class='ocr_line' id='line_1_22' title="bbox 583 2022 3765 2098; baseline 0.003 -17"><span class='ocrx_word' id='word_1_275' title='bbox 583 2030 868 2083; x_wconf 88' lang='lat' dir='ltr'><strong>itineribtts</strong></span> <span class='ocrx_word' id='word_1_276' title='bbox 903 2029 966 2082; x_wconf 85' lang='lat' dir='ltr'><strong>ad</strong></span> <span class='ocrx_word' id='word_1_277' title='bbox 997 2027 1252 2082; x_wconf 81' lang='lat' dir='ltr'><strong>solemnia</strong></span> <span class='ocrx_word' id='word_1_278' title='bbox 1285 2029 1657 2082; x_wconf 89' lang='lat' dir='ltr'><strong>convenirent.</strong></span> <span class='ocrx_word' id='word_1_279' title='bbox 1710 2048 1727 2078; x_wconf 73' lang='grc' dir='ltr'>ι</span> <span class='ocrx_word' id='word_1_280' title='bbox 1766 2029 1962 2082; x_wconf 86' lang='lat' dir='ltr'><strong>Omnes</strong></span> <span class='ocrx_word' id='word_1_281' title='bbox 1982 2041 2146 2098; x_wconf 66' lang='lat' dir='ltr'><strong>portae</strong></span> <span class='ocrx_word' id='word_1_282' title='bbox 2249 2022 2453 2075; x_wconf 71' lang='grc' dir='ltr'><strong>ἀῖιπίιῖε</strong></span> <span class='ocrx_word' id='word_1_283' title='bbox 2493 2038 2596 2086; x_wconf 69' lang='lat' dir='ltr'><strong>me.</strong></span> <span class='ocrx_word' id='word_1_284' title='bbox 2639 2039 2732 2077; x_wconf 72' lang='lat' dir='ltr'><strong>nec</strong></span> <span class='ocrx_word' id='word_1_285' title='bbox 2776 2025 3005 2079; x_wconf 63' lang='lat' dir='ltr'><strong>feceritis</strong></span> <span class='ocrx_word' id='word_1_286' title='bbox 3040 2027 3215 2078; x_wconf 69' lang='grc' dir='ltr'><strong>οιηηῖει</strong></span> <span class='ocrx_word' id='word_1_287' title='bbox 3251 2025 3497 2081; x_wconf 58' lang='lat' dir='ltr'><strong>mandata</strong></span> <span class='ocrx_word' id='word_1_288' title='bbox 3561 2044 3692 2092; x_wconf 59' lang='lat' dir='ltr'><strong>mea.</strong></span> <span class='ocrx_word' id='word_1_289' title='bbox 3727 2027 3765 2078; x_wconf 75' lang='grc' dir='ltr'>εί</span> 
     </span>
    </p>
   </div>
   <div class='ocr_carea' id='block_1_23' title="bbox 584 2114 3769 2189">
    <p class='ocr_par' dir='ltr' id='par_1_23' title="bbox 584 2114 3769 2189">
     <span class='ocr_line' id='line_1_23' title="bbox 584 2114 3769 2189; baseline 0 -20"><span class='ocrx_word' id='word_1_290' title='bbox 584 2121 701 2187; x_wconf 78' lang='lat' dir='ltr'><strong>cjus</strong></span> <span class='ocrx_word' id='word_1_291' title='bbox 754 2120 1039 2173; x_wconf 68' lang='lat' dir='ltr'><strong>destructa:</strong></span> <span class='ocrx_word' id='word_1_292' title='bbox 1073 2121 1136 2171; x_wconf 81' lang='grc'><strong>’⁸.</strong></span> <span class='ocrx_word' id='word_1_293' title='bbox 1165 2138 1182 2169; x_wconf 73' lang='grc' dir='ltr'><strong><em>ι</em></strong></span> <span class='ocrx_word' id='word_1_294' title='bbox 1217 2119 1349 2182; x_wconf 88' lang='lat' dir='ltr'><strong>Quia</strong></span> <span class='ocrx_word' id='word_1_295' title='bbox 1383 2121 1524 2173; x_wconf 91' lang='lat' dir='ltr'><strong>enim</strong></span> <span class='ocrx_word' id='word_1_296' title='bbox 1575 2120 1855 2189; x_wconf 78' lang='lat' dir='ltr'><strong>Syuagnga</strong></span> <span class='ocrx_word' id='word_1_297' title='bbox 1891 2121 2146 2174; x_wconf 65' lang='lat' dir='ltr'><strong>ducentes</strong></span> <span class='ocrx_word' id='word_1_298' title='bbox 2248 2114 2557 2179; x_wconf 65' lang='lat' dir='ltr'><strong>sp-everitis</strong></span> <span class='ocrx_word' id='word_1_299' title='bbox 2600 2115 2744 2182; x_wconf 84' lang='lat' dir='ltr'><strong>leges</strong></span> <span class='ocrx_word' id='word_1_300' title='bbox 2779 2129 2944 2179; x_wconf 89' lang='lat' dir='ltr'><strong>meas,</strong></span> <span class='ocrx_word' id='word_1_301' title='bbox 2985 2127 3035 2168; x_wconf 92' lang='lat' dir='ltr'><strong>ct</strong></span> <span class='ocrx_word' id='word_1_302' title='bbox 3071 2115 3271 2181; x_wconf 88' lang='lat' dir='ltr'><strong>judicia</strong></span> <span class='ocrx_word' id='word_1_303' title='bbox 3306 2131 3422 2170; x_wconf 89' lang='lat' dir='ltr'><strong>mea</strong></span> <span class='ocrx_word' id='word_1_304' title='bbox 3453 2127 3769 2186; x_wconf 86' lang='lat' dir='ltr'><strong>contempse-</strong></span> 
     </span>
    </p>
   </div>
   <div class='ocr_carea' id='block_1_24' title="bbox 584 2200 2146 2279">
    <p class='ocr_par' dir='ltr' id='par_1_24' title="bbox 584 2210 2143 2279">
     <span class='ocr_line' id='line_1_24' title="bbox 584 2210 2143 2279; baseline 0 -18"><span class='ocrx_word' id='word_1_305' title='bbox 584 2212 648 2261; x_wconf 80' lang='lat' dir='ltr'><strong>ad</strong></span> <span class='ocrx_word' id='word_1_306' title='bbox 691 2210 939 2277; x_wconf 81' lang='lat' dir='ltr'><strong>pietatem</strong></span> <span class='ocrx_word' id='word_1_307' title='bbox 1000 2220 1199 2276; x_wconf 84' lang='lat' dir='ltr'><strong>portas.</strong></span> <span class='ocrx_word' id='word_1_308' title='bbox 1246 2227 1364 2279; x_wconf 83' lang='lat' dir='ltr'><strong>qua:</strong></span> <span class='ocrx_word' id='word_1_309' title='bbox 1414 2210 1772 2278; x_wconf 75' lang='lat' dir='ltr'><strong>intelligentia</strong></span> <span class='ocrx_word' id='word_1_310' title='bbox 1842 2210 2143 2263; x_wconf 80' lang='lat' dir='ltr'><strong>informan-</strong></span> 
     </span>
    </p>
   </div>
   <div class='ocr_carea' id='block_1_25' title="bbox 2206 2200 3768 2279">
    <p class='ocr_par' dir='ltr' id='par_1_25' title="bbox 2250 2200 3768 2275">
     <span class='ocr_line' id='line_1_25' title="bbox 2250 2200 3768 2275; baseline 0.004 -23"><span class='ocrx_word' id='word_1_311' title='bbox 2250 2201 2387 2263; x_wconf 85' lang='lat' dir='ltr'><strong>ritis,</strong></span> <span class='ocrx_word' id='word_1_312' title='bbox 2436 2212 2494 2253; x_wconf 96' lang='lat' dir='ltr'><strong>ut</strong></span> <span class='ocrx_word' id='word_1_313' title='bbox 2534 2215 2634 2252; x_wconf 90' lang='lat' dir='ltr'><strong>non</strong></span> <span class='ocrx_word' id='word_1_314' title='bbox 2662 2200 2871 2254; x_wconf 70' lang='lat' dir='ltr'><strong>faciatis</strong></span> <span class='ocrx_word' id='word_1_315' title='bbox 2912 2218 2972 2255; x_wconf 87' lang='lat' dir='ltr'><strong>ea</strong></span> <span class='ocrx_word' id='word_1_316' title='bbox 3006 2218 3120 2264; x_wconf 78' lang='lat' dir='ltr'><strong>quae</strong></span> <span class='ocrx_word' id='word_1_317' title='bbox 3151 2220 3176 2256; x_wconf 84' lang='lat' dir='ltr'><strong>a.</strong></span> <span class='ocrx_word' id='word_1_318' title='bbox 3207 2219 3288 2275; x_wconf 74' lang='lat' dir='ltr'><strong>me</strong></span> <span class='ocrx_word' id='word_1_319' title='bbox 3324 2206 3615 2258; x_wconf 89' lang='lat' dir='ltr'><strong>constituta</strong></span> <span class='ocrx_word' id='word_1_320' title='bbox 3646 2215 3768 2270; x_wconf 83' lang='lat' dir='ltr'><strong>sunt,</strong></span> 
     </span>
    </p>
   </div>
   <div class='ocr_carea' id='block_1_26' title="bbox 587 2291 3766 2368">
    <p class='ocr_par' dir='ltr' id='par_1_26' title="bbox 587 2291 3766 2368">
     <span class='ocr_line' id='line_1_26' title="bbox 587 2291 3766 2368; baseline 0.004 -18"><span class='ocrx_word' id='word_1_321' title='bbox 587 2309 695 2363; x_wconf 88' lang='lat' dir='ltr'><strong>tur,</strong></span> <span class='ocrx_word' id='word_1_322' title='bbox 745 2299 844 2351; x_wconf 85' lang='lat' dir='ltr'><strong>sibi</strong></span> <span class='ocrx_word' id='word_1_323' title='bbox 884 2296 1170 2367; x_wconf 70' lang='lat' dir='ltr'><strong>prmclusit,</strong></span> <span class='ocrx_word' id='word_1_324' title='bbox 1226 2311 1281 2353; x_wconf 91' lang='lat' dir='ltr'><strong>ut</strong></span> <span class='ocrx_word' id='word_1_325' title='bbox 1317 2302 1492 2368; x_wconf 89' lang='lat' dir='ltr'><strong>inquit</strong></span> <span class='ocrx_word' id='word_1_326' title='bbox 1547 2299 1733 2364; x_wconf 83' lang='lat' dir='ltr'><strong>Isaias,</strong></span> <span class='ocrx_word' id='word_1_327' title='bbox 1790 2303 1970 2353; x_wconf 87' lang='lat' dir='ltr'><strong>oculos</strong></span> <span class='ocrx_word' id='word_1_328' title='bbox 2019 2317 2146 2356; x_wconf 88' lang='lat' dir='ltr'><strong>suos</strong></span> <span class='ocrx_word' id='word_1_329' title='bbox 2249 2299 2298 2340; x_wconf 61' lang='grc' dir='ltr'><strong>ει</strong></span> <span class='ocrx_word' id='word_1_330' title='bbox 2329 2294 2390 2341; x_wconf 72' lang='grc'><strong>³⁸⁸</strong></span> <span class='ocrx_word' id='word_1_331' title='bbox 2435 2291 2640 2343; x_wconf 62' lang='lat' dir='ltr'><strong>&quot;filum</strong></span> <span class='ocrx_word' id='word_1_332' title='bbox 2670 2293 2971 2358; x_wconf 64' lang='lat' dir='ltr'><strong>Pcrd&#39;ma‘is</strong></span> <span class='ocrx_word' id='word_1_333' title='bbox 3012 2303 3221 2357; x_wconf 63' lang='grc' dir='ltr'><strong>βεδειυιη</strong></span> <span class='ocrx_word' id='word_1_334' title='bbox 3263 2309 3435 2347; x_wconf 69' lang='lat' dir='ltr'><strong>meum</strong></span> <span class='ocrx_word' id='word_1_335' title='bbox 3469 2311 3482 2346; x_wconf 73' lang='grc' dir='ltr'><strong>ε</strong></span> <span class='ocrx_word' id='word_1_336' title='bbox 3519 2311 3616 2363; x_wconf 69' lang='lat' dir='ltr'><strong>ego</strong></span> <span class='ocrx_word' id='word_1_337' title='bbox 3651 2312 3766 2363; x_wconf 66' lang='lat'><strong>‘1“0‘</strong></span> 
     </span>
    </p>
   </div>
   <div class='ocr_carea' id='block_1_27' title="bbox 586 2379 3769 2449">
    <p class='ocr_par' dir='ltr' id='par_1_27' title="bbox 586 2379 3769 2449">
     <span class='ocr_line' id='line_1_27' title="bbox 586 2379 3769 2449; baseline -0 -8"><span class='ocrx_word' id='word_1_338' title='bbox 586 2389 896 2449; x_wconf 62' lang='grc' dir='ltr'><strong>θκοςιξεηνῖι,</strong></span> <span class='ocrx_word' id='word_1_339' title='bbox 945 2397 998 2441; x_wconf 90' lang='lat' dir='ltr'><strong>et</strong></span> <span class='ocrx_word' id='word_1_340' title='bbox 1024 2403 1118 2441; x_wconf 92' lang='lat' dir='ltr'><strong>cor</strong></span> <span class='ocrx_word' id='word_1_341' title='bbox 1151 2404 1307 2443; x_wconf 90' lang='lat' dir='ltr'><strong>suum</strong></span> <span class='ocrx_word' id='word_1_342' title='bbox 1347 2389 1710 2443; x_wconf 81' lang='lat' dir='ltr'><strong>detnentuvit;</strong></span> <span class='ocrx_word' id='word_1_343' title='bbox 1786 2407 1805 2439; x_wconf 68' lang='grc' dir='ltr'><em>α</em></span> <span class='ocrx_word' id='word_1_344' title='bbox 1872 2389 1944 2443; x_wconf 64' lang='lat' dir='ltr'><strong>Ne</strong></span> <span class='ocrx_word' id='word_1_345' title='bbox 2006 2395 2143 2446; x_wconf 70' lang='grc' dir='ltr'><strong>[ωηο</strong></span> <span class='ocrx_word' id='word_1_346' title='bbox 2246 2396 2350 2447; x_wconf 88' lang='lat' dir='ltr'><strong>que</strong></span> <span class='ocrx_word' id='word_1_347' title='bbox 2390 2383 2498 2432; x_wconf 63' lang='lat' dir='ltr'><strong>haec</strong></span> <span class='ocrx_word' id='word_1_348' title='bbox 2553 2379 2741 2432; x_wconf 81' lang='lat' dir='ltr'><strong>faciam</strong></span> <span class='ocrx_word' id='word_1_349' title='bbox 2785 2384 2964 2436; x_wconf 82' lang='lat' dir='ltr'><strong>vobis:</strong></span> <span class='ocrx_word' id='word_1_350' title='bbox 3019 2382 3258 2436; x_wconf 65' lang='lat' dir='ltr'><strong>Visilztbo</strong></span> <span class='ocrx_word' id='word_1_351' title='bbox 3301 2402 3392 2439; x_wconf 88' lang='lat' dir='ltr'><strong>vos</strong></span> <span class='ocrx_word' id='word_1_352' title='bbox 3434 2389 3680 2441; x_wconf 82' lang='lat' dir='ltr'><strong>velociter</strong></span> <span class='ocrx_word' id='word_1_353' title='bbox 3729 2391 3769 2438; x_wconf 83' lang='lat' dir='ltr'><strong>in</strong></span> 
     </span>
    </p>
   </div>
   <div class='ocr_carea' id='block_1_28' title="bbox 583 2471 2145 2544">
    <p class='ocr_par' dir='ltr' id='par_1_28' title="bbox 583 2479 2144 2544">
     <span class='ocr_line' id='line_1_28' title="bbox 583 2479 2144 2544; baseline 0.004 -14"><span class='ocrx_word' id='word_1_354' title='bbox 583 2481 764 2531; x_wconf 62' lang='lat' dir='ltr'><strong>vit‘eat</strong></span> <span class='ocrx_word' id='word_1_355' title='bbox 800 2479 986 2543; x_wconf 86' lang='lat' dir='ltr'><strong>oeulis,</strong></span> <span class='ocrx_word' id='word_1_356' title='bbox 1034 2493 1087 2533; x_wconf 92' lang='lat' dir='ltr'><strong>et</strong></span> <span class='ocrx_word' id='word_1_357' title='bbox 1143 2480 1364 2534; x_wconf 85' lang='lat' dir='ltr'><strong>auribus</strong></span> <span class='ocrx_word' id='word_1_358' title='bbox 1398 2482 1602 2544; x_wconf 80' lang='lat' dir='ltr'><strong>audiat,</strong></span> <span class='ocrx_word' id='word_1_359' title='bbox 1655 2490 1707 2533; x_wconf 90' lang='lat' dir='ltr'><strong>et</strong></span> <span class='ocrx_word' id='word_1_360' title='bbox 1739 2481 1900 2533; x_wconf 86' lang='lat' dir='ltr'><strong>corde</strong></span> <span class='ocrx_word' id='word_1_361' title='bbox 1933 2497 2029 2535; x_wconf 89' lang='lat' dir='ltr'><strong>suo</strong></span> <span class='ocrx_word' id='word_1_362' title='bbox 2059 2485 2144 2536; x_wconf 83' lang='lat' dir='ltr'><strong>in-</strong></span> 
     </span>
    </p>
   </div>
   <div class='ocr_carea' id='block_1_29' title="bbox 2209 2471 3771 2544">
    <p class='ocr_par' dir='ltr' id='par_1_29' title="bbox 2247 2471 3771 2544">
     <span class='ocr_line' id='line_1_29' title="bbox 2247 2471 3771 2544; baseline 0.005 -21"><span class='ocrx_word' id='word_1_363' title='bbox 2247 2483 2500 2534; x_wconf 78' lang='lat' dir='ltr'><strong>cgcstate.</strong></span> <span class='ocrx_word' id='word_1_364' title='bbox 2546 2471 2768 2524; x_wconf 81' lang='lat' dir='ltr'><strong>Frustra</strong></span> <span class='ocrx_word' id='word_1_365' title='bbox 2813 2477 3000 2527; x_wconf 65' lang='lat' dir='ltr'><strong>sere-tis</strong></span> <span class='ocrx_word' id='word_1_366' title='bbox 3060 2487 3372 2539; x_wconf 81' lang='lat' dir='ltr'><strong>sementem,</strong></span> <span class='ocrx_word' id='word_1_367' title='bbox 3435 2494 3550 2544; x_wconf 78' lang='lat' dir='ltr'><strong>quze</strong></span> <span class='ocrx_word' id='word_1_368' title='bbox 3586 2481 3648 2530; x_wconf 89' lang='lat' dir='ltr'><strong>ab</strong></span> <span class='ocrx_word' id='word_1_369' title='bbox 3692 2480 3771 2531; x_wconf 90' lang='lat' dir='ltr'><strong>ho-</strong></span> 
     </span>
    </p>
   </div>
   <div class='ocr_carea' id='block_1_30' title="bbox 587 2560 3772 2642">
    <p class='ocr_par' dir='ltr' id='par_1_30' title="bbox 587 2560 3772 2642">
     <span class='ocr_line' id='line_1_30' title="bbox 587 2560 3772 2642; baseline 0.006 -46"><span class='ocrx_word' id='word_1_370' title='bbox 587 2571 676 2622; x_wconf 45' lang='lat' dir='ltr'>m;</span> <span class='ocrx_word' id='word_1_371' title='bbox 704 2579 807 2636; x_wconf 43' lang='grc' dir='ltr'><strong>ειη,</strong></span> <span class='ocrx_word' id='word_1_372' title='bbox 842 2579 895 2622; x_wconf 64' lang='grc' dir='ltr'>οι</span> <span class='ocrx_word' id='word_1_373' title='bbox 928 2579 1293 2633; x_wconf 49' lang='lat' dir='ltr'><strong>convertatur,</strong></span> <span class='ocrx_word' id='word_1_374' title='bbox 1321 2582 1374 2625; x_wconf 51' lang='lat' dir='ltr'><strong>et</strong></span> <span class='ocrx_word' id='word_1_375' title='bbox 1397 2585 1582 2626; x_wconf 54' lang='lat' dir='ltr'><strong>sane&quot;,</strong></span> <span class='ocrx_word' id='word_1_376' title='bbox 1617 2587 1732 2625; x_wconf 62' lang='lat' dir='ltr'><strong>eam</strong></span> <span class='ocrx_word' id='word_1_377' title='bbox 1759 2575 1855 2626; x_wconf 39' lang='lat' dir='ltr'><strong>uo,</strong></span> <span class='ocrx_word' id='word_1_378' title='bbox 1894 2575 2145 2642; x_wconf 65' lang='lat' dir='ltr'><strong>prnpler.</strong></span> <span class='ocrx_word' id='word_1_379' title='bbox 2248 2562 2418 2613; x_wconf 89' lang='lat' dir='ltr'><strong>stibus</strong></span> <span class='ocrx_word' id='word_1_380' title='bbox 2443 2560 2805 2613; x_wconf 87' lang='lat' dir='ltr'><strong>devorabitur.</strong></span> <span class='ocrx_word' id='word_1_381' title='bbox 2851 2560 3044 2613; x_wconf 78' lang='lat' dir='ltr'><strong>Ponant</strong></span> <span class='ocrx_word' id='word_1_382' title='bbox 3074 2563 3258 2615; x_wconf 81' lang='lat' dir='ltr'><strong>faciem</strong></span> <span class='ocrx_word' id='word_1_383' title='bbox 3297 2580 3468 2616; x_wconf 76' lang='lat' dir='ltr'><strong>meam</strong></span> <span class='ocrx_word' id='word_1_384' title='bbox 3496 2576 3673 2619; x_wconf 79' lang='lat' dir='ltr'><strong>contra</strong></span> <span class='ocrx_word' id='word_1_385' title='bbox 3694 2582 3772 2617; x_wconf 78' lang='lat' dir='ltr'><strong>vos</strong></span> 
     </span>
    </p>
   </div>
   <div class='ocr_carea' id='block_1_31' title="bbox 586 2653 2148 2730">
    <p class='ocr_par' dir='ltr' id='par_1_31' title="bbox 586 2659 2142 2730">
     <span class='ocr_line' id='line_1_31' title="bbox 586 2659 2142 2730; baseline 0.004 -18"><span class='ocrx_word' id='word_1_386' title='bbox 586 2675 648 2712; x_wconf 88' lang='lat' dir='ltr'><strong>ca</strong></span> <span class='ocrx_word' id='word_1_387' title='bbox 710 2674 810 2711; x_wconf 89' lang='lat' dir='ltr'><strong>non</strong></span> <span class='ocrx_word' id='word_1_388' title='bbox 841 2659 1038 2714; x_wconf 66' lang='lat' dir='ltr'><strong>clausae</strong></span> <span class='ocrx_word' id='word_1_389' title='bbox 1089 2663 1224 2717; x_wconf 88' lang='lat' dir='ltr'><strong>adeo</strong></span> <span class='ocrx_word' id='word_1_390' title='bbox 1248 2671 1374 2716; x_wconf 86' lang='lat' dir='ltr'><strong>sunt</strong></span> <span class='ocrx_word' id='word_1_391' title='bbox 1399 2673 1588 2730; x_wconf 68' lang='lat' dir='ltr'><strong>portae,</strong></span> <span class='ocrx_word' id='word_1_392' title='bbox 1624 2665 1716 2717; x_wconf 89' lang='lat' dir='ltr'><strong>sed</strong></span> <span class='ocrx_word' id='word_1_393' title='bbox 1764 2666 1999 2719; x_wconf 82' lang='lat' dir='ltr'><strong>vastitati</strong></span> <span class='ocrx_word' id='word_1_394' title='bbox 2023 2681 2142 2719; x_wconf 61' lang='lat' dir='ltr'><strong>ces»</strong></span> 
     </span>
    </p>
   </div>
   <div class='ocr_carea' id='block_1_32' title="bbox 2206 2653 3768 2730">
    <p class='ocr_par' dir='ltr' id='par_1_32' title="bbox 2246 2653 3768 2724">
     <span class='ocr_line' id='line_1_32' title="bbox 2246 2653 3768 2724; baseline 0.003 -20"><span class='ocrx_word' id='word_1_395' title='bbox 2246 2663 2294 2704; x_wconf 89' lang='lat' dir='ltr'><strong>ct</strong></span> <span class='ocrx_word' id='word_1_396' title='bbox 2332 2654 2598 2704; x_wconf 88' lang='lat' dir='ltr'><strong>corruetis</strong></span> <span class='ocrx_word' id='word_1_397' title='bbox 2638 2667 2820 2704; x_wconf 86' lang='lat' dir='ltr'><strong>coram</strong></span> <span class='ocrx_word' id='word_1_398' title='bbox 2883 2653 3124 2706; x_wconf 65' lang='grc' dir='ltr'><strong>ιπωιῑιηιε</strong></span> <span class='ocrx_word' id='word_1_399' title='bbox 3179 2656 3389 2715; x_wconf 79' lang='lat' dir='ltr'><strong>Vestris,</strong></span> <span class='ocrx_word' id='word_1_400' title='bbox 3431 2667 3483 2708; x_wconf 83' lang='lat' dir='ltr'><strong>et</strong></span> <span class='ocrx_word' id='word_1_401' title='bbox 3544 2658 3768 2724; x_wconf 84' lang='lat' dir='ltr'><strong>Subjicie-</strong></span> 
     </span>
    </p>
   </div>
   <div class='ocr_carea' id='block_1_33' title="bbox 587 2741 3767 2813">
    <p class='ocr_par' dir='ltr' id='par_1_33' title="bbox 587 2741 3767 2813">
     <span class='ocr_line' id='line_1_33' title="bbox 587 2741 3767 2813; baseline 0.004 -28"><span class='ocrx_word' id='word_1_402' title='bbox 587 2758 796 2800; x_wconf 53' lang='lat' dir='ltr'><strong>serum.</strong></span> <span class='ocrx_word' id='word_1_403' title='bbox 2248 2741 2376 2793; x_wconf 86' lang='lat' dir='ltr'><strong>mini</strong></span> <span class='ocrx_word' id='word_1_404' title='bbox 2417 2742 2498 2794; x_wconf 86' lang='lat' dir='ltr'><strong>his</strong></span> <span class='ocrx_word' id='word_1_405' title='bbox 2537 2742 2624 2809; x_wconf 85' lang='lat' dir='ltr'><strong>qui</strong></span> <span class='ocrx_word' id='word_1_406' title='bbox 2673 2743 2895 2794; x_wconf 84' lang='lat' dir='ltr'><strong>oderunt</strong></span> <span class='ocrx_word' id='word_1_407' title='bbox 2942 2758 3052 2793; x_wconf 82' lang='lat' dir='ltr'><strong>vos.</strong></span> <span class='ocrx_word' id='word_1_408' title='bbox 3099 2742 3330 2810; x_wconf 70' lang='lat' dir='ltr'><strong>Fugietis</strong></span> <span class='ocrx_word' id='word_1_409' title='bbox 3363 2748 3578 2799; x_wconf 86' lang='lat' dir='ltr'><strong>nemine</strong></span> <span class='ocrx_word' id='word_1_410' title='bbox 3611 2762 3767 2813; x_wconf 71' lang='lat' dir='ltr'><strong>perse-</strong></span> 
     </span>
    </p>
   </div>
   <div class='ocr_carea' id='block_1_34' title="bbox 651 2833 3767 2910">
    <p class='ocr_par' dir='ltr' id='par_1_34' title="bbox 651 2833 3767 2910">
     <span class='ocr_line' id='line_1_34' title="bbox 651 2833 3767 2910; baseline -0.001 -20"><span class='ocrx_word' id='word_1_411' title='bbox 651 2838 2142 2910; x_wconf 70' lang='lat' dir='ltr'><strong>tSacerdOIesejusgementes;tmeritoquiunigenitum</strong></span> <span class='ocrx_word' id='word_1_412' title='bbox 2247 2841 2480 2894; x_wconf 69' lang='lat' dir='ltr'><strong>«tuente:</strong></span> <span class='ocrx_word' id='word_1_413' title='bbox 2536 2838 2589 2881; x_wconf 89' lang='lat' dir='ltr'><strong>et</strong></span> <span class='ocrx_word' id='word_1_414' title='bbox 2650 2843 2919 2883; x_wconf 87' lang='lat' dir='ltr'><strong>conteram</strong></span> <span class='ocrx_word' id='word_1_415' title='bbox 2956 2835 3256 2896; x_wconf 84' lang='lat' dir='ltr'><strong>superbiam</strong></span> <span class='ocrx_word' id='word_1_416' title='bbox 3297 2833 3506 2887; x_wconf 79' lang='lat' dir='ltr'><strong>doritiae</strong></span> <span class='ocrx_word' id='word_1_417' title='bbox 3578 2846 3767 2888; x_wconf 72' lang='lat' dir='ltr'><strong>vestraz.</strong></span> 
     </span>
    </p>
   </div>
   <div class='ocr_carea' id='block_1_35' title="bbox 591 2919 3770 2998">
    <p class='ocr_par' dir='ltr' id='par_1_35' title="bbox 591 2919 3770 2998">
     <span class='ocr_line' id='line_1_35' title="bbox 591 2919 3770 2998; baseline 0.005 -35"><span class='ocrx_word' id='word_1_418' title='bbox 591 2928 686 2975; x_wconf 61' lang='lat' dir='ltr'><strong>Dei</strong></span> <span class='ocrx_word' id='word_1_419' title='bbox 723 2927 914 2977; x_wconf 67' lang='grc' dir='ltr'><strong>ις’ίιίηιη</strong></span> <span class='ocrx_word' id='word_1_420' title='bbox 972 2932 1358 2991; x_wconf 50' lang='lat' dir='ltr'><strong>commta-im,</strong></span> <span class='ocrx_word' id='word_1_421' title='bbox 1406 2933 1538 2984; x_wconf 70' lang='grc' dir='ltr'><strong>υιξη</strong></span> <span class='ocrx_word' id='word_1_422' title='bbox 1600 2932 1888 2998; x_wconf 63' lang='lat' dir='ltr'><strong>Evangeno</strong></span> <span class='ocrx_word' id='word_1_423' title='bbox 1945 2931 2143 2985; x_wconf 65' lang='lat' dir='ltr'><strong>conm-</strong></span> <span class='ocrx_word' id='word_1_424' title='bbox 2249 2919 2499 2986; x_wconf 84' lang='lat' dir='ltr'><strong>Daboque</strong></span> <span class='ocrx_word' id='word_1_425' title='bbox 2541 2920 2687 2972; x_wconf 84' lang='lat' dir='ltr'><strong>vobis</strong></span> <span class='ocrx_word' id='word_1_426' title='bbox 2727 2921 2915 2974; x_wconf 70' lang='lat' dir='ltr'><strong>coelum</strong></span> <span class='ocrx_word' id='word_1_427' title='bbox 2970 2924 3196 2990; x_wconf 83' lang='lat' dir='ltr'><strong>desuper</strong></span> <span class='ocrx_word' id='word_1_428' title='bbox 3262 2927 3398 2979; x_wconf 90' lang='lat' dir='ltr'><strong>sicut</strong></span> <span class='ocrx_word' id='word_1_429' title='bbox 3445 2927 3687 2991; x_wconf 55' lang='lat' dir='ltr'><strong>ferrtm—t</strong></span> <span class='ocrx_word' id='word_1_430' title='bbox 3725 2934 3770 2980; x_wconf 80' lang='lat' dir='ltr'><strong>et</strong></span> 
     </span>
    </p>
   </div>
   <div class='ocr_carea' id='block_1_36' title="bbox 592 3010 3765 3087">
    <p class='ocr_par' dir='ltr' id='par_1_36' title="bbox 592 3010 3765 3087">
     <span class='ocr_line' id='line_1_36' title="bbox 592 3010 3765 3087; baseline 0.007 -42"><span class='ocrx_word' id='word_1_431' title='bbox 592 3021 703 3063; x_wconf 62' lang='grc' dir='ltr'><strong>,ηηι</strong></span> <span class='ocrx_word' id='word_1_432' title='bbox 728 3027 741 3063; x_wconf 67' lang='grc' dir='ltr'><em>ε</em></span> <span class='ocrx_word' id='word_1_433' title='bbox 767 3031 786 3061; x_wconf 61' lang='grc' dir='ltr'>ι</span> <span class='ocrx_word' id='word_1_434' title='bbox 822 3010 1016 3066; x_wconf 51' lang='lat' dir='ltr'><strong>Tristis</strong></span> <span class='ocrx_word' id='word_1_435' title='bbox 1039 3020 1312 3068; x_wconf 57' lang='lat' dir='ltr'><strong>asumma</strong></span> <span class='ocrx_word' id='word_1_436' title='bbox 1345 3035 1459 3071; x_wconf 63' lang='lat' dir='ltr'><strong>me,</strong></span> <span class='ocrx_word' id='word_1_437' title='bbox 1487 3035 1657 3087; x_wconf 69' lang='lat' dir='ltr'><strong>usque</strong></span> <span class='ocrx_word' id='word_1_438' title='bbox 1680 3022 1746 3074; x_wconf 68' lang='lat' dir='ltr'><strong>ad</strong></span> <span class='ocrx_word' id='word_1_439' title='bbox 1778 3022 2085 3083; x_wconf 47' lang='lat' dir='ltr'><strong>mortem&quot;,</strong></span> <span class='ocrx_word' id='word_1_440' title='bbox 2121 3040 2136 3070; x_wconf 71' lang='grc' dir='ltr'><strong><em>ι</em></strong></span> <span class='ocrx_word' id='word_1_441' title='bbox 2170 3021 2214 3081; x_wconf 79' lang='lat' dir='ltr'><strong><em>C</em></strong></span> <span class='ocrx_word' id='word_1_442' title='bbox 2248 3020 2445 3062; x_wconf 83' lang='lat' dir='ltr'><strong>terram</strong></span> <span class='ocrx_word' id='word_1_443' title='bbox 2481 3023 2705 3063; x_wconf 71' lang='lat' dir='ltr'><strong>aeneam.</strong></span> <span class='ocrx_word' id='word_1_444' title='bbox 2730 3010 3087 3076; x_wconf 75' lang='lat' dir='ltr'><strong>Consumetu;</strong></span> <span class='ocrx_word' id='word_1_445' title='bbox 3127 3015 3392 3068; x_wconf 86' lang='lat' dir='ltr'><strong>incassum</strong></span> <span class='ocrx_word' id='word_1_446' title='bbox 3427 3017 3572 3069; x_wconf 89' lang='lat' dir='ltr'><strong>labor</strong></span> <span class='ocrx_word' id='word_1_447' title='bbox 3595 3026 3765 3079; x_wconf 81' lang='lat' dir='ltr'><strong>vester,</strong></span> 
     </span>
    </p>
   </div>
   <div class='ocr_carea' id='block_1_37' title="bbox 588 3099 2150 3178">
    <p class='ocr_par' dir='ltr' id='par_1_37' title="bbox 588 3101 2142 3178">
     <span class='ocr_line' id='line_1_37' title="bbox 588 3101 2142 3178; baseline 0.007 -25"><span class='ocrx_word' id='word_1_448' title='bbox 588 3111 643 3153; x_wconf 76' lang='lat' dir='ltr'><strong>et</strong></span> <span class='ocrx_word' id='word_1_449' title='bbox 687 3101 810 3155; x_wconf 88' lang='lat' dir='ltr'><strong>hinc</strong></span> <span class='ocrx_word' id='word_1_450' title='bbox 861 3113 1100 3170; x_wconf 83' lang='lat' dir='ltr'><strong>gemunt,</strong></span> <span class='ocrx_word' id='word_1_451' title='bbox 1159 3113 1211 3157; x_wconf 87' lang='lat' dir='ltr'><strong>et</strong></span> <span class='ocrx_word' id='word_1_452' title='bbox 1274 3114 1528 3159; x_wconf 63' lang='lat' dir='ltr'><strong>internum</strong></span> <span class='ocrx_word' id='word_1_453' title='bbox 1564 3118 1795 3173; x_wconf 77' lang='lat' dir='ltr'><strong>gement.</strong></span> <span class='ocrx_word' id='word_1_454' title='bbox 1846 3127 1864 3158; x_wconf 83' lang='lat'><strong>(</strong></span> <span class='ocrx_word' id='word_1_455' title='bbox 1900 3109 2142 3178; x_wconf 78' lang='lat' dir='ltr'><strong>Virgines</strong></span> 
     </span>
    </p>
   </div>
   <div class='ocr_carea' id='block_1_38' title="bbox 2206 3099 3768 3178">
    <p class='ocr_par' dir='ltr' id='par_1_38' title="bbox 2251 3099 3768 3175">
     <span class='ocr_line' id='line_1_38' title="bbox 2251 3099 3768 3175; baseline 0.004 -23"><span class='ocrx_word' id='word_1_456' title='bbox 2251 3115 2353 3152; x_wconf 88' lang='lat' dir='ltr'><strong>non</strong></span> <span class='ocrx_word' id='word_1_457' title='bbox 2378 3099 2608 3168; x_wconf 76' lang='lat' dir='ltr'><strong>proferet</strong></span> <span class='ocrx_word' id='word_1_458' title='bbox 2639 3111 2777 3153; x_wconf 82' lang='lat' dir='ltr'><strong>terra</strong></span> <span class='ocrx_word' id='word_1_459' title='bbox 2827 3117 3066 3171; x_wconf 81' lang='lat' dir='ltr'><strong>germen,</strong></span> <span class='ocrx_word' id='word_1_460' title='bbox 3099 3119 3194 3157; x_wconf 90' lang='lat' dir='ltr'><strong>nec</strong></span> <span class='ocrx_word' id='word_1_461' title='bbox 3230 3107 3450 3160; x_wconf 88' lang='lat' dir='ltr'><strong>arbores</strong></span> <span class='ocrx_word' id='word_1_462' title='bbox 3483 3122 3625 3175; x_wconf 80' lang='lat' dir='ltr'><strong>poma</strong></span> <span class='ocrx_word' id='word_1_463' title='bbox 3651 3121 3768 3174; x_wconf 58' lang='grc' dir='ltr'><strong>ρης-</strong></span> 
     </span>
    </p>
   </div>
   <div class='ocr_carea' id='block_1_39' title="bbox 590 3190 3769 3266">
    <p class='ocr_par' dir='ltr' id='par_1_39' title="bbox 590 3190 3769 3266">
     <span class='ocr_line' id='line_1_39' title="bbox 590 3190 3769 3266; baseline 0.003 -25"><span class='ocrx_word' id='word_1_464' title='bbox 590 3191 708 3256; x_wconf 79' lang='lat' dir='ltr'><strong>ejus</strong></span> <span class='ocrx_word' id='word_1_465' title='bbox 757 3192 1047 3258; x_wconf 68' lang='lat' dir='ltr'><strong>squalidae,</strong></span> <span class='ocrx_word' id='word_1_466' title='bbox 1110 3201 1159 3245; x_wconf 90' lang='lat' dir='ltr'><strong>et</strong></span> <span class='ocrx_word' id='word_1_467' title='bbox 1226 3193 1338 3261; x_wconf 87' lang='lat' dir='ltr'><strong>ipsa</strong></span> <span class='ocrx_word' id='word_1_468' title='bbox 1392 3208 1645 3262; x_wconf 81' lang='lat' dir='ltr'><strong>Oppressa</strong></span> <span class='ocrx_word' id='word_1_469' title='bbox 1699 3198 2076 3252; x_wconf 67' lang='lat' dir='ltr'><strong>amaritudine,</strong></span> <span class='ocrx_word' id='word_1_470' title='bbox 2119 3218 2138 3251; x_wconf 70' lang='grc' dir='ltr'><strong><em>ι</em></strong></span> <span class='ocrx_word' id='word_1_471' title='bbox 2249 3191 2466 3244; x_wconf 90' lang='lat' dir='ltr'><strong>bebunt.</strong></span> <span class='ocrx_word' id='word_1_472' title='bbox 2534 3190 2925 3266; x_wconf 72' lang='lat' dir='ltr'><strong>Immittamque</strong></span> <span class='ocrx_word' id='word_1_473' title='bbox 2985 3192 3036 3244; x_wconf 90' lang='lat' dir='ltr'><strong>in</strong></span> <span class='ocrx_word' id='word_1_474' title='bbox 3084 3209 3174 3246; x_wconf 81' lang='lat' dir='ltr'><strong>vos</strong></span> <span class='ocrx_word' id='word_1_475' title='bbox 3241 3195 3441 3250; x_wconf 90' lang='lat' dir='ltr'><strong>bestias</strong></span> <span class='ocrx_word' id='word_1_476' title='bbox 3492 3197 3619 3265; x_wconf 79' lang='lat' dir='ltr'><strong>agri,</strong></span> <span class='ocrx_word' id='word_1_477' title='bbox 3665 3211 3769 3264; x_wconf 73' lang='lat' dir='ltr'><strong>qua:</strong></span> 
     </span>
    </p>
   </div>
   <div class='ocr_carea' id='block_1_40' title="bbox 591 3281 3768 3356">
    <p class='ocr_par' dir='ltr' id='par_1_40' title="bbox 591 3281 3768 3356">
     <span class='ocr_line' id='line_1_40' title="bbox 591 3281 3768 3356; baseline 0.003 -29"><span class='ocrx_word' id='word_1_478' title='bbox 591 3281 972 3343; x_wconf 75' lang='lat' dir='ltr'><strong>Quamobrem,</strong></span> <span class='ocrx_word' id='word_1_479' title='bbox 1029 3283 1338 3347; x_wconf 88' lang='lat' dir='ltr'><strong>propheta?</strong></span> <span class='ocrx_word' id='word_1_480' title='bbox 1389 3285 1789 3350; x_wconf 82' lang='lat' dir='ltr'><strong>quamobrem?</strong></span> <span class='ocrx_word' id='word_1_481' title='bbox 1845 3290 1968 3356; x_wconf 82' lang='lat' dir='ltr'><strong>quia</strong></span> <span class='ocrx_word' id='word_1_482' title='bbox 2021 3305 2146 3344; x_wconf 82' lang='lat' dir='ltr'><strong>vere</strong></span> <span class='ocrx_word' id='word_1_483' title='bbox 2248 3292 2565 3336; x_wconf 87' lang='lat' dir='ltr'><strong>consumant</strong></span> <span class='ocrx_word' id='word_1_484' title='bbox 2595 3297 2686 3334; x_wconf 89' lang='lat' dir='ltr'><strong>vos</strong></span> <span class='ocrx_word' id='word_1_485' title='bbox 2726 3291 2777 3335; x_wconf 91' lang='lat' dir='ltr'><strong>et</strong></span> <span class='ocrx_word' id='word_1_486' title='bbox 2819 3298 3004 3346; x_wconf 84' lang='lat' dir='ltr'><strong>pecora</strong></span> <span class='ocrx_word' id='word_1_487' title='bbox 3039 3295 3238 3347; x_wconf 84' lang='lat' dir='ltr'><strong>vestra,</strong></span> <span class='ocrx_word' id='word_1_488' title='bbox 3272 3295 3324 3339; x_wconf 90' lang='lat' dir='ltr'><strong>et</strong></span> <span class='ocrx_word' id='word_1_489' title='bbox 3374 3289 3439 3339; x_wconf 88' lang='lat' dir='ltr'><strong>ad</strong></span> <span class='ocrx_word' id='word_1_490' title='bbox 3481 3290 3768 3356; x_wconf 83' lang='lat' dir='ltr'><strong>paucitatem</strong></span> 
     </span>
    </p>
   </div>
   <div class='ocr_carea' id='block_1_41' title="bbox 591 3370 2153 3446">
    <p class='ocr_par' dir='ltr' id='par_1_41' title="bbox 591 3370 2143 3440">
     <span class='ocr_line' id='line_1_41' title="bbox 591 3370 2143 3440; baseline 0.007 -18"><span class='ocrx_word' id='word_1_491' title='bbox 591 3370 865 3438; x_wconf 80' lang='lat' dir='ltr'><strong>Virginem</strong></span> <span class='ocrx_word' id='word_1_492' title='bbox 896 3388 958 3423; x_wconf 90' lang='lat' dir='ltr'><strong>ac</strong></span> <span class='ocrx_word' id='word_1_493' title='bbox 1005 3372 1263 3440; x_wconf 80' lang='lat' dir='ltr'><strong>Reginam</strong></span> <span class='ocrx_word' id='word_1_494' title='bbox 1325 3389 1428 3428; x_wconf 88' lang='lat' dir='ltr'><strong>non</strong></span> <span class='ocrx_word' id='word_1_495' title='bbox 1491 3385 1611 3428; x_wconf 91' lang='lat' dir='ltr'><strong>sunt</strong></span> <span class='ocrx_word' id='word_1_496' title='bbox 1641 3387 1940 3430; x_wconf 83' lang='lat' dir='ltr'><strong>assectatae.</strong></span> <span class='ocrx_word' id='word_1_497' title='bbox 1967 3378 2143 3433; x_wconf 70' lang='lat' dir='ltr'><strong>«Facti</strong></span> 
     </span>
    </p>
   </div>
   <div class='ocr_carea' id='block_1_42' title="bbox 2207 3370 3769 3446">
    <p class='ocr_par' dir='ltr' id='par_1_42' title="bbox 2247 3374 3769 3446">
     <span class='ocr_line' id='line_1_42' title="bbox 2247 3374 3769 3446; baseline 0.003 -22"><span class='ocrx_word' id='word_1_498' title='bbox 2247 3383 2436 3426; x_wconf 88' lang='lat' dir='ltr'><strong>cuncta</strong></span> <span class='ocrx_word' id='word_1_499' title='bbox 2479 3374 2717 3438; x_wconf 74' lang='lat' dir='ltr'><strong>redigant</strong></span> <span class='ocrx_word' id='word_1_500' title='bbox 2744 3389 2757 3436; x_wconf 92' lang='lat'><strong>;</strong></span> <span class='ocrx_word' id='word_1_501' title='bbox 2790 3375 3079 3441; x_wconf 82' lang='lat' dir='ltr'><strong>evaginabo</strong></span> <span class='ocrx_word' id='word_1_502' title='bbox 3107 3385 3225 3441; x_wconf 86' lang='lat' dir='ltr'><strong>post</strong></span> <span class='ocrx_word' id='word_1_503' title='bbox 3261 3391 3354 3429; x_wconf 90' lang='lat' dir='ltr'><strong>vos</strong></span> <span class='ocrx_word' id='word_1_504' title='bbox 3387 3378 3632 3446; x_wconf 79' lang='lat' dir='ltr'><strong>gladium,</strong></span> <span class='ocrx_word' id='word_1_505' title='bbox 3661 3376 3769 3430; x_wconf 84' lang='lat' dir='ltr'><strong>crit-</strong></span> 
     </span>
    </p>
   </div>
   <div class='ocr_carea' id='block_1_43' title="bbox 589 3460 2151 3536">
    <p class='ocr_par' dir='ltr' id='par_1_43' title="bbox 589 3460 2144 3536">
     <span class='ocr_line' id='line_1_43' title="bbox 589 3460 2144 3536; baseline 0.005 -22"><span class='ocrx_word' id='word_1_506' title='bbox 589 3468 715 3514; x_wconf 90' lang='lat' dir='ltr'><strong>snnt</strong></span> <span class='ocrx_word' id='word_1_507' title='bbox 773 3460 951 3514; x_wconf 89' lang='lat' dir='ltr'><strong>hostes</strong></span> <span class='ocrx_word' id='word_1_508' title='bbox 998 3462 1112 3528; x_wconf 86' lang='lat' dir='ltr'><strong>ejus</strong></span> <span class='ocrx_word' id='word_1_509' title='bbox 1136 3464 1186 3516; x_wconf 91' lang='lat' dir='ltr'><strong>in</strong></span> <span class='ocrx_word' id='word_1_510' title='bbox 1225 3469 1420 3532; x_wconf 86' lang='lat' dir='ltr'><strong>capite,</strong></span> <span class='ocrx_word' id='word_1_511' title='bbox 1455 3465 1656 3519; x_wconf 84' lang='lat' dir='ltr'><strong>inimici</strong></span> <span class='ocrx_word' id='word_1_512' title='bbox 1692 3467 1810 3535; x_wconf 87' lang='lat' dir='ltr'><strong>ejus</strong></span> <span class='ocrx_word' id='word_1_513' title='bbox 1841 3467 2144 3536; x_wconf 82' lang='lat' dir='ltr'><strong>locupletati</strong></span> 
     </span>
    </p>
   </div>
   <div class='ocr_carea' id='block_1_44' title="bbox 2201 3460 3763 3536">
    <p class='ocr_par' dir='ltr' id='par_1_44' title="bbox 2247 3465 3763 3532">
     <span class='ocr_line' id='line_1_44' title="bbox 2247 3465 3763 3532; baseline 0.002 -19"><span class='ocrx_word' id='word_1_514' title='bbox 2247 3477 2349 3527; x_wconf 90' lang='lat' dir='ltr'><strong>que</strong></span> <span class='ocrx_word' id='word_1_515' title='bbox 2384 3473 2523 3516; x_wconf 88' lang='lat' dir='ltr'><strong>terra</strong></span> <span class='ocrx_word' id='word_1_516' title='bbox 2563 3465 2789 3528; x_wconf 88' lang='lat' dir='ltr'><strong>deserta,</strong></span> <span class='ocrx_word' id='word_1_517' title='bbox 2818 3475 2869 3517; x_wconf 93' lang='lat' dir='ltr'><strong>et</strong></span> <span class='ocrx_word' id='word_1_518' title='bbox 2903 3465 3146 3518; x_wconf 91' lang='lat' dir='ltr'><strong>civitates</strong></span> <span class='ocrx_word' id='word_1_519' title='bbox 3188 3476 3378 3520; x_wconf 68' lang='lat' dir='ltr'><strong>vestrm</strong></span> <span class='ocrx_word' id='word_1_520' title='bbox 3417 3469 3623 3523; x_wconf 70' lang='lat' dir='ltr'><strong>dirutae.</strong></span> <span class='ocrx_word' id='word_1_521' title='bbox 3651 3467 3763 3532; x_wconf 83' lang='lat' dir='ltr'><strong>Quia</strong></span> 
     </span>
    </p>
   </div>
   <div class='ocr_carea' id='block_1_45' title="bbox 587 3550 3766 3628">
    <p class='ocr_par' dir='ltr' id='par_1_45' title="bbox 587 3550 3766 3628">
     <span class='ocr_line' id='line_1_45' title="bbox 587 3550 3766 3628; baseline 0.007 -25"><span class='ocrx_word' id='word_1_522' title='bbox 587 3561 712 3604; x_wconf 89' lang='lat' dir='ltr'><strong>sttnt</strong></span> <span class='ocrx_word' id='word_1_523' title='bbox 743 3552 804 3604; x_wconf 77' lang='grc'><strong>⁸⁸.</strong></span> <span class='ocrx_word' id='word_1_524' title='bbox 855 3571 874 3604; x_wconf 74' lang='grc' dir='ltr'><strong><em>ι</em></strong></span> <span class='ocrx_word' id='word_1_525' title='bbox 919 3550 1050 3604; x_wconf 83' lang='lat' dir='ltr'><strong>Nam</strong></span> <span class='ocrx_word' id='word_1_526' title='bbox 1110 3557 1342 3623; x_wconf 89' lang='lat' dir='ltr'><strong>quandiu</strong></span> <span class='ocrx_word' id='word_1_527' title='bbox 1375 3571 1402 3608; x_wconf 89' lang='lat' dir='ltr'><strong>a</strong></span> <span class='ocrx_word' id='word_1_528' title='bbox 1455 3556 1567 3610; x_wconf 91' lang='lat' dir='ltr'><strong>Deo</strong></span> <span class='ocrx_word' id='word_1_529' title='bbox 1630 3559 1930 3623; x_wconf 85' lang='lat' dir='ltr'><strong>amabatur,</strong></span> <span class='ocrx_word' id='word_1_530' title='bbox 1985 3575 2145 3628; x_wconf 70' lang='lat' dir='ltr'><strong>regno</strong></span> <span class='ocrx_word' id='word_1_531' title='bbox 2249 3566 2341 3605; x_wconf 79' lang='lat' dir='ltr'><strong>V03</strong></span> <span class='ocrx_word' id='word_1_532' title='bbox 2371 3552 2681 3607; x_wconf 67' lang='lat' dir='ltr'><strong>ambu&#39;aSliS</strong></span> <span class='ocrx_word' id='word_1_533' title='bbox 2738 3563 2918 3606; x_wconf 68' lang='grc' dir='ltr'><strong>εοῐιίΐθ</strong></span> <span class='ocrx_word' id='word_1_534' title='bbox 2986 3570 3112 3607; x_wconf 60' lang='lat' dir='ltr'><strong>me?</strong></span> <span class='ocrx_word' id='word_1_535' title='bbox 3164 3565 3216 3610; x_wconf 71' lang='grc' dir='ltr'><strong>ει</strong></span> <span class='ocrx_word' id='word_1_536' title='bbox 3257 3572 3355 3623; x_wconf 72' lang='lat' dir='ltr'><strong>ego</strong></span> <span class='ocrx_word' id='word_1_537' title='bbox 3409 3558 3641 3612; x_wconf 62' lang='lat' dir='ltr'><strong>incedam</strong></span> <span class='ocrx_word' id='word_1_538' title='bbox 3688 3558 3766 3608; x_wconf 61' lang='grc' dir='ltr'><strong>Μ’</strong></span> 
     </span>
    </p>
   </div>
   <div class='ocr_carea' id='block_1_46' title="bbox 590 3641 3760 3718">
    <p class='ocr_par' dir='ltr' id='par_1_46' title="bbox 590 3641 3760 3718">
     <span class='ocr_line' id='line_1_46' title="bbox 590 3641 3760 3718; baseline 0.003 -25"><span class='ocrx_word' id='word_1_539' title='bbox 590 3650 750 3709; x_wconf 86' lang='lat' dir='ltr'><strong>atque</strong></span> <span class='ocrx_word' id='word_1_540' title='bbox 788 3642 1011 3710; x_wconf 89' lang='lat' dir='ltr'><strong>imperio</strong></span> <span class='ocrx_word' id='word_1_541' title='bbox 1043 3653 1222 3710; x_wconf 90' lang='lat' dir='ltr'><strong>aucta,</strong></span> <span class='ocrx_word' id='word_1_542' title='bbox 1259 3645 1477 3714; x_wconf 84' lang='lat' dir='ltr'><strong>populos</strong></span> <span class='ocrx_word' id='word_1_543' title='bbox 1506 3645 1607 3700; x_wconf 91' lang='lat' dir='ltr'><strong>sibi</strong></span> <span class='ocrx_word' id='word_1_544' title='bbox 1631 3648 1898 3716; x_wconf 85' lang='lat' dir='ltr'><strong>subjicere</strong></span> <span class='ocrx_word' id='word_1_545' title='bbox 1924 3664 1985 3701; x_wconf 88' lang='lat' dir='ltr'><strong>ac</strong></span> <span class='ocrx_word' id='word_1_546' title='bbox 2016 3650 2147 3704; x_wconf 79' lang='lat' dir='ltr'><strong>diris</strong></span> <span class='ocrx_word' id='word_1_547' title='bbox 2249 3655 2436 3695; x_wconf 88' lang='lat' dir='ltr'><strong>versus</strong></span> <span class='ocrx_word' id='word_1_548' title='bbox 2494 3655 2585 3693; x_wconf 91' lang='lat' dir='ltr'><strong>vos</strong></span> <span class='ocrx_word' id='word_1_549' title='bbox 2619 3641 2669 3694; x_wconf 90' lang='lat' dir='ltr'><strong>in</strong></span> <span class='ocrx_word' id='word_1_550' title='bbox 2711 3641 2886 3696; x_wconf 89' lang='lat' dir='ltr'><strong>furore</strong></span> <span class='ocrx_word' id='word_1_551' title='bbox 2924 3647 3216 3698; x_wconf 84' lang='lat' dir='ltr'><strong>contrario.</strong></span> <span class='ocrx_word' id='word_1_552' title='bbox 3279 3645 3560 3702; x_wconf 83' lang='lat' dir='ltr'><strong>Peccatum</strong></span> <span class='ocrx_word' id='word_1_553' title='bbox 3596 3664 3760 3718; x_wconf 51' lang='lat' dir='ltr'><strong>pecca.</strong></span> 
     </span>
    </p>
   </div>
   <div class='ocr_carea' id='block_1_47' title="bbox 588 3730 3756 3808">
    <p class='ocr_par' dir='ltr' id='par_1_47' title="bbox 588 3730 3756 3808">
     <span class='ocr_line' id='line_1_47' title="bbox 588 3730 3756 3808; baseline 0.004 -31"><span class='ocrx_word' id='word_1_554' title='bbox 588 3735 843 3804; x_wconf 67' lang='lat' dir='ltr'><strong>obligare,</strong></span> <span class='ocrx_word' id='word_1_555' title='bbox 893 3736 1072 3806; x_wconf 64' lang='lat' dir='ltr'><strong>Itaque</strong></span> <span class='ocrx_word' id='word_1_556' title='bbox 1109 3739 1300 3793; x_wconf 60' lang='lat' dir='ltr'><strong>scribit</strong></span> <span class='ocrx_word' id='word_1_557' title='bbox 1347 3740 1436 3792; x_wconf 82' lang='lat' dir='ltr'><strong>Dei</strong></span> <span class='ocrx_word' id='word_1_558' title='bbox 1484 3755 1678 3808; x_wconf 76' lang='lat' dir='ltr'><strong>parens</strong></span> <span class='ocrx_word' id='word_1_559' title='bbox 1711 3741 1874 3794; x_wconf 71' lang='lat' dir='ltr'><strong>David</strong></span> <span class='ocrx_word' id='word_1_560' title='bbox 1905 3760 1917 3795; x_wconf 68' lang='grc' dir='ltr'>ε</span> <span class='ocrx_word' id='word_1_561' title='bbox 1945 3761 1962 3794; x_wconf 67' lang='grc' dir='ltr'><strong>ε</strong></span> <span class='ocrx_word' id='word_1_562' title='bbox 2001 3741 2146 3797; x_wconf 80' lang='lat' dir='ltr'><strong>Pone</strong></span> <span class='ocrx_word' id='word_1_563' title='bbox 2246 3731 2321 3784; x_wconf 74' lang='grc' dir='ltr'><strong>νίι</strong></span> <span class='ocrx_word' id='word_1_564' title='bbox 2373 3730 2686 3791; x_wconf 79' lang='lat' dir='ltr'><strong>Jerusalem,</strong></span> <span class='ocrx_word' id='word_1_565' title='bbox 2754 3744 3032 3800; x_wconf 70' lang='lat' dir='ltr'><strong>propterea</strong></span> <span class='ocrx_word' id='word_1_566' title='bbox 3095 3737 3357 3792; x_wconf 82' lang='lat' dir='ltr'><strong>instabilis</strong></span> <span class='ocrx_word' id='word_1_567' title='bbox 3397 3740 3531 3792; x_wconf 90' lang='lat' dir='ltr'><strong>facta</strong></span> <span class='ocrx_word' id='word_1_568' title='bbox 3567 3754 3640 3794; x_wconf 68' lang='lat' dir='ltr'><strong>est</strong></span> <span class='ocrx_word' id='word_1_569' title='bbox 3667 3743 3756 3794; x_wconf 67' lang='grc' dir='ltr'><strong>υ.»</strong></span> 
     </span>
    </p>
   </div>
   <div class='ocr_carea' id='block_1_48' title="bbox 588 3822 3236 3897">
    <p class='ocr_par' dir='ltr' id='par_1_48' title="bbox 588 3822 3236 3897">
     <span class='ocr_line' id='line_1_48' title="bbox 588 3822 3236 3897; baseline 0.004 -21"><span class='ocrx_word' id='word_1_570' title='bbox 588 3826 857 3895; x_wconf 86' lang='lat' dir='ltr'><strong>principes</strong></span> <span class='ocrx_word' id='word_1_571' title='bbox 909 3842 1092 3880; x_wconf 90' lang='lat' dir='ltr'><strong>eorum</strong></span> <span class='ocrx_word' id='word_1_572' title='bbox 1137 3829 1274 3882; x_wconf 89' lang='lat' dir='ltr'><strong>sicut</strong></span> <span class='ocrx_word' id='word_1_573' title='bbox 1309 3831 1467 3895; x_wconf 91' lang='lat' dir='ltr'><strong>Oreb,</strong></span> <span class='ocrx_word' id='word_1_574' title='bbox 1502 3840 1557 3884; x_wconf 90' lang='lat' dir='ltr'><strong>et</strong></span> <span class='ocrx_word' id='word_1_575' title='bbox 1617 3830 1750 3896; x_wconf 88' lang='lat' dir='ltr'><strong>Zeb,</strong></span> <span class='ocrx_word' id='word_1_576' title='bbox 1787 3840 1840 3885; x_wconf 90' lang='lat' dir='ltr'><strong>et</strong></span> <span class='ocrx_word' id='word_1_577' title='bbox 1866 3833 2066 3897; x_wconf 85' lang='lat' dir='ltr'><strong>Zebee,</strong></span> <span class='ocrx_word' id='word_1_578' title='bbox 2094 3844 2148 3887; x_wconf 87' lang='lat' dir='ltr'><strong>et</strong></span> <span class='ocrx_word' id='word_1_579' title='bbox 2837 3822 3061 3877; x_wconf 64' lang='lat' dir='ltr'><strong>CAPUT</strong></span> <span class='ocrx_word' id='word_1_580' title='bbox 3101 3825 3236 3879; x_wconf 66' lang='lat' dir='ltr'><strong>XLI.</strong></span> 
     </span>
    </p>
   </div>
   <div class='ocr_carea' id='block_1_49' title="bbox 591 3911 3673 3983">
    <p class='ocr_par' dir='ltr' id='par_1_49' title="bbox 591 3911 3673 3983">
     <span class='ocr_line' id='line_1_49' title="bbox 591 3911 3673 3983; baseline 0.001 -15"><span class='ocrx_word' id='word_1_581' title='bbox 591 3913 843 3965; x_wconf 82' lang='lat' dir='ltr'><strong>Salmana</strong></span> <span class='ocrx_word' id='word_1_582' title='bbox 901 3931 914 3966; x_wconf 87' lang='lat'><strong>:</strong></span> <span class='ocrx_word' id='word_1_583' title='bbox 968 3928 1154 3968; x_wconf 86' lang='lat' dir='ltr'><strong>omnes</strong></span> <span class='ocrx_word' id='word_1_584' title='bbox 1187 3916 1458 3983; x_wconf 84' lang='lat' dir='ltr'><strong>principes</strong></span> <span class='ocrx_word' id='word_1_585' title='bbox 1520 3930 1705 3970; x_wconf 88' lang='lat' dir='ltr'><strong>eorum</strong></span> <span class='ocrx_word' id='word_1_586' title='bbox 1766 3917 1855 3983; x_wconf 91' lang='lat' dir='ltr'><strong>qui</strong></span> <span class='ocrx_word' id='word_1_587' title='bbox 1923 3918 2144 3971; x_wconf 86' lang='lat' dir='ltr'><strong>dicunt:</strong></span> <span class='ocrx_word' id='word_1_588' title='bbox 2352 3911 2559 3965; x_wconf 77' lang='lat' dir='ltr'><strong>Christo</strong></span> <span class='ocrx_word' id='word_1_589' title='bbox 2599 3928 2735 3964; x_wconf 82' lang='lat' dir='ltr'><strong>mors</strong></span> <span class='ocrx_word' id='word_1_590' title='bbox 2772 3913 2942 3974; x_wconf 77' lang='lat' dir='ltr'><strong>illata,</strong></span> <span class='ocrx_word' id='word_1_591' title='bbox 2995 3928 3320 3980; x_wconf 80' lang='lat' dir='ltr'><strong>peccatorum</strong></span> <span class='ocrx_word' id='word_1_592' title='bbox 3376 3921 3673 3971; x_wconf 74' lang='lat' dir='ltr'><strong>maximum.</strong></span> 
     </span>
    </p>
   </div>
   <div class='ocr_carea' id='block_1_50' title="bbox 593 4000 3761 4077">
    <p class='ocr_par' dir='ltr' id='par_1_50' title="bbox 593 4000 3761 4077">
     <span class='ocr_line' id='line_1_50' title="bbox 593 4000 3761 4077; baseline 0.002 -23"><span class='ocrx_word' id='word_1_593' title='bbox 593 4002 914 4055; x_wconf 82' lang='lat' dir='ltr'><strong>llacreditate</strong></span> <span class='ocrx_word' id='word_1_594' title='bbox 943 4005 1310 4071; x_wconf 88' lang='lat' dir='ltr'><strong>possideamus</strong></span> <span class='ocrx_word' id='word_1_595' title='bbox 1370 4007 1736 4058; x_wconf 89' lang='lat' dir='ltr'><strong>sanctuarimn</strong></span> <span class='ocrx_word' id='word_1_596' title='bbox 1786 4006 1876 4060; x_wconf 90' lang='lat' dir='ltr'><strong>Dei</strong></span> <span class='ocrx_word' id='word_1_597' title='bbox 1907 4007 1970 4058; x_wconf 80' lang='lat'><strong>&quot;.</strong></span> <span class='ocrx_word' id='word_1_598' title='bbox 2012 4026 2030 4058; x_wconf 77' lang='grc' dir='ltr'><strong><em>ι</em></strong></span> <span class='ocrx_word' id='word_1_599' title='bbox 2079 4007 2148 4061; x_wconf 85' lang='lat' dir='ltr'><strong>At</strong></span> <span class='ocrx_word' id='word_1_600' title='bbox 2317 4000 2488 4068; x_wconf 90' lang='lat' dir='ltr'><strong>Supra</strong></span> <span class='ocrx_word' id='word_1_601' title='bbox 2536 4000 2643 4065; x_wconf 88' lang='lat' dir='ltr'><strong>jam</strong></span> <span class='ocrx_word' id='word_1_602' title='bbox 2706 4004 2934 4068; x_wconf 83' lang='lat' dir='ltr'><strong>dixerat,</strong></span> <span class='ocrx_word' id='word_1_603' title='bbox 2977 4019 3093 4056; x_wconf 89' lang='lat' dir='ltr'><strong>eam</strong></span> <span class='ocrx_word' id='word_1_604' title='bbox 3147 4007 3402 4061; x_wconf 79' lang='lat' dir='ltr'><strong>dit-initus</strong></span> <span class='ocrx_word' id='word_1_605' title='bbox 3466 4020 3670 4077; x_wconf 86' lang='lat' dir='ltr'><strong>propter</strong></span> <span class='ocrx_word' id='word_1_606' title='bbox 3699 4019 3761 4061; x_wconf 86' lang='lat' dir='ltr'><strong>tot</strong></span> 
     </span>
    </p>
   </div>
   <div class='ocr_carea' id='block_1_51' title="bbox 588 4090 3764 4166">
    <p class='ocr_par' dir='ltr' id='par_1_51' title="bbox 588 4090 3764 4166">
     <span class='ocr_line' id='line_1_51' title="bbox 588 4090 3764 4166; baseline 0.002 -21"><span class='ocrx_word' id='word_1_607' title='bbox 588 4093 677 4145; x_wconf 91' lang='lat' dir='ltr'><strong>ubi</strong></span> <span class='ocrx_word' id='word_1_608' title='bbox 731 4093 912 4145; x_wconf 89' lang='lat' dir='ltr'><strong>odium</strong></span> <span class='ocrx_word' id='word_1_609' title='bbox 944 4096 1104 4161; x_wconf 88' lang='lat' dir='ltr'><strong>cepit,</strong></span> <span class='ocrx_word' id='word_1_610' title='bbox 1140 4105 1304 4163; x_wconf 89' lang='lat' dir='ltr'><strong>atque</strong></span> <span class='ocrx_word' id='word_1_611' title='bbox 1342 4098 1408 4148; x_wconf 90' lang='lat' dir='ltr'><strong>ab</strong></span> <span class='ocrx_word' id='word_1_612' title='bbox 1436 4096 1629 4164; x_wconf 86' lang='lat' dir='ltr'><strong>insigni</strong></span> <span class='ocrx_word' id='word_1_613' title='bbox 1668 4095 1879 4149; x_wconf 83' lang='lat' dir='ltr'><strong>valritie</strong></span> <span class='ocrx_word' id='word_1_614' title='bbox 1912 4097 1976 4150; x_wconf 91' lang='lat' dir='ltr'><strong>ad</strong></span> <span class='ocrx_word' id='word_1_615' title='bbox 2044 4097 2145 4150; x_wconf 86' lang='lat' dir='ltr'><strong>im-</strong></span> <span class='ocrx_word' id='word_1_616' title='bbox 2245 4091 2447 4146; x_wconf 85' lang='lat' dir='ltr'><strong>scelera</strong></span> <span class='ocrx_word' id='word_1_617' title='bbox 2504 4090 2772 4157; x_wconf 78' lang='lat' dir='ltr'><strong>afﬂictam,</strong></span> <span class='ocrx_word' id='word_1_618' title='bbox 2808 4108 2949 4147; x_wconf 91' lang='lat' dir='ltr'><strong>nunc</strong></span> <span class='ocrx_word' id='word_1_619' title='bbox 2986 4094 3171 4146; x_wconf 89' lang='lat' dir='ltr'><strong>addit:</strong></span> <span class='ocrx_word' id='word_1_620' title='bbox 3223 4113 3241 4144; x_wconf 73' lang='grc' dir='ltr'><strong><em>ι</em></strong></span> <span class='ocrx_word' id='word_1_621' title='bbox 3288 4095 3571 4152; x_wconf 85' lang='lat' dir='ltr'><strong>Peccatum</strong></span> <span class='ocrx_word' id='word_1_622' title='bbox 3604 4113 3764 4166; x_wconf 81' lang='lat' dir='ltr'><strong>pecca-</strong></span> 
     </span>
    </p>
   </div>
   <div class='ocr_carea' id='block_1_52' title="bbox 588 4169 3762 4254">
    <p class='ocr_par' dir='ltr' id='par_1_52' title="bbox 588 4169 3762 4254">
     <span class='ocr_line' id='line_1_52' title="bbox 588 4169 3762 4254; baseline 0.004 -26"><span class='ocrx_word' id='word_1_623' title='bbox 588 4169 837 4248; x_wconf 74' lang='lat' dir='ltr'><strong>pietatem</strong></span> <span class='ocrx_word' id='word_1_624' title='bbox 883 4198 1067 4252; x_wconf 66' lang='lat' dir='ltr'><strong>porro,</strong></span> <span class='ocrx_word' id='word_1_625' title='bbox 1110 4186 1260 4253; x_wconf 68' lang='lat' dir='ltr'><strong>quasi</strong></span> <span class='ocrx_word' id='word_1_626' title='bbox 1302 4186 1526 4253; x_wconf 79' lang='lat' dir='ltr'><strong>quadam</strong></span> <span class='ocrx_word' id='word_1_627' title='bbox 1562 4196 1875 4254; x_wconf 65' lang='lat' dir='ltr'><strong>tempestate</strong></span> <span class='ocrx_word' id='word_1_628' title='bbox 1930 4197 2013 4241; x_wconf 73' lang='lat' dir='ltr'><strong>est</strong></span> <span class='ocrx_word' id='word_1_629' title='bbox 2051 4202 2147 4242; x_wconf 74' lang='lat' dir='ltr'><strong>ex-</strong></span> <span class='ocrx_word' id='word_1_630' title='bbox 2246 4183 2322 4233; x_wconf 87' lang='lat' dir='ltr'><strong>vit</strong></span> <span class='ocrx_word' id='word_1_631' title='bbox 2359 4180 2428 4235; x_wconf 70' lang='lat'><strong>“.</strong></span> <span class='ocrx_word' id='word_1_632' title='bbox 2466 4200 2484 4231; x_wconf 81' lang='grc'><strong>)</strong></span> <span class='ocrx_word' id='word_1_633' title='bbox 2529 4181 2642 4236; x_wconf 90' lang='lat' dir='ltr'><strong>Illic</strong></span> <span class='ocrx_word' id='word_1_634' title='bbox 2714 4183 2906 4251; x_wconf 87' lang='lat' dir='ltr'><strong>quippe</strong></span> <span class='ocrx_word' id='word_1_635' title='bbox 2965 4182 3327 4240; x_wconf 85' lang='lat' dir='ltr'><strong>lsraelitarum</strong></span> <span class='ocrx_word' id='word_1_636' title='bbox 3393 4203 3458 4242; x_wconf 80' lang='lat' dir='ltr'><strong>ex</strong></span> <span class='ocrx_word' id='word_1_637' title='bbox 3511 4189 3762 4245; x_wconf 83' lang='lat' dir='ltr'><strong>intervallo</strong></span> 
     </span>
    </p>
   </div>
   <div class='ocr_carea' id='block_1_53' title="bbox 588 4271 3763 4349">
    <p class='ocr_par' dir='ltr' id='par_1_53' title="bbox 588 4271 3763 4349">
     <span class='ocr_line' id='line_1_53' title="bbox 588 4271 3763 4349; baseline 0.003 -26"><span class='ocrx_word' id='word_1_638' title='bbox 588 4286 757 4339; x_wconf 83' lang='lat' dir='ltr'><strong>trusa,</strong></span> <span class='ocrx_word' id='word_1_639' title='bbox 812 4283 921 4328; x_wconf 85' lang='lat' dir='ltr'><strong>tum</strong></span> <span class='ocrx_word' id='word_1_640' title='bbox 978 4291 1105 4329; x_wconf 84' lang='lat' dir='ltr'><strong>vero</strong></span> <span class='ocrx_word' id='word_1_641' title='bbox 1133 4276 1424 4330; x_wconf 79' lang='lat' dir='ltr'><strong>sacrarium</strong></span> <span class='ocrx_word' id='word_1_642' title='bbox 1457 4277 1749 4345; x_wconf 76' lang='lat' dir='ltr'><strong>profanari,</strong></span> <span class='ocrx_word' id='word_1_643' title='bbox 1800 4277 1928 4332; x_wconf 71' lang='lat' dir='ltr'><strong>urbs</strong></span> <span class='ocrx_word' id='word_1_644' title='bbox 1957 4279 2142 4344; x_wconf 69' lang='lat' dir='ltr'><strong>diripi,</strong></span> <span class='ocrx_word' id='word_1_645' title='bbox 2247 4271 2574 4327; x_wconf 75' lang='lat' dir='ltr'><strong>idololatrias</strong></span> <span class='ocrx_word' id='word_1_646' title='bbox 2613 4281 2664 4325; x_wconf 81' lang='lat' dir='ltr'><strong>et</strong></span> <span class='ocrx_word' id='word_1_647' title='bbox 2708 4273 2973 4338; x_wconf 89' lang='lat' dir='ltr'><strong>vaticidia,</strong></span> <span class='ocrx_word' id='word_1_648' title='bbox 3030 4275 3114 4330; x_wconf 91' lang='lat' dir='ltr'><strong>hic</strong></span> <span class='ocrx_word' id='word_1_649' title='bbox 3170 4277 3371 4333; x_wconf 88' lang='lat' dir='ltr'><strong>Christi</strong></span> <span class='ocrx_word' id='word_1_650' title='bbox 3415 4295 3595 4334; x_wconf 87' lang='lat' dir='ltr'><strong>necem</strong></span> <span class='ocrx_word' id='word_1_651' title='bbox 3625 4280 3763 4349; x_wconf 82' lang='lat' dir='ltr'><strong>signi-</strong></span> 
     </span>
    </p>
   </div>
   <div class='ocr_carea' id='block_1_54' title="bbox 587 4358 3762 4438">
    <p class='ocr_par' dir='ltr' id='par_1_54' title="bbox 587 4358 3762 4438">
     <span class='ocr_line' id='line_1_54' title="bbox 587 4358 3762 4438; baseline 0.001 -21"><span class='ocrx_word' id='word_1_652' title='bbox 587 4365 843 4432; x_wconf 76' lang='lat' dir='ltr'><strong>tnmplum</strong></span> <span class='ocrx_word' id='word_1_653' title='bbox 894 4380 922 4417; x_wconf 93' lang='lat' dir='ltr'><strong>a</strong></span> <span class='ocrx_word' id='word_1_654' title='bbox 983 4365 1344 4420; x_wconf 87' lang='lat' dir='ltr'><strong>fundamentis</strong></span> <span class='ocrx_word' id='word_1_655' title='bbox 1393 4369 1584 4428; x_wconf 88' lang='lat' dir='ltr'><strong>everti,</strong></span> <span class='ocrx_word' id='word_1_656' title='bbox 1655 4375 1747 4420; x_wconf 89' lang='lat' dir='ltr'><strong>aut</strong></span> <span class='ocrx_word' id='word_1_657' title='bbox 1770 4368 1982 4435; x_wconf 70' lang='lat' dir='ltr'><strong>[potius</strong></span> <span class='ocrx_word' id='word_1_658' title='bbox 2042 4384 2139 4435; x_wconf 92' lang='lat' dir='ltr'><strong>pro</strong></span> <span class='ocrx_word' id='word_1_659' title='bbox 2175 4358 2218 4413; x_wconf 84' lang='lat' dir='ltr'><strong>D</strong></span> <span class='ocrx_word' id='word_1_660' title='bbox 2246 4362 2389 4424; x_wconf 66' lang='lat' dir='ltr'><strong>fleat.</strong></span> <span class='ocrx_word' id='word_1_661' title='bbox 2417 4376 2582 4430; x_wconf 74' lang='lat' dir='ltr'><strong>Quare</strong></span> <span class='ocrx_word' id='word_1_662' title='bbox 2599 4360 2870 4431; x_wconf 73' lang='lat' dir='ltr'><strong>subiungit</strong></span> <span class='ocrx_word' id='word_1_663' title='bbox 2902 4381 2914 4417; x_wconf 92' lang='lat'>:</span> <span class='ocrx_word' id='word_1_664' title='bbox 2950 4380 2968 4413; x_wconf 81' lang='lat' dir='ltr'><strong>t</strong></span> <span class='ocrx_word' id='word_1_665' title='bbox 3010 4365 3052 4418; x_wconf 88' lang='grc'>0</span> <span class='ocrx_word' id='word_1_666' title='bbox 3087 4381 3178 4419; x_wconf 88' lang='lat' dir='ltr'><strong>vos</strong></span> <span class='ocrx_word' id='word_1_667' title='bbox 3213 4380 3401 4421; x_wconf 88' lang='lat' dir='ltr'><strong>omnes</strong></span> <span class='ocrx_word' id='word_1_668' title='bbox 3433 4370 3523 4438; x_wconf 91' lang='lat' dir='ltr'><strong>qui</strong></span> <span class='ocrx_word' id='word_1_669' title='bbox 3551 4368 3762 4423; x_wconf 87' lang='lat' dir='ltr'><strong>transitis</strong></span> 
     </span>
    </p>
   </div>
   <div class='ocr_carea' id='block_1_55' title="bbox 588 4451 3760 4524">
    <p class='ocr_par' dir='ltr' id='par_1_55' title="bbox 588 4451 3760 4524">
     <span class='ocr_line' id='line_1_55' title="bbox 588 4451 3760 4524; baseline 0.005 -18"><span class='ocrx_word' id='word_1_670' title='bbox 588 4455 844 4508; x_wconf 83' lang='lat' dir='ltr'><strong>derelicto</strong></span> <span class='ocrx_word' id='word_1_671' title='bbox 879 4456 1081 4509; x_wconf 87' lang='lat' dir='ltr'><strong>haberi.</strong></span> <span class='ocrx_word' id='word_1_672' title='bbox 1135 4454 1258 4509; x_wconf 68' lang='lat' dir='ltr'><strong>Haec</strong></span> <span class='ocrx_word' id='word_1_673' title='bbox 1288 4457 1379 4524; x_wconf 92' lang='lat' dir='ltr'><strong>qui</strong></span> <span class='ocrx_word' id='word_1_674' title='bbox 1416 4464 1713 4523; x_wconf 89' lang='lat' dir='ltr'><strong>patrarunt,</strong></span> <span class='ocrx_word' id='word_1_675' title='bbox 1747 4458 1812 4512; x_wconf 92' lang='lat' dir='ltr'><strong>iis</strong></span> <span class='ocrx_word' id='word_1_676' title='bbox 1848 4472 1969 4511; x_wconf 91' lang='lat' dir='ltr'><strong>cum</strong></span> <span class='ocrx_word' id='word_1_677' title='bbox 2005 4459 2140 4513; x_wconf 86' lang='lat' dir='ltr'><strong>bene</strong></span> <span class='ocrx_word' id='word_1_678' title='bbox 2246 4452 2520 4520; x_wconf 70' lang='lat' dir='ltr'><strong>perviam.</strong></span> <span class='ocrx_word' id='word_1_679' title='bbox 2555 4471 2574 4503; x_wconf 70' lang='grc' dir='ltr'><strong><em>ι</em></strong></span> <span class='ocrx_word' id='word_1_680' title='bbox 2600 4451 2801 4506; x_wconf 69' lang='grc' dir='ltr'><strong>εείίίεει</strong></span> <span class='ocrx_word' id='word_1_681' title='bbox 2830 4453 3060 4515; x_wconf 73' lang='grc' dir='ltr'><strong>νῖηυιῖεο</strong></span> <span class='ocrx_word' id='word_1_682' title='bbox 3099 4473 3116 4505; x_wconf 75' lang='grc' dir='ltr'><strong>ε</strong></span> <span class='ocrx_word' id='word_1_683' title='bbox 3146 4457 3423 4521; x_wconf 66' lang='lat' dir='ltr'><strong>allen-“le.</strong></span> <span class='ocrx_word' id='word_1_684' title='bbox 3453 4460 3698 4522; x_wconf 55' lang='lat' dir='ltr'><strong>elvidclci</strong></span> <span class='ocrx_word' id='word_1_685' title='bbox 3724 4457 3760 4511; x_wconf 71' lang='lat' dir='ltr'><strong>5i</strong></span> 
     </span>
    </p>
   </div>
   <div class='ocr_carea' id='block_1_56' title="bbox 585 4534 3760 4616">
    <p class='ocr_par' dir='ltr' id='par_1_56' title="bbox 585 4534 3760 4616">
     <span class='ocr_line' id='line_1_56' title="bbox 585 4534 3760 4616; baseline 0 -19"><span class='ocrx_word' id='word_1_686' title='bbox 585 4554 690 4608; x_wconf 84' lang='lat' dir='ltr'><strong>est,</strong></span> <span class='ocrx_word' id='word_1_687' title='bbox 735 4554 843 4598; x_wconf 90' lang='lat' dir='ltr'><strong>tum</strong></span> <span class='ocrx_word' id='word_1_688' title='bbox 871 4545 935 4598; x_wconf 91' lang='lat' dir='ltr'><strong>ad</strong></span> <span class='ocrx_word' id='word_1_689' title='bbox 971 4547 1201 4614; x_wconf 84' lang='lat' dir='ltr'><strong>majores</strong></span> <span class='ocrx_word' id='word_1_690' title='bbox 1239 4546 1480 4599; x_wconf 89' lang='lat' dir='ltr'><strong>fortunas</strong></span> <span class='ocrx_word' id='word_1_691' title='bbox 1522 4562 1586 4599; x_wconf 87' lang='lat' dir='ltr'><strong>ac</strong></span> <span class='ocrx_word' id='word_1_692' title='bbox 1631 4561 1851 4616; x_wconf 82' lang='lat' dir='ltr'><strong>regnum</strong></span> <span class='ocrx_word' id='word_1_693' title='bbox 1882 4534 2149 4601; x_wconf 15' lang='lat' dir='ltr'><strong>ex‘tollun-</strong></span> <span class='ocrx_word' id='word_1_694' title='bbox 2244 4551 2326 4596; x_wconf 87' lang='lat' dir='ltr'><strong>est</strong></span> <span class='ocrx_word' id='word_1_695' title='bbox 2359 4541 2533 4604; x_wconf 84' lang='lat' dir='ltr'><strong>dolor,</strong></span> <span class='ocrx_word' id='word_1_696' title='bbox 2566 4541 2705 4597; x_wconf 89' lang='lat' dir='ltr'><strong>sicut</strong></span> <span class='ocrx_word' id='word_1_697' title='bbox 2749 4541 2902 4596; x_wconf 89' lang='lat' dir='ltr'><strong>dolor</strong></span> <span class='ocrx_word' id='word_1_698' title='bbox 2929 4558 3118 4598; x_wconf 90' lang='lat' dir='ltr'><strong>meus:</strong></span> <span class='ocrx_word' id='word_1_699' title='bbox 3161 4547 3412 4613; x_wconf 90' lang='lat' dir='ltr'><strong>quoniam</strong></span> <span class='ocrx_word' id='word_1_700' title='bbox 3470 4549 3760 4602; x_wconf 82' lang='lat' dir='ltr'><strong>vindemarit</strong></span> 
     </span>
    </p>
   </div>
   <div class='ocr_carea' id='block_1_57' title="bbox 590 4633 3758 4705">
    <p class='ocr_par' dir='ltr' id='par_1_57' title="bbox 590 4633 3758 4705">
     <span class='ocr_line' id='line_1_57' title="bbox 590 4633 3758 4705; baseline 0.002 -19"><span class='ocrx_word' id='word_1_701' title='bbox 590 4645 693 4688; x_wconf 89' lang='lat' dir='ltr'><strong>tur.</strong></span> <span class='ocrx_word' id='word_1_702' title='bbox 754 4634 922 4701; x_wconf 64' lang='lat' dir='ltr'><strong>Quod</strong></span> <span class='ocrx_word' id='word_1_703' title='bbox 955 4635 1247 4700; x_wconf 80' lang='lat' dir='ltr'><strong>explanans</strong></span> <span class='ocrx_word' id='word_1_704' title='bbox 1292 4634 1579 4702; x_wconf 87' lang='lat' dir='ltr'><strong>Propheta,</strong></span> <span class='ocrx_word' id='word_1_705' title='bbox 1621 4636 1695 4688; x_wconf 88' lang='lat' dir='ltr'><strong>ait</strong></span> <span class='ocrx_word' id='word_1_706' title='bbox 1736 4654 1749 4690; x_wconf 87' lang='lat'><strong>:</strong></span> <span class='ocrx_word' id='word_1_707' title='bbox 1791 4655 1809 4688; x_wconf 80' lang='lat' dir='ltr'><strong>t</strong></span> <span class='ocrx_word' id='word_1_708' title='bbox 1847 4637 1981 4701; x_wconf 90' lang='lat' dir='ltr'><strong>Quia</strong></span> <span class='ocrx_word' id='word_1_709' title='bbox 2033 4637 2142 4690; x_wconf 81' lang='lat' dir='ltr'><strong>Do-</strong></span> <span class='ocrx_word' id='word_1_710' title='bbox 2244 4649 2348 4699; x_wconf 76' lang='lat' dir='ltr'><strong>me,</strong></span> <span class='ocrx_word' id='word_1_711' title='bbox 2375 4633 2654 4688; x_wconf 69' lang='lat' dir='ltr'><strong>u‘tlocutus</strong></span> <span class='ocrx_word' id='word_1_712' title='bbox 2680 4643 2762 4687; x_wconf 90' lang='lat' dir='ltr'><strong>est</strong></span> <span class='ocrx_word' id='word_1_713' title='bbox 2785 4633 3042 4689; x_wconf 88' lang='lat' dir='ltr'><strong>Dominus</strong></span> <span class='ocrx_word' id='word_1_714' title='bbox 3064 4635 3113 4689; x_wconf 92' lang='lat' dir='ltr'><strong>in</strong></span> <span class='ocrx_word' id='word_1_715' title='bbox 3143 4652 3224 4689; x_wconf 89' lang='lat' dir='ltr'><strong>me</strong></span> <span class='ocrx_word' id='word_1_716' title='bbox 3243 4637 3435 4705; x_wconf 72' lang='lat'><strong>(34)&quot;.</strong></span> <span class='ocrx_word' id='word_1_717' title='bbox 3461 4659 3478 4690; x_wconf 75' lang='grc' dir='ltr'><strong><em>ι</em></strong></span> <span class='ocrx_word' id='word_1_718' title='bbox 3508 4638 3758 4694; x_wconf 80' lang='lat' dir='ltr'><strong>Utcondo-</strong></span> 
     </span>
    </p>
   </div>
   <div class='ocr_carea' id='block_1_58' title="bbox 590 4724 3755 4797">
    <p class='ocr_par' dir='ltr' id='par_1_58' title="bbox 590 4724 3755 4797">
     <span class='ocr_line' id='line_1_58' title="bbox 590 4724 3755 4797; baseline 0.003 -22"><span class='ocrx_word' id='word_1_719' title='bbox 590 4725 767 4777; x_wconf 90' lang='lat' dir='ltr'><strong>minus</strong></span> <span class='ocrx_word' id='word_1_720' title='bbox 816 4724 1116 4777; x_wconf 85' lang='lat' dir='ltr'><strong>humiliavit</strong></span> <span class='ocrx_word' id='word_1_721' title='bbox 1167 4738 1283 4778; x_wconf 90' lang='lat' dir='ltr'><strong>eam</strong></span> <span class='ocrx_word' id='word_1_722' title='bbox 1337 4735 1556 4793; x_wconf 87' lang='lat' dir='ltr'><strong>pr0pter</strong></span> <span class='ocrx_word' id='word_1_723' title='bbox 1604 4725 2003 4779; x_wconf 88' lang='lat' dir='ltr'><strong>multitudinem</strong></span> <span class='ocrx_word' id='word_1_724' title='bbox 2040 4726 2140 4777; x_wconf 77' lang='lat' dir='ltr'><strong>’m-</strong></span> <span class='ocrx_word' id='word_1_725' title='bbox 2244 4726 2418 4779; x_wconf 91' lang='lat' dir='ltr'><strong>lentes</strong></span> <span class='ocrx_word' id='word_1_726' title='bbox 2472 4739 2534 4779; x_wconf 85' lang='lat' dir='ltr'><strong>se</strong></span> <span class='ocrx_word' id='word_1_727' title='bbox 2586 4724 2777 4778; x_wconf 91' lang='lat' dir='ltr'><strong>intueri</strong></span> <span class='ocrx_word' id='word_1_728' title='bbox 2809 4725 2978 4788; x_wconf 84' lang='lat' dir='ltr'><strong>jubet,</strong></span> <span class='ocrx_word' id='word_1_729' title='bbox 3023 4728 3176 4792; x_wconf 90' lang='lat' dir='ltr'><strong>quasi</strong></span> <span class='ocrx_word' id='word_1_730' title='bbox 3235 4729 3468 4797; x_wconf 83' lang='lat' dir='ltr'><strong>seipsam</strong></span> <span class='ocrx_word' id='word_1_731' title='bbox 3506 4743 3755 4786; x_wconf 84' lang='lat' dir='ltr'><strong>accusans.</strong></span> 
     </span>
    </p>
   </div>
   <div class='ocr_carea' id='block_1_59' title="bbox 588 4812 3757 4888">
    <p class='ocr_par' dir='ltr' id='par_1_59' title="bbox 588 4812 3757 4888">
     <span class='ocr_line' id='line_1_59' title="bbox 588 4812 3757 4888; baseline 0.003 -26"><span class='ocrx_word' id='word_1_732' title='bbox 588 4814 845 4880; x_wconf 83' lang='lat' dir='ltr'><strong>pictatum</strong></span> <span class='ocrx_word' id='word_1_733' title='bbox 899 4813 1015 4879; x_wconf 86' lang='lat' dir='ltr'><strong>ejus</strong></span> <span class='ocrx_word' id='word_1_734' title='bbox 1070 4814 1138 4869; x_wconf 81' lang='lat'><strong>”.</strong></span> <span class='ocrx_word' id='word_1_735' title='bbox 1176 4831 1194 4864; x_wconf 73' lang='grc' dir='ltr'><strong><em>ι</em></strong></span> <span class='ocrx_word' id='word_1_736' title='bbox 1257 4812 1388 4866; x_wconf 86' lang='lat' dir='ltr'><strong>Nam</strong></span> <span class='ocrx_word' id='word_1_737' title='bbox 1454 4828 1576 4866; x_wconf 91' lang='lat' dir='ltr'><strong>cum</strong></span> <span class='ocrx_word' id='word_1_738' title='bbox 1635 4813 1910 4883; x_wconf 82' lang='lat' dir='ltr'><strong>Synagoga</strong></span> <span class='ocrx_word' id='word_1_739' title='bbox 1973 4814 2138 4868; x_wconf 86' lang='lat' dir='ltr'><strong>Deum</strong></span> <span class='ocrx_word' id='word_1_740' title='bbox 2243 4815 2390 4869; x_wconf 86' lang='lat' dir='ltr'><strong>velut</strong></span> <span class='ocrx_word' id='word_1_741' title='bbox 2439 4815 2491 4868; x_wconf 92' lang='lat' dir='ltr'><strong>in</strong></span> <span class='ocrx_word' id='word_1_742' title='bbox 2542 4823 2838 4869; x_wconf 77' lang='lat' dir='ltr'><strong>extremum</strong></span> <span class='ocrx_word' id='word_1_743' title='bbox 2914 4815 3088 4870; x_wconf 89' lang='lat' dir='ltr'><strong>scelus</strong></span> <span class='ocrx_word' id='word_1_744' title='bbox 3154 4819 3474 4888; x_wconf 88' lang='lat' dir='ltr'><strong>prolapsam.</strong></span> <span class='ocrx_word' id='word_1_745' title='bbox 3526 4822 3643 4888; x_wconf 75' lang='lat' dir='ltr'><strong>Quae</strong></span> <span class='ocrx_word' id='word_1_746' title='bbox 3691 4824 3757 4870; x_wconf 86' lang='lat' dir='ltr'><strong>est</strong></span> 
     </span>
    </p>
   </div>
   <div class='ocr_carea' id='block_1_60' title="bbox 594 4890 3754 4976">
    <p class='ocr_par' dir='ltr' id='par_1_60' title="bbox 594 4890 3754 4976">
     <span class='ocr_line' id='line_1_60' title="bbox 594 4890 3754 4976; baseline 0.002 -21"><span class='ocrx_word' id='word_1_747' title='bbox 594 4916 955 4968; x_wconf 73' lang='lat' dir='ltr'><strong>vt-tterarelur,</strong></span> <span class='ocrx_word' id='word_1_748' title='bbox 993 4905 1396 4976; x_wconf 84' lang='lat' dir='ltr'><strong>Mosenquoqne</strong></span> <span class='ocrx_word' id='word_1_749' title='bbox 1423 4907 1790 4972; x_wconf 85' lang='lat' dir='ltr'><strong>alloquebatur</strong></span> <span class='ocrx_word' id='word_1_750' title='bbox 1817 4907 1988 4961; x_wconf 88' lang='lat' dir='ltr'><strong>Deus:</strong></span> <span class='ocrx_word' id='word_1_751' title='bbox 2028 4926 2045 4958; x_wconf 74' lang='grc' dir='ltr'>ι</span> <span class='ocrx_word' id='word_1_752' title='bbox 2078 4908 2142 4959; x_wconf 87' lang='lat' dir='ltr'><strong>Et</strong></span> <span class='ocrx_word' id='word_1_753' title='bbox 2245 4903 2387 4959; x_wconf 89' lang='lat' dir='ltr'><strong>enim</strong></span> <span class='ocrx_word' id='word_1_754' title='bbox 2429 4890 2756 4970; x_wconf 87' lang='lat' dir='ltr'><strong>patratorurn</strong></span> <span class='ocrx_word' id='word_1_755' title='bbox 2795 4913 2918 4956; x_wconf 88' lang='lat' dir='ltr'><strong>ante</strong></span> <span class='ocrx_word' id='word_1_756' title='bbox 2974 4905 3234 4959; x_wconf 90' lang='lat' dir='ltr'><strong>scelerum</strong></span> <span class='ocrx_word' id='word_1_757' title='bbox 3271 4909 3336 4961; x_wconf 84' lang='lat' dir='ltr'><strong>ad</strong></span> <span class='ocrx_word' id='word_1_758' title='bbox 3379 4909 3576 4964; x_wconf 89' lang='lat' dir='ltr'><strong>Christi</strong></span> <span class='ocrx_word' id='word_1_759' title='bbox 3600 4920 3754 4961; x_wconf 83' lang='lat' dir='ltr'><strong>necem</strong></span> 
     </span>
    </p>
   </div>
   <div class='ocr_carea' id='block_1_61' title="bbox 586 4993 3757 5066">
    <p class='ocr_par' dir='ltr' id='par_1_61' title="bbox 586 4993 3757 5066">
     <span class='ocr_line' id='line_1_61' title="bbox 586 4993 3757 5066; baseline 0.001 -21"><span class='ocrx_word' id='word_1_760' title='bbox 586 4997 753 5047; x_wconf 71' lang='lat' dir='ltr'><strong>scient</strong></span> <span class='ocrx_word' id='word_1_761' title='bbox 788 4994 1048 5064; x_wconf 62' lang='lat' dir='ltr'><strong>Egyptii,</strong></span> <span class='ocrx_word' id='word_1_762' title='bbox 1089 4998 1214 5065; x_wconf 90' lang='lat' dir='ltr'><strong>quia</strong></span> <span class='ocrx_word' id='word_1_763' title='bbox 1256 5011 1502 5066; x_wconf 85' lang='lat' dir='ltr'><strong>egosum</strong></span> <span class='ocrx_word' id='word_1_764' title='bbox 1539 4997 1816 5059; x_wconf 90' lang='lat' dir='ltr'><strong>Dominus,</strong></span> <span class='ocrx_word' id='word_1_765' title='bbox 1844 5006 1898 5050; x_wconf 91' lang='lat' dir='ltr'><strong>et</strong></span> <span class='ocrx_word' id='word_1_766' title='bbox 1929 5013 2031 5050; x_wconf 92' lang='lat' dir='ltr'><strong>non</strong></span> <span class='ocrx_word' id='word_1_767' title='bbox 2060 5006 2141 5050; x_wconf 91' lang='lat' dir='ltr'><strong>est</strong></span> <span class='ocrx_word' id='word_1_768' title='bbox 2242 4993 2616 5063; x_wconf 88' lang='lat' dir='ltr'><strong>comparatio?</strong></span> <span class='ocrx_word' id='word_1_769' title='bbox 2666 4995 2884 5047; x_wconf 91' lang='lat' dir='ltr'><strong>omnino</strong></span> <span class='ocrx_word' id='word_1_770' title='bbox 2916 4995 3079 5049; x_wconf 91' lang='lat' dir='ltr'><strong>nulla.</strong></span> <span class='ocrx_word' id='word_1_771' title='bbox 3119 4995 3230 5051; x_wconf 83' lang='lat' dir='ltr'><strong>Hoc</strong></span> <span class='ocrx_word' id='word_1_772' title='bbox 3286 4999 3546 5053; x_wconf 88' lang='lat' dir='ltr'><strong>malorum</strong></span> <span class='ocrx_word' id='word_1_773' title='bbox 3579 4995 3757 5054; x_wconf 86' lang='lat' dir='ltr'><strong>teterri-</strong></span> 
     </span>
    </p>
   </div>
   <div class='ocr_carea' id='block_1_62' title="bbox 588 5085 3751 5155">
    <p class='ocr_par' dir='ltr' id='par_1_62' title="bbox 588 5085 3751 5155">
     <span class='ocr_line' id='line_1_62' title="bbox 588 5085 3751 5155; baseline 0.002 -21"><span class='ocrx_word' id='word_1_774' title='bbox 588 5085 724 5136; x_wconf 79' lang='lat' dir='ltr'><strong>alius</strong></span> <span class='ocrx_word' id='word_1_775' title='bbox 798 5094 993 5152; x_wconf 63' lang='lat' dir='ltr'><strong>praeter</strong></span> <span class='ocrx_word' id='word_1_776' title='bbox 1029 5101 1114 5139; x_wconf 90' lang='lat' dir='ltr'><strong>me</strong></span> <span class='ocrx_word' id='word_1_777' title='bbox 1149 5088 1217 5140; x_wconf 77' lang='lat'><strong>&quot;.</strong></span> <span class='ocrx_word' id='word_1_778' title='bbox 1257 5106 1276 5138; x_wconf 74' lang='grc' dir='ltr'><strong><em>ι</em></strong></span> <span class='ocrx_word' id='word_1_779' title='bbox 1335 5087 1519 5141; x_wconf 60' lang='lat' dir='ltr'><strong>Caedes</strong></span> <span class='ocrx_word' id='word_1_780' title='bbox 1566 5102 1695 5141; x_wconf 83' lang='lat' dir='ltr'><strong>vero</strong></span> <span class='ocrx_word' id='word_1_781' title='bbox 1752 5089 2133 5155; x_wconf 90' lang='lat' dir='ltr'><strong>prophetarum</strong></span> <span class='ocrx_word' id='word_1_782' title='bbox 2240 5101 2406 5149; x_wconf 88' lang='lat' dir='ltr'><strong>mum,</strong></span> <span class='ocrx_word' id='word_1_783' title='bbox 2456 5085 2557 5137; x_wconf 86' lang='lat' dir='ltr'><strong>hoc</strong></span> <span class='ocrx_word' id='word_1_784' title='bbox 2587 5099 2894 5151; x_wconf 91' lang='lat' dir='ltr'><strong>supremum</strong></span> <span class='ocrx_word' id='word_1_785' title='bbox 2923 5085 3110 5140; x_wconf 86' lang='lat' dir='ltr'><strong>vulnus</strong></span> <span class='ocrx_word' id='word_1_786' title='bbox 3147 5096 3247 5140; x_wconf 91' lang='lat' dir='ltr'><strong>est.</strong></span> <span class='ocrx_word' id='word_1_787' title='bbox 3289 5087 3464 5153; x_wconf 85' lang='lat' dir='ltr'><strong>Quare</strong></span> <span class='ocrx_word' id='word_1_788' title='bbox 3490 5086 3751 5142; x_wconf 71' lang='lat' dir='ltr'><strong>humiliari!</strong></span> 
     </span>
    </p>
   </div>
   <div class='ocr_carea' id='block_1_63' title="bbox 587 5175 3746 5246">
    <p class='ocr_par' dir='ltr' id='par_1_63' title="bbox 587 5175 3746 5246">
     <span class='ocr_line' id='line_1_63' title="bbox 587 5175 3746 5246; baseline 0.001 -20"><span class='ocrx_word' id='word_1_789' title='bbox 587 5177 796 5242; x_wconf 83' lang='lat' dir='ltr'><strong>aliaque</strong></span> <span class='ocrx_word' id='word_1_790' title='bbox 840 5175 1042 5229; x_wconf 82' lang='lat' dir='ltr'><strong>scelera</strong></span> <span class='ocrx_word' id='word_1_791' title='bbox 1103 5176 1242 5232; x_wconf 90' lang='lat' dir='ltr'><strong>Deus</strong></span> <span class='ocrx_word' id='word_1_792' title='bbox 1287 5178 1596 5246; x_wconf 82' lang='lat' dir='ltr'><strong>complexus</strong></span> <span class='ocrx_word' id='word_1_793' title='bbox 1662 5179 1942 5244; x_wconf 90' lang='lat' dir='ltr'><strong>memoria,</strong></span> <span class='ocrx_word' id='word_1_794' title='bbox 2013 5194 2131 5233; x_wconf 91' lang='lat' dir='ltr'><strong>eam</strong></span> <span class='ocrx_word' id='word_1_795' title='bbox 2244 5189 2324 5229; x_wconf 89' lang='lat' dir='ltr'><strong>me</strong></span> <span class='ocrx_word' id='word_1_796' title='bbox 2367 5193 2384 5226; x_wconf 83' lang='lat' dir='ltr'><strong>t</strong></span> <span class='ocrx_word' id='word_1_797' title='bbox 2425 5176 2679 5229; x_wconf 91' lang='lat' dir='ltr'><strong>Dominus</strong></span> <span class='ocrx_word' id='word_1_798' title='bbox 2719 5176 2770 5228; x_wconf 92' lang='lat' dir='ltr'><strong>in</strong></span> <span class='ocrx_word' id='word_1_799' title='bbox 2807 5176 2892 5230; x_wconf 91' lang='lat' dir='ltr'><strong>die</strong></span> <span class='ocrx_word' id='word_1_800' title='bbox 2922 5178 3014 5230; x_wconf 67' lang='lat' dir='ltr'><strong>ira:</strong></span> <span class='ocrx_word' id='word_1_801' title='bbox 3047 5179 3243 5233; x_wconf 89' lang='lat' dir='ltr'><strong>furoris</strong></span> <span class='ocrx_word' id='word_1_802' title='bbox 3281 5182 3364 5233; x_wconf 89' lang='lat' dir='ltr'><strong>sui</strong></span> <span class='ocrx_word' id='word_1_803' title='bbox 3393 5182 3480 5235; x_wconf 77' lang='lat' dir='ltr'><strong>‘de</strong></span> <span class='ocrx_word' id='word_1_804' title='bbox 3518 5179 3746 5234; x_wconf 64' lang='lat' dir='ltr'><strong>excelso:</strong></span> 
     </span>
    </p>
   </div>
   <div class='ocr_carea' id='block_1_64' title="bbox 657 5357 3752 5433">
    <p class='ocr_par' dir='ltr' id='par_1_64' title="bbox 657 5357 3752 5433">
     <span class='ocr_line' id='line_1_64' title="bbox 657 5357 3752 5433; baseline 0.004 -24"><span class='ocrx_word' id='word_1_805' title='bbox 657 5357 917 5433; x_wconf 80' lang='lat' dir='ltr'><strong>&quot;__Jerem.</strong></span> <span class='ocrx_word' id='word_1_806' title='bbox 941 5374 1027 5420; x_wconf 78' lang='lat' dir='ltr'><strong>xv,</strong></span> <span class='ocrx_word' id='word_1_807' title='bbox 1055 5359 1158 5433; x_wconf 57' lang='lat'><strong>1.“</strong></span> <span class='ocrx_word' id='word_1_808' title='bbox 1182 5362 1224 5392; x_wconf 86' lang='grc'><strong>¹³</strong></span> <span class='ocrx_word' id='word_1_809' title='bbox 1246 5361 1446 5433; x_wconf 57' lang='lat' dir='ltr'><strong>Thren.</strong></span> <span class='ocrx_word' id='word_1_810' title='bbox 1475 5377 1510 5426; x_wconf 85' lang='grc' dir='ltr'><strong>ι,</strong></span> <span class='ocrx_word' id='word_1_811' title='bbox 1537 5366 1592 5418; x_wconf 71' lang='grc'><strong>4.</strong></span> <span class='ocrx_word' id='word_1_812' title='bbox 1670 5366 1711 5396; x_wconf 71' lang='grc'><strong>’⁵</strong></span> <span class='ocrx_word' id='word_1_813' title='bbox 1735 5364 1870 5418; x_wconf 84' lang='lat' dir='ltr'><strong>Psal.</strong></span> <span class='ocrx_word' id='word_1_814' title='bbox 1897 5381 2110 5428; x_wconf 78' lang='lat' dir='ltr'><strong>cxxxvr,</strong></span> <span class='ocrx_word' id='word_1_815' title='bbox 2135 5367 2180 5423; x_wconf 88' lang='lat' dir='ltr'><strong>l.</strong></span> <span class='ocrx_word' id='word_1_816' title='bbox 2204 5364 2258 5415; x_wconf 73' lang='lat'><strong>2.</strong></span> <span class='ocrx_word' id='word_1_817' title='bbox 2337 5366 2378 5394; x_wconf 84' lang='lat'>”</span> <span class='ocrx_word' id='word_1_818' title='bbox 2403 5364 2599 5433; x_wconf 57' lang='lat' dir='ltr'><strong>Thren.</strong></span> <span class='ocrx_word' id='word_1_819' title='bbox 2627 5380 2662 5424; x_wconf 90' lang='lat' dir='ltr'><strong>t,</strong></span> <span class='ocrx_word' id='word_1_820' title='bbox 2695 5366 2747 5418; x_wconf 67' lang='grc'><strong>4.</strong></span> <span class='ocrx_word' id='word_1_821' title='bbox 2827 5366 2870 5397; x_wconf 75' lang='grc'><strong>’⁸</strong></span> <span class='ocrx_word' id='word_1_822' title='bbox 2894 5365 2993 5419; x_wconf 88' lang='lat' dir='ltr'><strong>lsa.</strong></span> <span class='ocrx_word' id='word_1_823' title='bbox 3018 5384 3093 5429; x_wconf 80' lang='lat' dir='ltr'><strong>vr,</strong></span> <span class='ocrx_word' id='word_1_824' title='bbox 3121 5367 3215 5432; x_wconf 69' lang='lat'><strong>10;</strong></span> <span class='ocrx_word' id='word_1_825' title='bbox 3239 5369 3420 5422; x_wconf 84' lang='lat' dir='ltr'><strong>Matth.</strong></span> <span class='ocrx_word' id='word_1_826' title='bbox 3445 5385 3558 5433; x_wconf 77' lang='lat' dir='ltr'><strong>xm,</strong></span> <span class='ocrx_word' id='word_1_827' title='bbox 3584 5361 3752 5426; x_wconf 68' lang='lat' dir='ltr'><strong>H.15-</strong></span> 
     </span>
    </p>
   </div>
   <div class='ocr_carea' id='block_1_65' title="bbox 588 5428 2150 5501">
    <p class='ocr_par' dir='ltr' id='par_1_65' title="bbox 588 5428 2150 5501">
     <span class='ocr_line' id='line_1_65' title="bbox 588 5428 2150 5501; baseline 0.004 -24"><span class='ocrx_word' id='word_1_828' title='bbox 588 5429 648 5501; x_wconf 28' lang='grc' dir='ltr'><strong>[τῂ</strong></span> <span class='ocrx_word' id='word_1_829' title='bbox 687 5428 890 5501; x_wconf 68' lang='lat' dir='ltr'><strong>blattlt_._</strong></span> <span class='ocrx_word' id='word_1_830' title='bbox 920 5443 1068 5491; x_wconf 69' lang='lat' dir='ltr'><strong>xxvi,</strong></span> <span class='ocrx_word' id='word_1_831' title='bbox 1095 5429 1184 5501; x_wconf 61' lang='grc' dir='ltr'><strong>εδ.</strong></span> <span class='ocrx_word' id='word_1_832' title='bbox 1255 5432 1304 5501; x_wconf 19' lang='grc' dir='ltr'><strong>Α¹⁸</strong></span> <span class='ocrx_word' id='word_1_833' title='bbox 1323 5431 1530 5501; x_wconf 15' lang='grc' dir='ltr'><strong>κἸἹιτθη.</strong></span> <span class='ocrx_word' id='word_1_834' title='bbox 1556 5450 1592 5494; x_wconf 85' lang='grc' dir='ltr'><strong>ι,</strong></span> <span class='ocrx_word' id='word_1_835' title='bbox 1615 5435 1665 5487; x_wconf 86' lang='grc'><strong>5.</strong></span> <span class='ocrx_word' id='word_1_836' title='bbox 1748 5437 1789 5465; x_wconf 76' lang='grc'><strong>⁸³</strong></span> <span class='ocrx_word' id='word_1_837' title='bbox 1816 5435 1951 5488; x_wconf 87' lang='lat' dir='ltr'><strong>Psal.</strong></span> <span class='ocrx_word' id='word_1_838' title='bbox 1977 5450 2150 5487; x_wconf 79' lang='lat' dir='ltr'><strong>Lxxxn</strong></span> 
     </span>
    </p>
   </div>
   <div class='ocr_carea' id='block_1_66' title="bbox 2189 5428 3751 5501">
    <p class='ocr_par' dir='ltr' id='par_1_66' title="bbox 2200 5428 3751 5501">
     <span class='ocr_line' id='line_1_66' title="bbox 2200 5428 3751 5501; baseline 0.005 -16"><span class='ocrx_word' id='word_1_839' title='bbox 2200 5435 2285 5496; x_wconf 64' lang='grc' dir='ltr'><strong>η,</strong></span> <span class='ocrx_word' id='word_1_840' title='bbox 2319 5436 2396 5484; x_wconf 70' lang='grc'><strong>15.</strong></span> <span class='ocrx_word' id='word_1_841' title='bbox 2477 5435 2522 5463; x_wconf 86' lang='grc'>²⁰</span> <span class='ocrx_word' id='word_1_842' title='bbox 2546 5432 2742 5485; x_wconf 88' lang='lat' dir='ltr'><strong>Thren.</strong></span> <span class='ocrx_word' id='word_1_843' title='bbox 2771 5436 2868 5496; x_wconf 84' lang='lat' dir='ltr'><strong>t,5.</strong></span> <span class='ocrx_word' id='word_1_844' title='bbox 2946 5438 2986 5468; x_wconf 83' lang='lat'><strong><em>&quot;</em></strong></span> <span class='ocrx_word' id='word_1_845' title='bbox 3015 5428 3179 5490; x_wconf 70' lang='lat' dir='ltr'><strong>Exod.</strong></span> <span class='ocrx_word' id='word_1_846' title='bbox 3202 5428 3298 5501; x_wconf 78' lang='lat' dir='ltr'><strong>&#39;vu,</strong></span> <span class='ocrx_word' id='word_1_847' title='bbox 3324 5439 3386 5500; x_wconf 84' lang='lat'><strong>5;</strong></span> <span class='ocrx_word' id='word_1_848' title='bbox 3417 5428 3564 5491; x_wconf 72' lang='lat' dir='ltr'><strong>Deut.</strong></span> <span class='ocrx_word' id='word_1_849' title='bbox 3609 5444 3751 5491; x_wconf 71' lang='lat' dir='ltr'><strong>Imb</strong></span> 
     </span>
    </p>
   </div>
   <div class='ocr_carea' id='block_1_67' title="bbox 586 5497 2148 5565">
    <p class='ocr_par' dir='ltr' id='par_1_67' title="bbox 586 5497 2148 5565">
     <span class='ocr_line' id='line_1_67' title="bbox 586 5497 2148 5565; baseline 0.005 -17"><span class='ocrx_word' id='word_1_850' title='bbox 586 5497 676 5552; x_wconf 72' lang='grc'><strong>59.</strong></span> <span class='ocrx_word' id='word_1_851' title='bbox 750 5497 792 5525; x_wconf 78' lang='grc'>³³</span> <span class='ocrx_word' id='word_1_852' title='bbox 833 5497 1031 5550; x_wconf 82' lang='lat' dir='ltr'><strong>Thren.</strong></span> <span class='ocrx_word' id='word_1_853' title='bbox 1061 5513 1096 5563; x_wconf 92' lang='lat' dir='ltr'><strong>t,</strong></span> <span class='ocrx_word' id='word_1_854' title='bbox 1122 5499 1176 5555; x_wconf 81' lang='grc'><strong>6.</strong></span> <span class='ocrx_word' id='word_1_855' title='bbox 1248 5499 1293 5530; x_wconf 82' lang='grc'><strong>’⁸</strong></span> <span class='ocrx_word' id='word_1_856' title='bbox 1316 5500 1486 5554; x_wconf 85' lang='lat' dir='ltr'><strong>chit.</strong></span> <span class='ocrx_word' id='word_1_857' title='bbox 1514 5518 1658 5565; x_wconf 73' lang='lat' dir='ltr'><strong>xxvr,</strong></span> <span class='ocrx_word' id='word_1_858' title='bbox 1689 5503 1870 5557; x_wconf 69' lang='lat'><strong>14-35.</strong></span> <span class='ocrx_word' id='word_1_859' title='bbox 1949 5505 1992 5534; x_wconf 73' lang='lat'>”</span> <span class='ocrx_word' id='word_1_860' title='bbox 2017 5503 2148 5556; x_wconf 82' lang='lat' dir='ltr'><strong>&#39;l‘hrc</strong></span> 
     </span>
    </p>
   </div>
   <div class='ocr_carea' id='block_1_68' title="bbox 1174 5497 2736 5565">
    <p class='ocr_par' dir='ltr' id='par_1_68' title="bbox 1174 5499 2736 5565">
     <span class='ocr_line' id='line_1_68' title="bbox 1174 5499 2736 5565; baseline 0.002 -12"><span class='ocrx_word' id='word_1_861' title='bbox 1174 5544 1176 5553; x_wconf 82' lang='lat'><strong>.</strong></span> <span class='ocrx_word' id='word_1_862' title='bbox 1248 5499 1293 5530; x_wconf 82' lang='lat'><strong>&quot;</strong></span> <span class='ocrx_word' id='word_1_863' title='bbox 1316 5500 1486 5554; x_wconf 85' lang='lat' dir='ltr'><strong>chit.</strong></span> <span class='ocrx_word' id='word_1_864' title='bbox 1514 5518 1658 5565; x_wconf 73' lang='lat' dir='ltr'><strong>xxvr,</strong></span> <span class='ocrx_word' id='word_1_865' title='bbox 1689 5503 1870 5557; x_wconf 69' lang='grc'><strong>14-55.</strong></span> <span class='ocrx_word' id='word_1_866' title='bbox 1949 5505 1992 5534; x_wconf 66' lang='grc'><strong>⁸⁵</strong></span> <span class='ocrx_word' id='word_1_867' title='bbox 2017 5503 2214 5556; x_wconf 86' lang='lat' dir='ltr'><strong>Thren.</strong></span> <span class='ocrx_word' id='word_1_868' title='bbox 2243 5521 2277 5564; x_wconf 92' lang='lat' dir='ltr'><strong>I,</strong></span> <span class='ocrx_word' id='word_1_869' title='bbox 2305 5503 2356 5555; x_wconf 87' lang='lat'><strong>8.</strong></span> <span class='ocrx_word' id='word_1_870' title='bbox 2434 5505 2476 5534; x_wconf 78' lang='grc'><strong>’⁵</strong></span> <span class='ocrx_word' id='word_1_871' title='bbox 2499 5504 2627 5556; x_wconf 89' lang='lat' dir='ltr'><strong>ibid.</strong></span> <span class='ocrx_word' id='word_1_872' title='bbox 2654 5503 2736 5556; x_wconf 64' lang='grc' dir='ltr'><strong>η.</strong></span> 
     </span>
    </p>
   </div>
   <div class='ocr_carea' id='block_1_69' title="bbox 659 5650 3452 5725">
    <p class='ocr_par' dir='ltr' id='par_1_69' title="bbox 659 5650 3452 5725">
     <span class='ocr_line' id='line_1_69' title="bbox 659 5650 3452 5725; baseline 0.002 -20"><span class='ocrx_word' id='word_1_873' title='bbox 659 5650 768 5720; x_wconf 59' lang='lat' dir='ltr'><strong>(Si)</strong></span> <span class='ocrx_word' id='word_1_874' title='bbox 797 5650 848 5706; x_wconf 89' lang='lat' dir='ltr'><strong>Id</strong></span> <span class='ocrx_word' id='word_1_875' title='bbox 880 5663 978 5720; x_wconf 75' lang='grc' dir='ltr'><strong>εει,</strong></span> <span class='ocrx_word' id='word_1_876' title='bbox 1005 5655 1091 5722; x_wconf 86' lang='lat' dir='ltr'><strong>qui</strong></span> <span class='ocrx_word' id='word_1_877' title='bbox 1121 5666 1171 5711; x_wconf 90' lang='lat' dir='ltr'><strong>ct</strong></span> <span class='ocrx_word' id='word_1_878' title='bbox 1200 5656 1326 5711; x_wconf 87' lang='lat' dir='ltr'><strong>olim</strong></span> <span class='ocrx_word' id='word_1_879' title='bbox 1358 5669 1453 5710; x_wconf 90' lang='lat' dir='ltr'><strong>sua</strong></span> <span class='ocrx_word' id='word_1_880' title='bbox 1483 5670 1628 5721; x_wconf 76' lang='lat' dir='ltr'><strong>voce,</strong></span> <span class='ocrx_word' id='word_1_881' title='bbox 1654 5665 1704 5710; x_wconf 89' lang='lat' dir='ltr'><strong>ct</strong></span> <span class='ocrx_word' id='word_1_882' title='bbox 1735 5666 1846 5724; x_wconf 83' lang='lat' dir='ltr'><strong>post</strong></span> <span class='ocrx_word' id='word_1_883' title='bbox 1877 5669 1967 5725; x_wconf 86' lang='lat' dir='ltr'><strong>per</strong></span> <span class='ocrx_word' id='word_1_884' title='bbox 1998 5656 2202 5711; x_wconf 77' lang='lat' dir='ltr'><strong>divinos</strong></span> <span class='ocrx_word' id='word_1_885' title='bbox 2233 5655 2390 5708; x_wconf 74' lang='lat' dir='ltr'><strong>Vates</strong></span> <span class='ocrx_word' id='word_1_886' title='bbox 2424 5652 2632 5711; x_wconf 63' lang='lat' dir='ltr'><strong>Judxos</strong></span> <span class='ocrx_word' id='word_1_887' title='bbox 2667 5656 2924 5712; x_wconf 86' lang='lat' dir='ltr'><strong>allocutus</strong></span> <span class='ocrx_word' id='word_1_888' title='bbox 2955 5659 3039 5724; x_wconf 74' lang='lat' dir='ltr'><strong>ait,</strong></span> <span class='ocrx_word' id='word_1_889' title='bbox 3076 5658 3151 5712; x_wconf 89' lang='lat' dir='ltr'><strong>uti</strong></span> <span class='ocrx_word' id='word_1_890' title='bbox 3185 5657 3452 5714; x_wconf 77' lang='lat' dir='ltr'><strong>existimo.</strong></span> 
     </span>
    </p>
   </div>
  </div>
