3956 6324
177 290 276 352 865

1224 280 1607 350 DIALOGUS
1643 275 1939 338 CONTRA
1980 277 2312 338 JUD/EOS.

3259 279 3293 340 8
3308 282 3367 339 “di

171 414 279 454 suo.
327 395 509 450 Video
573 404 630 450 ut
682 396 879 449 Christi
938 392 1137 449 occisia
1170 395 1431 447 malorum
1463 389 1704 444 omnium
1736 390 1780 446 A
1812 384 2001 442 tum”.
2043 403 2062 436 ι
2107 414 2175 424 --
2228 405 2245 437 ι
2291 385 2566 450 Quomodo
2608 385 2811 440 obtexit
2843 386 3067 453 caligine
3104 387 3153 440 in
3193 389 3373 441 furore

171 492 448 542 maximum
509 489 600 542 sit.
636 487 887 556 Equidem
938 495 990 540 et
1019 485 1168 548 alias,
1214 484 1407 553 inquit,
1469 498 1610 553 saepe
1657 484 1712 538 in

174 582 326 632 Deum
385 578 652 638 commisi,
693 578 782 631 sed
838 578 1099 631 malorum
1145 576 1406 644 colophon
1469 576 1570 630 hoc
1609 585 1712 640 est,

165 683 268 736 quo
308 682 424 719 meo
480 666 713 720 facinore
743 667 1002 730 irritatus,
1059 677 1112 720 et
1147 665 1525 720 incandescens
1549 663 1711 728 Deus,

167 773 249 812 me
280 757 548 811 e'sublimi
589 757 932 825 proculcavit.
962 775 979 807 ι
1022 755 1165 810 Misit
1207 757 1379 824 ignem
1414 756 1462 806 in
1492 755 1710 809 ossibus

169 847 319 907 meis,
368 857 422 922 et
447 847 658 922 induxit
690 847 834 900 illum
888 862 1047 914 super
1082 863 1184 900 me.
1218 865 1235 898 ι
1276 848 1388 899 Non
1448 832 1619 898 solum
1651 845 1712 897 li-

168 936 369 1000 nitima,
406 920 462 987 ut
498 950 653 1004 saepe,
705 938 796 988 sed
863 951 946 989 me
1013 939 1144 990 adeo
1205 943 1370 990 totam
1426 935 1707 989 arubussit.

171 1051 191 1082 ι
232 1030 489 1098 Expandit
536 1040 646 1085 rete
684 1031 904 1099 pedibus
955 1031 1106 1095 meis,
1167 1031 1428 1084 convertit
1483 1045 1567 1082 me
1620 1043 1706 1081 re-

171 1129 416 1174 trorsum.
458 1137 476 1168 ι
537 1117 671 1171 Rete
723 1119 822 1172 hoc
877 1117 983 1170 Titi
1055 1119 1236 1184 copias
1304 1117 1563 1186 designat,
1616 1115 1706 1184 qui

165 1207 411 1260 verriculi
446 1207 618 1261 instar
654 1222 838 1260 omnes
905 1207 1182 1261 irretierit.
1221 1206 1355 1259 Nam
1412 1205 1514 1259 etsi
1573 1205 1708 1272 ignis

166 1297 424 1350 ﬂammam
463 1297 703 1350 nonnulli
741 1306 1046 1360 evaserunt,
1093 1306 1146 1350 at
1197 1296 1423 1349 militum
1450 1307 1707 1347 mucrone

163 1387 446 1455 oppetiere.
487 1405 505 1437 r
550 1388 733 1440 Posuit
764 1403 846 1440 me
869 1387 1182 1447 desolatam,
1219 1395 1326 1438 tota
1361 1385 1445 1438 die
1477 1397 1708 1436 mmrore

165 1474 456 1528 confectam
494 1477 557 1528 ".
598 1493 616 1526 ι
673 1476 835 1528 Totos
882 1477 994 1529 dies
1027 1492 1196 1529 navum
1231 1490 1388 1528 omne
1413 1474 1496 1526 hic
1551 1473 1708 1526 intel-

166 1561 280 1629 lige.
323 1579 342 1611 r
391 1560 708 1626 Desolatam,
754 1581 772 1613 ι
819 1577 912 1616 seu
953 1563 1017 1614 ad
1056 1562 1274 1614 nihilum
1316 1561 1607 1623 redactam,
1637 1561 1705 1614 ob

169 1650 474 1717 imperium;
509 1669 529 1701 ι
576 1664 804 1704 maerore
842 1648 1164 1711 confectam,
1199 1666 1218 1699 ι
1254 1648 1324 1701 ob
1366 1649 1698 1701 servitutem.

171 1755 189 1786 ι
225 1737 466 1806 Vigilavit
519 1753 680 1805 super
731 1738 1039 1806 iniquitates
1096 1752 1261 1798 meas,
1335 1738 1387 1790 in
1456 1738 1702 1789 manibus
1736 1705 1774 1758 Β
1810 1733 2103 1787 Pharaonis
2147 1750 2161 1787 :

166 1831 276 1900 suis
311 1833 720 1900 comprehendit
773 1846 882 1885 me.
915 1849 934 1882 ι
994 1830 1171 1898 Ipsum
1199 1829 1470 1892 admonui,
1501 1829 1698 1896 inquit,

168 1886 393 1988 nigrum
429 1927 554 1972 ante
593 1917 913 1980 facinorum,
952 1919 1066 1970 ideo
1092 1916 1506 1984 circumquaque
1532 1915 1701 1982 copiis

166 2008 327 2082 cincta
371 2007 468 2060 fui.
500 2025 517 2058 ι
553 2007 1073 2076 Aggravavitjugum
1114 2022 1264 2061 suum
1306 2021 1468 2074 super
1506 2007 1698 2059 collum

170 2111 352 2159 meum,
395 2119 413 2148 ι
459 2097 510 2150 id
541 2107 642 2163 est,
672 2097 942 2150 servitutis
988 2097 1115 2165 jugo
1154 2097 1359 2149 domuit
1390 2111 1493 2150 me.
1549 2114 1567 2147 ι
1613 2095 1699 2147 Ιη-

169 2190 362 2241 ﬁrmata
397 2197 481 2241 est
527 2188 699 2241 virtus
727 2203 863 2251 mea,
901 2188 1043 2241 dedit
1071 2187 1328 2240 Dominus
1352 2187 1404 2240 in
1445 2188 1696 2238 manibus

167 2277 286 2330 meis
317 2277 550 2338 dolores,
592 2291 723 2345 quos
760 2291 864 2328 non
916 2286 1100 2344 potero
1131 2274 1367 2343 perferre
1399 2274 1464 2326 "’.
1506 2293 1524 2325 ι
1565 2271 1699 2325 Tra-

167 2367 290 2419 ditos
327 2367 380 2419 in
412 2381 624 2420 manum
657 2366 892 2429 dolores,
927 2365 1199 2419 servitutis
1229 2378 1497 2417 aerumnas
1521 2374 1694 2416 vocat.

173 2471 190 2503 ι
232 2451 423 2508 Oculus
476 2469 627 2508 meus
681 2453 903 2508 deduxit
932 2468 1118 2521 aquas.
1161 2472 1178 2504 ι
1215 2452 1590 2522 Lacrymosum
1615 2461 1697 2504 est

166 2547 291 2598 enim
339 2546 596 2614 quidquid
664 2546 920 2598 servitum
972 2545 1201 2598 ducitur.
1275 2561 1294 2593 ι
1341 2542 1473 2606 Quia
1539 2542 1692 2610 longe

168 2633 321 2688 factus
376 2646 520 2688 esta
553 2649 635 2688 me
688 2634 990 2689 consolator
1019 2634 1146 2686 ".‘r
1205 2633 1334 2686 Nam
1399 2633 1696 2686 mellitissi-

168 2739 295 2778 mum
330 2741 507 2780 meum
548 2725 786 2780 solamen
828 2740 854 2776 a
894 2739 975 2778 me
1003 2725 1160 2793 rejeci
1193 2734 1353 2790 atque
1386 2724 1690 2777 amandavl.

173 2831 190 2863 ι
230 2814 543 2869 Sacerdotes
607 2815 708 2869 mei
775 2824 828 2868 et
884 2830 1040 2869 senes
1091 2817 1141 2868 in
1205 2817 1336 2868 urbe
1393 2816 1692 2883 consumpti

167 2914 296 2957 sunt.
345 2923 364 2957 ι
401 2905 776 2971 Quamobrem,
819 2917 982 2960 rates.
1026 2906 1209 2971 «.Quia
1254 2906 1576 2974 quaesierunt
1621 2907 1695 2959 ci-

1819 487 1918 528 suo
1949 475 2205 528 Dominus
2238 476 2400 527 liliatu
2434 474 2600 527 Sion?
2634 493 2652 525 ι
2692 474 2941 528 lncendio
2971 476 3235 528 exstincta
3265 486 3369 540 est,

1817 571 1897 617 est
1932 564 2074 617 enim
2111 567 2258 630 quasi
2296 565 2549 627 caligare,
2581 562 2824 616 incendio
2861 563 3145 630 exstingui.
3183 582 3200 613 ι
3247 563 3373 615 Ριο-

1810 651 1939 720 jecit
1967 654 2030 705 de
2058 653 2193 707 caelo
2225 655 2276 705 in
2311 662 2503 704 terrain
2539 651 2784 718 inclytam
2820 650 3010 714 Israel;
3051 650 3094 681 "
3119 670 3138 702 ι
3176 667 3206 704 e
3236 651 3370 702 divi-

1815 743 1899 795 nis
1935 741 2183 796 manibus
2218 744 2434 804 amissa,
2464 755 2524 794 ac
2555 755 2651 808 pro
2685 740 2847 793 nihilo
2880 741 3051 794 habita
3084 752 3165 795 est
3196 740 3366 806 gloria

1812 831 2136 887 Judaeorum.
2191 853 2207 883 ι
2262 833 2523 890 Oblivioni
2574 832 2788 884 tradidit
2835 831 3088 884 Dominus
3135 833 3186 885 in
3238 829 3366 883 Sion

1813 921 2156 976 festivitatem
2215 933 2268 976 et
2317 923 2629 977 Sabbatum.
2686 940 2703 972 ι
2763 921 2893 974 Nam
2953 921 3073 988 quia
3132 921 3367 975 medenti

1811 1011 2063 1067 Sabbatis
2092 1014 2277 1082 Opilici
2311 997 2587 1082 Synagoga
2617 1012 2945 1076 succensuit,
2967 1011 3219 1080 abrogata
3244 1020 3370 1064 sunt

1810 1103 1944 1155 l'esta
1976 1105 2153 1155 omnia
2185 1113 2345 1170 atque
2377 1103 2633 1156 Sabbata.
2691 1119 2710 1151 ι
2749 1100 2812 1154 Et
2857 1101 2908 1152 in
2938 1099 3282 1168 opprobrium
3315 1110 3368 1153 et

1810 1192 2224 1259 indignationem
2255 1193 2449 1246 luroris
2480 1194 2559 1246 sui
2597 1203 2776 1260 regem
2805 1201 2859 1243 et
2884 1190 3214 1244 sacerdotem
3240 1190 3306 1243 ".
3344 1208 3362 1242 ι

1809 1281 1955 1348 Quos
1991 1285 2082 1336 hic
2125 1284 2418 1337 memorat?
2459 1299 2646 1352 nempe
2691 1283 2946 1337 llcrodem
2987 1290 3041 1333 et
3086 1281 3365 1351 Caipbam,

1811 1375 1900 1442 qui
1933 1375 2146 1443 quidem
2181 1375 2486 1443 gloriosum
2503 1374 2665 1426 Deum
2698 1373 3087 1425 exacerbarunt
3120 1388 3132 1422 :
3171 1387 3272 1431 ana
3310 1387 3368 1425 re

1806 1464 2041 1518 oliensus
2068 1479 2287 1532 regnum
2317 1475 2475 1533 atque
2506 1465 2862 1519 sacerdotimn
2889 1461 3203 1531 repudiavit.
3229 1461 3360 1515 Nam

1805 1554 1895 1622 qui
1923 1556 1970 1608 ei
1999 1556 2221 1624 repudio
2249 1555 2406 1608 bilem
2432 1555 2741 1618 movissent,
2765 1555 3002 1608 destituti
3033 1557 3129 1624 ipsi
3154 1570 3365 1624 quoque

1808 1647 1859 1697 in
1891 1646 2041 1712 plura
2068 1645 2192 1698 vitia
2227 1646 2528 1713 praecipites
2561 1646 2703 1712 iere;
2740 1646 2878 1713 passi
2909 1646 3159 1714 quiddam
3190 1654 3362 1699 instar

2215 1751 2233 1786 ι
2283 1733 2658 1803 lnduravitque
2699 1734 2953 1787 Dominus
2993 1749 3086 1789 cor
3125 1735 3364 1789 Pharao-

1809 1826 1911 1889 nis,
1951 1843 1968 1877 ›
2001 1826 2073 1877 ait
2098 1825 2372 1895 Scriptura
2393 1826 2469 1892 “;
2497 1825 2691 1879 etenim
2723 1840 2842 1879 cum
2880 1827 3097 1880 minime
3121 1828 3362 1882 ﬂectere-

1810 1924 1913 1980 tur,
1945 1915 2138 1969 merito
2165 1916 2481 1970 obfirmatus
2512 1925 2615 1970 est.

1881 2019 1900 2051 ι
1937 2002 2150 2068 Repulit
2181 2002 2434 2056 Dominus
2460 2003 2628 2057 altare
2656 2019 2831 2067 suum,
2857 2005 3130 2060 maledixit
3161 2009 3362 2062 sancti-

1812 2091 2044 2146 licationi
2073 2093 2295 2146 μηδ”.»
2334 2093 2407 2148 Ne
2436 2095 2836 2167 triumphatote,
2870 2095 3058 2162 Judaei,
3089 2100 3163 2152 ait
3188 2107 3358 2165 vates,

1805 2183 1874 2236 ob
1909 2184 2196 2237 sacerdotii
2235 2184 2544 2252 dignitatem
2583 2201 2596 2236 :
2635 2194 2848 2253 propter
2882 2201 2974 2240 vos
3015 2190 3160 2240 enim
3202 2202 3356 2240 suum

1804 2273 1905 2326 sibi
1943 2274 2111 2326 altare
2147 2287 2209 2326 ac
2243 2275 2540 2328 sacrarium
2574 2274 2820 2328 amolitus
2855 2270 3095 2344 profecit,
3128 2292 3355 2344 quorum

1804 2361 1979 2414 oblata
2021 2377 2118 2431 pro
2159 2363 2290 2415 diris
2334 2363 2552 2415 haberet
2598 2381 2612 2416 :
2661 2380 2678 2413 ι
2725 2361 2883 2416 Luxit
2923 2365 3272 2429 antemurale,
3304 2374 3360 2417 et

1805 2465 1989 2503 murus
2033 2451 2232 2519 pariter
2277 2452 2565 2518 dissipatus
2606 2462 2710 2505 est.
2744 2452 2938 2505 Detixre
2971 2463 3096 2506 sunt
3131 2453 3181 2506 in
3215 2461 3358 2507 terra

1805 2550 1973 2607 portatI
2026 2542 2141 2610 ejus
2201 2557 2214 2594 :
2267 2542 2498 2609 perdidit
2545 2551 2599 2594 et
2644 2542 2897 2595 contrivit
2945 2553 3122 2596 vectes
3175 2543 3287 2610 ejus
3339 2561 3355 2598 :

1804 2645 1981 2700 regem
2017 2632 2134 2700 ejus
2167 2641 2221 2684 et
2252 2632 2520 2700 principes
2553 2632 2668 2698 ejus
2704 2636 2754 2685 in
2791 2633 3036 2700 gentibus
3077 2648 3090 2684 :
3136 2650 3239 2688 non
3277 2645 3360 2690 est

1802 2720 1918 2784 lex,
1954 2731 2008 2774 et
2043 2723 2319 2790 "prepbctae
2364 2722 2477 2790 ejus
2520 2737 2622 2774 non
2668 2722 2982 2777 invenerunt
3019 2725 3283 2779 visionem
3326 2743 3356 2778 a

1804 2811 2052 2868 Domino.
2076 2811 2338 2866 Sederunt
2374 2814 2423 2864 in
2455 2823 2617 2876 terra,
2649 2817 3026 2867 conticuerunt
3051 2830 3208 2870 senes
3235 2816 3356 2868 tiliae

1802 2905 1930 2957 Sion
1981 2920 1994 2956 :
2043 2911 2455 2971 consperserunt
2503 2902 2682 2956 cinere
2729 2905 2901 2972 capita
2952 2919 3081 2968 sua,
3126 2907 3354 2960 accincti

167 2994 278 3047 bum
316 2995 439 3060 sibi,
491 3002 548 3048 ut
580 2995 940 3048 rcfocillarent
989 2996 1220 3048 animam
1277 3011 1425 3050 suam
1457 2996 1523 3061 ",
1563 3015 1580 3046 ι
1643 3007 1693 3048 et
1720 3029 1764 3092 Ο
1799 3004 1923 3048 sunt
1970 2993 2191 3057 ciliciis,
2224 2991 2534 3060 ahjecerunt
2575 2994 2624 3044 in
2676 3003 2872 3046 terram
2892 2993 2967 3060 ³⁸,
2995 3011 3014 3044 ι
3068 2995 3354 3061 primarias

168 3098 260 3138 non
286 3078 622 3142 invenerunt.
657 3085 943 3147 Delicatus,
983 3101 1042 3136 ae
1071 3084 1192 3137 luxu
1234 3084 1470 3151 perditus
1518 3083 1691 3138 Israe-

167 3172 295 3238 lites,
341 3174 636 3229 solemnem
677 3174 851 3227 cibum
889 3175 1132 3246 vestigat.
1167 3193 1183 3224 ι
1229 3174 1588 3229 Conturbatus
1613 3182 1693 3228 cst

101 3259 109 3266 ’
168 3276 340 3319 venter
395 3280 564 3330 meus,
607 3266 914 3319 subversum
946 3275 1026 3318 est
1056 3280 1144 3318 cor
1187 3280 1357 3318 meum
1390 3265 1438 3317 in
1473 3274 1693 3317 memet.

167 3353 348 3420 ipso“.
384 3372 403 3405 ι
433 3352 692 3416 Turbant,
727 3353 918 3421 inquit,
953 3353 1201 3406 intestina
1235 3364 1420 3421 optato
1449 3353 1570 3407 cibo
1599 3353 1694 3405 de—

168 3444 421 3510 lraudata,
452 3455 506 3499 et
536 3446 741 3498 animus
776 3454 988 3497 mutans
1022 3444 1073 3495 in
1107 3444 1281 3512 priore
1316 3454 1456 3496 slatu
1494 3455 1690 3497 manet.

167 3531 285 3592 Qua
306 3545 476 3584 rerum
496 3531 768 3584 calamitas
793 3532 946 3585 istam
971 3545 1152 3584 vocem
1176 3531 1440 3599 exprimit.
1463 3551 1479 3582 ι
1501 3535 1694 3587 Omnes

168 3622 287 3673 mihi
320 3623 368 3674 in
403 3621 734 3676 inimicitiam
768 3622 892 3675 facti
927 3630 1069 3678 sunt.
1107 3641 1124 3674 ι
1162 3621 1272 3675 Νοιι
1308 3623 1448 3676 enim
1495 3625 1691 3679 inimici

168 3712 344 3777 modo,
388 3717 480 3767 sed
529 3714 684 3766 amici
736 3728 948 3782 quoque
996 3711 1188 3766 infensi
1239 3729 1322 3767 mc
1368 3728 1690 3784 Oppugnant.

168 3802 492 3858 Exacerbans
523 3804 833 3857 exacerbavi
870 3804 1108 3871 spiritum
1141 3803 1229 3856 Dei
1260 3819 1272 3855 :
1313 3821 1329 3854 r
1365 3802 1560 3858 Omnes
1591 3806 1691 3858 ini-

171 3894 280 3945 mici
310 3896 406 3948 mei
439 3894 724 3949 audierunt
752 3896 946 3947 malum
984 3909 1178 3956 meum,
1205 3893 1360 3947 laetati
1390 3904 1530 3959 sunt,
1561 3911 1695 3963 quo.

171 3987 298 4037 niam
327 3997 378 4040 tu
409 3987 603 4041 fecisti.
643 4005 661 4038 ι
698 3987 900 4040 Excidii
934 3988 1034 4040 mei
1068 3987 1213 4052 lapso
1245 3995 1500 4054 tempore,
1536 3987 1568 4038 ii
1606 3987 1692 4054 qui

171 4078 515 4130 moliebantur
545 4092 630 4131 me
660 4087 921 4139 evertere,
955 4076 1282 4142 triumphant
1315 4076 1444 4144 (35),
1477 4076 1695 4128 audicn~

177 4172 241 4218 les
272 4182 296 4218 a
330 4177 417 4220 tuo
447 4170 662 4220 numine
691 4168 948 4235 repulsam
981 4182 1062 4218 me
1088 4178 1139 4220 et
1169 4166 1424 4234 di-jectam
1453 4167 1692 4234 imperio.

174 4271 191 4304 ι
235 4257 508 4324 Adduxisti
561 4259 720 4320 diem,
757 4268 808 4312 et
852 4259 1050 4310 vocasti
1098 4269 1324 4327 tempus.
1368 4275 1385 4306 ι
1431 4257 1692 4321 Adducta,

1801 3084 2033 3153 virgines
2067 3083 2120 3135 in
2153 3081 2474 3136 Jerusalem.
2503 3080 2702 3135 Prioris
2735 3098 2844 3136 suae
2875 3085 3147 3139 servitutis
3183 3088 3354 3157 (scili-

1799 3185 1882 3228 cet
1911 3176 1958 3226 in
1989 3174 2235 3243 Egypto)
2269 3188 2331 3227 ac
2361 3173 2607 3238 miseriae,
2633 3172 2829 3242 Deique
2856 3175 3166 3244 epitulantis
3192 3179 3351 3232 oblita

1799 3278 1928 3332 gens
1956 3264 2157 3328 Judaaa,
2189 3276 2330 3316 nunc
2359 3263 2613 3331 pontiﬁcii
2648 3277 2813 3332 regno
2849 3279 2910 3317 ac
2944 3266 3254 3322 celebritate
3294 3285 3353 3322 se

1796 3354 2070 3422 jactabat;
2109 3369 2248 3405 nunc
2275 3354 2708 3422 propugnaculis,
2733 3363 2788 3406 et
2812 3355 2958 3408 urbis
2985 3358 3349 3422 munimentis,

1799 3460 1938 3497 nunc
1979 3447 2278 3512 principum
2326 3445 2594 3512 potentia,
2632 3445 2763 3512 legis
2807 3447 3081 3513 praesidio,
3117 3450 3348 3517 prophe-

1802 3545 1972 3587 tarum
2023 3537 2348 3598 visionibus,
2392 3536 2724 3589 sacerdotum
2771 3538 3040 3603 crelibato;
3087 3539 3350 3594 interdum

1799 3626 2137 3692 superbiebat
2177 3639 2386 3693 quoque
2431 3632 2484 3678 et
2528 3625 2798 3691 pontificio
2837 3628 3036 3682 amictu
3081 3647 3094 3683 :
3140 3645 3345 3694 eorum,

1799 3734 1955 3785 quam
2005 3733 2125 3771 mox
2173 3718 2424 3785 propheta
2473 3717 2743 3770 interitum
2785 3719 3136 3786 prospiciens,
3172 3725 3348 3776 omnia

1798 3809 2137 3876 complexus,
2187 3808 2656 3862 condolentissime
2710 3823 2839 3862 sane
2889 3824 2951 3864 ac
3007 3813 3350 3866 iniustissime

1801 3899 2152 3951 calamitatem
2186 3897 2498 3964 exsequitur
2527 3903 2579 3950 et
2605 3898 2896 3965 amplificat
2927 3915 2944 3956 :
2980 3917 2998 3949 ι
3032 3899 3350 3955 Defecerunt

1799 4003 1905 4057 pm
1955 3987 2218 4058 lacrymis,
2247 3987 2388 4039 oculi
2437 3987 2572 4049 mei,
2610 3988 2928 4041 conturbata
2977 3999 3097 4042 sunt
3143 3992 3346 4044 viscera

1802 4094 1938 4141 mea,
1969 4075 2191 4131 effusum
2227 4086 2309 4130 est
2345 4079 2395 4129 in
2430 4085 2568 4129 terra
2605 4078 2766 4131 decus
2799 4093 2990 4132 meum.
3021 4100 3048 4126 ι
3085 4079 3344 4145 Quorsum

1800 4167 1912 4221 haec
1964 4175 2138 4230 vates,
2187 4167 2482 4233 quorsum?
2543 4184 2560 4216 ι
2625 4166 2794 4237 Super
2850 4172 3168 4226 contritione
3226 4173 3346 4227 illia:

1801 4258 1973 4328 p0puli
2023 4259 2157 4317 mei,
2189 4272 2307 4309 cum
2357 4259 2608 4313 deficeret
2654 4261 2904 4326 parvulus
2954 4271 3008 4316 et
3051 4264 3248 4318 lactens
3295 4268 3344 4318 in

174 4343 350 4414 inquit,
405 4349 680 4417 Synagoga
742 4348 874 4412 Deo,
925 4349 1074 4402 hilari
1133 4350 1246 4413 die,
1307 4350 1566 4418 Unigeniti
1630 4354 1702 4406 tui
1737 4365 1777 4418 ι)
1809 4347 1993 4416 plateis
2021 4345 2265 4415 oppidi...
2299 4345 2540 4414 Virgines
2568 4363 2718 4410 meae,
2745 4349 3041 4416 etjuvenes
3072 4357 3172 4406 mei
3201 4355 3347 4409 abie-

173 4436 418 4504 adventu;
458 4454 732 4507 p05iquam
781 4455 896 4492 eam
944 4442 1180 4495 volentes
1229 4441 1528 4508 rejecimus,
1563 4443 1698 4494 diem

173 4527 436 4593 \indicem,
463 4529 658 4583 citasti.
709 4549 725 4578 r
757 4529 820 4581 Et
843 4529 989 4583 facta:
1017 4544 1138 4584 sunt
1172 4533 1357 4585 domus
1400 4533 1451 4586 in
1481 4533 1643 4587 me".
1678 4552 1695 4585 ι

175 4613 241 4669 Me
267 4624 414 4686 quasi
444 4624 602 4673 domo
630 4624 852 4688 quadam
883 4633 1208 4701 comparata,
1234 4626 1364 4677 adeo
1394 4638 1454 4676 ac
1483 4625 1700 4690 perinde

174 4709 380 4763 miseriae
415 4723 538 4764 sunt
574 4727 656 4764 me
691 4713 961 4778 amplexae,
996 4724 1052 4765 ut
1085 4716 1360 4767 continens
1394 4715 1581 4767 domus
1615 4731 1695 4778 ea,

172 4813 272 4864 qua
319 4805 677 4855 continentur.
729 4806 800 4854 Ae
851 4806 1076 4858 fortasse
1132 4815 1182 4858 et
1237 4806 1336 4858 tale
1385 4809 1581 4873 aliquid
1629 4809 1698 4861 sit

172 4886 569 4958 intelligendum.
607 4891 862 4956 Quoniam
910 4892 1046 4945 Deus
1088 4893 1138 4945 in
1185 4894 1510 4963 Synagogam
1554 4895 1693 4948 diem

172 4975 411 5035 vindicem
444 4981 634 5034 citavit
665 4998 679 5033 :
717 4998 733 5032 t
774 4980 1026 5050 Sepulcra
1055 4996 1235 5034 eorum
1265 4984 1449 5035 domus
1482 4983 1692 5035 illorum

173 5066 217 5120 in
261 5081 510 5126 aeternum
555 5074 793 5135 erunt“,
834 5083 889 5125 ut
931 5074 1004 5125 ait
1046 5073 1241 5135 David,
1279 5083 1331 5126 et
1370 5090 1382 5125 :
1440 5090 1457 5123 ι
1493 5073 1694 5147 Βενιςιὶ

174 5171 308 5227 sunt,
342 5166 428 5233 qui
474 5164 743 5217 obscurati
786 5173 909 5217 sunt
955 5171 1107 5217 terra:
1155 5165 1398 5216 domibus
1439 5163 1693 5231 iniquita-

233 5317 271 5347 “
293 5318 484 5373 Thren.
512 5337 548 5381 ι,
581 5321 664 5372 15.
707 5323 749 5352 ’⁷
775 5322 897 5375 ibid.
927 5325 1006 5377 M.
1064 5323 1106 5353 ”
1132 5323 1254 5376 ibid.
1285 5323 1369 5376 15.

178 5391 456 5458 gannit).
534 5389 796 5445 “Thren.
823 5407 880 5458 tt,
908 5395 957 5447 1.
1031 5392 1074 5424 ³⁸
1115 5392 1239 5446 ibid.
1286 5392 1337 5446 6.

178 5453 252 5519 21,
272 5458 355 5512 22.
432 5460 478 5490 ⁵⁰
506 5459 631 5515 ibid.
657 5458 745 5512 22.

1437 5325 1480 5355 ²⁹
1510 5323 1631 5374 ibid.
1659 5319 1740 5371 19.
1806 5320 1846 5350 ⁸⁸
1872 5321 1993 5374 ibid.
2018 5319 2104 5372 20.
2147 5320 2184 5349 ³¹
2217 5321 2343 5376 ibid.
2368 5321 2457 5375 21.

1413 5394 1456 5424 ⁸⁸
1498 5392 1662 5446 Exod.
1708 5404 1780 5453 ιι,
1805 5392 2016 5458 passim.

1798 4451 1919 4492 runt
1956 4441 2007 4490 in
2053 4435 2437 4503 captivitatem,
2474 4437 2780 4492 ceciderunt
2823 4441 2874 4493 in
2917 4441 3121 4507 gladio;
3174 4446 3345 4497 'mter-

1799 4528 1971 4582 lecisti
2009 4528 2058 4580 in
2094 4528 2178 4580 die
2206 4527 2403 4582 furoris
2441 4531 2514 4583 tui
2553 4547 2566 4583 :
2603 4533 2934 4599 percussisti,
2968 4551 3062 4587 nec
3101 4538 3346 4591 misertus

1795 4637 1873 4675 es.
1905 4618 2114 4673 Vocasti
2152 4623 2301 4686 quasi
2339 4624 2406 4674 ad
2442 4623 2581 4676 diem
2617 4626 2924 4688 solemnem,
2955 4632 3040 4695 qui
3082 4641 3342 4684 terrerent

1798 4727 1880 4764 me
1913 4711 1978 4763 de
2013 4712 2241 4765 circuitu
2261 4713 2325 4766 ".
2366 4729 2384 4763 ι
2425 4711 2564 4766 Nihil
2601 4728 2850 4780 parcens,
2887 4717 3056 4787 inquit
3086 4725 3340 4787 propheta

1799 4816 1858 4856 ex
1912 4801 2204 4871 Synagogze
2250 4818 2479 4871 persona
2530 4807 2597 4858 ad
2648 4807 2844 4872 Deum,
2886 4822 2972 4862 me
3020 4811 3131 4863 coci
3179 4812 3345 4865 instar

1800 4891 2046 4956 divisisti,
2078 4903 2295 4946 evocata
2339 4894 2403 4946 ad
2444 4909 2529 4949 me
2567 4897 2798 4964 undique
2830 4896 3131 4951 accolarum
3166 4903 3340 4966 turba,

1803 4982 2044 5035 luctuoso
2087 4983 2216 5036 meis
2259 4984 2343 5037 die
2384 4993 2624 5054 tanquam
2665 4987 2904 5039 solemni.
2944 5005 2963 5039 ι
3009 4989 3074 5042 Et
3110 5005 3211 5044 non
3245 4992 3343 5045 fuit

1806 5075 1854 5125 in
1892 5074 1974 5125 die
2009 5072 2206 5126 luroris
2245 5073 2450 5126 Domini
2489 5074 2577 5141 qui
2621 5073 2896 5144 eliugeret,
2928 5084 2982 5131 et
3015 5078 3342 5146 relinquere-

1799 5176 1883 5217 tur
1907 5164 1971 5216 ⁸ο.
2003 5181 2020 5214 ι
2066 5162 2239 5231 Usque
2273 5179 2335 5216 eo
2370 5165 2556 5218 divina:
2589 5166 2681 5218 iraa
2713 5167 2979 5220 exinanita
3017 5167 3114 5220 faex
3149 5183 3250 5234 est,
3283 5178 3342 5222 ut

3132 5325 3175 5356 ”
3196 5324 3234 5377 Ρ
3267 5328 3336 5380 al.

3034 5394 3077 5426 ”
3096 5395 3222 5449 ibid.
3252 5397 3339 5460 ll,

2533 5322 2573 5353 ³²
2597 5321 2737 5376 Psal.
2765 5323 3049 5388 vant,12.

2095 5391 2133 5422 ³⁷
2159 5387 2357 5447 Thren.
2386 5407 2446 5458 ιι,
2471 5392 2523 5448 ’1.
2596 5391 2639 5422 ³⁸
2660 5392 2787 5447 ibid.
2809 5391 2956 5448 8-10.

264 5615 367 5684 ('55)
393 5613 631 5672 Romani
671 5617 1078 5688 Hierosolymam
1116 5619 1448 5684 obsidentes,
1481 5625 1536 5671 ut
1566 5617 1815 5671 arbitror.
