3956 6324
553 193 656 266 35"!

1715 196 2131 258 ANDRONICI
2173 196 2511 257 COMNENI

3634 195 3749 255 868

547 325 612 361 eo
655 307 1062 361 incandesecnte
1105 308 1284 361 salvus
1322 316 1372 358 et
1413 315 1685 375 superstes
1728 317 1866 360 esset
1911 322 2086 371 nemo,
2115 309 2415 374 A-apernit,
2446 315 2498 360 et
2533 305 2714 360 el'l'udit
2750 320 2891 367 enin,
2924 315 2974 360 ct
3009 305 3108 357 iaci
3135 305 3188 357 lit
3222 306 3272 357 iu
3310 305 3533 367 furcam,
3563 319 3743 370 quam

547 399 640 453 sed
674 401 1023 454 internecioni
1060 414 1244 452 omnes
1276 399 1547 450 darenmr.
1582 416 1598 448 ι
1637 398 1872 450 'l'etendit
1909 413 2088 449 areum

557 505 732 553 suum,
762 499 812 542 et
848 492 1016 558 posuit
1054 505 1134 542 me
1168 489 1316 556 quasi
1355 489 1560 556 signum
1598 490 1660 539 ad
1696 489 1940 554 sagittam
1964 489 2025 542 “.
2064 507 2083 539 ι

551 580 641 631 Dei
681 594 885 640 art-um,
919 580 1173 637 vindicem
1216 578 1463 631 Numinis
1504 577 1794 644 potentiam
1842 579 2087 646 appella',

546 687 646 735 qua
694 672 824 722 adeo
866 671 1084 722 multata
1128 681 1208 722 est
1248 675 1542 737 bynagoga,
1574 680 1630 720 ut
1663 669 1812 735 quasi
1851 685 2085 734 scopum,

549 763 597 810 id
630 769 731 821 c‘st,
760 764 994 827 signum,
1017 761 1240 824 jarulari
1272 773 1322 812 et
1354 769 1531 824 petere
1561 759 1860 812 volentibus
1893 769 2089 813 statue—

548 853 633 902 rit.
667 870 682 899 ι
720 851 862 902 Misit
893 851 942 902 in
978 852 1194 902 renibus
1225 849 1354 900 lucis
1391 849 1524 902 tilias
1555 853 1814 916 pharetra:
1843 848 2028 902 stuc“.
2065 863 2082 896 ι

549 937 763 991 Davidis
795 939 1005 1003 quidem
1042 939 1106 986 ad
1142 935 1304 986 Deum
1341 936 1449 986 base
1481 937 1741 987 sententia
1771 943 1892 987 cst:
1932 951 1948 982 ‹
1988 932 2091 987 Ul‘c

549 1043 702 1080 renes
746 1043 909 1085 meos.
939 1038 984 1078 et
1026 1042 1118 1078 eor
1164 1043 1335 1077 tneum
1378 1043 1390 1076 :
1435 1025 1683 1093 queniam
1731 1021 2090 1076 misericordia

547 1127 632 1167 tua
664 1127 782 1167 ante.
817 1117 997 1167 Ot'ltiUS
1033 1131 1176 1167 meus
1207 1128 1286 1166 est
1322 1131 1334 1167 :
1371 1125 1423 1164 et
1453 1113 1748 1178 complacui
1786 1113 1835 1164 iu
1867 1114 2091 1166 veritate

548 1218 633 1259 tua
654 1209 718 1259 ⁵³.
753 1226 770 1255 ι
803 1208 1048 1260 Aen-nde
1079 1221 1191 1258 n-ea
1218 1221 1339 1272 erga
1372 1217 1420 1258 te
1449 1206 1642 1266 studia,
1669 1219 1785 1271 quae
1815 1219 1906 1272 per
1937 1219 2090 1258 renes

546 1298 743 1359 innuit,
777 1310 833 1349 ut
865 1298 1002 1348 idem
1034 1297 1157 1347 alibi
1187 1309 1305 1347 sese
1333 1295 1560 1360 explicat
1592 1311 1605 1346 :
1645 1312 1662 1344 r
1697 1293 1936 1358 Domine,
1970 1305 2091 1346 ante

549 1397 599 1441 te
630 1404 790 1441 onme
815 1387 1132 1439 desiderium
1167 1401 1341 1438 meum
1363 1385 1469 1447 ⁸⁸ς»
1503 1394 1553 1438 et
1587 1399 1827 1437 rursum:
1853 1383 2087 1436 cLumbi

547 1477 648 1529 mei
683 1474 880 1542 impleti
915 1485 1034 1527 sunt
1065 1474 1399 1527 illusioaitius
1419 1475 1487 1538 ",
1517 1491 1536 1522 ι
1569 1487 1662 1541 per
1688 1472 1797 1525 haec
1823 1472 2090 1524 contraria

546 1565 807 1618 desideria
836 1575 1056 1627 notans;
1085 1563 1500 1617 misericordiam
1524 1572 1578 1616 et
1597 1562 1871 1615 veritatem
1895 1574 2090 1614 vocans

2192 399 2394 453 fecit”.
2427 417 2444 447 ι
2480 397 2615 449 Sane
2647 396 2855 449 Christo
2886 396 2935 446 in
2965 396 3124 447 imum
3153 395 3461 446 barathrum
3495 394 3745 452 cunctim,

2190 491 2543 557 impositaque
2584 487 2824 554 sepulcro
2865 488 3046 553 grandi
3091 501 3237 547 saxo,
3271 485 3512 537 eamdem
3548 482 3749 536 condi-

2192 580 2387 632 tionem
2422 579 2659 640 subiere;
2697 577 2794 630 nisi
2833 578 2971 645 quod
3008 574 3080 627 illi
3117 575 3227 627 haec
3262 575 3311 626 in
3347 573 3511 626 Deum
3543 588 3751 641 perpe—

2191 682 2418 732 traruut,
2450 661 2789 734 adbibitaque
2827 665 3062 719 custodia
3098 680 3280 717 saxum
3318 663 3494 732 sigillo
3528 662 3752 715 tnunie-

2189 769 2337 824 rnnt;
2373 758 2495 810 binc
2527 757 2683 809 etiam
2729 771 2842 823 qum
2884 756 2935 808 in
2979 771 3070 809 eos
3109 757 3319 808 decreta
3358 764 3554 814 essent,
3598 753 3750 803 Dens

2189 859 2496 911 exsecutus,
2527 850 2660 899 velut
2695 848 3013 914 obsignavit.
3077 863 3094 896 ι
3136 845 3249 898 Filii
3288 844 3413 896 Sion
3451 843 3664 911 inclyti,
3696 851 3752 891 rt

2189 939 2363 992 amicti
2396 952 2528 990 auro
2563 935 2734 1004 primo
2765 959 2774 986 .-
2809 938 3074 1002 quomodo
3107 933 3329 1002 repulati
3367 945 3489 986 sunt
3522 933 3571 983 in
3611 946 3746 982 vas-i

2193 1039 2381 1090 testva,
2415 1043 2545 1095 opus
2588 1042 2838 1079 manuum
2875 1025 3116 1094 figuli"?
3155 1044 3172 1076 ι
3217 1023 3303 1077 Dei
3337 1024 3644 1091 ﬁgmentum
3691 1032 3753 1072 ut

2192 1119 2454 1172 excellens
2483 1128 2532 1171 et
2559 1127 2863 1186 angustum,
2887 1115 3183 1185 suspiciens
3211 1114 3486 1181 propheta,
3507 1112 3749 1162 miratur

2192 1225 2218 1262 a
2246 1209 2440 1262 Jndmis
2471 1219 2799 1276 corruptum,
2827 1222 2888 1259 ex
2922 1199 3082 1258 aureo
3111 1204 3160 1257 iu
3193 1211 3482 1257 testaceum
3514 1201 3752 1254 commi-

2190 1316 2390 1369 grasse.
2428 1300 2528 1352 Sed
2575 1298 2812 1365 profecto
2855 1312 3040 1351 omnes
3083 1300 3214 1349 adeo
3264 1295 3498 1347 terrestri
3547 1304 3750 1344 natura

2191 1392 2464 1445 constituti
2494 1389 2762 1453 mortales,
2791 1388 2957 1440 donec
2985 1387 3036 1439 in
3069 1385 3220 1438 nobis
3243 1384 3476 1436 divinam
3509 1381 3749 1450 gratiam

2192 1481 2541 1536 informamus
2595 1489 2648 1532 et
2707 1478 3080 1545 insuilpimus,
3131 1476 3285 1543 longe
3332 1489 3489 1541 supra
3545 1486 3748 1524 aurum

2193 1568 2883 1641 genunasqne'pretiosas,
2937 1575 2995 1619 ut
3042 1581 3159 1618 cum
3216 1563 3412 1616 Davide
3466 1563 3655 1629 loquar
3678 1563 3750 1620 ⁸η,

549 1653 639 1705 θεῖ
674 1651 885 1704 num"-
920 1651 988 1702 Αι
1021 1648 1295 1720 synagoga
1339 1661 1457 1701 mm
1499 1661 1558 1700 se
1596 1646 1686 1700 mli
1729 1645 1975 1698 inéendio
2013 1645 2089 1696 “ri
2125 1641 2164 1693 Β
2199 1679 2305 1716 tum
2362 1675 2574 1722 sumus,
2618 1669 2725 1710 tum
2782 1656 3057 1709 habemur.
3107 1655 3368 1708 Cancrum
3421 1653 3506 1704 ttbi
3561 1653 3631 1702 ab
3683 1667 3750 1700 ιο

549 1755 654 1793 ιιοη
679 1739 973 1806 qua-sierit,
999 1740 1089 1791 sed
1124 1739 1176 1790 in
1214 1750 1547 1790 monstrosas
1576 1746 1629 1789 et
1657 1735 1917 1788 absurdas
1944 1733 2093 1801 cupi-

547 1831 741 1883 ditates
769 1827 1062 1890 debuerit,
1090 1827 1278 1880 merito
1317 1837 1496 1891 postea
1542 1826 1592 1878 in
1640 1839 1793 1878 renes
1835 1827 2094 1892 pharetra:

549 1918 651 1971 tela
680 1916 910 1984 excepit,
941 1915 1028 1968 Dei
1057 1917 1282 1968 veritate
1309 1929 1416 1966 nou
1443 1912 1724 1966 delectata.

626 2025 646 2058 ί
698 2007 890 2059 Factus
931 2019 1046 2058 Sum
1097 2004 1151 2057 in
1195 2007 1428 2057 derisum
1479 2003 1622 2055 omni
1671 2000 1863 2069 populo
1914 2015 2031 2053 meo
2078 2016 2091 2052 :

549 2097 814 2164 canticum
840 2109 1022 2147 eorum
1058 2104 1161 2146 tota
1192 2095 1276 2147 die
1294 2094 1360 2146 ”.
1393 2112 1412 2143 ι
1443 2091 1646 2155 Gloria,
1675 2091 1863 2158 inquit,
1892 2089 2093 2157 pridem

549 2183 766 2247 ﬂorens,
795 2198 934 2235 nunc
971 2183 1200 2248 ludibrio
1235 2172 1374 2246 sum,
1404 2191 1456 2233 et
1488 2180 1771 2233 cantilenis
1807 2194 1869 2232 ac
1901 2179 2095 2231 carmi-

553 2274 708 2326 nibus
737 2271 844 2325 Deo
876 2272 1193 2333 decantatis,
1224 2271 1523 2324 hominibus
1560 2283 1844 2335 perennem
1879 2269 2097 2322 cantile-

552 2376 673 2412 nam
709 2371 867 2427 atque
902 2376 1125 2415 sanuam
1163 2363 1390 2426 praebeo.
1457 2377 1476 2409 ι
1518 2358 1759 2426 Replevit
1791 2372 1872 2409 me
1905 2357 2099 2409 amari-

557 2452 850 2513 tudinibus,
883 2452 1163 2504 inebriavit
1221 2467 1302 2509 me
1335 2451 1603 2503 absinthio
1619 2449 1683 2498 ".
1719 2466 1736 2498 ι
1777 2447 1910 2511 Quid
1945 2447 2036 2510 ita,
2065 2461 2098 2499 0

556 2538 854 2606 SyuagOga,
881 2553 914 2591 ο
952 2539 1148 2600 scelus,
1183 2552 1215 2592 ο
1247 2537 1537 2605 ﬂagitium?
1573 2537 1723 2601 Quod
1767 2538 2097 2602 unigenitum

558 2627 647 2679 Dei
681 2625 871 2715 Filium,
899 2626 1018 2679 felle
1048 2637 1098 2679 et
1125 2636 1276 2680 aceto
1303 2628 1518 2695 potasti,
1548 2641 1644 2695 per
1666 2640 1821 2694 quem
1859 2643 1878 2678 ι
1912 2627 2098 2678 suxisti

557 2716 661 2768 n:el
696 2717 760 2769 de
795 2712 969 2784 petra,
993 2716 1274 2784 oleumque
1305 2718 1369 2770 de
1402 2730 1532 2769 saxo
1562 2712 1932 2769 durissimo“.
1970 2732 1990 2765 ι
2032 2743 2102 2754 -

562 2823 580 2855 ι
630 2805 694 2858 Et
738 2805 897 2873 fregit
938 2805 1004 2859 ad
1051 2821 1328 2859 numerum
1362 2805 1548 2860 dentes
1593 2803 1820 2859 meos”.
1864 2823 1881 2856 ι
1931 2803 2100 2859 iure:

556 2895 815 2963 siquidem
860 2896 1019 2962 impie
1067 2897 1268 2964 lignum
1312 2896 1363 2948 in
1431 2909 1621 2963 panem
1665 2894 1776 2966 ejus
1824 2895 2012 2946 misisti
2033 2895 2097 2946 ⁸ο.

564 3001 590 3034 «η
626 2986 829 3037 Cibavit
867 2999 948 3038 uie
983 2985 1162 3037 cinere
1200 3001 1212 3036 :
1248 2994 1298 3036 et
1336 2983 1540 3051 repulsa
1575 2992 1657 3036 est
1691 2998 1716 3034 a
1755 2997 1884 3049 pace
1922 2984 2097 3035 anima

558 3092 673 3131 mea
700 3079 768 3131 “.
811 3095 830 3127 ι
887 3077 999 3131 Non
1052 3078 1284 3145 injuria,
1319 3078 1530 3145 quando
1579 3075 1885 3128 fastidiebns
1935 3073 2098 3137 illum,

564 3166 652 3235 qui
695 3175 744 3220 te
783 3176 1004 3234 paverat
1049 3179 1262 3230 manna,
1293 3174 1347 3219 et
1387 3178 1530 3228 eum,
1559 3163 1647 3232 qui
1690 3178 1813 3216 vera
1857 3172 1934 3216 est
1981 3175 2102 3229 pax,

559 3256 823 3326 letlialiter
852 3257 1064 3310 oderas.
1100 3275 1118 3306 ι
1151 3253 1356 3310 Oblitus
1386 3271 1501 3308 sum
1534 3255 1790 3308 bonorum
1824 3271 1839 3310 :
1868 3263 1922 3308 et
1947 3254 2054 3307 dixi
2087 3269 2102 3307 :

560 3344 726 3398 Periit
776 3345 996 3398 victoria
1045 3359 1192 3409 mea,
1229 3353 1281 3398 ct
1321 3359 1444 3412 spes
1492 3359 1606 3398 mea
1656 3361 1685 3397 a
1734 3336 2038 3398 Domino".
2078 3361 2098 3395 ι

562 3433 781 3490 Scilicet
820 3434 1048 3488 fructum
1099 3435 1244 3502 capis
1291 3436 1506 3503 dignum
1553 3434 1709 3489 tactis
1755 3451 1769 3487 :
1813 3444 1919 3487 tam
1966 3433 2103 3487 enim

564 3527 841 3582 removisti
888 3529 1040 3596 longe
1083 3525 1178 3580 Dei
1218 3528 1659 3590 misericordiam,
1684 3535 1741 3580 ut
1773 3542 1876 3581 non
1910 3528 2104 3593 solum,

563 3620 704 3686 quod
755 3616 968 3694 lateris,
1011 3619 1178 3672 oblita
1232 3626 1374 3672 retro
1418 3619 1491 3672 sis
1533 3617 1822 3683 bonorum;
1875 3620 1967 3673 sed
2010 3631 2108 3672 nec

564 3718 714 3778 spem
759 3708 972 3777 quidem
1013 3708 1260 3778 deinceps
1303 3708 1465 3762 ullam
1506 3717 1706 3764 teneas.
1745 3727 1764 3762 ι
1813 3707 1963 3764 Oculi
2004 3711 2107 3764 mei

481 3839 486 3846 ,
565 3795 874 3852 defecerunt
896 3811 1016 3856 cum
1039 3797 1145 3850 vita
1172 3812 1286 3850 mea
1311 3812 1470 3866 super
1494 3797 1629 3851 ﬁlias
1654 3799 1822 3867 gentis
1844 3813 1975 3854 mea!
1990 3797 2057 3850 ⁸³.
2083 3814 2105 3850 ι

567 3889 731 3944 Filias
754 3891 946 3959 gentis,
975 3891 1059 3945 hic
1083 3892 1287 3944 vicinas
1319 3893 1476 3945 urbes
1499 3900 1555 3944 et
1581 3891 1834 3946 tlnitimas
1852 3891 2107 3960 propheta

566 3981 826 4036 nominat.
886 3998 903 4030 ι
963 3980 1186 4035 Posuisti
1243 3997 1338 4036 uos
1396 3982 1446 4035 iu
1501 3982 1676 4036 medio
1727 3983 2036 4052 populorum
2093 3999 2107 4035 :

565 4076 887 4138 aperuerunt
919 4087 1082 4140 super
1113 4086 1208 4125 nos
1241 4087 1301 4126 os
1334 4087 1492 4125 suum
1535 4087 1721 4127 omnes
1767 4072 2049 4127 inimici".
2084 4091 2104 4124 ι

556 4162 698 4217 .Nam
734 4164 822 4232 qui
858 4161 946 4216 Dei
983 4163 1173 4216 Filium
1218 4164 1440 4217 concilio
1482 4165 1773 4230 stitissent,
1814 4165 1846 4219 ii
1882 4165 2023 4219 velut
2057 4164 2109 4218 in

2195 1760 2333 1807 statu
2369 1768 2462 1819 per
2493 1761 2766 1816 peccatum
2804 1747 3168 1806 demrbamur,
3203 1761 3304 1796 non
3341 1742 3541 1796 urceoli
3577 1752 3750 1793 testa-

2195 1844 2294 1906 cei,
2328 1857 2462 1911 opus
2511 1854 2760 1892 manuum
2805 1836 2967 1903 ﬁguli,
3001 1837 3093 1889 sed
3135 1835 3321 1902 quovis
3365 1833 3526 1885 nibilo
3572 1832 3749 1896 magis

2196 1936 2380 2002 ttiltili,
2425 1946 2761 2002 apparemus.
2813 1949 2831 1980 ι
2881 1930 3115 1982 Adlncsit
3162 1929 3332 1995 lingua
3385 1928 3629 1979 lactentis
3685 1925 3748 1974 ad

2196 2028 2428 2096 palatum
2469 2024 2584 2092 ejus
2626 2025 2675 2075 iit
2722 2022 2810 2075 siti
2856 2038 2868 2074 :
2907 2021 3108 2088 parvuli
3149 2021 3415 2086 petierunt
3452 2031 3665 2085 parem,
3696 2025 3749 2064 ct

2199 2132 2304 2170 non
2337 2125 2473 2177 erat,
2499 2113 2587 2182 qui
2623 2112 2888 2179 frangeret
2916 2112 2990 2163 eis
3013 2111 3076 2163 “.
3111 2129 3127 2160 ι
3160 2110 3388 2160 Tantum
3421 2118 3522 2167 est,
3550 2106 3746 2167 inquit,

2195 2206 2388 2263 ludam
2426 2207 2652 2268 crimen,
2683 2214 2739 2256 ut
2772 2203 2897 2270 legis
2931 2202 3305 2255 coercitionem
3343 2209 3578 2266 superet.
3610 2196 3746 2248 Nam

2198 2301 2251 2354 in
2295 2313 2354 2352 ea
2407 2313 2501 2367 per
2543 2296 2724 2350 Mosen
2773 2297 2841 2347 ait
2893 2295 3030 2347 Deus
3080 2312 3092 2347 :
3148 2311 3165 2343 ε
3220 2291 3598 2357 Unusquisque
3652 2302 3748 2356 pro

2199 2400 2415 2460 peccato
2444 2404 2539 2443 suo
2566 2389 2822 2441 morietur
2841 2388 2913 2449 ⁶’;
2949 2405 2965 2436 ι
2998 2386 3085 2438 hic
3113 2382 3479 2437 in'erneeione
3505 2382 3746 2443 damnat,

2201 2494 2257 2536 ut
2298 2484 2406 2551 iam
2455 2481 2715 2534 lactentes
2759 2493 2968 2547 anquc
3013 2488 3065 2530 et
3111 2474 3341 2528 infantes
3389 2472 3746 2526 emm-iantur.

2205 2592 2222 2625 ι
2273 2573 2336 2626 Et
2380 2573 2546 2639 major
2586 2571 2772 2624 ctfecta
2820 2578 2898 2623 est
2936 2569 3188 2636 iniquitas
3235 2566 3353 2618 tilizc
3397 2562 3575 2630 populi
3617 2563 3746 2623 mei,
3803 2638 3814 2644 1

2202 2672 2418 2729 peccato
2451 2659 2827 2719 Sodomorum,
2857 2671 2972 2724 qua:
3003 2658 3253 2708 subversa
3282 2652 3425 2706 est“
3462 2670 3479 2701 ι
3518 2654 3744 2704 subver-

2203 2753 2352 2804 sione
2379 2758 2599 2801 mterna.
2633 2748 2743 2800 lllic
2776 2747 2916 2799 enim
2951 2744 3192 2813 quamvis
3227 2745 3408 2812 ingens
3443 2752 3492 2794 et
3524 2741 3749 2794 horren-

2205 2843 2326 2893 dum
2377 2840 2552 2894 scelus
2598 2839 2850 2902 vertitur,
2892 2847 2944 2888 at
2995 2852 3095 2890 non
3146 2821 3486 2889 acc‘usantetn
3535 2845 3750 2901 quoque

2125 2945 2169 3006 ρ
2198 2927 2396 2994 justum
2445 2925 2543 2979 Lot
2587 2923 2912 2979 Sodoadtani
2965 2937 3252 2992 percutere.
3291 2921 3572 2991 Synagoga
3621 2935 3748 2973 vero

2208 3015 2547 3084 linigcnitum
2587 3015 2700 3077 Dei,
2731 3013 2819 3082 qui
2857 3014 3016 3067 divini
3050 3013 3197 3080 regni
3234 3022 3483 3080 tanquam
3517 3011 3643 3073 dux,
3674 3008 3742 3063 ad

2207 3110 2475 3164 ccelestem
2509 3107 2928 3177 Hierosolymam
2961 3122 3018 3160 se
3044 3107 3385 3168 subduceret,
3417 3105 3664 3172 scelerate
3692 3105 3744 3156 in

2206 3214 2419 3253 crucem
2455 3199 2600 3268 egit,
2634 3213 2695 3250 ac
2738 3197 3147 3252 contrucidavit.
3176 3197 3348 3262 Quare
3379 3207 3434 3249 et
3461 3195 3634 3263 majus
3665 3201 3752 3248 est

2205 3289 2340 3358 ejus,
2371 3304 2528 3358 quam
2567 3288 2810 3343 Sodomm
2844 3285 3118 3352 delictum,
3151 3298 3204 3340 et
3236 3286 3554 3356 supplicium
3599 3286 3749 3338 triste

2206 3393 2268 3433 ac
2301 3392 2546 3447 perenne.

2284 3487 2303 3521 ι
2359 3467 2542 3522 Melius
2586 3466 2687 3521 fuit
2735 3467 2925 3522 occisis
2977 3467 3179 3538 gladio,
3229 3481 3389 3535 quam
3451 3465 3748 3521 interfectis

2214 3559 2373 3612 tame.
2416 3577 2433 3610 ι
2474 3557 2699 3612 Facinus
2733 3559 2958 3625 primum
2991 3567 3274 3613 exsecutus
3314 3557 3592 3627 propheta,
3623 3571 3747 3625 sup-

2213 3651 2356 3718 plicii
2383 3650 2746 3703 diversitatem
2781 3663 2899 3718 post
2932 3648 3195 3715 adiunxit,
3228 3649 3378 3718 pejus
3412 3659 3586 3703 actum
3620 3647 3752 3700 tame

2210 3752 2367 3806 quam
2414 3736 2556 3791 ferro
2596 3738 2798 3792 enectis
2837 3740 3151 3795 ostendens.
3185 3758 3203 3788 ι
3245 3738 3432 3792 Manus
3471 3738 3752 3792 mulierum

2212 3829 2637 3883 misericordium
2682 3837 2940 3883 caverunt
2985 3829 3120 3883 lilios
3163 3815 3288 3884 suos
3308 3830 3372 3882 “.
3418 3847 3436 3880 ι
3485 3828 3633 3894 Quas
3671 3827 3756 3880 hic

2215 3919 2587 3973 misericordes
2630 3919 2862 3972 indicat?
2901 3917 3028 3984 Quae
3067 3918 3286 3973 sceleris
3319 3932 3479 3973 sensu
3515 3929 3752 3986 accepta,

2213 4010 2414 4066 Christi
2448 4024 2658 4063 crucem
2693 4009 2878 4064 ﬂentes
2911 4012 3376 4078 consequebantur
3411 4026 3427 4062 :
3460 4025 3594 4078 quas
3629 4011 3758 4062 allo-

2217 4110 2375 4155 cutus
2423 4099 2495 4153 ait
2539 4117 2552 4152 :
2608 4118 2625 4149 ι
2674 4098 2820 4154 Filiae
2861 4099 3192 4162 Jerusalem.
3227 4101 3391 4154 nolite
3433 4101 3561 4154 ﬂere
3599 4115 3760 4169 super

2214 4205 2323 4252 me,
2348 4188 2442 4244 sed
2471 4205 2627 4256 super
2653 4205 2746 4243 vos
2779 4191 2918 4257 ipsas
2945 4191 3084 4252 ﬂete,
3102 4201 3152 4243 et
3176 4205 3336 4255 super
3369 4189 3504 4242 tilias
3527 4199 3756 4242 vestros.

566 4267 768 4307 corona
798 4254 1024 4320 quadam
1061 4253 1310 4322 populosa
1343 4254 1585 4310 dicteriis
1615 4265 1668 4309 et
1701 4256 1894 4324 capitis
1938 4265 2099 4310 mota-

2217 4278 2476 4344 Quonlam
2506 4253 2632 4332 ecce
2657 4253 2867 4332 venient
2888 4280 3022 4344 dies,
3043 4280 3093 4332 in
3121 4253 3314 4348 quibus
3343 4278 3519 4332 dicent
3548 4298 3561 4332 :
3591 4279 3761 4332 Beata:

569 4345 700 4398 tioni
750 4359 842 4413 per
881 4353 1067 4413 gentes
1113 4356 1273 4413 atque
1321 4346 1547 4414 pepulos‘
1583 4348 1852 4415 prostituti
1901 4350 2111 4402 sunt".

569 4435 647 4487 Ae
691 4434 1136 4502 quemadmodum
1180 4420 1448 4491 Christum
1495 4438 1793 4491 maledictis
1837 4438 2114 4501 conscide-

572 4531 716 4583 runt,
749 4521 818 4571 ita
856 4521 909 4573 in
947 4536 1040 4575 eos
1073 4536 1285 4589 quoque
1321 4523 1548 4576 hostium
1581 4527 1816 4579 omnium
1860 4539 1924 4580 os
1962 4540 2118 4594 aper-

571 4622 681 4663 tum
740 4621 840 4665 est.
893 4631 911 4662 ι
964 4612 1260 4667 Venatione
1320 4627 1572 4681 ceperunt
1626 4633 1711 4672 me
1763 4619 1912 4686 quasi
1953 4634 2115 4673 avem

573 4701 777 4755 inimici
829 4703 928 4754 mei
979 4703 1233 4771 gratis".
1278 4723 1296 4754 ι
1349 4705 1488 4759 Cur?
1533 4710 1656 4775 quia
1704 4709 1915 4763 irretirc
1957 4721 2116 4780 atque

569 4808 762 4859 capere
801 4793 1124 4860 unigenitum
1165 4793 1279 4859 Dei,
1312 4811 1435 4849 cum
1479 4795 1791 4852 llerodiauis
1835 4809 1889 4852 et
1933 4799 2118 4854 Phari-

571 4885 695 4936 θεῖε
727 4882 1094 4938 moliebantur.
1125 4905 1143 4936 ‹
1186 4886 1355 4953 Lapsa
1395 4896 1476 4939 est
1511 4888 1562 4940 in
1605 4888 1776 4941 lacum
1813 4891 1917 4942 vita
1962 4908 2076 4945 mea
2100 4933 2118 4958 ,

575 4985 630 5027 et
678 4986 963 5040 posuerunt
1014 4977 1236 5043 lapidem
1287 4993 1445 5047 super
1492 4981 1654 5032 me".
1699 5000 1717 5030 ι
1770 4980 1990 5035 Gemina
2041 4985 2123 5038 bis

575 5076 700 5121 sunt
749 5067 837 5121 illa
891 5069 1122 5134 Davidis,
1175 5071 1483 5140 Synagoga,
1531 5075 1702 5142 inquit
1760 5092 1774 5126 :
1836 5093 1853 5124 ι
1916 5073 2113 5128 Lacum

647 5272 687 5304 “
713 5273 905 5326 Tbren.
935 5291 1013 5337 Ill,
1057 5276 1140 5330 19..

578 5342 619 5374 "
642 5344 766 5394 ibid.
796 5343 876 5395 15.
955 5346 998 5375 ⁸⁸
1026 5347 1171 5399 Deut.
1197 5364 1362 5410 xxxii,
1398 5350 1476 5402 t5.

580 5413 665 5463 51.
739 5412 781 5439 ⁸⁸
811 5411 931 5463 ibid.
957 5415 1041 5475 45,
1068 5415 1153 5467 415.

581 5479 624 5507 δ”
653 5481 788 5531 l‘sal.
817 5497 960 5542 xvm,
991 5487 1072 5536 11.

582 5548 633 5607 9,
663 5551 742 5600 10.

1216 5277 1260 5309 δ’
1285 5279 1405 5331 ibid.
1435 5280 1517 5332 15.
1595 5279 1639 5310 ⁸³
1664 5279 1801 5332 Psal.
1843 5297 1965 5344 xxv,
1995 5283 2046 5347 Ξ,
2071 5284 2123 5335 5.

1553 5349 1596 5379 δ’
1619 5349 1813 5402 Tbreu.
1846 5353 2036 5405 ttt.1(i.

1228 5421 1270 5448 ⁵⁵
1299 5419 1434 5470 Psal.
1463 5435 1608 5480 XLIII,
1637 5419 1720 5470 15.

1178 5486 1216 5514 ⁸¹
1244 5485 1440 5539 Τ1ιι“‹“ιι.
1470 5505 1538 5544 tv,
1565 5489 1615 5539 4.

821 5550 862 5578 ⁶⁵
884 5551 1014 5606 Luc.
1045 5571 1194 5617 χχιιι,
1219 5557 1306 5619 9.3,
1330 5558 1414 5610 Eli).
1490 5558 1531 5588 οδ
1557 5558 1753 5610 Τιιΐοιιο
1782 5573 1853 5620 ιν,
1878 5558 1961 5610 10-

2112 5351 2369 5407 ⁵⁰1ριειιι.
2399 5372 2472 5416 χι,
2502 5355 2584 5408 19.
2632 5359 2702 5389 ’⁵⁸
2728 5357 2924 5413 Tbren.
2955 5376 3033 5420 tu.
3063 5361 3142 5412 l7.

1796 5421 1859 5470 ".
1886 5420 2081 5473 Thren.
2111 5437 2190 5479 Ill.
2223 5423 2307 5476 52.

1727 5489 1768 5518 θ’
1792 5489 1943 5560 Deut_.
1972 5505 2117 5557 χχιι,
2143 5492 2237 5560 1ϐ;
2271 5494 2461 5548 Ezecb.
2488 5510 2634 5558 mu,
2659 5497 2740 5548 17.

2219 4369 2451 4428 steriles.
2489 4381 2542 4422 et
2581 4380 2815 4434 ventres,
2850 4370 2938 4438 qui
2994 4385 3097 4423 non
3147 4378 3466 4439 genuerunt,
3500 4381 3553 4422 et
3598 4371 3758 4423 ubera

2221 4472 2338 4527 quae
2366 4474 2471 4512 non
2507 4460 2920 4514 iactaverunt”.
2958 4478 2975 4510 ι
3017 4459 3214 4513 Horum
3247 4463 3530 4515 verbormn
3565 4460 3763 4513 Christi

2220 4548 2582 4602 misericordis
2633 4563 2892 4603 memores
2940 4548 3043 4604 illa:
3085 4551 3314 4615 feminae,
3348 4550 3567 4610 similes,
3599 4565 3764 4618 quan-

2221 4647 2329 4690 tum
2371 4646 2564 4704 potest,
2592 4637 2714 4705 ipsi,
2748 4653 2871 4691 suos
2899 4654 3092 4693 coxere
3133 4651 3306 4705 natos,
3339 4649 3392 4692 et
3422 4658 3439 4688 ι
3479 4638 3604 4692 facti
3645 4647 3765 4707 sunt

2223 4729 2374 4780 cibus
2417 4742 2597 4780 earnm
2617 4728 2682 4782 “.
2726 4746 2744 4778 ι
2796 4718 3122 4796 Supplicium
3167 4729 3530 4783 consolatione
3558 4729 3764 4794 majus,

2225 4833 2324 4870 nec
2363 4817 2708 4882 deprecanda}
2747 4819 2901 4871 mince
2947 4821 3031 4888 (ad
3074 4835 3131 4873 se
3173 4820 3503 4888 inquiebant)
3540 4838 3554 4873 :
3608 4835 3763 4873 verax

2226 4915 2307 4958 est
2336 4907 2650 4971 promissor,
2675 4907 2823 4959 adest
2857 4917 3083 4974 tempus.
3106 4923 3230 4962 ecce
3262 4907 3402 4963 ﬂuis.
3466 4926 3486 4958 ι
3527 4911 3744 4976 Comple

2231 4996 2302 5052 vit
2335 4995 2585 5047 Dominus
2613 4996 2845 5050 furorem
2879 5013 3050 5060 suum,
3082 4995 3266 5051 cﬂ'ndit
3290 4998 3422 5052 iram
3453 4998 3769 5066 indignatio-

2233 5083 2318 5136 nis
2352 5099 2458 5137 snac
2495 5103 2507 5138 :
2543 5095 2595 5137 et
2625 5087 2897 5140 succendit
2929 5088 3101 5154 ignem
3138 5089 3191 5140 in
3230 5088 3380 5154 Sion,
3413 5097 3464 5142 et
3499 5089 3770 5142 devoravit

2225 5283 2268 5314 “
2290 5284 2769 5349 Psal.xxxvtt,10.
2860 5289 2904 5321 "
2935 5291 3061 5344 ibid.
3111 5291 3164 5346 8.
3269 5290 3526 5344 “Thren.
3571 5308 3652 5349 ιιι.
3696 5295 3770 5347 li.

2225 5369 2347 5394 ιιιριιι
2399 5372 2448 5394 τι
2502 5355 2564 5394 40
2632 5357 2902 5394 ·ιιν1“Ιη-μ..
2955 5376 3009 5394 ...
3063 5361 3122 5394 ιτ
3219 5361 3392 5394 nam
3445 5361 3508 5394 tu
3577 5363 3750 5394 sanna

2791 5374 2924 5413 iren.
2955 5376 3033 5420 tu,
3063 5361 3142 5412 l7.
3219 5361 3262 5392 "
3289 5361 3412 5413 ibid.
3445 5361 3528 5413 l8.
3577 5363 3620 5394 ⁵³
3645 5363 3770 5416 ibid.

2785 5428 2828 5458 ⁵⁸
2852 5429 2990 5482 Psal.
3031 5445 3121 5492 vn,
3153 5429 3230 5482 I6.
3302 5429 3568 5482 "Tliren.
3616 5445 3689 5493 tv,
3726 5433 3770 5483 2.

2850 5497 3110 5551 “Tliren.
3143 5499 3286 5561 tv,6.
3390 5497 3651 5553 “Tbren.
3710 5517 3771 5560 ir,

2384 5426 2425 5455 ⁸⁷
2454 5428 2576 5478 ibid.
2625 5425 2709 5480 55.
