3956 6324
76 184 89 191 ”
120 220 236 285 3.;9

1210 218 1595 284 DIALOGUS
1626 220 1919 281 CONTRA
1965 218 2292 280 ΜΠ)ᾹῖΟᾶ

3300 145 3309 173 ι

3238 210 3348 273 870

119 338 475 393 {aridamnnta
518 336 633 405 ejus
649 331 713 389 “7.
755 356 772 390 ι
820 334 1136 404 (Ζοιιψιιτνίι,
1177 336 1227 389 id
1271 345 1375 399 est,
1412 336 1592 389 omnia
1639 335 1692 390 in
1721 342 1768 397 Α
1796 336 1917 388 dum
1955 336 2006 387 iu
2041 333 2330 402 Evangelia
2364 346 2515 387 meus
2552 331 2799 384 Salvator
2830 329 2987 384 Iesus
3019 330 3297 384 continuat
3329 346 3344 384 :

116 442 219 481 eos
258 427 855 497 vaticittio'cmttplevil,
889 427 1091 479 inanita
1129 426 1207 479 ira
1245 434 1496 496 tanquam
1534 425 1684 490 faece,

115 524 547 587 incandescens;
578 522 751 589 ignem
786 520 1048 586 incendit,
1076 521 1165 589 qui
1203 518 1420 575 Sionem
1456 536 1483 573 a
1520 518 1690 589 stirpe

117 613 367 665 l'uttditus
404 611 720 679 absumpsit.
763 629 781 664 ι
824 609 1193 680 chtavernnt
1226 611 1596 667 adolescentes
1634 613 1687 666 in

119 702 355 768 plateis,
407 702 590 769 polluti
646 713 773 757 sunt
821 703 874 757 in
927 705 1188 771 sanguine
1228 718 1351 758 cum
1399 718 1503 757 non
1555 718 1690 774 pos—

116 783 247 842 sunt
265 788 334 843 ⁸⁸.
367 810 385 839 ι
420 788 537 843 Νοη
562 800 700 853 erat,
722 790 814 859 qui
843 805 937 844 eos
969 799 1109 844 terra
1137 792 1412 857 conderet,
1460 792 1692 845 tumulus

120 880 321 945 plateae
368 877 565 942 factae,
632 880 814 946 itaque
856 894 979 933 cum
1026 877 1364 933 vestimentis
1416 876 1717 944 putrnere.’

125 988 144 1017 ι
178 966 512 1022 Defecernnt
534 968 671 1022 oculi
698 968 864 1021 nostri
894 966 958 1021 ad
985 959 1243 1020 auxilium
1276 976 1544 1029 nostrum,
1569 980 1689 1018 cum

122 1074 263 1111 vana
299 1066 730 1129 respectaretn‘us
748 1058 814 1114 “.
841 1076 873 1126 ,ι
915 1058 1273 1112 lutermortua
1310 1057 1447 1124 apud
1483 1071 1578 1113 nos
1610 1066 1694 1108 est

128 1152 409 1218 prophetae
455 1149 617 1203 David
656 1163 757 1204 vox
799 1149 888 1203 illa
934 1164 949 1201 :
994 1148 1170 1202 nullus
1210 1149 1300 1216 qui
1338 1162 1458 1200 cum
1501 1147 1693 1199 ﬁducia

121 1236 304 1295 dicat:
333 1254 353 1288 ε
376 1234 535 1302 Deus,
551 1234 605 1289 in
630 1235 952 1305 adjutorium
979 1249 1153 1289 meum
1179 1234 1422 1299 intende;
1448 1233 1691 1296 Domine,

124 1327 188 1381 ad
221 1326 585 1397 adiuvandum
614 1341 699 1381 me
720 1324 915 1381 Iustina
931 1326 1000 1379 ".
1031 1343 1051 1378 ›
1082 1353 1151 1364 --
1186 1342 1204 1376 ι
1245 1323 1593 1391 Respeximus
1623 1322 1691 1376 ad

123 1400 337 1489 gentem
363 1432 482 1486 qua:
503 1417 711 1472 salvare
738 1431 842 1471 non
872 1417 1169 1485 poterat".
1198 1414 1380 1481 t‘Quia
1416 1414 1561 1468 enim
1600 1414 1690 1468 Dei

128 1522 326 1561 numen
379 1517 433 1562 et
460 1508 714 1562 auxilium
745 1505 1048 1574 rejecimus,
1075 1505 1195 1561 ideo
1222 1506 1275 1559 in
1306 1520 1407 1558 non
1437 1505 1687 1559 defensu-

128 1612 239 1652 ram
272 1598 488 1665 gentem
523 1595 881 1653 intuebantur.
918 1616 937 1649 α
977 1597 1164 1653 Facies
1201 1598 1542 1652 sacerdotum
1582 1611 1688 1649 non

130 1689 487 1743 crubuerunt.
520 1708 540 1741 ι
578 1689 695 1754 Dei,
722 1689 914 1757 inquit,
942 1688 1367 1742 ttziscricordiam
1400 1686 1690 1742 sceleribus

129 1778 329 1833 nostris
374 1779 724 1841 exclusimus,
760 1793 928 1839 quare
980 1792 1079 1831 nec
1129 1767 1464 1832 sacerdotum
1514 1776 1691 1831 vultus

132 1871 343 1922 reveriti
388 1880 514 1924 sunt
549 1870 746 1923 hostes.
790 1888 808 1919 ι
851 1868 1031 1937 Neque
1066 1884 1252 1923 senum
1289 1868 1499 1923 miserti
1540 1874 1688 1933 sunt,

131 1963 307 2015 venali
358 1971 484 2016 sunt
531 1962 783 2029 parvulos
822 1957 1064 2028 nostros,
1100 1978 1168 2019 ne
1218 1963 1359 2017 irent
1399 1962 1455 2017 in
1501 1962 1690 2030 plateis

134 2051 330 2105 nostris
351 2052 419 2105 ".
457 2069 476 2100 ι
516 2051 909 2122 Disparuerunt
941 2053 1165 2122 vestigia
1203 2064 1404 2115 nostra,
1435 2068 1562 2122 ergo
1596 2052 1690 2107 de—

135 2140 254 2194 iecit
280 2140 537 2208 iniquitas
554 2150 667 2207 tua,
707 2139 812 2194 lilia
849 2140 997 2206 Sion,
1029 2142 1078 2194 id
1113 2150 1214 2204 est,
1244 2141 1437 2206 deleta,
1463 2140 1690 2208 amplius

135 2229 333 2299 culpam
366 2246 469 2283 non
506 2232 775 2291 admittes.
813 2249 832 2282 ι
873 2230 987 2284 Non
1026 2231 1188 2285 addet
1228 2230 1485 2285 Dominus
1526 2231 1685 2295 ultra,

135 2328 190 2372 ut
239 2319 610 2389 transmigret.
664 2339 682 2371 ι
739 2318 855 2373 Non
914 2329 1215 2383 revertere,
1265 2319 1468 2388 inquit,
1519 2333 1689 2386 neque

137 2410 356 2478 amplius
402 2411 731 2479 relegabere.
760 2408 933 2477 Atque
982 2412 1028 2481 id
1056 2426 1254 2464 verum
1296 2424 1434 2473 esse,
1464 2404 1689 2477 probant

136 2500 402 2567 sequentia
464 2518 479 2553 :
553 2517 572 2550 ι
646 2497 893 2553 Visitavit
954 2499 1294 2567 iniquitatem
1368 2506 1536 2562 tuam,
1580 2497 1685 2550 lilia

141 2586 333 2654 Edoni;
375 2608 395 2639 ι
440 2604 546 2643 non
582 2590 729 2659 virga
765 2603 916 2654 sane,
948 2600 1004 2643 nt
1036 2599 1158 2643 ante
1200 2599 1537 2658 persecutus,
1566 2604 1684 2643 cum

140 2687 187 2731 te
234 2682 507 2750 castigans
568 2689 875 2746 resanaret,
921 2682 1014 2736 sed
1073 2680 1335 2734 occidioni
1399 2681 1680 2734 mandans.

146 2785 162 2818 ι
208 2767 581 2838 Dlscooperuit
633 2778 845 2838 peccata
901 2769 1071 2835 tua",
1122 2788 1140 2819 ι
1201 2770 1252 2823 id
1298 2778 1414 2833 est,
1453 2769 1687 2839 explevit

141 2852 342 2914 omttem
374 2859 747 2927 iramjustam,
780 2862 932 2915 tectis
957 2860 1062 2914 tuis
1096 2859 1413 2925 sceleribus,
1441 2870 1501 2914 ut
1531 2875 1684 2929 aquae

144 2948 186 2999 vi
212 2959 263 3002 et
291 2951 442 3018 copia
477 2965 624 3003 mare
655 2951 917 3018 operitur.

208 3039 309 3093 Sed
344 3054 414 3093 ne
448 3043 547 3093 hoc
583 3050 984 3109 argumentum,
1018 3042 1081 3095 ad
1116 3042 1413 3095 doctrinam
1447 3051 1501 3096 et
1536 3042 1689 3096 iusti»

151 3132 394 3185 tutiouem
440 3141 773 3197 susceptum,
803 3134 1079 3185 materiam
1125 3130 1298 3183 luctus
1337 3142 1386 3183 et
1428 3132 1692 3185 lamentaa

153 3220 298 3275 tionis
322 3222 631 3285 reddamus,
653 3221 717 3275 ad
750 3221 997 3292 inclytam
1030 3233 1082 3276 et
1108 3222 1341 3275 divinam
1370 3225 1554 3290 gratim
1579 3221 1688 3291 (56)

151 3311 475 3379 disciplinam
526 3312 758 3366 orationi
804 3313 1159 3381 gubernacula
1199 3313 1499 3365 ﬂectamus.
1533 3313 1694 3379 Igitur

150 3400 334 3454 accidit
360 3400 746 3470 Hiemsolyma:
779 3403 999 3455 vastitas
1036 3416 1178 3455 anno
1213 3402 1280 3455 ab
1313 3402 1441 3453 orbe
1478 3401 1693 3453 condito

153 3492 418 3561 quinquies
461 3493 776 3558 millesimo,
806 3492 1236 3562 quingentesimo
1268 3492 1423 3546 tertio
1456 3501 1507 3544 et
1540 3505 1693 3543 sexa-

152 3583 385 3647 gesimo:
423 3598 596 3651 usque
623 3584 688 3636 ad
724 3584 1036 3650 pra-sentem
1072 3597 1218 3645 vero,
1252 3582 1428 3636 sexies
1478 3579 1694 3634 millesi-

156 3688 281 3727 mam
350 3675 848 3745 Octingentesimunt
918 3685 1167 3729 octavum
1234 3682 1288 3727 et
1347 3673 1607 3727 decimum
1676 3690 1687 3724 :

157 3761 307 3819 λαδεί
332 3768 464 3819 totis
497 3764 639 3819 mille
669 3765 915 3819 ducentis
950 3767 1187 3834 quinque
1223 3774 1279 3819 et
1310 3764 1689 3833 quinquaginta

158 3855 258 3909 sine
295 3863 460 3927 regno
503 3856 770 3912 exsulant.
802 3854 919 3910 Jam
967 3857 1147 3909 mundi
1197 3864 1367 3909 status
1394 3864 1450 3907 et
1493 3856 1691 3908 incolu-

159 3948 318 4013 mitas,
355 3956 411 4003 ut
444 3948 510 4001 de
543 3949 756 4003 vatibus
788 3947 1117 4015 accepimus,
1151 3946 1217 3999 ab
1256 3944 1458 4016 Opilice
1491 3955 1691 4014 septeni

160 4039 387 4092 aetatibus
417 4036 682 4105 descripta
710 4044 816 4091 est.
844 4036 995 4099 Quod
1029 4045 1083 4091 et
1116 4034 1367 4089 Salomon
1399 4037 1475 4090 ait
1509 4054 1522 4088 :
1564 4055 1581 4084 ο
1624 4035 1692 4087 Da

161 4138 349 4194 partem
378 4139 605 4196 septem,
627 4141 841 4182 necnon
871 4137 924 4180 et
946 4111 1150 4193 octo",
1181 4144 1201 4177 ι
1233 4136 1475 4180 octavam
1507 4141 1698 4180 nouns

163 4216 377 4273 futuram
437 4218 580 4272 illam
635 4227 688 4272 et
736 4217 1372 4282 imtnortalem.'Quibus
1426 4216 1692 4277 decursis,

1796 445 1813 475 ι
1846 425 2230 479 Prmdicabithr
2256 424 2355 478 hoc
2383 424 2722 491 Evangelium
2754 422 2806 474 in
2838 421 3085 476 ιιιιὶνθτθο
3115 422 3266 485 orbe,
3293 420 3345 473 in

1793 514 2159 569 testimonium
2217 512 2465 567 Omnibus
2518 513 2765 581 gentibus
2821 529 2835 565 :
2892 501 2961 565 et.
2993 520 3121 564 tunc
3166 514 3345 565 veniet

1790 604 2278 659 consununatio".
2336 622 2354 655 ι
2411 602 2547 667 Quin
2610 602 2662 655 in
2712 616 2806 654 vos
2859 615 3100 670 quoque,
3145 602 3233 670 qui
3292 610 3350 654 ut

1793 696 2134 760 beneﬁcium,
2167 695 2260 749 sed
2294 708 2479 748 revera
2512 707 2713 745 meram
2746 702 2970 758 pestem,
3001 694 3345 765 exspectatis,

1795 786 1960 838 multa
1996 785 2202 839 atrocia
2239 785 2379 847 edet,
2412 797 2532 837 cum
2566 782 2650 833 vix
2696 781 2907 833 tandem
2944 765 3351 846 resipiscentcs,

1794 884 2084 930 nostratem
2119 876 2305 939 Deum,
2332 889 2515 927 verum
2544 872 2837 935 Christum,
2867 869 3132 939 supplices
3158 873 3348 924 adora-

1796 977 1913 1023 tum
1943 968 2193 1029 venietis,
2225 976 2276 1020 et
2312 980 2407 1034 per
2442 963 2862 1031 regenerationis
2904 963 3173 1014 lavacrum
3209 960 3351 1013 lilio-

1794 1075 1909 1113 rum
1936 1058 2025 1111 Dei
2053 1057 2393 1124 adeptionem
2424 1055 2714 1122 recipietis,
2737 1065 2790 1103 ut
2814 1060 2865 1105 et
2894 1053 3053 1104 Isaias
3080 1059 3341 1105 testatur:

1798 1167 1818 1201 ι
1875 1150 2006 1204 Cum
2056 1148 2330 1215 plenitudo
2376 1146 2616 1218 gentium
2667 1144 2967 1208 intraverit,
3000 1155 3126 1196 tunc
3171 1143 3346 1196 omnis

1794 1240 1958 1295 Israel
2002 1238 2380 1294 salvabitur".
2417 1255 2436 1289 ι
2483 1236 2598 1302 Qua
2640 1234 2707 1289 de
2744 1250 2904 1289 causa
2940 1245 3208 1288 veterator
3241 1249 3350 1303 pra:

1792 1329 2004 1387 exteris
2034 1345 2093 1384 se
2127 1328 2400 1382 crudelem
2432 1327 2582 1381 vobis
2613 1328 2889 1394 praebebit,
2920 1327 3008 1393 qui
3039 1341 3145 1378 non
3178 1324 3351 1379 solum

1792 1421 1913 1475 aliis
1960 1420 2210 1474 omnibus
2255 1418 2380 1473 odio
2429 1419 2525 1481 sit,
2574 1418 2668 1471 sed
2717 1416 2877 1470 etiam
2929 1416 3099 1479 vobis.
3145 1415 3243 1480 Qui
3295 1422 3353 1466 ul.

1794 1526 1973 1580 regem
2003 1519 2060 1565 et
2090 1506 2408 1565 beneﬁcium
2438 1512 2723 1579 venturum
2756 1504 3067 1583 prmstolati,
3100 1505 3352 1558 damnata

1795 1600 2053 1668 ﬂagitiosa
2108 1594 2517 1663 inhumanitate,
2552 1597 2694 1650 illico
2746 1596 3016 1660 resilietis,
3051 1596 3117 1649 ad
3148 1608 3349 1647 verum

1718 1658 1763 1716 Β
1791 1658 2088 1750 Chi-istum,
2122 1688 2205 1741 cui
2251 1686 2476 1755 gloriam
2503 1658 2787 1751 vtrihuatis,
2820 1658 3139 1739 confluxurl.
3172 1682 3354 1751 Nequa

1798 1796 1928 1834 vero
1962 1780 2075 1833 alia
2098 1776 2269 1847 gratia
2302 1777 2478 1831 dirum
2514 1775 2748 1841 hominis
2783 1784 3082 1829 monstrum
3114 1782 3200 1829 est
3228 1787 3353 1828 ven—

1790 1880 1993 1933 turum,
2024 1867 2127 1921 nisi
2164 1867 2233 1921 ob
2267 1865 2543 1919 hominum
2576 1863 2794 1927 delicta,
2828 1878 2932 1931 quo
2965 1878 3057 1917 eos
3090 1870 3266 1924 vexet,
3297 1870 3354 1914 et

1788 1973 1948 2015 omne
1976 1958 2226 2012 vitiorum
2257 1971 2424 2024 genus
2455 1954 2700 2023 invehat;
2738 1964 2983 2008 cmtcrmn
3018 1956 3183 2007 annos
3214 1954 3351 2005 duos

1766 2059 1912 2105 ‘cum
1940 2048 2158 2103 dimidio
2184 2047 2271 2101 ubi
2304 2063 2480 2101 rerum
2513 2048 2764 2113 potietur,
2787 2045 3247 2101 exterminabitur.
3271 2041 3346 2097 Ea

1791 2154 2008 2211 quoilue
2042 2139 2425 2207 prephet‘arum
2457 2138 2697 2191 doctrina
2728 2146 2828 2191 est.

2364 2268 2592 2324 CAPUT
2632 2268 2792 2323 XLII.

2226 2382 2302 2435 De
2332 2381 2641 2435 Antichristi
2669 2382 2913 2434 (illecum.

1861 2494 2098 2549 Danielis
2138 2494 2351 2563 quidem
2392 2494 2458 2546 de
2498 2508 2560 2546 eo
2604 2493 2713 2545 haec
2756 2502 2878 2545 sunt
2912 2493 3068 2544 verba
3107 2510 3119 2545 :
3164 2493 3351 2548 \‘eniet

1790 2588 2051 2654 impostor
2097 2596 2147 2638 et
2197 2585 2589 2648 calumniator,
2643 2602 2660 2632 ε
2725 2583 2785 2636 Et
2830 2592 3045 2637 sanctos
3091 2582 3346 2637 Altissitni

1785 2687 2031 2733 conteret
2066 2693 2081 2730 :
2110 2677 2403 2745 etaputabit
2430 2677 2569 2744 quod
2602 2675 2761 2741 pttssil
2796 2681 3004 2741 mutare
3036 2674 3271 2743 tempera
3298 2685 3351 2728 ct

1787 2771 1953 2834 leges,
1981 2777 2032 2821 et
2067 2748 2346 2833 tradentur
2378 2766 2429 2816 in
2466 2779 2622 2815 manu
2661 2764 2775 2831 ejus
2814 2776 2981 2830 usque
3015 2762 3078 2815 ad
3115 2774 3345 2831 tempus,

1786 2867 1840 2912 et
1875 2867 2112 2922 tempora
2154 2865 2207 2909 et
2255 2856 2534 2907 dimidium
2581 2852 2917 2919 temporis".
2954 2872 2973 2905 ι
3023 2854 3092 2906 De
3142 2853 3349 2908 vafritie

1717 2986 1760 3043 ο
1793 2959 1968 3003 autem
2002 2948 2144 3002 illius
2173 2947 2411 3015 loquitur
2432 2945 2694 3001 Jeremiaa
2732 2963 2743 2997 :
2789 2942 3112 2997 (Clamavit
3140 2946 3346 3013 perdix,

1798 3038 2139 3109 congregavit
2170 3053 2288 3107 quae
2324 3054 2427 3090 non
2463 3039 2662 3105 peperit
2701 3053 2714 3088 :
2751 3035 2950 3089 faciens
2980 3034 3193 3088 divitias
3224 3050 3350 3090 suas

1795 3148 1897 3184 non
1943 3144 2062 3181 cum
2091 3128 2309 3197 judicio
2350 3144 2363 3180 :
2413 3129 2463 3181 in
2509 3126 2731 3180 dimidio
2776 3127 2979 3179 dierum
3027 3124 3141 3193 ejus
3182 3128 3367 3180 relin-e

1793 3232 1957 3289 quent
1984 3236 2128 3283 eum,
2154 3230 2207 3272 et
2238 3222 2288 3272 iu
2326 3218 2632 3272 novissimis
2662 3219 2772 3272 suis
2804 3217 3283 3285 erit'insipiens".
3322 3236 3338 3264 ι.

1795 3313 1936 3364 Idem
1972 3326 2182 3364 rursum
2215 3325 2229 3365 :
2271 3324 2288 3359 t
2323 3308 2645 3361 Illalcdictus
2681 3307 2871 3370 homo,
2906 3308 2993 3375 qui
3039 3306 3257 3359 confidit
3299 3306 3349 3357 in

1793 3401 2036 3473 homine,
2082 3411 2133 3453 ct
2188 3398 2333 3465 ponit
2383 3413 2596 3450 carnem
2651 3398 2927 3451 brachium
2985 3411 3174 3460 suum,
3218 3406 3271 3451 et
3324 3413 3383 3457 ap

1798 3496 2022 3549 Domino
2064 3493 2264 3545 recedit
2299 3504 2391 3543 cor
2425 3490 2560 3556 eius.
2601 3488 2714 3541 Erit
2754 3490 2894 3544 enim
2940 3487 3090 3555 quasi
3134 3488 3351 3555 myricae

1796 3588 1850 3640 in
1887 3588 2123 3647 deserto,
2157 3590 2209 3635 et
2240 3596 2343 3635 non
2377 3580 2577 3633 videbit
2606 3594 2725 3631 cum
2756 3580 2963 3631 venerit
2994 3577 3222 3643 bonum;
3258 3579 3351 3631 sed

1799 3675 2061 3732 habitabit
2089 3674 2139 3727 in
2174 3672 2415 3726 siccitate
2448 3673 2498 3723 itt
2528 3672 2758 3731 deserto,
2787 3669 2839 3721 in
2876 3670 3017 3722 terra
3042 3667 3350 3737 salsuginis.

1796 3777 1848 3822 et
1882 3763 2297 3818 inhabitabili".
2338 3779 2356 3813 ι
2406 3761 2469 3815 Et
2505 3773 2714 3814 rursum
2760 3778 2773 3813 :
2824 3776 2843 3810 ι
2887 3759 2941 3812 In
2988 3757 3077 3813 illo
3115 3768 3353 3825 tempore

1799 3860 2007 3913 dicetur
2037 3855 2231 3925 popnio
2262 3846 2386 3907 huic
2417 3862 2471 3905 et
2498 3850 2793 3905 Jerusalem
2826 3865 2844 3904 :
2876 3847 3108 3916 Spiritus
3148 3849 3352 3900 erroris

1797 3949 1851 4002 in
1899 3949 2140 4011 deserto;
2184 3943 2266 3997 via
2319 3942 2438 3995 lilia:
2480 3940 2657 4009 populi
2705 3940 2838 3999 mei.
2877 3954 2979 3993 non
3022 3938 3087 3991 ad
3129 3950 3351 4005 purum,

1801 4050 1973 4105 neque
2005 4036 2067 4088 ad
2107 4042 2379 4087 sanctum.
2414 4030 2643 4097 Spiritus
2678 4028 2984 4094 repletionis
3017 4026 3191 4079 veniet
3223 4025 3351 4078 mihi

1798 4130 1864 4184 ab
1898 4130 1999 4183 his.
2031 4127 2166 4180 Ecce
2197 4124 2346 4193 quasi
2380 4125 2547 4177 nubes
2581 4121 2854 4183 ascendet,
2882 4129 2935 4172 et
2963 4120 3115 4187 quasi
3150 4126 3352 4186 tempe-

1799 4229 2135 4285 staseurrus
2162 4213 2293 4280 ejus,
2349 4212 2640 4265 velociores
2674 4204 2867 4277 aquilis
2896 4212 3016 4276 ραιιὶ
3050 4211 3163 4275 ejus
3197 4225 3209 4259 :
3241 4222 3346 4261 vox

162 4310 362 4362 exsistet
392 4307 533 4361 {teda
564 4307 796 4361 hominis
827 4307 961 4370 lues,
989 4306 1136 4368 illex,
1161 4299 1216 4358 et
1240 4305 1517 4372 impostor,
1540 4319 1695 4371 quem
1730 4300 1771 4353 D
1800 4309 1943 4362 enim
1985 4304 2348 4359 annuntianlis
2380 4318 2408 4354 ρ
2445 4301 2556 4353 Dan
2593 4299 2851 4354 veniet”.
2888 4317 2907 4350 ο
2945 4297 3012 4351 Ει
3043 4297 3146 4350 alio
3183 4300 3297 4351 loco
3334 4314 3347 4348 :

166 4410 245 4452 vos
264 4396 535 4453 Christum
569 4407 728 4465 atque
751 4410 927 4467 regem
958 4378 1474 4465 perhibetis.Veniét
1495 4392 1692 4464 autem,

165 4501 253 4542 non
288 4500 344 4544 nt
375 4505 526 4545 meus
558 4489 813 4543 Servator
846 4497 1006 4557 atque
1035 4487 1221 4551 .Dens,
1273 4489 1595 4556 redemptor,
1625 4484 1691 4539 ac

167 4575 330 4634 salutis
370 4581 560 4633 vindex
613 4580 891 4641 humanm;
934 4581 1036 4631 ‘sed
1093 4588 1249 4641 teter,
1297 4588 1345 4630 et
1395 4578 1689 4637 infaustus,

167 4668 496 4733 calamitates,
528 4683 805 4737 angorem,
834 4669 971 4722 mala
997 4668 1197 4731 omnia,
1228 4677 1281 4720 et
1311 4667 1556 4723 miserias
1586 4676 1693 4717 tra-

170 4754 302 4813 beas.
333 4759 465 4812 Nam
503 4760 637 4812 adeo
668 4759 1075 4813 simulacrorum
1112 4758 1308 4812 cultum
1342 4772 1447 4811 non
1483 4772 1697 4825 compc-

168 4857 284 4911 κει,
309 4859 399 4903 aut
428 4852 493 4901 ad
524 4847 614 4901 Dei
652 4848 893 4902 notitiam
929 4858 1114 4917 gentes
1147 4850 1395 4909 adducet,
1426 4854 1482 4899 ut
1513 4856 1699 4900 contra

171 4943 213 4986 ct
246 4952 477 4992 errorem
523 4938 816 5005 publicare,
851 4947 904 4991 et
949 4945 1101 5005 aptos
1149 4935 1238 4989 Dei
1280 4936 1477 4989 notitiae
1515 4949 1700 4989 omnes

173 5036 358 5095 nactus,
386 5028 452 5081 ab
482 5042 544 5080 ea
578 5029 863 5082 demovere
902 5028 969 5082 sit
998 5036 1312 5085 cenaturus,
1347 5028 1697 5093 quemadmo-

232 5199 267 5229 "
289 5202 484 5255 Thrcn.
524 5216 572 5253 tv
595 5200 683 5253 II.

112 5312 113 5315 η
163 5266 213 5334 ἔξ
240 5268 403 5334 Iit-cie.
431 5286 503 5334 xI,
526 5270 579 5322 ἐξ.

276 5272 403 5336 cole.
431 5286 503 5334 ιι,
526 5270 579 5322 ‘2.
686 5271 728 5303 ⁷⁵
756 5268 935 5321 Matth.
966 5284 1109 5333 μιν,
1132 5270 1217 5322 14.

178 5332 213 5364 ’³
232 5332 346 5390 ibid.
371 5340 424 5399 5.
449 5332 499 5392 6.

574 5340 620 5371 '°
644 5339 838 5393 Jerem.
866 5352 937 5403 tv,
966 5339 1046 5402 ll,
1076 5337 1158 5390 l2.

239 5495 334 5559 (36)
368 5495 421 5546 Id
455 5502 553 5553 est.
584 5493 901 5559 evangelica:
938 5494 1190 5546 doctrinae
1218 5510 1232 5559 ;
1265 5508 1419 5546 onme
1452 5506 1623 5545 autem
1658 5492 1707 5545 id

186 5568 369 5628 letttptts
396 5570 533 5632 qqu
569 5579 597 5615 a
624 5564 859 5625 Christo,
884 5564 973 5630 qui
1002 5563 1246 5617 Mosaicis
1278 5564 1466 5616 titibtts
1494 5578 1707 5615 succes-

757 5200 802 5230 ⁶⁸
826 5200 952 5253 ibid.
978 5200 1061 5253 Μ.
1104 5199 1147 5230 θ’
1175 5200 1301 5254 ibid.
1332 5202 1413 5251 I7.
1456 5201 1500 5230 ⁷ο
1529 5200 1665 5253 I‘sal.
1694 5214 1838 5255 LXIX.
1873 5201 1918 5253 I.
1995 5201 2033 5230 ⁷¹
2062 5199 2139 5249 Tit

757 5268 935 5317 Matth.
966 5284 1108 5317 μιν.
1132 5270 1217 5317 14.
1327 5272 1372 5301 ⁷⁸
1401 5270 1502 5317 Isa.
1533 5286 1639 5317 ιη.
1661 5268 1761 5317 20:
1798 5266 1954 5317 lium.
1978 5282 2053 5317 XI.
2076 5266 2142 5317 ‘25

1327 5272 1372 5301 ⁷⁸
1401 5270 1502 5322 lsa.
1532 5286 1639 5330 th,
1661 5268 1761 5332 20;
1798 5267 1954 5320 Iiotn.
1978 5282 2053 5331 xi,
2076 5267 2164 5317 “25.

1234 5339 1274 5368 ⁸¹
1301 5336 1496 5391 Jerem.
1524 5354 1635 5402 vtn,
1664 5339 1747 5391 l6.
1821 5337 1865 5367 ⁸⁸
1888 5336 2019 5390 Gen.
2044 5348 2161 5387 χιιι

1803 4415 1823 4450 r
1857 4398 1905 4450 Α
1934 4396 2043 4452 Dan
2073 4396 2282 4449 auditus
2315 4402 2394 4447 est
2427 4391 2670 4445 fremitus
2700 4405 2957 4459 equorum
2990 4389 3127 4455 ejus,
3162 4406 3188 4440 a
3223 4404 3354 4441 vere

1795 4489 2096 4543 hinnituum
2152 4492 2507 4554 pugnatorum
2560 4482 2678 4548 ejus
2730 4489 2995 4534 commota
3045 4488 3142 4531 est.
3175 4480 3350 4531 onmis

1796 4586 1939 4633 terra
1977 4594 1990 4629 :
2023 4586 2077 4629 et
2100 4584 2359 4627 venerunt
2383 4584 2436 4626 et
2462 4574 2857 4625 devoraverunt
2890 4556 3109 4629 terram,
3139 4579 3188 4618 rt
3227 4568 3345 4634 ple-

1807 4668 2098 4723 nitudinem
2124 4665 2238 4731 eius
2265 4680 2277 4716 :
2302 4664 2485 4716 urbem
2510 4672 2561 4715 et
2586 4663 2909 4715 habitatores
2933 4660 3126 4727 ejus".
3155 4676 3173 4708 ι
3198 4656 3353 4722 Quit:-

1806 4757 2027 4810 rendum
2066 4765 2251 4805 verum
2300 4761 2401 4812 est,
2439 4765 2536 4803 cur
2580 4750 2666 4804 hic
2716 4749 2972 4816 pmphcta
3017 4745 3171 4814 huius
3216 4745 3348 4807 Dan,

1808 4861 1912 4901 non
1944 4844 2129 4907 semel,
2157 4844 2250 4895 sed
2295 4843 2376 4895 his
2410 4841 2667 4893 meminit.
2698 4838 2837 4890 Cur?
2867 4838 2938 4888 lix
2974 4836 3113 4889 tribu
3134 4832 3278 4895 Dan,
3299 4842 3352 4887 et

1801 4936 2012 4998 Judam,
2041 4943 2094 4986 et
2127 4932 2513 4985 Antichristutn
2559 4928 2881 4996 prodituros.
2913 4926 3092 4993 Itaque
3123 4923 3187 4976 de
3218 4922 3351 4974 Juda

1805 5032 1913 5082 lucc
1954 5036 2074 5077 sunt
2110 5024 2319 5078 Israclis
2355 5024 2511 5073 verba
2561 5037 2575 5074 ;
2626 5037 2643 5069 ι
2687 5018 2799 5070 Erit
2837 5018 2945 5069 Dan
2988 5014 3290 5081 serpens".
3327 5029 3347 5061 ι

2543 5194 2586 5223 ⁷¹
2614 5192 2740 5243 iltitl.
2772 5192 2859 5252 I6,“
2880 5192 2963 5244 I8.
3039 5191 3083 5222 ⁷³
3109 5191 3235 5243 iititi'.
3260 5188 3347 5241 “'29..

2801 5260 3056 5314 "lt-retu.
3086 5276 3215 5323 xvn,
3261 5261 3341 5311 ll.

1995 5201 2033 5230 '“
2062 5196 2259 5249 Tltrcu.
2287 5208 2358 5250 tv.
2384 5194 2467 5247 I7.

2262 5263 2307 5293 ’⁷
2336 5262 2469 5315 Dan.
2497 5277 2589 5324 vn,
2613 5261 2701 5313 ‘25.

1821 5337 1865 5367 ⁸⁸
1888 5336 2019 5390 Gen.
2042 5330 2183 5398 ηιξ,
2212 5330 2293 5385 Π.

1806 5493 1893 5548 sit.
1929 5498 2104 5542 manat
2145 5497 2195 5540 et
2228 5488 2481 5543 decarrit.
2518 5487 2700 5551 grati-.e
2740 5494 2965 5554 ιριιῳιις,
2992 5482 3349 5537 ecclesiastici

1806 5562 2093 5626 scriptores
2120 5572 2311 5612 vocare
2336 5556 2530 5610 solent.
