3956 6324
576 259 678 324 8'11

1759 257 2186 318 ANDRONICI
2228 255 2568 320 COMNENI

3674 264 3800 324 872

582 378 656 429 De
679 374 1013 430 Antichristo
1043 372 1230 427 scribit
1256 371 1516 426 Icrcmias
1554 387 1567 423 :
1610 391 1625 421 ι
1666 369 1774 425 Vux
1809 373 2130 425 nununtiau-
2153 381 2203 436 Α
2307 367 2400 425 Vir
2432 371 2648 439 quidam
2683 368 3050 438 Christianus,
3082 371 3396 440 parentibus
3436 379 3489 424 et
3523 373 3681 428 atavis
3709 377 3800 426 ab

577 473 649 524 tis
673 484 703 522 e
728 470 839 524 Dan
872 465 1126 520 veniet”.
1167 481 1185 516 ι

647 555 766 612 1am
799 557 864 610 de
897 554 1228 608 administris
1257 566 1474 621 quoque
1508 550 1658 606 Isaiae
1698 559 1779 605 est
1809 551 2080 606 sententia
2114 567 2128 601 :

583 668 604 701 ι
646 649 746 714 Qui
781 647 976 717 paratis
1009 645 1233 698 daamoui
1270 659 1532 705 mensam,
1561 651 1614 696 et
1642 642 1875 711 impletis
1911 640 2134 694 fortunae

577 741 870 812 potionem,
905 751 1092 791 omnes
1135 737 1184 790 iu
1217 737 1532 790 maetatione
1559 733 1834 790 cadent“.
1861 752 1881 786 ι
1919 734 1984 787 Et
2010 748 2132 787 rur-

579 847 695 886 Sum
731 848 743 882 :
785 847 802 880 ι
833 827 1300 880 Exacerhaveruut
1331 825 1586 894 Spiritum
1620 836 1892 888 sanctum;
1924 835 1976 877 et
2005 837 2131 876 cou-

527 901 532 906 ’
579 935 766 975 versus
796 926 879 972 est
906 918 982 971 eis
1003 917 1068 973 ,in
1100 915 1428 970 inimicitiam
1449 912 1517 982 τ’.
1549 930 1569 963 ι
1610 912 1682 966 De
1712 911 1928 965 interitu
1955 920 2131 990 autem

582 1013 741 1080 hujus
768 1012 1070 1080 perduellis,
1101 1009 1237 1062 idem
1273 989 1542 1064 memoria!
1575 1005 1806 1075 prodidit
1842 1021 1854 1056 :
1901 1022 1919 1054 ι
1958 1002 2012 1057 [ιι
2048 1003 2136 1056 die

581 1105 668 1157 illa
700 1104 911 1157 inducet
935 1101 1189 1155 Dominus
1215 1097 1450 1168 gladium
1504 1109 1744 1150 Sanctum
1765 1107 1816 1147 et
1841 1110 2087 1164 magnum
2117 1109 2132 1145 :

581 1207 636 1248 et
675 1195 964 1247 extendens
1007 1201 1223 1244 manum
1265 1196 1447 1242 contra
1491 1188 1797 1250 draconem,
1830 1194 2133 1254 serpentem

582 1294 915 1346 tortuosum,
971 1280 1179 1335 occidet
1233 1278 1490 1333 Dominus
1552 1288 1726 1328 cetum
1793 1275 1879 1344 qui
1946 1283 2024 1328 est
2081 1274 2131 1326 in

582 1376 712 1428 mari
732 1374 797 1429 ⁸⁸.
841 1390 859 1423 ι
909 1370 972 1424 Ει
1023 1370 1182 1424 David
1225 1369 1289 1421 de
1330 1381 1454 1422 vero
1500 1366 1715 1420 Christo
1759 1384 1772 1420 :
1821 1384 1840 1417 ι
1894 1365 2132 1420 nemini-

582 1475 800 1519 scentur
829 1474 882 1516 et
911 1469 1287 1517 convertentur
1320 1461 1385 1511 ad
1423 1458 1704 1512 Dominum
1738 1456 1971 1511 universi
2003 1455 2136 1510 lines

586 1565 742 1610 terra:
774 1573 788 1606 ε
823 1564 874 1607 et
903 1551 1194 1614 adorabunt
1224 1549 1276 1604 in
1309 1557 1595 1616 conspectu
1623 1546 1736 1614 ejus
1769 1547 2033 1601 universae
2059 1545 2138 1600 fa-

582 1646 742 1700 miliae
775 1642 1092 1714 gentium".
1130 1659 1148 1692 ι
1182 1639 1366 1694 Videte
1396 1649 1453 1693 ut
1483 1637 1683 1691 nullum
1713 1651 1932 1702 regnum
1969 1649 2136 1702 usque

581 1737 648 1789 ad
681 1715 1046 1802 exspectatum
1073 1747 1108 1788 _a
1138 1732 1288 1783 vobis
1317 1728 1516 1782 rabula:
1547 1728 1833 1798 adventum
1869 1727 2138 1793 relinque-

579 1837 686 1886 tur,
713 1825 839 1891 quiu
873 1822 1142 1876 Clnistum
1168 1836 1351 1872 verum
1387 1817 1548 1871 Deum
1581 1830 1870 1871 veneretur
1897 1836 1911 1871 :
1947 1834 1966 1867 ι
1999 1817 2132 1883 Quia

577 1915 786 1969 Domini
830 1923 913 1966 est
953 1927 1208 1981 regnum,
1243 1922 1294 1964 et
1332 1911 1444 1980 ipse
1479 1911 1843 1964 dominabitur
1875 1911 2132 1977 gentium.

567 1979 1038 2055 sManducaverunt
1108 2008 1160 2050 ct
1231 1979 1590 2050 adoraveruut
1661 2012 1848 2052 omnes
1915 1997 2137 2064 pingues

581 2066 824 2161 terrai-iu.
869 2105 890 2140 ι
945 2087 1174 2156 Pingues
1221 2085 1306 2138 hic
1355 2085 1564 2154 piorum
1616 2095 1822 2138 utentes
1873 2084 2133 2153 appellat;

575 2195 694 2247 quae
719 2188 772 2232 et
798 2179 1044 2233 volucres
1073 2186 1195 2230 sunt
1227 2177 1357 2245 (37),
1383 2177 1674 2230 secundum
1707 2176 1898 2248 legem,
1925 2175 2135 2228 virtuti-

575 2272 675 2323 bus
707 2287 722 2323 :
752 2285 868 2335 quae
897 2268 1111 2322 Chi-isto
1142 2268 1430 2334 supplices,
1463 2267 1578 2333 ejus
1611 2277 1665 2322 et
1692 2282 1907 2321 sacrum
1938 2281 2134 2334 corpus

574 2361 798 2428 epulata:
843 2369 990 2421 sunt,
1038 2370 1089 2412 et
1132 2359 1444 2427 satiguiuem
1493 2358 1766 2412 biberunt.
1826 2376 1846 2409 ι
1885 2357 1942 2410 In
2003 2372 2135 2410 con-

574 2461 756 2519 spectu
798 2449 912 2515 ejus
954 2450 1148 2504 cadent
1188 2463 1397 2512 omnes,
1423 2449 1513 2516 qui
1553 2441 1881 2502 descendunt
1923 2448 1974 2501 in
2022 2458 2132 2501 ter-

575 2542 779 2604 ram”;
817 2541 1024 2593 animos
1061 2540 1114 2592 iu
1151 2551 1348 2592 terram
1385 2539 1778 2601 descendentes
1809 2548 1985 2603 vocat,
2017 2548 2136 2591 stu-

573 2632 660 2681 dio
708 2645 908 2692 rerum,
946 2644 1062 2694 qua:
1107 2628 1331 2681 materia
1380 2628 1747 2690 continentur,
1783 2627 2008 2690 defixos,
2042 2626 2132 2696 qui

572 2732 696 2774 ante
727 2723 1014 2773 adventum
1048 2733 1262 2786 quoque
1293 2718 1520 2780 Christi,
1548 2733 1610 2771 ac
1644 2717 2001 2790 prasentiam,
2035 2731 2134 2770 suo

572 2813 725 2881 quasi
785 2813 1012 2879 quodam
1073 2809 1386 2878 praejudicio
1445 2809 1680 2863 damnati
1743 2808 2130 2863 multabuutur.

576 2920 596 2953 ι
646 2903 705 2955 Et
740 2904 918 2953 anima
954 2915 1068 2953 mea
1108 2901 1180 2954 illi
1216 2902 1377 2962 vivet,
1410 2911 1461 2953 et
1496 2916 1679 2954 semen
1718 2916 1892 2955 meum
1936 2901 2135 2955 serviet

571 2994 671 3064 ipsi
690 2992 756 3045 “.
791 3011 810 3043 ι
851 2992 1114 3046 Cuinam?
1152 2989 1345 3045 Geuito
1385 3006 1450 3046 ex
1490 3002 1643 3046 utero
1680 3001 1804 3046 ante
1843 2991 2122 3046 luciferum

572 3083 667 3137 Dei
719 3083 891 3148 Filio;
940 3083 1027 3151 qui
1079 3088 1144 3136 ad
1198 3093 1496 3137 extremum
1555 3084 1864 3137 incarnatus
1923 3093 2006 3138 est
2057 3099 2122 3137 ex

573 3172 790 3243 Virgine
826 3190 842 3226 :
881 3189 1012 3236 non,
1041 3174 1276 3243 inquam,
1309 3175 1506 3228 serviet
1539 3175 1719 3228 anima
1748 3188 1866 3228 mea
1899 3174 1971 3227 illi
2000 3175 2131 3229 diris

573 3265 767 3319 (levato
809 3266 1106 3332 impostori,
1142 3279 1298 3333 quem
1346 3265 1522 3318 medio
1560 3263 1676 3333 ejus
1721 3274 1959 3332 tempore
1999 3279 2126 3334 pru-

572 3356 760 3410 dentes
794 3355 1119 3424 relinquent,
1145 3357 1344 3426 egregii
1378 3356 1631 3410 facinoris
1663 3357 1940 3426 praemium
1974 3369 2132 3410 coru-

567 3460 668 3500 uas
691 3446 742 3498 in
771 3447 912 3501 εωιο
938 3448 1228 3515 accepturi.

1126 3580 1353 3637 CAPUT
1393 3580 1576 3636 XLIII.

1056 3713 1132 3766 De
1166 3715 1449 3783 imaginum
1484 3717 1650 3770 cultu.

643 3821 736 3876 His
767 3833 819 3875 et
853 3821 1115 3877 similibus
1152 3823 1216 3877 de
1238 3825 1450 3889 .causis,
1488 3841 1594 3880 non
1631 3827 1954 3892 idololatria,
1984 3831 2127 3899 quod

570 3914 927 3978 existimatis,
965 3915 1243 3978 obeunda,
1280 3916 1373 3968 sed
1427 3917 1511 3984 pie
1558 3918 1878 3988 imaginibus
1924 3921 2125 3975 cultum

568 4013 916 4072 praestamus;
965 4013 1044 4056 est
1090 4005 1266 4067 enim,
1323 3994 1499 4073 inquit
1547 4006 1745 4072 David,
1791 4025 1810 4059 ι
1869 4008 2128 4064 Mirabilis

575 4092 715 4148 Deus
766 4093 816 4146 in
867 4096 1065 4148 sanctis
1107 4094 1301 4148 suis".
1342 4114 1361 4147 ι
1401 4093 1467 4148 Et
1507 4111 1524 4149 :
1577 4114 1596 4147 ι
1640 4096 1738 4162 Qui
1783 4101 2009 4152 oderunt
2053 4110 2125 4164 te,

572 4184 816 4250 Domine,
851 4187 1093 4248 oderam,
1125 4197 1178 4239 et
1221 4200 1382 4254 super
1424 4187 1671 4242 inimicos
1714 4198 1834 4244 tuos
1881 4191 2125 4244 tabesce-

573 4272 692 4326 bam
710 4272 777 4326 ".
808 4290 826 4323 ι
861 4271 992 4326 Nam
1029 4283 1085 4326 ut
1116 4275 1218 4326 Deo
1244 4270 1719 4344 charos‘amplecli
1747 4287 1798 4331 et
1823 4273 2002 4331 colere
2029 4293 2126 4347 par

2237 461 2408 528 stirpe
2461 461 2757 529 religiosis,
2802 463 3049 532 proxime
3093 462 3395 516 Judaormu
3454 462 3795 532 Synagogaur

2239 550 2539 617 habitabat,
2573 552 2843 622 praecipuo
2887 562 3138 622 tanquam
3180 553 3503 621 patrimonio
3546 556 3799 620 allectus,

2237 642 2509 711 descripta
2553 645 2605 697 in
2653 645 2833 698 tabula
2872 643 3143 698 Dmninica
3178 643 3348 714 cﬂigie
3385 646 3475 700 Dei
3510 657 3563 700 et
3596 645 3801 703 Serva-

2239 732 2374 788 toris
2417 731 2472 786 in
2519 733 2782 788 vividi-am
2823 748 3036 788 crucem
3084 734 3277 798 sullixi,
3310 750 3426 802 quae
3466 737 3565 790 sub
3601 738 3801 790 adium

2238 833 2381 878 tecto
2425 823 2672 879 sublimis
2721 824 3005 894 pendebat.
3037 824 3160 878 Inde
3204 840 3322 877 cum
3367 827 3651 894 aliquando
3692 827 3804 880 nii-

2236 927 2397 981 grare
2430 927 2568 981 opus
2604 913 2847 977 haberet,
2878 924 3157 983 exportata
3192 915 3392 981 reliqua
3429 916 3576 969 omni
3612 917 3799 983 supel-

2238 1003 2438 1067 lectile,
2472 1002 2691 1056 unicum
2738 1002 2882 1056 illum
2929 1004 3167 1058 divinum
3216 1004 3523 1057 thesaurum
3568 1004 3798 1075 efﬁgiem

2240 1095 2568 1160 Servatoris,
2605 1094 2789 1149 nescio
2830 1096 2990 1166 unde,
3022 1106 3075 1148 et
3106 1110 3213 1164 quo
3249 1098 3425 1159 modo,
3462 1096 3638 1150 divina
3670 1097 3802 1166 qui-

2239 1188 2356 1240 dem
2393 1196 2541 1241 certe
2572 1188 2967 1254 procuratione,
3000 1186 3195 1241 oblitus
3223 1186 3530 1253 reliquerat.
3560 1185 3635 1238 Ita
3660 1186 3804 1238 emi-

2238 1287 2427 1344 graute
2473 1277 2594 1343 pio,
2634 1276 3261 1345 extemplorimmigraus
3303 1275 3552 1355 ludens,
3597 1276 3803 1342 aliquot

2240 1379 2358 1436 post
2407 1369 2598 1422 diebus
2645 1383 2826 1421 mensa
2880 1368 3135 1427 instructa
3183 1372 3435 1435 upipara,
3475 1382 3797 1438 congregem

2237 1456 2485 1512 Judaum
2521 1458 2585 1510 ad
2622 1458 2925 1511 convivium
2959 1468 3133 1510 vocat.
3167 1457 3281 1523 Quo
3317 1471 3603 1524 prarsentr,
3633 1458 3798 1512 simul

2241 1552 2402 1602 ambo
2445 1546 2547 1601 izeti
2599 1546 2802 1614 epulari
2849 1563 2864 1601 :
2912 1562 3140 1615 etnnquc
3187 1547 3462 1615 epulantes
3511 1563 3605 1615 per
3647 1557 3798 1602 toros

2243 1639 2675 1701 discumberent,
2726 1651 2979 1697 vocatus.
3026 1649 3078 1690 ut
3133 1653 3246 1690 mos
3297 1649 3406 1702 est,
3451 1638 3800 1692 [ειυιὶιὶμι-ιιιιιε

2170 1711 2211 1766 Β
2241 1728 2411 1781 oculis
2441 1728 2492 1780 in
2549 1738 2746 1782 tectum
2781 1728 3046 1792 sublatus,
3093 1729 3250 1782 amici
3285 1731 3496 1784 domum
3535 1731 3799 1784 curiusius

2242 1821 2722 1886 circumspectare;
2755 1829 2805 1873 et
2833 1820 2946 1873 acie
2977 1822 3026 1873 in
3057 1821 3340 1888 imaginem
3371 1822 3608 1888 cunjecta
3629 1857 3644 1884 ,
3673 1837 3796 1874 eum

2240 1924 2380 1974 esse,
2407 1923 2564 1978 quem
2608 1911 2840 1978 majores
2883 1911 2933 1964 in
2972 1928 3186 1966 crucem
3223 1912 3460 1980 egissent
3492 1923 3792 1981 perspecto,

2240 2013 2545 2068 quanquam
2594 1998 2790 2053 efferus
2829 1999 2979 2068 jam,
3018 2013 3071 2056 et
3119 2003 3171 2057 in
3225 2004 3472 2057 tetricum
3527 2013 3791 2062 mutatus.

2241 2089 2406 2141 sectis
2438 2103 2572 2157 pene
2601 2104 2663 2143 ac
2699 2093 2866 2160 ruptis
2898 2092 3090 2157 ilibus,
3109 2103 3297 2150 tamen
3326 2113 3392 2149 ne
3419 2095 3594 2150 amico
3621 2093 3792 2161 palam

2240 2175 2414 2241 fieret,
2446 2178 2637 2230 iterum
2677 2177 2918 2233 laetitiam
2963 2183 3173 2237 mentiri
3221 2194 3272 2235 et
3315 2184 3531 2252 fingere.
3558 2182 3790 2237 Tandem

2240 2264 2508 2332 impotens
2541 2264 2644 2329 sui,
2674 2278 2725 2318 et
2761 2267 2837 2320 ira
2870 2269 3061 2333 victus,
3095 2271 3235 2337 quod
3269 2273 3526 2325 hactenus
3555 2273 3792 2325 contine-

2239 2352 2349 2419 bat,
2377 2355 2587 2420 aperire
2627 2371 2886 2412 arcanum
2922 2376 2936 2412 :
2976 2374 3169 2435 vocare
3211 2360 3498 2427 hominem,
3530 2373 3580 2416 et
3615 2363 3790 2416 divina

2237 2441 2411 2510 eﬂigie
2465 2445 2632 2512 digito
2694 2454 2943 2511 ostensa,
2995 2463 3181 2518 rogare
3239 2450 3392 2518 cujus
3448 2452 3786 2508 SIIHIIIIt‘fIIII

2237 2541 2400 2596 esset,
2426 2548 2494 2588 an
2543 2549 2645 2589 non
2692 2535 2974 2601 Nazareni,
3007 2553 3073 2591 an
3119 2554 3222 2594 non
3261 2538 3488 2606 Galilei,
3517 2557 3583 2595 an
3624 2559 3730 2596 non
3763 2557 3788 2596 a

2240 2624 2533 2693 majoribus
2573 2627 2715 2680 cruci
2762 2627 2940 2681 anisi?
2980 2629 3128 2684 Itane
3168 2631 3328 2685 vero?
3385 2635 3577 2705 inquit,
3629 2637 3791 2689 versi-

2239 2716 2414 2783 peliis,
2440 2718 2530 2782 qui
2563 2719 2661 2771 hoc
2691 2718 2806 2772 loco
2832 2720 2928 2784 sis,
2959 2722 3315 2776 Christianam
3345 2740 3558 2795 quoque
3588 2727 3790 2796 religio-

2239 2816 2356 2855 nem
2389 2803 2574 2856 colas?
2603 2804 2695 2858 Ille
2722 2805 2876 2874 inops
2906 2808 3137 2871 consilii,
3166 2825 3226 2864 ea
3251 2813 3462 2880 quidem
3493 2814 3571 2868 sic
3599 2815 3789 2871 habere

2239 2891 2418 2959 fateri,
2452 2903 2705 2949 caeterum
2741 2895 3141 2953 Christianismi
3177 2903 3382 2956 crimen
3416 2903 3516 2958 sibi
3553 2905 3789 2960 conscire

2243 2982 2475 3049 nullum;
2503 2983 2614 3052 jam
2644 2986 2768 3042 inde
2794 3002 2823 3040 a
2850 2990 3086 3058 proavis,
3107 3003 3161 3044 ut
3184 2992 3293 3060 ipse
3317 3003 3515 3061 nosset,
3530 2994 3785 3060 Iudicum,

2232 3082 2286 3125 et
2312 3073 2558 3129 Μοδειὶοω
2587 3075 2686 3146 legi
2711 3077 2794 3132 vel
2820 3080 2872 3133 in
2899 3080 3164 3136 lanienam
3190 3083 3480 3139 addictum.
3507 3086 3787 3156 Postqmru

2234 3178 2359 3217 vero
2408 3167 2653 3221 oratione
2703 3183 2808 3223 non
2862 3171 3169 3238 persuadet,
3207 3173 3273 3228 ad
3324 3191 3516 3244 preces
3564 3178 3786 3247 denique

2231 3268 2534 3311 conversus
2573 3258 2852 3324 obtestari,
2885 3276 2951 3317 ne
2990 3263 3284 3335 Synagogze
3325 3267 3664 3336 patefaceret,
3695 3270 3785 3327 sui

2232 3345 2335 3402 sibi
2379 3347 2479 3401 soli
2527 3349 2775 3406 haberet.
2809 3350 3087 3409 Pollicitus
3120 3371 3270 3426 ergo,
3300 3358 3391 3411 sed
3425 3357 3551 3416 dolo
3582 3369 3636 3415 et
3663 3373 3783 3432 per-

2225 3439 2394 3508 jurio,
2425 3441 2536 3496 abit
2566 3443 2711 3508 inde,
2740 3454 2884 3500 recta
2911 3447 2976 3501 ad
3011 3446 3345 3520 Synagogam
3375 3463 3642 3522 properat,
3666 3468 3780 3525 qua

2229 3540 2285 3585 et
2315 3534 2611 3602 cujusmodi
2646 3550 2755 3604 qua
2783 3537 2996 3605 viderit,
3031 3554 3133 3608 qua
3166 3540 3381 3607 dixerit,
3413 3553 3676 3602 recenset.
3701 3542 3776 3601 illi

2230 3621 2297 3677 iis
2328 3624 2544 3690 auditis,
2577 3624 2850 3681 furibundi
2888 3629 2952 3682 ad
2985 3629 3125 3684 aedes
3155 3645 3184 3683 e
3218 3631 3441 3699 vestigio
3474 3634 3774 3690 convolant.

2234 3709 2335 3768 ι]ϋὶ
2387 3730 2506 3784 quae
2560 3715 2964 3783 intellexerant,
3013 3735 3136 3774 vera
3195 3722 3402 3788 vident,
3449 3723 3687 3792 homini,
3728 3734 3780 3780 ut.

2231 3805 2543 3860 Christiano
2587 3809 2816 3874 scilicet,
2850 3808 3099 3875 illudunt,
3130 3821 3182 3866 et
3218 3812 3604 3871 subsannatum
3644 3827 3776 3873 etum

2231 3899 2471 3966 exigunt,
2493 3913 2555 3952 ac
2579 3901 2943 3967 proscribunt.
2963 3900 3128 3956 Porro
3148 3911 3348 3970 autem,
3365 3920 3484 3975 qua:
3504 3905 3557 3960 in
3579 3922 3776 3962 sacram

2228 4002 2291 4042 ac
2330 3989 2560 4042 divinam
2607 3989 2830 4057 eiiigiem
2876 3992 3186 4058 moliuntur,
3222 3995 3346 4062 quis
3383 3999 3497 4052 sine
3541 3996 3777 4070 lacryaiit

2229 4079 2450 4134 narret?
2501 4080 2783 4150 Dercptam
2833 4082 2887 4136 in
2936 4083 3126 4153 primis
3179 4085 3325 4139 humi
3375 4086 3621 4157 alIIguut;
3675 4098 3775 4144 tum

2229 4169 2425 4243 quibus
2464 4168 2725 4238 exemplis
2761 4171 2993 4240 majores
3028 4174 3194 4227 vestri
3236 4190 3409 4243 meum
3442 4173 3660 4244 Iesum,
3690 4178 3774 4233 iis-

2227 4261 2460 4329 demque
2510 4261 2650 4330 ejus'
2680 4262 3032 4317 simulacrum
3083 4265 3358 4336 accipiunt
3407 4283 3424 4325 :
3479 4268 3773 4339 imputant,

572 4370 678 4425 est,
705 4361 776 4415 ita
812 4361 1033 4417 infestos
1065 4366 1300 4417 aversari
1335 4373 1388 4418 et
1418 4365 1617 4421 odisse.
1641 4366 1729 4420 Ait
1758 4367 1952 4437 quippe
1982 4369 2119 4424 idem

2233 4367 2432 4421 pugnos
2473 4361 2527 4406 et
2562 4352 2748 4421 alapas
2794 4353 3065 4422 ingerunt,
3098 4367 3431 4424 scurrantur,
3461 4357 3528 4413 fel
3567 4367 3620 4415 et
3661 4374 3773 4416 aer

577 4451 843 4521 Pmpheta
891 4468 904 4505 :
956 4471 973 4503 ι
1024 4454 1152 4508 Mihi
1195 4464 1375 4509 autem
1423 4456 1581 4511 nimis
1623 4457 1956 4514 honorificati
2001 4468 2126 4518 sunt

568 4545 727 4598 amici
762 4544 854 4609 tui,
887 4545 1108 4598 Deus“.
1144 4563 1164 4597 ι

1122 4678 1349 4734 CAPUT
1387 4679 1570 4736 XLIV.

567 4787 822 4858 Exempla
890 4789 993 4844 duo
1055 4793 1656 4914 perﬁdisehriﬁpidworum
1722 4797 1776 4851 in
1843 4798 2125 4852 imaainem

1242 4880 1450 4916 unum.

634 4975 815 5045 Beryti
855 4972 939 5043 (ea
979 4973 1108 5028 urbs
1142 4985 1223 5028 est
1259 4991 1363 5030 non
1401 4978 1587 5046 procul
1622 4979 1689 5033 ab
1719 4979 1911 5034 illustri
1936 4981 2125 5034 Antio-

565 5066 710 5133 chia)
762 5065 866 5119 tale
914 5066 1183 5134 quoddam
1233 5068 1471 5125 insolens
1517 5071 1830 5125 miraculqu
1879 5073 2122 5141 contigit,

565 5156 865 5224 voluptatis
900 5158 1232 5229 terrorisque
1266 5160 1502 5226 plenum,
1531 5173 1584 5217 et
1613 5164 1752 5232 quod
1788 5164 1974 5219 referri
2013 5178 2123 5217 me-

564 5257 713 5301 reatu
723 5264 766 5303 Γ.

639 5428 684 5461 ³⁸
709 5427 906 5482 Jerem.
930 5448 1002 5491 ιν,
1028 5433 1112 5486 l5.
1187 5430 1232 5462 ⁸⁸
1257 5431 1357 5484 Isa.
1384 5448 1504 5495 va,
1532 5433 1617 5487 li.

569 5498 617 5531 ⁸⁵
640 5499 770 5555 ibid.
845 5502 889 5531 ⁹⁰
914 5503 1042 5556 ibid.
1070 5502 1157 5556 51.

1693 5433 1738 5465 ⁸⁸
1765 5433 2151 5500 Isa.1.un,jO.

1235 5501 1274 5532 "
1303 5503 1444 5558 Psal.
1470 5518 1631 5569 uin,
1656 5503 1743 5557 56.
1819 5506 1863 5536 ⁸³
1886 5506 2028 5560 Psal.
2057 5523 2280 5574 xxxvm,
2303 5509 2389 5562 il.

2231 4452 2340 4495 tum
2373 4441 2679 4511 propinant.
2706 4441 2907 4498 Aderat
2935 4446 3181 4517 spongia,
3212 4462 3309 4502 nec
3341 4448 3524 4504 deerat
3552 4449 3770 4507 arundo.

2229 4531 2408 4586 Clavis
2436 4547 2628 4588 manus
2673 4533 2942 4604 pedesque
2971 4535 3189 4606 alligth
3221 4541 3416 4610 (neque
3443 4541 3586 4595 enim
3617 4558 3646 4595 ιι
3674 4540 3770 4595 cla.

2231 4624 2313 4676 vis
2343 4621 2689 4693 abstinetur),
2723 4624 2892 4692 spinis
2917 4636 3198 4694 coronant,
3232 4627 3383 4682 hasta
3417 4643 3447 4683 e
3478 4629 3643 4685 latere
3659 4631 3768 4702 (heu

2233 4711 2566 4783 proﬂigatam
2609 4714 2661 4768 in
2712 4716 2968 4772 extremis
3016 4717 3293 4776 audaciam
3318 4717 3355 4790 i)
3388 4720 3699 4791 sanguinem
3723 4729 3770 4775 et

2231 4818 2427 4870 aquam
2461 4805 2695 4873 prolicit,
2726 4821 2845 4874 quae
2876 4822 2960 4861 res
2996 4807 3208 4862 Christo
3240 4810 3441 4864 cultum
3474 4826 3536 4865 ac
3567 4808 3772 4868 celeiub

2229 4904 2390 4950 tatem
2429 4897 2659 4966 paravit.
2692 4897 2828 4951 Nam
2872 4908 3161 4967 conspecto
3203 4899 3392 4970 grandi
3433 4911 3485 4955 et
3521 4901 3771 4958 horrendo

2229 4986 2511 5051 miraculo,
2543 4997 2825 5056 postquam
2856 4989 3202 5058 scaturiginis
3233 4990 3470 5059 pericqu
3499 4990 3665 5058 facto,
3689 5005 3771 5046 ex-

2227 5078 2447 5145 plorata:
2474 5078 2633 5138 lldem
2666 5094 2749 5133 res
2778 5079 2972 5145 fecere,
2997 5080 3185 5134 morbo
3212 5081 3354 5134 omni
3389 5089 3546 5152 atque
3569 5083 3768 5154 aegritu-

2231 5171 2356 5225 dine
2391 5173 2649 5235 curanda,
2679 5179 2732 5226 et
2762 5171 3062 5226 dzcmonum
3101 5181 3272 5225 turma
3309 5176 3492 5241 procul
3530 5175 3764 5234 arcenda.

2234 5260 2287 5314 iu
2335 5260 2622 5329 fugamque
2658 5261 2934 5328 vertenda,
2969 5270 3078 5316 toto
3123 5261 3322 5331 animo,
3352 5271 3461 5319 tota
3501 5273 3678 5321 mente
3711 5263 3767 5318 ad

2260 5439 2303 5469 ⁸⁸
2329 5438 2433 5493 Isa.
2457 5454 2623 5503 xxvn,
2649 5441 2699 5495 I.

2794 5444 2838 5475 ⁸⁷
2859 5443 3002 5501 Psal.
3029 5461 3139 5515 ut,
3162 5446 3254 5503 28.

2467 5511 2512 5540 "
2533 5511 2660 5565 ibid.
2688 5513 2774 5568 17.

3355 5446 3402 5480 ⁸⁸
3425 5446 3555 5506 ibid.
3575 5447 3667 5518 29,
3687 5447 3763 5506 50.

642 5632 754 5706 ('57)
795 5637 1014 5709 Alludit,
1047 5641 1256 5709 opinor,
1286 5641 1353 5697 ad
1393 5642 1511 5702 lsai.
1545 5659 1633 5714 ιρι,
1666 5644 1718 5703 8.
1755 5643 1886 5703 Vide
1919 5646 2244 5717 Nyssenum,
2276 5647 2347 5704 De
2373 5649 2687 5719 virginitate,
2712 5666 2829 5723 cap.
2858 5653 2942 5710 18.
