3956 6324
24 80 684 330 ,π

90 432 200 494 873

1168 436 1555 500 DIALOGUS
1584 435 1886 497 CONTRA
1919 439 1948 500 J
1960 439 2243 500 UDEOS.

3217 444 3320 503 8⁸74

72 541 363 598 Christum
397 544 609 609 mutati,
640 544 904 614 quasique
939 542 1238 610 reformati,
1272 561 1433 602 sacro
1476 545 1653 616 bapti-
1683 547 1729 606 Α
1768 542 1906 600 Vere
1944 548 2108 612 enim,
2143 550 2230 616 qui
2275 548 2452 602 animo
2491 548 2558 603 ad
2599 547 2988 619 primogenium
3028 551 3315 618 exemplar,

70 647 197 687 suto
224 645 364 688 sunt
391 634 591 691 allecti.

146 744 309 798 Talia
346 753 470 798 sunt
501 742 712 798 Domini
748 742 874 798 Iesu
933 731 1132 799 Christi
1167 744 1443 800 hominum
1476 757 1662 798 aman-

79 833 313 898 tissimi,
343 831 647 903 Unigeniti,
675 831 855 890 Patris
890 833 1070 900 Verbi,
1103 833 1303 902 majora
1335 834 1659 905 cogitatione

767 943 782 982 :
829 935 1108 996 tantopere
1151 926 1219 981 de
1262 927 1516 995 ﬁgmento
1558 939 1659 980 suo

76 936 241 994 atque
292 925 479 981 verbis
521 941 718 982 arcana

74 1018 372 1082 milicitus,
405 1021 678 1076 neminem
711 1021 821 1074 vult
847 1020 1065 1091 perire,
1102 1020 1194 1075 sed
1229 1033 1412 1074 omnes
1448 1019 1512 1073 ad
1546 1019 1656 1073 veri

75 1108 455 1172 cognitionem
485 1111 695 1166 venire.
726 1112 901 1180 Atque
921 1101 1274 1180 haecquidem
1307 1108 1512 1179 Beryti.

148 1197 345 1254 Nefas
371 1215 500 1256 vero
541 1203 614 1256 sit
657 1203 882 1257 alterum
921 1202 1406 1269 Constantinopoli,
1442 1202 1652 1256 urbium

84 1290 318 1355 reginae,
343 1292 666 1349 miraculum
693 1282 906 1349 silentio
929 1295 1227 1364 praeterire,
1245 1308 1366 1347 cum
1390 1295 1654 1363 superiori

81 1388 300 1432 narratu
338 1381 509 1436 nihilo
539 1384 608 1438 sit
635 1384 891 1440 deterius.
915 1383 974 1438 lu
1004 1392 1230 1454 augusto
1256 1393 1309 1435 et
1333 1381 1477 1436 fama
1513 1384 1650 1439 cele-

87 1471 159 1522 bri
191 1468 290 1523 Dei
326 1469 620 1540 Sapientiae
652 1475 850 1544 templo
881 1475 945 1546 (si
982 1476 1235 1545 templum
1262 1486 1346 1531 est
1369 1478 1654 1530 nominan-

79 1562 226 1624 dum,
255 1575 328 1614 ac
359 1577 466 1616 non
495 1567 682 1634 potius
712 1566 937 1619 alterum
967 1567 1018 1619 iu
1049 1575 1190 1622 terra
1219 1567 1436 1636 cretum)
1467 1579 1654 1635 puteus

83 1656 184 1712 est,
208 1649 308 1717 qui
340 1649 487 1705 aliud
521 1652 678 1717 nihil,
703 1669 862 1722 quam
894 1657 1034 1723 quod
1065 1658 1177 1720 est,
1197 1665 1388 1723 puteus
1416 1658 1607 1711 dicitur
1637 1677 1650 1711 :

84 1738 462 1806 cpistomidem
505 1743 687 1806 ferens
733 1746 874 1813 ejus,
906 1746 972 1801 ad
1015 1761 1172 1815 quem
1221 1748 1497 1814 sapientiae
1534 1764 1655 1817 pro-

89 1831 334 1897 fundum,
373 1833 793 1891 immortalitatis
822 1837 968 1901 'i'ons,
1001 1839 1349 1906 providentia:
1389 1839 1651 1893 infinitum

1766 649 1870 690 non
1905 637 2269 692 adtincturas
2301 652 2363 694 ac
2397 639 2605 696 colores
2643 648 2940 703 intuentur,
2968 655 3153 694 verum
3199 653 3319 696 aute

1767 729 1961 783 saecula
2001 737 2054 782 et
2090 729 2526 798 inaspectabiiem
2565 729 2729 786 Deum
2759 743 3104 786 venerantur.
3137 729 3320 801 Itaque

1765 818 1996 886 majores
2033 822 2206 874 nostri
2249 821 2558 875 cherubinis
2598 835 2663 875 ex
2709 836 2839 876 auro
2865 821 3044 876 nobili
3095 822 3317 875 materie

1761 912 2132 975 conformatis,
2176 912 2315 966 haud
2362 915 2605 983 equidem
2653 928 2840 966 aurum
2883 915 3183 982 coluerunt,
3223 917 3317 970 sed

1759 1001 2107 1068 cherubinos,
2141 1017 2275 1070 quos
2324 1011 2380 1055 ut
2423 1004 2660 1057 sanctius
2693 1003 2985 1057 sacrarium
3017 1005 3315 1072 cingerent,

1759 1091 2056 1148 illuxerunt.
2087 1095 2162 1147 Ac
2190 1095 2256 1148 de
2287 1093 2609 1162 imaginibus
2634 1095 2848 1162 quidem
2875 1094 3150 1163 praeclare.

1831 1201 2185 1268 Quamobrem
2213 1217 2344 1258 vero
2372 1203 2783 1258 circumcisione
2813 1204 3109 1270 repudiata,
3141 1202 3315 1270 bapti-

1761 1303 1908 1366 zatos
1938 1310 2058 1348 cum
2091 1294 2197 1348 Deo
2223 1296 2534 1348 societatem
2563 1293 2884 1348 contrahere
2909 1292 3234 1361 perhibetis?

1825 1411 2042 1463 Cnrus'r.
2076 1407 2152 1464 De
2194 1409 2600 1462 circumcisione
2650 1408 2824 1472 multa,
2871 1406 3060 1470 locuti,
3092 1416 3146 1461 et
3186 1422 3320 1476 quo—

1756 1504 1915 1558 modo
1952 1518 2067 1554 eam
2111 1501 2455 1570 repudiemus
2491 1503 3024 1567 demonstrato,non
3061 1509 3142 1564 est
3176 1500 3316 1567 quod

1755 1596 1822 1648 de
1851 1610 1913 1648 eo
1943 1609 2157 1648 rursum
2185 1592 2498 1649 referamus.
2569 1592 2640 1644 De
2692 1590 2962 1659 baptismo
3012 1605 3139 1644 vero
3178 1591 3317 1660 agite

1755 1684 2017 1752 prolixius
2059 1683 2421 1744 disseremus,

2325 1815 2550 1870 CAPUT
2589 1814 2749 1869 XLV.

87 1921 336 1990 pelagus,
388 1923 772 1981 Samaritidem
823 1927 1118 1993 allocutus,
1170 1944 1364 1998 aquam
1413 1930 1653 1984 consulto

1761 1914 1831 1967 De
1856 1915 2111 1981 ὺηριὶδηιν
2133 1914 2552 1967 Christianorum
2578 1923 2626 1966 et
2650 1913 2760 1981 ejus
2787 1929 2900 1965 cum
2924 1912 3320 1965 circumcisione

86 2013 322 2078 (elebat,
359 2017 450 2085 qui
501 2033 620 2071 eam
663 2019 822 2073 vellet
864 2019 928 2072 ad
980 2017 1075 2073 Dei
1124 2021 1324 2075 notitiae
1371 2021 1542 2073 vivam
1593 2037 1655 2075 ac

89 2107 472 2162 scaturientem
514 2123 710 2178 aquam
764 2096 1064 2176 traducer'e,
1097 2121 1150 2165 et
1196 2111 1350 2180 quasi
1393 2113 1652 2170 derivare.

95 2190 164 2249 Eo
214 2195 434 2265 piorum
493 2197 778 2254 multitudo
833 2197 1167 2263 conﬂuebat,
1224 2200 1436 2254 insitam
1485 2198 1537 2251 in
1593 2213 1657 2252 eo

93 2297 296 2341 sacram
334 2287 440 2342 vim
467 2290 810 2359 percepturi;
841 2299 894 2346 et
923 2290 1083 2346 simul
1108 2292 1199 2360 qui
1231 2305 1390 2358 supra
1421 2289 1655 2344 orienta-

96 2373 188 2429 lem
220 2387 434 2446 portam
471 2379 803 2452 descriptum
837 2381 892 2436 in
929 2381 1128 2448 tabula,
1165 2391 1220 2436 et
1257 2380 1400 2436 velut
1434 2381 1654 2436 dedica-

98 2475 201 2520 tum
229 2469 455 2538 pictoris
487 2487 646 2526 manu
673 2471 1014 2527 Dominicum
1040 2462 1387 2526 simulacrum
1415 2472 1654 2525 venerari

96 2561 504 2626 contenderent,
524 2577 632 2632 quo
662 2563 879 2618 nomine
905 2563 1076 2632 magis
1104 2563 1263 2617 etiam
1294 2560 1652 2617 conﬂuebant.

103 2645 307 2706 ludens
335 2666 468 2706 vero
499 2649 741 2721 quidam,
767 2653 946 2708 nescio
973 2653 1266 2724 quomodo,
1292 2650 1401 2706 Deo
1429 2664 1575 2706 certe
1604 2651 1655 2704 id

105 2749 313 2807 agente,
357 2751 416 2795 et
463 2741 595 2821 ipse
629 2743 882 2811 templum
933 2743 1240 2812 ingressus‘,
1277 2739 1655 2796 venerabundo

109 2830 238 2885 omni
288 2842 434 2886 (retu
488 2844 811 2902 conspecto.
860 2834 1058 2889 invidia
1110 2845 1316 2898 tactus,
1357 2843 1413 2888 et
1460 2833 1656 2902 quibus

111 2931 274 2986 natus,
309 2935 360 2976 et
407 2939 512 2991 qua
562 2927 814 2992 Opinione
865 2925 1003 2979 foret
1048 2925 1278 2996 prodere
1327 2925 1652 2980 stimulatur.

111 3013 236 3081 Quis
285 3015 426 3070 adeo
471 3017 647 3084 prodit
697 3033 932 3087 quoque.
980 3015 1112 3069 Nam
1161 3015 1381 3070 cateris.
1418 3029 1448 3068 a
1494 3025 1656 3081 puteo

116 3102 535 3171 discedentibus,
569 3107 718 3172 solus
760 3108 1030 3170 occultum
1077 3107 1358 3162 transitum
1399 3107 1654 3172 rimatus,

113 3207 373 3266 postquam
415 3213 444 3250 a
489 3214 654 3268 scopo
697 3215 800 3254 non
845 3199 1136 3262 aberravit,
1169 3197 1512 3253 securitatem
1557 3212 1656 3251 na-

115 3278 240 3350 ctus,
272 3287 460 3353 irruit,
497 3299 550 3343 et
593 3290 954 3359 sanguinariis
998 3283 1198 3354 oculis,
1232 3289 1446 3351 animo,
1477 3295 1654 3342 monte

117 3371 305 3440 igneum
349 3379 584 3441 intuens,
621 3379 796 3448 ignem
841 3379 1074 3447 spirans,
1103 3388 1342 3449 sustento
1383 3381 1437 3431 in
1484 3385 1652 3442 tuam,

119 3475 293 3520 aeterne
324 3466 465 3532 Rex,
497 3470 780 3535 imaginem
816 3468 986 3523 cultro
1047 3467 1188 3522 ferit.
1219 3466 1373 3523 Unde
1410 3468 1654 3523 insolenti

123 3555 358 3614 miraculo
401 3560 678 3630 sanguinis
719 3559 834 3612 rivo
877 3559 1172 3629 depluente,
1204 3568 1254 3612 et
1291 3572 1572 3627 percussor
1603 3567 1658 3612 et

119 3643 332 3702 divinum
380 3649 552 3706 solum
599 3660 967 3704 cruentantur.
1003 3648 1095 3703 ille
1135 3649 1356 3713 factum,
1390 3651 1654 3716 ut’opor-

127 3738 271 3801 lebat,
302 3757 408 3794 non
444 3743 764 3811 recogitans,
797 3741 888 3794 sed
923 3750 1111 3794 contra
1147 3741 1319 3807 magis
1353 3739 1653 3808 perfurens,

130 3827 400 3885 detractam
433 3833 740 3901 imaginem,
767 3831 926 3884 inﬁxo
953 3831 1124 3883 adhuc
1149 3830 1410 3893 cultro,.iu
1442 3822 1652 3899 puteum

135 3923 406 3990 ttcttrrrgit,
446 3923 560 3990 ipse
602 3935 702 3988 qua
751 3923 906 3988 pedes
937 3920 1213 3982 .iercbant,
1253 3922 1371 3974 inde
1410 3920 1659 3989 aufugit,-

135 4005 278 4064 latere
316 4026 640 4082 ιιι-θρωπε,
671 4022 728 4065 ιιι
765 4013 998 4080 putabat.
1033 4010 1225 4065 Verum
1262 4010 1352 4079 qui
1394 4011 1657 4078 sapientes

125 4111 206 4152 tua
247 4104 479 4170 ipsorum
527 4104 817 4156 calliditate
858 4106 1021 4172 capit,
1056 4102 1211 4171 hujus
1249 4117 1460 4170 quoque
1497 4115 1656 4155 cona-

132 4201 224 4244 tum
267 4194 439 4262 palam
489 4194 640 4248 lecit.
675 4194 810 4246 Nam
853 4209 972 4247 cum
1019 4193 1278 4261 sanguine
1318 4207 1381 4245 cx
1425 4190 1656 4258 imagine

132 4285 350 4353 ruberet,
398 4287 662 4356 planeque
713 4284 1092 4353 sanguinarius
1139 4283 1352 4351 quidem
1398 4297 1462 4335 ac
1510 4279 1656 4334 vafer

133 4370 306 4442 lugeret
348 4379 643 4441 neminem,
678 4390 922 4443 egressus
965 4374 1031 4424 ab
1077 4370 1492 4440 ingredientibus
1531 4370 1654 4424 reli-

133 4466 268 4531 siosis
318 4465 1076 4536 conlprehensus,homicidii
1129 4461 1446 4532 postulatur.
1492 4461 1656 4531 Negat

2364 1994 2704 2060 comparatio.

1828 2109 2072 2174 Oalelllli,
2101 2109 2242 2175 quod
2270 2124 2365 2164 vos
2393 2123 2607 2178 quoque
2643 2125 2670 2161 a
2711 2123 2796 2163 me
2831 2118 2992 2178 atque
3027 2124 3054 2160 a
3092 2107 3316 2161 veritate

1759 2200 2076 2268 suifragium
2131 2198 2366 2264 tulistis,
2401 2213 2487 2253 res
2535 2198 2796 2253 Mosaicas
2858 2188 2970 2252 mei
3012 2197 3315 2252 Servatur-is

1760 2293 1960 2346 Christi
1989 2287 2188 2361 ﬂgura's
2215 2289 2475 2358 quasdam
2505 2289 2688 2344 fuisse.
2707 2288 2838 2344 Nam
2867 2289 3313 2358 quemadmodum

1759 2391 2021 2451 prmstaus
2051 2381 2243 2450 pictor,
2273 2380 2324 2432 in
2355 2380 2547 2448 primis
2577 2379 2867 2444 inumbrat,
2906 2392 3012 2433 tum
3049 2381 3315 2433 crassiore

1757 2476 1987 2544 quadam
2028 2475 2286 2528 tinctura
2315 2486 2378 2525 ac
2416 2471 2684 2524 coloribus
2718 2485 3024 2540 expressam
3056 2471 3166 2524 r‘eri
3201 2469 3312 2523 eiii-

1752 2566 1892 2635 giem
1923 2571 2306 2634 repraesentat;
2341 2562 2406 2615 ad
2434 2577 2553 2615 eum
2582 2562 2798 2616 modum
2829 2571 2882 2615 et
2909 2571 3108 2614 natura:
3136 2575 3312 2614 rerum

1755 2657 1930 2711 omnis
1957 2656 2285 2710 architectus
2317 2652 2479 2717 Deus,
2508 2667 2602 2721 per
2640 2651 2837 2708 Mosen:
2877 2662 2931 2707 et
2964 2652 3130 2720 legem
3171 2655 3316 2706 velut

1755 2748 2070 2804 deformatis
2111 2761 2231 2816 qua:
2272 2745 2372 2800 sub
2410 2741 2636 2814 gratiam
2677 2744 2962 2811 caderent,
3006 2757 3098 2811 per
3131 2743 3314 2798 Jesum

1755 2843 2030 2897 Christum
2080 2853 2243 2907 porro
2294 2851 2398 2892 non
2450 2836 2688 2890 tinctura
2769 2849 2831 2888 ac
2881 2833 3180 2894 coloribus,
3223 2834 3314 2887 sed

1755 2930 2080 3002 evangelicis
2116 2928 2422 2998 praeceptis,
2457 2927 2666 2995 spirans
2706 2926 2973 2994 quoddam
3008 2942 3069 2979 ac
3139 2928 3314 2977 \‘it'tm

1762 3023 1876 3077 veri
1924 3018 2273 3075 simulacrum
2325 3015 2615 3070 dedicavit.
2655 3013 2924 3068 Caeterum
2975 3023 3032 3065 ut
3078 3014 3129 3065 in
3184 3013 3313 3065 Sina

1757 3115 1926 3170 nubes
1952 3121 2004 3167 et
2063 3124 2219 3166 voces
2245 3118 2406 3176 atque
2435 3107 2570 3160 tubae
2602 3105 2694 3158 Dei
2724 3104 2819 3155 ad“
2859 3117 2955 3156 nos
2994 3104 3312 3157 descensum

1756 3207 1958 3276 liquido
1985 3201 2429 3273 designabant";
2461 3199 2534 3253 ita
2563 3208 2618 3251 et
2641 3195 2742 3249 alia
2774 3195 2899 3249 olim
2929 3196 3158 3262 plurima
3189 3195 3316 3249 Ser-

1755 3298 1954 3353 vatoris
1984 3297 2086 3352 mei
2119 3291 2548 3364 procurationem
2583 3291 2869 3343 notabant.
2898 3287 3036 3357 Ergo
3076 3298 3229 3357 typos
3259 3299 3314 3340 et

1753 3389 1997 3457 exempla
2043 3386 2274 3448 cernite,
2309 3383 2450 3438 unde
2493 3383 2559 3436 ad
2603 3389 2886 3439 ventatem
2933 3380 3220 3431 ducamini.
3256 3378 3309 3432 lu

1755 3479 1868 3549 lege
1898 3475 2240 3552 circumcisio
2258 3472 2330 3538 ’⁸,
2362 3475 2412 3525 in
2443 3473 2610 3542 gratia
2667 3468 2888 3522 ablutio.
2917 3467 3027 3520 Illic
3059 3467 3313 3552 pellicula:

1756 3533 2118 3640 segmentum,
2154 3565 2241 3620 hic
2271 3564 2480 3631 peccati
2499 3561 2788 3630 depositio;
2820 3559 2924 3611 illic
2951 3533 3313 3611 circun{r.i5i0-

1757 3661 1840 3715 nis
1865 3659 2052 3722 culter,
2077 3655 2382 3725 religiosum
2411 3663 2462 3706 et
2488 3652 2842 3720 irreligiosum
2873 3650 3044 3717 palam
3075 3648 3308 3711 faciens,

1755 3751 1839 3805 hic
1868 3749 2161 3817 disciplina:
2190 3748 2333 3800 acies
2371 3755 2571 3820 rectum
2609 3757 2636 3794 a
2672 3755 2836 3814 pravo
2873 3740 3170 3793 dissecatis.
3202 3735 3310 3789 l.lic

1754 3844 1868 3896 sine
1899 3842 2028 3894 vitio
2065 3854 2234 3908 agnus
2273 3847 2566 3898 mactatus,
2607 3833 2693 3886 hic
2731 3847 2900 3886 caesus
2940 3833 3056 3884 sine
3095 3842 3312 3896 peccato

1753 3932 2021 3989 Christus.
2061 3929 2169 3984 illic
2211 3929 2332 3997 agni
2379 3938 2570 3980 cruore
2617 3933 2798 3992 postes
2841 3921 3193 3990 unguntur",
3227 3921 3312 3971 hic

1756 4016 2296 4080 sacriﬁcati’Christi
2360 4027 2586 4086 augusto
2647 4005 3200 4083 sanguine‘artiones
3255 4023 3309 4065 et

1756 4116 2034 4184 disciplina
2081 4113 2452 4180 obsignantur,
2486 4109 2538 4179 id
2585 4117 2686 4171 est,
2722 4121 2840 4174 quau
2883 4098 2934 4157 in
2985 4103 3219 4160 actione.
3258 4113 3312 4154 et

1756 4218 1871 4273 quae
1925 4201 1978 4254 in
2027 4199 2474 4266 contemplatione
2521 4197 2688 4263 posita
2743 4194 2911 4246 vir-tus
2958 4203 3070 4254 est,
3111 4193 3307 4261 quibus

1756 4295 1905 4365 quasi
1935 4293 2174 4362 quaedam
2208 4288 2575 4370 commissurae
2605 4286 2766 4354 posti,
2797 4284 3122 4337 Christianae
3155 4283 3312 4334 disci-

1758 4387 1915 4454 plina:
1941 4383 2092 4436 velut
2132 4381 2434 4448 obligamur
2490 4387 2543 4430 et
2580 4376 2971 4443 componimur.
3004 4374 3111 4426 lilic
3147 4375 3310 4426 durus

1759 4478 1966 4530 Pharao
2001 4472 2264 4527 israelitas
2303 4479 2606 4538 Oppugnat;
2648 4468 2734 4521 hic
2774 4466 3109 4520 Christianos
3151 4463 3308 4517 Sata-

136 4555 476 4621 “0miCidiumr
507 4556 887 4611 Chris‘icmam
924 4557 1065 4608 δοτίο
1101 4567 1157 4608 εθ
1192 4552 1492 4622 βτοίίῑεῑυτο
1527 4552 1655 4621 Ejus
1688 4577 1731 4630 υ
1758 4582 1883 4632 nas,
1918 4565 2004 4618 ille
2051 4563 2322 4617 hominum
2372 4575 2497 4613 osor
2549 4569 2711 4626 atque
2760 4558 3089 4610 zizaniorum
3137 4565 3306 4608 sator.

139 4647 196 4697 ni
223 4645 352 4703 tanta
388 4647 573 4701 urbem
607 4661 819 4700 onmem
852 4646 1012 4700 celeri
1049 4645 1128 4698 ala
1161 4658 1463 4714 permensa,
1495 4644 1651 4710 vulgo

136 4735 184 4787 ad
211 4738 812 4804 puteum.concurritur,
843 4736 932 4791 ubi
974 4748 1291 4800 convenere,
1322 4734 1580 4787 subducta
1619 4749 1650 4788 e

137 4837 295 4894 puteo,
338 4830 518 4882 adhuc
564 4829 825 4896 sanguine
868 4838 1148 4891 manante,
1187 4841 1338 4879 sacra
1389 4825 1647 4894 imagine,

137 4914 322 4981 hymnos
378 4929 432 4973 et
486 4918 722 4972 carmina
781 4915 1072 4981 modulati,
1123 4931 1241 4969 cum
1298 4913 1542 4982 precibus
1597 4922 1650 4966 ct

139 5001 347 5074 lacrymis
377 5010 566 5062 eodem
600 5022 703 5077 quo
733 5017 876 5071 ante,
905 5007 1020 5061 loc'o
1053 5007 1398 5072 suspendunt.
1430 5003 1647 5058 Iudaeus

139 5093 232 5151 lacti
257 5103 539 5167 pmuitens,
564 5101 813 5166 pietatem
843 5099 1146 5166 perdoctus,
1175 5096 1238 5149 ad
1270 5095 1647 5162 Christumque

141 5199 376 5256 receptus,
411 5205 536 5243 cum
582 5189 730 5243 omni
775 5189 1008 5251 familia,
1040 5201 1195 5240 sacro
1233 5186 1648 5255 regenerationis

139 5273 311 5332 lavacro
336 5283 587 5336 allicitur.

193 5388 306 5451 Quid
340 5392 554 5447 dicitis?
593 5392 825 5444 hmccinc
868 5390 997 5443 Satis
1040 5399 1183 5450 sunt,
1213 5405 1279 5440 an
1322 5397 1376 5441 et
1411 5387 1648 5454 pluribus

137 5485 424 5540 argumentis
450 5480 654 5550 egetis?

189 5572 290 5623 tuo.
317 5572 405 5626 Pie
437 5574 760 5643 imaginibus
791 5572 989 5627 cultum
1022 5571 1263 5638 praestari
1297 5568 1643 5624 conﬁtemur.

191 5774 401 5835 "Exod.
425 5794 536 5842 arx,
561 5780 648 5841 l7,
673 5778 758 5833 l8.
829 5779 875 5810 "
913 5778 1047 5832 Gen.
1073 5792 1201 5839 χιιι,
1232 5775 1310 5828 1‘2.

410 5900 674 5958 Pt't'non.
713 5898 829 5956 Gn.
863 5893 1172 5956 CXXXIII.

1757 4657 1871 4710 Illic
1908 4666 2138 4709 veterem
2173 4651 2470 4706 I-sraelitam
2515 4650 2687 4701 nubes
2727 4649 2790 4698 ad
2837 4644 3145 4699 terrestrem
3185 4645 3307 4696 llie-

1759 4746 2078 4815 rosolymam
2127 4744 2339 4803 (luctat,
2393 4741 2475 4793 hic
2527 4738 2829 4792 Serratoris
2879 4752 3004 4790 caro
3053 4736 3304 4789 novitium

1756 4838 2053 4891 lsraelitam
2104 4836 2170 4887 ad
2219 4833 2494 4887 caelestem
2535 4829 2764 4883 'Sioucm
2816 4828 3151 4882 transmittit.
3201 4825 3307 4876 ll'it:

1757 4931 1907 4998 ignea
1965 4927 2253 4991 columna,
2314 4925 2400 4977 hic
2451 4923 2628 4976 divina
2685 4922 2838 4988 ignea
2893 4929 3109 4977 natura,
3157 4932 3309 4969 scu-

1758 5020 2010 5089 Spiritus.
2039 5015 2151 5070 ltlic
2188 5014 2453 5069 lsraelites
2497 5027 2642 5065 mare
2684 5009 2922 5064 liubrum
2968 5023 3300 5077 permensus.

1755 5108 2020 5165 Pharaoni
2069 5104 2515 5160 tumulisteruium
2560 5117 2752 5170 aquam
2804 5099 3151 5167 ροιιιριτειγὶι,
3192 5097 3303 5162 ipse

1759 5203 2038 5256 interitum
2075 5191 2257 5251 salvus
2289 5195 2504 5263 cffugit;
2541 5195 2628 5246 hic
2662 5192 2855 5245 Christi
2891 5191 3104 5241 nomine
3145 5203 3298 5238 reum

1755 5292 2081 5345 universitas
2133 5302 2225 5356 per
2277 5287 2597 5354 baptismum
2651 5297 2770 5336 cum
2821 5282 3032 5334 Christo
3078 5278 3298 5345 sepulta,

1756 5383 2108 5439 immortalem
2153 5381 2315 5433 vitam
2359 5392 2421 5430 co
2459 5377 2698 5429 redivivo
2742 5381 3020 5426 consecuta
3063 5371 3158 5422 esi.
3192 5370 3302 5422 Illic

1755 5490 1891 5544 aqua
1923 5471 2083 5525 Mosis
2116 5469 2381 5538 precibus,
2409 5465 2567 5518 ﬂante
2599 5475 2780 5517 austro
2814 5458 3300 5523 vehementissimo,

1755 5570 1938 5620 dextra
1967 5579 2027 5617 ac
2055 5562 2272 5616 sinistra
2299 5562 2351 5612 iu
2383 5573 2590 5613 murum
2617 5554 2916 5617 concrevit;
2948 5551 3032 5605 hic.
3062 5549 3291 5619 Spiritus

1387 5775 1431 5805 ⁹⁶
1453 5772 1624 5827 Exod.
1653 5769 1824 5833 “1,5,
1851 5769 1937 5821 ‘22.

2766 5875 2838 5934 ΞΒ
