3956 6324
607 271 715 340 8ῗὸ

1818 275 2244 336 ANDIIONICI
2289 275 2636 338 COMNENI
3760 282 3846 344 816

618 405 716 465 per
747 403 966 462 aquam,
994 389 1245 446 vitiorum
1280 387 1432 458 quasi
1464 388 1734 458 quoddam
1768 403 1914 442 mare
1949 387 2190 442 Rubrum
2221 405 2264 460 Α
2295 389 2620 462 baptismum
2663 391 2960 460 delinquat,
2992 408 3059 449 ne
3099 395 3367 465 desperet,
3398 395 3668 466 siquidem
3707 399 3844 467 igno-

615 486 670 542 in
723 485 926 541 siccum
980 481 1212 549 redegit,
1263 488 1419 549 rupto
1473 480 1819 548 peccatorum
1877 490 2182 535 nostrorum

607 572 993 648 chirographo.
1023 569 1138 625 Illic
1170 570 1317 640 virga
1355 569 1552 624 reliuas
1578 570 1755 624 undas
1777 571 1982 640 coegit,
2015 571 2099 626 hic
2130 571 2184 626 in

554 649 558 652 ’
606 664 854 721 Calvaria
929 662 1104 718 defixa
1148 677 1278 716 crux
1327 662 1592 716 Adamnm
1639 670 1808 717 totum
1853 661 1906 714 in
1949 661 2182 730 priorem

601 756 939 813 nobilitatem
989 755 1226 809 restituit
1274 771 1287 808 :
1339 752 1631 818 israelites,
1663 753 1767 808 nisi
1817 753 1950 807 mari
1998 753 2183 807 Rubro

602 851 853 920 trajectu,
891 848 1205 920 angelorum
1257 863 1398 918 pane
1445 848 1591 903 vesci
1639 863 1744 902 non
1790 856 2032 918 poterat;
2081 862 2182 902 nec

611 957 740 998 vero
774 942 977 998 Christi
1014 941 1265 1012 populus,
1299 941 1563 1010 sanguine
1596 948 1650 996 et
1683 954 1822 1010 aqua
1852 941 1972 994 viva
2005 949 2181 1010 potest

604 1034 738 1099 frui,
773 1035 875 1089 nisi
918 1043 1264 1104 peccatorum
1308 1034 1472 1087 rubro
1514 1041 1770 1102 tanquam
1814 1041 1946 1087 aestu
1987 1031 2178 1087 defun-

596 1138 716 1184 ctus
734 1128 802 1182 ³⁷.
1398 1190 1406 1202 ,-

665 1217 790 1273 Jun.
837 1218 946 1273 Cur
996 1225 1055 1271 ut
1111 1231 1215 1272 nos
1270 1215 1739 1270 circumcisionem
1800 1229 1909 1268 uno
1963 1229 2176 1284 semper

597 1310 837 1374 nomine,
874 1323 1028 1377 aeque
1069 1316 1124 1362 et
1167 1320 1261 1360 vos
1305 1307 1630 1373 baptismum
1672 1321 1776 1361 non
1818 1308 2047 1372 vocatis,
2082 1307 2174 1362 sed

600 1401 784 1455 multis
815 1416 878 1454 ac
905 1398 1168 1454 diversis?

673 1492 901 1547 Cnms'r.
935 1490 1194 1560 Expedita
1227 1490 1462 1548 solutio:
1501 1491 1588 1546 illa
1640 1505 1736 1560 per
1776 1507 1942 1546 unum
1990 1492 2171 1548 Mosen

598 1585 810 1652 prodita
845 1592 928 1637 est
950 1624 965 1648 ,
998 1582 1112 1636 haec
1149 1597 1178 1636 a
1213 1580 1404 1646 Patre,
1432 1580 1581 1648 Filioj
1607 1591 1663 1636 et
1719 1583 1922 1652 Spiritu
1963 1593 2169 1637 sancto.

597 1675 867 1730 Praeterea
921 1673 1104 1729 multis
1149 1688 1211 1730 ac
1255 1672 1488 1727 diversis
1538 1673 1654 1741 ejus
1704 1672 1758 1727 in
1809 1688 1908 1729 nos
1955 1674 2162 1740 ciliciis,

2289 494 2472 536 scetur
2515 484 2563 538 ci
2606 486 2772 539 animi
2816 489 3017 551 scelus,
3057 489 3333 554 vitiosum,
3372 489 3612 558 inquam.
3651 493 3845 561 cogita-

2289 582 2422 641 tum,
2450 585 2504 629 et
2535 578 2948 642 consceleratio,
2982 594 3077 646 per
3103 579 3547 636 confessionem.-

2359 667 2463 722 Sed
2488 670 2770 724 audiamus
2827 672 2952 738 quid
2991 672 3156 728 Isaias
3187 675 3372 729 dicat:
3399 693 3419 727 ‹
3456 675 3642 730 Faciet
3676 674 3842 730 Domi-

2283 779 2384 818 nus
2418 763 2661 820 Sabaoth
2682 766 2934 821 omnibus
2960 767 3210 834 gentibus
3229 783 3390 836 super
3415 778 3650 824 montem
3675 770 3844 834 istum,

2289 856 2517 911 induent
2564 856 2826 919 Izetitiam,
2874 869 3142 927 ungentur
3197 869 3494 928 unguento,
3557 861 3846 914 bibenti-i-

2280 962 2408 1002 num
2450 948 2470 980 ⁸
2505 965 2519 1014 ;
2577 965 2595 1000 ι
2651 949 2828 1019 gaudii
2865 951 3120 1003 amictum
3172 949 3436 1019 baptisma
3465 951 3728 1016 innuens;
3759 969 3847 1004 nn-

2279 1044 2559 1109 guenlnm’,
2614 1038 2744 1094 illud
2793 1055 3004 1094 sacrum
3037 1056 3146 1111 quo
3172 1041 3427 1110 baptizati
3485 1041 3842 1111 intinguntur;

2280 1131 2486 1194 vinum,
2515 1129 2849 1186 Dominicum
2869 1132 3207 1203 sanguinem.
3229 1131 3294 1185 Et
3319 1147 3530 1188 rursum
3563 1149 3580 1187 :
3613 1121 3634 1184 ἐ
3675 1133 3848 1187 Abiuet

2282 1218 2539 1274 Dominus
2565 1223 2777 1275 smdem
2804 1221 3034 1276 ﬁliorum
3061 1228 3115 1299 et
3141 1222 3373 1275 Iiliarum
3398 1223 3440 1275 ⁸..
3476 1240 3495 1273 ι
3521 1222 3584 1275 Et
3617 1223 3840 1276 iterum:

2285 1331 2304 1364 ι
2348 1311 2462 1367 Erit
2512 1315 2773 1381 inaquosa
2800 1315 2852 1368 in
2889 1314 3131 1384 paludes,
3170 1325 3225 1370 et
3257 1315 3310 1368 in
3329 1313 3545 1368 sitiente
3575 1322 3726 1367 terra
3756 1315 3846 1368 erit

2276 1405 2400 1472 fons
2450 1407 2709 1475 aqum";
2769 1424 2789 1458 ι
2845 1407 3101 1476 inaquosa
3155 1417 3210 1461 et
3262 1406 3576 1468 siticulosa,
3620 1408 3842 1476 gentium

2275 1495 2533 1566 populum
2595 1495 2858 1565 appellat;
2903 1496 3104 1551 fontem
3160 1510 3312 1562 vero,
3337 1510 3548 1550 sacrum
3571 1495 3840 1563 baptisma,
3922 1481 3923 1556 Ῑ

2276 1598 2335 1640 ut
2364 1596 2588 1657 apparet
2617 1603 2684 1642 ex
2707 1589 3056 1656 sequentibus
3087 1606 3101 1642 :
3139 1606 3158 1639 ‹
3193 1585 3261 1640 Et
3298 1587 3401 1641 erit
3427 1585 3496 1640 ibi
3525 1586 3604 1639 via
3637 1587 3840 1644 mmnla,
3922 1585 3923 1650 1

2273 1686 2328 1732 et
2383 1679 2470 1734 via
2530 1688 2715 1733 sancta
2770 1678 3052 1733 vocabitur
3083 1677 3147 1733 ".
3210 1695 3229 1729 ι
3266 1675 3396 1742 Qua:
3429 1677 3555 1730 haec
3612 1675 3839 1728 estvia?

603 1767 797 1820 IIIHIIaS
846 1778 1058 1835 quoque
1108 1777 1171 1818 ac
1221 1762 1462 1819 diversas
1512 1740 1948 1820 nomenclaturas
2004 1773 2166 1834 atque
2195 1740 2243 1804 Β
2275 1769 2594 1840 Evangelica
2618 1769 2922 1839 disciplina.
2943 1768 3060 1824 Jam
3092 1740 3331 1840 per-eum
3369 1768 3446 1822 ait
3478 1769 3615 1822 Deus
3653 1785 3668 1820 :
3706 1767 3840 1833 «Ego

599 1856 861 1912 beneﬁcia
893 1855 1141 1910 facimus.

1154 1950 1388 2007 CAPUT
1428 1951 1614 2015 XLVI.

693 2043 894 2111 Quibus
927 2043 1052 2097 olim
1084 2045 1383 2099 nominibus
1416 2044 1681 2114 baptisma
1719 2045 2074 2116 designatum.

675 2138 860 2207 Itaque
887 2137 999 2205 (58)
1032 2136 1256 2200 donum,
1279 2135 1480 2203 lumen,
1506 2136 1794 2206 baptisma,
1820 2148 2174 2208 unguentum,

595 2229 1028 2300 regenerationis
1075 2228 1374 2292 lavacrum,
1413 2229 1841 2286 immortalitatis
1886 2233 2174 2298 amictum,

594 2317 828 2393 signum,
865 2317 1102 2371 breviter
1143 2316 1402 2387 quidquid
1448 2327 1733 2389 augustum
1781 2329 1889 2386 est,
1925 2321 2175 2376 nomina-

594 2424 741 2471 mus,
775 2409 1002 2463 vocibus
1050 2422 1082 2464 ο
1125 2408 1512 2478 prophetarum
1560 2408 1800 2464 oraculis
1847 2411 2170 2481 desumptis.

595 2501 801 2555 Donum
833 2499 883 2553 in
915 2498 1123 2570 primis,
1150 2509 1206 2553 ut
1234 2497 1401 2554 Isaias
1429 2501 1626 2556 clamat
1655 2517 1670 2555 :
1710 2520 1730 2554 ι
1763 2499 1968 2558 Omnes
1993 2504 2179 2559 sitien-

605 2601 712 2656 tes,
737 2593 914 2646 venite
942 2591 1008 2645 ad
1036 2605 1204 2660 aquas
1237 2609 1251 2646 :
1285 2599 1340 2644 et
1364 2591 1454 2660 qui
1483 2606 1592 2647 non
1624 2592 1837 2648 habetis
1866 2603 2174 2662 argentum,

601 2691 922 2750 properate,
969 2679 1133 2734 emite
1193 2682 1398 2748 absque
1453 2690 1678 2750 argento
1729 2689 1784 2736 et
1838 2680 2099 2749 pretio".
2147 2700 2176 2730 ι

594 2774 797 2828 balinea
826 2810 842 2837 ,
873 2782 931 2826 ut
961 2769 1029 2826 de
1059 2786 1122 2828 eo
1153 2768 1320 2825 David
1351 2771 1608 2841 praedicat
1645 2789 1658 2825 :
1698 2792 1727 2820 ι
1765 2770 2026 2828 Dominus
2058 2770 2180 2826 illu-

592 2863 815 2920 minatio
871 2878 986 2919 mea
1049 2870 1102 2919 et
1139 2861 1283 2919 salus
1319 2877 1460 2928 mea,
1495 2877 1651 2932 quem
1699 2863 1993 2920 timebo”?
2041 2881 2062 2918 ι
2112 2863 2180 2920 Et

591 2968 804 3008 rursum
843 2969 857 3008 :
898 2971 917 3005 ι
955 2951 1215 3008 Dominus
1243 2951 1508 3006 illuminat
1565 2951 1756 3007 faciem
1782 2954 2117 3024 prudentis‘.
2153 2971 2171 3007 ι

2275 1878 2419 1928 sum,
2475 1876 2575 1933 ego
2631 1862 2892 1932 sum,qui
2949 1859 3101 1915 deleo
3134 1859 3445 1929 iniquitates
3487 1865 3605 1912 tuas
3641 1867 3838 1925 pr0pter
3922 1863 3923 1872 ‘

2275 1967 2385 2017 me,
2421 1961 2476 2008 et
2516 1966 2620 2007 non
2675 1952 3021 2007 recordabar.
3045 1950 3123 2006 Tu
3155 1965 3286 2004 vero
3308 1959 3598 2016 memento,
3633 1961 3689 2002 et
3719 1948 3819 2018 judi

2275 2057 2459 2098 cemur
2481 2043 2638 2098 simul
2658 2045 2752 2098 “.i
2774 2041 3044 2098 Etiterum
3076 2059 3092 2097 :
3125 2059 3143 2094 ι
3173 2040 3323 2097 Dabo
3344 2055 3539 2111 aquam
3589 2041 3640 2094 in
3667 2037 3753 2094 siti
3781 2041 3834 2092 iii
3922 2103 3923 2116 ἢ

2275 2133 2366 2204 qui
2428 2132 2701 2190 ambulant
2739 2134 2796 2188 in
2836 2135 3094 2204 inaquosa
3130 2151 3145 2188 :
3178 2145 3232 2188 et
3284 2135 3554 2203 imponam
3596 2131 3831 2201 Spiritum
3922 2135 3923 2178 ξ

2275 2240 2454 2281 meum
2505 2241 2668 2296 super
2698 2227 2889 2298 semen
2938 2235 3115 2290 tuum,
3171 2235 3227 2282 et
3261 2224 3668 2280 benedictiones
3708 2236 3832 2278 meas

2274 2330 2438 2387 super
2486 2316 2624 2372 ﬁlios
2670 2325 2794 2375 tuos
2831 2317 2896 2372 ".
2933 2334 2956 2368 ι
2990 2315 3060 2372 Et
3082 2317 3312 2372 iterum:
3347 2333 3366 2368 ι
3419 2314 3829 2370 Miseratorillo-

2276 2424 2396 2463 rum
2443 2407 2788 2486 miserebitur
2855 2407 3092 2473 illorum,
3135 2415 3189 2462 et
3237 2421 3334 2477 per
3376 2407 3553 2462 fontes
3593 2417 3827 2475 aquarum

2280 2503 2434 2561 ducet
2495 2500 2615 2554 illos
2640 2500 2704 2554 ιδ.
2755 2518 2775 2553 ι
2809 2499 2959 2579 Quod
3003 2500 3050 2555 si
3108 2496 3414 2555 Iudaeorum
3506 2487 3726 2569 quidam
3780 2496 3826 2549 d:

2278 2587 2426 2644 Mars
2456 2596 2513 2645 et
2545 2587 2781 2646 fontibus
2811 2589 2866 2644 in
2895 2586 3035 2643 Elim
3072 2585 3290 2652 ",hec
3322 2586 3644 2656 prophetam
3673 2586 3828 2641 dicere

2277 2682 2616 2746 existimant,
2674 2679 2785 2734 falli
2832 2695 2890 2735 se
2928 2679 3106 2736 sciant
3133 2697 3148 2734 :
3174 2692 3348 2749 neque
3383 2678 3525 2733 enim
3549 2692 3615 2733 ea
3651 2689 3826 2745 tempe-

2277 2781 2440 2837 state,
2484 2772 2772 2834 sedmulto
2799 2771 3108 2842 postisaias
3131 2770 3225 2825 fuit
3257 2787 3272 2826 :
3307 2783 3404 2824 nec
3425 2771 3520 2841 qui
3541 2770 3609 2825 de
3630 2777 3828 2838 prseter-

2276 2865 2369 2922 itis
2399 2864 2555 2930 dicit,
2589 2865 2846 2934 propheta
2884 2852 3296 2940 habendus-rest,
3335 2863 3428 2918 sed
3462 2862 3556 2932 qui
3617 2861 3680 2916 de
3703 2858 3830 2913 futu-

2277 2954 2377 3022 ris,
2410 2967 2581 3025 quare
2609 2955 2676 3009 de
2723 2955 2990 3024 baptismo
3018 2955 3163 3023 quod
3213 2951 3568 3024 praesagierit,
3595 2947 3827 3009 ostendit.

592 3043 916 3100 Prudentem
963 3043 1187 3099 omnino
1230 3042 1529 3113 appellans,
1558 3044 1648 3114 qui
1686 3043 1790 3099 vim
1825 3045 1963 3100 sacri
1998 3045 2172 3116 bapti—
2195 3085 2240 3144 α
2278 3050 2422 3121 quod
2449 3050 2558 3105 ait:
2588 3047 2816 3114 «Docet,
2846 3065 2866 3101 ι
2892 3063 2996 3104 non
3026 3057 3228 3113 autem,
3256 3048 3427 3102 duxit.

593 3137 781 3193 amatis
831 3136 1048 3192 calleat.
1094 3134 1376 3205 Baptisma
1427 3150 1556 3192 vero
1603 3135 1823 3204 dicitur,
1861 3145 1920 3193 ut
1963 3137 2016 3192 in
2061 3153 2170 3209 quo

593 3236 811 3298 peccata
866 3227 1234 3294 tumulentur,
1284 3228 1743 3295 quemadmodum
1797 3230 1931 3284 mari
1984 3230 2168 3288 Rubro

592 3318 932 3376 Pharaonem
983 3320 1145 3378 tinxit
1193 3328 1355 3390 atque
1407 3321 1588 3374 obruit
1630 3319 1828 3375 Moses.
1871 3320 2168 3377 Lavacrum

592 3428 658 3467 ex
723 3413 827 3469 hac
889 3411 1374 3468 Isaia‘sententia
1440 3428 1456 3469 :
1530 3430 1550 3465 ‹
1617 3410 1936 3479 Lavamini,
1985 3415 2166 3470 mundi

591 3513 765 3564 estote
783 3506 825 3558 ³.
865 3521 882 3555 ι
928 3501 1270 3574 Unguentum
1324 3503 1465 3572 quod
1495 3501 1732 3580 cmlestis
1764 3502 2166 3575 Hierosolymaa,

591 3595 866 3667 divnnque
906 3594 1057 3664 regni
1108 3592 1348 3648 barredes
1390 3593 1502 3652 hoc
1537 3593 1743 3649 inuucti
1787 3606 2163 3665 agnoscantur.

595 3686 672 3739 Ita
719 3687 863 3738 enim
913 3695 962 3737 et
1003 3683 1195 3736 Elisan
1235 3681 1354 3752 139)
1397 3683 1505 3736 vati
1553 3685 1628 3737 ait
1666 3685 1807 3740 Deus
1852 3707 1865 3742 :
1924 3706 1942 3738 ί
1990 3687 2171 3756 Unges

593 3773 841 3828 Eiismnm
880 3774 1201 3843 prophetam
1233 3770 1331 3842 pro
1365 3781 1414 3826 te
1432 3770 1478 3824 ³.
1517 3790 1537 3823 ι
1577 3771 2003 3829 Immortalitatis
2036 3776 2170 3829 ami-

591 3875 733 3921 ctum
756 3879 1008 3920 vocamus
1026 3879 1092 3920 ex
1121 3879 1188 3921 eo
1215 3861 1410 3920 Psaltis
1440 3863 1571 3935 regii
1607 3865 1818 3922 edicto:
1854 3884 1873 3919 ‹
1912 3866 2170 3922 Dominus

595 3959 859 4026 regnavit,
893 3960 1142 4012 decorem
1190 3955 1406 4012 indutus
1454 3957 1599 4012 est“.
1641 3976 1660 4010 ι
1709 3956 1844 4012 Tum
1890 3966 2066 4012 autem
2112 3969 2169 4013 ut

599 4051 853 4104 ostendat
891 4064 1042 4120 :eque
1083 4050 1312 4104 amictos
1350 4057 1404 4105 et
1439 4047 1641 4105 Christi
1680 4049 1940 4114 heredes,
1969 4048 2117 4104 addit
2153 4066 2166 4104 :

599 4162 616 4193 ‹
664 4141 871 4196 Etenim
913 4141 1150 4196 firmavit
1185 4141 1374 4196 orbem
1419 4149 1598 4203 terrae,
1629 4141 1837 4195 scilicet
1876 4140 1976 4195 hoc
2019 4142 2170 4210 regio

595 4231 827 4297 amictu,
882 4232 974 4300 qui
1030 4246 1136 4285 non
1189 4231 1673 4287 commovebitur'.
1728 4249 1747 4284 ι
1807 4231 2062 4298 Signum,
2113 4239 2171 4286 ut

599 4328 828 4383 dominii
875 4337 1082 4393 nolam,
1115 4327 1572 4396 quemadmodum
1615 4327 1680 4382 de
1724 4342 1789 4383 eo
1832 4326 1998 4381 David
2028 4338 2170 4396 'pro—

2337 3141 2420 3196 Ad
2448 3141 2692 3198 eumdem
2736 3139 2952 3220 modum
2992 3147 3046 3195 e't
3083 3138 3333 3194 Michaaas
3367 3153 3382 3192 :
3418 3155 3438 3190 ι
3498 3135 3650 3204 Quis,
3685 3133 3826 3196 Dem.

2271 3230 2467 3288 similis
2525 3232 2626 3297 tui,
2654 3231 2748 3302 qui
2785 3229 2968 3288 aufers
3029 3232 3390 3300 iniquitatem,
3417 3241 3470 3286 et
3497 3228 3692 3283 transis
3719 3239 3826 3292 pce-

2271 3330 2452 3376 catum
2497 3322 2845 3391 reliquiarum
2879 3321 3214 3376 hereditatis
3268 3320 3417 3375 tuae?
3450 3336 3558 3373 non
3590 3317 3826 3372 immittet

2272 3414 2411 3468 ultra
2439 3411 2677 3468 furorem
2708 3414 3164 3483 suum,quoniam
3196 3413 3383 3466 volens
3407 3408 3814 3466 misericordiam

2274 3513 2388 3559 est.
2423 3553 2426 3560 ,
2457 3502 2775 3558 Revertetur
2833 3514 2887 3558 et
2930 3503 3272 3557 miserebitur
3311 3501 3482 3556 nostri
3540 3519 3554 3556 :
3619 3504 3826 3566 deponet

2272 3595 2587 3667 iniquitates
2632 3603 2687 3650 et
2746 3595 2991 3665 projiciet
3037 3594 3088 3647 in
3130 3590 3450 3662 profundum
3501 3592 3664 3645 maris
3707 3587 3768 3638 ".
3800 3603 3816 3635 ι

2270 3686 2434 3741 Joelis
2455 3700 2584 3740 vero
2614 3686 2679 3740 de
2706 3685 2968 3753 baptismo
2987 3685 3098 3738 haec
3116 3694 3241 3738 sunt
3265 3683 3425 3737 verba
3455 3699 3470 3736 :
3515 3700 3535 3733 ι
3566 3681 3628 3736 In
3649 3679 3727 3734 illa
3750 3677 3824 3730 die

2275 3776 2558 3832 stillabunt
2594 3785 2803 3830 montes
2833 3775 3190 3840 dulcedinem,
3224 3771 3635 3829 etcoIlesfluent
3658 3771 3780 3824 lacte
3809 3782 3822 3820 :

2273 3879 2331 3926 et
2376 3883 2473 3930 per
2515 3882 2704 3923 omnes
2767 3869 2913 3922 rivos
2957 3865 3090 3921 Juda
3134 3867 3288 3921 ibunt
3337 3879 3477 3934 aqua
3505 3881 3519 3917 :
3549 3871 3602 3919 et
3633 3861 3744 3916 fons
3769 3859 3822 3912 de

2273 3959 2433 4014 domo
2481 3958 2694 4012 Domini
2725 3957 3033 4027 egredietur
3082 3958 3145 4009 ".
3177 3972 3199 4007 ι
3257 3956 3391 4022 Quis
3445 3955 3535 4010 hic
3574 3953 3820 4009 estfonse

2273 4050 2369 4106 Dei
2408 4049 2604 4117 templo
2678 4048 2966 4118 prodiens?
3032 4047 3260 4103 Omnino
3314 4047 3366 4099 in
3408 4045 3648 4108 Ecclesia
3691 4055 3822 4097 sacra

2271 4144 2502 4215 piscina,
2550 4156 2652 4210 qua
2709 4141 2907 4196 tinctus
2981 4141 3156 4196 omnis
3195 4138 3534 4194 Christianus
3585 4147 3744 4193 cretus
3779 4134 3820 4185 in

2273 4234 2614 4303 adoptionem
2669 4243 2964 4296 recreatur,
3044 4232 3277 4287 caelestis
3342 4219 3526 4299 gloriae
3593 4227 3822 4298 regnique

2272 4324 2474 4382 Christi
2508 4325 2748 4380 haeredes
2780 4324 3070 4393 designati.
3103 4321 3170 4376 Et
3206 4321 3273 4376 de
3311 4322 3500 4375 eodem
3534 4320 3822 4387 baptismate

598 4417 781 4470 litetur
811 4436 823 4471 :
863 4436 881 4469 ι
921 4417 1201 4488 Signatum
1221 4426 1492 4496 est‘super
1517 4432 1612 4470 nos
1644 4417 1822 4471 lumen
1856 4417 2031 4472 vultus
2064 4418 2166 4482 tui,
2195 4415 2245 4475 D
2273 4418 2462 4473 scribit
2515 4416 2679 4472 David
2712 4433 2726 4469 :
2769 4435 2787 4468 ‹
2846 4413 2959 4469 Vox
2989 4413 3202 4468 Domini
3257 4426 3418 4481 super
3483 4426 3674 4479 aquas,
3703 4407 3822 4459 Deus

607 4508 848 4574 Domine,
877 4510 1067 4562 dedisti
1111 4509 1350 4564 laetitiam
1393 4509 1445 4562 in
1489 4509 1649 4562 corde
1690 4509 1865 4562 meo“.
1903 4527 1922 4558 ι
1964 4507 2170 4573 Quibus

607 4599 784 4653 verbis
831 4614 999 4654 sacra:
1043 4600 1318 4654 tinetionis
1358 4600 1463 4652 vim
1509 4599 1745 4652 declarat
1789 4615 1804 4648 :
1843 4597 1956 4652 Non
1999 4599 2165 4663 enim,

604 4689 796 4756 inquit,
824 4691 996 4744 solum
1031 4698 1123 4743 tuo
1155 4691 1367 4744 nomine
1397 4704 1492 4743 nos
1525 4689 1745 4757 signasti
1791 4698 1843 4742 et
1871 4688 2170 4754 illustrasti,

617 4781 707 4832 sed
741 4781 884 4831 enim
918 4779 1154 4833 animum
1187 4794 1361 4833 meum
1391 4779 1657 4844 voluptate
1683 4778 1908 4832 effecisti
1944 4792 1958 4830 :
1991 4778 2039 4832 id
2068 4787 2170 4843 est,

604 4883 820 4922 munem
849 4871 1118 4938 signatum
1149 4883 1302 4924 noxa:
1327 4869 1482 4921 venia
1511 4870 1762 4937 dignatus
1789 4884 1868 4922 es.
1895 4869 2038 4923 Idem
2066 4869 2171 4924 alio

605 4957 817 5011 I’salmo
854 4977 867 5013 :
913 4979 930 5011 ε
969 4961 1084 5015 Dixi
1126 4981 1138 5014 :
1182 4960 1491 5015 Conlitebor
1521 4960 1803 5014 adversum
1841 4975 1925 5014 me
1962 4961 2172 5030 injusti-

609 5050 736 5101 tiam
788 5066 956 5105 meam
1002 5053 1230 5108 Domino
1282 5072 1295 5106 :
1339 5063 1391 5107 et
1435 5065 1504 5129 tu.
1540 5053 1796 5106 remisisti
1841 5051 2169 5118 impietatem

605 5143 811 5210 peccati
851 5144 1006 5198 mei'.
1045 5165 1064 5198 ι
1105 5143 1219 5200 IIoc
1255 5147 1440 5200 dicens
1480 5164 1491 5199 :
1524 5145 1675 5210 Quod
1706 5143 1749 5197 si
1782 5144 1900 5213 quis
1941 5143 2020 5197 vel
2053 5153 2171 5210 post

2276 4508 2576 4577 majestatis
2638 4506 2867 4561 intonuit
2923 4523 2937 4559 ε
2983 4504 3240 4558 Dominus
3301 4517 3465 4572 super
3509 4517 3676 4570 aquas
3697 4497 3822 4553 mul-

2277 4609 2358 4655 tas
2381 4599 2444 4651 η.
2483 4617 2504 4651 ι
2540 4596 2606 4650 Ει
2671 4611 2932 4650 rursum:
2964 4613 2981 4646 ι
3004 4594 3250 4664 Amplius
3273 4593 3388 4647 lava
3433 4607 3519 4647 me
3550 4593 3618 4646 ab
3654 4587 3823 4655 iniqui-

2279 4701 2385 4744 tate
2427 4704 2566 4751 mea.
2631 4699 2684 4743 et
2739 4702 2769 4740 a
2821 4694 3040 4756 peccato
3098 4701 3221 4742 meo
3259 4684 3456 4740 munda
3515 4699 3602 4738 me
3634 4683 3693 4734 ".
3727 4696 3742 4729 ι
3771 4676 3823 4729 Et

2283 4780 2439 4847 paulo
2504 4787 2625 4847 post
2664 4795 2676 4831 :
2714 4797 2732 4829 ι
2783 4777 3050 4846 Asperges
3110 4791 3196 4830 me
3250 4774 3504 4846 hyssopo,
3547 4783 3600 4829 et
3629 4769 3821 4825 munda-

2283 4871 2426 4925 bor:
2478 4870 2680 4923 lavabis
2735 4883 2838 4932 me,
2874 4879 2926 4922 et
2950 4883 3110 4937 super
3168 4868 3344 4922 nivem
3402 4860 3816 4920 dealbabor".|

2283 4961 2422 5025 Quin
2481 4975 2576 5028 per
2621 4957 2954 5012 Ezechielem
3014 4972 3229 5026 quoque
3291 4955 3431 5011 Deus
3508 4953 3820 5008 confirmat:

2294 5069 2312 5103 ι
2348 5049 2627 5104 Effundam
2659 5063 2816 5117 super
2849 5063 2942 5102 vos
2993 5062 3193 5115 aquam
3218 5048 3492 5109 mundam,
3522 5056 3577 5100 et
3634 5039 3824 5098 mundu-

2283 5144 2467 5196 bimini
2505 5143 2571 5195 ab
2595 5141 2843 5195 omnibus
2875 5139 3293 5209 inquinamentis
3325 5139 3518 5194 vestris
3548 5139 3649 5190 η.»

582 5266 602 5302 δ

581 5312 600 5347 ’⁷
676 5325 720 5356 ⁸⁷
751 5306 1099 5401 ειοιι-ςιξ--ιγι,
1136 5397 1149 5401 _
1175 5327 1218 5401 ξδ
1245 5327 1345 5401 Isa.
1376 5342 1461 5387 Lv,
1490 5326 1544 5401 l_._
1614 5326 1663 5401 ’ξ
1683 5323 1824 5401 Bsal.
1852 5339 1996 5401 xxvi,
2030 5323 2078 5376 I.
2103 5393 2120 5401 Α
2152 5325 2170 5401 λ’

2281 5340 2334 5376 ιι.
2363 5341 2519 5401 cu},
2547 5325 2592 5401 8_.
2626 5395 2640 5401 _
2676 5328 2693 5354 ²
2723 5323 2820 5376 Isa.
2851 5339 2887 5401 ι..
2916 5322 3021 5401 16..Δ
3063 5323 3097 5401 ’³
3121 5323 3184 5378 IlI
3217 5323 3345 5391 Reg.
3371 5336 3484 5401 si},
3508 5321 3594 5401 lii.
3637 5315 3824 5401 λῆξις.

608 5396 810 5457 xcu,I.
888 5394 1056 5447 “ibid.
1132 5395 1314 5449 “PSaI.
1344 5386 1490 5457 χαι,
1515 5395 1569 5447 5.
1646 5395 1663 5423 ⁷
1690 5394 1829 5445 Psal.
1858 5409 1925 5449 Iv.
1951 5393 2006 5447 7.
2103 5393 2122 5422 ⁸
2152 5395 2246 5445 Isa.
2283 5410 2406 5454 xxv,
2441 5386 2518 5447 6(
2571 5397 2588 5426 ⁹
2626 5395 2726 5446 isa.
2756 5393 2901 5455 ιν,4.
2983 5394 3024 5423 ¹⁰
3063 5394 3161 5447 Isa.
3225 5386 3385 5448 xxiv.
3425 5394 3472 5444 7.
3557 5393 3598 5422 “
3635 5386 3823 5457 Ibid.

612 5466 654 5496 "
691 5456 786 5517 Isa.
832 5463 1107 5525 xun,‘25.
1183 5465 1225 5495 "
1254 5464 1350 5518 Isa.
1390 5456 1531 5524 XLIV,
1562 5465 1615 5516 5.
1695 5463 1735 5492 ¹¹⁵
1760 5462 1861 5516 Isa.
1894 5477 1978 5516 XL.
2017 5464 2099 5516 I0.

2301 5465 2468 5516 Exod.
2505 5481 2591 5524 xv,
2619 5464 2707 5525 25,
2731 5465 2819 5516 21.
2924 5465 2964 5494 ¹⁶
2991 5464 3148 5518 Mlch.
3187 5480 3278 5529 vn,
3331 5462 3414 5527 I8,
3448 5461 3536 5515 19.
3645 5463 3681 5493 ίτ
3716 5456 3826 5512 loci.

610 5550 690 5598 tn,
726 5535 809 5586 i8.
892 5534 931 5565 “
971 5532 1112 5587 Psal.
1141 5548 1326 5597 xxvm,
1350 5537 1404 5588 5.

687 5696 798 5768 (58)
831 5696 1085 5751 Naziauz.
1123 5697 1240 5751 vide
1269 5698 1321 5751 in
1357 5694 1414 5750 S.
1449 5695 1740 5764 Baptisma.

1482 5536 1522 5565 ⁸⁸
1555 5533 1694 5585 Psal.
1734 5549 1783 5595 L,
1826 5533 1876 5586 4.
1955 5535 2000 5564 ¹⁰
2037 5535 2166 5587 Ibid.
2201 5533 2252 5587 9.
2333 5536 2372 5564 "
2413 5532 2607 5587 Ezech.
2644 5549 2825 5593 xuw,
2856 5533 2944 5588 9.5.

2354 5695 2464 5765 (Sil)
2501 5695 2609 5747 Iino
2644 5694 2786 5746 Elim.
