3956 6324
586 315 692 379 8-79
937 337 943 341 '
1201 383 1204 386 ,
1768 319 2182 382 ΑΝΒΒΟΝΙΟΙ
2221 322 2561 383 (ΣΟΜΝΕΝΙ
3675 326 3785 392 880

583 434 754 488 audax
805 433 891 488 sit.
917 431 1045 487 Nam
1089 433 1188 488 etsi
1219 433 1434 503 quidam
1474 448 1577 488 non
1601 431 1926 499 dubitarunt,
1967 443 2125 501 atque
2154 440 2198 494 Α
2229 437 2459 489 euutlutn
2503 450 2697 507 corpus
2726 447 3009 496 nascentes
3031 441 3299 496 terrestris
3323 441 3613 510 imaginem
3661 443 3786 496 tuli-

581 524 693 576 ausi
747 523 879 576 adeo
920 530 1043 576 sunt
1098 522 1415 578 conilrmare
1461 539 1527 580 ex
1560 524 1754 583 Christi
1787 539 2015 592 persona
2039 524 2118 597 tli-
2229 539 2382 591 mus;
2429 526 2507 580 sic
2538 541 2632 595 per
2667 528 2987 596 baptismum
3027 531 3274 595 recreati,
3316 532 3548 586 caelestis
3590 531 3783 601 imagi-

580 627 743 675 ctum,
770 613 1001 666 scilicet:
1027 631 1045 663 ι
1079 611 1210 677 Quia
1240 627 1337 682 ego
1365 628 1551 668 servus
1603 623 1742 676 tuus,
1770 626 1822 666 et
1855 615 1994 668 lilius
2021 628 2116 667 an-

575 700 836 757 cillae'tuae
868 701 944 755 διε
976 701 1028 755 in
1053 710 1231 757 mente
1251 702 1375 756 illud
1396 703 1651 769 habentes
1675 721 1688 757 :
1716 720 1736 753 ι
1763 703 1917 758 Pater
1948 703 2116 770 major

576 807 659 844 me
685 799 765 843 est
797 789 862 853 ⁸³,
910 807 928 841 ι
975 798 1028 843 at
1055 788 1220 843 multo
1238 789 1353 859 plus
1383 792 1604 845 interest
1626 791 1952 847 discriminis
1977 791 2116 845 inter

572 881 860 934 dominium
878 891 930 934 et
946 881 1269 944 servitutem,
1291 895 1447 950 quam
1491 898 1705 938 causam
1731 894 1784 937 et
1811 891 2110 936 causatum.

574 972 750 1036 Quare
774 970 1033 1025 silendum
1058 971 1253 1040 potius,
1280 986 1341 1025 ac
1364 972 1805 1027 considerandum
1827 981 1929 1036 est,
1955 988 2112 1040 quam

570 1061 856 1125 curiosius,
901 1075 999 1116 nec
1046 1062 1178 1114 citra
1227 1061 1519 1130 perieulum
1573 1062 1906 1131 agitandum.
1964 1081 1984 1115 ι
2047 1062 2113 1116 Ει

569 1159 784 1217 pr0plet‘
834 1158 886 1202 te
923 1148 1035 1202 haec
1055 1148 1232 1201 omnia
1263 1147 1362 1203 feci
1386 1147 1451 1203 “.
1483 1166 1500 1200 ι
1530 1147 1755 1218 Propter
1810 1159 1882 1213 te,
1917 1149 2116 1220 inquit,

543 1236 624 1290 in
674 1249 881 1291 erucem
932 1251 1046 1291 sum
1094 1235 1310 1291 suﬁixus
1342 1253 1357 1290 :
1391 1254 1412 1289 ι
1461 1235 1525 1300 Ut
1555 1247 1879 1308 cognoscant
1911 1244 2111 1304 te,‘so-

570 1327 674 1379 lum
734 1325 895 1382 Deum
949 1342 1152 1393 verum,
1205 1336 1261 1382 et
1306 1341 1463 1396 quem
1504 1327 1914 1382 misisti'Jesum
1952 1329 2109 1383 Chri-

567 1427 728 1470 stum.
780 1436 799 1468 ι
830 1417 893 1471 Et
920 1432 1130 1475 rursum
1162 1434 1176 1470 :
1211 1436 1230 1469 ι
1260 1416 1406 1486 Opus
1424 1419 1806 1484 consummavi,
1850 1420 1991 1488 quod
2017 1417 2109 1472 de-

568 1507 690 1560 disti
725 1506 873 1571 mihi,
899 1517 957 1561 ut
980 1508 1174 1564 faciant
1202 1507 1270 1560 “.
1303 1525 1322 1559 ι
1356 1534 1426 1546 -—
1453 1524 1474 1559 ι
1510 1505 1580 1560 Ει
1608 1517 1662 1560 ιιι
1680 1509 1986 1562 convenisti
2016 1523 2111 1564 eor

2225 629 2344 705 netu
2423 615 2742 692 induimus:
2805 635 2824 668 ι
2883 617 3193 687 Quicunque
3271 620 3414 673 enim
3456 619 3509 673 in
3561 619 3784 673 Christo

2221 705 2473 772 baptizati
2491 707 2644 774 estis,
2665 707 2938 764 Christum
2963 709 3206 765 induistia
3231 711 3299 764 ⁸³.
3332 728 3352 762 ι

2289 827 2465 892 Atque
2484 825 2596 878 hate
2615 824 2748 878 satis
2770 838 2890 878 esse
2911 825 2988 878 .de
3019 825 3280 893 baptismo
3325 822 3596 878 existimo.
3630 820 3784 886 Quod

2219 914 2263 968 si
2311 913 2456 981 enim
2485 928 2551 966 ex
2599 912 2684 967 his
2725 913 3007 966 veritatem
3067 927 3171 966 non
3217 910 3550 980 percepistis,
3603 923 3710 964 nec
3739 909 3786 962 si

2219 1004 2365 1072 plura
2406 1002 2665 1056 addamus
2699 1003 2936 1073 quidem,
2975 992 3299 1072 percipietis.
3351 1001 3408 1056 ld
3439 1004 3573 1056 adeo
3602 1001 3790 1056 Domi-

2219 1108 2319 1149 nus
2357 1093 2688 1162 signiﬁcans,
2735 1092 2804 1146 de
2843 1092 2992 1146 vobis
3011 1094 3295 1148 confirmat
3325 1109 3340 1146 :
3380 1110 3398 1143 ι
3427 1090 3487 1147 Si
3515 1090 3707 1146 loses
3733 1102 3788 1145 et

2214 1184 2507 1252 prophetas
2561 1198 2664 1236 non
2715 1183 2958 1247 audiunt,
3012 1196 3186 1252 neque
3241 1183 3287 1236 si
3311 1181 3431 1250 quis
3467 1196 3533 1236 ex
3557 1181 3790 1234 mortuis

2216 1273 2595 1338 resurrexerit,
2657 1275 2878 1327 credent
2905 1258 3029 1327 ".5
3061 1274 3240 1342 Itaque
3291 1285 3346 1328 et
3386 1286 3481 1328 nos
3541 1274 3790 1340 disputa-

2218 1363 2418 1417 tionem
2452 1366 2518 1417 de
2535 1363 2799 1429 baptismo
2822 1365 3188 1417 terminemus.

2283 1475 2405 1532 Jun.
2433 1475 2633 1543 Ecquid
2668 1490 2795 1530 vero
2816 1474 3065 1544 prohibet
3118 1473 3334 1529 Christo
3380 1473 3535 1528 fidem
3559 1473 3786 1536 habere,

2213 1578 2448 1634 eumque
2481 1567 2882 1627 verum-Deum,
2916 1575 2969 1618 et
2993 1562 3089 1618 Dei
3127 1564 3344 1630 Filium,
3394 1563 3639 1631 ejusdem
3663 1577 3785 1614 eum

565 1651 1636 1758 nausia.‘.:..;.,",......m....m
1684 1651 2111 1746 είεδίοεέμεε
2214 1654 2375 1710 νεα-ο
2997 1665 3158 1758 “nam
3218 1651 3785 1758 interiturae?-

568 1743 853 1837 Dominus:
895 1796 915 1829 ι
957 1743 1138 1844 Pater,
1161 1743 1370 1834 dimitte
1401 1777 1506 1833 illis
1537 1797 1552 1833 :
1585 1793 1689 1845 non
1725 1779 1867 1833 enim
1912 1779 2111 1844 sciunt,
2143 1775 2185 1830 Β
2213 1759 2428 1845 Ψ⁰Ψ¹θ
2469 1745 2644 1814 legem
2705 1747 2845 1845 ""ﬁ
2906 1761 2970 1800 ac
3014 1747 3248 1845 τῗίίηθτθ
3274 1761 3289 1809 ἶ
3313 1753 3404 1845 ,ι’-ι
3445 1745 3497 1796 in
3526 1743 3784 1845 “Pan”?

563 1867 688 1933 quid
727 1831 926 1920 εει-ἐίέιηι
960 1831 1275 1922 lilia;
1319 1831 1510 1924 eam.
1534 1831 2004 1939 tgna-.15....a1.
2033 1831 2112 1923 ίὰὲ
2213 1844 2499 1939 ξιιτυητπυθ
2539 1847 2748 1939 “imm
2778 1843 2884 1939 ,⁸⁸η
2917 1835 3234 1939 ³¹¹ἶΡ¹θ⁶⁸³ἷτ
3310 1831 3782 1939 ¹¹³¹¹¹τ¹¹³ἶ¹¹¹ίῗ¹ῗ¹ξῖ¹ῗ

561 1955 699 2011 ueto
733 1957 832 2010 ⁸⁷.»
859 1956 1060 2012 Videtis
1091 1957 1432 2012 humanitatis
1451 1919 1648 2012 Christi
1688 1957 2073 2013 absolutionem

2212 1928 2478 1983 bonorum
2528 1929 2801 1982 consors?
2842 1926 3076 1981 Omnino
3122 1925 3317 1979 nullam
3374 1938 3446 1978 ea~
3483 1936 3572 1977 res
3632 1919 3786 2013 nobis

567 1597 744 1665 populi
803 1597 960 1666 hujus
994 1609 1112 1669 post
1139 1610 1206 1657 te,
1232 1597 1301 1651 “.
1344 1614 1365 1648 ι
1394 1595 1695 1652 Judasorum
1723 1599 2023 1653 caecitatem
2056 1606 2109 1652 et

552 2043 782 2100 Cet-litus
833 2048 1081 2116 delapsus
1106 2046 1241 2112 ignis
1265 2046 1560 2101 divinitatis
1587 2045 1902 2102 descensum
1954 2062 2112 2101 mon-

533 2147 687 2199 ετνιιι,
746 2138 818 2190 uti
868 2140 1083 2208 quidam
1113 2144 1256 2196 inter
1289 2153 1500 2200 nostros
1540 2148 1717 2216 magni
1747 2150 1978 2204 nominis
2010 2152 2091 2204 in-

533 2229 648 2294 quit
679 2246 691 2280 :
729 2246 748 2278 ι
791 2231 927 2284 Deus
949 2242 1132 2286 noster
1163 2234 1300 2301 ignis
1327 2246 1442 2302 est;
1468 2246 1523 2290 et
1548 2239 1760 2306 quidem
1804 2242 1941 2311 ignis
1961 2256 2091 2297 con-

533 2333 748 2374 sumens
807 2319 852 2354 “
887 2339 905 2372 ι
939 2320 1159 2392 ﬂagitia.
1194 2342 1212 2375 ι
1243 2324 1309 2378 Et
1328 2324 1607 2383 devoravit
1653 2331 1993 2400 holocausta,
2035 2344 2090 2388 et

531 2408 692 2475 ligna,
746 2419 803 2463 et
857 2425 1050 2480 aquam
1111 2413 1358 2481 aliusam,
1407 2425 1463 2472 et
1511 2419 1781 2488 aqunmin
1823 2424 2001 2476 mari:
2036 2433 2089 2478 et

529 2499 756 2566 lapides,
793 2510 846 2554 et
897 2511 1093 2558 terram
1123 2505 1304 2562 linxit‘
1330 2509 1486 2578 ignis.
1525 2529 1544 2562 ι
1602 2511 1716 2568 iloc
1746 2524 2085 2582 peccatorum

525 2588 941 2642 mternecionem
1027 2601 1187 2660 atque
1279 2593 1731 2654 oblitterationem
1804 2601 2083 2671 designat.

524 2693 550 2726 ‹
601 2673 670 2729 Ει
713 2678 906 2732 cecidit
938 2682 1114 2736 omnis
1142 2685 1368 2753 populus
1401 2686 1676 2743 inlaciem
1712 2705 1891 2755 suam,
1922 2703 1976 2746 et
2007 2695 2088 2746 di-

522 2766 599 2818 sit
635 2783 649 2820 :
683 2765 820 2824 Vere
871 2771 1124 2827 Dominus
1166 2773 1308 2829 Deus
1358 2776 1472 2847 ipse
1504 2789 1587 2834 est
1634 2779 1773 2834 Deus
1798 2780 1864 2835 δ’.
1906 2801 1925 2834 ι
1949 2781 2082 2836 Nam

517 2857 660 2912 obita
681 2859 827 2913 vitali
853 2872 1040 2928 morte,
1063 2867 1305 2921 centurio
1358 2877 1413 2922 et
1431 2869 1480 2923 ei
1505 2879 1764 2936 astantes,
1795 2865 2080 2928 Dominum

519 2957 758 3004 nostrum
782 2950 962 3007 desum
983 2952 1260 3010 Christum
1297 2971 1422 3012 vere
1446 2957 1537 3014 Dei
1568 2960 1759 3016 Filium
1804 2965 2076 3020 dixerunt.

2215 2018 2681 2088 reprehensionem
2730 2017 2931 2080 inurat,
2995 2031 3168 2085 neque
3219 2015 3467 2070 dicturus
3511 2010 3781 2082 estquis-

2212 2121 2394 2175 quam,
2435 2109 2578 2177 quod
2602 2107 2804 2161 bonum
2837 2115 2940 2170 est,
2965 2105 3014 2159 id
3034 2106 3230 2160 bonum
3253 2118 3358 2157 non
3396 2116 3538 2156 esse.

2262 2235 2486 2290 Cumsr.
2535 2236 2678 2290 Sane
2720 2238 2863 2292 enim
2924 2233 3283 2307 perbene'est,
3321 2243 3365 2297 si
3397 2257 3500 2295 non
3531 2242 3762 2297 duorum

2192 2327 2371 2391 modo,
2418 2326 2512 2380 sed
2563 2327 2724 2381 etiam
2756 2329 2985 2396 plurium
3047 2330 3306 2385 honorum
3347 2341 3658 2387 consortem
3718 2342 3768 2388 te

2190 2426 2438 2484 praestes.
2487 2415 2592 2471 Sed
2647 2431 2744 2472 nec
2791 2418 3076 2486 utriusque
3118 2420 3361 2474 notitiam
3386 2436 3584 2488 capere
3615 2432 3768 2490 pote-

2191 2506 2314 2569 stis,
2348 2519 2445 2559 nec
2475 2515 2783 2560 sanctorum
2809 2507 3090 2576 quisquam
3123 2508 3174 2562 id
3220 2509 3505 2577 permittit,
3529 2523 3624 2563 aut
3653 2510 3766 2579 ipse

2191 2594 2242 2646 in
2269 2595 2454 2663 primis
2479 2593 2726 2649 Christus
2773 2587 2924 2664 cujus
2947 2595 3059 2650 haec
3085 2597 3351 2651 sententia
3371 2608 3452 2653 est
3488 2616 3502 2652 :
3543 2618 3562 2650 ι
3595 2597 3764 2654 Nemo

2187 2695 2365 2753 potest
2383 2685 2590 2740 duobus
2613 2687 2842 2740 dominis
2868 2688 3071 2742 servire
3101 2705 3114 2742 :
3140 2698 3233 2741 aut
3261 2689 3405 2741 enim
3442 2703 3610 2741 unum
3637 2688 3761 2742 odio

2190 2777 2434 2842 habebit,
2493 2785 2546 2830 et
2610 2775 2838 2829 alterum
2893 2777 3226 2846 diiiget;aut
3248 2792 3410 2831 unum
3453 2777 3760 2848 sustinebit,

2185 2883 2240 2927 et
2266 2875 2488 2926 alterum
2513 2880 2820 2927 contemnet
2847 2873 2914 2925 ⁸⁸.
2947 2891 2965 2924 ι
2992 2871 3258 2929 Prasterca
3283 2875 3478 2929 bonum
3500 2876 3761 2940 hactenus

2185 2961 2385 3024 bonum
2429 2972 2536 3026 est,
2579 2962 2623 3016 si
2682 2962 2841 3028 alteri
2887 2963 3028 3018 bono
3052 2947 3250 3018 nun'sit
3281 2964 3475 3030 fraudi,
3505 2974 3667 3040 atque
3690 2964 3758 3018 ad

514 3038 620 3094 Nec
649 3040 721 3096 illi
763 3042 957 3110 solum,
981 3045 1074 3102 sed
1099 3048 1322 3116 apostoli
1356 3065 1569 3122 quoque
1612 3064 1731 3123 post
1755 3056 2074 3127 supplicium
2103 3101 2148 3127 η
2185 3055 2411 3122 potioris
2459 3053 2866 3110 dissolutionem
2921 3065 3311 3126 comparatum.
3337 3054 3432 3110 Sin
3457 3038 3640 3111 contra
3670 3055 3757 3109 fa-

513 3133 639 3189 facti
661 3136 1105 3194 eontlrmatiores.
1139 3139 1411 3211 Siquidem
1437 3144 1514 3198 ait
1539 3145 1767 3202 dilectus
1795 3167 1808 3202 :
1843 3169 1861 3201 ‹
1895 3148 2078 3218 Neque

511 3226 654 3280 enim
692 3226 1028 3298 iratresejus
1053 3232 1342 3288 credebant
1372 3235 1424 3290 in
1454 3250 1577 3291 eum
1603 3238 1671 3297 ³⁸.
1707 3259 1727 3292 ι
1757 3241 1893 3308 Quin
1924 3247 2074 3302 orbis

508 3319 643 3374 adeo
698 3327 963 3376 terrarum
1010 3324 1178 3378 multo
1226 3329 1394 3396 magis
1444 3326 1713 3402 Uuigeniti
1745 3320 2070 3404 praeconium

507 3410 627 3466 eum
664 3412 846 3468 latitia
869 3416 1199 3486 suscepit,ut
1223 3418 1290 3474 de”
1304 3434 1367 3474 eo
1399 3423 1604 3490 prolixe
1624 3436 1849 3480 testatur
1874 3430 2069 3488 Isaias:

510 3517 530 3550 ι
586 3500 953 3559 Ambulabuut
983 3507 1037 3560 in
1064 3522 1124 3561 ea
1155 3509 1400 3578 (scilicet
1439 3510 1829 3587 Hierosolyma)
1860 3521 2072 3574 redem-

503 3591 577 3660 pti
625 3608 653 3646 a
683 3591 910 3651 Domino
965 3597 1225 3667 (pretioso
1259 3604 1559 3676 sanguine),
1604 3614 1657 3660 et
1689 3622 2071 3667 convertentur

502 3691 557 3737 et
595 3685 810 3739 venient
831 3686 884 3741 in
933 3685 1061 3743 SiOu
1094 3690 1161 3744 ".
1193 3708 1212 3743 ι
1248 3691 1308 3747 1d
1329 3704 1432 3762 est,
1468 3697 1534 3752 ab
1555 3711 1782 3754 erronea
1807 3704 2068 3772 supersti«

501 3784 668 3866 tione,
719 3776 822 3830 laeti
855 3787 1016 3847 atque
1039 3791 1262 3837 ovantes
1294 3785 1358 3838 ad
1407 3787 1679 3862 Christum
1708 3793 1944 3862 venient,
1971 3811 2068 3866 per

497 3863 616 3932 ejus
644 3869 1094 3925 resurrectionem
1130 3873 1477 3931 constabiliti.
1549 3897 1569 3930 ε
1604 3879 1670 3935 Ει
1709 3882 1890 3939 laetitia
1924 3863 2068 3948 sem-

500 3955 709 4021 pilenta
761 3970 923 4024 super
978 3971 1138 4029 caput
1193 3977 1398 4018 eorum.
1445 3983 1463 4016 ι
1492 3966 1834 4037 Gaudebunt,
1868 3972 2062 4042 inquit,

494 4056 655 4110 super
688 4047 961 4112 agnitione
984 4052 1065 4104 sui
1089 4051 1410 4122 capitis,qui
1451 4055 1699 4116 Christus
1720 4072 1824 4117 est.
1861 4083 1878 4116 t
1917 4063 2064 4121 Gau-

490 4133 636 4226 dium
669 4144 727 4226 et
773 4135 1013 4192 laetitiam
1066 4141 1425 4199 obtinebunt:
1462 4165 1481 4199 ι
1519 4149 1568 4203 id
1596 4161 1699 4217 est,
1759 4153 1864 4210 lati
1903 4167 2064 4226 atque

488 4221 844 4281 exultabundi
903 4240 1224 4288 assertorem
1271 4251 1444 4294 suum,
1475 4243 1861 4309 praedicabunt.
1919 4267 1937 4301 ι
1975 4221 2062 4305 -Ει

487 4314 658 4413 fugiet
677 4317 900 4376 doloret
930 4325 1161 4392 gemitus
1186 4328 1249 4380 ".
1287 4347 1307 4380 ι
1356 4330 1604 4389 Dolorem
1650 4339 1852 4394 nullum
1900 4352 2060 4413 atque

2179 3145 2306 3210 eiat,
2373 3146 2567 3213 poterit
2601 3145 2887 3215 idquidem
2959 3144 3189 3201 fortasse
3244 3147 3514 3201 nonnullis
3554 3147 3753 3200 bonum

2176 3237 2371 3302 videri,
2424 3237 2631 3292 functio
2671 3235 2823 3292 certe
2845 3253 3183 3308 nequaquam
3210 3237 3348 3293 bona
3387 3248 3490 3294 est.
3534 3238 3664 3292 Nam
3700 3247 3756 3294 et

2175 3323 2530 3398 philosophus
2558 3330 2776 3397 quidam
2805 3329 3002 3384 bonum
3031 3340 3214 3384 censet
3248 3343 3352 3383 non
3380 3342 3503 3385 esse
3532 3329 3752 3390 bonum,

2175 3420 2222 3474 si
2285 3435 2350 3474 eo
2381 3420 2516 3473 bene
2548 3435 2652 3473 non
2706 3419 2952 3489 fungare.
3001 3417 3118 3473 iam
3168 3434 3295 3473 vero
3330 3426 3387 3473 ut
3430 3434 3539 3472 non
3578 3419 3754 3472 omnis

2178 3509 2442 3565 dissensio
2497 3509 2754 3580 pessima,
2791 3512 2886 3564 sed
2919 3510 3182 3563 interdum
3235 3509 3370 3563 adeo
3401 3508 3601 3576 optima
3633 3518 3748 3562 est:

2175 3599 2247 3652 ita
2273 3615 2380 3653 non
2404 3600 2579 3654 omnis
2609 3600 2897 3654 concordia
2929 3599 3154 3667 optima,
3195 3599 3324 3668 quin
3350 3607 3404 3652 et
3434 3597 3748 3664 plerumque

2173 3691 2555 3747 nocentissima
2588 3701 2690 3745 est.
2729 3691 2833 3745 Sed
2875 3691 3068 3759 utejus
3108 3690 3398 3746 sententiae
3420 3689 3554 3762 vim.
3588 3702 3748 3756 aper-

2173 3783 2281 3838 tius
2309 3782 2614 3850 ostendam,
2646 3784 2862 3839 tentabo
2889 3798 2998 3838 rem
3025 3783 3288 3852 exemplis
3312 3779 3612 3836 declarare.

2707 3954 2936 4013 CAPUT
2960 3955 3192 4010 XLVlll.

2405 4122 2556 4191 chis
2596 4120 2790 4176 Christi
2819 4138 2934 4175 cum
2974 4120 3118 4177 More
3161 4122 3501 4188 comparatio.

2235 4273 2368 4328 Tres
2415 4273 2562 4342 leges
2603 4267 2702 4325 SS.
2738 4262 3020 4326 Trinitatis
3056 4249 3310 4342 majestas
3339 4272 3618 4339 prodidit:
3649 4288 3742 4326 na-

2165 4366 2413 4427 turalem,
2459 4369 2710 4432 scriptam
2787 4373 2841 4417 et
2873 4359 3188 4431 spiritalem.
3235 4361 3429 4416 Earum
3479 4364 3739 4418 naturalis

486 4417 741 4476 gemitum
793 4417 844 4466 in
903 4417 970 4470 iis
1027 4417 1290 4488 reliquum
1332 4424 1448 4480 fore
1493 4427 2052 4503 conﬁrmauiquorum

2190 4465 2333 4508 nstar
2354 4464 2436 4507 est
2466 4453 2745 4507 domestici
2775 4453 2933 4522 ignis.
2963 4453 3098 4506 Nam
3130 4450 3251 4508 cum
3292 4455 3439 4523 prius
3474 4454 3526 4508 in
3553 4467 3728 4523 poste-

485 4512 646 4568 super
689 4503 862 4572 capite
916 4508 1165 4576 gaudium
1202 4525 1435 4580 perenne
1469 4522 1557 4571 sit.
1586 4517 1694 4576 Nec
1733 4537 1860 4577 vero
1887 4527 2058 4580 otioSe

484 4587 659 4642 dixit:
697 4607 717 4641 ι
787 4608 947 4662 super
1001 4609 1181 4668 caput,
1235 4621 1253 4653 ι
1301 4607 1393 4660 sed
1439 4614 1768 4679 utgaudium
1815 4618 2052 4671 omnium

481 4681 802 4747 gaudiorum
857 4687 1345 4750 eminentissimum
1408 4700 1727 4761 declararet.
1780 4706 1928 4773 Quod
1961 4715 2053 4762 ad-

480 4773 559 4873 dit
585 4787 600 4825 :
631 4790 649 4823 ι
674 4771 880 4829 Laetitia
905 4781 1249 4851 sempiterna,
1281 4807 1298 4837 ι
1319 4789 1371 4842 id
1397 4796 1735 4862 eo-pertiuet,
1763 4771 1827 4852 ne
1850 4802 1899 4854 id
1927 4819 2053 4873 gau-

477 4864 647 4930 dium,
681 4869 952 4943 baptismi,
980 4873 1216 4943 inquam,
1263 4886 1486 4947 gratiam
1524 4891 1780 4946 caducam
1821 4910 1883 4948 ac
1908 4864 2045 4950 ιξιιι-

476 4961 743 5058 porariam
805 4967 1077 5035 crederes,
1124 4976 1216 5026 sed
1278 4991 1512 5045 perenne
1555 4999 1615 5036 ae
1637 4990 2043 5058 sempiternum.

475 5051 609 5150 bam
672 5063 729 5106 ut
771 5057 920 5124 prior
967 5062 1204 5118 Adamus
1249 5070 1488 5125 violanda
1541 5075 1656 5143 lege
1695 5051 2043 5150 temporalem

423 5154 429 5160 ·
473 5143 628 5198 nobis
677 5160 904 5204 mortem
930 5155 1271 5223 conciliavit;
1328 5161 1397 5213 ita
1428 5174 1477 5216 et
1499 5164 1767 5237 Christus,
1794 5143 1882 5241 qui
1911 5175 2046 5229 alter

469 5248 550 5290 cst
598 5239 856 5308 Adatnus,
884 5246 998 5300 sine
1025 5249 1154 5302 vitio
1182 5266 1518 5321 corporatus,
1566 5239 1858 5326 perennem
1883 5278 2043 5337 atque

465 5329 834 5401 incorruptam
893 5337 1350 5399 inuuortalitatetn
1407 5351 1653 5419 cetttulit.
1685 5356 1761 5409 Ac
1791 5360 1932 5415 velut
1957 5329 2039 5417 se-

530 5559 572 5591 ⁸⁸
1071 5567 1160 5660 αἶ’
1189 5570 1480 5660 “En-LXIX,
1511 5579 1604 5635 ‘28.
1681 5566 1727 5614 ⁸⁵
1765 5581 1849 5660 111-
1875 5587 2002 5660 Reg.
2040 5609 2192 5660 xvnl,
2240 5597 2327 5652 56.

1573 5661 1921 5753 '§\"l‘l‘i:‘?8.m
1953 5661 2302 5753 ⁸⁴⁵Ωρεξιι1..ιγΞ
2333 5667 2423 5724 24.

1649 5725 1824 5779 Calat.
1866 5744 1946 5798 ιιι,
1996 5731 2086 5787 27.

459 5627 550 5700 37.
626 5631 670 5662 "
707 5634 836 5688 Luc.
868 5627 1021 5698 sint.
1071 5639 1163 5693 34.
1238 5641 1282 5673 ⁸⁷
1310 5627 1386 5698 ill
1412 5627 1488 5700 Re

459 5653 550 5681 at.
627 5653 670 5662 ν-
707 5653 836 5688 δυο.
868 5653 1021 5698 astu.
1072 5653 1163 5693 se.
1238 5653 1281 5673 "
1321 5653 1386 5698 ιιι
1412 5653 1544 5718 Reg.
1591 5667 1746 5718 ιιι-ιιι,
1783 5653 1871 5708 58.

456 5697 512 5751 5.
589 5702 630 5732 ¹¹
665 5700 768 5756 lsa.
804 5722 944 5774 sunt
1004 5708 1059 5763 9.
1138 5711 1182 5742 "
1211 5711 1344 5768 ibid.
1382 5716 1469 5771 lO.
1573 5721 1620 5753 ⁵³
1649 5725 1824 5774 Calat.
1868 5744 1871 5770 ι

2163 4559 2366 4597 norum
2414 4544 2642 4596 duarqu
2683 4545 3017 4620 ignoratione
3055 4545 3295 4598 homines
3329 4545 3606 4613 degerent,
3641 4561 3739 4598 na-

2161 4637 2318 4689 turali
2371 4637 2507 4704 lege,
2531 4636 2682 4705 quasi
2736 4638 2969 4704 quodam
3001 4637 3292 4690 domestico
3313 4636 3457 4704 igne,
3490 4636 3737 4707 aliquau-

2141 4729 2328 4798 ‘ttsper
2354 4731 2828 4783 collustrahautur.
2865 4729 3064 4783 Deinde
3081 4728 3220 4782 edita
3257 4728 3458 4796 seripta
3477 4736 3582 4791 est,
3611 4743 3735 4796 qua!

2160 4823 2348 4872 umbra
2414 4821 2657 4887 quaedam
2715 4829 2877 4886 atque
2931 4816 3235 4886 exemplum
3280 4825 3425 4871 esset
3449 4817 3730 4885 spiritalis,

2156 4913 2295 4965 luna.-
2377 4920 2682 4978 comparnta
2744 4910 2951 4962 lumini.
2999 4906 3249 4962 Caelestis
3300 4917 3480 4960 autem
3525 4905 3611 4958 illa
3677 4917 3731 4960 et

2156 5004 2438 5074 Spit-italis,
2502 5013 2661 5071 atque
2715 5019 2743 5054 a
2783 5017 2908 5055 vero
2941 5001 3166 5071 justitiu:
3189 5000 3313 5054 Sole
3345 4998 3605 5069 profecta,
3638 5014 3731 5052 su-

2151 5111 2245 5163 per
2267 5094 2434 5148 solem
2467 5093 2683 5154 ell'ulsit,
2721 5103 2774 5144 et
2816 5094 3089 5145 hominum
3124 5102 3331 5143 tuentes
3354 5090 3584 5157 quadam
3605 5095 3728 5140 tan-

2147 5201 2306 5254 quam
2365 5185 2483 5238 luce
2506 5196 2664 5252 atque
2700 5182 2892 5249 jubure
2916 5182 3171 5251 perfudit,
3204 5184 3270 5233 ad
3317 5182 3564 5248 viamque
3585 5181 3728 5234 veri-

2149 5278 2274 5330 tatis
2312 5277 2547 5329 deduxit.
2610 5275 2776 5343 Igitur
2842 5276 3012 5328 bonus
3049 5281 3132 5327 est
3182 5282 3238 5326 et
3287 5272 3617 5326 domesticus
3668 5271 3725 5324 in

2150 5369 2390 5423 tenebris
2415 5381 2679 5436 apparens
2706 5368 2869 5434 ignis,
2902 5370 2992 5421 sed
3023 5368 3211 5421 melior
3236 5369 3406 5434 luna};
3446 5369 3577 5425 solis
3598 5377 3724 5426 vero

2434 5599 2478 5630 ιδ
2518 5598 2677 5723 viii
2700 5602 3128 5737 Βξέδξὶγῇἲέθ,
3170 5599 3720 5728 $5.”'u“i§.'n."iiii

2191 5737 2237 5768 "
2283 5736 2412 5794 Luc.
2456 5755 2566 5810 xw,
2599 5741 2686 5795 51.
2765 5743 2811 5773 ⁸⁵
2851 5739 3042 5798 Matth.
3073 5736 3147 5808 vi,
3190 5744 3276 5801 ii.
