3956 6324
145 322 241 387 881

1130 390 1134 393 ,
1192 321 1574 382 DIALOGUS
1600 319 1903 380 CONTRA
1936 323 1969 383 Ι
1982 324 2251 385 [ΠΜΞΟΞ

148 439 326 494 multis
346 440 585 511 partibus
602 432 829 504 clarior,
856 440 1055 511 quippe
1074 448 1364 509 utrumque
1377 440 1709 505 obfuscans;
1741 444 1786 498 Δ
1815 440 1929 496 dies
1953 441 2193 505 venient,
2221 443 2354 498 dicit
2389 441 2688 497 Dominus:
2717 453 2771 499 et
2810 441 3000 497 feriam
3024 441 3206 497 domui
3234 438 3371 495 luds

144 544 389 586 cateruas
445 529 776 600 illejustitiae
816 529 960 585 Solis
990 530 1074 585 vel
1099 531 1275 599 ipsum
1312 531 1478 586 solem
1510 531 1716 585 exstin-

146 623 274 689 guit.
313 621 426 677 Nec
449 621 670 691 injuria,
703 621 964 688 siquidem
994 636 1128 690 opus
1147 636 1306 676 omne
1354 623 1494 676 cedit
1513 622 1713 690 opiiici.

146 720 218 767 Ac
242 712 692 787 quemadmodum
721 711 831 780 Mi)
855 711 1079 766 meridie
1095 713 1383 776 constanti,
1422 713 1704 780 splendide

145 800 442 858 collucente
502 801 640 865 sole,
691 801 973 855 domestici
1004 802 1142 872 ignis
1198 809 1327 858 usus
1357 818 1463 857 non
1490 802 1715 866 est;sic

156 902 503 962 posteaquam
538 892 761 959 iustitia:
810 891 902 947 Sol
955 891 1149 960 illuxit,
1211 901 1265 948 et
1290 895 1474 961 gratiae
1515 895 1716 947 veritas

143 994 224 1038 est
258 987 492 1051 detecta,
530 992 640 1038 tum
670 984 952 1048 naturalis,
972 993 1084 1038 tum
1119 986 1315 1055 scripta
1348 985 1432 1040 lex
1482 986 1711 1055 abroga-

147 1088 226 1129 lat.
267 1076 347 1130 Ad
373 1059 619 1130 eumdem
644 1076 854 1130 modum
887 1075 1054 1145 legale
1085 1075 1312 1140 Pascha,
1347 1088 1402 1131 ut
1433 1077 1713 1146 theologus

147 1165 364 1233 quidam
398 1175 612 1220 nostras
642 1166 735 1231 ait,
759 1161 990 1234 exempli
1044 1167 1346 1235 exemplum
1371 1175 1489 1221 erat
1521 1166 1714 1230 obscu~

149 1255 276 1309 rius.
333 1253 449 1309 Jam
510 1254 729 1321 Paulus,
780 1256 882 1309 mei
932 1256 1138 1310 Christi
1200 1272 1284 1321 os,
1321 1256 1710 1323 Benjamiueusi

155 1345 291 1399 tribu
320 1356 492 1410 ortus,
520 1347 856 1415 aliquatenus
889 1351 986 1401 nos
1030 1348 1231 1410 videre,
1289 1356 1345 1400 et
1373 1346 1712 1416 aliquatenus

153 1436 428 1490 vaticinari
457 1438 615 1492 docet
633 1439 783 1504 l“"";
816 1446 870 1491 at
899 1453 1020 1492 cum
1046 1439 1369 1492 successerit
1391 1437 1708 1506 perfectum,

152 1534 255 1579 tum
273 1528 618 1598 aliquatenus
645 1530 744 1584 hoc
773 1529 1003 1584 deletum
1035 1529 1124 1586 iri.
1159 1530 1340 1596 Quare
1367 1540 1426 1583 ut
1453 1531 1710 1597 perfectae

149 1613 283 1666 illius
332 1627 529 1671 nostra:
582 1618 990 1673 restau-rationis
1047 1620 1233 1673 umbra
1270 1635 1333 1674 ac
1376 1609 1578 1690 elligies
1606 1630 1707 1682 est.

150 1703 400 1772 quidquid
441 1706 492 1760 in
531 1709 708 1764 medio
749 1710 979 1779 positum
1018 1718 1125 1774 est,
1171 1713 1242 1764 ita
1270 1726 1399 1765 sane
1427 1713 1632 1766 invecta
1648 1712 1707 1765 in

151 1795 326 1848 orbem
393 1807 661 1852 terrarum
725 1800 950 1870 spiritali
1007 1803 1142 1870 iege,
1193 1803 1332 1856 nulla
1389 1802 1496 1856 alia
1551 1816 1713 1869 porro

156 1896 288 1951 Opus
318 1886 598 1946 habemus.
647 1886 830 1958 Neque
858 1906 984 1946 vero
1010 1894 1092 1947 vel
1144 1892 1406 1946 tantillum
1457 1892 1713 1961 spiritalis

152 1989 177 2024 a
209 1978 404 2042 scripta
435 1980 731 2046 discrepat,
766 1983 897 2048 quin
932 1984 1110 2051 pctius
1146 1985 1430 2038 confirmat
1458 1999 1523 2038 ac
1553 1984 1712 2038 resti-

155 2064 281 2131 tuit;
319 2069 370 2121 id
402 2070 540 2136 quod
573 2080 800 2127 testatur
825 2083 877 2127 et
909 2075 1252 2143 meusJesus,
1287 2079 1339 2131 in
1363 2078 1476 2132 hrec
1500 2079 1664 2132 verba
1692 2093 1708 2133 :

159 2177 176 2207 ι
209 2157 383 2216 Nolite
439 2175 649 2229 putare,
701 2170 957 2234 quoniam
1007 2170 1124 2223 veni
1155 2170 1363 2224 solvere
1393 2169 1585 2239 legem,
1620 2180 1712 2223 aut

152 2251 467 2318 prophetas;
523 2271 626 2309 non
688 2259 805 2313 veni
868 2260 1098 2323 solvere,
1128 2261 1220 2315 sed
1264 2262 1554 2330 adimplere
1582 2261 1646 2314 ⁸⁸.
1685 2279 1703 2314 s

157 2341 324 2410 Atque
359 2353 416 2397 ut
445 2347 758 2415 explicatius
784 2351 1029 2418 videatis,
1064 2353 1196 2423 ipsis
1216 2354 1391 2407 verbis
1422 2354 1706 2407 veritatem

154 2441 468 2493 sratuamus.
523 2437 663 2507 Ergo
691 2448 744 2494 et
797 2441 958 2497 habet
984 2442 1104 2496 lex:
1139 2460 1159 2494 α
1192 2443 1328 2497 Audi
1361 2442 1528 2498 Israel
1555 2461 1570 2498 :
1599 2445 1707 2499 Do-

155 2522 325 2577 minus
379 2521 519 2579 Deus
573 2535 714 2591 tuus,
773 2529 1028 2586 Dominus
1061 2548 1197 2587 unus
1236 2543 1338 2588 est.
1381 2533 1576 2605 Diliges
1611 2536 1712 2588 Do-

153 2607 346 2662 minum
401 2611 563 2666 Deum
618 2623 764 2669 tuum
796 2632 861 2672 ex
915 2627 1022 2673 tota
1056 2621 1234 2674 anima
1264 2632 1376 2684 tua,
1421 2631 1473 2675 et
1503 2638 1566 2676 ex
1599 2631 1708 2677 tota

152 2697 450 2758 fortitudine
500 2712 587 2759 tua
636 2716 688 2760 et
717 2723 779 2761 ex
839 2718 946 2763 tota
979 2720 1156 2765 mente
1183 2724 1269 2765 tua
1307 2714 1373 2764 ⁵ο.
1413 2732 1432 2764 ι
1470 2711 1538 2767 Ει
1587 2730 1707 2769 rur-

153 2803 260 2841 sum
295 2808 310 2844 :
362 2811 381 2842 ι
420 2792 616 2864 Diliges
649 2797 950 2863 proximum
974 2809 1119 2854 tuum
1147 2801 1291 2855 sicut
1321 2802 1548 2870 teipsum
1580 2803 1647 2855 “.
1684 2821 1704 2854 ι

155 2879 338 2935 Eadem
398 2882 510 2952 (ιὲ)
563 2900 694 2941 sane
755 2886 1014 2945 Dominus
1057 2900 1112 2944 et
1163 2891 1216 2944 in
1300 2892 1470 2946 sancti
1555 2891 1709 2948 Lucae

159 2970 453 3040 Evangelio.
515 2974 698 3044 Neque
748 2977 863 3033 haec
913 2981 1106 3047 solum,
1138 2982 1231 3036 sed
1255 2983 1402 3037 addit
1431 2999 1444 3037 :
1481 3002 1501 3035 ι
1536 2982 1593 3037 in
1625 2983 1708 3040 bis

1821 529 1995 583 imdus
2025 545 2258 585 novum:
2290 545 2395 588 non
2433 530 2730 586 secundum
2761 536 2998 599 pactum,
3031 529 3171 599 quod
3197 529 3372 600 pepigi

1817 635 1942 677 cum
1972 622 2212 688 patribus
2254 636 2438 677 eorum
2475 624 2527 677 in
2575 623 2661 686 die
2736 637 2838 690 qua
2886 622 3211 694 apprehendi
3261 634 3374 673 rea-

1819 729 1946 772 num
1980 728 2190 776 eorum,
2247 722 2307 767 ut
2331 717 2610 767 educerem
2646 727 2741 768 eos
2791 711 2858 766 de
2915 721 3063 767 terra
3108 708 3372 781 Egypti:

1818 814 2030 872 pactum
2065 804 2208 872 quod
2245 804 2452 858 irritum
2487 804 2746 859 iecerunt.
2782 803 2846 857 Et
2874 818 2971 873 ego
3015 803 3219 871 neglexi
3251 814 3369 866 eos,

1817 895 1947 950 dicit
1979 895 2255 950 Dominus.
2301 894 2408 949 Sed
2456 894 2557 948 hoc
2580 896 2681 949 erit
2731 903 2966 962 pactum,
2999 884 3153 960 quod
3181 891 3371 946 feriam

1816 999 1938 1039 cum
1979 986 2137 1041 domo
2193 986 2402 1040 lsrael:
2449 986 2576 1040 Post
2619 985 2732 1039 dies
2770 984 2907 1048 illos,
2939 980 3372 1044 dicitDominus,

1817 1077 1957 1132 dabo
1985 1077 2157 1144 legem
2193 1091 2368 1131 meam
2398 1077 2452 1130 in
2483 1073 2779 1130 visceribus
2805 1089 3016 1138 eorum,
3049 1081 3104 1126 et
3133 1071 3185 1125 in
3215 1072 3376 1126 cordo

1815 1185 2000 1224 eorum
2057 1169 2290 1226 scribam
2327 1183 2489 1226 eam:
2542 1179 2598 1222 et
2624 1182 2717 1222 ero
2742 1170 2821 1222 eis
2875 1169 2926 1221 in
2960 1166 3154 1228 Deum,
3196 1171 3252 1220 et
3273 1161 3374 1231 ipsi

1814 1269 1972 1315 erunt
2000 1261 2132 1315 mihi
2167 1261 2219 1314 in
2253 1260 2530 1331 populum.
2588 1258 2657 1313 Et
2703 1272 2809 1312 non
2851 1258 3059 1313 docebit
3088 1255 3230 1311 ultra
3292 1251 3373 1305 vir

1815 1355 2114 1422 proximum
2147 1370 2324 1418 suum,
2377 1364 2433 1409 et
2489 1353 2573 1407 vir
2629 1352 2850 1409 fratrem
2905 1367 3084 1413 suum.
3145 1350 3373 1407 dicens:

1813 1445 2090 1513 Cognosce
2120 1442 2446 1500 Dominum:
2509 1455 2697 1498 omnes
2724 1441 2872 1496 enim
2931 1445 3260 1508 cognoscent
3287 1450 3374 1489 me

1806 1549 1845 1589 va
1876 1535 2100 1597 minimo
2125 1547 2310 1588 eorum
2335 1546 2505 1602 usque
2528 1533 2594 1586 ad
2625 1527 2939 1593 maximum,
2977 1530 3050 1584 ait
3070 1529 3328 1583 Dominus
3355 1543 3374 1582 :

1782 1701 1784 1704 ν
1813 1624 1937 1694 quia
1964 1623 2294 1694 propitiabor
2321 1621 2589 1692 iniquitati
2608 1637 2816 1689 eorum,
2848 1632 2903 1678 et
2941 1620 3369 1689 peccati-eorum

1815 1729 1920 1769 non
1967 1715 2307 1769 memorabor
2358 1713 2590 1783 amplius
2621 1713 2690 1766 ".
2731 1730 2756 1763 ι
2801 1713 2865 1766 Et
2894 1726 2989 1780 per
3032 1708 3369 1764 Ezechielem

1818 1804 1956 1858 Deus
1983 1821 1997 1857 :
2029 1822 2049 1856 ‹
2077 1803 2422 1859 Recordahor
2447 1819 2543 1874 ego
2575 1804 2714 1874 pacti
2752 1804 2853 1858 mei
2878 1812 3054 1857 tecum
3090 1802 3143 1856 in
3186 1795 3375 1856 diebus

1813 1896 2187 1953 adolescentiae
2224 1906 2368 1949 tute:
2427 1905 2481 1950 et
2513 1893 2783 1949 suscitabo
2816 1892 2908 1949 tibi
2968 1901 3179 1961 pactum
3230 1906 3376 1950 sem-

1812 1989 2082 2057 piternum
2107 1988 2175 2042 ⁸⁸.
2212 2007 2231 2038 ι
2267 1985 2334 2041 Et
2361 2001 2612 2041 rursum:
2657 2001 2676 2035 ι
2705 1983 2821 2038 Non
2881 1982 3370 2052 jactabitur’dein-

1812 2094 1938 2147 ceps
1982 2079 2084 2134 hoc
2135 2079 2512 2148 proverbium:
2574 2073 2658 2130 Me
2711 2074 2914 2130 scelera
2982 2081 3263 2141 parentum
3317 2070 3386 2124 in'

1814 2168 1952 2224 ﬁlios
1985 2175 2039 2224 et
2069 2168 2361 2237 abnepotes
2394 2165 2664 2236 persequi,
2724 2163 2817 2219 sed
2846 2149 2952 2233 qui
2973 2175 3129 2216 uvam
3155 2160 3367 2219 ederint

1812 2263 2084 2324 acerbam,
2138 2263 2327 2313 eorum
2359 2257 2542 2313 dentes
2588 2255 2877 2324 stupebuut
2901 2253 2968 2306 "'.
3009 2271 3026 2304 ι
3063 2251 3130 2306 Et
3155 2249 3367 2304 lsaias:

1818 2370 1836 2404 σ
1874 2350 2064 2407 Vetera
2096 2349 2409 2415 ﬂuxerunt;
2463 2363 2599 2405 nova
2648 2357 2865 2418 quoque
2903 2358 3003 2412 ego
3054 2340 3364 2395 annuntio:

1811 2453 2099 2512 antequam
2155 2445 2420 2505 oriantur,
2455 2440 2638 2494 audita
2670 2438 2821 2493 vobis
2847 2435 3039 2490 iaciam
3076 2432 3145 2486 “.
3185 2451 3204 2484 ι
3242 2429 3368 2485 Hzec

1809 2534 2051 2588 elocutus
2083 2531 2344 2603 prephcta
2381 2528 2640 2598 subjicit:
2681 2545 2701 2580 ‹
2728 2525 2952 2582 Cantate
2985 2521 3211 2576 Domino
3241 2534 3372 2575 cau-

1813 2626 1975 2680 ticum
2028 2634 2223 2678 novum
2258 2623 2322 2677 ⁶⁹.
2361 2640 2381 2674 s
2433 2620 2701 2688 Quoniam
2753 2616 2895 2672 enim
2939 2623 3125 2669 vetera
3190 2611 3369 2666 ﬂuxe-

1813 2726 1975 2783 runt;
2032 2723 2088 2772 et
2119 2731 2240 2785 qua:
2291 2714 2521 2768 obscure
2566 2712 2694 2766 olim
2757 2709 2982 2779 ﬁgurata
3033 2713 3177 2772 sunt,
3232 2717 3374 2758 nunc

1811 2806 2015 2876 liquido
2065 2814 2189 2861 sunt
2218 2805 2475 2876 perlecta.
2525 2822 2545 2855 ι
2580 2803 2808 2858 Cantate
2839 2799 3069 2854 Domino
3095 2797 3366 2852 canticum

1811 2914 2028 2954 novum.
2067 2916 2086 2949 ι
2120 2898 2261 2952 idem
2300 2908 2505 2966 porro:
2570 2913 2590 2946 ι
2625 2892 2970 2960 Principatus
3014 2887 3130 2958 eius
3168 2887 3373 2957 gloria-

1811 2999 1964 3045 catur
2016 3004 2200 3058 supra,
2235 2985 2537 3056 nomenque
2570 2985 2685 3052 eius
2726 2983 3028 3054 glorificant
3057 2997 3087 3034 a
3137 2981 3372 3036 suntmi-

162 3062 359 3122 duobus
405 3067 675 3122 mandatis
724 3069 971 3126 universa
1028 3071 1109 3127 lex
1151 3073 1346 3144 p‘endet
1375 3083 1430 3129 et
1473 3077 1706 3145 prophe-
1731 3087 1774 3147 ο
1813 3089 1923 3137 tate
1963 3091 2156 3136 terrm:
2225 3079 2318 3148 qui
2344 3076 2678 3132 descendunt
2731 3076 2784 3129 in
2816 3090 2984 3139 mare,
3019 3083 3069 3129 et
3109 3073 3365 3142 navigant

155 3161 213 3205 ta
239 3154 303 3208 ⁶¹.
334 3173 352 3205 ι
383 3156 476 3210 illa
505 3159 723 3228 antiqua
755 3161 885 3215 dicit
915 3178 931 3216 :
957 3161 1073 3218 Non
1099 3166 1315 3220 occides
1348 3183 1362 3231 ;
1393 3166 1701 3223 Christiana

152 3243 300 3295 etiam
348 3261 512 3316 genas
557 3248 855 3309 volentibus
879 3252 1041 3310 ferire
1089 3257 1332 3326 porrigit.
1361 3256 1495 3312 Illa:
1531 3276 1550 3309 ι
1585 3257 1703 3314 Non

155 3336 535 3404 maechaberis;
580 3359 599 3392 ι
636 3341 792 3417 haec:
835 3360 854 3395 ι
901 3343 976 3398 Ne
1000 3347 1346 3415 concupisces
1407 3349 1637 3418 quidem.
1676 3367 1696 3403 s

153 3429 234 3481 Illa
269 3446 322 3483 :¢
357 3433 470 3489 Non
499 3434 763 3492 furaberis
791 3440 874 3505 ";
904 3458 923 3493 ι
970 3440 1082 3495 haec
1114 3441 1349 3512 litigare,
1380 3453 1433 3499 et
1463 3446 1700 3501 tunicam

153 3522 355 3578 auferre
402 3527 620 3592 volenti,
664 3530 822 3585 etiam
878 3541 1053 3601 togam
1091 3533 1371 3602 permittit.
1403 3534 1492 3590 Illa
1537 3537 1701 3593 :Non

154 3616 489 3684 concupisces
518 3619 686 3674 aliena
719 3636 736 3686 ;
777 3620 892 3676 haec
925 3640 939 3675 :
971 3622 1143 3677 Etiam
1170 3624 1313 3695 iuste
1335 3637 1487 3694 parta
1519 3628 1702 3684 dimit-

155 3711 263 3770 tes;
307 3707 393 3761 illa
418 3722 434 3760 :
463 3707 577 3764 Non
609 3710 870 3780 pejerabis
896 3729 912 3776 ;
969 3716 1263 3785 spiritualis
1297 3735 1315 3773 :
1341 3716 1452 3774 Nec
1478 3734 1701 3790 parvum

155 3807 245 3847 nec
289 3811 539 3868 magnum
593 3798 840 3868 jurabis;
876 3817 974 3858 ceu
1035 3803 1346 3872 iuramento
1403 3811 1701 3879 periurium

154 3895 375 3942 creante.

219 3973 311 4031 His
341 3992 405 4032 ac
451 3979 718 4038 similibus
746 3984 812 4040 de
859 3986 1039 4041 causis
1075 3987 1149 4042 ait
1187 3985 1475 4045 Salvator:
1516 4009 1536 4042 ι
1584 3990 1700 4048 Non

155 4067 266 4120 veni
285 4069 491 4124 solvere
514 4071 703 4140 legem,
728 4085 816 4129 aut
842 4079 1155 4147 prophetas,
1175 4081 1268 4133 sed
1289 4081 1580 4151 adimplere
1599 4084 1695 4139 “.i

155 4151 204 4208 id
251 4166 361 4224 est,
416 4162 586 4229 tueri,
648 4168 1012 4233 constabilire,
1077 4170 1310 4224 iirmare.
1368 4173 1544 4242 Atque
1591 4175 1704 4230 haec

155 4260 251 4311 quo
292 4250 625 4319 exploratius
702 4270 766 4309 ac
808 4257 1062 4312 disertius
1115 4262 1415 4327 tradamus,
1469 4263 1703 4332 prophe-

158 4345 318 4392 tarum
376 4345 680 4400 sententias
710 4345 764 4400 in
790 4347 1025 4402 medium
1059 4349 1420 4418 proferamus.

639 4534 645 4540 ,
702 4478 931 4537 CAPUT
963 4480 1147 4537 XLIX.

158 4607 437 4680 Pmphetfw
471 4613 537 4666 de
563 4611 804 4669 Iudaica:
845 4617 971 4696 iegis
1010 4617 1371 4687 abrogatione,
1418 4635 1508 4673 seu
1569 4637 1693 4675 cor-

756 4698 1002 4740 recttone.
1092 4758 1100 4766 .

219 4799 388 4856 Moses
434 4800 846 4870 Deuteronomio
874 4817 899 4871 τί
928 4819 946 4852 t
979 4800 1204 4866 Quando
1234 4798 1697 4869 ingressusi‘uerts

157 4899 364 4957 terram,
395 4903 556 4962 quam
592 4891 846 4945 Dominus
882 4891 1022 4946 Deus
1067 4901 1189 4947 tuus
1211 4893 1358 4946 dabit
1392 4895 1486 4949 tibi
1517 4935 1532 4961 ,
1561 4913 1694 4952 cave

159 4998 217 5034 ne
245 4984 442 5037 imitari
476 4985 610 5039 velis
679 4982 1109 5038 abominationes
1165 4985 1374 5038 illarum
1433 4989 1700 5056 gentium.

157 5070 250 5126 Sed
289 5076 602 5143 prophetam
656 5073 936 5129 suscitabit
969 5075 1062 5129 tibi
1094 5075 1352 5129 Dominus
1400 5077 1542 5130 sicut
1596 5096 1699 5145 me,

157 5165 318 5233 ipsum
363 5166 546 5221 audies
603 5166 656 5220 in
689 5165 939 5220 omnibus
966 5165 1032 5218 “.
1078 5184 1096 5216 ι
1163 5165 1422 5219 Jeremias
1453 5183 1466 5220 :
1503 5183 1522 5217 t
1567 5168 1701 5222 Ecce

1812 3172 1963 3235 illud,
2010 3181 2065 3226 et
2125 3167 2312 3224 insula
2376 3168 2559 3224 multa:
2584 3167 2654 3222 1'.
2690 3186 2710 3219 ι
2777 3165 2922 3222 Sane
2968 3165 3172 3220 Christi
3230 3178 3370 3220 nova

1810 3261 1898 3316 lex
1937 3269 1991 3318 et
2035 3274 2252 3318 sursum
2285 3260 2340 3314 in
2390 3259 2564 3322 ctelis.
2620 3257 2757 3314 etin
2821 3266 2963 3313 terra
3022 3256 3368 3326 praedicatur.

1808 3348 1942 3404 Nam
1984 3350 2037 3403 in
2100 3349 2405 3405 Servatoris
2465 3359 2585 3403 ortu
2660 3348 2834 3418 angeli
2895 3362 3016 3403 cum
3059 3347 3371 3416 pastoribus

1809 3440 2093 3496 laudantes
2148 3439 2451 3495 canebant:
2499 3458 2519 3492 s
2571 3438 2753 3495 Gloria
2802 3440 2856 3493 in
2903 3438 3182 3493 altissimis
3237 3439 3367 3504 Deo,

1809 3540 1865 3588 et
1907 3532 1962 3585 in
1992 3539 2134 3586 terra
2171 3545 2274 3601 pax
2329 3530 2638 3585 hominibus
2692 3530 2846 3584 bonae
2891 3529 3191 3586 voluntatis
3230 3531 3294 3582 ".
3341 3547 3362 3583 s

1808 3622 1974 3678 Isaias
2001 3635 2130 3677 vero
2159 3621 2352 3676 iterum
2382 3633 2399 3672 :
2465 3640 2484 3672 ι
2514 3619 2699 3675 Veniet
2737 3621 2802 3675 de
2831 3621 2961 3676 Sion
3006 3622 3287 3689 liberator,
3311 3631 3367 3677 et

1807 3700 2108 3768 revertetur
2164 3715 2232 3768 ab
2261 3711 2531 3780 impietate
2564 3709 2752 3767 Iacob.
2803 3710 2870 3765 Et
2919 3712 3022 3768 hoc
3071 3712 3177 3767 erit
3203 3714 3283 3770 eis
3335 3728 3370 3769 a

1807 3819 1896 3860 me
1924 3810 2320 3867 testamentum,
2361 3816 2482 3857 cum
2517 3817 2698 3859 eorum
2730 3818 2900 3858 noxas
2959 3806 3229 3861 sustulero
3245 3806 3310 3859 ".
3346 3824 3366 3857 s

1806 3895 2070 3952 Jeremias
2095 3894 2146 3949 ei
2179 3895 2503 3951 sententiae:
2541 3914 2560 3948 ι
2607 3895 2706 3950 ilic
2733 3904 2815 3951 est
2869 3896 3011 3952 Deus
3049 3906 3257 3963 noster,
3313 3907 3371 3953 et

1809 4003 1915 4043 non
1953 3988 2309 4043 mstimabitur
2363 3986 2501 4042 alius
2552 3987 2809 4043 adversus
2837 4002 2983 4043 eum.
3021 3986 3119 4043 llic
3152 3989 3369 4044 adiuve-

1809 4076 1889 4130 nit
1935 4091 2146 4131 omnem
2204 4076 2344 4130 viam
2396 4074 2695 4144 discipline
2731 4075 2798 4139 ",
2839 4093 2860 4128 s
2908 4085 2964 4131 et
2993 4090 3111 4146 quae
3135 4091 3372 4146 sequun-

1808 4177 1938 4232 tur;
1974 4167 2160 4221 addit:
2195 4184 2214 4217 ι
2269 4165 2368 4220 llic
2407 4166 2543 4220 liber
2597 4168 2977 4220 mandatorum
3025 4167 3145 4232 Dei,
3178 4176 3234 4222 et
3282 4166 3368 4222 lex

1809 4273 1926 4328 qua:
1958 4267 2041 4313 est
2079 4259 2132 4311 in
2198 4267 2482 4312 aeternum.
2553 4256 2776 4322 Omnes,
2832 4258 2926 4327 qui
2989 4268 3172 4313 tenent
3223 4274 3368 4327 eam,

1810 4344 2125 4420 pervenient
2155 4349 2222 4404 ad
2253 4349 2413 4404 vitam
2441 4349 2567 4418 :qui
2592 4359 2768 4404 autem
2791 4348 3194 4418 dereliquerunt
3220 4364 3364 4417 eam,

1733 4432 1859 4495 Din
1891 4449 2116 4496 mortem
2153 4441 2218 4496 ⁷⁸.
2258 4459 2278 4493 ι

1876 4534 1999 4588 Jun.
2048 4532 2204 4599 Quod
2235 4533 2280 4589 si
2310 4535 2506 4604 scripta
2555 4534 2661 4600 lex,
2715 4535 3160 4604 quemadmodum
3191 4537 3370 4605 perhi-

1808 4621 1967 4685 betis,
2013 4621 2153 4674 bona
2211 4636 2319 4675 non
2387 4630 2493 4686 est,
2544 4621 2892 4692 quamobrem
2952 4622 3087 4678 dixit
3144 4623 3370 4680 Moses!

1816 4734 1835 4767 ι
1877 4715 2158 4770 Custodite
2218 4714 2361 4785 leges
2396 4730 2567 4777 meas.
2622 4725 2780 4785 atque
2825 4715 3049 4786 judicia,
3105 4733 3225 4789 quae
3286 4718 3366 4774 fa-

1809 4808 1957 4860 ciens
1993 4805 2176 4872 homo,
2211 4805 2352 4860 vivet
2382 4806 2434 4860 in
2471 4807 2550 4860 eis
2578 4807 2669 4862 τυ.
2713 4827 2733 4860 ι

1877 4898 2098 4952 (Ϊιιειιετ.
2135 4895 2248 4951 imo
2302 4912 2430 4951 vero
2463 4897 2602 4952 bona
2653 4908 2736 4954 est
2761 4907 2814 4954 et
2843 4902 3127 4967 naturalis,
3157 4910 3212 4957 et
3231 4904 3366 4958 scri-

1810 4996 1896 5057 pta
1922 4987 2031 5048 lex,
2072 4994 2129 5038 ut
2172 4986 2551 5055 praediximus;
2583 4989 2689 5042 sed.
2720 4989 2947 5057 iustitiae
2996 4991 3121 5046 Sole
3149 5003 3363 5058 exorto,

1811 5080 1890 5133 ha=
1932 5080 2208 5134 exstinctae
2243 5079 2624 5149 caligavernnt.
2657 5079 2738 5136 0b
2772 5083 2824 5137 id
2872 5085 3015 5139 enim
3075 5101 3181 5138 non
3232 5085 3372 5141 dixit

1807 5170 2025 5225 Moses:
2077 5171 2352 5226 Custodite
2396 5172 2562 5240 legem
2607 5186 2702 5228 vos
2735 5173 2874 5229 banc
2916 5155 3229 5243 perennem,
3273 5181 3364 5232 sed

218 5342 333 5416 stu
367 5339 536 5416 ιοοιι,
564 5340 765 5416 ξιμξβ,
933 5337 1007 5416 ,⁵⁸
1041 5341 1320 5416 Matth._v,
1356 5341 1459 5416 17L
1492 5340 1560 5416 -ξθ
1594 5339 1699 5416 Deli

1818 5341 1940 5416 54.
1990 5342 2260 5416 __‘°_chit.
2314 5344 2553 5416 xix,_ts.
2656 5348 2698 5378 σι
2731 5348 2916 5404 ιιειιιιι.
2973 5313 3104 5413 gi...
3142 5352 3227 5416 39,
3280 5351 3368 5407 40.

157 5413 193 5442 "
243 5410 411 5464 Exod.
445 5425 533 5472 xx,
571 5399 724 5463 M-ll:
803 5399 984 5462 Matth.
1015 5426 1064 5472 v,
1107 5410 1196 5472 27,
1227 5399 1316 5463 ‘28.

1417 5409 1460 5440 ”
1492 5407 1678 5462 ΜηιῑΙι.
1713 5413 1881 5467 v.17.

1986 5413 2031 5442 “
2072 5410 2225 5485 Deut.
2252 5427 2411 5485 Διινιιι,
2441 5413 2494 5475 9,
2526 5416 2611 5469 15.
2734 5419 2779 5451 ⁸⁸
2815 5417 3016 5473 Jerem.
3067 5410 3228 5485 xxxt,
3275 5422 3364 5484 5i,

156 5495 298 5556 srqq.
373 5480 638 5556 ‘_‘_F_Jzecb.
682 5495 834 5556 xv1_tt_,
873 5479 1058 5556 5,
1137 5478 1663 5556 "_Ezech._nxv1,_60.
1689 5480 1914 5556 __‘:lsa.
1942 5495 2076 5556 ξιιμ,
2325 5483 2582 5556 ιιιιψιο.
2655 5487 2701 5556 ῗ⁰
2730 5486 2860 5544 Ibid.
2896 5489 3088 5556 li,i2.
3164 5478 3348 5547 "Luc

154 5565 208 5615 ιι,
229 5548 314 5604 id.
389 5550 432 5580 ’³
462 5548 567 5601 lsa.
604 5565 712 5615 us,
759 5549 847 5602 20.

218 5716 325 5788 (il)
364 5714 617 5770 Naziauz.
650 5716 702 5782 in
728 5712 792 5770 S.
829 5713 1051 5769 Pascha.

944 5548 988 5578 ⁷³
1017 5549 1244 5602 Baruch.
1288 5564 1366 5614 ιιι,
1395 5547 1482 5615 56,
1526 5548 1613 5601 57.
1689 5548 1733 5580 7‘
1765 5549 1992 5602 Batuch.
2027 5565 2100 5614 tv,
2130 5552 2177 5602 i.
2255 5551 2324 5581 7“
2361 5551 2531 5606 Levit.
2568 5571 2605 5618 ι,
2639 5555 2692 5612 5.

1883 5714 1993 5786 (49.)
2023 5716 2276 5773 Nazianz.
2312 5716 2442 5773 ibid.
2481 5717 2607 5775 2:37.

3261 317 3454 382 882‘
