3956 6324
128 304 236 387 335

1193 324 1581 388 DIALOGUS
1611 320 1917 386 CONTRA
1947 325 2288 390 ΙυῡιΕΟΞ.

3308 313 3416 388 836

124 437 294 499 Nemo
315 451 400 499 est
431 443 525 513 qui
556 443 887 500 sacrificium
920 443 1006 501 vel
1033 442 1100 500 ad
1128 444 1271 503 hanc
1307 445 1712 517 abrogationem
1742 443 1790 501 Δ
1816 446 1980 516 guine
2029 462 2147 505 uvae
2194 446 2420 518 pallium
2474 459 2631 502 suum
2666 445 2711 514 ι,
2750 461 2770 498 t
2800 441 2855 501 id
2915 450 3028 510 est,
3071 455 3270 512 corpus
3316 453 3417 510 per

128 535 398 601 concitet,
447 534 534 589 vel
583 549 668 590 me
717 536 957 608 instiget.
986 555 1006 590 ι
1045 535 1500 595 Calcare‘atrium
1531 552 1711 592 meum

126 641 235 681 non
285 627 572 696 apponetis
603 644 617 682 :
650 630 910 699 quoniam
962 630 1225 687 scelerate
1267 631 1324 686 id
1369 631 1711 688 inscenditis.

127 715 184 770 Si
213 715 463 772 oﬂeratis
482 716 743 787 similam,
786 734 1015 788 vanum,
1059 720 1344 779 incensum
1379 723 1716 780 abominatio

126 812 210 859 est
237 804 373 860 mihi
399 805 468 863 οι.
507 824 527 859 a
561 805 703 865 Ecce
731 808 826 878 qui
855 809 1236 883 legem-nuper
1256 821 1528 870 sanxerat:
1547 812 1712 878 Deus,

126 898 442 956 idemnunc
472 901 591 972 ejus
624 903 1038 976 abrogationcm
1065 908 1321 980 pmﬁnit.
1351 909 1488 964 Nam
1530 910 1730 966 in’cen-'

126 1006 276 1059 sum,
305 995 444 1062 quod
473 995 541 1049 ad
568 995 870 1065 jucundum
903 1000 1127 1056 odorem
1167 1001 1579 1068 admovebatur,
1611 1017 1719 1058 non

126 1084 309 1141 solum
337 1085 520 1142 inanis
543 1087 757 1146 suﬂitus
789 1088 898 1146 Deo
921 1090 1240 1162 deputatur,
1265 1091 1358 1148 sed
1390 1091 1553 1148 etiam
1587 1092 1718 1155 tale,

128 1190 159 1231 a
190 1192 308 1248 quo
353 1179 648 1237 abhorreat
680 1198 695 1236 :
736 1201 756 1236 ι
787 1180 1163 1250 Neomeniam,
1191 1191 1250 1240 et
1301 1183 1618 1248 Sabbatum,
1664 1191 1722 1240 et

130 1268 458 1328 festivitates
499 1272 638 1328 alias
684 1289 794 1330 non
842 1273 1036 1331 feram.
1099 1294 1117 1328 ι
1179 1275 1630 1348 Quandoquidem
1667 1279 1723 1334 in

131 1374 316 1417 meum
361 1363 477 1432 pari
522 1375 715 1420 natura
758 1363 955 1422 Filium
1029 1367 1450 1433 hacchahimini,
1497 1381 1619 1424 eam
1655 1367 1727 1424 ob

136 1464 248 1506 rem
305 1453 498 1507 horum
553 1453 837 1512 interitum
882 1456 1164 1527 denuntio,
1210 1471 1276 1514 ea
1322 1456 1522 1514 abhinc
1561 1471 1727 1528 porro

135 1557 242 1599 non
296 1545 640 1615 probaturus.
678 1566 698 1601 ι
735 1545 1034 1620 Ieiunium,
1061 1559 1117 1606 et
1143 1551 1338 1619 otium,
1364 1559 1420 1608 et
1438 1550 1604 1610 ferias
1633 1565 1730 1608 ve-

133 1642 276 1690 stras
316 1636 431 1691 odit
473 1639 654 1694 anima
698 1653 816 1696 mea
861 1641 930 1696 ".
969 1659 989 1694 s
1018 1640 1161 1708 Quid
1218 1641 1295 1700 ita
1351 1643 1545 1699 vates?
1581 1643 1738 1714 quod

135 1728 396 1822 unigenas
412 1727 509 1822 Dei
530 1730 652 1786 Filii
683 1732 988 1822 ingressum
1019 1733 1074 1790 in
1103 1731 1531 1807 Hierosolymam
1563 1748 1729 1807 super

134 1812 280 1886 pullo
302 1819 544 1875 sedentis
574 1812 848 1879 exsecrati
874 1823 1134 1896 oderunt,
1161 1826 1214 1881 in
1245 1840 1356 1896 quo
1383 1826 1568 1897 potius
1590 1827 1731 1884 festo

134 1911 372 1981 gaudere
392 1912 651 1971 divinitus
675 1925 805 1972 sunt
827 1917 1006 1973 edocti
1035 1934 1050 1972 :
1075 1917 1341 1990 propheta
1364 1917 1726 1988 eniminquit:

142 2021 161 2054 ι
197 2001 425 2059 Exsulta
455 2006 608 2074 satis,
661 2007 770 2063 filia
816 2008 950 2065 Sion
980 2049 998 2076 ,
1041 2009 1232 2080 juhlia,
1253 2009 1358 2064 filia
1388 2007 1728 2070 Jerusalem.

140 2091 276 2148 Ecce
301 2092 421 2148 Rex
452 2103 574 2151 tuus
607 2098 755 2154 venit
779 2098 874 2154 tibi
905 2109 1245 2167 mansuetus,
1294 2102 1598 2157 ascendens
1637 2116 1730 2157 su-

138 2198 231 2249 per
251 2184 487 2253 asinam,
516 2194 568 2240 et
595 2200 760 2257 super
789 2188 992 2258 pullum
1024 2188 1392 2264 liliumasinaa
1421 2190 1488 2244 ”.
1526 2208 1544 2242 s

210 2292 231 2326 ι
267 2275 424 2332 Facti
460 2279 594 2333 estis
623 2279 754 2334 mihi
782 2279 838 2335 in
871 2279 1181 2336 satietatem
1202 2279 1271 2335 “.
1308 2297 1326 2332 ι
1365 2279 1436 2336 Ut
1459 2281 1604 2337 enim
1639 2293 1731 2336 su-

140 2366 381 2435 perfluus
431 2370 483 2424 in
519 2385 754 2450 corpore
794 2373 974 2438 cibus,
1020 2374 1112 2429 ubi
1163 2375 1387 2430 satietas
1431 2375 1597 2443 cepit,
1635 2388 1730 2443 per

143 2459 403 2515 vomitum
449 2475 483 2519 ο
522 2463 804 2520 stomacho
840 2463 894 2519 in
928 2473 1129 2520 terram
1163 2465 1415 2534 ejicitur;
1471 2466 1540 2520 ita
1579 2467 1730 2535 equi-

98 2599 100 2602 ,
139 2551 261 2607 dem
317 2567 440 2619 vos,
478 2555 918 2625 quandoquidem
963 2558 1016 2612 in
1071 2557 1375 2613 satietatem
1420 2558 1551 2613 mihi
1600 2556 1728 2614 facti

136 2642 285 2710 estis,
314 2643 386 2699 de
413 2645 552 2702 meis
583 2646 836 2703 manibus
883 2648 1268 2720 projiciemini.
1309 2666 1328 2702 α
1374 2645 1728 2721 Nequaquam

139 2733 277 2788 ultra
328 2735 599 2792 dimittam
653 2746 882 2808 peccata
926 2749 1128 2797 vestra.
1172 2738 1312 2796 Cum
1371 2741 1728 2798 extendcritis

139 2838 335 2881 manus
383 2835 618 2896 vestras,
669 2839 914 2886 avertam
965 2831 1153 2888 oculos
1196 2847 1348 2890 meos
1375 2847 1407 2888 a
1433 2833 1633 2890 vobis:
1673 2842 1728 2888 et

136 2930 261 2971 eum
305 2918 800 2991 multiplicaveritis
841 2925 1174 2990 orationem,
1227 2939 1332 2980 non
1380 2925 1724 2981 exaudiam:

137 3025 332 3067 manus
359 3014 508 3068 enim
539 3025 733 3072 vestra:
763 3017 1028 3090 sanguine
1053 3019 1227 3088 plenas
1253 3026 1380 3075 sunt
1405 3019 1478 3074 ης
1528 3036 1547 3072 ι
1580 3019 1727 3075 Fru-

1816 548 2005 591 necem
2035 536 2090 592 in
2112 533 2372 608 patibulo,
2401 541 2563 605 atque
2586 548 2685 604 per
2710 531 3060 602 sanguinem.
3094 528 3266 599 igitur
3289 543 3418 599 per-

1817 627 2021 695 fectum
2073 638 2158 686 est
2198 628 2266 684 ad
2306 635 2612 684 extremum
2658 625 2878 683 israelis
2923 624 3272 682 vaticinium.
3306 619 3415 677 Per

1816 719 1994 791 quos?
2017 719 2122 776 Per
2149 717 2440 790 pontifice
2465 726 2626 788 atque
2655 717 2991 779 sacerdotes.
3021 730 3253 788 quorum
3281 710 3355 768 illi
3383 729 3413 767 a
3515 716 3520 725 '

1817 811 2116 880 Simeonia,
2142 811 2197 867 hi
2231 810 2302 866 ab
2325 809 2571 866 Levitica
2611 807 2760 866 tribu
2789 807 3063 879 originem
3105 804 3416 862 trahebant.

1818 902 1925 972 Qui
1954 903 2170 959 demum
2206 912 2260 959 et
2287 900 2604 971 prophetas,
2633 899 2891 956 homines
2921 897 3151 965 scilicet,
3185 897 3412 953 interfe-

1819 1002 2030 1062 cerunt,
2056 1001 2114 1052 et
2153 993 2439 1050 Christum
2483 991 2631 1049 velut
2675 1000 2896 1050 taurum
2947 999 3315 1054 enervat-unt;
3362 989 3414 1044 itl

1822 1097 1926 1152 est.
1965 1100 2162 1159 corpus
2227 1094 2568 1157 assumptum
2604 1085 2698 1146 illi
2746 1085 2967 1156 quidem
3035 1083 3198 1142 morti
3245 1082 3420 1139 denti-

1822 1189 2030 1237 serunt.
2079 1178 2274 1238 Verum
2301 1197 2322 1232 ι
2359 1177 2640 1236 Excitatus
2690 1188 2776 1237 est
2831 1187 3093 1251 tanquam
3145 1177 3422 1234 dormiens

1824 1272 2107 1336 Dominus.
2169 1279 2426 1341 tanquam
2454 1278 2651 1342 potens
2677 1269 2997 1346 crapulatus
3048 1283 3079 1324 a
3130 1268 3264 1323 vino
3292 1269 3356 1333 ’ς
3396 1285 3413 1317 ι

1824 1363 1983 1435 cujus
2011 1377 2258 1433 regnum.
2290 1360 2590 1420 secundum
2619 1360 2939 1430 Jeremiam,
2977 1360 3123 1419 nulla
3157 1361 3421 1417 memoria

1826 1454 2149 1512 labefactabi
2157 1463 2266 1512 tur.

1897 1542 2022 1601 Jun.
2061 1545 2165 1613 Qui
2194 1560 2326 1604 vero
2358 1560 2468 1603 non
2497 1544 2619 1602 ait:
2661 1563 2681 1599 ι
2715 1541 3188 1602 Consummabunt
3224 1543 3423 1613 iniqui-

1829 1643 2018 1704 tatem,
2046 1653 2070 1690 ι
2102 1636 2198 1693 sed
2232 1655 2250 1694 :
2282 1655 2303 1691 r
2338 1636 2905 1696 Consummaveruntt
2941 1653 2962 1691 ι

1900 1727 2130 1787 Canter.
2161 1727 2342 1786 Dixin'
2373 1729 2758 1798 vobis,_crasse
2783 1729 2838 1784 in
2868 1727 3063 1785 litteris
3095 1739 3312 1796 semper
3331 1725 3424 1781 de-

1805 1812 1809 1818 ’
1835 1820 1999 1886 fixos,
2043 1834 2322 1892 nunquam
2351 1818 2409 1877 in
2441 1829 2682 1876 mentem
2703 1819 3024 1889 penetrare?
3051 1818 3272 1874 Scilicet
3299 1831 3425 1872 cum

1832 1912 2130 1984 propheta,
2153 1926 2273 1982 qua
2304 1920 2504 1968 eventu
2518 1925 2577 1968 ra
2611 1921 2816 1978 essent,
2851 1927 2957 1967 non
2988 1921 3062 1970 ,ιιι
3092 1909 3298 1974 futura,
3329 1907 3423 1964 sed

1830 2003 1979 2061 velut
2032 2003 2320 2073 prtesentia
2361 2011 2670 2070 cernerent,
2727 2003 2794 2059 de
2857 2002 3056 2060 futuris
3100 2001 3324 2072 perinde
3358 2017 3422 2056 ac

1832 2097 1886 2151 si
1927 2106 2270 2169 gererentur,
2322 2096 2786 2170 praenuntiabant.
2834 2096 2917 2153 lta
2968 2097 3131 2152 etiam
3175 2096 3241 2152 de
3289 2093 3424 2150 Jutla

1833 2189 2013 2244 dixit:
2052 2207 2079 2242 (ν
2107 2189 2334 2246 Catulus
2377 2189 2552 2248 lednis
2572 2187 2712 2246 Iuda
2760 2207 2777 2246 :
2814 2204 2882 2246 ex
2931 2187 3198 2260 germine,
3221 2186 3294 2242 fili
3325 2187 3430 2254 mi,

1831 2282 2124 2339 ascendisti
2152 2283 2197 2350 ';
2231 2291 2318 2340 et:
2343 2301 2363 2336 r
2400 2281 2518 2339 Non
2540 2284 2803 2340 ascendes
2827 2281 2918 2348 ﬁt
2957 2278 3145 2336 futura
3169 2289 3429 2348 tanquam

1831 2375 2120 2444 praesentia
2154 2375 2480 2446 praevidens.

1904 2465 2012 2523 Sed
2063 2466 2521 2538 iucundissimum
2568 2464 2805 2523 'Israelis
2866 2461 3184 2537 vaticinium
3239 2461 3426 2519 nescio

1830 2573 1940 2629 quo
1973 2559 2133 2615 modo
2179 2559 2248 2614 ad
2295 2560 2438 2614 hanc
2485 2557 2908 2629 disputationem
2960 2571 3062 2612 nos
3107 2554 3422 2620 abstraxit;

1830 2665 2002 2722 quare
2031 2650 2224 2708 Isaiam
2255 2658 2564 2721 repetamus
2593 2670 2606 2707 :
2645 2668 2664 2703 α
2703 2649 3009 2707 Subvenite
3037 2660 3303 2719 oppresso
3325 2649 3370 2715 ';
3401 2666 3421 2700 ι

1830 2742 1924 2812 qui
1955 2757 1984 2796 a
2020 2742 2286 2813 discipulo
2316 2743 2588 2814 proditus,
2624 2756 2730 2800 nec
2751 2741 2933 2800 scelus
2959 2742 3203 2807 admisit,
3232 2753 3333 2798 nec
3367 2741 3421 2796 in

1830 2831 1951 2901 ejus
1980 2847 2076 2890 ore
2111 2834 2364 2890 inventus
2395 2843 2481 2890 est
2503 2833 2678 2892 dolus.
2705 2834 2883 2905 Atque
2912 2831 2962 2890 id
2999 2831 3176 2888 Moses
3203 2845 3428 2903 quoque

1827 2942 1927 2985 vos
1954 2925 2270 2999 praedocuit,
2313 2925 2584 2997 siquidem
2621 2927 2821 2984 clamat
2851 2942 2866 2982 :
2910 2943 2932 2980 ι
2972 2923 3293 2982 laledictus
3331 2924 3424 2993 qui

1830 3020 2030 3098 accipit
2062 3032 2310 3085 munera,
2339 3027 2401 3075 ut
2434 3020 2703 3087 percutiat
2741 3018 2981 3075 animam
3013 3016 3296 3088 sanguinis
3336 3017 3422 3074 in-

134 3111 252 3159 stru
313 3106 541 3175 posthac
584 3105 814 3178 jejunis,
861 3119 916 3166 et
969 3108 1230 3179 Sabbata,
1295 3120 1462 3184 atque
1515 3111 1722 3169 Pascha
1751 3130 1795 3191 α
1826 3108 2074 3167 nocentis
2100 3107 2211 3170 ⁸..»
2240 3137 2312 3149 -
2349 3127 2370 3162 ι
2403 3107 2654 3166 iudicate
2703 3109 2932 3180 pupillo,
2970 3127 2991 3162 ι
3018 3108 3116 3179 qui
3161 3109 3215 3165 in
3272 3117 3420 3165 terra

133 3194 322 3260 abitis,
352 3212 463 3252 non
489 3198 661 3255 solum
693 3210 917 3273 propter
938 3212 1145 3268 vatum,
1176 3204 1270 3259 sed
1305 3206 1720 3262 audaclssimam

134 3301 353 3358 quoque
375 3289 736 3347 amantissimi
767 3291 1188 3365 charissimique
1209 3292 1332 3350 Filii
1363 3309 1577 3352 necem.
1610 3294 1721 3349 Ita-

135 3393 242 3448 que
278 3379 473 3438 salutis
498 3381 587 3439 via
615 3392 875 3462 superest.
894 3384 1066 3450 nulla,
1112 3400 1288 3456 neque
1320 3386 1374 3441 in
1406 3385 1522 3455 lege
1566 3386 1725 3457 quid-

135 3484 298 3537 quam
321 3473 599 3543 p'raasidii;
637 3475 732 3531 sed
757 3474 805 3532 si
832 3473 976 3533 illius
1001 3475 1133 3533 olim
1168 3467 1442 3534 felicitatis
1479 3478 1723 3534 haeredes

137 3560 255 3617 fieri
311 3564 481 3621 vultis
527 3582 562 3636 ι,
603 3584 624 3621 r
667 3567 974 3636 Lavamini,
1006 3568 1193 3626 mundi
1255 3577 1452 3635 estote,
1512 3568 1722 3625 auferte

135 3651 339 3708 malum
372 3655 767 3725 cogitationum
790 3647 1096 3715 vestrarum
1128 3660 1195 3716 ab
1216 3658 1388 3716 oculis
1424 3659 1560 3715 meis
1580 3660 1649 3713 ".
1696 3676 1714 3710 ι

133 3743 247 3803 Nec
274 3745 642 3818 legislaturem
672 3765 781 3814 me,
812 3750 948 3822 legis
973 3759 1289 3823 tegumenta
1320 3752 1500 3808 colere
1527 3753 1581 3808 in
1607 3752 1726 3808 ani-

133 3853 283 3894 mum
314 3839 578 3898 inducite.
647 3861 668 3896 t
706 3829 918 3901 Discite.
952 3847 1093 3902 bene
1140 3845 1360 3912 facere,
1399 3865 1421 3900 ›
1470 3847 1563 3916 qui
1610 3846 1725 3916 jam

131 3929 268 3988 inde
322 3946 356 3986 a
415 3931 567 3990 hiose
621 3936 886 3991 hactenus
944 3937 1084 3993 bene
1147 3936 1355 3994 fecistis
1418 3953 1722 4007 nunquam.

139 4039 161 4074 α
194 4022 436 4090 Ουεῆιθ
459 4025 726 4095 judicium
748 4028 817 4084 ".
852 4047 871 4081 ι
910 4028 1008 4096 Ne,
1047 4037 1106 4085 ut
1153 4029 1386 4100 ingeniis
1422 4031 1555 4086 estis
1590 4044 1722 4084 san-

130 4115 434 4185 guinarils,
488 4132 609 4188 quas
653 4118 708 4174 in
760 4121 1081 4190 prophetas,
1122 4134 1187 4176 ea
1235 4110 1288 4175 in
1339 4120 1722 4177 charissimum

132 4203 320 4257 animo
353 4217 476 4258 meo
514 4203 714 4260 Filium
744 4205 1105 4276 designatote,
1144 4208 1240 4276 sed
1278 4207 1518 4275 lsraelis,
1558 4210 1723 4264 vestri

129 4294 397 4361 parentis,
413 4293 708 4350 verborum
726 4304 1053 4353 mementote
1077 4314 1093 4353 :
1119 4314 1139 4350 r
1177 4295 1364 4354 Simon
1387 4306 1442 4355 et
1459 4298 1588 4356 Levi
1614 4300 1725 4355 fra-

132 4393 272 4448 tres,
318 4393 842 4440 consummaverunt
891 4385 1235 4456 iniquitatem
1277 4405 1293 4444 :
1338 4389 1392 4444 in
1434 4392 1722 4448 consilium

1826 3208 2036 3273 patrem
2058 3215 2168 3257 non
2202 3199 2414 3258 habuit.
2453 3217 2473 3252 ι
2507 3199 2790 3257 Defendite
2822 3199 3042 3258 viduam
3065 3201 3109 3258 '.
3134 3218 3157 3254 ι
3184 3199 3424 3259 Uxorem
3522 3240 3523 3243 η

1823 3293 2084 3350 creditam
2113 3291 2348 3364 Josephi'
2389 3293 2609 3364 sponsi.
2641 3310 2662 3347 r
2699 3291 2768 3356 Et
2818 3282 3027 3361 venite,
3061 3292 3424 3364 disputemus,

1825 3386 1956 3442 dicit
1989 3385 2266 3443 Dominub.
2305 3404 2326 3440 ι
2358 3386 2522 3456 Atqui
2571 3386 2626 3442 ln
2671 3385 2913 3443 secundo
2945 3386 3181 3442 adventu
3219 3380 3422 3443 Christi

1824 3480 2119 3549 disputatio
2167 3491 2276 3536 non
2323 3487 2428 3535 est.
2477 3477 2618 3546 Quid
2667 3477 2836 3549 igitur
2877 3487 3002 3546 est;
3043 3475 3424 3549 disputemus?

1825 3569 1934 3626 Sua
1961 3585 2231 3642 quemque
2259 3570 2597 3627 conscientia
2647 3571 2864 3642 prodat,
2910 3578 2964 3627 et
3016 3571 3114 3640 qui
3157 3569 3422 3641 praeclare

1823 3660 2019 3727 currit,
2050 3667 2367 3717 antrorsum
2408 3658 2740 3728 contendat;
2788 3660 2883 3731 qui
2931 3659 3200 3730 peccavit,
3231 3674 3423 3716 emen-

1825 3750 2102 3807 dationem
2126 3750 2462 3821 pmnitudine
2490 3746 2764 3808 ostendat.
2795 3749 2892 3808 llis
2925 3750 3073 3808 enim
3101 3750 3365 3821 perfectis
3402 3769 3416 3805 :

1829 3859 1853 3895 ο
1893 3840 1951 3899 Si
1993 3841 2194 3898 fuerint
2219 3849 2441 3913 peccata
2482 3849 2663 3898 vestra
2690 3850 2752 3898 ut
2785 3843 3095 3911 coccinum,
3129 3843 3284 3914 quasi
3325 3843 3418 3898 nix

1825 3931 2266 3987 dealbabuntur':
2297 3938 2355 3987 et
2382 3932 2428 3985 sl
2459 3930 2663 3986 fuerint
2684 3931 2846 3987 rubra
2874 3931 3036 4004 quasi
3067 3931 3418 3995 vermiculus.

1824 4024 1969 4079 velut
1990 4021 2115 4080 lana
2140 4022 2262 4082 alba
2292 4030 2456 4080 erunt
2479 4022 2522 4078 ⁸.
2557 4042 2577 4076 ι
2612 4022 2848 4080 Perinde
2878 4034 2952 4080 ae
2973 4025 3180 4086 diceret
3208 4024 3426 4091 :‘Quod‘

1825 4116 1872 4172 si
1909 4115 2021 4189 (43)
2051 4116 2275 4187 punicei
2319 4116 2457 4173 estis
2493 4127 2740 4188 peccato,
2790 4117 3080 4187 minusque
3121 4119 3420 4188 sanguino-

1825 4206 1978 4276 lenti,
2013 4216 2075 4264 ut
2122 4205 2219 4264 nix
2262 4207 2558 4275 albescite;
2610 4208 2694 4264 sin
2737 4216 2894 4263 ostro
2937 4207 3165 4273 similes,
3204 4215 3258 4263 et
3291 4222 3419 4263 san-

1825 4302 1986 4371 guine
2018 4300 2185 4370 pleni,
2209 4299 2296 4356 vel
2331 4300 2470 4356 lanae
2502 4299 2796 4355 candorem
2825 4299 3153 4370 praevertite.
3188 4296 3322 4353 item
3348 4297 3418 4354 de

1827 4406 1966 4450 novo
2010 4390 2232 4448 foedere.
2269 4407 2293 4444 ι
2338 4388 2464 4448 Hae
2502 4388 2636 4447 dicit
2679 4388 2938 4446 Dominus
2971 4405 2991 4446 :
3039 4387 3417 4446 Servientihus

127 4489 322 4529 eorum
356 4488 468 4530 non
497 4475 682 4530 veniat
709 4475 891 4531 anima
923 4492 1041 4533 mea
1067 4493 1084 4532 :
1117 4486 1173 4534 et
1216 4479 1273 4536 in
1302 4483 1720 4551 congregatione
1751 4480 1797 4537 D
1825 4486 1956 4544 mihi
1986 4475 2271 4543 vocabitur
2298 4499 2494 4542 nomen
2526 4499 2760 4549 novum,
2807 4487 2896 4538 cui
2932 4478 3285 4556 benedicatur
3313 4498 3414 4538 suv

125 4581 324 4623 eorum
357 4581 467 4622 non
496 4568 829 4624 contendant
851 4571 1063 4626 viscera
1097 4584 1240 4640 mea,
1272 4573 1395 4642 quia
1439 4573 1497 4629 in
1532 4573 1720 4631 furore

126 4673 228 4714 suo
262 4658 663 4714 interfecerunt
691 4659 942 4717 homines
976 4677 995 4714 ι
1036 4660 1058 4733 (
1085 4661 1296 4719 scilicet
1329 4665 1624 4734 prophetas
1652 4666 1670 4736 )
1702 4684 1717 4723 :

129 4767 161 4801 ς-
189 4757 254 4806 et
304 4750 360 4805 in
387 4747 686 4819 cupiditate
711 4765 810 4808 sua
855 4751 1324 4810 subnervaverunt
1380 4763 1595 4814 taurum
1636 4758 1713 4813 “r

125 4839 330 4907 (Deum
381 4847 439 4895 et
488 4838 765 4896 hominem
814 4839 1046 4914 Iesum).
1099 4843 1352 4914 Idemque
1403 4850 1719 4907 convocatis

124 4932 259 4986 suis.
293 4930 424 4986 filiis
463 4928 633 4986 Jacob
679 4930 793 4989 ait:
841 4951 861 4985 ι
905 4932 1362 5006 Congregamini;
1397 4954 1416 4991 ι
1450 4953 1560 4994 non
1606 4955 1716 5011 quo

123 5023 191 5077 de
229 5022 540 5079 sceleribus
583 5037 679 5078 vos
726 5038 1043 5096 coarguam,
1089 5025 1208 5093 sed,
1237 5043 1258 5079 ι
1296 5035 1355 5083 ut
1397 5033 1713 5088 annuntiem

122 5132 249 5188 qua
281 5128 513 5174 ventura
553 5127 679 5175 sunt
713 5119 868 5175 vobis
915 5120 969 5175 in
1015 5120 1208 5178 diebus
1250 5123 1558 5181 novissimis
1582 5126 1650 5180 ".
1687 5144 1707 5179 ›

123 5211 202 5264 Ac
234 5210 553 5276 recensitis,
592 5227 713 5282 quae
763 5210 818 5267 in
863 5209 1140 5267 Christum
1189 5214 1304 5269 ausi
1350 5224 1480 5270 sunt
1520 5214 1713 5286 Judaei,

57 5363 68 5376 _
123 5299 285 5354 addit
318 5317 332 5354 :
370 5319 390 5353 ι
437 5301 669 5359 Lavahit
696 5303 753 5358 in
789 5302 913 5358 vino
942 5303 1135 5358 stolam
1182 5319 1359 5376 suam,
1396 5315 1452 5363 et
1498 5307 1552 5362 in
1585 5322 1716 5363 san-

1824 4594 1922 4651 per
1953 4578 2243 4646 terram";
2279 4595 2301 4631 ι
2351 4577 2673 4646 benedicent
2712 4575 2857 4634 enim
2899 4575 3068 4631 Deum
3105 4587 3316 4644 verum;
3359 4583 3416 4630 et

1824 4673 1915 4744 qui
1948 4672 2138 4744 jurant
2176 4685 2342 4743 super
2381 4667 2605 4738 terram,
2648 4669 2912 4742 juraburtt
2961 4668 3131 4725 Deum
3180 4678 3409 4732 verum;

1823 4765 2214 4825 obllviscentur
2263 4763 2827 4820 enim.tribulationls
2876 4761 3084 4832 prioris
3127 4760 3420 4833 (nimirum

1825 4859 2090 4915 idolorum
2121 4848 2531 4928 venerationis).
2570 4857 2633 4912 Et
2664 4856 2786 4927 quis
2815 4869 2978 4926 porro
3012 4852 3283 4925 supremo
3311 4853 3425 4908 ob‘-'

1823 4950 2088 5021 gannlat‘l
2126 4949 2203 5005 De
2249 4949 2499 5020 gentibus
2543 4961 2670 5005 vero
2716 4947 2832 5004 haec
2874 4945 3118 5014 eiusdem
3158 4956 3244 5002 est
3287 4960 3417 5002 sen-

1827 5041 2032 5097 tentia:
2069 5040 2341 5110 «Aperite
2370 5047 2579 5110 portas,
2622 5047 2679 5095 et
2705 5037 3208 5109 lngrediaturgens
3235 5035 3410 5106 Iusta.

1824 5129 2133 5186 custodiens
2160 5129 2445 5186 veritatem
2482 5129 2549 5194 “,
2586 5149 2608 5183 ι
2658 5128 3078 5200 apprehendens
3117 5127 3406 5199 iustitiam.

1823 5235 2014 5276 amans
2051 5234 2260 5290 pacem,
2289 5220 2549 5291 quoniam
2581 5218 2820 5290 speravit
2847 5218 2900 5274 in
2927 5219 3264 5281 te.Domine.

1896 5309 2161 5366 Cteterum
2208 5311 2392 5368 odisse
2444 5312 2614 5367 Deum
2638 5317 2762 5384 post
2809 5309 3018 5366 Christi
3075 5310 3408 5366 adventum.
3494 5349 3499 5352 ς

189 5473 237 5551 ἐ·
274 5473 457 5551 l§a._r,
484 5475 572 5528 {5.
645 5478 691 5509 "
723 5477 854 5551 ibid.
883 5479 971 5551 id.
1000 5479 1047 5512 ⁸³
1079 5479 1245 5551 Zach.
1272 5489 1348 5548 ιι,
1381 5480 1448 5545 9;
1485 5481 1674 5536 Matth.
1707 5499 1722 5534 ι

1853 5486 1905 5539 5.
1983 5485 2029 5518 ’⁸
2057 5485 2213 5551 lsa.t,
2250 5487 2334 5541 14.
2411 5489 2457 5521 ⁸⁵
2487 5486 2726 5542 ibid.i5.
2802 5486 2848 5523 “
2880 5485 3007 5543 ibitl.
3030 5485 3115 5541 16.
3194 5485 3242 5520 "
3269 5480 3403 5543 ibid.

123 5546 216 5601 Π.
299 5541 348 5575 ⁸⁸
381 5544 518 5598 Gen.
543 5561 690 5609 χιιι,
719 5549 772 5612 5,
802 5549 856 5602 θ.

45 5635 52 5644 '
118 5616 292 5685 1,17.

191 5757 324 5832 με)
352 5756 578 5815 Nazian.
605 5758 658 5813 in
703 5757 965 5830 Epipltait.

930 5550 978 5583 ⁹⁹
1006 5551 1133 5605 ibid.
1178 5550 1269 5606 Η.
1345 5551 1364 5586 ¹
1406 5552 1536 5608 ibid.
1567 5553 1653 5607 Η.

373 5613 394 5643 ⁸
421 5613 574 5669 Deut.
608 5633 698 5679 xx.
727 5618 821 5674 25.
895 5622 916 5653 ⁷
949 5619 1052 5677 lsa.
1081 5637 1118 5687 t,
1155 5623 1236 5676 l7.

1733 5555 1752 5584 ²
1783 5554 1926 5610 Psal.
1961 5571 2166 5618 Lxxvn,
2191 5557 2279 5612 65.

1316 5622 1336 5652 ³
1373 5623 1502 5677 ibid.
1535 5623 1620 5678 l8.
1699 5625 1717 5656 ’
1748 5624 1849 5682 iss.
1880 5643 2004 5691 cxv,
2034 5627 2121 5691 l5,
2156 5628 2241 5681 l6.

2358 5558 2379 5588 ⁸
2409 5557 2544 5612 Gen.
2578 5573 2727 5618 χιιι,
2760 5559 2814 5612 9.
2894 5557 2914 5588 ⁵
2951 5557 3080 5612 ibid.
3114 5557 3166 5610 4.
3245 5555 3266 5587 ³
3298 5554 3400 5608 lsa.

2325 5630 2367 5659 ¹⁰
2402 5627 2506 5682 lsa.
2541 5643 2688 5689 ιιγι,
2721 5629 2776 5683 ‘2.
