3956 6324
472 320 602 385 887¹

1668 317 1983 382 ANDRON
2000 320 2101 380 ιρι
2145 321 2492 384 COMNENI

3583 128 3945 240 "-I-I

3667 323 3780 380 $88

477 435 732 492 Sabbatis
765 449 826 490 ac
850 423 1092 492 Jutlaicis
1121 436 1318 494 ritilius
1348 437 1644 500 addictos,‘
1673 438 1790 506 ipse
1835 445 2066 491 testatur
2093 438 2145 496 Α
2170 453 2350 504 aures,
2396 449 2451 493 et
2491 453 2597 492 non
2636 439 2835 494 auditis
2858 439 2923 493 “.
2967 456 2987 490 ι
3023 439 3160 494 Tum
3207 436 3360 492 addit
3407 451 3474 492 ex
3525 439 3787 505 persona'

473 524 569 599 per
605 528 920 583 Malatzhiam
951 544 965 582 :
1001 549 1019 581 t
1059 531 1173 585 Non
1210 542 1294 587 est
1332 531 1462 586 mihi
1491 532 1765 586 ‘voluntas
1795 531 1851 585 in
1891 530 2065 595 vobis,

471 606 620 687 (filiis
645 619 830 688 Israel)
874 620 1006 675 dicit
1039 622 1312 675 Dominus
1357 621 1699 676 exercituum
1729 639 1740 674 :
1774 630 1833 674 et
1869 634 2068 675 munus

472 726 573 763 non
610 711 900 779 suscipiam
928 712 995 765 de
1024 724 1188 765 manu
1238 720 1443 767 vestra.
1476 713 1559 767 Ab
1594 721 1717 768 ortu
1756 712 1904 767 enim
1935 710 2068 766 solis

470 817 637 868 usque
669 803 734 855 ad
780 816 1058 868 occasum,
1109 817 1362 874 magnum
1415 817 1500 860 est
1553 821 1750 861 nomen
1797 819 1976 859 meum
2013 804 2072 857 in

471 893 734 963 gentibus,
773 909 823 948 et
860 899 909 948 in
959 900 1108 951 omni
1157 899 1276 953 loco
1324 895 1690 962 sacriﬁcatur,
1735 910 1790 952 et
1839 898 2068 953 oiIertur

473 989 671 1040 nomini
727 1004 846 1043 meo
896 990 1102 1044 oblatio
1144 993 1373 1055 munda;
1404 994 1536 1061 quia
1573 1001 1825 1062 magnum
1854 1002 1941 1048 est
1968 1007 2069 1048 no.

473 1093 590 1131 men
619 1095 797 1140 meum
831 1081 880 1132 in
911 1077 1157 1148 gentibus
1180 1082 1241 1133 ¹¹.
1264 1100 1283 1132 ›
1328 1083 1459 1137 Vivo
1488 1097 1611 1152 ego,
1645 1086 1776 1139 dicit
1808 1083 2069 1140 Dominus

469 1173 834 1241 omnipotens.

1077 1304 1310 1362 CAPUT
1353 1306 1460 1361 Lll‘.

467 1443 540 1499 De
587 1445 818 1513 gentium
875 1447 1208 1498 conversione
1262 1459 1307 1498 et
1367 1447 1679 1501 Jul/irarum
1735 1446 2077 1515 pervicacia,

1113 1518 1421 1570 nmnlreliar.

1111 1529 1421 1585 pmnlieltar.

536 1627 712 1694 Quare
745 1644 863 1681 cum
902 1627 1127 1682 Domino
1164 1629 1285 1684 Deo
1303 1629 2058 1697 omnipotentiexseorahilos

466 1721 574 1774 sint
600 1720 836 1774 Judaica:
869 1720 1160 1776 iihationes
1203 1731 1366 1788 atque
1414 1722 1706 1785 sacrificia,
1753 1722 1895 1788 apud
1927 1736 2063 1789 quas

2177 532 2268 586 Dei
2307 550 2320 587 :
2357 549 2378 582 ι
2408 532 2559 598 Quod
2587 532 2631 585 si
2663 546 2748 586 me
2778 547 2885 586 non
2919 530 3199 595 timebitis,
3231 530 3318 597 qui
3360 529 3515 598 posui
3541 543 3774 582 arenam

2180 625 2470 680 terminum
2525 625 2683 688 mari,
2739 635 3070 695 praeceptum
3133 625 3556 692 sempiternum,
3620 625 3770 691 quod

2175 735 2280 774 non
2332 719 2627 788 praeteribit
2661 719 2746 782 ι’,
2789 738 2808 771 ι
2866 718 2984 796 haec
3034 726 3089 772 et
3141 719 3255 771 haec
3307 716 3558 785 patienda
3613 718 3776 770 vobis

2175 821 2359 865 erunt.
2389 810 2452 864 Et
2479 825 2575 880 per
2592 809 2796 864 'lsaiam
2830 811 3014 864 itidem
3052 810 3194 862 Deus
3227 821 3242 862 :
3285 826 3304 859 t
3352 807 3775 876 Appropinqnat
3809 872 3813 878 ν

2173 901 2406 971 populus
2435 903 2538 957 iste
2565 917 2660 958 ore
2707 918 2825 964 suo,
2859 913 2912 958 et
2953 903 3112 957 labiis
3168 902 3282 956 suis
3332 902 3598 970 gloriﬁcat
3630 918 3721 954 me.
3760 920 3794 962 ;-

2176 1008 2272 1048 cor
2323 1003 2502 1048 autem
2553 995 2669 1064 ejus
2719 995 2878 1066 longe
2929 1007 3012 1050 est
3066 1011 3093 1049 a
3143 1009 3250 1048 me.
3289 994 3536 1066 (Frustra
3582 1007 3802 1050 autem‘

2175 1085 2359 1138 colunt
2391 1100 2476 1139 me
2511 1085 2773 1143 docentes
2815 1089 3095 1142 hominum
3147 1097 3418 1156 praecepta
3471 1096 3631 1155 atque
3668 1089 3806 1138 do.‘

2174 1177 2428 1248 etrinam)
2472 1186 2525 1231 et
2562 1180 2860 1234 timuerunt
2917 1195 3002 1235 me
3050 1181 3308 1234 mandato
3361 1181 3637 1233 hominum
3717 1188 3778 1232 et

2177 1269 2458 1324 doctrinis.
2490 1269 2782 1338 Propterea
2839 1287 2967 1326 ecce
3013 1271 3265 1337 adjiciam
3314 1283 3373 1324 tit
3427 1269 3766 1324 transieram

2175 1361 2434 1430 pupulum
2473 1362 2661 1426 istum,
2689 1373 2744 1415 et
2774 1364 3095 1417 transferam
3134 1377 3230 1417 eos
3265 1379 3288 1417 εν
3316 1373 3371 1417 et
3410 1363 3629 1431 perdam
3671 1377 3776 1415 sa-

2174 1452 2433 1520 pientiam
2489 1453 2816 1520 sapientium
2845 1495 2860 1520 ,
2909 1465 2963 1509 et
3009 1457 3356 1523 prudentiam
3411 1454 3772 1523 prudentium

2176 1544 2507 1598 abscondam
2541 1545 2800 1612 '°.-Quia
2852 1547 3456 1616 paptiilus‘inobedieus
3499 1556 3622 1609 est,
3673 1546 3777 1599 [Hii

2177 1633 2487 1701 mendaces,
2521 1637 2614 1705 qui
2649 1639 2838 1692 nolunt
2872 1641 3064 1692 audire
3093 1638 3262 1706 legem
3295 1637 3386 1691 Dei
3415 1639 3544 1706 :qui
3578 1639 3792 1698 dicunt

2173 1731 2450 1798 prophetis
2505 1747 2518 1782 :
2584 1729 2762 1786 Nolite
2828 1733 3155 1787 annuntiare
3216 1733 3373 1785 nobis
3431 1747 3553 1801 quae
3619 1742 3774 1801 recta

466 1825 651 1886 evntes
685 1815 753 1866 ab
784 1825 906 1867 ortu
941 1814 1168 1868 solisrad
1201 1829 1462 1868 occasum
1489 1811 1630 1867 Deus
1661 1813 1994 1875 celebratur.
2029 1829 2058 1866 τι
2098 1793 2339 1876 B‘snnt':
2373 1825 2466 1876 sed
2501 1823 2781 1892 loquimini
2825 1825 2980 1879 nobis
3028 1826 3322 1894 placentia,
3375 1825 3553 1877 videte
3607 1800 3771 1879 nobis

465 1907 789 1975 quibusque-
809 1907 934 1960 Iiuic
965 1905 1168 1959 nomini
1196 1903 1405 1960 suﬂitus
1440 1907 1663 1960 affertur
1682 1906 1705 1958 τ
1726 1902 2000 1960 Nimirum
2030 1921 2059 1958 a

467 2002 623 2054 nobis
644 1997 994 2054 Christianis.
1029 2000 1105 2052 De
1134 2001 1477 2055 reiractariis
1525 2016 1662 2053 vero
1685 2008 1739 2052 et
1771 2001 2064 2056 incircum-

466 2092 592 2146 cisis
616 2092 837 2157 JUdil’iS,
868 2092 1176 2146 volentibus
1201 2093 1370 2146 etiam
1397 2105 1520 2159 post
1541 2092 1740 2146 Christi
1769 2094 2060 2146 adventum

466 2182 603 2237 i‘itus
638 2193 798 2252 atque
839 2183 1073 2236 Sabhata
1107 2184 1268 2244 tueri,
1305 2184 1486 2238 audite
1523 2183 1653 2252 quid
1705 2184 1846 2237 idem
1893 2184 2065 2238 lsaias

467 2276 670 2329 scribat
701 2295 713 2328 :
750 2294 768 2325 t
809 2274 898 2330 Va:
935 2277 1278 2341 quiti-altilis
1321 2275 1664 2344 iniquitatem
1715 2275 1769 2329 in
1806 2277 2065 2331 funiculis

469 2366 743 2429 vanitatis,
782 2377 830 2418 et
865 2368 1018 2432 quasi
1050 2368 1324 2418 vinculum
1358 2367 1582 2432 plaustri
1615 2379 1921 2435 peccatum.
1960 2367 2064 2432 Qui

467 2458 648 2511 dicitis
684 2476 697 2511 :
741 2458 1006 2519 Festinet,
1043 2468 1094 2510 et
1129 2459 1238 2511 cito
1289 2458 1469 2511 Veniat
1509 2473 1648 2526 opus
1685 2459 1822 2524 ejus,
1878 2470 1935 2513 ut
1984 2459 2068 2510 vi-

466 2549 738 2603 deamus:
777 2559 830 2603 et
866 2549 1174 2617 appr0piet,
1205 2557 1258 2602 et
1309 2549 1489 2600 veniat
1543 2549 1836 2604 consilium
1887 2549 2082 2602 sancti

471 2639 660 2701 israel,
686 2649 741 2692 ot
771 2641 1009 2692 sciemus
1063 2640 1213 2692 illud.
1266 2637 1357 2692 Va:
1391 2639 1484 2706 qui
1517 2639 1700 2694 dicitis
1735 2639 1934 2692 malum
1969 2641 2067 2692 bo-

469 2747 622 2795 num,
657 2742 709 2784 et
744 2732 944 2783 bonum
989 2732 1188 2783 malum
1226 2750 1245 2785 ι
1279 2739 1542 2796 ponentes
1585 2732 1836 2785 tenebras
1868 2731 2066 2793 lucem,

466 2837 518 2876 et
555 2824 724 2877 iuvem
774 2822 1034 2876 tenebras
1069 2839 1082 2873 :
1121 2833 1384 2890 ponentes
1421 2837 1665 2875 amarum
1701 2823 1756 2874 in
1796 2821 1976 2887 dulce,
2016 2830 2072 2877 et

470 2915 704 2969 dttlcein
746 2929 993 2970 amarum
1031 2915 1092 2967 ".
1125 2915 1310 2968 nldem
1344 2929 1560 2968 rursum
1593 2930 1605 2965 :
1645 2932 1664 2964 t
1705 2913 1961 2983 Captivos
1977 2929 2073 2981 po-

469 3009 626 3076 puins
667 3023 821 3061 meus
849 3006 1026 3061 factus
1061 3017 1145 3062 est
1175 3023 1188 3061 :
1225 3023 1289 3061 eo
1322 3009 1465 3076 quod
1509 3007 1754 3076 ipsinon
1781 3021 2071 3075 cognove-

2166 1927 2385 1968 errores
2411 1914 2480 1968 ".
2544 1933 2564 1965 t
2622 1914 2816 1970 lisdctn
2859 1930 2967 1983 per
3023 1917 3219 1969 (iseatn
3273 1903 3508 1967 minaiur
3559 1915 3764 1974 Deus:

2174 2022 2191 2054 t
2229 2004 2544 2073 Ex‘partdam
2582 2019 2741 2072 super
2763 2020 2857 2060 eos
2887 2018 3001 2059 rete
3032 2020 3209 2058 meum
3243 2022 3255 2057 :
3296 2005 3452 2070 quasi
3480 2003 3762 2056 volucrem

2166 2097 2290 2149 caeli
2334 2097 2611 2149 detraham
2661 2112 2777 2161 eos,
2831 2097 3030 2150 caedam
3079 2112 3189 2162 eos,
3243 2097 3533 2163 corripiant
3584 2109 3683 2149 eos
3714 2094 3774 2148 in

2170 2189 2352 2240 auditu
2387 2188 2757 2243 tribulationis
2791 2204 2997 2242 eorum.
3046 2190 3136 2243 Vze
3179 2189 3258 2243 eis
3285 2190 3546 2258 quoniam
3585 2203 3774 2242 reces-

2169 2285 2357 2330 serunt
2419 2291 2449 2327 a
2523 2277 2989 2342 me,.mcticnlosi
3049 2285 3212 2343 sunt,
3273 2278 3532 2347 quoniam
3600 2277 3769 2344 impie

2169 2378 2399 2437 egerunt
2425 2371 2478 2421 in
2521 2385 2654 2424 me:
2695 2379 2749 2423 et
2790 2385 2890 2437 ego
2941 2370 3145 2424 redemi
3181 2384 3274 2424 eos
3309 2386 3323 2423 :
3359 2356 3408 2421 ei
3459 2368 3559 2435 ipsi
3601 2360 3768 2422 locuti

2183 2470 2313 2514 sunt
2360 2472 2548 2514 contra
2601 2476 2684 2515 me
2729 2461 3007 2514 mendacia
3057 2477 3071 2514 ε
3121 2470 3177 2514 et
3226 2476 3333 2516 non
3392 2462 3770 2514 clamaverunt

2181 2553 2245 2603 ad
2277 2565 2362 2603 ine
2395 2551 2558 2603 corda
2593 2566 2777 2603 eorum
2806 2552 2906 2603 η.»
2937 2549 3282 2618 Rursumque
3309 2567 3402 2620 per
3429 2549 3728 2604 Jeremiam
3754 2567 3772 2607 :

2178 2660 2198 2691 t
2237 2641 2316 2694 ιιθ
2346 2642 2748 2708 dereliquerunt
2793 2642 2994 2693 louteni
3029 2655 3181 2708 aquze
3216 2642 3368 2706 vivit,
3404 2652 3457 2694 et
3505 2640 3765 2695 foderunt

2174 2733 2277 2786 sibi
2307 2733 2572 2788 cisternas
2597 2733 2660 2785 “.
2699 2751 2715 2782 ι
2749 2733 2814 2787 Ει
2839 2732 2986 2785 lsaim
3015 2733 3082 2787 de
3111 2733 3227 2803 lege
3253 2734 3369 2787 haec
3395 2743 3524 2786 sunt
3557 2735 3723 2787 vei-ha
3752 2753 3766 2788 :

2179 2844 2198 2876 t
2235 2824 2292 2879 In
2326 2825 2412 2878 die
2463 2824 2554 2876 illo
2604 2824 2709 2876 erit
2762 2825 2848 2878 lux
2895 2825 3037 2878 lunze
3092 2825 3234 2879 sicut
3280 2826 3366 2876 lux
3399 2825 3551 2887 solis,
3591 2837 3646 2878 et
3675 2825 3761 2878 lux

2175 2915 2306 2970 solis
2338 2915 2442 2970 erit
2492 2915 2800 2983 septuplum
2835 2915 2887 2967 in
2921 2916 3027 2975 die.
3063 2915 3280 2983 quando
3332 2917 3614 2968 sanaverit
3663 2913 3765 2967 Do-

2178 3007 2360 3059 minus
2398 3006 2782 3060 contritionent
2835 3004 3012 3072 populi
3051 3005 3157 3066 sui,
3206 3011 3260 3056 et
3315 3005 3560 3057 dolorem
3604 3003 3769 3072 plaga

474 3110 594 3154 rmtt
627 3099 909 3153 Dominum
948 3099 1010 3152 ¹³.
1048 3118 1066 3150 ι
1120 3098 1234 3153 Non
1288 3098 1449 3161 dixit,
1503 3100 1642 3164 quod
1694 3116 1712 3150 ι
1753 3111 1836 3152 me
1889 3116 1907 3149 ι
1963 3113 2074 3151 non
2099 3135 2142 3194 α
2177 3097 2292 3166 eius
2333 3096 2564 3152 curabit.
2611 3097 2746 3151 Eone
2792 3111 2986 3149 nomen
3043 3097 3257 3149 Domini
3293 3096 3448 3148 venit
3475 3106 3596 3164 post
3627 3109 3764 3148 tem-

473 3191 787 3257 aguoverit;
842 3191 936 3244 sed
987 3190 1131 3257 quod
1171 3209 1190 3242 t
1236 3190 1528 3245 Dominum
1560 3207 1578 3242 ι
1613 3203 1716 3245 non
1756 3191 2060 3258 agnoverit,

468 3281 524 3333 id
553 3291 657 3344 est,
688 3279 1038 3350 Unigenitum
1074 3280 1188 3334 Dei.
1230 3281 1294 3334 Et
1329 3281 1523 3334 iterum
1556 3296 1570 3332 :
1614 3297 1634 3332 t
1670 3278 1845 3334 Radix
1873 3295 2081 3335 eorum.

471 3373 630 3441 quasi
659 3373 855 3438 lanugo
885 3372 1040 3426 erit:
1075 3382 1128 3423 ct
1177 3387 1396 3440 germen
1445 3385 1634 3425 eorum
1677 3371 1834 3439 quasi
1888 3370 2067 3439 pulvis
2117 3392 2122 3396 ·

472 3466 743 3518 ascendet.
761 3464 1089 3530 Ahjccerunt
1113 3464 1253 3515 enim
1282 3461 1450 3530 legem
1473 3460 1684 3514 Domini
1705 3462 2067 3524 exercituum,

470 3567 522 3610 et
550 3556 823 3623 eloquium
853 3556 1024 3609 sancti
1060 3554 1224 3610 Israel
1254 3553 1772 3621 blasphctuaverunt
1799 3553 1887 3605 ¹³⁶.
1931 3571 1950 3604 ι

547 3643 748 3700 Videtis
785 3656 838 3698 ut
889 3647 1084 3713 partim
1131 3645 1330 3709 Patris,
1358 3645 1561 3712 partim
1589 3643 1710 3697 Filii
1752 3643 1885 3697 iram
1935 3661 2064 3714 [που

471 3738 628 3804 pheta
652 3737 966 3790 describat?
1003 3735 1136 3791 Nam
1167 3735 1457 3788 Dominum
1481 3735 1824 3789 exercituum
1850 3731 2063 3787 Patrem

471 3830 726 3899 appellat,
756 3832 886 3899 quin
919 3845 1142 3883 causam
1171 3829 1321 3882 addit
1355 3830 1474 3889 irre,
1505 3826 1773 3893 siquidem
1810 3824 2067 3878 traditam

471 3940 498 3974 a
537 3924 680 3977 Most:
727 3925 900 3991 legem
933 3921 1157 3984 exsequi
1211 3919 1520 3974 noluerunt.
1571 3916 1836 3972 Cancrum
1880 3915 2064 3969 Domi-

473 4029 604 4066 num
635 4012 1000 4066 lsraelitarum
1030 4011 1221 4074 Deum,
1254 4009 1448 4063 Filium
1490 4007 1779 4076 signiﬁcat,
1823 4007 2011 4059 dicens
2048 4024 2062 4060 :

477 4125 494 4154 t
530 4103 633 4160 Sed
659 4103 936 4171 eloquium
966 4099 1180 4153 Domini
1217 4100 1575 4152 irritaverunt
1601 4098 1666 4150 ".
1704 4115 1721 4148 ι
1758 4097 2065 4150 Doctriuam

470 4198 614 4250 enim
647 4204 700 4249 et
734 4211 946 4249 sacrum
979 4193 1180 4249 Christi
1213 4191 1565 4261 Evangeliuui
1596 4191 1862 4244 exsecrati
1894 4197 2021 4242 sunt
2049 4203 2063 4241 :

479 4310 494 4338 t
529 4291 652 4344 ideo
693 4290 865 4342 iratus
896 4297 979 4341 est
1005 4288 1155 4340 furor
1190 4283 1398 4338 Domini
1435 4285 1486 4338 in
1531 4284 1783 4351 pepulum
1819 4298 1998 4336 suum.
2042 4301 2060 4333 ι

472 4383 734 4444 Incensus
767 4379 926 4433 Pater
967 4389 1050 4434 est
1102 4395 1204 4431 non
1259 4379 1526 4431 honorato
1571 4375 1729 4437 Filio,
1780 4391 1842 4427 ac
1888 4376 1966 4428 sic
2004 4390 2070 4427 ne

2174 3205 2275 3260 pus
2329 3201 2437 3244 :.et
2478 3186 2718 3242 Soiritus
2777 3189 2894 3255 ejus
2947 3188 3086 3243 sicut
3141 3201 3282 3256 aqua
3339 3185 3392 3241 in
3446 3188 3588 3242 valle
3643 3198 3758 3242 tra-

2172 3282 2306 3336 hens
2333 3279 2402 3332 “.
2437 3298 2454 3330 ι

2246 3372 2390 3425 Sane
2420 3371 2640 3439 quidem
2698 3379 2751 3423 et
2796 3370 2880 3424 lex
2936 3370 3076 3424 bona
3107 3375 3230 3434 est;
3274 3369 3372 3424 sed
3407 3367 3612 3423 Christi
3659 3367 3765 3420 dis-

2171 3463 2541 3531 ciplina-sine
2610 3462 3017 3528 comparatione
3089 3462 3300 3515 melior.
3376 3461 3569 3528 Neque
3626 3473 3757 3516 vero

2170 3556 2454 3610 audientes
2475 3554 2833 3622 septuplicem
2870 3553 3108 3606 futuram
3142 3552 3272 3607 solis
3308 3552 3505 3615 lucem,
3551 3551 3758 3606 Christi

2171 3647 2513 3716 disciplinam
2578 3645 2677 3715 legi
2737 3644 2983 3712 septnplo
3045 3655 3323 3697 antestare
3387 3658 3511 3695 cum
3580 3643 3764 3696 animo

2171 3749 2376 3809 putate.
2409 3739 2514 3791 Sed
2569 3736 2813 3804 profecto
2866 3736 3054 3800 lsaias,
3111 3739 3202 3804 qui
3260 3733 3448 3804 legalis
3493 3743 3660 3798 esset,
3709 3741 3766 3787 et

2171 3827 2341 3895 legem
2371 3839 2589 3878 servare
2622 3823 2780 3877 vellet
2821 3824 2925 3889 (est
2965 3835 3142 3879 autem
3185 3826 3324 3892 apud
3352 3825 3552 3894 legales
3587 3838 3760 3892 augu-

2170 3933 2288 3977 stos
2318 3919 2710 3988 septenarius),
2743 3934 2804 3972 ea
2829 3917 3098 3980 sententia
3139 3917 3492 3984 septuplicem
3523 3916 3760 3968 futuram

2173 4009 2302 4064 solis
2353 4008 2554 4073 lucem,
2589 4008 2959 4076 septenarium
3009 4007 3406 4058 cohonestavit.
3440 4004 3608 4058 Certe
3641 4015 3766 4072 post

2173 4100 2380 4156 Christi
2436 4100 2724 4153 adventum
2770 4098 2991 4151 minime
3043 4097 3358 4150 duraturam
3403 4096 3600 4166 legem,
3648 4098 3762 4165 ipse

2175 4202 2363 4244 auctor
2389 4201 2471 4243 est
2518 4191 2571 4242 in
2607 4192 2721 4243 haec
2766 4190 2909 4243 dicta
2943 4205 2957 4242 :
2996 4207 3013 4238 t
3055 4186 3195 4241 Et-ce
3245 4185 3655 4241 confundentnr
3707 4197 3761 4243 et

2174 4282 2497 4335 erubescent
2525 4295 2739 4344 omnes,
2769 4280 2862 4349 qui
2917 4288 3157 4348 pugnant
3203 4279 3494 4332 adversum
3529 4289 3580 4334 te
3616 4281 3685 4343 ",
3734 4297 3756 4331 ι

2177 4374 2399 4428 abibant
2428 4389 2548 4427 cum
2583 4373 2919 4442 ignominia:
2957 4372 3168 4424 scilicet
3200 4371 3289 4437 qui
3338 4369 3541 4424 Christi
3577 4371 3759 4426 Evan-

473 4476 584 4538 ipse
616 4472 836 4542 quidem
865 4473 1182 4533 honoratus;
1205 4485 1326 4521 nam
1350 4468 1441 4536 qui
1467 4466 1661 4520 Filium
1689 4482 1790 4520 non
1817 4467 2070 4532 honorat,
2107 4471 2149 4525 D
2177 4467 2320 4532 gelio
2352 4481 2458 4526 non
2491 4466 2790 4526 adhaerent,
2823 4464 2916 4515 sed
2951 4461 3196 4515 Mosaica‘
3251 4461 3376 4530 legi,
3410 4477 3530 4528 quae
3565 4466 3759 4518 umbra

473 4579 592 4618 eum
629 4579 730 4620 nec
763 4561 978 4616 Patrem
1012 4562 1279 4614 honorare
1317 4572 1402 4613 cst
1435 4574 1679 4615 necesse.
1725 4579 1742 4609 t
1787 4559 1849 4612 Et
1877 4570 2065 4612 exten-

477 4659 552 4712 dit
584 4672 802 4711 manum
836 4670 989 4710 suam
1018 4669 1179 4721 super
1211 4668 1359 4714 eunt,
1391 4661 1444 4704 et
1471 4650 1737 4718 percussit
1775 4665 1894 4702 eum
1929 4649 1992 4701 ¹⁵.
2039 4667 2056 4698 ι

478 4751 622 4803 Idem
667 4750 733 4803 de
761 4746 961 4802 Iudaeis
993 4763 1020 4800 a
1053 4746 1154 4801 lide
1186 4744 1377 4797 alienis
1410 4760 1423 4794 :
1468 4761 1484 4793 t
1520 4742 1714 4796 Audite
1734 4741 2060 4805 -audicntes,

478 4849 532 4895 et
558 4841 721 4894 nolite
747 4822 1045 4908 intelligere
1083 4857 1094 4892 :
1132 4846 1186 4891 et
1226 4838 1406 4902 videte
1442 4835 1730 4896 visionem,
1784 4844 1837 4887 et
1894 4833 2061 4887 nolito

479 4952 822 5004 cognoscere.
892 4938 1254 4989 laterassatnm
1308 4942 1390 4986 est
1441 4932 1585 4984 enim
1618 4945 1711 4983 cor
1751 4931 1926 4998 populi
1961 4932 2065 4983 hu-

478 5044 614 5098 jus:
659 5028 876 5080 auribus
919 5029 1029 5081 suis
1085 5028 1320 5095 graviter
1367 5025 1655 5076 audierunt
1705 5038 1717 5072 :
1775 5031 1829 5074 et
1879 5023 2064 5076 oculos

483 5125 947 5184 conlpresscrunt,
986 5131 1049 5169 ne
1092 5116 1228 5168 forte
1281 5114 1496 5165 vidcant
1530 5113 1724 5172 oculis,
1762 5121 1816 5163 et
1845 5111 2064 5163 auribus
2147 5131 2152 5137 ·

483 5212 722 5273 audiant,
758 5217 810 5261 et
852 5209 1012 5260 corde
1062 5209 1381 5274 intelligant,
1428 5215 1483 5257 et
1532 5212 1855 5256 convertant
1890 5217 1967 5261 se,
2011 5210 2064 5253 et

483 5319 667 5356 sanetn
695 5317 787 5355 eos
821 5301 881 5353 “‘.
920 5318 936 5349 ι
986 5299 1158 5353 Moses
1187 5299 1296 5351 ait:
1339 5317 1355 5347 t
1394 5296 1626 5364 Populus
1665 5294 1859 5348 stultus
1889 5303 1942 5345 et
1980 5293 2064 5346 iti-

483 5396 685 5462 sipiens
718 5396 814 5447 ιτ.»
850 5391 1116 5445 Jct'etuias
1151 5409 1162 5440 :
1204 5409 1221 5440 t
1248 5389 1446 5458 Populo
1482 5390 1666 5452 stulte,
1699 5387 1787 5455 qni
1825 5401 1929 5438 non
1961 5385 2060 5437 lia-

489 5488 581 5539 lies
615 5503 746 5539 cnt':
790 5485 878 5552 qui
937 5484 1192 5535 habentes
1231 5483 1439 5543 oeulos,
1486 5489 1539 5533 et
1585 5495 1688 5531 non
1739 5476 1929 5529 \itlclis
1963 5493 1974 5528 :
2013 5483 2066 5527 ct

560 5646 600 5672 δ’
638 5643 860 5696 ΜλιΙῖιρΙι.
895 5659 929 5700 1,
974 5643 1056 5697 l0.
1099 5643 1177 5693 ll.
1282 5644 1320 5672 ¹²
1353 5636 1455 5693 lsit.
1486 5658 1536 5696 ν,
1578 5639 1754 5691 18οὲ0.

493 5714 537 5744 ¹⁶
578 5710 758 5769 lsa.\'i,
794 5717 940 5766 ‘J-ll.
1023 5715 1061 5743 ”
1103 5714 1253 5765 Dcut.
1291 5729 1458 5766 “xit.
1500 5713 1552 5762 (ἱ.

494 5781 656 5846 9,10.
738 5787 778 5812 ⁷²
812 5784 944 5837 Osce
977 5803 1066 5848 \‘ti,
1100 5786 1181 5836 ll.
1208 5786 1222 5836 l
1247 5790 1286 5839 ’t-.
1368 5784 1411 5812 ²¹
1445 5785 1633 5834 Jctcnt.
1672 5797 1727 5842 II,
1768 5781 1846 5830 l3.

1856 5637 1899 5666 ¹³
1931 5635 2061 5687 ibid.
2099 5634 2186 5694 1'5,
2246 5647 2354 5685 sec.
2401 5629 2560 5683 LXX.

1633 5711 1671 5737 “‘
1718 5709 1918 5759 λιιι-θυι.
1960 5721 2007 5762 ν,
2065 5707 2155 5756 21.
2242 5707 2281 5734 ¹⁹
2319 5707 2448 5754 iliid.
2481 5707 2509 5752 ‘2

1672 5797 1727 5833 II.
1768 5781 1846 5830 15.
1927 5779 1970 5806 ³³
2001 5776 2101 5830 lsit.
2136 5791 2261 5833 xxx,
2298 5772 2386 5833 9.6,
2421 5773 2509 5824 27.

2168 4559 2412 4627 quietiam
2468 4573 2605 4610 vera:
2651 4559 2841 4624 gratia:
2896 4565 3036 4607 erat.
3089 4554 3276 4622 Neque
3329 4555 3567 4609 alienum
3618 4572 3761 4624 esse,

2167 4651 2308 4720 quod
2336 4651 2592 4715 dicimus,
2624 4649 2816 4714 Isaias,
2839 4659 2896 4702 ut
2927 4657 3052 4704 ante
3080 4651 3442 4712 Ostendimus,
3470 4649 3754 4708 declarat:

2172 4762 2190 4794 t
2227 4745 2358 4810 Quis
2387 4744 2546 4797 estin
2580 4744 2750 4805 vobis,
2785 4743 2875 4810 qui
2909 4743 3098 4797 timeat
3130 4741 3469 4795 Dominum?
3498 4745 3757 4798 exaudiat

2167 4851 2352 4891 vet-ent
2379 4837 2528 4905 pueri
2555 4836 2675 4904 ejus
2703 4836 2770 4888 ".
2811 4853 2829 4885 ι
2866 4833 3034 4904 Igitur
3068 4842 3193 4886 cum
3224 4831 3318 4886 Dei
3367 4831 3624 4886 voluntas
3667 4835 3756 4896 sit,

2173 4944 2363 4982 omnes
2390 4929 2472 4982 sui
2504 4920 2632 4980 Filii
2654 4941 2841 4978 vocent
2875 4925 3084 4987 audire,
3133 4924 3327 4976 merito
3353 4924 3442 4990 qui
3484 4938 3612 4977 cum
3647 4939 3753 4978 non

2172 5019 2416 5082 audiunt,
2452 5034 2514 5072 ac
2547 5016 2838 5085 repellunt,
2873 5016 3024 5068 ibunt
3055 5015 3423 5077 ignominiosi.

2757 5151 2980 5206 CAPUT
3021 5150 3153 5205 Llll.

2483 5270 2740 5324 Vaticinia
2777 5271 2840 5322 de
2880 5267 3081 5321 Christi
3119 5266 3432 5319 .V'ativilale.

2238 5385 2468 5436 Rursum
2499 5396 2594 5449 per
2625 5381 2875 5434 eumdem
2915 5379 2988 5431 ait
3025 5377 3217 5433 Deus.t
3261 5379 3449 5429 Audite
3489 5392 3597 5439 me,
3644 5395 3747 5447 po-

2174 5474 2328 5541 pulus
2366 5487 2512 5525 meus
2550 5487 2563 5522 :
2605 5480 2657 5523 et
2704 5485 2878 5538 rcges,
2930 5471 2994 5521 ad
3034 5483 3117 5521 tne
3171 5467 3390 5519 auribus
3438 5469 3752 5522 attendite:

2660 5627 2991 5682 witiiitei.
3095 5630 3137 5660 ιι
3171 5627 3297 5681 ibid.
3413 5625 3752 5681 "immiti-

2681 5699 2725 5731 ³⁸
2751 5700 2853 5752 lsa.
2887 5715 3037 5759 χιιι,
3077 5700 3158 5760 15,
3190 5697 3274 5751 Η,
3377 5697 3416 5726 ’ί
3453 5695 3551 5748 lsa.
3625 5712 3753 5753 xxx.

2589 5773 2632 5801 ²⁵
2665 5769 2764 5824 Isti.
2801 5785 2909 5832 XLI,
2943 5771 3023 5822 ll.
3105 5771 3149 5801 ³⁸
3183 5769 3281 5822 ls.t.
3313 5783 3361 5832 L,
3401 5768 3483 5820 l0.

2242 5706 2281 5734 "
2319 5702 2448 5754 iliid.
2481 5702 2569 5754 Ἦ.
