3956 6324
30 290 153 355 889

1110 293 1496 357 DIALOGUS
1527 295 1834 359 CONTRA
1872 296 2212 362 JUDBOS.

3228 285 3335 357 890

30 407 178 474 quia
230 409 314 466 lex
365 427 394 464 a
439 426 526 465 me
572 409 898 481 egredietur,
943 419 999 468 et
1038 411 1304 483 judicium
1356 432 1534 471 meum
1586 418 1640 472 in
1668 418 1720 478 Δ
1744 429 1798 476 et
1828 419 2036 475 tolleris
2066 416 2134 473 de
2158 413 2563 487 dispensatione
2587 422 2680 470 tua
2708 420 2765 470 ct
2795 403 2867 469 «ιε
2891 409 3180 483 gradu-tuo
3202 409 3269 463 ".
3304 427 3323 462 s

31 501 227 558 lucem
270 505 537 574 gentium.
575 504 990 575 Appropinquat
1038 505 1152 563 cito
1199 508 1410 578 justitia
1469 526 1635 566 mea:

28 604 90 645 et
141 594 461 659 egredietur
491 594 632 658 sicut
657 594 770 663 lux,
803 597 1044 652 salutare
1077 613 1254 653 meum
1285 616 1299 653 :
1337 610 1392 654 et
1430 601 1482 653 in
1516 602 1641 656 bra-

31 687 175 741 chio
223 700 350 740 meo
397 697 584 757 gentes
620 691 913 757 sperabunt
937 691 1006 744 ’⁷.
1041 707 1061 741 ι
1101 691 1359 747 Michteas
1389 693 1458 747 de
1500 709 1641 748 novo

35 775 289 838 findere,
323 771 636 845 Evangelia,
667 776 910 846 inquam,
944 777 1172 842 Christi,
1201 781 1279 832 ait
1312 797 1326 834 :
1358 796 1378 830 ι
1408 778 1475 833 Ει.
1498 781 1637 835 erit:

32 862 91 914 In
127 863 669 934 novissimojdierum
699 866 806 919 erit
841 881 996 920 mons
1022 865 1215 921 domus
1254 867 1468 923 Domini
1503 884 1642 938 prm-

33 965 277 1024 paratus
327 957 384 1010 in
442 957 648 1013 vertice
705 958 1010 1025 montium,
1062 970 1117 1014 et
1170 960 1420 1017 sublimis
1477 977 1644 1032 super

36 1037 268 1106 colles:
303 1057 359 1104 et
408 1049 580 1105 liuent
631 1051 698 1104 ad
747 1065 870 1105 eum
935 1051 1113 1120 populi
1168 1062 1221 1107 et
1272 1055 1640 1121 properabant

35 1150 240 1211 gentes
291 1143 492 1210 multas,
547 1151 600 1199 et
650 1141 870 1196 dicent:
908 1139 1117 1208 Venite,
1153 1145 1520 1200 ascendamus
1571 1145 1639 1200 ad

38 1245 296 1288 montem
339 1233 568 1297 Domini,
612 1243 666 1288 et
701 1233 767 1286 ad
797 1232 1017 1287 domum
1057 1232 1148 1288 Dei
1187 1233 1357 1289 .Iacob
1379 1234 1424 1267 ³⁸
1477 1253 1495 1287 ι
1536 1236 1638 1291 Ubi

50 1347 67 1376 ι
129 1310 380 1381 montem
431 1326 645 1405 Domini
685 1345 703 1378 ι
744 1335 900 1380 vocat
952 1325 1288 1396 Deiparam:
1335 1347 1355 1380 ι
1414 1329 1639 1385 Domum

48 1419 145 1473 Dei
187 1417 360 1476 Iacob
399 1439 427 1472 ι-
454 1425 510 1473 et
543 1419 763 1474 Davidis
794 1420 923 1474 dicit
953 1417 1251 1477 Bethleem.
1297 1421 1351 1476 Id
1396 1426 1548 1478 enim
1587 1429 1642 1476 et

53 1511 224 1566 Lucas
255 1511 591 1582 evangelista
623 1512 782 1566 docet
813 1512 866 1566 in
899 1513 1016 1568 hzec
1048 1517 1213 1576 verba
1244 1531 1258 1567 :
1298 1533 1318 1565 ι
1377 1515 1639 1570 Ascendit

43 1617 231 1662 autem
290 1617 343 1662 et
384 1606 588 1678 Joseph
635 1606 855 1665 Galiltea
890 1609 960 1665 de
1005 1611 1226 1666 civitate
1277 1609 1552 1666 Nazarelh
1584 1611 1638 1665 in

43 1697 293 1754 Iudaeam
330 1696 604 1754 civitatem
654 1699 845 1760 David.
880 1717 999 1770 qua:
1051 1711 1278 1756 vocatur
1313 1701 1587 1757 Bethleem
1620 1721 1634 1757 :

44 1807 110 1846 eo
138 1792 290 1863 quod
318 1804 459 1848 esset
490 1794 557 1849 de
584 1793 746 1851 domo
771 1803 826 1850 et
855 1794 1058 1850 familia
1089 1797 1276 1856 David,
1321 1807 1377 1851 ut
1411 1799 1638 1868 prolitc-

48 1893 199 1942 retur
223 1901 353 1940 cum
380 1885 548 1940 Maria
580 1888 902 1956 desponsata
929 1888 1031 1943 sibi
1062 1891 1343 1945 uxore‘”.
1384 1909 1404 1941 ι

117 1978 228 2035 Sed
254 1979 490 2034 vaticina
522 1979 723 2052 scripta
758 1990 1113 2039 retractemus
1142 1999 1155 2038 :
1188 2002 1206 2035 ι
1241 1983 1636 2051 Asccndamds,

47 2069 293 2139 inquam,
321 2072 387 2125 ad
417 2071 635 2127 domum
654 2072 764 2156 ‘Dei
793 2061 997 2141 'Jacob,
1047 2084 1103 2132 et
1151 2076 1370 2131 docebit
1399 2093 1518 2132 nos
1571 2078 1638 2133 de

49 2164 152 2218 viis
198 2165 329 2226 suis,
369 2173 424 2220 et
468 2165 669 2230 ibimus
726 2167 781 2223 in
823 2167 1031 2224 semitis
1075 2170 1228 2240 ejus;
1271 2189 1290 2221 ι
1333 2170 1432 2224 vite
1476 2179 1639 2240 atque

46 2255 254 2309 semine
304 2271 524 2311 sacrum
575 2258 925 2330 Evangelium
974 2272 1077 2315 est.
1145 2281 1164 2313 σ
1204 2261 1338 2331 Quia
1389 2264 1456 2318 de
1508 2263 1636 2320 Sion

50 2351 363 2417 egredietur
394 2351 502 2410 lex,
529 2359 586 2405 ct
623 2352 843 2407 verbum
884 2352 1094 2430 Domini
1120 2356 1185 2409 de
1204 2352 1508 2410 Jerusalem
1531 2358 1632 2411 η.»

48 2441 191 2496 Erre
223 2442 385 2496 alium
419 2442 589 2521 legem
621 2458 727 2497 non
760 2444 828 2498 ab
859 2433 1025 2510 Sina,
1059 2456 1117 2498 ut
1155 2445 1411 2513 Mosaica,
1447 2447 1538 2502 sed
1568 2446 1639 2502 ab

50 2530 422 2604 Hierosolyma
474 2533 818 2603 profectam;
863 2536 1137 2604 siquidem
1196 2537 1285 2591 illa
1345 2550 1530 2606 vetus,
1583 2549 1640 2595 et

53 2623 273 2681 Ilichea
301 2627 577 2696 antiquior
606 2647 619 2682 :
654 2628 769 2681 haec
795 2641 985 2682 recens
1015 2637 1064 2681 et
1092 2626 1316 2683 Michaca
1345 2630 1635 2698 posterior,

51 2719 114 2771 de
146 2734 255 2787 qua
306 2717 426 2788 lege
470 2734 534 2772 ac
570 2718 880 2788 legislature
927 2718 1108 2773 Moses
1153 2719 1355 2788 liquido
1389 2720 1588 2780 clamat
1621 2739 1636 2775 :

56 2823 72 2856 ι
113 2805 443 2873 Prophetam
490 2805 774 2860 suscitabit
816 2805 914 2861 tibi
974 2806 1232 2861 Dominus
1282 2808 1425 2861 sicut
1456 2824 1578 2878 me;
1609 2827 1629 2861 ι

50 2898 213 2949 alium
239 2895 446 2954 scilicet
471 2880 865 2965 legislatorem.
902 2916 920 2947 ι
962 2897 1020 2952 Et
1053 2913 1391 2970 quascunque
1417 2901 1633 2969 dixerit,

53 2981 229 3048 ipsum
261 2983 496 3040 audietis
525 2983 593 3037 ³⁸.
630 3000 649 3036 ι
693 2983 755 3040 Ει
782 2983 1048 3071 Icremias
1078 3002 1092 3042 :
1137 3006 1157 3039 ι
1203 2985 1404 3044 Omnes
1431 3004 1637 3060 cogno-

1742 514 1878 569 Nam
1905 513 2118 567 Sobnas
2147 509 2484 567 tantumdem
2525 517 2611 564 est
2640 509 2650 559 l
2677 521 2742 563 ac
2777 506 2822 563 si
2848 504 3006 562 dicas
3038 521 3054 558 :
3091 521 3111 554 ι
3159 501 3333 558 Foras

1747 605 1999 661 abscede.
2036 621 2056 655 ι

1818 738 1984 794 At‘de
2020 750 2157 792 novo
2194 733 2398 791 Christi
2439 731 2645 789 findere
2688 729 2882 784 scribit
2915 742 3080 797 porro
3106 727 3276 783 Isaias
3313 741 3331 781 :

1748 851 1768 885 ι
1835 832 1903 886 Et
1956 831 2062 886 erit
2122 828 2174 883 in
2212 824 2315 883 "die
2364 826 2450 880 illa
2509 843 2523 881 :
2580 810 2812 880 'Vocabo
2870 836 3092 877 servum
3153 833 3336 875 meum

1744 922 1997 985 Eliacim,
2037 919 2204 974 lilium
2238 917 2458 985 "eicite,
2487 925 2544 973 et
2567 918 2788 972 induam
2820 915 2971 968 illum
3007 913 3190 968 tunica
3221 922 3335 977 tua,

1743 1025 1796 1070 et
1825 1013 2043 1084 cingulo
2074 995 2166 1066 tuo
2191 1010 2509 1066 confortabo
2539 1016 2686 1076 eum,
2721 1017 2774 1064 et
2821 1013 3146 1076 potestatem
3185 1012 3336 1059 tuam

1744 1105 1887 1162 dabo
1922 1105 1974 1158 in
2005 1117 2167 1158 manu
2199 1100 2315 1169 eius
2342 1114 2359 1155 :
2383 1110 2439 1157 et
2465 1101 2570 1156 erit
2592 1101 2746 1171 quasi
2776 1107 2929 1165 pater
2963 1094 3337 1152 habitantibus

1742 1185 2064 1262 Ierusalem,
2129 1205 2184 1249 ct
2234 1195 2417 1250 domui
2475 1191 2639 1248 Juda.
2684 1191 2752 1247 Et
2807 1192 2948 1247 dabo
2997 1188 3046 1245 ei
3107 1188 3336 1260 gloriam

1747 1289 1938 1355 David,
1964 1297 2018 1344 et
2045 1286 2463 1359 principabitur,
2495 1292 2550 1340 et
2585 1298 2690 1339 non
2719 1269 2821 1338 erit
2847 1282 2938 1352 qui
2967 1280 3336 1336 contradicat.

1743 1383 1810 1438 Et
1838 1391 2076 1438 statuam
2102 1394 2225 1436 eum
2260 1380 2557 1451 principem
2584 1377 2637 1432 in
2673 1377 2801 1432 loco
2834 1366 3026 1430 ildeli:
3065 1383 3121 1429 et
3147 1373 3250 1428 erit
3279 1372 3332 1426 in

1748 1480 1942 1535 solium
1977 1477 2164 1548 glorias
2193 1475 2388 1529 domus
2422 1470 2597 1543 patris
2623 1469 2770 1538 ejus;
2811 1472 2865 1523 et
2902 1474 3066 1521 erunt
3093 1464 3334 1548 peuden:

1745 1578 1826 1624 tes
1877 1569 1945 1623 ab
1987 1581 2052 1622 eo
2101 1566 2153 1620 in
2202 1565 2290 1620 die
2336 1562 2426 1618 illa
2453 1563 2522 1615 ³⁸.
2561 1579 2581 1614 ι
2627 1555 2819 1630 Neque
2866 1557 3029 1612 aliter
3078 1554 3147 1633 de
3193 1567 3333 1609 nova

1744 1659 1989 1716 Ecclesia
2024 1660 2164 1714 idem
2200 1674 2228 1712 a
2265 1654 2377 1712 Deo
2423 1652 2719 1710 denuntiat
2755 1667 2770 1729 ξ
2811 1667 2830 1703 ι
2865 1643 3122 1706 ’Βῑιιιιιιὺο
3155 1646 3334 1702 locum

1670 1768 1711 1820 Β
1742 1753 1955 1809 tentorii
1984 1751 2079 1816 tui,
2117 1759 2168 1805 et
2196 1748 2349 1818 palos
2374 1757 2496 1802 tuos
2528 1741 2904 1808 consolidabo,
2930 1740 2997 1796 ad
3028 1738 3333 1810 idexteram

1743 1855 1796 1901 et
1835 1844 1902 1900 ad
1935 1844 2214 1898 sinistram
2250 1840 2544 1895 extendam
2591 1847 2645 1892 et
2695 1849 2880 1892 semen
2913 1843 3066 1889 tuum
3097 1829 3333 1887 haeredi-

1641 1932 1644 1936 ’
1744 1939 1876 1994 tabit
1905 1944 2094 2008 gentes
2121 1934 2186 1987 ⁸⁹.
2226 1951 2245 1986 ι

1811 2075 1880 2130 Et
1907 2073 1975 2128 de
2008 2087 2142 2129 nova
2172 2069 2572 2140 Hierosolyma:
2601 2086 2619 2120 ι
2639 2066 2974 2132 illuminare,
2996 2063 3331 2128 illuminare,

1738 2164 2077 2230 Jerusalem;
2115 2162 2242 2233 quia
2291 2162 2439 2216 venit
2491 2159 2672 2215 lumen
2711 2166 2899 2221 tuum,
2925 2164 2990 2212 .et
3019 2153 3189 2226 gloria
3206 2151 3334 2214 ,Βο-

1743 2259 1871 2313 miui
1897 2272 2058 2328 super
2089 2263 2142 2310 te
2170 2263 2288 2310 orta
2321 2262 2426 2310 est.
2461 2250 2607 2318 Quia.
2634 2262 2763 2308 ecce
2796 2252 3061 2328 tenebras
3082 2254 3334 2316 operient

1742 2325 1980 2416 terram,
2001 2359 2054 2406 et
2075 2347 2261 2419 caligo
2287 2347 2557 2418 populos:
2595 2339 2760 2415 super
2801 2353 2854 2397 te
2894 2325 3076 2397 autem
3123 2341 3333 2398 orietur

1743 2443 2020 2508 Dominus,
2059 2452 2114 2496 et
2148 2440 2319 2511 gloria
2359 2439 2480 2508 ejus
2509 2438 2577 2511 in
2611 2449 2664 2493 te
2707 2429 3006 2496 videbitur;
3035 2429 3331 2500 Etambu—

1740 2537 1930 2592 labunt
1957 2542 2143 2605 gentes
2173 2534 2223 2588 in
2254 2533 2462 2592 lumine
2487 2542 2598 2596 tuo,
2631 2539 2686 2588 et
2735 2542 2891 2595 reges
2924 2525 2991 2580 ,in
3039 2523 3332 2595 splendore

1740 2637 1896 2685 ortus
1949 2625 2046 2681 tui.
2084 2620 2248 2680 Leva’
2281 2624 2332 2678 in
2387 2623 2618 2679 circuitu
2661 2618 2851 2678 oculos
2897 2625 3052 2681 tuos,
3101 2623 3159 2671 et
3207 2615 3330 2671 vida

1737 2729 2095 2794 congregatos
2122 2718 2261 2773 Illios
2293 2727 2449 2781 tuos;
2483 2724 2750 2770 venerunt
2793 2724 2988 2767 omnes
3019 2708 3116 2765 lilii
3151 2708 3228 2770 tui
3260 2707 3337 2768 de

1739 2812 1914 2883 longe,
1943 2820 1999 2866 et
2028 2809 2151 2864 lilite
2185 2818 2290 2864 tute
2321 2817 2488 2876 super
2520 2807 2778 2864 humeros
2803 2802 3168 2874 portabuntur
3191 2798 3262 2852 “.
3297 2816 3335 2858 ι.

1739 2907 1806 2961 Et
1839 2896 2009 2959 David
2039 2903 2106 2958 de
2129 2901 2336 2958 Christi
2363 2898 2603 2957 Ecclesia
2637 2912 2656 2956 :
2700 2913 2719 2948 ι
2759 2895 2923 2963 Audi,
2948 2894 3081 2965 tilia,
3110 2901 3166 2954 et
3202 2892 3332 2949 vide

1739 3008 1795 3054 et
1844 2988 2042 3052 inclina
2099 3008 2290 3048 aurem
2339 3001 2536 3048 tuam:
2577 2996 2635 3045 et
2682 2987 3021 3044 obliviscere
3065 2983 3341 3056 populum.

51 3084 206 3127 accnt
252 3089 337 3127 tne
365 3089 393 3128 a
432 3075 660 3131 minimo
705 3090 893 3132 eorum
945 3067 1126 3148 u~que
1165 3079 1232 3134 ad
1283 3080 1577 3136 maximum
1615 3102 1629 3138 :
1660 3067 1909 3163 cltunm,
1941 3104 1961 3139 ι
2000 3085 2052 3141 id
2070 3095 2176 3147 eet,
2211 3081 2410 3154 impios
2442 3081 2679 3152 majores
2700 3089 2844 3147 ιυοῧ,
2869 3097 2889 3132 s
2912 3085 2964 3134 et
2991 3078 3210 3139 domum
3233 3091 3341 3148 ρει--

51 3164 167 3214 ideo
203 3178 306 3217 nou
332 3163 548 3220 docebit
572 3166 714 3220 ultra
751 3167 838 3222 vir
868 3167 1172 3236 proximum
1201 3185 1382 3234 suum,
1405 3171 1631 3230 dicens:

52 3257 325 3322 Cognosce
354 3257 731 3313 Dominum“.
759 3278 778 3311 ι
804 3257 901 3315 Cui
929 3259 1097 3315 Isaias
1129 3263 1295 3334 probe
1325 3276 1590 3330 rcusanat
1615 3282 1630 3318 :

57 3363 76 3401 ι
115 3348 287 3403 Erunt
315 3363 508 3405 omnes
535 3351 789 3411 tlocibiles
819 3353 917 3409 Del
948 3353 1016 3408 ³³.
1056 3373 1076 3407 s
1110 3353 1175 3408 Et
1214 3356 1382 3410 David
1417 3373 1432 3411 :
1469 3375 1487 3408 ι
1523 3359 1635 3411 Ho-

55 3432 136 3494 die
158 3442 203 3496 si
240 3457 424 3498 vocem
460 3443 577 3511 eius
623 3443 930 3510 audieritis,
961 3446 1130 3502 nolite
1163 3448 1435 3504 obdurare
1467 3449 1632 3504 corda

54 3541 285 3588 vestra:
339 3533 479 3589 sicut
545 3535 596 3588 in
652 3536 1070 3593 exacerbatlone
1129 3540 1427 3595 secundum
1490 3541 1630 3597 diem

51 3626 363 3682 mutationis
413 3627 465 3680 in
513 3630 766 3693 deSerto;
800 3629 888 3683 ubi
935 3637 1284 3687 tentaverunt
1324 3647 1411 3687 me
1450 3644 1631 3701 patres

51 3715 213 3768 vestri
246 3714 310 3769 ³⁸.
371 3734 390 3767 ι
453 3718 519 3770 Et
570 3717 813 3772 iterum:
849 3736 868 3770 ι
930 3718 1106 3784 Quam
1155 3721 1330 3775 dulcia
1385 3720 1631 3779 faucibus

51 3806 179 3859 meis
217 3807 432 3877 eloquia
481 3817 597 3875 tua,
626 3824 790 3882 super
832 3813 933 3865 mel
967 3812 1047 3866 ori
1101 3828 1218 3867 meo
1248 3813 1312 3867 ³⁸.
1355 3831 1373 3865 ι
1414 3813 1479 3868 Et
1517 3813 1626 3870 alio

53 3898 160 3952 loco
191 3915 208 3950 :
250 3916 270 3952 ι
295 3889 540 3969 Ἐιοιιιιίιι
573 3902 807 3964 Domini,
855 3903 1067 3973 eloquia
1099 3915 1256 3959 casta
1290 3923 1304 3960 :
1340 3918 1630 3977 argentum

54 3990 164 4061 igne
219 3993 588 4050 examinatum
623 4034 640 4060 ,
709 3996 995 4066 probatum
1065 4004 1265 4061 terrm‘,
1343 4009 1628 4069 purgatum

53 4085 355 4156 septuplum
386 4087 455 4152 ⁸⁸,
496 4107 515 4139 ι
551 4088 603 4141 id
635 4099 737 4155 est,
770 4088 1057 4156 ejusmodi,
1084 4105 1205 4158 qua:
1249 4091 1498 4148 Mosaicae
1527 4093 1628 4162 legi

53 4176 382 4246 praecellant,
423 4179 879 4244 quemadmodum
921 4178 1101 4237 Moses
1141 4182 1368 4249 ipsemet
1407 4199 1473 4237 ex
1535 4185 1626 4239 Dei

55 4269 300 4330 persona
334 4269 658 4323 conllrmat:
698 4287 714 4320 ι
746 4267 848 4334 Qui
898 4277 1078 4324 autem
1113 4269 1275 4325 verba
1322 4271 1462 4342 ejus,
1510 4290 1628 4340 qum

57 4359 303 4430 loquetur
330 4359 383 4414 in
417 4362 637 4417 nomine
665 4376 808 4428 meo,
846 4362 1034 4417 audire
1060 4364 1328 4430 noluerit;
1360 4380 1462 4436 ego
1486 4367 1630 4424 ultor

53 4452 307 4507 exsistam
341 4453 406 4506 ³⁸.
449 4471 469 4505 s
505 4451 566 4507 Et
601 4467 696 4522 per
729 4452 922 4509 Isaiam
960 4453 1139 4511 Deus:
1182 4473 1200 4508 ι
1243 4455 1408 4520 Vade,
1445 4458 1625 4529 ingreo
1657 4442 1704 4498 θ

55 4547 172 4599 dere
194 4547 265 4599 ad
301 4561 451 4614 eum,
470 4547 558 4619 qui
593 4546 800 4602 habitat
824 4549 876 4600 in
906 4549 1272 4615 tabernaculo,
1291 4555 1357 4605 ad
1384 4551 1622 4608 Sobnam

53 4639 392 4706 praepositum
431 4637 630 4707 templi.
667 4648 718 4693 et
753 4637 902 4695 dices
926 4639 993 4694 ad
1025 4655 1149 4694 eum
1182 4658 1195 4696 :
1235 4642 1374 4708 Quid
1414 4644 1507 4698 tibi
1538 4653 1624 4700 est

54 4728 174 4782 hic?
213 4728 343 4796 quia
372 4729 620 4783 excidisti
654 4729 750 4785 tibi
784 4731 873 4786 hic
899 4735 1231 4802 sepulcrum,
1280 4733 1529 4787 excidisti
1567 4734 1620 4788 in

52 4819 262 4872 excelso
301 4817 613 4873 memoriale
644 4818 958 4887 diligenter,
992 4820 1044 4874 in
1093 4831 1243 4890 petra
1294 4822 1620 4879 tabernacu-

54 4909 146 4961 lu-n
186 4900 325 4965 tibi?
368 4910 504 4964 Ecce
536 4910 794 4966 Dominus
856 4911 1094 4968 Sabamh
1159 4913 1334 4983 ejiciet
1362 4925 1416 4969 et
1443 4926 1628 4971 conte-

57 5016 124 5057 rct
181 5005 397 5069 virum;
437 5013 491 5058 et
547 5004 757 5058 auferet
802 5005 1006 5060 stolam
1061 5018 1231 5075 tuam,
1285 5019 1340 5062 et
1400 5007 1622 5064 infulam

53 5088 225 5160 tuam,
254 5108 306 5151 et
336 5110 590 5150 coronam
636 5105 777 5149 tuam
819 5095 1111 5166 gloriosam
1146 5115 1160 5153 :
1199 5096 1255 5153 c't
1294 5101 1541 5170 projiciet
1571 5111 1622 5157 te

54 5187 95 5237 in
143 5187 421 5256 regionem
477 5198 720 5256 magnam
788 5194 844 5239 et
888 5186 1245 5255 immensam;
1281 5198 1337 5244 et
1385 5191 1454 5244 ibi
1512 5209 1625 5246 mo-

55 5278 194 5332 rieris
227 5294 241 5328 :
287 5287 342 5330 et
369 5277 618 5347 projiciet
637 5289 859 5331 currum
896 5285 1046 5331 tuum
1079 5280 1342 5350 optimum
1379 5282 1431 5335 in
1468 5284 1619 5351 iguo~

53 5369 288 5435 miltiam,
318 5376 372 5424 et
393 5367 614 5425 domum
637 5369 896 5442 principis
920 5369 996 5422 tui
1019 5371 1071 5424 in
1101 5363 1563 5429 conculcatiouetn
1600 5395 1612 5430 :

1740 3179 1838 3244 tris
1870 3175 1968 3242 tui,
2007 3193 2027 3228 ι
2081 3174 2134 3229 id
2186 3180 2292 3239 est,
2341 3172 2562 3227 nidores
2612 3180 2668 3227 et
2720 3169 2910 3228 altaria
2951 3167 3326 3231 obliviscere;

1739 3284 1863 3324 nam
1914 3267 1956 3323 si
2008 3265 2139 3334 haec.
2173 3263 2368 3321 feceris
2398 3302 2414 3330 ,
2466 3282 2486 3318 ι
2519 3262 2879 3331 Concupiscet
2925 3275 3018 3316 rex
3071 3260 3325 3316 decorem

1738 3367 1896 3413 tuum
1925 3375 1938 3412 :
1981 3355 2236 3427 quoniam
2270 3354 2387 3425 ipse
2419 3362 2504 3410 est
2531 3352 2793 3411 Dominus
2832 3352 2977 3408 Deus
3010 3361 3172 3421 tuus;
3206 3369 3228 3405 ι
3270 3360 3326 3408 et

1738 3447 1990 3503 adorabis
2059 3461 2208 3502 eum.
2271 3445 2473 3514 Atque.
2506 3452 2565 3498 ut
2624 3443 2947 3516 explicatius
3015 3441 3326 3500 ostenderet

1733 3539 1882 3609 loqui
1919 3553 1977 3593 se
2002 3537 2068 3594 de
2095 3536 2332 3608 gentium
2355 3535 2625 3602 Ecclesia,
2652 3534 2805 3590 addit
2833 3551 2848 3589 :
2891 3551 2910 3587 ι
2943 3533 3011 3588 Ει
3039 3532 3162 3590 tiliae
3192 3529 3323 3603 Tyri

1735 3632 1787 3685 in
1821 3631 2138 3686 muneribus
2161 3630 2207 3661 “
2233 3645 2252 3700 ;
2280 3646 2300 3682 ι
2335 3627 2511 3700 Tyrus
2535 3627 2731 3698 quippe
2759 3629 3002 3696 gentium
3035 3627 3194 3684 sedes
3216 3634 3324 3684 est.

1734 3724 1880 3779 Idem
1915 3737 2131 3778 rursum
2163 3738 2177 3775 :
2217 3738 2236 3772 ι
2261 3718 2838 3793 Laudate’Dominum,
2864 3734 3058 3775 omnes
3083 3721 3317 3789 gentos:

1735 3817 1953 3871 laudate
1982 3830 2131 3879 eum,
2163 3826 2357 3868 omnes
2382 3812 2595 3882 populi,
2629 3829 2650 3864 ι
2687 3813 2740 3867 id
2783 3819 2890 3878 est,
2913 3810 3319 3876 simuloranes,

1732 3907 1925 3974 Judaei,
1960 3895 2203 3974 Graecus,
2257 3906 2352 3960 sed
2383 3919 2576 3963 omnes
2620 3905 2842 3961 omnino
2872 3913 3063 3974 gentes
3095 3920 3113 3961 :
3151 3903 3323 3972 siqui-

1732 4000 1853 4054 dem
1891 4012 1993 4052 non
2033 3995 2145 4065 jam
2193 4011 2354 4068 porro
2401 3996 2747 4054 circumcisio
2807 4005 2923 4059 aut
2974 3994 3316 4065 praeputium,

1733 4106 1838 4147 non
1868 4090 2102 4147 servitus
2130 4098 2224 4145 aut
2253 4089 2478 4147 libertas
2509 4099 2611 4146 est.
2645 4107 2666 4142 ι
2699 4086 2965 4155 Quoniam
2998 4086 3320 4145 conﬁrmata

1731 4198 1817 4244 est
1868 4201 2034 4255 super
2095 4199 2194 4240 nos
2241 4185 2618 4242 misericordia
2675 4183 2842 4252 ejus;
2875 4198 2895 4232 ι
2951 4196 3076 4237 nam
3128 4181 3320 4237 omnia

1730 4275 1955 4347 Christi,
1985 4288 2040 4334 et
2089 4279 2142 4333 in
2191 4279 2442 4335 omnibus
2489 4277 2781 4348 Christus;
2813 4297 2832 4332 s
2865 4288 2921 4334 et
2963 4274 3168 4331 veritas
3212 4272 3320 4328 Do-

1737 4374 1868 4429 mini
1907 4380 2090 4427 manet
2118 4369 2172 4425 in
2210 4379 2474 4425 atternum
2494 4369 2582 4424 “:
2616 4387 2633 4421 ι
2688 4371 2780 4426 Dei
2839 4369 3121 4424 veritatem
3158 4363 3320 4420 Chri-

1731 4474 1873 4523 stum
1908 4462 2162 4534 appellat,
2193 4477 2288 4516 ceu
2339 4460 2507 4517 Deum
2533 4476 2722 4517 verum
2749 4476 2781 4517 e
2811 4461 2920 4517 Deo
2950 4474 3099 4526 vero,
3123 4472 3320 4528 quem-

1731 4558 2021 4614 admodum
2066 4553 2317 4611 Christus
2364 4553 2480 4626 ipse
2535 4553 2606 4610 de
2634 4568 2712 4624 se
2757 4554 3083 4611 conﬁrmat:
3121 4569 3141 4605 ι
3208 4549 3319 4622 Ego

1729 4667 1846 4708 sum
1897 4650 2006 4711 via,
2058 4648 2263 4704 veritas
2303 4657 2359 4703 et
2400 4647 2512 4703 vita
2539 4645 2643 4716 θ’.»
2672 4646 2740 4702 de
2777 4660 2955 4716 eoque
2999 4658 3216 4710 rursum
3249 4641 3317 4696 ad

1732 4758 1927 4799 novam
1961 4742 2089 4798 Sion
2132 4744 2210 4796 alt
2249 4741 2459 4797 Isaias:
2496 4757 2517 4792 s
2557 4738 2697 4794 Ecce
2724 4753 2824 4809 ego
2848 4741 3060 4792 mittam
3087 4736 3144 4791 in
3191 4732 3322 4792 fulto

1729 4832 1998 4889 damcntis
2027 4831 2161 4888 Sion
2194 4831 2424 4901 lapidem
2466 4829 2776 4902 probatum,
2816 4828 3126 4899 angularem
3155 4863 3170 4889 ,
3193 4838 3318 4895 pre-

1732 4924 1967 4978 tiosum:
2010 4932 2064 4978 et
2117 4924 2208 4994 qui
2263 4923 2556 4978 crediderit
2607 4922 2661 4977 in
2705 4936 2826 4978 eum
2870 4911 2980 4974 non
3015 4915 3311 4977 confunde-

1731 5022 1816 5067 tur
1839 5012 1885 5046 “
1920 5032 1938 5064 ι
1979 5014 2031 5068 in
2063 5023 2348 5072 aeternum.
2376 5012 2524 5067 Idem
2554 5012 2620 5065 ad
2651 5009 2900 5066 eamdem
2937 5025 2953 5064 :
2990 5025 3009 5059 s
3043 5006 3182 5061 Ecce
3213 5020 3315 5075 ego

1729 5118 1972 5170 pr:eparo
2003 5097 2106 5157 tibi
2125 5101 2522 5157 carbunculum
2568 5101 2806 5174 lapidem
2841 5110 3013 5167 tuum,
3041 5106 3095 5154 et
3128 5097 3316 5162 fatuita-

1730 5204 1912 5249 menta
1970 5203 2059 5248 tua
2097 5193 2407 5264 sapphirum
2439 5211 2452 5248 :
2483 5203 2537 5249 et
2559 5207 2754 5263 ponam
2794 5190 3193 5263 propugnacula
3224 5200 3312 5246 tua
3396 5208 3398 5210 ν

1722 5285 1900 5356 jnspin
1959 5302 1971 5337 :
2008 5295 2062 5338 et
2096 5297 2281 5353 portas
2314 5293 2432 5339 tuas
2464 5283 2673 5352 lapides
2700 5283 2974 5354 cbrystalli
3012 5301 3024 5335 :
3060 5290 3114 5341 ei
3142 5279 3312 5339 ambi-

1737 5389 1844 5430 tum
1891 5392 2098 5430 murum
2145 5385 2298 5431 tuum
2342 5376 2546 5446 lapides
2595 5377 2820 5439 electos,
2859 5384 2911 5432 et
2947 5387 3139 5429 omnes
3173 5371 3310 5444 ﬁlios

111 5557 154 5587 ’τ
189 5555 304 5610 Isa.
328 5568 401 5618 LI,
430 5554 483 5606 ι.
561 5554 606 5586 ³⁸
636 5555 797 5608 MicIt.
823 5571 894 5612 tv.
927 5553 978 5605 i.
1037 5555 1103 5586 ’⁸⁸
1137 5555 1262 5608 Luc.
1300 5570 1357 5617 Il,
1389 5557 1441 5614 6,
1478 5557 1529 5608 5.
1574 5559 1620 5589 ⁸⁸

1740 5559 1818 5612 3h.
1850 5555 1998 5617 ιν,2.
2081 5556 2125 5586 ’θ
2161 5556 2312 5607 Deut.
2367 5571 2519 5620 xvtu,
2564 5559 2647 5613 13.
2730 5557 2772 5590 ³⁸
2803 5556 3004 5612 .Iercm.
3046 5571 3193 5618 χχιι.
3247 5556 3301 5611 4.

53 5617 89 5658 Ii
116 5627 219 5682 [53,
253 5623 670 5690 uv,13;Joan.
700 5639 773 5684 VI.
797 5624 885 5678 45.
963 5625 1009 5655 ⁸³
1038 5623 1180 5677 Psal.
1223 5638 1362 5683 χειν.
1409 5624 1461 5687 8,
1499 5628 1552 5681 9.
1629 5631 1632 5656 ³

1740 5629 1846 5680 ’sal.
1876 5642 2064 5690 cxvttt,
2105 5625 2231 5678 I05.

70 5698 141 5749 l9.
221 5694 273 5728 ⁸¹
298 5694 398 5748 Isa.
429 5710 560 5754 xm,
593 5693 773 5749 1516.

2358 5627 2401 5658 ³⁸
2433 5629 2572 5682 Ρετι..
2614 5645 2691 5689 χι,
2727 5628 2776 5681 7.
2891 5629 2933 5659 ³⁸
2969 5629 3119 5683 Deut.
3155 5642 3305 5690 xvttt,

862 5694 906 5774 ξ⁸
938 5695 1067 5745 ἱΙιίιΙ.
1098 5695 1282 5747 9.0-2“.
1327 5694 1371 5725 ⁸⁹
1410 5693 1509 5747 In.
1547 5712 1632 5749 LIV

1820 5699 1864 5728 ⁸⁸
1903 5701 2003 5774 [ελ.
2044 5713 2130 5761 L‘,
2165 5695 2213 5774 Ξ,
2255 5693 2310 5764 2.
2391 5698 2434 5728 ⁴¹
2468 5697 2611 5753 I‘sul.
2643 5714 2787 5763 xuv,
2825 5698 3001 5760 ll,i3.
3080 5696 3300 5758 “,‘Psal.

57 5785 190 5829 cm.
229 5764 284 5826 Ι.
311 5763 365 5820 2.
446 5763 493 5795 ⁸³
520 5762 676 5819 Joatt.
705 5779 818 5822 xw.
845 5764 898 5816 6.
977 5765 1017 5794 ⁸⁵⁸
1061 5765 1159 5816 Isu.
1205 5780 1392 5828 xum,
1432 5765 1530 5830 Ili;
1575 5766 1591 5820 Ι
1626 5768 1632 5821 l

1740 5786 1770 5824 '.
1807 5785 1865 5831 ιι,
1895 5769 1947 5821 6.
