3956 6324
487 197 493 202 ’
526 239 628 313 831

1692 246 2127 312 ANDRONICI
2149 244 2503 310 COMNENI

3707 237 3835 304 892

529 345 653 410 nms
681 356 975 428 discipulos
1002 361 1097 418 Dei
1131 379 1145 417 :
1182 372 1236 430 et
1267 362 1331 417 in,
1355 361 1520 416 multa
1556 376 1688 432 pace
1718 364 1810 419 lilii
1840 365 1939 431 tui,
1965 366 2101 420 etin
2131 368 2180 427 Α
2209 363 2440 418 ﬁliorum
2470 360 2648 417 Israel
2685 357 2741 415 in
2782 373 2988 417 escam.
3013 353 3086 416 Et
3124 338 3186 416 ut
3225 357 3354 429 quid
3396 354 3692 426 respexisti
3763 358 3827 409 in

523 449 732 516 iustitia
760 453 1135 521 :editicaberis,
1165 458 1358 512 recede
1383 455 1452 510 ab
1481 456 1666 522 iniquo
1697 457 1776 511 ".o
1809 476 1829 510 ι

604 561 814 619 Videtis
838 574 895 620 ut
916 568 1153 636 gentium
1183 569 1484 626 Ecclesiam
1521 571 1786 640 prepheta
1813 571 2116 640 significet?

521 669 652 721 nam
689 669 812 711 cum
849 655 1267 731 Hierosolymam
1300 672 1506 726 monet,
1534 662 2117 720 abstineatasceleri-

537 744 658 809 bus,
691 743 1002 803 Iudaeorum
1049 751 1390 808 calamitates
1428 763 1482 808 et
1522 755 1966 819 interuetionem,
1995 771 2117 825 qua:

535 847 630 888 eos
661 836 936 900 manebat,
970 853 1000 892 a
1031 841 1330 897 sceleribus
1358 859 1462 897 non
1496 845 1856 908 abstinentes,
1890 845 2065 901 innuit
2100 864 2115 902 :

536 943 555 974 ι
592 924 659 978 Ει
679 934 866 981 terror
894 945 1002 984 non
1033 933 1487 1002 appropinquabit
1514 936 1609 989 tibi
1629 936 1750 1011 ",3:
1788 937 1840 990 id
1873 946 1978 1003 est,
2002 955 2120 995 sce-

532 1015 740 1073 leribus
782 1019 1063 1076 abstinens
1103 1037 1300 1091 expers
1344 1026 1587 1080 terroris.
1613 1027 1866 1097 agitabis.
1909 1048 1936 1081 ι.
1981 1028 2118 1086 Ecce

536 1110 792 1180 proselyti
827 1114 1088 1168 accedent
1122 1114 1188 1167 ad
1226 1124 1276 1169 te
1313 1130 1409 1182 per
1443 1133 1558 1183 me;
1605 1137 1624 1171 ι
1665 1135 1762 1189 per
1797 1136 1919 1187 me,
1942 1121 2116 1191 inquit

535 1199 613 1253 Cb
628 1201 810 1267 ristus,
837 1213 1028 1270 gentes
1059 1214 1114 1259 et
1144 1205 1377 1263 diversis
1413 1208 1610 1278 linguis
1646 1211 1926 1274 loquentes
1963 1214 2030 1267 ad
2065 1223 2118 1267 te

533 1293 940 1351 commeabunt.
979 1314 999 1350 ι
1039 1296 1103 1351 Et
1134 1299 1312 1354 coloni
1347 1312 1508 1355 erunt
1540 1303 1647 1368 tui,
1669 1314 1724 1358 et
1750 1303 1815 1357 ad
1845 1311 1898 1360 te
1926 1305 2119 1361 confu-

533 1382 762 1450 gient".
792 1404 814 1439 ι
845 1384 982 1441 Nam
1013 1389 1065 1444 in
1094 1391 1372 1445 Dominico
1398 1393 1666 1461 supplicio
1694 1405 1904 1450 cuncta:
1929 1410 2116 1468 gentes

534 1472 965 1546 Hierosolymam
1011 1479 1388 1551 profectae,“
1429 1495 1806 1553 comprecatz,
1842 1487 2116 1558 hodieque-

533 1575 906 1624 revertuntur.
936 1560 1180 1625 Sedet-it
1211 1572 1299 1626 hic
1327 1573 1469 1642 lapis
1493 1574 1743 1642 gentibus
1772 1577 1837 1630 ad
1871 1593 2117 1633 resurre-

535 1655 794 1722 ctionem,
826 1656 1026 1715 iudicis
1063 1663 1131 1716 ad
1172 1664 1383 1718 ruinam
1415 1683 1450 1730 _:
1493 1667 1694 1721 etenim
1735 1683 1800 1744 ex
1843 1673 2120 1740 prophetae

542 1752 721 1798 mente
753 1760 892 1812 unus
927 1747 1177 1820 idemque
1211 1752 1346 1822 lapis
1377 1756 1481 1809 erit
1510 1754 1846 1823 oll‘eusionis,
1877 1767 1931 1814 et
1963 1770 2116 1829 petra

535 1836 771 1889 scandali
791 1835 857 1892 ⁸⁸.

607 1944 752 2012 Quid
804 1949 973 2022 igitur
1012 1955 1195 2012 dicent
1241 1961 1559 2029 aerumnosi,
1593 1978 1717 2018 cum
1770 1965 2033 2024 illustrem
2085 1984 2118 2025 e

446 2080 450 2084 .
535 2039 692 2094 caelis
735 2041 1116 2104 adventantem
1157 2048 1438 2107 Christum
1475 2053 1756 2122 videbunt,
1785 2058 2118 2130 audientque

535 2131 593 2184 in
640 2145 850 2189 summa
901 2139 1184 2209 majestate
1231 2143 1480 2200 aﬂ‘antem
1534 2145 1686 2217 illos,
1723 2152 1811 2221 qui
1864 2168 1924 2208 se
1970 2155 2116 2210 velut

540 2235 827 2314 augustum
873 2239 932 2285 et
983 2233 1294 2303 angularem
1344 2237 1575 2308 lapidem
1624 2252 1749 2298 sunt
1793 2245 2119 2314 amplexati?

544 2329 567 2368 σ
598 2313 807 2384 Venite,
858 2320 1129 2380 benedicti
1179 2324 1354 2384 Patris
1401 2331 1526 2394 mei,
1561 2333 1832 2401 possidete
1869 2313 2115 2406 paratum

535 2407 688 2464 vobis
713 2424 937 2481 regnum
956 2414 1020 2468 ⁸⁸.
1051 2434 1071 2467 ι
1112 2416 1362 2475 Sinistris
1385 2435 1537 2489 vero,
1561 2422 1653 2493 qui
1685 2427 1736 2480 in
1767 2441 1956 2482 saxum
1986 2427 2116 2483 illud

536 2503 963 2573 impegerunt'et
993 2508 1358 2579 offenderunt,
1387 2515 1692 2573 dicentem?
1728 2539 1747 2573 ε
1790 2520 2057 2578 Discedite
2087 2539 2116 2578 a

538 2606 626 2648 me
663 2595 938 2654 maledicti
986 2601 1039 2655 in
1082 2602 1259 2674 ignem
1309 2617 1596 2676 aternum,
1631 2612 1722 2680 qui
1767 2620 1994 2681 paratus
2035 2624 2119 2670 est

539 2683 756 2759 diabolo
801 2697 857 2745 et
897 2692 1106 2762 angelis
1152 2694 1269 2764 ejus
1291 2695 1362 2751 ’σι
1413 2716 1434 2751 ι
1490 2697 1775 2765 Quomodo
1827 2715 1940 2759 tum
1990 2706 2135 2763 facti.

543 2779 870 2845 pmoitentes
907 2777 1018 2854 pre
1059 2786 1222 2841 animi
1267 2790 1514 2860 angustia
1555 2801 1796 2863 gement,
1832 2805 1886 2851 et
1921 2797 2118 2852 iterum

538 2877 703 2937 atque
733 2871 926 2928 iterum
959 2885 1208 2944 repetent
1239 2896 1254 2935 :
1300 2897 1320 2934 ι
1359 2878 1463 2944 Hic
1496 2890 1598 2945 est,
1631 2898 1794 2954 quem
1832 2885 2120 2956 aliquando

540 2960 825 3019 habuimus
846 2965 898 3018 in
922 2965 1180 3033 derisum,
1196 2971 1327 3026 etin
1351 2973 1755 3032 similitudinem
1779 2977 2117 3049 improperii.

2224 455 2505 509 incensum
2537 467 2740 517 meum,
2767 461 2823 505 et
2849 453 2903 506 in
2937 450 3264 507 sacriﬁcium
3296 465 3470 504 meum
3503 447 3830 516 impudenti

2223 545 2414 600 oculo?
2442 544 2502 598 Et
2523 544 2839 614 gloriﬁcasti
2864 543 3007 598 lilios
3033 554 3152 598 tuos
3175 557 3338 608 super
3358 555 3462 604 me,
3482 539 3830 595 benedicere

2226 638 2292 690 de
2335 634 2632 705 primordio
2672 633 2858 688 omnis
2897 621 3152 688 sacriﬁcii
3196 631 3366 688 Israel
3409 631 3461 686 in
3507 641 3824 700 conspectu

2228 727 2384 781 meo?
2411 725 2642 796 Propter
2670 727 2772 780 hoc
2805 726 2922 782 hinc
2957 726 3087 782 dicit
3120 726 3379 782 Dominus
3409 723 3552 779 Deus
3584 722 3770 778 Israel
3809 744 3823 775 :

2230 817 2371 883 Dixi,
2407 817 2600 872 domus
2645 825 2756 882 tua,
2790 827 2844 871 et
2893 816 3087 872 domus
3137 815 3314 871 Patris
3365 818 3441 870 tui
3491 813 3828 870 transibunt

2225 923 2408 961 coram
2450 922 2537 961 me
2589 921 2760 975 usque
2807 909 2862 961 in
2909 907 3317 978 sempiternum.
3351 905 3416 960 Et
3462 919 3609 959 nunc
3663 904 3829 960 dicit

2231 1000 2486 1053 Dominus
2532 1015 2546 1052 :
2585 997 2936 1068 Nequaquam
2979 1015 2995 1053 :
3040 999 3295 1068 quoniam
3337 1007 3544 1052 tantum
3588 994 3822 1066 gloriﬁ—

2226 1099 2412 1146 cantes
2456 1105 2542 1145 me
2583 1091 2920 1158 glorilicaho,
2957 1099 3014 1146 et
3057 1091 3150 1161 qui
3199 1089 3406 1160 spernit
3447 1103 3552 1154 me,
3595 1089 3827 1144 honore

2226 1183 2547 1252 privabitur.
2571 1182 2712 1240 Ecce
2735 1185 2855 1240 dies
2879 1186 3123 1248 veniunt,
3139 1169 3596 1240 'et‘exterminabo
3616 1198 3826 1238 seuseu

2228 1285 2398 1341 tuum,
2430 1286 2485 1331 et
2527 1291 2714 1332 semen
2756 1279 2950 1333 domus
2993 1279 3166 1347 patris
3205 1277 3307 1343 tui,
3344 1285 3396 1331 et
3430 1292 3538 1332 non
3571 1277 3684 1330 erit
3724 1278 3827 1328 tibi

2222 1381 2388 1421 senex
2416 1369 2469 1422 in
2500 1370 2661 1425 domo
2691 1384 2810 1425 mea
2840 1370 3092 1425 omnibus
3137 1369 3345 1425 diebus.
3370 1367 3435 1424 Et
3460 1369 3605 1423 viros
3629 1379 3828 1422 exter-

2224 1458 2445 1533 tninabo
2478 1461 2547 1516 ab
2577 1460 2733 1516 altari
2771 1476 2913 1528 meo,
2945 1471 3008 1516 ut
3042 1461 3303 1516 deﬁciant
3336 1459 3476 1517 oculi
3513 1475 3737 1525 eorum,
3770 1470 3828 1513 et

2223 1551 2423 1605 deﬂuat
2467 1552 2646 1606 anima
2699 1567 2912 1608 eorum.
2949 1550 3015 1608 Et
3055 1553 3234 1608 omnis
3281 1552 3374 1625 qui
3429 1552 3709 1622 supererit
3756 1564 3825 1604 ex

2227 1643 2389 1696 domo
2421 1652 2533 1708 tua,
2561 1642 2758 1698 cadent
2791 1645 2842 1700 in
2878 1645 3151 1715 romphaea
3187 1646 3444 1701 virorum.
3474 1642 3542 1697 Et
3573 1641 3679 1697 hoc
3720 1642 3824 1695 tibi

2155 1728 2194 1782 Β
2223 1735 2462 1804 signum,
2489 1737 2631 1805 quod
2672 1738 2852 1792 veniet
2895 1739 3060 1808 super
3102 1739 3237 1795 duos
3279 1738 3417 1792 lilios
3455 1749 3600 1803 tuos,
3632 1735 3822 1806 Ophni

2219 1835 2275 1882 et
2305 1827 2538 1883 Pbinees
2567 1846 2582 1883 :
2615 1844 2720 1884 una
2749 1830 2837 1886 die
2864 1831 3170 1887 morientur
3193 1831 3356 1886 ambo
3375 1832 3443 1886 ".
3481 1849 3502 1882 ι

2298 1943 2423 2001 Jun.
2457 1942 2574 1999 Non
2609 1945 2664 2000 in
2699 1948 2948 2015 quemvis
2983 1945 3267 2003 lsraelitici
3304 1947 3519 2017 generis
3551 1947 3821 2002 sacerdo-

2220 2048 2352 2103 tem,
2381 2039 2474 2093 sed
2507 2039 2558 2110 in
2596 2038 2715 2092 Heli
2747 2040 2947 2107 solum,
2974 2041 3081 2096 hoc
3110 2040 3346 2096 edictum
3375 2041 3600 2109 expetit.

2291 2129 2514 2184 Cuntsr.
2571 2126 3106 2199 Minime'gcutium.
3155 2129 3292 2184 Male
3342 2145 3527 2186 sacras
3579 2130 3818 2186 Litteras

2219 2208 2542 2292 intelligitis.
2569 2220 2705 2276 Nam
2737 2223 2782 2278 si
2818 2224 2871 2276 in
2906 2223 3023 2278 Heli
3057 2225 3228 2280 solum
3257 2225 3579 2294 expetebat;
3610 2225 3813 2280 dictum

2220 2315 2458 2383 oportuit
2491 2331 2505 2368 :
2544 2333 2564 2367 σ
2600 2315 2990 2371 Exterminabo
3017 2331 3203 2373 semen
3235 2330 3407 2372 tuum.
3445 2331 3464 2370 ι
3500 2318 3660 2372 Nunc
3689 2332 3813 2370 vero

2220 2407 2373 2461 addit
2403 2425 2416 2461 :
2456 2425 2474 2458 ι
2510 2407 2576 2462 Et
2603 2423 2791 2463 semen
2824 2409 3021 2464 domus
3052 2410 3222 2478 patris
3252 2411 3328 2466 tui
3365 2428 3380 2465 :
3413 2402 3804 2480 i’Levi-procul

2221 2499 2388 2554 dubio
2423 2508 2618 2553 notans
2663 2510 2871 2571 patrem
2914 2502 3107 2558 domus
3147 2500 3286 2557 Heli.
3319 2500 3447 2557 Ideo
3487 2503 3807 2572 praedixerat

2222 2589 2306 2642 vir
2334 2589 2424 2644 Dei
2458 2606 2475 2649 ε
2516 2607 2537 2643 ι
2572 2591 2719 2661 Elegi
2754 2591 2974 2648 domum
3011 2598 3183 2664 patris
3217 2593 3295 2649 tui
3329 2609 3394 2650 ex
3429 2595 3688 2650 omnibus
3722 2594 3814 2647 tri-

2221 2678 2396 2736 bubus
2434 2682 2600 2737 Israel
2643 2682 2777 2738 mihi
2823 2684 2874 2738 in
2917 2683 3280 2741 sacerdotem.
3313 2702 3333 2737 υ
3368 2684 3550 2751 Quare
3585 2699 3684 2753 pro
3715 2685 3811 2738 de-

2222 2771 2366 2829 lectu
2398 2773 2601 2828 editum
2634 2789 2850 2845 quoque
2883 2785 2968 2832 est
3000 2777 3235 2832 edictum
3262 2795 3278 2847 ;
3313 2778 3583 2849 siquidem
3612 2781 3766 2835 addit
3798 2799 3812 2834 :

2228 2884 2249 2919 ι
2277 2864 2694 2921 Ειιετιιιὶητιιιο
2743 2880 2933 2921 semen
2983 2868 3176 2924 domus
3222 2869 3424 2939 patris,
3454 2880 3510 2924 et
3553 2887 3660 2926 non
3705 2873 3818 2927 eris

2223 2959 2484 3030 propheta
2523 2958 2773 3031 indomo
2809 2974 2928 3015 mea
2962 2961 3214 3016 omnibus
3237 2961 3444 3017 diebus.
3491 2981 3511 3015 ι
3547 2964 3658 3030 Qua
3680 2978 3816 3018 seu-

542 3051 650 3109 No.
681 3053 935 3112 mm“
965 3063 1105 3115 vim.
1138 3061 1279 3118 imus
1304 3064 1715 3125 “amabamus
1743 3070 2034 3140 insanum,
2065 3081 2119 3129 ει
2147 3064 2195 3127 α
2231 3052 2395 3106 tentia
2427 3051 2794 3107 omnimodam
2825 3051 3169 3107 sacerdotum
3200 3051 3606 3124 abruptionem
3635 3054 3816 3124 signi-

535 3142 698 3200 tinem
715 3145 855 3203 illius
869 3144 986 3205 sine
1002 3150 1223 3208 honore.
1241 3153 1379 3211 Ecce
1396 3159 1663 3225 quomodo
1679 3173 1797 3214 com
1804 3172 2019 3233 putatus
2036 3173 2122 3219 est

539 3235 686 3292 inter
702 3237 838 3298 illius
865 3236 983 3310 Dei,
1004 3252 1057 3299 et
1085 3243 1229 3301 inter
1258 3258 1476 3305 sanctos
1508 3263 1628 3306 sors
1660 3250 1798 3308 illius
1832 3256 1948 3310 est?
1984 3257 2123 3327 Ergo

540 3329 843 3385 erravimus
889 3348 922 3387 a
970 3333 1056 3389 via
1103 3338 1384 3405 veritatis,
1417 3351 1472 3395 et
1511 3340 1742 3410 iustitiae
1787 3345 1971 3401 lumen
2016 3365 2121 3404 non

539 3415 689 3472 luxit
711 3419 884 3476 nobis.
917 3423 1124 3478 Lassati
1149 3439 1335 3481 sumus
1368 3428 1419 3481 in
1453 3428 1532 3482 via
1568 3429 1869 3502 iniquitatis
1909 3445 1964 3490 et
1993 3452 2118 3506 per-

538 3507 807 3568 ditionis:
839 3511 978 3568 viam
1013 3524 1192 3571 autem
1224 3513 1431 3584 Domini
1469 3519 1920 3589 iguoravimus".
1955 3544 1974 3579 ι
2015 3525 2121 3582 Sed

545 3611 653 3652 tum
679 3601 759 3655 eis
782 3603 992 3661 inutilis
1018 3608 1122 3662 erit
1146 3609 1326 3664 lletus.
1350 3609 1484 3666 Nam
1510 3629 1711 3682 sponso
1739 3615 1792 3670 in
1827 3618 2119 3673 thalamum

545 3691 814 3761 ingresso,
834 3696 1198 3767 omnibusque
1228 3701 1472 3758 convivis
1501 3716 1623 3758 cum
1651 3720 1718 3761 eo
1743 3708 2121 3775 gaudentibus,

543 3782 765 3851 thalami
800 3785 1177 3843 fores-clausa:
1209 3800 1371 3845 erunt
1404 3806 1590 3861 porro,
1623 3803 1681 3848 ut
1712 3795 1842 3850 olim
1886 3798 2120 3865 paradisi

544 3872 792 3931 flammeo
826 3892 958 3934 ense
997 3880 1286 3936 custodita;
1303 3883 1372 3938 ".
1404 3883 1487 3938 Ah
1523 3887 1738 3954 quoties
1775 3889 1961 3944 miseri
1998 3905 2121 3945 cum

548 3966 801 4036 lacrymis
848 3971 1214 4028 inclamabuut
1258 3991 1272 4027 :
1323 3992 1342 4026 ι
1393 3975 1648 4044 Domine,
1681 3977 1936 4047 Domine,
1975 3983 2121 4052 aperi

547 4056 731 4123 nobis;
768 4076 786 4109 ›
825 4060 1091 4128 siquidem
1124 4071 1180 4118 et
1206 4077 1334 4118 caro
1363 4080 1422 4120 es
1453 4066 1518 4121 de
1547 4081 1711 4124 carne
1743 4081 2032 4139 nostra,,et
2061 4089 2124 4128 os

551 4149 621 4204 de
643 4151 860 4208 ossibus
893 4156 1116 4221 nostris,
1139 4157 1229 4226 qui
1257 4158 1474 4228 quidem
1506 4174 1570 4214 ex
1602 4161 1898 4231 majoribus
1927 4163 2124 4220 nostris

542 4252 695 4298 ortus
729 4241 929 4300 fueras.
961 4243 1074 4301 Sed
1102 4263 1195 4302 eos
1230 4249 1366 4313 Rex,
1401 4250 1649 4321 idemque
1685 4253 1827 4307 Deus
1869 4255 2118 4325 alloque-

548 4341 675 4386 ωτι
711 4349 730 4383 ι
765 4334 935 4388 Amen
967 4336 1087 4390 dico
1114 4339 1287 4402 vobis,
1312 4340 1495 4395 nescio
1523 4356 1616 4398 vos
1638 4343 1705 4398 ".
1743 4363 1762 4396 ι
1790 4375 1856 4388 --
1888 4364 1906 4397 ι
1941 4327 2125 4402 Disce~

547 4423 653 4478 dite
692 4439 722 4479 a
765 4440 849 4481 me
896 4429 988 4494 qui
1030 4432 1331 4497 Operamini
1381 4433 1718 4502 iniquitatem
1738 4437 1806 4491 ⁸⁸.
1842 4456 1864 4490 ι
1910 4437 2120 4494 Etenim
2156 4413 2199 4467 θ

547 4529 640 4568 vos
674 4525 802 4570 ante
838 4526 1070 4574 testatus
1099 4535 1216 4575 sum
1255 4539 1269 4574 :
1313 4540 1331 4573 ι
1374 4522 1471 4588 Qui
1507 4529 1784 4595 negaverit
1818 4544 1902 4584 me
1937 4524 2128 4587 coram"

553 4607 879 4674 nominibus,
916 4613 1126 4681 negabo
1165 4623 1221 4670 et
1254 4614 1354 4687 ego
1395 4633 1516 4671 cum
1557 4615 1742 4673 coram
1780 4619 1942 4678 Patre
1977 4637 2121 4688 meo,

547 4699 638 4765 qui
667 4699 719 4754 in
749 4704 901 4759 caelis
931 4714 1012 4759 est
1031 4705 1096 4760 ³⁸.
1135 4725 1154 4759 ι
1190 4706 1368 4778 Atque
1394 4712 1508 4765 haec
1534 4713 1753 4780 quidem
1784 4715 1864 4769 sic
1894 4714 2121 4771 habent.

615 4788 878 4848 Caeterum
912 4795 1220 4866 Regnorum
1251 4804 1458 4873 primus
1487 4807 1559 4859 ait
1582 4786 1609 4860 λε
1652 4825 1671 4859 ‹
1709 4806 1866 4863 Venit
1896 4809 1978 4863 vir
2015 4809 2108 4865 Dei

551 4882 616 4934 ad
651 4880 767 4937 ileii
800 4891 1158 4958 sacerdotem,
1189 4905 1243 4950 et
1276 4896 1352 4950 ait
1382 4897 1448 4951 ad
1484 4912 1605 4952 eum
1644 4921 1656 4954 :
1694 4899 1816 4954 llaec
1850 4895 1980 4956 dicit
2011 4900 2118 4954 Do-

554 4973 733 5028 minus
777 4977 1090 5048 :Numquid
1125 5002 1226 5040 non
1263 4998 1446 5057 aperte
1481 4992 1745 5046 revelatus
1780 5009 1897 5046 sum
1933 4993 2116 5047 domui

551 5074 720 5141 patris
753 5075 867 5128 tui?
893 5085 944 5129 et
974 5077 1105 5149 elegi
1139 5096 1257 5133 eum
1282 5096 1348 5137 ex
1379 5084 1630 5138 omnibus
1667 5084 1913 5138 tribubus
1949 5084 2118 5140 Israel

2227 3145 2387 3213 licat;
2417 3160 2650 3215 eamque
2677 3147 3035 3216 praesentiens
3061 3155 3116 3202 et
3139 3145 3413 3203 Davidtait
3439 3166 3454 3203 :
3489 3150 3601 3204 «in
3626 3147 3811 3204 Eccte

2223 3233 2324 3291 siis
2368 3235 2676 3290 benedicite
2718 3234 2826 3290 Deo
2873 3233 3101 3292 Domino
3121 3237 3190 3293 ετ.
3235 3255 3255 3289 ι
3299 3235 3436 3292 Nam
3480 3239 3530 3293 in
3577 3238 3810 3293 ilosaica

2225 3314 2344 3394 lege
2383 3339 2492 3378 non
2540 3321 2797 3381 Sacerdos
2839 3336 2959 3400 erat
2998 3337 3154 3382 extra
3195 3327 3452 3397 templum
3498 3326 3811 3398 Hierosoly-

2227 3415 2351 3480 mis,
2377 3430 2485 3470 non
2517 3415 2787 3484 pontifex,
2815 3431 2923 3472 non
2953 3417 3275 3483 immolatio,
3304 3432 3413 3473 non
3443 3417 3680 3481 animus,
3705 3433 3808 3472 non

2226 3499 2607 3571 libamentum,
2638 3505 2769 3575 quin
2804 3515 2860 3562 et
2888 3506 3162 3578 Babylone
3188 3508 3520 3574 exsulantes,
3550 3509 3603 3564 in
3634 3509 3809 3564 aliena

2230 3603 2375 3649 terra
2419 3594 2530 3650 Deo
2563 3598 2812 3652 carmina
2842 3598 3044 3656 olIerre
3072 3601 3324 3670 religioni
3359 3603 3630 3658 habebant
3644 3602 3720 3658 ⁸⁸.
3747 3605 3810 3658 At

2225 3700 2370 3741 nunc
2413 3687 2480 3741 ab
2524 3698 2645 3742 ortu
2690 3699 2745 3744 et
2787 3705 3010 3756 occasu,
3049 3694 3118 3746 ab
3160 3693 3412 3762 aquilone
3458 3703 3621 3764 atque
3668 3697 3808 3750 mari

2222 3787 2411 3832 coacta
2463 3786 2516 3832 et
2563 3781 2908 3836 constabilita
2964 3794 3048 3839 est
3091 3782 3359 3845 Ecclesia.
3409 3784 3621 3853 Ubique
3660 3788 3806 3840 enim

2225 3871 2458 3938 templa,
2494 3873 2841 3939 patriarchae,
2877 3876 3191 3944 pontiﬁces,
3223 3878 3536 3931 sacerdotes
3572 3892 3636 3931 ac
3707 3876 3805 3931 Le-

2226 3961 2354 4015 vita:
2386 3962 2698 4029 frequentes
2729 3980 2742 4016 :
2775 3963 2827 4016 in
2856 3965 3111 4020 oumibus
3139 3980 3243 4034 qua
3275 3965 3433 4027 vicis,
3457 3979 3562 4034 qua
3592 3965 3806 4018 urbibus

2223 4050 2444 4105 assidue
2477 4049 2815 4106 incruentam
2849 4053 3084 4109 hostiam
3120 4055 3394 4109 immolari
3427 4070 3642 4119 cernas,
3670 4065 3799 4109 tom

2223 4157 2327 4210 que
2371 4142 2502 4198 orbe
2547 4153 2813 4198 terrarum
2854 4145 2948 4200 Dei
2985 4161 3180 4201 nomen
3217 4145 3425 4200 laudari
3460 4155 3623 4215 atque
3657 4147 3805 4202 cele-

2223 4235 2318 4290 bra
2330 4234 2394 4288 ri.

2791 4381 2796 4383 -
2820 4349 3050 4408 CAPUT
3089 4349 3220 4407 LIV.

2228 4465 2528 4536 Prophetia:
2574 4465 2638 4520 de
2695 4465 2903 4536 objecta
2959 4467 3104 4549 ριςὺο
3159 4467 3425 4534 Iudaica,
3476 4476 3525 4522 et
3578 4469 3805 4535 gentiam

2871 4549 3164 4593 υοεαιιωιε.

2299 4627 2511 4699 Quippe
2554 4628 2630 4683 ait
2671 4643 2770 4699 per
2811 4627 3110 4685 Jeremiam
3145 4629 3294 4686 Deus
3337 4646 3353 4685 :
3401 4648 3422 4681 ε
3474 4628 3621 4684 Dabo
3662 4629 3804 4684 vobis

2229 4728 2480 4788 pastores
2503 4717 2654 4788 juxta
2687 4733 2783 4773 cor
2811 4735 3011 4785 meum,
3039 4731 3095 4776 et
3121 4729 3341 4790 pascent
3374 4734 3470 4774 vos
3501 4720 3735 4782 scientia
3762 4732 3804 4773 el

2231 4809 2478 4862 doctrina
2501 4807 2566 4863 “.
2607 4827 2627 4860 ι
2662 4806 2727 4862 Ει
2758 4823 2854 4878 per
2883 4809 3112 4864 Isaiam:
3147 4829 3165 4863 ‹
3195 4809 3345 4866 Dabo
3380 4809 3652 4877 principes
3692 4820 3803 4864 tuos

2227 4902 2280 4956 In
2316 4917 2468 4971 pace,
2495 4912 2549 4957 et
2583 4903 2870 4972 episcopos
2907 4912 3030 4957 tuos
3061 4903 3113 4956 in
3143 4903 3354 4974 iustitia
3372 4903 3442 4956 “.
3481 4920 3499 4952 ι
3537 4899 3801 4956 Rursum-

2225 4991 2424 5060 quede
2451 4991 2802 5047 credentibus
2831 4990 3077 5047 Judmis:
3117 5009 3136 5043 ι
3174 4990 3326 5045 Vivet
3356 4989 3410 5044 in
3442 4990 3593 5045 bonis
3622 4993 3804 5044 anima

2229 5086 2430 5141 vestra,
2459 5087 2512 5131 et
2543 5079 2874 5133 constituam
2908 5078 3062 5133 vobis
3096 5086 3477 5133 testamentum
3512 5089 3803 5136 aeternum.

555 5164 684 5219 mibi
721 5165 776 5220 in
809 5168 1164 5233 sacerdotem,
1192 5181 1247 5224 ut
1275 5174 1591 5229 ascenderet
1621 5174 1685 5228 ad
1717 5174 1890 5228 altare
1922 5189 2123 5244 meum,
2200 5178 2416 5224 .sancta
2455 5168 2627 5223 David
2647 5169 2842 5247 ~glldelia
2861 5171 2930 5229 .“.
2973 5188 2993 5221 ι
3040 5169 3181 5224 Idem
3217 5169 3413 5224 ilerum
3451 5187 3465 5222 =
3510 5188 3527 5220 ι
3567 5171 3802 5234 Quam“

556 5265 606 5308 ct
635 5255 873 5315 adoleret
908 5259 1035 5314 mibi
1066 5261 1447 5326 inccnsum,et
1472 5275 1710 5334 portaret
1737 5267 1911 5333 cphod
1943 5281 2124 5320 coram
2229 5261 2548 5337 Dominum,
2595 5273 2648 5316 ct
2695 5262 2747 5316 in
2801 5263 3121 5317 inveniendo
3172 5263 3418 5316 invocate
3467 5276 3628 5327 eum;
3683 5264 3803 5332 quia

558 5347 682 5401 me?
709 5347 772 5404 Et
799 5348 918 5404 dedi
951 5351 1131 5406 domui
1160 5352 1328 5421 patris
1360 5355 1431 5407 tui
1464 5356 1666 5420 omnia,
1691 5371 1811 5424 quae
1841 5365 1965 5408 sunt
1989 5355 2128 5424 ignis
2238 5355 2464 5420 multum
2509 5354 2738 5407 dimittet
2781 5363 3000 5422 peccata
3041 5361 3239 5408 vestra.
3271 5352 3454 5420 Neque
3493 5353 3637 5404 enim
3681 5363 3801 5407 sunt

629 5531 674 5565 δ’
699 5533 800 5587 lsa.
828 5551 934 5602 uv,
967 5537 1150 5592 11-15.
1254 5539 1300 5569 ⁸⁸
1325 5539 1451 5592 ibid.
1484 5539 1568 5593 l4.
1645 5542 1686 5572 "
1717 5543 1844 5598 ibid.
1881 5542 1963 5596 l5.
2043 5539 2119 5592 ⁸⁸]

2245 5555 2364 5602 vm,
2395 5539 2490 5602 H;
2538 5538 2688 5591 Rom.
2723 5553 2776 5596 ι,
2803 5537 2894 5591 33.
2971 5536 3013 5566 "
3048 5534 3233 5589 Manli.
3268 5548 3395 5597 xxv,
3426 5531 3515 5586 δτι.
3584 5528 3639 5602 ίοξ
3668 5530 3799 5602 i_bid.

563 5605 651 5659 ιι.
695 5580 1150 5676 figuras-.3:
1225 5611 1268 5643 ι»
1299 5580 1667 5671 certast.
1719 5580 2009 5665 "animi
2040 5580 2119 5665 υτ

2231 5580 2416 5675 ιζ’ἷέξ
2439 5580 2454 5590 ’
2475 5580 2520 5638 ἓν
2540 5580 2752 5660 liv-inii."
2764 5580 2976 5667 'vﬁT'as.
3048 5580 3395 5676 Exierat:
3421 5580 3517 5676 εἷς
3550 5601 3596 5631 η
3624 5594 3640 5649 l

566 5689 627 5739 ll,
653 5673 836 5734 27-5i.
876 5667 959 5710 ’⁸⁷
986 5667 1125 5737 I‘Sal.
1152 5697 1315 5747 uvn.
1349 5684 1438 5736 2'7.
1515 5667 1561 5713 “3“
1589 5680 1730 5736 Psal.
1758 5697 1973 5748 cum,
2000 5681 2062 5747 4;
2097 5667 2204 5747 cvi,
2233 5667 2286 5734 6'.
2363 5681 2410 5712 "
2439 5677 2635 5733 Jcrcm.
2675 5694 2755 5742 Ill,
2786 5677 2867 5734 l5.
2926 5678 2992 5709 ‘°°
3021 5677 3121 5730 lsa.
3148 5690 3235 5742 ιι,
3267 5674 3352 5731 17.
3429 5672 3606 5727 “’lsa.
3633 5682 3726 5734 LV.
3749 5667 3800 5725 Ε.
