3956 6324
3 293 100 351 3⁸3

1035 312 1316 377 DIALOG
1327 320 1421 378 US
1451 320 1760 382 CONTRA
1794 323 2122 388 JUD.‘EOS.

3146 339 3252 403 894

0 398 368 508 agitationes
401 430 558 482 mete,
591 417 734 473 sicut
765 421 1116 490 cogitationes
1146 439 1368 497 vestrae;
1407 448 1582 503 neque
1611 439 1657 498 Α
1685 451 1750 493 eo
1806 441 2091 508 portabilis
2145 442 2409 511 primitias
2471 452 2526 502 et
2573 449 2841 505 sacrificia
2894 457 3074 506 vestra
3096 455 3163 519 '“,
3223 465 3244 501 ι

0 502 96 553 ise
146 513 372 568 vestrae,
414 507 514 561 viae
562 521 728 574 mere,
772 511 898 566 dicit
952 513 1229 575 Dominus.
1283 519 1389 574 Sed
1443 502 1583 578 sicut

1 595 172 647 istat
224 595 425 652 caelum
477 613 508 651 a
557 608 732 677 terra,
769 604 848 656 sic
896 606 1062 660 distat
1102 609 1186 661 via
1240 627 1354 664 mea
1405 629 1433 664 a
1485 615 1586 669 viis

11 687 239 751 PSII‘IC,
271 696 327 742 et
356 689 710 760 cogitationes
741 709 871 748 mem
905 712 932 748 a
965 699 1214 754 cordibus
1242 703 1434 757 vestris
1451 705 1517 757 ".
1559 724 1578 756 ι

0 776 48 824 It
99 791 326 831 rursum
362 794 376 832 :
411 797 432 829 ι
472 779 596 834 Ilaec
628 781 759 836 dicit
785 784 1044 843 Dominus
1084 807 1098 843 :
1135 791 1410 847 Custodite
1439 794 1584 861 judi-

8 884 178 931 mm,
207 876 266 922 et
301 868 460 925 facite
485 871 777 940 justitiam,
809 879 930 944 quia
963 879 1112 948 juxta
1149 894 1230 935 est
1264 884 1406 937 salus
1440 867 1580 942 mea.

0 963 210 1011 turnus
277 974 401 1014 mea
461 962 654 1019 domus
711 969 974 1022 orationis
1035 973 1315 1027 vocabitur
1373 977 1582 1033 cunctis

3 1049 215 1116 epulis
231 1050 303 1105 ⁸³.
336 1070 356 1103 ι

57 1164 153 1216 De
187 1164 330 1235 legis
352 1180 485 1223 vero
517 1167 870 1241 abrogatione
898 1173 1085 1227 Oscam
1118 1177 1434 1246 prophetam
1466 1195 1583 1235 mo-

0 1256 118 1307 luit
154 1254 326 1328 Deus,
359 1259 413 1312 in
448 1260 586 1314 hanc
615 1262 935 1316 sententiam
975 1283 988 1318 :
1036 1283 1054 1317 ι
1099 1265 1264 1332 Vade,
1296 1284 1448 1326 sume
1482 1273 1580 1328 tibi

0 1362 232 1402 txorem
278 1349 731 1420 fornicationem;
778 1364 834 1409 et
879 1356 963 1411 l’ac
1010 1357 1102 1412 tibi
1153 1359 1291 1414 ﬁlios
1336 1359 1578 1416 fornica-

0 1436 240 1502 Χέοπα),
273 1439 402 1508 quia
435 1441 714 1500 Iornicans
745 1441 1102 1501 fornicahitur
1132 1447 1484 1524 (Synagoga).
1515 1451 1582 1507 Et

0 1528 157 1590 rbiit,
185 1538 241 1582 et
273 1533 483 1600 accepit
511 1532 714 1590 Gomer
743 1537 907 1592 ﬁliam
941 1538 1210 1595 Debelaim
1248 1559 1264 1598 :
1301 1554 1354 1596 et
1379 1558 1581 1600 conce-

0 1622 104 1683 sit,
135 1631 191 1676 et
223 1626 435 1692 peperit
458 1627 505 1680 ei
535 1627 701 1682 lilium
733 1648 749 1685 :
779 1641 833 1687 et
859 1631 994 1688 dixit
1027 1634 1284 1688 Dominus
1314 1637 1380 1689 ad
1407 1650 1532 1690 eum
1565 1657 1579 1692 :

1689 528 1998 587 Salomonis
2039 533 2296 604 templum
2339 550 2560 603 prorsus
2600 539 2850 596 innuens.
2881 543 2950 596 At
2985 544 3253 601 ubinunc

1686 619 1847 674 hodie
1905 624 2163 693 templum
2216 624 2385 686 illud?
2435 627 2526 682 ubi
2582 631 2896 696 pontiﬁces?
2942 636 3252 692 sacerdotes

1688 711 1820 764 ubi?
1855 713 1944 768 ubi
1979 715 2071 782 qui
2106 717 2416 772 sacerdotes
2459 726 2741 789 ungantet
2772 721 3123 792 inaugurent‘!
3158 727 3250 781 ubi

1683 804 2034 868 cernuoiei?
2068 805 2196 872 Quae
2229 806 2314 861 lex
2350 807 2585 863 Mosaica
2623 810 2879 878 profanos
2914 818 3156 882 permisit
3193 819 3246 869 in

1683 897 1997 951 sacerdotes
2053 899 2398 965 consecrari,
2448 900 2720 969 illegitime
2779 913 2931 958 extra
2995 908 3248 974 templum

1686 984 2241 1058 Hierosolymitanum
2269 990 2321 1044 in
2347 994 2719 1050 communibus
2741 996 2942 1050 aedibus
2965 998 3252 1052 collectos?

1684 1075 1908 1134 Habetis
1947 1094 2073 1135 ecce
2111 1080 2338 1151 proiecti
2381 1073 2669 1138 sacerdotii
2712 1096 3045 1155 argumenta.
3077 1088 3253 1152 Quare

1683 1167 1731 1221 si
1783 1169 2032 1223 sacerdos
2081 1185 2184 1224 non
2235 1182 2352 1236 est,
2388 1186 2574 1227 omnes
2620 1173 2778 1242 igitur
2820 1173 2991 1228 Judaei
3038 1177 3251 1229 adulte-

1683 1267 1893 1323 rantur,
1929 1269 2088 1328 atque
2130 1275 2197 1315 ex
2240 1261 2505 1317 adulterio
2553 1272 2865 1328 nascuntur,
2899 1279 3025 1333 ergo
3069 1267 3245 1332 spurii

1681 1359 1899 1412 omnes,
1935 1360 1990 1402 at
2034 1351 2251 1417 spurius
2297 1366 2366 1406 ex
2405 1352 2522 1421 lege
2563 1351 2727 1408 Mosis
2772 1356 2837 1406 ad
2872 1356 3247 1409 sacerdotium

1682 1449 1787 1490 non
1834 1438 2139 1494 asciscitur.
2175 1439 2240 1496 Et
2269 1441 2470 1512 alioqui
2501 1445 2754 1498 sacerdos
2789 1446 2943 1514 plane
2977 1447 3174 1500 dicitur
3208 1463 3238 1500 a

1681 1528 1852 1584 sacris
1897 1527 2187 1597 faciundis,
2221 1531 2274 1588 id
2319 1542 2424 1600 est,
2457 1533 2779 1592 mactandis.
2815 1536 2910 1591 Sin
2961 1537 3133 1589 hostia
3183 1546 3240 1588 et

1681 1631 1836 1674 sacra
1874 1634 1980 1675 non
2022 1619 2160 1685 sint,
2193 1635 2294 1677 nec
2330 1625 2582 1678 sacerdos
2620 1625 2832 1695 quidem
2873 1634 2976 1687 est,
3023 1626 3127 1679 nisi
3161 1625 3251 1694 qui

0 1714 158 1768 Voca
192 1730 395 1771 nomen
430 1716 545 1787 ejus
573 1716 818 1776 Jezrahel
857 1743 871 1778 :
910 1724 1161 1790 quoniam
1196 1723 1372 1779 adhuc
1407 1723 1576 1779 modi-

1684 1707 1820 1766 {also
1856 1713 2113 1768 sacerdos
2148 1712 2252 1770 dici
2290 1715 2545 1783 postulet.
2575 1714 2758 1783 Itaque
2791 1716 2834 1769 si
2869 1714 3032 1781 Ozias,
3065 1732 3252 1783 quam-

0 1817 155 1867 :um,
188 1813 245 1858 et
284 1804 518 1861 ulciscar
559 1809 876 1878 sanguinem
919 1807 1127 1866 Jezrael
1167 1827 1330 1882 super
1368 1813 1586 1869 domum

0 1895 148 1947 Iuda
189 1913 205 1949 :
239 1905 299 1951 et
331 1897 436 1952 erit
469 1898 525 1953 in
561 1899 647 1954 die
684 1900 794 1967 illa,
821 1903 1100 1970 quiescere
1136 1903 1326 1958 faciam
1363 1920 1586 1974 regnum

0 1985 214 2040 .lornus
249 1986 421 2042 Israel
467 2006 483 2043 :
523 2000 577 2042 et
614 1999 892 2046 conteram
932 2007 1117 2048 arcum
1159 1992 1322 2048 Israel
1363 1994 1417 2048 in
1451 1994 1588 2048 valle

0 2075 315 2133 παι-281⁸⁸.
356 2064 391 2131 ἰ
445 2077 656 2135 JezraeI
703 2092 880 2137 autem
935 2084 1079 2139 ultor
1129 2085 1388 2142 redditur.
1446 2103 1466 2138 ‹
1518 2087 1608 2140 Et-

0 2170 270 2238 concepit
305 2171 502 2238 adhuc,
530 2181 581 2226 et
614 2175 825 2242 peperit
851 2175 1036 2240 tiliam,
1064 2183 1119 2230 et
1146 2177 1283 2230 dixit
1308 2176 1356 2232 ei
1395 2195 1409 2231 :
1440 2175 1584 2232 Voca

1 2274 206 2313 nomen
236 2261 358 2329 eius
405 2264 622 2329 Absque
681 2265 1044 2321 misericordia
1071 2285 1086 2322 :
1110 2269 1233 2337 quia
1263 2284 1364 2322 nou
1396 2271 1584 2324 addam

2 2353 152 2402 ultra
183 2349 437 2406 misereri
465 2353 646 2408 domui
676 2352 862 2419 Israel,
888 2358 980 2411 sed
1012 2357 1303 2412 adversans
1331 2361 1586 2415 adversa-

7 2443 116 2492 bor
145 2439 219 2495 ei.
251 2440 322 2496 Et
351 2443 644 2500 ablactavit
669 2461 813 2514 eam,
839 2459 957 2517 quae
984 2458 1096 2503 erat
1128 2449 1342 2521 Absque
1376 2453 1586 2506 miseri-

5 2529 234 2595 cordia;
270 2542 325 2585 et
355 2534 601 2603 concepit
627 2534 801 2591 adhuc
833 2547 884 2590 et
910 2538 1114 2607 peperit
1140 2539 1329 2608 ﬁlium.
1359 2542 1424 2596 Et
1452 2543 1585 2598 dixit

1 2611 152 2673 Dens
185 2639 201 2674 :
232 2621 380 2676 Voca
440 2638 632 2679 nomen
684 2627 801 2696 ejus
855 2628 966 2682 Non
999 2631 1225 2699 populus
1253 2648 1429 2699 meus;
1460 2635 1584 2702 quia

5 2726 103 2763 vos
157 2726 265 2765 non
321 2713 547 2780 populus
597 2730 770 2783 meus,
806 2727 859 2772 et
903 2735 1002 2789 ego
1049 2706 1153 2776 non
1207 2739 1303 2779 ero
1344 2726 1584 2780 vester“

7 2801 222 2867 (Deus).
257 2821 275 2854 ι
330 2802 478 2858 Idem
524 2806 589 2859 de
616 2803 906 2878 Syna'goga
945 2828 960 2864 :
1003 2829 1020 2862 ι
1061 2809 1305 2870 Judicate
1355 2825 1580 2872 matrem

9 2903 275 2955 vestram,
301 2892 542 2962 judicate
572 2912 588 2949 :
621 2899 873 2965 quoniam
907 2903 1024 2970 ipsa
1058 2918 1163 2959 non
1195 2922 1329 2960 uxor
1359 2923 1500 2977 mea,
1529 2922 1583 2965 et

11 2998 111 3050 ego
156 2998 265 3036 non
299 2984 382 3038 vir
414 2985 531 3053 ejus
554 2987 621 3041 “.
660 3005 680 3040 ι
721 2990 945 3059 Aliaque
986 3007 1093 3048 non
1135 3011 1302 3065 pauca
1346 3002 1446 3054 sub
1485 3001 1581 3057 Dei

1694 1800 1779 1855 vis
1823 1801 1971 1872 regie
2017 1802 2260 1868 immuto,
2294 1804 2624 1858 thuribulum
2669 1807 2920 1860 tractanti
2965 1807 3102 1861 Deus
3146 1822 3248 1861 non

1695 1890 2023 1960 pepercit",
2051 1901 2257 1945 tantum
2287 1891 2430 1960 quod
2459 1893 2805 1948 sacerdotalis
2833 1909 2935 1948 non
2967 1904 3130 1959 esset,
3157 1894 3248 1948 sed

1694 1989 1747 2035 et
1774 1981 1979 2051 lepram
2014 1983 2259 2048 immisit,
2287 1990 2342 2037 et
2370 1984 2679 2054 prophetias
2709 1999 2774 2039 eo
2804 1985 3090 2052 superstite
3120 1999 3249 2038 con-

1697 2076 1883 2140 tinuit;
1918 2091 2037 2145 qute
2071 2087 2379 2145 quantaque
2413 2077 2552 2132 mala
2586 2091 2678 2132 eos
2711 2093 2814 2132 non
2849 2088 3128 2138 maneant,
3159 2078 3247 2146 qui

1693 2178 1974 2219 sacrorum
2047 2175 2308 2230 exsortes,
2344 2167 2398 2221 in
2446 2181 2597 2221 sacra
2643 2166 2913 2230 invadant,
2947 2176 3001 2221 et
3047 2165 3246 2220 Pascha

1694 2262 1856 2324 atque
1903 2256 2036 2311 festa
2084 2261 2290 2327 agitare
2333 2267 2485 2312 extra
2533 2257 3066 2328 Hierosolymitanum
3111 2267 3244 2312 tem-

1693 2343 1837 2411 plum
1875 2344 2162 2413 inceptent,
2201 2346 2370 2414 legem
2400 2345 2670 2402 custodire
2700 2347 2767 2416 (si
2804 2346 3011 2415 superis
3047 2346 3241 2415 placet)

1693 2435 1906 2490 interim
1936 2453 1995 2491 se
2017 2437 2312 2506 jactantes?

1760 2545 1882 2603 Jun.
1915 2550 2168 2618 Ereptum
2205 2549 2366 2606 nobis
2389 2549 2716 2621 pontiﬁcium
2742 2549 2894 2621 juxta
2926 2563 2988 2606 ac
3022 2565 3241 2621 regnum

1691 2641 2033 2714 conﬁtemur,
2067 2641 2185 2710 jam.
2229 2644 2353 2697 inde
2399 2643 2466 2697 ab
2514 2655 2577 2695 eo
2625 2651 2891 2711 tempore,
2929 2657 3035 2711 quo
3083 2643 3244 2696 tantis

1692 2746 1946 2800 urgemur
1987 2733 2144 2787 malis
2187 2748 2214 2784 a
2257 2732 2381 2787 Tito
2423 2729 2781 2784 Romanorum
2827 2734 3066 2800 principe
3112 2731 3274 2796 subs

1691 2827 1826 2891 acti;
1856 2835 1908 2880 et
1937 2827 2160 2880 omnino
2196 2826 2424 2880 fortasse
2456 2832 2570 2891 est,
2602 2835 2661 2878 ut
2693 2839 2790 2880 nos
2834 2825 2964 2893 legis
2997 2827 3242 2879 custodes

1691 2917 1989 2986 decipiant,
2025 2933 2089 2970 ne
2119 2914 2713 2987 prrcrogativa‘honoris
2741 2914 3103 2969 deturbentur.
3134 2913 3240 2966 Sed

1688 3021 1926 3069 oramus,
1957 3018 2008 3081 et
2039 2994 2245 3063 Ch'risti
2283 3005 2537 3076 supplicia
2584 3005 2735 3060 nobis
2774 3005 3033 3068 edissere,
3064 3011 3115 3056 et
3146 3001 3239 3071 qui

17 3088 244 3140 persona
266 3075 580 3167 _iracunda,
612 3079 866 3147 propheta
920 3081 1227 3152 denuntiat,
1282 3090 1439 3156 quale
1482 3091 1582 3147 hoc
1609 3103 1654 3164 ο
1687 3096 1753 3150 de
1795 3097 1902 3162 his,
1929 3077 2100 3167 deque
2138 3097 2257 3167 ejus
2293 3075 2692 3151 resurrectione
2725 3092 3082 3148 vaticinentur
3110 3105 3239 3160 pro-

13 3172 98 3215 est
133 3181 145 3217 :
183 3181 205 3216 ι
239 3161 339 3218 Vir
365 3181 472 3222 non
501 3168 644 3223 eruit
666 3184 782 3223 eam
811 3171 876 3226 de
902 3186 1064 3230 maria.
1091 3191 1205 3230 mea
1243 3195 1257 3231 :
1288 3187 1342 3232 et
1367 3194 1587 3258 cessare

19 3255 215 3309 iaciam
269 3275 432 3314 omne
482 3261 732 3330 gaudium
789 3265 937 3330 ejus,
987 3268 1381 3327 solemnitatem
1438 3255 1582 3343 ejus,

17 3349 355 3402 neomeniam
406 3351 552 3419 ejus,
592 3353 884 3408 Sabbatum
935 3357 1079 3424 ejus,
1117 3369 1171 3412 et
1215 3365 1397 3417 omnia
1449 3364 1584 3422 festa

22 3451 260 3506 tempora
313 3440 433 3509 ejus
481 3459 495 3496 :
545 3453 599 3497 et
647 3445 872 3500 visitabo
922 3463 1084 3519 super
1120 3466 1236 3506 eam
1281 3454 1395 3508 dies
1434 3455 1582 3510 Baa-

19 3526 100 3577 lini
121 3529 188 3582 ".
231 3547 249 3579 ι

83 3641 145 3695 Et
169 3641 237 3696 de
265 3644 564 3698 incredulis
584 3642 785 3702 Judaeis
807 3647 1052 3705 Christus
1081 3669 1096 3706 :
1129 3672 1148 3705 ι
1181 3653 1384 3710 Mittam
1413 3672 1580 3725 super

17 3748 105 3783 eos
133 3741 247 3786 rete
281 3749 457 3790 meum
497 3751 514 3789 :
547 3744 606 3789 ut
637 3737 878 3793 volatilia
915 3742 1060 3807 etnli,
1088 3744 1369 3800 detraham
1407 3748 1528 3803 illos
1561 3767 1574 3802 :

24 3820 310 3889 corripiant
339 3836 432 3876 eos
460 3823 510 3875 in
541 3826 719 3879 auditu
746 3829 1104 3888 tribulationis
1133 3850 1341 3891 eorum.
1363 3837 1451 3892 Va:
1475 3841 1573 3904 cis,

22 3913 268 3972 quoniam
299 3914 607 3968 rcsilierunt
635 3930 666 3970 a
692 3933 800 3974 me.
827 3919 1120 3986 Meticuiosi
1153 3936 1295 3990 sunt,
1321 3931 1572 3996 quoniam

20 3999 169 4070 impie
208 4018 441 4074 egerunt
484 4008 536 4059 in
574 4025 680 4064 me.
712 4012 824 4079 Ego
868 4029 993 4069 vero
1038 4018 1237 4071 redemi
1277 4034 1370 4073 eos
1413 4036 1426 4072 :
1472 4020 1570 4088 ipsi

21 4110 133 4150 iero
191 4097 354 4151 locuti
417 4106 544 4152 sunt
589 4113 773 4154 contra
829 4118 914 4158 me
965 4109 1238 4162 mendacia
1289 4127 1304 4162 :
1367 4119 1419 4162 et
1466 4126 1570 4165 non

20 4186 381 4240 clamaverunt
410 4190 476 4241 ad
514 4204 597 4243 me
631 4193 791 4246 corda
822 4209 1010 4250 eorum
1043 4215 1058 4262 ;
1092 4199 1184 4253 sed
1216 4199 1349 4252 mala
1383 4210 1570 4253 contra

22 4292 92 4329 me
121 4280 500 4348 cogitaverunt
525 4297 540 4332 :
570 4283 770 4339 idcirco
802 4287 1080 4341 tradentur
1105 4288 1155 4341 in
1186 4290 1515 4357 gentibus".
1542 4308 1561 4341 ι

21 4368 169 4422 annos
224 4370 339 4424 lucc
395 4373 630 4426 minatur
675 4387 691 4432 :
754 4394 788 4431 ι,
835 4375 971 4432 Ecce
1028 4379 1290 4433 mandabo
1338 4394 1468 4448 ego,
1516 4391 1568 4432 et

1687 3185 1886 3258 pheta.

2279 3313 2503 3374 CAPUT
2539 3312 2651 3370 LV.

1755 3451 2054 3520 PrOpltetia:
2084 3451 2146 3503 de
2175 3448 2369 3504 Christi
2395 3458 2557 3501 morte
2588 3456 2740 3514 atque
2771 3448 3157 3501 resurrectione.

1754 3543 1977 3619 Canis-r.
2010 3561 2300 3616 Sciendum
2333 3561 2385 3614 in
2421 3557 2609 3628 primis
2643 3563 2744 3622 erit,
2779 3558 2918 3625 quod
2953 3573 3093 3627 saepe
3122 3557 3231 3624 jam

1682 3654 1956 3717 diximus,
2005 3661 2254 3707 naturam
2289 3650 2514 3705 divinam
2551 3662 2859 3716 oppressum
2895 3649 3173 3716 tyrannide
3204 3663 3232 3700 a

1681 3739 1896 3794 diabolo
1924 3741 2107 3793 videre
2135 3753 2284 3791 suum
2315 3739 2622 3804 ligmentum
2657 3735 3049 3803 non'potuisse,
3075 3734 3235 3804 igitur

1679 3829 1854 3883 visum
1900 3835 1983 3881 est
2027 3825 2196 3887 Patri,
2235 3832 2292 3876 ut
2333 3837 2463 3876 suus
2510 3822 2610 3874 sibi
2645 3819 2961 3887 Unigeuitus
3005 3821 3232 3874 animam

1679 3924 1840 3985 atque
1883 3929 2076 3982 corpus
2122 3904 2187 3967 eti
2231 3926 2444 3979 semper
2474 3909 2689 3976 Virgine
2723 3898 2885 3990 Maria
2920 3909 3233 3977 susciperet,

1679 4009 2088 4075 impertnutatus
2123 4015 2282 4070 atque
2313 4001 2646 4077 inconfusus,
2683 4001 2924 4068 citraque
2957 4009 3231 4067 peccatum

1677 4097 1946 4164 perfectus
2011 4095 2171 4149 homo
2231 4091 2416 4155 fieret,
2474 4105 2579 4144 non
2650 4090 2846 4143 amisso
2908 4089 3048 4155 quod
3115 4099 3232 4141 erat

1677 4187 1946 4257 (videlicet
1970 4183 2364 4252 immutabilis),
2390 4181 2480 4236 sed
2510 4185 2784 4248 assumpto
2809 4177 2947 4247 quod
2981 4192 3085 4231 non
3115 4188 3230 4255 erat

1677 4283 1885 4349 (utpote
1931 4272 2241 4344 humanus),
2272 4287 2378 4343 quo
2413 4285 2506 4340 per
2541 4279 2784 4323 naturam
2823 4278 3060 4323 nostram
3099 4268 3229 4321 mori

1679 4377 1881 4439 posset,
1908 4376 1962 4422 et
1992 4381 2087 4434 per
2117 4364 2438 4418 ineffabilem
2473 4371 2525 4416 et
2565 4359 3058 4429 incomprehensam
3093 4359 3228 4412 divi-

26 4458 320 4510 concutiam
353 4461 402 4510 in
430 4461 678 4515 omnibus
707 4464 955 4530 gentibus
984 4464 1196 4517 domum
1227 4445 1409 4528 Israel,
1435 4465 1573 4518 sicut
1604 4445 1649 4502 ο
1677 4464 1923 4521 nitatem,
1951 4471 2138 4512 omnes
2172 4457 2491 4518 viviﬁcaret.
2521 4462 2681 4520 alque
2712 4465 2740 4504 ³
2773 4450 2968 4504 ἀῖδδοη
3006 4451 3228 4503 “exim”

24 4551 310 4603 coucutitur
342 4552 576 4605 triticum
611 4553 662 4606 iit
685 4544 924 4609 cribro:
958 4563 1009 4609 et
1036 4572 1138 4610 non
1171 4557 1569 4626 cadetqlapillus

23 4654 160 4703 super
185 4650 412 4694 terram.
439 4641 493 4703 in
517 4643 1010 4709 gladiomorientur
1031 4661 1227 4701 omnes
1261 4657 1567 4716 peccatores

25 4730 181 4792 μορυιὶ
225 4731 331 4784 mei
351 4731 417 4786 ".
453 4751 471 4782 ι
509 4730 724 4787 Davidis
752 4750 964 4805 quoque
994 4737 1107 4792 haec
1138 4738 1402 4791 sententia
1437 4745 1516 4791 est
1550 4755 1563 4790 :

27 4836 40 4864 ι
74 4821 405 4877 Sacerdotes
447 4825 520 4878 tui
559 4824 853 4879 inducntur
879 4827 1158 4894 justitiam,
1194 4829 1449 4883 ct'sancti
1488 4831 1562 4882 tui

22 4912 441 4968 exsultabunt".
478 4933 496 4965 ι
531 4915 583 4968 Id
613 4917 753 4982 quod
785 4919 847 4970 de
878 4919 1114 4986 gentium
1144 4919 1381 4973 Ecclesia
1408 4913 1563 4982 dixit,

23 5009 64 5049 ul
86 5001 347 5056 futurum.
380 5004 511 5089 Nam
545 5006 585 5059 si
615 5006 680 5059 de
711 5005 988 5078 Synagoga
1023 5028 1037 5063 :
1075 5026 1092 5060 ι
1131 5010 1306 5063 Induti
1339 5019 1479 5071 sunt,
1511 5020 1563 5065 et

21 5095 294 5156 exsultant,
332 5112 349 5143 ι
383 5094 585 5148 dictum
618 5099 924 5166 oportebat.

74 5179 179 5234 lam
239 5195 394 5246 vero,
433 5183 520 5237 ubi
570 5201 711 5238 nunc
757 5185 1059 5240 Judmorum
1115 5203 1198 5242 res
1249 5189 1456 5248 divina,
1501 5205 1561 5245 ac

24 5269 212 5324 [ωιξυῖ
247 5270 522 5339 Siquidem
557 5275 993 5342 Deutcronnmio,
1022 5277 1151 5332 Mosi
1186 5279 1323 5334 Deus
1357 5297 1559 5348 praece-

51 5361 114 5414 it:
148 5382 166 5414 ι
205 5360 320 5414 Non
349 5361 515 5418 facies
546 5363 712 5420 altare
741 5367 794 5420 in
826 5370 969 5422 omni
1005 5369 1140 5432 loco,
1169 5387 1338 5439 neque
1371 5370 1559 5425 ulierc-

24 5455 73 5501 iis
99 5453 391 5513 sacriﬁcia;
424 5456 516 5507 sed
555 5456 603 5508 in
643 5459 756 5511 loco
791 5475 946 5527 quem
987 5460 1206 5530 elegerit
1240 5461 1495 5516 Dominus
1536 5481 1548 5514 :

1674 4554 1993 4609 absolveret.
2022 4549 2155 4603 Nam
2185 4559 2241 4609 et
2268 4549 2372 4601 vivi
2405 4562 2498 4615 per
2532 4545 2649 4615 ejus
2674 4558 2741 4597 ex
2772 4540 2991 4610 Virgine
3025 4551 3226 4603 ortum,

1674 4657 1780 4694 non
1826 4640 2029 4708 peccati
2078 4637 2252 4692 solum
2300 4634 2654 4703 chirographo
2701 4632 2932 4692 liberati,
2967 4634 3055 4684 sed
3097 4631 3227 4683 ado—

1672 4730 1855 4798 ptione
1906 4729 2066 4781 etiam
2120 4735 2245 4781 sunt
2293 4725 2494 4789 affecti,
2529 4733 2584 4777 et
2634 4731 2962 4776 mortuorum
3014 4721 3226 4782 animae,

1677 4833 1794 4888 qua:
1831 4819 1970 4887 apud
2006 4815 2207 4871 inferos
2244 4815 2584 4877 tenebantur,
2612 4827 2704 4882 per
2737 4813 2854 4882 ejus
2884 4811 3225 4865 resurrectio-

1675 4922 1828 4972 nem,
1865 4923 1895 4961 c
1941 4907 2133 4962 diaboli
2183 4907 2431 4960 manibus
2479 4906 2704 4973 elapsa),
2742 4917 2962 4972 regnum
3009 4901 3227 4957 cmleste

1673 5001 2043 5054 obtinuerunt.
2076 4997 2141 5053 Ut
2181 4999 2322 5051 enim
2367 4998 2469 5052 duo
2511 5007 2636 5061 sunt
2674 5003 2843 5059 ortus,
2875 4994 2953 5048 sic
2999 4994 3223 5047 duorum

1671 5092 1836 5155 salus,
1872 5092 2136 5153 vivorum,
2174 5091 2408 5157 inquam,
2446 5105 2507 5143 ac
2551 5096 2900 5150 mortuorum,
2938 5094 3221 5154 procurata

1666 5193 1767 5238 est.
1801 5183 1925 5237 Ilaec
1953 5183 2220 5250 passionis
2253 5183 2547 5236 necessitas
2581 5180 2712 5246 fuit;
2748 5195 2868 5233 nam
2907 5180 3008 5232 nisi
3045 5178 3220 5246 passio

1664 5276 1874 5338 fuisset,
1903 5289 2047 5328 mors
2077 5283 2256 5327 secuta
2293 5291 2395 5326 non
2425 5285 2587 5335 esset,
2618 5287 2734 5341 quae
2761 5272 2802 5325 si
2839 5270 2977 5324 haud
3012 5270 3221 5323 evenis-

1666 5375 1766 5432 set,
1796 5367 2101 5418 humanitas
2134 5368 2309 5418 omnis
2339 5383 2399 5418 ex
2430 5366 2620 5417 diaboli
2658 5372 2918 5433 potestate
2951 5362 3081 5432 eripi
3115 5377 3217 5416 non

1659 5467 1888 5528 poterat.
1924 5457 2199 5525 Siquidem
2239 5468 2294 5509 ut
2328 5467 2600 5523 peccatum
2636 5457 2800 5509 Veteri
2840 5457 3044 5512 Adatno
3075 5456 3217 5524 juste

77 5631 110 5660 ε’
155 5645 220 5684 sa
273 5590 360 5697 tn',
394 5631 445 5695 7',
473 5631 522 5680 8.
598 5631 642 5661 ⁸³
673 5631 769 5683 Isa.
801 5649 904 5697 LVI,
937 5635 986 5695 I,
1016 5635 1066 5688 7.
1141 5636 1186 5666 “
1217 5634 1339 5689 Ose.
1370 5652 1407 5695 ι,
1438 5636 1548 5689 1-5.

1681 5637 1922 5691 mmo-9.
1979 5638 2019 5668 οε
2057 5637 2192 5689 Osee
2224 5653 2280 5698 ιι,
2317 5637 2401 5689 lt).
2478 5639 2520 5669 ετ
2557 5638 2682 5689 ibid.
2719 5638 2923 5698 “.13.
3000 5637 3042 5668 εδ
3080 5603 3216 5690 oste

30 5712 99 5762 \n,
129 5702 212 5766 12,
252 5701 334 5756 Ivi.
411 5702 455 5732 ⁶⁹
487 5703 648 5755 Amos
689 5717 763 5765 is,
789 5702 842 5755 9.
918 5705 961 5733 "°
993 5705 1136 5759 Psal.
1169 5720 1352 5770 csxxr,
1377 5705 1430 5760 9.
1507 5708 1549 5739 “
1576 5707 1729 5762 Deut.
1765 5723 1861 5772 xu,
1891 5706 1980 5760 27.
2059 5709 2102 5738 ”
2139 5705 2179 5759 ll
2211 5706 2386 5761 Parai.
2425 5724 2566 5771 xxvr,
2600 5708 2662 5762 16
2693 5723 2841 5776 seqq.
