3956 6324
715 259 818 324 895

1859 262 2276 324 manorum
2313 253 2660 330 COMNENt
3827 287 3903 349 896

717 374 946 421 mortem
975 345 1236 422 concivit:
1271 367 1340 422 ira
1365 378 1419 422 et
1444 381 1577 422 noro
1601 366 2134 429 Adamo,insonti'ac
2161 368 2348 434 sineA
2382 373 2527 429 ribus
2573 359 2716 433 misit
2759 395 2861 444 me,
2894 395 3086 438 sanare
3127 387 3385 443 contritos
3424 390 3613 455 corde,
3640 395 3906 461 pmdicarr

715 455 884 518 vitio,
925 455 1157 526 irrhgata
1213 466 1356 514 mors
1394 442 1538 527 justé
1585 457 1806 512 admissi
1851 459 2273 528 chirographum

721 545 987 598 dissolvit.
1023 547 1205 615 Itaque
1250 546 1506 614 benignus
1553 546 1643 600 ille
1693 546 1852 612 Deus,
1885 549 1949 602 de
1996 549 2270 603 hominum

711 634 880 686 salute
921 649 1133 702 semper
1156 634 1450 696 sollicitus.
1482 651 1586 690 non
1649 637 1903 690 aeternam
1953 644 2107 693 modo
2142 640 2262 692 uni-

715 722 881 789 geniti
917 725 1034 778 Filii
1069 742 1130 779 ex
1168 735 1316 780 utero
1352 737 1477 781 ante
1510 728 1812 782 Luciferum
1843 713 2278 800 generationem,
2309 730 2314 735 ’

711 826 804 878 per
851 816 1135 882 prophetas
1189 818 1402 886 pradici
1449 834 1510 872 ac
1555 819 1816 889 divulgari
1871 821 2124 884 indulsit,
2171 825 2263 877 sed

707 903 869 955 etiam
919 907 1366 972 quemadmodum
1417 924 1642 977 corpore
1682 927 1746 964 ex
1791 927 2001 980 semper
2046 913 2264 982 Virgine

712 991 873 1045 Maria
920 1007 1222 1065 assumpto,
1262 995 1393 1052 duas
1439 1010 1657 1055 naturas
1705 1004 1932 1067 unierit,
1970 1006 2261 1074 miracula,

705 1081 1000 1146 ingressum
1035 1087 1290 1142 illustrem
1318 1100 1370 1142 et
1401 1091 1686 1145 adventum
1715 1092 2138 1166 Hierosolymam
2168 1115 2259 1152 su-

705 1187 801 1238 per
833 1175 999 1229 asina:
1035 1177 1200 1243 pullo,
1234 1181 1610 1246 proditionem,
1644 1183 1985 1251 supplicium,
2020 1203 2255 1255 crucem,

703 1264 1063 1331 sepulturam,
1117 1272 1597 1338 resurrectionem,
1649 1273 1944 1331 inferorum
1997 1279 2255 1348 direptio-

705 1368 846 1416 nem,
879 1357 1062 1410 mortis
1092 1354 1382 1424 interitum,
1415 1363 1465 1416 in
1499 1364 1663 1418 cmlos
1693 1380 1997 1434 ascensum,
2028 1371 2254 1439 denique

671 1453 730 1489 ιθ
766 1441 968 1496 dextris
998 1460 1333 1512 consessum;
1367 1460 1423 1502 ut
1449 1452 1500 1503 in
1534 1465 1637 1518 quo
1666 1453 1779 1508 haec
1805 1456 1982 1508 omnia
2016 1458 2250 1525 perfecta

697 1531 970 1600 videretis,
998 1552 1116 1590 eum
1161 1538 1487 1606 unigenitum
1516 1559 1637 1598 esse
1667 1544 1755 1598 Dei
1786 1546 1980 1600 Filium
2015 1551 2247 1616 sciretis,

695 1624 784 1689 qui
833 1635 882 1676 et
925 1626 1036 1693 jam
1083 1631 1316 1695 venerit,
1341 1642 1394 1686 et
1441 1650 1650 1689 rursum
1701 1637 1932 1708 gloriose
1981 1643 2248 1698 rediturus

692 1713 781 1775 sit,
816 1714 904 1768 Dei
940 1718 1174 1784 nomine,
1211 1720 1383 1777 Patris
1414 1727 1640 1791 scilicet,
1665 1728 1802 1785 vivis
1831 1743 1993 1800 atque
2021 1737 2244 1789 mortuis
2283 1724 2324 1778 Β

689 1798 867 1865 iudex,
895 1804 1030 1856 idem
1064 1804 1313 1863 Dominus
1340 1822 1392 1864 et
1418 1823 1730 1881 praepotens,
1757 1826 1812 1871 et
1840 1798 1975 1885 Rex,
1997 1833 2049 1877 et
2080 1823 2237 1892 Deus,

688 1889 966 1948 divinitate
995 1903 1153 1962 atque
1186 1913 1346 1967 regno
1376 1901 1532 1955 finem
1563 1907 1853 1963 nesciente.

756 1981 922 2048 igitur
965 1995 1127 2040 testes
1165 2003 1375 2055 eorum,
1407 2007 1523 2062 quae
1569 1997 1818 2066 diximus,
1847 2004 2138 2070 prophetas
2183 2010 2237 2066 in

688 2072 917 2125 medium
963 2077 1322 2135 conferamus.
1375 2083 1447 2137 De
1493 2086 1768 2142 immensis
1814 2090 2017 2149 Christi
2067 2086 2234 2154 mira-

686 2161 817 2228 culis
862 2163 1004 2218 velut
1051 2166 1104 2220 iu
1154 2173 1463 2229 transcursu
1503 2175 1700 2231 clamat
1746 2181 1908 2238 Isaias
1951 2201 1966 2237 :
2019 2205 2038 2239 ι
2087 2190 2236 2245 Tune

691 2253 997 2318 aperientur
1023 2260 1160 2313 oculi
1192 2275 1473 2331 caecorum,
1505 2276 1555 2320 et
1587 2281 1742 2323 aures
1769 2276 2049 2331 surdorum
2082 2293 2234 2349 pate-

680 2341 811 2395 hunt
853 2362 867 2397 :
916 2356 1041 2402 tunc
1083 2353 1237 2407 saliet
1277 2356 1411 2409 sicut
1453 2373 1641 2416 cervus
1679 2363 1922 2430 claudus,
1957 2381 2009 2424 et
2049 2387 2231 2440 aperta

680 2432 782 2483 erit
806 2433 984 2503 lingua
1017 2452 1280 2512 mutorum
1299 2446 1366 2499 ⁷³.
1400 2464 1419 2496 ι
1452 2478 1519 2489 -
1552 2469 1570 2502 ι
1605 2452 1761 2516 Tum,
1802 2474 1820 2506 ι
1858 2458 1951 2524 ait,
1983 2432 2231 2531 qua-udo?

678 2521 834 2587 Cum,
867 2534 922 2579 ut
954 2527 1170 2586 Davidis
1207 2536 1365 2612 serba
1404 2536 1583 2594 ferunt
1619 2558 1635 2596 :
1677 2563 1694 2594 ι
1740 2521 1948 2603 Veritas
1982 2521 2048 2606 de
2088 2565 2230 2612 terra

647 2622 794 2666 ‘orta
843 2615 1031 2683 fuerit,
1068 2633 1120 2675 et
1157 2623 1360 2690 justitia
1406 2630 1470 2684 de
1515 2634 1666 2687 caelis
1717 2645 2148 2713 prospexerit“;
2205 2669 2225 2701 ι

675 2702 902 2767 scilicet,
938 2708 1074 2764 Deus
1105 2711 1262 2767 homo
1291 2715 1467 2782 Iesus,
1492 2730 1558 2801 ut
1587 2723 1690 2779 alio
1719 2702 2007 2786 loco—idem
2040 2702 2231 2804 praedi-

674 2805 800 2849 cat:
841 2815 859 2847 c
893 2797 1109 2854 Orietur
1141 2803 1192 2856 in
1227 2805 1412 2862 diebus
1443 2796 1557 2879 ejus
1584 2814 1790 2883 justitia
1821 2833 1874 2874 et
1900 2796 2225 2887 abundantia

668 2885 901 2951 pacis".
957 2907 975 2939 ι
1031 2890 1362 2970 Ergo,_cum
1414 2913 1475 2952 ex
1528 2901 1742 2961 Davidis
1788 2917 2083 2979 sententia,
2133 2920 2223 2975 Dei

671 2973 902 3038 ’zistitia,
943 2981 1245 3047 unigenitus
1286 2987 1399 3056 ejus
1464 2991 1660 3060 Filius,
1695 3012 1725 3052 e
1770 3001 1942 3057 cosiis'
1970 3008 2223 3075 exsistet,

672 3074 780 3118 tum
825 3078 872 3121 et
923 3068 1130 3128 Veritas
1177 3090 1206 3129 e
1259 3087 1396 3131 terra
1443 3084 1675 3154 orietur,
1713 3089 1763 3142 id
1814 3105 1926 3157 est,
1955 3096 2220 3157 divinitati

669 3158 822 3210 unita-
861 3175 955 3228 per
997 3166 1236 3220 eamdem
1287 3169 1616 3240 hypostasim
1671 3195 1825 3247 caro,
1863 3194 1920 3237 ut
1971 3191 2222 3248 universa

665 3255 844 3298 vatum
883 3253 1134 3320 praesagia
1171 3255 1221 3308 iu
1258 3257 1429 3313 lucem
1467 3264 1836 3335 proferantur,
1871 3287 2021 3331 certo
2062 3289 2221 3350 atque

666 3335 939 3402 explorate
973 3344 1231 3411 completa
1259 3362 1321 3404 ac
1352 3350 1608 3419 perfecta.
1636 3355 1770 3413 Nam
1805 3372 1861 3415 ut
1892 3365 2085 3422 visibili
2121 3335 2221 3429 hoc

667 3424 885 3481 lucifero
914 3444 1120 3506 exorto,
1150 3439 1328 3492 omnia
1362 3443 1414 3495 in
1449 3449 1685 3503 tenebris
1721 3459 1926 3508 occulta
1960 3459 2219 3530 detegun-

667 3526 768 3579 tur,
803 3518 880 3573 sic
913 3521 1134 3587 justitite
1175 3528 1299 3583 Sole
1340 3535 1550 3589 coalitus
1593 3540 1864 3611 degresso,
1895 3518 2215 3609 conclaviila

668 3617 839 3660 vatum
889 3611 1121 3669 involuta
1171 3620 1306 3673 dicta
1350 3623 1500 3679 fuere
1542 3628 1828 3701 illustrata,
1861 3649 1913 3694 et
1961 3651 2214 3712 tanquam

657 3712 810 3749 stunn
846 3712 1040 3756 statmn
1073 3710 1336 3773 praedium
1365 3718 1605 3773 veritatis
1635 3737 1890 3795 accepere
1916 3729 2050 3799 (Μ).

733 3786 783 3840 Id
819 3792 947 3844 adeo
981 3795 1139 3850 David
1177 3799 1227 3852 in
1259 3801 1371 3856 haec
1399 3808 1559 3860 verba
1599 3829 1613 3864 :
1660 3832 1678 3862 ‹
1713 3786 1933 3871 Etenim
1959 3786 2235 3880 Dominus.

2378 467 2607 536 captivis
2647 470 3038 534 remissionem,
3069 485 3118 527 et
3150 478 3305 532 cmcis
3340 478 3508 533 visum
3527 482 3595 536 ".
3635 500 3654 532 ι
3690 481 3827 538 idem
3857 489 3903 539 de

2375 559 2632 625 apostolis
2662 579 2676 612 :
2713 581 2730 612 ι
2771 563 2822 614 lu
2853 564 3038 618 diebus
3069 565 3190 631 illis,
3223 567 3272 620 in
3306 572 3496 636 quibus
3526 576 3902 641 apprehendeut

2376 652 2559 712 decem
2611 653 2852 708 homines
2903 672 2964 710 cs
3020 658 3267 713 eninibus
3318 662 3511 726 linguis
3561 666 3827 734 gentium,
3865 680 3901 720 ei

2373 742 2780 810 apprehendeut
2846 747 3106 802 fimbriam
3175 751 3272 802 viri
3338 752 3542 820 Judzei,
3603 758 3834 812 dicentes
3886 779 3897 813 :

2370 831 2567 884 Ibimus
2613 835 2920 901 vobiscum;
2973 839 3270 894 audivimus
3307 841 3449 894 enim
3492 847 3748 912 quoniam
3789 847 3897 901 Deus

2367 922 2641 976 vobiscum
2689 927 2852 980 est“.
2897 947 2914 977 ι
2965 930 3026 982 Et
3067 930 3182 998 quis
3227 942 3308 986 cst
3348 943 3523 987 autem
3571 939 3651 990 vir
3692 938 3894 996 Judmus.

2367 1014 2466 1065 nisi
2503 1014 2639 1069 Deus
2672 1016 2829 1070 homo
2857 1017 3050 1073 .lesus?
3079 1032 3260 1076 decem
3295 1036 3421 1077 vero
3454 1024 3725 1094 homines,
3759 1030 3891 1084 divini

2361 1104 2590 1169 ’apostoli
2622 1115 2743 1158 sunt
2798 1122 2861 1161 ac
2889 1108 3152 1177 discipuli.

2429 1179 2551 1249 .iuo.
2592 1196 2654 1249 Et
2702 1212 2799 1250 cur
2842 1184 3018 1254 autem
3070 1217 3171 1256 non
3205 1203 3341 1259 dixit
3381 1205 3627 1267 :Decem
3676 1209 3889 1265 homines

2359 1299 2423 1338 ex
2461 1287 2698 1340 tribubus
2730 1288 2926 1343 lsrael?
2955 1293 3045 1346 sed
3075 1309 3088 1346 :
3125 1312 3143 1344 ι
3185 1312 3250 1349 ex
3286 1299 3532 1353 omnibus
3566 1299 3763 1367 linguis
3789 1319 3884 1371 gen-

2360 1375 2525 1428 tium?
2553 1395 2570 1428 l
2602 1379 2840 1447 Apostoli
2870 1384 3007 1436 enim
3035 1399 3220 1440 omnes
3246 1402 3311 1441 ex
3344 1390 3584 1444 tribubus
3611 1389 3883 1446 Judaeorum

2355 1477 2529 1521 crant.
3132 1470 3136 1472 ’

2424 1560 2648 1616 Οιιιιιετ.
2705 1563 2919 1620 Scilicet
2983 1569 3239 1633 prtescius
3299 1582 3479 1638 vates,
3536 1574 3801 1640 futurum,
3848 1589 3885 1628 nt

2355 1652 2593 1719 neglecta
2645 1653 2950 1710 Iudaeorum
3009 1659 3324 1730 Synagoga,
3375 1679 3649 1729 prarcones
3706 1668 3884 1718 cunctis

2354 1745 2601 1812 gentibus
2643 1747 2856 1811 ﬂerent,
2891 1753 2987 1804 hoc
3033 1763 3234 1804 tantum
3280 1769 3413 1823 opus
3453 1757 3689 1826 praetulit
3729 1759 3879 1811 tribui.

2348 1832 2482 1886 Nam
2511 1837 2959 1903 quemadmodum
2992 1842 3081 1909 qui
3111 1841 3262 1896 fratri
3305 1858 3486 1898 semen
3520 1848 3761 1910 suscitat,
3789 1862 3882 1915 pro-

2349 1922 2453 1978 lem
2485 1925 2895 1996 haudquaquam
2929 1945 3082 1984 suam
3110 1933 3327 2001 deputat
3359 1953 3372 1988 :
3409 1929 3583 2004 neque
3611 1939 3749 1990 enim
3780 1937 3878 1996 sibi.

2345 2015 2440 2068 sed
2476 2026 2600 2070 ante
2631 2033 2689 2071 se
2715 2017 2868 2072 fratri
2901 2023 3120 2091 stirpem
3149 2025 3434 2091 instaurat,
3461 2029 3560 2080 etsi
3597 2042 3659 2080 ex
3698 2044 3757 2081 eo
3781 2043 3879 2094 pro.

2345 2101 2422 2156 les
2463 2117 2710 2173 suscepta
2745 2123 2851 2161 non
2885 2111 2954 2162 sit
2987 2126 3000 2161 :
3039 2111 3106 2163 ita
3144 2122 3197 2166 et
3228 2115 3278 2166 in
3327 2117 3585 2183 apostolis
3623 2117 3874 2186 propheta,

2345 2196 2489 2250 illam
2558 2198 2624 2252 ab
2683 2196 2884 2255 Judais
2951 2203 3193 2270 stirpitus
3259 2207 3521 2275 originem
3584 2224 3682 2276 pro
3738 2209 3874 2262 nihilo

2342 2289 2564 2356 ducens,
2594 2306 2781 2344 eorum
2825 2293 3000 2360 potius
3039 2310 3163 2364 erga
3206 2308 3412 2365 gentes,
3445 2308 3501 2351 ut
3532 2301 3611 2352 sic
3646 2301 3865 2360 dixerim.

2343 2384 2719 2448 paternitatem
2749 2395 2998 2452 tanquam
3037 2387 3299 2441 illustrem
3326 2399 3403 2443 est
3431 2391 3732 2458 amplexus.
3757 2393 3864 2465 Sane

2339 2472 2634 2528 Corinthiis
2681 2476 2961 2541 scribens,
3011 2478 3206 2532 clamat
3259 2479 3457 2535 Paulus
3513 2501 3526 2536 :
3586 2502 3604 2534 ι
3662 2483 3782 2537 Nam
3819 2485 3855 2534 in

2339 2565 2554 2619 Christo
2586 2566 2716 2622 Jesu
2750 2583 2843 2636 per
2878 2569 3220 2638 Evangelium
3263 2588 3364 2640 ego
3404 2587 3497 2628 vos
3536 2575 3723 2644 genui.
3752 2576 3858 2643 Rogo

2337 2671 2464 2725 ergo
2495 2672 2608 2721 vos,
2641 2659 2937 2715 imitatores
2970 2661 3071 2716 mei
3101 2671 3268 2716 estote
3284 2663 3351 2717 δ’.
3388 2683 3408 2716 ›

2410 2748 2612 2802 Deinde
2654 2765 2758 2803 non
2801 2752 3080 2821 ignorabat
3123 2755 3415 2822 propheta,
3454 2755 3597 2820 fore,
3635 2767 3691 2808 ut
3730 2755 3864 2808 Para-

2336 2831 2457 2886 cleti
2490 2834 2724 2901 Spiritus
2756 2840 2926 2892 sancti
2958 2841 3188 2892 adventu
3240 2851 3293 2892 et
3325 2842 3678 2910 inspiratione
3706 2857 3864 2895 omnes

2334 2926 2572 2979 omnium
2608 2929 2844 2995 gentium
2873 2928 3075 2996 linguas
3105 2937 3266 2997 atque
3292 2931 3629 3000 disciplinam
3662 2933 3864 3000 apostoli

2252 3054 2295 3112 ο
2340 3029 2557 3082 repente
2587 3018 2783 3081 edocti,
2810 3018 2920 3072 suis
2952 3019 3144 3088 linguis
3173 3038 3358 3078 omnes
3385 3029 3651 3082 erudirent
3674 3042 3864 3100 gentes.

2397 3101 2517 3157 Juo.
2548 3105 2613 3158 At
2637 3121 2733 3158 cur
2764 3123 2863 3160 non
2892 3109 3170 3166 duodecim
3195 3114 3349 3178 dixit,
3377 3118 3470 3171 sed
3501 3137 3514 3172 :
3563 3137 3582 3169 ι
3610 3119 3818 3173 decem?
3848 3141 3862 3170 ι

2329 3193 2603 3262 Siquidem
2648 3195 2848 3251 Christi
2881 3202 3152 3269 apostolos
3184 3204 3465 3262 duodecim
3498 3223 3617 3265 esse
3646 3226 3743 3280 pro
3775 3230 3864 3267 nu-

2325 3299 2475 3338 mero
2504 3287 2933 3353 patriarcharum
2964 3293 3267 3350 didicimus.

2392 3373 2616 3430 Cnatsr.
2669 3375 2863 3442 Recte,
2911 3388 2968 3433 et
3015 3391 3072 3434 ut
3129 3398 3226 3452 par
3258 3395 3380 3448 .est,
3430 3389 3728 3444 dubitastis.
3775 3390 3862 3444 Sed

2323 3466 2599 3535 explorate
2627 3469 2777 3521 vobis
2811 3472 3093 3524 tenendum
3123 3483 3203 3527 est
3233 3492 3247 3528 :
3283 3475 3470 3530 Isaiam
3500 3478 3611 3551 (45)
3643 3496 3706 3535 ex
3740 3484 3857 3535 tribu

2321 3558 2596 3625 Benjamin
2656 3566 2708 3613 et
2745 3559 2853 3613 Dan
2889 3562 3143 3636 oriundos
3179 3568 3448 3634 apostolos
3486 3570 3585 3625 hoc
3620 3588 3714 3626 suo
3742 3573 3857 3626 vati-

2321 3651 2462 3704 ciuio
2505 3667 2609 3705 non
2652 3653 2967 3718 prodidisse.
3001 3655 3079 3708 Ac
3117 3657 3312 3711 tribum
3349 3659 3561 3727 quidem
3600 3663 3854 3734 Benjamin

2321 3740 2553 3800 reticuit,
2588 3740 2728 3810 quod
2775 3757 2923 3798 tuens
2969 3744 3218 3799 Salvator
3251 3749 3304 3802 in
3348 3766 3569 3818 corpore
3605 3756 3741 3822 apud
3774 3770 3856 3809 nos

2317 3828 2538 3896 degens,
2571 3844 2667 3898 pro
2707 3846 2766 3884 se
2807 3833 3032 3899 loquens
3070 3850 3153 3900 os,
3182 3851 3430 3906 maguum
3468 3840 3616 3895 illum
3651 3843 3854 3898 Paulum

2315 3932 2418 3969 non
2467 3920 2772 3987 conspexit.
2811 3920 2924 3975 Dan
2969 3939 3094 3979 vero
3137 3926 3329 3980 tribum
3373 3929 3586 3985 silentio
3629 3936 3850 3996 transiit.

2313 4009 2381 4062 ob
2419 4011 2750 4063 nasciturum
2789 4027 2852 4064 ex
2890 4028 2948 4066 ea
2985 4013 3172 4075 Judam
3215 4020 3565 4089 proditorem,
3601 4028 3680 4078 uti
3718 4042 3851 4079 mens

2288 4100 2497 4168 ,Dcnm.
2523 4103 2709 4158 videns
2749 4106 2875 4159 olim
2917 4108 3174 4163 divinavit
3215 4112 3282 4173 in,
3310 4111 3449 4168 hanc
3493 4119 3800 4172 sententiam
3840 4134 3851 4169 :

660 3878 804 3930 dabit
864 3881 1261 3957 benignitatem.
1320 3912 1338 3943 ›
1404 3896 1571 3951 Porro
1636 3901 1844 3959 Domini
1902 3909 2208 3982 benignitas

659 3971 874 4024 omnino
916 3978 1220 4045 unigenitus
1261 3989 1446 4038 zeterni
1486 3988 1660 4046 Patris
1704 3993 1872 4051 Filius
1914 4011 1994 4054 est
2101 4025 2118 4056 ι
2159 4021 2211 4062 et

661 4069 800 4111 terra
830 4073 1012 4117 nostra
1045 4068 1188 4124 dabit
1219 4073 1448 4130 fructum
1477 4096 1630 4136 suum
1651 4085 1713 4139 ⁷⁸.
1752 4106 1770 4138 ι
1803 4091 2146 4158 Assumptum
2180 4116 2208 4153 a

658 4149 792 4202 Filio
834 4169 896 4204 ex
941 4156 1078 4211 lutea
1126 4175 1184 4214 ac
1227 4170 1466 4222 terrestri
1509 4183 1696 4229 natura
1737 4195 1937 4249 corpus
1977 4149 2206 4244 fructum

652 4241 799 4301 edet,
856 4243 1115 4312 lucuienta
1170 4255 1418 4310 miracula
1481 4278 1494 4313 :
1559 4281 1576 4313 ι
1636 4241 1848 4323 iustitia
1904 4286 2028 4331 ante
2082 4295 2200 4335 eum

655 4332 974 4400 ambulabit,
1009 4355 1025 4384 ι
1058 4341 1247 4405 idest,
1295 4347 1583 4418 immensa,
1629 4367 1679 4408 et
1731 4364 1980 4428 Opinione
2034 4373 2202 4438 major
2231 4381 2281 4438 D

653 4421 1008 4488 lnuuanitas,r
1035 4441 1082 4482 et
1113 4448 1271 4500 ponet
1301 4440 1350 4491 in
1384 4445 1460 4493 via
1494 4461 1704 4512 gressus
1737 4421 1961 4521 ejus".i
1999 4421 2203 4520 Videtis

652 4526 809 4564 unam
846 4515 895 4567 in
929 4520 1364 4583 duabns'naturis
1396 4541 1710 4599 personam?
1740 4543 1838 4598 Per
1867 4566 1886 4598 ι
1922 4555 2198 4609 veritatem

650 4614 701 4654 et
724 4603 983 4670 justitiam
1010 4597 1039 4660 ⁸)
1073 4613 1331 4683 Propheta
1367 4633 1604 4681 naturam
1641 4631 1924 4692 humanam
1952 4644 2106 4697 simul
2140 4664 2201 4700 ac

649 4694 876 4748 divinam
893 4699 1220 4772 signiﬁcans,
1241 4725 1342 4762 non
1363 4715 1491 4766 dixit
1515 4735 1559 4768 :t
1587 4719 1745 4776 Ponet
1771 4729 1820 4778 in
1842 4730 1975 4793 via,»
1998 4737 2201 4792 scilicet

648 4785 1044 4852 miraculorum,
1067 4811 1085 4843 ‹
1118 4812 1332 4858 gressus
1359 4817 1600 4868 earum,»
1628 4815 1718 4864 scd
1749 4815 1797 4867 in
1838 4835 1937 4872 una
1967 4838 2194 4889 persona

651 4890 670 4924 ι
702 4892 915 4942 gressus
946 4883 1080 4949 ejus.
1118 4905 1135 4935 ι

721 4970 859 5024 idem
900 4991 1161 5036 rursum;
1206 5003 1221 5034 ι
1262 4984 1399 5039 Misit
1432 4988 1656 5044 Verbum
1695 5011 1868 5061 Stililll,
1903 5011 1949 5055 et
1986 5010 2195 5064 sanavit

645 5076 736 5114 eos
784 5081 797 5117 :
846 5075 894 5118 et
934 5070 1126 5136 eripuit
1166 5089 1258 5128 eos
1304 5079 1368 5131 de
1411 5081 1805 5142 iuteritionihus
1848 5085 2033 5148 eorum
2055 5098 2119 5151 ⁷⁸.
2168 5118 2186 5150 ι

645 5152 808 5208 Isaias
851 5172 979 5214 vero
1017 5164 1212 5219 clamat
1255 5187 1267 5219 :
1317 5189 1333 5218 ‹
1377 5171 1610 5238 Spiritus
1648 5178 1854 5234 Domini
1895 5201 2055 5255 super
2089 5207 2190 5256 me,

642 5258 706 5297 eo
737 5249 876 5314 quod
912 5255 1119 5308 unxerit
1154 5257 1407 5316 Dominus
1441 5280 1542 5318 me.
1577 5249 2191 5350 Evangelizare-p.‘tupc-

711 5427 756 5456 ⁷³
787 5429 1075 5513 1§n2.IXXX$',
1106 5437 1175 5513 53.
1233 5441 1441 5513 "Psal.
1465 5465 1692 5513 .mtxxw,
1725 5454 1807 5509 12.

641 5496 728 5549 so.
805 5496 1204 5570 ηιεει.ι.χι,ἰ.
1283 5496 1859 5590 ουΖειέιῖᾶἶξῖὶίιξῖδ.

716 5611 825 5682 (44)
875 5616 1336 5691 Ἀποκᾳτάστασιν
1360 5628 1567 5688 ἔλαϐον.

1885 5459 2099 5533 ⁷⁸ῨΡδθῐ.
2130 5481 2273 5533 uxr,
2311 5468 2360 5520 7.

1940 5532 1979 5561 ⁸⁸
2016 5533 2029 5585 ι
2063 5536 2191 5589 Cor.
2225 5532 2414 5604 tv,15,
2449 5542 2532 5595 16.

2316 4211 2334 4240 ι
2378 4191 2494 4246 Fiet
2525 4193 2635 4248 Dan
2669 4198 2889 4251 coluber
2921 4199 2972 4252 in
3002 4200 3107 4265 via,
3138 4212 3370 4258 cerastes
3402 4206 3454 4258 in
3485 4210 3699 4273 semita,
3731 4226 3852 4262 mor-

2310 4283 2442 4337 dens
2482 4287 2707 4353 ungulas
2743 4290 2897 4357 equi;
2949 4309 2967 4341 ›
3017 4293 3371 4363 corporalem,
3403 4311 3469 4350 eo
3515 4308 3654 4368 typo,
3687 4315 3850 4354 necem

2311 4373 2462 4425 nobis
2490 4373 2719 4430 innuens
2757 4395 2769 4430 :
2812 4397 2830 4430 ι
2870 4377 2939 4432 Ut
2966 4383 3118 4435 cadat
3147 4397 3402 4439 ascensor
3433 4386 3548 4454 ejus
3581 4392 3802 4453 retro",
3833 4410 3846 4438 ι

2312 4463 2590 4521 divinitate
2625 4468 2872 4522 alfectum
2910 4487 3101 4540 corpus
3130 4475 3179 4527 in
3212 4490 3401 4531 recens
3427 4477 3644 4548 Iosephi
3677 4498 3849 4536 moun-

2311 4568 2544 4610 mentum
2579 4560 2803 4612 salutem
2839 4574 3157 4631 exspectans
3192 4566 3433 4636 Domini;
3474 4572 3723 4627 nimirum
3767 4576 3849 4626 tri-

2308 4647 2536 4702 duanam
2573 4656 3041 4710 resurrectionem.
3449 4674 3458 4678 ‘

2377 4739 2526 4804 Quod
2565 4758 2691 4796 vero
2722 4760 2904 4797 omnes
2941 4747 3152 4804 Christo
3181 4750 3356 4806 obitas
3397 4754 3700 4809 functiones
3740 4772 3846 4825 pre-

2307 4831 2476 4894 pheta?
2515 4837 2828 4899 nuntiarint,
2862 4841 3091 4893 Ostendit
3129 4844 3230 4897 mei
3267 4844 3354 4898 Set
3371 4851 3569 4901 vatoris
3603 4847 3842 4903 Hieroso-

2307 4921 2499 4990 lymam
2553 4928 2832 4995 adventus,
2871 4933 2934 4986 de
2979 4949 3082 5003 quo
3128 4938 3364 4989 oumium
3410 4943 3659 5009 princeps
3705 4943 3846 4996 Israel

2304 5015 2377 5067 ait
2403 5033 2415 5073 ;
2450 5037 2465 5067 ι
2501 5018 2734 5088 Aiiigans
2759 5025 2821 5076 ad
2851 5029 3006 5078 vitem
3032 5029 3234 5083 asinam
3261 5046 3437 5097 suam,
3457 5045 3509 5087 et
3537 5035 3603 5088 ad
3635 5035 3844 5089 helicem

2304 5106 2503 5173 pullum
2534 5112 2697 5165 asinae
2725 5130 2836 5170 sum
2855 5117 2921 5170 ⁸³.
2957 5137 2975 5168 ›

2374 5198 2598 5266 Videtis,
2633 5216 2688 5257 ut
2717 5209 2970 5278 abrogata
3007 5213 3120 5282 lege
3152 5219 3586 5285 propagatiouem
3623 5220 3842 5289 gentium

2301 5294 2561 5360 propheta
2591 5296 2896 5364 significet?
2924 5303 3054 5357 Nam
3082 5321 3204 5360 cum
3232 5309 3382 5368 dicit,
3427 5329 3445 5361 ι
3476 5310 3686 5364 asinant
3711 5309 3796 5363 viti
3826 5326 3840 5358 I

3097 5483 3139 5514 ⁷⁷
3172 5484 3296 5538 ibid.
3335 5486 3418 5540 14.

2609 5544 2652 5574 ⁸³
2684 5547 2816 5600 Gen.
2851 5565 2993 5615 xux,
3029 5552 3113 5607 17.

2367 5653 2819 5724 (ιίῦμδρὴλιιτὶίιιη.

2438 5472 2657 5550 ’fﬂl‘sai.
2689 5492 2902 5550 cxxxw,
2936 5483 3019 5535 1'5.
3097 5483 3139 5514 ⁷⁷
3172 5484 3296 5538 ibid.
3335 5486 3418 5540 Η.
3497 5489 3541 5520 ⁷⁸
3571 5489 3711 5545 Psal.
3741 5503 3841 5550 cn,

3190 5554 3235 5586 ⁸³
3269 5556 3396 5610 ibid.
3433 5557 3519 5614 11.
