3956 6324
707 323 810 397 899

647 425 652 432 ’
713 463 729 494 i
785 440 1003 494 l‘nstnla
1055 454 1082 490 a
1126 450 1230 500 me,
1270 445 1321 488 et
1366 433 1505 488 dabo
1547 433 1642 487 tibi
1692 439 1881 501 gentes
1921 431 2290 490 haereditateni
2322 431 2363 484 Α
2395 430 2556 475 vocat
2590 419 2916 473 horrendam
2954 413 3102 467 illam
3139 407 3458 465 sententiam
3501 423 3515 459 :

712 545 876 585 tuam.
911 551 928 580 ι
967 529 1113 582 Solet
1147 527 1308 581 David
1345 541 1461 595 quae
1499 530 1621 579 sunt
1651 523 1944 592 Unigeniti,
1975 525 2040 575 ad
2081 520 2173 574 Dei
2212 533 2273 571 ac

716 622 889 689 Patris
916 619 1242 671 voluntatem
1274 627 1435 687 atque
1460 624 1778 684 potestatem
1809 627 2085 675 revocare,
2115 626 2186 664 ne
2210 608 2278 662 ab

716 709 976 779 imperitis
1011 709 1119 763 Deo
1162 708 1464 762 contrarius
1499 707 1813 762 crederetur
1850 723 1863 760 :
1910 721 1929 756 ‹
1963 702 2029 756 Et
2060 715 2280 771 posses-

716 804 923 852 sionem
963 799 1406 852 tuam-terminos
1437 807 1624 864 terrae;
1667 816 1685 848 ›
1720 797 1809 864 qui
1842 808 2053 848 sacrum
2089 807 2282 846 nomen

719 891 951 945 ferentes
986 899 1158 954 tuum,
1185 904 1278 956 per
1313 898 1364 943 te
1393 886 1600 958 jurenl.
1634 905 1652 938 ι
1697 886 1869 954 Reges
1909 899 2003 939 eos
2049 883 2104 936 in
2138 883 2282 950 virga

718 981 964 1044 ferrea’;
997 997 1016 1030 ι
1066 991 1332 1048 sceptrum
1397 994 1488 1033 seu
1545 979 1692 1048 virga
1765 976 1938 1030 ferrea
1994 973 2287 1029 divinitatis

721 1070 1016 1138 potentiam
1061 1069 1346 1139 signiﬁcat.
1373 1067 1504 1122 Nam
1540 1079 1820 1136 paternum
1857 1065 1960 1119 hoc
1995 1079 2092 1134 per
2123 1061 2288 1116 Davi-

722 1162 840 1213 dcm
854 1162 1052 1214 dictum
1072 1161 1399 1214 conﬁrmans
1417 1175 1566 1214 meus
1590 1158 1844 1224 Servatur
1861 1156 1973 1210 ait:
1994 1174 2011 1208 ί
2036 1155 2151 1224 Ego
2171 1168 2289 1208 sum

725 1259 907 1317 pastor
936 1251 1124 1314 bonus,
1154 1259 1208 1304 et
1237 1264 1335 1319 ego
1373 1264 1606 1318 agnosco
1649 1264 1779 1305 oves
1807 1263 1979 1312 meas,
1997 1253 2063 1304 'et
2091 1260 2291 1315 cogno-

724 1349 880 1394 scunt
908 1356 991 1393 me
1016 1356 1167 1395 mete.
1190 1342 1338 1394 Sicut
1363 1343 1509 1394 novit
1541 1357 1624 1396 me
1650 1339 1830 1405 Pater,
1852 1349 1909 1394 et
1933 1353 2032 1409 ego
2059 1349 2293 1409 agnosco

731 1429 940 1483 Patrem
971 1433 1317 1485 :etanimam
1343 1446 1518 1486 meam
1543 1445 1684 1500 pono
1708 1446 1805 1498 pro
1828 1431 2018 1484 ovibus
2042 1429 2176 1483 meis
2192 1427 2235 1482 ³.
2267 1445 2285 1477 ι

724 1552 792 1562 -
823 1539 841 1572 ι
873 1521 1149 1592 Tanquam
1176 1538 1270 1578 vas
1298 1523 1439 1591 ﬁguli
1467 1523 1774 1592 confringes
1800 1537 1914 1576 eos.
1939 1539 1958 1572 ι
1993 1519 2088 1574 His
2113 1517 2295 1573 verbis

728 1623 842 1666 tum
879 1615 1152 1670 hominum
1186 1614 1424 1669 declarat
1454 1614 1746 1684 Opiﬁcium,
1774 1612 1918 1682 quod
1950 1613 2182 1682 magnus
2212 1609 2298 1664 ille

731 1707 921 1775 ﬁgulus
979 1709 1114 1760 Deus
1163 1706 1365 1763 ellinvit
1442 1723 1506 1762 ac
1563 1705 1779 1762 mdlitus
1837 1715 1950 1772 est;
2010 1714 2124 1759 tum
2172 1717 2299 1757 vero

729 1794 1031 1848 Jndzcorum
1075 1797 1498 1851 internecionem
1535 1803 1589 1849 et
1620 1795 1918 1850 interitum.
1950 1793 2080 1848 Tam
2118 1791 2296 1858 facile,
2331 1778 2370 1835 Β
2406 1787 2801 1843 traductionem
2847 1784 3229 1853 cogitationum
3285 1793 3620 1836 nostrarum.
3664 1779 3843 1834 Gravis
3879 1789 3930 1827 ρμι

733 1878 1205 1951 ἱηνιιίῑξεοΗὶἀθε,
1243 1887 1331 1954 qui
1379 1879 1447 1960 te,
1482 1893 1540 1940 ut
1577 1887 1824 1954 Opiﬁcem
1870 1900 1933 1941 ac
1981 1886 2144 1940 Deum
2191 1897 2298 1936 non

733 1991 795 2030 ve
837 1987 1075 2040 urantur,
1109 1979 1203 2031 sed
1242 1991 1446 2031 merum
1490 1978 1762 2032 hominem
1819 1981 2047 2042 ducunt,
2075 1977 2301 2031 salutari

743 2083 807 2118 nu
864 2077 915 2120 te
958 2077 1008 2120 te
1052 2068 1374 2131 multantes,
1400 2083 1559 2136 quam
1599 2067 1790 2137 ﬁgulus
1824 2067 2142 2122 fabricatum
2181 2083 2208 2120 a
2247 2082 2306 2122 se
2344 2126 2347 2129 ,

742 2174 806 2212 ac
862 2159 1254 2212 cunlormatum
1315 2158 1498 2213 ﬁctile.
1551 2157 1621 2213 Ut
1669 2159 1810 2210 enim
1872 2158 2137 2226 pecudes,
2187 2171 2305 2224 quae

737 2245 970 2313 pastoris
1018 2261 1200 2298 vocem
1250 2254 1411 2314 atque
1453 2246 1667 2299 sibilum
1717 2254 2043 2314 sequuntur,
2079 2254 2134 2298 et
2177 2245 2307 2298 viri-

742 2337 895 2388 dibus
946 2346 1236 2403 pascuntur
1293 2336 1510 2400 herbis,
1565 2347 1620 2391 et
1669 2336 2060 2405 liquidissimus
2122 2342 2308 2403 potant

744 2427 959 2490 latices;
997 2441 1115 2494 qua:
1147 2441 1275 2480 vero
1310 2444 1339 2481 a
1373 2435 1588 2496 pastore
1621 2429 1910 2493 resiliunt,
1946 2426 2072 2481 feris
2115 2427 2310 2495 praedae

745 2527 902 2582 sent;
949 2517 1023 2570 ita
1068 2525 1272 2571 tractus
1319 2533 1509 2573 omnes
1553 2519 1764 2573 cunctis
1809 2528 2073 2572 terrarum
2115 2517 2312 2572 finibus

746 2609 1054 2675 quicunque
1099 2609 1200 2661 mci
1248 2607 1365 2662 Filii
1404 2625 1590 2665 vocem
1635 2607 1874 2675 audient,
1909 2610 1961 2663 in
2005 2609 2313 2664 coelestibus

743 2701 1066 2767 aeternisque
1103 2699 1320 2755 sedibus
1360 2703 1553 2772 degent
1585 2715 1650 2755 ac
1693 2710 1938 2770 pascent,
1966 2711 2018 2755 et
2053 2699 2117 2755 ad
2155 2710 2313 2756 secu-

747 2806 838 2845 ras
873 2805 1062 2845 amnes
1097 2793 1418 2846 nutrientur.
1443 2793 1514 2845 At
1540 2791 1628 2861 qui
1660 2792 1777 2862 ejus
1800 2807 1988 2847 vocem
2021 2793 2314 2861 negligent,

752 2879 921 2954 attriti
959 2893 1022 2932 ac
1053 2881 1233 2944 deleti,
1265 2881 1444 2935 infami
1479 2881 1623 2950 lupo,
1653 2880 1890 2945 diabolo,
1918 2881 2314 2951 relinquentur.

702 2984 705 2986 ·
827 2989 846 3020 ε
887 2971 952 3024 Et
983 2985 1147 3036 nunc,
1209 2986 1380 3041 reges,
1414 2971 1751 3044 intelligite‘.
1787 2991 1805 3025 ι
1843 2972 2040 3029 Christi
2075 2983 2316 3043 potesta-

755 3070 885 3123 tem,
923 3061 1398 3126 resurrectionem,
1433 3056 1591 3130 atque
1630 3074 1854 3132 regnum
1899 3073 2024 3117 ante
2066 3071 2318 3118 accurate

753 3159 1038 3204 exsecutus
1067 3150 1356 3216 Propheta,
1384 3151 1678 3220 intelligere
1709 3166 1770 3206 ea
1799 3165 2014 3222 quoque
2042 3161 2311 3209 terrarum

757 3255 912 3311 reges
948 3241 1098 3310 jubet
1129 3257 1194 3297 ac
1228 3243 1495 3296 hortatur.
1532 3259 1550 3294 ι
1593 3242 1896 3297 Erudimini
1932 3244 2022 3313 qui
2060 3243 2317 3313 judicatis

757 3341 959 3387 terram
990 3348 1003 3386 :
1040 3350 1058 3383 ι
1087 3332 1517 3401 quandoquidem
1545 3332 1782 3404 judicium
1807 3333 2075 3401 Judicem,
2096 3336 2317 3390 deorum

764 3422 953 3490 Deum,
985 3435 1222 3478 vestrum
1261 3438 1325 3478 ac
1361 3424 1524 3480 totius
1555 3425 1738 3480 mundi
1770 3424 1968 3497 Regem
2002 3427 2320 3492 Dominum-

757 3528 864 3585 que
901 3514 1248 3584 exspectatis,
1281 3515 1477 3569 discite
1521 3530 1728 3582 omnes,
1756 3505 1848 3586 qui
1883 3517 1951 3573 de
1987 3518 2239 3579 terrenis,
2269 3526 2323 3572 et

758 3617 972 3660 terrena
999 3605 1275 3673 judicans,
1299 3607 1559 3674 judicare,
1579 3620 1643 3661 ac
1668 3606 1755 3674 jus
1779 3617 1835 3663 ct
1855 3623 2066 3676 equum
2094 3608 2274 3664 facere
2304 3628 2318 3663 :

765 3713 784 3749 ι
835 3697 887 3750 in
933 3711 1040 3765 quo
1098 3697 1241 3751 enim
1277 3695 2073 3765 jndicaveritis,judicabimini
2119 3716 2134 3753 :
2179 3709 2231 3755 ct
2266 3700 2322 3754 in

758 3801 862 3855 qua
890 3801 1139 3841 mensura
1171 3788 1341 3841 mensi
1367 3785 1596 3853 fueritis,
1623 3789 1940 3842 remetietur
1961 3787 2114 3844 vobis
2131 3791 2174 3843 '.
2210 3807 2229 3843 ι
2255 3819 2325 3831 --

767 3896 786 3931 ι
834 3877 1043 3933 Servite
1086 3877 1309 3932 Domino
1354 3877 1408 3932 in
1453 3879 1675 3943 timore,
1707 3887 1762 3933 et
1798 3880 2063 3937 exsultate
2107 3881 2156 3936 ei
2201 3897 2322 3938 curn

763 3979 1024 4034 tremore;
1063 3986 1083 4020 ι
1124 3970 1264 4038 quod
1295 3969 1340 4024 si
1373 3970 1556 4026 timide
1583 3985 1648 4024 ac
1674 3971 1880 4041 trepide
1911 3971 2079 4027 Deum
2111 3974 2324 4040 coletis,

763 4061 1098 4128 postmodum
1129 4075 1248 4114 cum
1274 4073 1338 4114 eo
1367 4069 1626 4115 aeternum
1656 4062 2033 4130 exsultabitis;
2066 4079 2211 4119 nunc
2242 4064 2323 4118 la~

766 4150 995 4220 crymosi
1027 4159 1272 4205 serentes
1301 4168 1316 4206 :
1348 4161 1402 4205 at
1429 4160 1536 4205 tum
1570 4151 1698 4205 lauti
1724 4162 2023 4208 vestrorum
2050 4153 2324 4209 fructuum

770 4243 1099 4298 millenarias
1131 4226 1324 4297 aristas
1361 4244 1621 4306 messuri,
1653 4245 2072 4312 comportandas
2106 4245 2158 4299 in
2192 4247 2325 4301 hor-

767 4349 856 4388 rea
883 4333 1146 4391 cmlestia.
1181 4353 1198 4386 ι
1233 4334 1633 4405 Appreheldite
1659 4333 1996 4403 disciplinam
2016 4336 2060 4401 ⁸,
2089 4354 2108 4388 ι
2140 4336 2192 4390 id
2221 4347 2324 4399 est.

1881 312 2305 378 ANDRONICI
2335 307 2681 369 COMNENI
3044 307 3046 309 ’

2402 2702 2639 2772 ’pissima
2687 2703 3110 2756 condemnemus
3151 2715 3274 2754 eum

3557 423 3576 455 ι
3636 403 3896 459 Discedite

2395 430 2556 475 vocat
2590 419 2916 473 horrendam
2954 419 3102 467 illam
3139 419 3458 465 sententiam
3501 423 3515 459 :
3557 423 3576 455 ι
3636 419 3896 488 misceant;

2388 529 2496 578 me,
2531 508 2828 573 maledicti,
2857 506 2912 559 in
2955 505 3131 574 ignem
3177 513 3455 565 :cternum,
3487 501 3579 568 qui
3634 509 3857 566 paratus

2395 603 2609 660 diabolo
2637 611 2691 655 ct
2720 598 2927 669 angelis
2958 595 3166 665 ejus";
3209 613 3227 646 ι
3264 609 3424 663 quam
3459 602 3514 648 et
3544 602 3688 645 ante
3719 590 3935 669 judiciaa

2389 695 2758 765 unusquisque
2800 691 3103 760 recogitans
3131 727 3147 753 ,
3181 703 3246 742 ac
3285 702 3379 742 sua
3425 687 3600 754 ipsius
3647 687 3935 765 consciri-ii

2390 786 2828 850 victus,horret:
2861 801 2880 834 ς
2909 780 3058 836 Beati
3080 793 3265 833 omnes
3288 779 3377 848 qui
3401 776 3692 832 conﬁdunt
3718 777 3770 829 in
3795 776 3935 850 eo‘il

2399 877 2672 946 Propheta
2709 874 3000 928 humanam
3035 860 3286 924 naturam
3315 871 3366 924 in
3397 870 3530 923 duas
3566 871 3814 938 partitus
3842 860 3935 946 md

2395 971 2614 1022 damnat
2653 963 2995 1034 pervicaces;
3042 967 3095 1012 at
3139 959 3256 1027 pios
3309 960 3733 1029 morigerosque
3777 959 3935 1034 pietaai

2397 1061 2704 1126 incorrupta
2733 1068 2797 1108 ac
2823 1051 3044 1122 perenni
3071 1049 3402 1104 beatitudine
3431 1049 3619 1104 allicit.

2468 1141 2847 1206 Cottsentanea
2881 1145 3024 1199 Patri
3058 1153 3112 1198 et
3140 1143 3392 1197 Salomon
3424 1140 3748 1196 Iudaeorum
3783 1140 3935 1206 sceleri

2405 1242 2709 1312 publicatis,
2737 1238 2812 1292 ait
2850 1256 2862 1288 :
2909 1256 2926 1288 t
2958 1237 3229 1290 Dixerunt
3261 1235 3559 1304 cogitantes
3596 1235 3749 1301 apud
3787 1248 3834 1285 se
3864 1250 3927 1283 ant:

2403 1341 2548 1389 recte
2595 1349 2610 1386 ι
2654 1329 3039 1397 Opprimamus
3080 1326 3312 1395 justum,
3348 1327 3602 1394 quoniam
3653 1325 3852 1377 inutilis
3880 1325 3935 1397 est}

2403 1424 2667 1486 nobis,.et
2697 1420 3000 1474 contrarius
3033 1426 3116 1471 est
3143 1416 3400 1484 operibus
3435 1415 3667 1471 nostris.
3697 1425 3748 1468 et
3782 1415 3926 1474 επιῖηίι-

2404 1523 2558 1585 perat
2585 1513 2739 1567 nobis
2765 1520 2985 1580 peccata
3015 1511 3169 1579 legis,
3192 1519 3242 1563 et
3271 1508 3512 1563 diffamat
3543 1507 3599 1560 in
3635 1521 3740 1559 nos
3766 1507 3935 1585 peccaui

2405 1603 2700 1671 disciplina:
2723 1611 2940 1658 nostrae.
2959 1601 3230 1656 Promittit
3251 1615 3310 1654 se
3333 1599 3619 1653 scientiam
3652 1597 3743 1650 Dei
3767 1596 3935 1668 ιηίεετρξ

2407 1706 2461 1751 et
2508 1695 2699 1749 Filium
2754 1694 2844 1748 Dei
2899 1684 2958 1748 se
3010 1694 3268 1747 nominat.
3324 1690 3520 1744 Factus
3578 1700 3672 1743 est
3723 1689 3858 1740 nobis
3902 1705 3932 1734 ξι

2407 1878 2562 1934 nobis
2608 1878 2771 1933 etiam
2818 1876 2885 1931 ad
2925 1875 3238 1939 videndum,
3273 1877 3528 1944 quoniam
3576 1873 3848 1928 dissimilis
3884 1863 3935 1944 sui

2407 1949 2527 2026 aliis
2573 1969 2683 2024 vita
2726 1968 2889 2029 illius,
2922 1975 2978 2021 et
3020 1953 3318 2021 immutatae
3359 1978 3482 2020 sunt
3528 1965 3634 2018 viae
3676 1964 3799 2029 ejus.
3830 1962 3930 2013 Τιἰιι

2406 2077 2567 2132 quam
2614 2074 2854 2130 nugaces
2887 2058 3138 2113 restimati
3186 2073 3376 2112 sumus
3415 2058 3481 2111 ab
3523 2056 3641 2118 illo,
3669 2067 3723 2109 et
3753 2057 3935 2136 abstinet;

2409 2169 2470 2209 se
2493 2169 2525 2208 a
2551 2152 2651 2208 viis
2672 2152 2891 2217 nostris,
2915 2161 3167 2219 tanquam
3194 2150 3262 2203 ab
3286 2148 3673 2209 immunditiis,
3698 2157 3748 2198 et
3769 2139 3935 2218 pra'lr'h

2412 2246 2707 2301 novissima
2742 2245 3034 2314 jnstorum,
3066 2254 3121 2298 et
3151 2242 3414 2312 gloriatur
3445 2240 3665 2294 Patrem
3701 2254 3755 2292 se
3785 2227 3935 2314 habere

2412 2336 2604 2392 Deum.
2637 2336 2929 2390 Videamus
2961 2349 3090 2404 ergo
3120 2335 3169 2388 si
3197 2346 3484 2389 sermones
3521 2331 3670 2383 illius
3707 2329 3803 2382 veri
3833 2325 3935 2400 sine;

2412 2443 2465 2484 et
2506 2438 2778 2483 tentemus
2817 2441 2938 2493 qua:
2974 2436 3199 2481 ventura
3243 2433 3373 2481 sunt
3415 2424 3516 2478 illi.
3550 2420 3850 2478 Contumelia
3884 2425 3935 2466 et

2415 2529 2685 2576 tormento
2734 2521 3130 2588 interrogemus
3170 2532 3315 2578 eum,
3350 2525 3408 2570 ut
3449 2506 3691 2570 sciamus
3733 2507 3935 2565 ruerem

2415 2610 2544 2664 tiam
2576 2610 2715 2680 ejus,
2742 2614 2794 2663 ct
2819 2611 3105 2677 probemus
3127 2608 3446 2677 patientiam
3478 2606 3644 2659 illius.
3670 2603 3820 2657 Morte
3843 2610 3920 2649 lur-

3320 2714 3335 2752 :
3379 2699 3485 2752 erit
3522 2699 3669 2752 enim
3712 2703 3926 2762 respects

2416 2810 2482 2849 ex
2516 2792 2857 2848 sermonibus
2893 2787 3055 2845 illius.
3089 2780 3216 2844 Hzrc
3250 2791 3654 2859 cogitaverunt,
3682 2797 3732 2841 et
3763 2795 3935 2854 errare-3

2419 2894 2544 2940 runt
2581 2883 2920 2956 :exctecavit
2954 2882 3095 2936 enim
3143 2881 3258 2936 illos
3299 2881 3504 2934 malitia
3548 2893 3750 2934 eorum.
3783 2876 3836 2927 Et
3863 2887 3935 2956 ne-t

2419 2975 2664 3030 scierunt
2693 2983 3034 3031 sacramenta
3069 2972 3191 3038 Dei,
3221 2987 3393 3041 neque
3428 2970 3815 3039 jmlicavemlll.
3841 2977 3927 3029 QN

2421 3075 2475 3121 tu
2509 3081 2568 3122 es
2597 3064 2739 3120 Deus
2773 3063 2940 3127 solus,
2967 3061 3060 3132 qui
3088 3063 3211 3115 vitae
3243 3073 3298 3116 et
3329 3062 3521 3115 mortis
3555 3054 3713 3112 babes
3742 3057 3935 3132 potesn-t

2422 3167 2528 3213 tem
2566 3173 2581 3212 :
2619 3165 2673 3212 et
2705 3155 2879 3210 salvas
2913 3155 2966 3208 in
3004 3163 3244 3223 tempore
3279 3152 3663 3214 tribulationis,
3692 3157 3744 3202 et
3772 3139 3935 3218 liberasl

2422 3248 2491 3304 ab
2519 3247 2670 3302 omni
2703 3245 2846 3300 malo
2881 3264 2895 3302 :
2930 3233 3182 3313 quoniam
3217 3244 3339 3313 pius
3367 3251 3421 3297 et
3455 3239 3776 3301 misericors,
3799 3248 3841 3288 et
3866 3231 3935 3306 dati

2423 3340 2654 3410 gratiam
2696 3339 2902 3393 sanctis
2945 3337 3073 3401 tuis,
3100 3345 3154 3391 et
3184 3337 3236 3389 in
3273 3333 3498 3389 brachio
3533 3342 3625 3386 tuo
3658 3329 3842 3384 resistis
3866 3340 3935 3410 su-t

2423 3429 2608 3498 perbis
2628 3428 2691 3482 ιδ.
2726 3446 2746 3479 ›
3934 3473 3935 3484 χ

2495 3520 2562 3574 Ει
2585 3536 2680 3590 per
2703 3512 2992 3574 Jerentiam
3022 3517 3270 3572 Christus
3297 3515 3538 3586 praedicit
3567 3530 3583 3568 :
3619 3530 3646 3565 r
3673 3513 3772 3582 Ego
3791 3517 3935 3570 autem;

2424 3613 2563 3668 sicut
2594 3627 2765 3681 agnus
2799 3612 3080 3672 innocens,
3108 3609 3300 3661 ductus
3341 3607 3406 3659 ad
3447 3604 3830 3662 immolandum,
3855 3599 3935 3648 non;

2426 3703 2815 3771 cognoscebam
2837 3718 2876 3759 ,ε
2921 3699 3048 3769 quia
3084 3699 3468 3777 cogitaverunt
3509 3710 3674 3766 super
3714 3706 3790 3748 me
3822 3687 3935 3772 00F";

2431 3790 2690 3851 tationem
2736 3794 2959 3857 malam,
3003 3792 3242 3846 dicentes
3294 3805 3310 3844 :
3356 3787 3576 3852 Venite,
3619 3799 3674 3842 et
3715 3777 3935 3844 mittamus?

2427 3890 2627 3959 lignum
2670 3886 2723 3940 in
2765 3899 2959 3956 panem
2987 3883 3127 3953 ejus,
3156 3891 3211 3936 et
3243 3861 3534 3935 eradamus
3575 3894 3696 3934 eum
3735 3877 3792 3930 de
3825 3867 3935 3960 terra;

2425 3977 2759 4041 viventium,
2807 3984 2860 4030 et
2909 3988 3107 4028 nomen
3159 3973 3276 4042 ejus
3310 3972 3435 4026 non
3491 3979 3802 4025 memoretur
3841 3977 3935 4034 amy

2429 4068 2655 4141 plius".
2694 4085 2713 4119 ι
2745 4095 2816 4108 -ι-
2848 4085 2866 4117 ς
2905 4065 3132 4134 Lignum
3164 4085 3182 4118 ι
3219 4065 3485 4135 Propheta
3521 4061 3744 4132 appellat
3767 4053 3935 4116 vitalem

2429 4175 2679 4228 crucem;
2722 4180 2739 4212 ι
2783 4174 2998 4229 panem,
3035 4179 3054 4211 ι
3105 4159 3402 4224 Christum,
3433 4157 3508 4211 uti
3553 4155 3620 4211 de
3656 4170 3711 4210 se
3743 4143 3935 4224 Chr'etusl

2429 4252 2717 4308 conﬁrmat
2761 4272 2775 4308 :
2829 4271 2848 4304 ι
2902 4253 3014 4321 Ego
3061 4265 3179 4306 sum
3221 4250 3376 4319 panis
3415 4249 3595 4312 vivus,
3623 4246 3710 4318 qui
3748 4242 3804 4298 de
3835 4231 3935 4314 εωῐοξ

2431 4344 2682 4400 descendi
2705 4343 2771 4396 “.
2811 4360 2830 4393 ι

3917 90 3935 1218 ᾧ

3917 1250 3927 1264 ’

3919 1381 3935 1454 .ἷ

3917 1519 3935 1564 ει

3917 1617 3919 1623 τ
3934 1581 3935 1636 1

3934 1639 3935 1668 l

3917 1677 3935 1766 εἰ

3922 1783 3935 1856 ί(

3923 1873 3935 2002 i

3923 2057 3935 2104 ιι

3922 2131 3935 2196 εἰ

767 4424 831 4476 ad
863 4422 1066 4492 frugem
1099 4423 1354 4493 suscipite
1384 4422 1618 4477 divinam
1651 4423 1990 4489 doctrinam;
2026 4425 2102 4477 ait
2129 4425 2276 4479 enim
2309 4443 2324 4481 :
2359 4430 2407 4490 ο
2505 4432 2676 4487 David
2710 4447 2928 4502 quoque
2957 4433 3023 4487 de
3056 4430 3282 4495 insanis,
3312 4438 3368 4484 οι
3395 4429 3638 4498 pessimo
3665 4423 3851 4482 consilio
3870 4418 3922 4465 in-

773 4530 793 4563 ι
831 4512 895 4565 Et
922 4514 1204 4583 disciplina
1242 4525 1331 4569 tua
1364 4514 1598 4568 correxit
1630 4527 1715 4568 me
1749 4514 1802 4568 in
1832 4513 1992 4567 ﬁnem
2032 4531 2046 4569 :
2083 4525 2138 4570 et
2168 4517 2331 4572 disci-

765 4604 910 4673 plina
945 4614 1035 4657 tua
1069 4619 1156 4658 me
1191 4605 1495 4658 docebit'n
1537 4604 1602 4658 Et
1630 4612 1843 4659 rursum
1879 4603 2020 4658 LXX
2053 4623 2066 4660 :
2100 4624 2117 4657 ι
2158 4607 2329 4662 Disci-

772 4693 918 4764 plina
949 4693 1162 4748 Domini
1197 4694 1369 4761 aperit
1399 4709 1556 4749 aures
1587 4694 1803 4760 meas";
1846 4717 1864 4745 ι
1901 4704 2063 4763 atque
2092 4681 2282 4751 iterum
2314 4716 2329 4752 :

773 4805 792 4838 ι
842 4786 1128 4854 Castigans
1169 4784 1448 4852 castigavit
1490 4797 1573 4837 me
1614 4783 1895 4852 Dominus,
1926 4796 1980 4842 et
2020 4789 2180 4841 morti
2223 4803 2330 4843 non

775 4877 1109 4930 tradidit'me
1125 4875 1168 4930 '.
1204 4892 1223 4927 ι
1253 4904 1323 4914 -
1359 4891 1376 4924 ι
1406 4870 1485 4927 Ne
1519 4874 1732 4940 quando
1763 4875 2026 4930 irascatur
2051 4877 2332 4943 Dominus,

770 4977 825 5020 et
858 4970 1086 5036 pereatis
1120 4969 1186 5021 de
1217 4966 1297 5019 via
1330 4965 1472 5033 justa
1494 4965 1618 5015 ¹⁰.·›
1661 4963 1794 5018 Iram
1829 4966 2056 5042 appellat
2095 4983 2341 5025 remune-

771 5056 996 5110 rationis
1035 5059 1218 5124 diem;
1261 5056 1437 5124 perire
1464 5055 1528 5108 de
1569 5055 1648 5108 via
1686 5056 1850 5123 justa,
1879 5057 2130 5115 excidere
2170 5070 2253 5115 est
2281 5076 2344 5117 ac

777 5147 1026 5200 frustrari
1093 5149 1277 5202 dextra
1343 5145 1541 5213 judicis
1607 5147 1952 5215 assistentia,
2003 5166 2105 5220 qua
2170 5163 2345 5217 sancti

774 5251 963 5291 omnes
999 5251 1058 5290 ac
1088 5237 1215 5305 justi
1252 5241 1518 5293 fruentur.
1554 5243 1579 5287 ι’
1613 5238 1747 5292 Cum
1793 5236 2056 5297 exarserit
2095 5244 2149 5298 in
2188 5244 2338 5300 brevi

773 5326 853 5380 ira
907 5325 1112 5394 ejus“.
1168 5345 1185 5378 ι
1244 5329 1594 5399 cheutinam
1647 5329 1936 5385 vindictam
1986 5349 2049 5391 ac
2099 5333 2334 5393 furorem

834 5483 854 5512 ¹
884 5482 1123 5557 ΡεθιᾏΠ,
1153 5481 1328 5557 7,_8._
1370 5486 1390 5518 ³
1421 5488 1580 5543 Joan.
1609 5506 1666 5557 x,
1699 5490 1790 5557 14,
1826 5490 1911 5545 15.

765 5553 783 5584 ⁸
811 5552 912 5615 Ιεθ,
945 5568 997 5616 ι,
1029 5552 1082 5607 5.
1161 5554 1181 5585 ⁹
1211 5552 1354 5608 Psal.
1385 5573 1525 5612 cxvn
1574 5559 1626 5613 8.

766 5623 954 5694 [9.722;
987 5622 1152 5678 Eccll.
1185 5639 1246 5690 It,
1280 5626 1362 5694 15,
1393 5630 1476 5683 11.

768 5690 809 5720 "
835 5691 937 5745 lsa.
963 5706 1131 5755 xum,
1162 5694 1244 5751 15.

1707 5562 1749 5592 ¹⁶
1781 5561 1923 5618 Psal.
1957 5577 2012 5622 ll,
2051 5561 2135 5615 12.

1515 5643 1519 5646 '
1554 5629 1595 5661 ¹⁸
1623 5628 1823 5687 Jcrcm.
1856 5648 1927 5699 XI,
1957 5632 2045 5698 l9,
2074 5633 2164 5688 20.

1988 5490 2010 5522 ⁸
2042 5490 2183 5548 Psal.
2216 5512 2278 5558 ll,
2314 5498 2402 5552 l0.
2499 5502 2518 5530 '

1988 5577 2012 5622 I,
2051 5561 2135 5615 12.
2215 5566 2258 5596 ¹¹
2292 5566 2420 5621 ibid.
2450 5570 2532 5624 15.

2269 5637 2310 5668 ’⁸
2338 5636 2496 5692 Joan.
2530 5656 2603 5705 vr,
2634 5640 2723 5694 41.

2434 4526 2659 4582 structis
2693 4525 2770 4579 ait
2801 4539 2818 4579 :
2860 4542 2878 4575 ι
2919 4521 3174 4579 Fructum
3206 4539 3397 4580 eorum
3427 4526 3494 4578 de
3529 4530 3673 4576 terra
3705 4518 3870 4588 perdes.
3891 4516 3935 4600 et:

2435 4631 2622 4671 semen
2665 4628 2853 4669 eorum
2889 4629 2918 4668 a
2956 4613 3082 4669 filiis
3116 4614 3394 4669 hominum
3433 4629 3449 4666 :
3479 4612 3728 4682 quoniam
3757 4602 3935 4659 declina-1

2433 4713 2628 4758 verunt
2661 4704 2714 4758 in
2763 4713 2812 4759 te
2852 4704 3015 4770 mala,
3048 4705 3421 4774 cogitaVerunt
3457 4702 3703 4766 consilia,
3730 4708 3824 4766 quae
3854 4697 3935 4754 Wi

2434 4802 2727 4862 potuerunt
2754 4797 2995 4851 stabilire
3024 4814 3038 4852 :
3069 4796 3322 4866 quoniam
3353 4810 3518 4865 pones
3542 4809 3634 4849 eos
3666 4794 3865 4846 dorsum;
3890 4777 3935 4826 int

2441 4886 2681 4956 rcllquiis
2709 4887 2819 4942 tuis
2851 4887 3180 4958 praeparahis
3207 4885 3406 4940 vultum
3439 4900 3622 4941 eorum
3649 4883 3710 4944 ",
3747 4897 3762 4930 ι
3795 4876 3833 4928 id
3856 4877 3935 4944 θείη

2444 4977 2495 5030 in
2536 4993 2800 5047 Perennes
2833 4990 2994 5048 atque
3026 4979 3343 5032 interminos
3376 4977 3648 5032 cruciatus
3675 4964 3935 5027 abeuntium!

2439 5065 2745 5124 Iob‘etiam
2802 5087 2814 5124 :
2869 5088 2887 5119 ι
2942 5070 3082 5124 Dens
3130 5070 3323 5140 impios
3365 5084 3472 5124 non
3515 5067 3704 5126 salvat,
3736 5080 3752 5113 ι
3791 5054 3918 5110 LXX:

2449 5177 2468 5211 t
2510 5174 2574 5214 eo
2609 5161 2748 5228 quod
2788 5148 3075 5214 noluerunt
3116 5161 3256 5215 scire
3298 5157 3672 5214 Dominum".
3705 5172 3723 5206 ι
3766 5146 3884 5204 Isaias
3915 5152 3935 5206 εξ

2451 5267 2468 5300 c
2517 5249 2718 5303 Vanum
2787 5260 2869 5305 est
2929 5250 3209 5304 consilium
3282 5259 3496 5322 patrum
3560 5237 3935 5322 vestrorum"-'l

2448 5341 2590 5396 idem
2627 5356 2840 5396 rursum
2875 5359 2889 5394 :
2927 5360 2947 5394 ι
2980 5341 3071 5398 Va
3116 5343 3206 5397 ﬁlii
3237 5342 3565 5408 desertores,
3588 5340 3715 5396 dicit
3742 5330 3935 5408 Domina-at

2499 5502 2518 5530 '
2555 5499 2741 5553 Matth.
2771 5515 2866 5564 vn,
2895 5503 2947 5556 1.
3049 5501 3072 5534 ⁸
3101 5500 3241 5557 Psal.
3274 5516 3335 5562 ti,
3372 5498 3456 5553 η.
3531 5499 3551 5531 ⁷
3580 5498 3715 5555 Psal.
3745 5507 3843 5547 xvu.
3865 5483 3935 5560 at;

2613 5571 2654 5600 ιι
2686 5569 2875 5624 Matth.
2908 5585 3035 5632 xxv.
3067 5569 3156 5625 sa.
3234 5569 3276 5603 ιι
3305 5569 3447 5623 Psal.
3479 5569 3646 5631 ints.
3715 5564 3859 5621 "St-tt.
3885 5566 3935 5632 ⁵1πὲ

2830 5641 2871 5670 ⁸⁷
2901 5625 3041 5694 ιἐςιὶξ
3072 5655 3162 5706 xx,
3201 5641 3285 5705 ll,
3317 5637 3402 5697 12.
3507 5625 3550 5672 ’δ
3579 5639 3678 5693 Job
3724 5642 3866 5688 xu".
3890 5625 3935 5706 θοῇ
