3956 6324
95 285 213 346 931
1002 310 1005 312 ·
1155 290 1538 352 DIALOGUS
1565 291 1867 353 CONTRA
1909 295 2242 355 JUD/EOS-
3265 307 3375 369 Qua

100 408 176 450 ut
205 396 462 451 faceretis
488 398 798 464 consilium,
828 407 882 454 ct
911 414 1011 454 non
1046 416 1108 454 ex
1142 416 1226 453 me
1257 418 1270 453 :
1303 412 1357 455 et
1385 402 1697 455 ordiremiui
1728 403 1776 462 A
1809 421 1825 451 ι
1872 402 2018 456 Muta
2059 407 2186 457 liant
2232 406 2371 459 labia
2414 408 2618 474 dolosa,
2650 423 2770 479 quzc
2801 408 3091 478 loquuntur
3121 415 3376 470 adversus

103 486 312 551 telam,
341 498 398 542 et
431 503 536 541 non
574 503 668 557 per
703 485 962 556 Spiritum
999 506 1174 544 meum
1191 491 1255 543 ’°.
1297 509 1316 543 ι
1358 490 1649 571 Zacharias
1683 509 1696 545 :
1800 493 2001 559 justum
2037 495 2372 573 iniquitatem
2396 498 2460 552 ³³.
2499 517 2516 548 ι
2554 502 2788 554 Rursum
2819 502 2963 554 velut
2993 517 3022 554 a
3052 518 3279 572 corpore
3308 509 3374 560 ad

106 595 128 625 ‹
180 575 313 631 limo
341 577 474 632 dicit
505 575 759 630 Dominus
790 594 804 629 :
837 576 950 647 Ego
986 593 1088 633 non
1126 595 1341 650 parcam
1368 581 1504 634 ultra
1540 596 1703 649 super
1803 585 2135 640 divinitatem
2175 604 2188 640 :
2235 606 2254 638 ε
2296 587 2591 645 Exsultatio
2622 608 2762 660 mea,
2809 609 2939 648 erue
2970 609 3055 647 tne
3082 609 3111 646 a
3141 595 3377 649 circum-

96 667 432 723 habitantes
487 677 689 721 terram
747 683 762 724 :
817 683 942 723 ecce
999 681 1101 740 ego
1156 675 1365 739 tradam
1419 674 1700 742 homines,
1805 676 2052 731 dantibus
2083 693 2169 732 me
2191 678 2258 733 ³⁸.
2295 697 2314 730 ι
2350 679 2414 732 Et
2443 681 2684 735 invectus
2714 683 2764 736 in
2801 685 3138 753 Synagogzun
3175 685 3375 742 Christi

99 772 562 828 unumquemque
611 758 664 811 in
710 773 870 812 manu
918 763 1148 830 proximi
1197 763 1302 826 sui,
1345 774 1398 817 et
1442 764 1493 818 in
1537 780 1698 819 manu
1805 779 1937 818 nece
1996 765 2252 821 infamem
2311 786 2324 822 :
2387 788 2406 820 ‹
2468 771 2879 826 Confundantur
2927 785 2981 829 et
3034 787 3377 831 revertantur

99 851 267 919 regis
295 849 376 903 sui
412 866 426 903 :
460 857 515 903 et
547 839 834 904 concident
862 865 973 914 eos,
1005 862 1056 904 ct
1083 867 1188 905 non
1216 868 1398 908 eruam
1437 856 1503 908 de
1537 871 1699 911 manu
1805 857 1965 912 simul
2013 859 2102 927 qui
2150 872 2400 929 qumrunt
2441 862 2676 916 animam
2723 880 2895 918 meam
2945 884 2958 920 :
2995 879 3377 921 corm-rtantur

99 955 316 994 eorum
349 957 362 993 :
389 950 443 996 et
472 957 690 1010 pascam
725 957 853 995 oves
886 943 1173 998 occisionis
1207 945 1257 998 itt
1289 945 1699 1004 Cbanaauitide.
1806 961 2103 1006 retrorsum
2133 964 2187 1008 et
2216 969 2568 1012 revereantur
2596 957 2683 1027 qui
2714 958 2899 1011 volunt
2931 960 3059 1012 mihi
3093 961 3229 1013 mala
3251 963 3315 1015 ".
3350 981 3367 1011 ι

106 1030 191 1084 Et
227 1045 505 1087 assumam
542 1032 672 1086 mihi
705 1033 838 1088 duas
863 1033 1044 1104 virgas
1081 1055 1095 1091 :
1129 1053 1290 1091 uuam
1319 1040 1503 1093 vocavi
1537 1040 1701 1094 Deco-
1802 1044 1859 1099 ln
1901 1043 2070 1102 falsos
2114 1063 2328 1118 quoque
2374 1059 2538 1106 testes
2581 1054 2692 1104 lucc
2739 1052 3053 1118 pronuntiat
3099 1070 3112 1105 :
3166 1071 3183 1102 ε
3239 1052 3374 1106 Sur-

100 1137 238 1175 rem
293 1142 306 1176 :
359 1132 412 1177 et
455 1123 682 1177 alterum
731 1126 918 1179 vocavi
976 1125 1318 1186 Funiculum.
1367 1131 1431 1185 Et
1482 1145 1699 1202 pascam

100 1228 274 1268 oves.
309 1215 374 1269 Et
421 1216 661 1269 auferam
712 1226 820 1300 tres
862 1231 1112 1288 pastores
1153 1223 1205 1277 in
1245 1238 1430 1279 mense
1470 1240 1607 1291 uno;
1647 1235 1703 1281 ct

116 1307 471 1376 ingravescet
520 1309 700 1364 anima
749 1326 867 1368 mea
919 1329 1083 1385 super
1132 1332 1227 1381 eos
1279 1335 1294 1371 :
1341 1317 1602 1388 siquidem
1646 1329 1702 1374 ct

106 1400 319 1453 animae
344 1415 530 1455 eorum
565 1405 844 1475 rugiebaut
869 1421 1032 1474 super
1061 1410 1232 1463 me“.
1268 1427 1286 1460 ι

693 1495 923 1551 CAPUT
961 1496 1119 1553 LV".

109 1579 372 1638 I’salmus
409 1600 497 1640 XXI
523 1585 587 1639 de
621 1586 821 1642 Christi
847 1605 1074 1658 persona
1099 1591 1361 1662 eleganter
1382 1594 1711 1664 explicatur;

193 1672 364 1728 David
409 1693 423 1728 :
467 1694 486 1726 ι
522 1677 1012 1734 Circumdcderunt
1045 1697 1130 1736 me
1159 1684 1310 1737 vituli
1349 1686 1523 1752 multi,
1557 1688 1694 1741 tauri

109 1765 352 1834 pingues
391 1766 716 1824 obsederunt
762 1769 926 1836 me".
971 1790 989 1823 ι
1041 1772 1104 1826 Et
1150 1791 1361 1830 rursum
1415 1795 1427 1831 :
1480 1795 1498 1829 t
1552 1778 1695 1834 Dixit

109 1857 386 1925 insipiens
419 1861 472 1912 in
499 1859 662 1915 corde
681 1875 812 1927 suo,
836 1861 952 1918 Non
983 1876 1064 1918 est
1092 1864 1265 1922 Deus:
1305 1873 1540 1938 corrupti
1570 1879 1696 1924 sunt

106 1961 169 2004 et
206 1951 602 2008 abominabiles
638 1953 764 2010 facti
801 1966 926 2010 sunt
968 1957 1020 2011 in
1065 1960 1259 2014 studiis
1299 1960 1410 2015 suis
1452 1978 1468 2016 :
1507 1976 1694 2019 omnes

105 2041 547 2111 declinaverunt,
585 2046 746 2100 simul
799 2040 1020 2104 inutiles
1067 2050 1194 2105 facti
1245 2062 1402 2117 sunt;
1454 2069 1562 2109 non
1612 2064 1696 2110 est

103 2134 203 2202 qui
244 2132 412 2190 faciat
446 2137 666 2202 bonum,
694 2155 800 2194 non
841 2150 924 2196 est
961 2133 1132 2212 usque
1169 2146 1236 2200 ad
1282 2161 1444 2200 unum
1463 2148 1530 2202 ".
1565 2166 1583 2200 ι
1627 2148 1693 2205 Et

103 2225 318 2280 iterum
354 2243 369 2281 :
409 2247 427 2279 ι
459 2227 670 2286 Inimici
699 2232 804 2287 tnei
834 2235 1072 2290 animam
1109 2217 1284 2291 meain
1320 2240 1692 2297 circumdede-

106 2327 245 2372 runt
281 2336 296 2373 :
338 2320 550 2390 adipem
587 2339 743 2379 suum
781 2327 1189 2394 concluserunt,
1225 2345 1287 2386 os
1322 2345 1508 2388 eorum
1545 2334 1692 2389 locu-

106 2418 231 2464 tum
268 2421 355 2467 est
393 2415 722 2483 superbiam.
756 2417 1114 2488 Projicientes
1155 2436 1240 2476 me
1271 2437 1417 2478 nunc
1453 2423 1690 2480 circum-

111 2502 394 2558 dederunt
429 2519 548 2571 me;
593 2507 776 2562 oculos
812 2524 938 2565 suos
976 2521 1282 2572 statuerunt
1317 2514 1590 2572 declinare
1634 2516 1687 2573 in

106 2602 343 2650 terram.
370 2596 740 2669 Susceperunt
771 2615 858 2657 me
887 2601 1029 2658 sicut
1065 2603 1150 2660 leo
1187 2614 1409 2675 paratus
1446 2609 1512 2662 ad
1551 2624 1689 2678 prat-

105 2686 269 2753 dam,
293 2697 350 2742 et
377 2690 516 2744 sicut
544 2692 756 2749 catulus
790 2695 961 2752 leonis
992 2696 1245 2756 habitans
1271 2699 1324 2755 in
1348 2700 1548 2757 abditis
1563 2701 1629 2759 “.
1659 2721 1680 2758 ι

108 2776 183 2830 Ει
216 2779 379 2847 paulo
416 2791 534 2851 post
571 2799 585 2838 :
623 2801 642 2834 t
677 2780 921 2840 Saturati
959 2797 1087 2842 sunt
1115 2787 1261 2856 ill-iis,
1289 2800 1344 2846 et
1373 2792 1690 2851 dimiserunt

105 2869 376 2944 reliquias
434 2888 563 2930 suas
628 2875 866 2947 parvulis
918 2880 1033 2935 suis
1059 2881 1124 2935 ³⁵.
1180 2899 1202 2935 υ
1259 2883 1434 2954 Atque
1483 2885 1609 2942 alibi
1668 2906 1684 2944 :

109 2976 131 3009 ε
175 2960 522 3032 Aperueruttt
549 2979 712 3036 super
746 2981 833 3023 me
867 2984 929 3024 os
964 2986 1141 3039 suum,
1175 2973 1317 3029 sicut
1346 2974 1434 3030 leo
1463 2978 1686 3048 rapiens

106 3060 166 3105 et
208 3053 432 3136 rugiens
449 3056 517 3110 “.
552 3075 571 3109 ι
621 3056 765 3115 idem
810 3075 877 3116 ex
915 3060 1076 3118 Pilati
1122 3053 1353 3141 persona
1400 3084 1415 3122 :

106 3142 413 3201 Ecclesiam
464 3149 905 3220 malignantium,
952 3163 1006 3209 et
1045 3170 1169 3212 cum
1214 3157 1394 3231 impiis
1442 3175 1546 3217 non
1587 3178 1689 3219 se-

103 3234 267 3290 debo.
304 3235 518 3292 Lavabo
555 3241 695 3296 inter
754 3251 1010 3301 nocentes
1069 3263 1257 3304 manus
1295 3265 1443 3308 meas
1458 3253 1527 3307 ⁸⁷.
1557 3271 1577 3306 ο
1621 3254 1685 3310 Et

103 3326 176 3381 de
216 3327 568 3397 pontiﬁcibus
610 3349 626 3388 :
675 3350 694 3384 ι
733 3332 791 3390 lu
833 3349 1062 3405 quorum
1097 3341 1347 3398 manibus
1377 3342 1688 3413 iniquitates

102 3428 264 3488 sunt,
316 3420 507 3476 dextra
560 3436 751 3480 eorum
815 3427 1014 3498 repleta
1067 3440 1150 3486 est
1203 3435 1602 3492 muneribus".
1661 3455 1682 3490 ι

104 3511 306 3566 lterum
351 3523 605 3583 tanquam
646 3531 776 3572 voce
812 3520 991 3575 carnis
1029 3539 1044 3576 :
1092 3541 1112 3575 ι
1154 3522 1233 3577 Ne
1274 3527 1560 3582 tradideris
1601 3542 1686 3583 me

104 3603 159 3656 in
191 3604 410 3661 animas
438 3606 812 3663 tribulantium
846 3625 955 3677 me,
983 3615 1237 3681 quoniam
1273 3616 1684 3672 insurrexerunt

101 3697 155 3748 in
194 3712 285 3751 me
315 3707 482 3752 testes
522 3699 776 3770 iniqui".
815 3719 834 3752 ι
884 3703 952 3757 Et
987 3705 1052 3759 de
1091 3705 1374 3762 Pharisazis
1409 3709 1682 3765 Christum

99 3798 302 3853 capere
351 3789 670 3843 conantibus
718 3808 731 3844 :
788 3809 806 3842 ι
849 3791 950 3858 Qui
993 3793 1286 3861 loquuntur
1328 3813 1514 3867 pacem
1559 3815 1682 3855 curn

98 3875 353 3942 proximo
396 3893 520 3945 suo,
551 3879 688 3934 mala
731 3892 913 3936 autem
967 3883 1020 3937 in
1067 3885 1321 3942 cordibus
1363 3905 1573 3945 eorum.
1606 3890 1680 3946 Da

98 3964 236 4032 illis,
259 3965 506 4033 Domine,
529 3971 820 4026 secundum
863 3989 1023 4042 opera
1061 3981 1275 4046 eorum;
1307 3989 1361 4034 et
1390 3983 1680 4039 secundum

96 4057 401 4125 nequitiam
428 4060 868 4122 adinventionum
893 4069 1129 4138 ipsorum
1157 4089 1171 4127 :
1197 4075 1491 4129 secundum
1517 4090 1679 4145 opera

103 4163 369 4203 manuum
419 4166 603 4208 eorum
650 4155 827 4212 tribue
876 4158 1012 4224 illis,
1059 4161 1220 4215 redde
1267 4165 1676 4221 retributionem

95 4254 292 4295 eorum
347 4240 477 4310 ipsis
533 4259 548 4296 :
602 4246 852 4313 quoniam
912 4263 1016 4303 non
1071 4249 1450 4309 intellexerunt
1515 4271 1678 4325 opera

97 4329 338 4394 Domini,
366 4339 420 4384 et
446 4331 500 4386 in
529 4333 786 4402 operibus
817 4351 1074 4393 manuum
1118 4340 1317 4410 ejus".
1352 4363 1371 4397 ι
1410 4344 1501 4400 Dei
1535 4347 1675 4404 facta

1723 1732 1771 1792 B

1803 1151 1994 1210 gentes
2032 1154 2199 1199 testes
2239 1146 2430 1213 iniqui.
2464 1162 2580 1214 qua:
2618 1145 2927 1215 ignorabam
2968 1147 3375 1214 interrogabant

1805 1248 1924 1298 me;
1960 1236 2333 1290 retribuehant
2365 1238 2494 1290 tttihi
2533 1238 2669 1292 mala
2701 1252 2795 1304 pro
2827 1237 3007 1299 bonis,
3033 1238 3370 1314 sterilitatem

1803 1325 2001 1380 anima:
2033 1328 2247 1382 meas“.
2288 1347 2305 1379 ι
2346 1329 2407 1381 Et
2439 1330 2627 1382 iterum
2672 1346 2683 1382 :
2730 1347 2747 1379 ‹
2791 1328 2902 1381 Non
2940 1329 3374 1395 supergaudcant

1783 1417 2086 1486 .mihi,'qui
2119 1419 2480 1473 adversantur
2509 1419 2635 1472 mihi
2668 1420 2868 1489 inique,
2898 1421 2988 1487 qui
3028 1420 3257 1472 oderunt
3289 1433 3373 1471 me

1803 1510 1991 1580 gratis,
2025 1519 2078 1563 et
2115 1521 2359 1563 annttuut
2400 1510 2571 1565 oculis
2620 1529 2633 1564 :
2682 1511 2933 1577 quoniam
2983 1509 3110 1562 tnihi
3153 1510 3366 1577 quidem

1803 1600 2029 1669 paciﬁce
2071 1600 2449 1670 loquebantur,
2483 1612 2537 1657 et
2577 1602 2627 1656 in
2669 1602 2947 1657 iracundia
2982 1601 3134 1656 dolos
3168 1603 3370 1672 cogita-

1803 1693 1931 1745 bant
1950 1692 2014 1745 ³⁷.
2048 1711 2066 1741 ι

1871 1784 1988 1838 Jam
2045 1785 2170 1839 illud
2220 1802 2328 1855 quo
2380 1785 2621 1842 referes?
2677 1804 2695 1838 ι
2750 1784 3075 1840 Considerat
3121 1793 3371 1855 peccator

1799 1875 2024 1946 justum,
2052 1884 2106 1931 et
2132 1877 2323 1946 quaerit
2354 1877 2678 1932 mortiﬁcare
2704 1890 2824 1931 eum
2856 1895 2869 1929 :
2897 1876 3154 1932 Dominus
3186 1885 3368 1929 autem

1805 1983 1911 2023 non
1939 1968 2280 2038 derelinquet
2306 1985 2428 2023 eum
2461 1971 2514 2024 in
2550 1970 2800 2024 manibus
2831 1969 2946 2036 eius
2975 1987 2990 2025 :
3017 1985 3118 2024 nec
3143 1970 3368 2022 damna-

1799 2061 1877 2117 bit
1905 2075 2053 2128 eum,
2082 2077 2203 2118 cum
2236 2060 2566 2132 iudicabitur
2593 2061 2664 2114 illi
2693 2062 2756 2112 ⁸⁸.
2794 2079 2812 2111 ι
2855 2060 3117 2132 Cancrum
3155 2059 3269 2113 hare
3302 2058 3370 2112 de

1798 2153 2020 2211 Christo
2059 2171 2075 2210 :
2121 2172 2139 2207 t
2173 2152 2566 2209 Benedicenles
2599 2153 2650 2206 ei
2689 2138 3076 2206 ltaareditahunt
3112 2161 3308 2204 terram
3350 2167 3365 2204 :

1799 2246 2188 2302 maledicentes
2215 2254 2394 2298 autem
2422 2243 2470 2298 ei
2500 2241 2925 2312 disperibuut”.
2964 2259 2981 2293 ›
3022 2241 3188 2294 Dictis
3220 2241 3369 2296 Isaac

1796 2343 2163 2391 consentanea
2213 2333 2424 2388 locutus
2470 2341 2558 2387 est
2595 2331 2786 2385 David.
2821 2330 2912 2385 Ille
2958 2331 3101 2402 enim
3153 2334 3366 2401 prospi-

1797 2430 1982 2496 ciens,
2026 2427 2168 2498 quod
2217 2441 2283 2482 ex
2333 2425 2502 2495 stirpe
2541 2423 2706 2480 Iacob
2750 2425 3081 2493 exspectatio
3129 2425 3365 2494 gentium

1795 2509 2050 2578 Christus
2079 2519 2318 2575 oriturus
2346 2527 2508 2584 esset,
2539 2518 2618 2573 sic
2653 2518 2911 2586 praescius
2944 2516 3121 2570 aiebat
3151 2534 3164 2569 :
3206 2535 3223 2568 t
3265 2516 3365 2582 Qui

1798 2612 2144 2669 maledixerit
2179 2611 2302 2678 tibi,
2332 2612 2405 2666 sit
2438 2610 2527 2665 ille
2565 2609 2882 2664 maledictus
2927 2627 2940 2660 :
2983 2618 3037 2660 et
3068 2608 3160 2676 qui
3202 2608 3368 2663 bene-

1796 2706 1997 2762 dixerit
2024 2704 2146 2769 tibi,
2173 2701 2637 2769 benedictionibus
2665 2698 3021 2768 repleatur“.
3055 2717 3074 2751 ι
3106 2698 3174 2752 At
3200 2698 3367 2753 David

1794 2805 1983 2852 noster
2019 2812 2034 2849 :
2085 2813 2104 2848 ι
2144 2794 2532 2850 Benedicentes
2571 2793 2623 2847 ei
2667 2789 3067 2845 haereditabunt
3106 2798 3302 2842 terram
3345 2829 3364 2856 ,

1795 2888 2183 2944 maledicentes
2231 2893 2414 2941 autem
2468 2885 2527 2950 ei
2569 2879 2992 2951 disperibunt“.
3050 2897 3070 2932 ι
3123 2879 3364 2947 Quorum

1793 2979 2082 3036 verborum
2122 2978 2237 3034 hac
2275 2975 2546 3041 sententia
2582 2983 2710 3029 est:
2747 2970 3205 3039 Quemadmodum
3249 2982 3363 3026 tum

1465 3088 1486 3123 s
1531 3069 1761 3150 0divic
1793 3072 1896 3130 soli
1929 3085 2000 3127 ex
2030 3067 2201 3126 Jacob
2242 3067 2378 3131 nati,
2412 3080 2521 3120 non
2553 3079 2683 3120 vero
2727 3065 2890 3120 etiam
2930 3077 2992 3116 ex
3033 3061 3198 3126 Esau,
3233 3078 3358 3132 pro-

1790 3162 2012 3217 missam
2049 3170 2248 3214 terram
2277 3157 2619 3226 occupabant
2655 3170 2670 3207 :
2707 3154 2778 3207 ita
2814 3167 2954 3207 nunc
2984 3166 3198 3221 quoque
3233 3152 3357 3215 soli,

1790 3252 1884 3323 qui
1924 3250 2145 3307 Christo
2189 3251 2328 3304 bene
2371 3249 2580 3312 volunt,
2609 3245 2811 3313 absque
2853 3243 2921 3297 iis
2961 3244 3050 3310 qui
3092 3243 3228 3297 male
3270 3258 3364 3296 vo-

1794 3343 1930 3408 lunt,
1963 3339 2240 3397 caelestem
2285 3353 2348 3392 ac
2389 3351 2679 3406 perennem
2723 3332 3143 3404 Hierosolymam
3191 3335 3364 3402 possi-

1825 3431 2015 3484 ebunt.

1825 3432 2015 3484 ebunt.
2296 3464 2300 3467 .

1789 3432 1820 3485 ὁ
1858 3519 2093 3575 Rursum
2129 3518 2296 3574 David
2343 3533 2359 3572 :
2410 3535 2430 3570 ι
2472 3515 2808 3586 Multiplicati
2842 3525 2969 3571 sunt
3004 3515 3092 3584 qui
3133 3516 3362 3568 oderunt

1794 3629 1881 3669 me
1917 3612 2121 3680 iniQue,
2148 3609 2241 3680 qui
2275 3609 2583 3666 retribuunt
2611 3609 2748 3663 mala
2780 3621 2876 3677 pro
2908 3608 3080 3672 bonis,
3111 3607 3361 3661 detrahe-

1794 3706 1920 3759 bant
1957 3703 2120 3770 mihi,
2153 3702 2408 3774 quoniam
2443 3701 2714 3770 sequebar
2747 3700 3038 3753 bonitatem
3059 3699 3137 3765 ⁸¹;
3180 3717 3198 3750 ι
3237 3714 3359 3764 qua:

1789 3812 1855 3853 ex
1894 3796 2168 3866 Unigettiti
2201 3795 2292 3850 Dei
2323 3793 2442 3850 Filii
2471 3807 2699 3863 persona
2725 3791 2878 3848 dicit.
2905 3789 3106 3848 Ibidem
3135 3809 3150 3848 :
3183 3810 3206 3846 ι
3238 3790 3355 3848 Vim

1788 3889 2078 3953 iaciebant,
2111 3889 2201 3957 qui
2244 3887 2556 3956 quaerebant
2601 3884 2835 3940 animam
2888 3900 3059 3939 meam
3106 3904 3121 3938 :
3168 3894 3220 3939 et
3265 3886 3355 3955 qui

1790 3981 2133 4050 inquirebant
2175 3977 2313 4032 mala
2369 3976 2542 4043 mihi,
2584 3975 2751 4031 locuti
2803 3984 2928 4032 sunt
2973 3976 3264 4044 vanitates,
3302 3988 3357 4034 ct

1792 4073 1944 4129 dolos
1994 4080 2102 4126 tota
2151 4071 2239 4125 die
2281 4071 2695 4125 meditabantur.
2727 4068 2838 4140 Ego
2880 4078 3056 4125 autem
3100 4079 3351 4140 tanquam

1781 4167 1982 4223 surdus
2015 4181 2123 4220 non
2160 4163 2473 4228 audiebam,
2501 4171 2555 4218 et
2584 4162 2725 4219 sicut
2756 4172 2936 4218 mutus
2970 4179 3074 4219 non
3107 4164 3355 4234 aperiens

1780 4275 1842 4315 os
1876 4271 2031 4314 suum
2069 4274 2084 4312 :
2120 4265 2170 4312 et
2207 4251 2381 4311 iactus
2414 4270 2534 4310 sum
2569 4255 2711 4310 sicut
2759 4255 2918 4310 homo
2961 4270 3065 4310 non
3106 4259 3355 4323 audiens,

1781 4361 1838 4406 et
1883 4366 1985 4404 non
2033 4348 2236 4402 habens
2282 4347 2336 4400 in
2382 4361 2474 4400 ore
2523 4359 2620 4399 suo
2666 4345 3073 4414 redargutiones
3095 4347 3161 4404 “.
3207 4364 3227 4399 ι
3273 4350 3353 4404 Ac

94 4428 148 4473 et
174 4433 350 4488 opera
381 4436 658 4491 manuum,
684 4436 844 4480 vocat
875 4427 1201 4487 incmtbilem
1234 4435 1300 4488 ad
1331 4451 1428 4492 nos
1451 4438 1680 4495 descen—
1706 4419 1758 4480 Ῐ)
1788 4443 1914 4498 talia
1965 4439 2181 4507 quidem
2231 4436 2301 4492 de
2360 4435 2572 4492 silentio
2626 4434 2828 4490 Christi
2878 4437 3132 4507 patientis
3183 4436 3352 4495 David

95 4527 247 4573 sum,
276 4521 332 4566 et
371 4513 519 4569 orbis
556 4521 1090 4593 terrarumsalutem
1129 4539 1193 4579 ex
1231 4527 1490 4585 immensa
1527 4533 1679 4586 boni-

95 4611 209 4658 tate
245 4603 521 4660 collatam.
551 4605 693 4662 ldem
726 4625 940 4667 rursum
973 4629 988 4668 :
1027 4633 1046 4666 ι
1080 4614 1251 4687 Super
1277 4634 1466 4676 omnes
1499 4623 1676 4678 inimi-

93 4709 188 4750 cos
234 4711 383 4749 meos
406 4694 601 4753 iactus
652 4714 770 4755 sum
814 4704 1186 4773 opprobrium,
1217 4720 1268 4764 et
1308 4711 1499 4768 vicinis
1543 4716 1677 4770 meis

94 4785 273 4847 valde,
293 4794 347 4839 et
377 4787 537 4844 timor
563 4789 709 4845 notis
735 4793 952 4850 meis“.
983 4814 1003 4848 ι
1036 4798 1172 4865 Quid
1198 4801 1291 4866 ita,
1316 4817 1348 4855 ο
1369 4801 1676 4874 Propheta?

99 4891 114 4923 ι
157 4875 431 4940 Quoniam
479 4877 657 4934 audivi
697 4880 1146 4951 vituperationem
1187 4893 1476 4948 multorum
1523 4911 1668 4950 com-

97 4968 426 5041 morantium
478 4969 535 5023 in
582 4972 814 5027 circuitu
865 4993 879 5029 :
931 4977 984 5032 in
1039 4995 1104 5035 eo
1153 4982 1276 5036 dum
1322 4989 1673 5044 convenirent

96 5057 285 5120 simul.
321 5062 568 5131 accipere
603 5063 842 5120 animam
880 5085 1055 5125 meam
1098 5076 1364 5131 eousiliati
1402 5082 1606 5133 sunt".
1644 5099 1663 5131 ι

162 5148 287 5201 Jam
320 5150 572 5218 injustam
601 5153 802 5210 Christi
835 5174 1042 5224 necem,
1068 5165 1192 5218 etei
1227 5165 1421 5220 frustra
1453 5183 1669 5239 compa-

97 5251 272 5294 ratam
311 5241 553 5300 l‘raudem
594 5249 950 5317 prospiciens,
991 5254 1180 5306 scribit
1217 5255 1266 5308 iu
1309 5257 1421 5312 haec
1459 5260 1616 5312 verba
1656 5280 1669 5314 :

1785 4531 2040 4605 prodidit.
2066 4528 2220 4584 Nunc
2253 4527 2636 4598 evangelistam
2666 4526 2946 4583 videamus
2984 4546 2998 4583 :
3044 4548 3062 4581 t
3101 4527 3166 4584 Et
3195 4527 3351 4586 Iesus

1788 4640 1909 4679 cum
1938 4628 2286 4677 accusaretur
2308 4633 2336 4672 a
2361 4618 2698 4688 principibus
2727 4619 3069 4675 sacerdotum
3097 4630 3151 4676 et
3174 4621 3352 4678 senio-

1779 4716 1961 4778 ribus,
1996 4712 2129 4766 nihil
2165 4711 2473 4780 respondit;
2511 4719 2571 4762 ut
2612 4710 2901 4764 miraretur
2932 4727 3129 4781 praeses
3164 4713 3332 4767 vehe-

1783 4814 2013 4861 menter.
2038 4801 2190 4858 Tunc
2219 4802 2350 4856 dicit
2377 4800 2454 4854 illi
2485 4800 2691 4855 Pilatus
2726 4818 2741 4856 :
2776 4800 2902 4856 Mihi
2935 4816 3039 4857 non
3076 4802 3346 4873 loqueris?

1781 4896 1934 4952 Jesus
1964 4906 2143 4950 autem
2182 4895 2392 4948 tacebat
2414 4892 2480 4948 “.
2519 4909 2537 4944 ι
2576 4891 2850 4951 Consonat
2881 4891 3067 4946 Davidi
3099 4901 3154 4948 et
3181 4892 3342 4948 lsaias

1781 4993 1834 5046 in
1884 4991 2020 5044 hanc
2068 4986 2390 5042 sententiam
2438 5003 2451 5038 :
2505 5003 2525 5035 ι
2579 4984 2699 5054 Ipse
2745 4993 2962 5053 propter
3002 4983 3340 5043 atllictiouem

1779 5094 1883 5133 non
1921 5077 2092 5146 aperit
2122 5089 2183 5130 os
2216 5089 2394 5129 suum.
2425 5071 2576 5127 Sic’ut
2606 5074 2721 5128 ovis
2753 5073 2818 5128 ad
2853 5074 3119 5128 victimam
3153 5075 3342 5129 ductus

1777 5179 1878 5230 cst,
1908 5181 1960 5221 et
1994 5166 2136 5221 sicut
2167 5179 2334 5235 agnus
2375 5179 2553 5218 coram
2594 5164 2846 5219 tondente
2879 5175 3089 5228 mutus,
3117 5166 3192 5218 sic
3233 5180 3337 5219 non

1778 5261 1950 5329 aperit
1991 5259 2137 5315 os".
2172 5276 2190 5309 ›
2242 5257 2382 5310 Idem
2433 5271 2643 5309 rursum
2689 5242 3018 5324 ett-persona
3060 5254 3234 5310 Patris
3273 5257 3341 5311 de

160 5453 211 5532 ξς
249 5451 351 5532 lsa.
386 5467 512 5532 ns,
652 5455 712 5532 1'
731 5456 969 5532 _Zuc_ltar.
998 5472 1081 5532 st,
1107 5457 1220 5532 6:8.
1299 5462 1343 5532 τ’
1372 5461 1508 5532 Psal.
1543 5477 1658 5528 xm,

1818 5462 1871 5532 "7
1896 5461 2025 5516 ibid.
2075 5480 2130 5532 tt,
2164 5464 2250 5518 13.
2359 5465 2404 5495 ³⁸
2436 5462 2577 5516 Psal.
2614 5479 2721 5527 xvt,
2754 5463 2904 5517 9-12.
3010 5463 3054 5494 "
3082 5461 3211 5517 ibid.
3247 5467 3329 5521 M-

95 5524 137 5554 "
160 5521 312 5591 Psal.
345 5536 458 5583 ut,
491 5523 573 5576 14.
651 5526 694 5555 ³⁷
728 5527 868 5579 Psal.
897 5542 1020 5591 xxv,
1053 5527 1106 5589 5,
1139 5528 1191 5582 6.

98 5593 184 5645 η.
265 5590 307 5621 ³³
341 5592 470 5644 ibid.
502 5593 589 5646 M.
664 5593 710 5625 ⁸³
737 5596 877 5648 PSaI.
911 5590 1038 5658 xxx,
1071 5599 1155 5651 19.

99 5663 137 5694 ⁸⁸
170 5659 321 5713 Psal.
358 5675 539 5720 xxxvi,
572 5662 660 5726 52,
692 5664 779 5717 53.
815 5724 823 5726 _
860 5667 901 5698 ³³
934 5668 1064 5720 ibid.
1095 5669 1184 5722 ‘22.

1268 5531 1314 5561 ’⁸
1348 5530 1473 5585 ibid.
1512 5532 1596 5586 10.

1676 5535 1718 5563 ’³
1753 5531 1897 5586 Psal.
1937 5549 1995 5594 It,
2034 5533 2085 5596 6,
2112 5531 2205 5588 Ἡ.

1233 5600 1276 5631 ³⁸
1311 5601 1448 5654 Psal.
1488 5618 1632 5665 XXXI,
1657 5605 1705 5657 i.

1262 5671 1307 5700 ⁸⁰
1338 5671 1470 5726 Cen.
1505 5689 1670 5736 \xvtt,
1697 5675 1786 5728 29.

2284 5534 2328 5564 ³ο
2356 5532 2500 5587 Psal.
2535 5549 2699 5598 uvn,
2730 5534 2784 5596 2,
2814 5533 2867 5586 4.
2899 5532 2998 5612 “’1
3020 5533 3331 5612 Psaltnxicv‘.

2443 5604 2508 5657 ³⁸.
2540 5604 2670 5656 ibid.
2706 5605 2794 5656 Η.
2898 5605 2938 5634 ³⁷
2968 5603 3090 5656 ibid.
3131 5603 3211 5663 19,
3240 5606 3327 5657 ‘20.

2443 5672 2490 5725 Ξ.
2594 5672 2810 5728 “Psal.
2865 5689 3068 5734 xxxv",
3120 5672 3208 5734 2i,
3240 5676 3327 5726 2:2.

2798 5713 2810 5726 ο
2866 5709 3068 5735 ΑΑ-ιῐιι,
3123 5709 3208 5734 Aul,
3244 5709 3327 5726 aur-io

1809 5604 1851 5632 ³⁵
1887 5602 2024 5656 Psal.
2077 5619 2259 5665 utttv,
2288 5603 2340 5656 5.

1889 5673 1930 5702 δ’
1965 5671 2106 5725 Psal.
2169 5689 2353 5739 xuw,
2402 5672 2490 5726 2‘2.

98 5733 136 5763 "
165 5730 304 5788 ibid.
341 5729 428 5799 13,
468 5732 550 5787 14.
626 5724 671 5765 θ’
702 5724 887 5790 Matth.
922 5752 1085 5803 xxvtt,
1120 5741 1204 5810 12,
1235 5743 1327 5808 M;
1363 5724 1524 5798 Marc.
1562 5724 1684 5808 xv,"

1811 5744 1855 5775 ⁸⁸
1882 5724 2133 5817 Ιδδκίιιι.
2163 5724 2213 5796 7.
