3956 6324
663 419 770 482 903
1827 412 2242 478 ANDRONICI
2270 412 2614 474 coenam
3776 414 3885 475 ,θοι
3923 360 3925 470 1

668 528 1011 585 immaculata
1055 531 1304 600 passione
1344 527 1462 595 ejus
1503 546 1516 581 :
1569 547 1584 578 t
1633 527 1769 581 Ecce
1811 526 2077 596 intelliget
2113 541 2246 596 puer
2274 531 2318 587 Α
2349 508 2527 584 esset;
2568 517 2887 587 ptenitentia
2927 518 3118 572 ductus
3157 519 3339 573 retulit
3372 517 3589 590 triginta
3631 534 3887 589 argenteo,-

675 638 849 686 meus,
881 632 934 677 et
975 622 1326 687 exaltabitur,
1354 629 1408 675 et
1451 619 1840 690 gloriiit-abitur
1884 618 2056 671 valde.
2096 616 2248 670 Sicut
2352 612 2691 683 principibus
2722 612 3064 664 sacerdotum
3095 622 3148 664 et
3176 613 3500 677 senioribus,
3525 613 3717 670 dicens
3746 633 3758 667 :
3784 616 3887 670 Pec-

675 717 971 785 smpebunt
1001 730 1166 783 super
1193 723 1246 769 te
1276 714 1459 780 multi;
1489 713 1567 766 sic
1595 712 1821 780 ingloria
1852 711 1956 766 erit
1983 710 2050 765 ab
2077 711 2248 764 homi-
2353 704 2495 769 cavi,
2533 704 2754 758 tradens
2789 704 3106 772 sanguinem
3137 703 3340 770 justum
3379 724 3392 758 :
3427 715 3480 759 et
3506 705 3698 761 abiens
3729 708 3888 777 laqueo
3926 710 3927 792 χ

667 809 825 861 ιιίιιιιε
867 807 1072 876 species
1116 817 1235 869 tua,
1271 814 1324 859 et
1365 804 1532 874 gloria
1580 814 1667 856 tua
1708 818 1734 855 a
1773 802 1898 856 [iliis
1943 802 2240 856 hominum.
2349 810 2409 852 se
2447 795 2802 863 suspendit".
2845 813 2863 846 ›
2904 794 3034 861 Quae
3075 798 3254 850 omnia
3293 796 3551 865 Propheta
3597 801 3753 870 longe
3790 815 3884 856 ante
3926 799 3927 824 ’

669 901 758 954 Sic
797 903 1136 954 mirabuntur
1169 906 1352 968 gentes
1390 897 1569 951 multa:
1602 911 1764 965 super
1795 911 1884 960 eo,
1917 905 1971 951 et
2003 895 2245 949 coutine-
2347 889 2677 959 prmsagieus
2728 889 2876 941 addit
2929 905 2942 942 :
3005 906 3024 939 t
3086 887 3242 942 Fiant
3287 889 3400 944 dies
3453 891 3569 959 ejus
3619 893 3804 959 pauci,
3844 909 3882 948 et

668 993 800 1046 bunt
830 1006 980 1062 reges
1007 1006 1066 1045 os
1098 1005 1251 1044 suum
1291 1007 1303 1043 :
1336 991 1459 1059 quia
1492 989 1685 1059 quibus
1715 1004 1818 1042 non
1847 997 1930 1043 est
1958 987 2242 1041 annuntia-
2345 983 2708 1052 episcOpatum
2756 982 2872 1051 ejus
2915 983 3145 1050 accipiat
3182 983 3314 1036 alter
3334 983 3399 1035 ⁸⁸.
3441 1000 3459 1032 ι
3505 981 3654 1038 Cur?
3707 1003 3727 1036 t
3775 985 3879 1050 Qui:

667 1091 777 1135 tum
813 1083 876 1136 de
897 1058 991 1144 eo,
1023 1082 1314 1148 videbunt;
1353 1058 1409 1135 et
1440 1058 1528 1148 qui
1567 1095 1671 1135 non
1706 1083 2013 1144 audierunt,
2046 1077 2242 1132 intelli-
2344 1087 2658 1142 persecutus
2703 1085 2784 1128 est
2831 1075 3099 1128 hominem
3145 1076 3378 1142 inopem.
3411 1083 3465 1128 ει
3505 1077 3818 1140 ιιιεῐισίειιιη.
3845 1089 3880 1132 ει
3928 1058 3929 1144 i

662 1173 874 1242 gent“.
911 1191 928 1225 ι
964 1174 1028 1228 Et
1057 1174 1162 1226 alio
1191 1173 1310 1228 loco
1340 1192 1353 1227 :
1390 1191 1410 1224 ι
1444 1175 1702 1228 Dominus
1730 1175 1819 1227 dat
1844 1173 1971 1227 mihi
2000 1173 2237 1242 linguam
2342 1177 2722 1236 compunctum
2782 1169 2942 1221 corde
2999 1167 3324 1221 mortificare
3347 1168 3413 1220 ⁶¹.
3479 1185 3499 1220 ι
3562 1166 3706 1225 Vere
3767 1175 3877 1223 enim

665 1264 980 1334 disciplinae,
1007 1276 1065 1319 ut
1090 1266 1251 1318 sciam
1281 1264 1494 1332 quando
1519 1271 1765 1334 oporteat
1794 1265 1937 1333 loqui
1965 1267 2186 1318 verbmu
2221 1280 2236 1318 ε
2343 1261 2498 1331 inops
2528 1270 2611 1315 est
2635 1261 2893 1315 Dominus
2923 1272 3108 1316 noster
3129 1263 3290 1320 Iesus
3319 1263 3570 1320 Christus
3604 1283 3621 1320 :
3656 1282 3773 1320 nam
3804 1271 3872 1319 nisi

665 1356 871 1410 addidit
917 1358 1047 1410 mihi
1100 1370 1286 1410 aurem
1341 1356 1407 1409 ad
1457 1355 1807 1420 audiendum,
1845 1365 1900 1409 et
1947 1353 2234 1424 disciplina
2350 1353 2665 1424 temperiem
2712 1364 2951 1406 nostram
2998 1355 3115 1426 (seu
3158 1370 3353 1424 corpus
3391 1358 3664 1418 nostrum)
3706 1359 3872 1411 meuui-
3930 1408 3931 1426 η

663 1447 872 1502 Domini
911 1447 1080 1516 aperit
1112 1463 1270 1502 aures
1305 1462 1457 1502 meas
1491 1464 1506 1502 :
1545 1462 1645 1519 ego
1680 1457 1861 1502 autem
1896 1464 1999 1503 non
2038 1463 2231 1514 renuo,
2340 1457 2553 1514 casset,
2583 1463 2854 1516 nunquam
2883 1463 2984 1502 nos
3017 1446 3132 1514 ejus
3158 1449 3438 1503 divinitate
3463 1449 3616 1503 dilati
3655 1463 3874 1504 esseuuts.
3930 1431 3931 1504 ἷ

665 1554 836 1608 neque
876 1539 1210 1593 contradico.
1243 1540 1473 1595 Dorsum
1521 1556 1699 1595 meum
1736 1541 1859 1596 dedi
1901 1544 1966 1596 ad
2002 1541 2229 1611 ﬂagella,
2353 1540 2536 1606 Quare
2565 1556 2686 1594 cum
2719 1541 2961 1609 proditor
2985 1541 3266 1600 divinitate
3297 1544 3474 1612 augeri
3507 1546 3875 1610 c0ntempst~rit,

657 1640 711 1685 et
755 1645 921 1700 genas
966 1647 1114 1688 meas
1159 1634 1226 1688 ad
1266 1634 1450 1704 alapas
1498 1652 1512 1688 :
1559 1644 1612 1688 et
1655 1635 1846 1688 faciem
1898 1651 2072 1690 meam
2125 1651 2228 1690 non
2327 1632 2450 1701 jure
2488 1635 2539 1686 in
2583 1648 2704 1687 eum
2753 1631 2917 1685 infert
2950 1633 3216 1700 Propheta
3259 1651 3274 1689 :
3319 1654 3336 1686 t
3376 1635 3438 1688 Et
3469 1635 3659 1690 dilexit
3690 1636 3875 1689 ntaledi-

657 1725 835 1780 averti‘
874 1741 902 1778 a
952 1727 1267 1782 confusione
1313 1737 1589 1798 sputorum
1615 1727 1682 1781 ⁸⁷.
1729 1746 1749 1780 ι
1813 1727 1982 1784 David
2031 1744 2161 1785 vero
2210 1745 2225 1783 :
2330 1727 2591 1788 ctionem,
2617 1735 2670 1781 et
2710 1725 2890 1780 veniet
2930 1725 2978 1780 ei
3020 1743 3035 1780 :
3078 1737 3132 1780 et
3170 1726 3342 1780 noluit
3379 1728 3876 1790 benedictionctn,ct
3932 1758 3933 1796 ι

662 1835 680 1866 t
727 1818 884 1870 Aruit
927 1827 1178 1888 tanquam
1223 1828 1356 1872 testa
1406 1819 1574 1874 virtus
1619 1835 1758 1885 mea,
1794 1831 1845 1875 et
1884 1820 2062 1892 lingua
2109 1837 2226 1876 mea
2267 1878 2305 1892 κ
2336 1817 2675 1888 elongabitur
2715 1819 2781 1874 ab
2824 1833 2888 1874 eo
2908 1821 2975 1873 ⁸³.
3018 1839 3038 1871 ι
3091 1819 3168 1874 lta
3218 1835 3316 1884 suo
3359 1802 3592 1875 munere‘
3630 1821 3873 1874 abdicatus
3932 1813 3933 1820 “

665 1911 889 1966 adhaesit
927 1912 1167 1966 faucibus
1204 1913 1368 1980 meis;
1406 1922 1459 1968 et
1495 1914 1548 1968 in
1589 1914 1860 1982 pulverem
1907 1917 2097 1971 mortis
2138 1917 2228 1971 de-
2266 1878 2307 1932 Β
2339 1919 2443 1978 est,
2469 1925 2642 1981 eoque
2666 1912 2936 1976 abdicato,
2959 1911 3218 1968 suffectus
3243 1912 3516 1976 Matthiae,
3543 1914 3872 1983 apostolatum

662 2001 862 2055 duxisti
892 2019 976 2057 me
993 2002 1057 2055 ⁸⁸.
1093 2022 1112 2054 ι
1144 2004 1284 2058 Idem
1317 2005 1460 2059 velut
1486 2025 1514 2059 a
1542 2021 1770 2075 corpore
1796 2009 1860 2060 ad
1891 2008 2227 2064 divinitatem
2334 2011 2535 2057 emtum
2569 2003 2804 2071 explevit
2822 2005 2890 2057 “.
2921 2003 3227 2059 Salomonis
3257 2020 3474 2074 quoque
3506 2007 3618 2059 haec
3646 2005 3711 2060 de
3737 2022 3789 2058 ro
3815 2018 3871 2056 est

659 2094 959 2161 copulatam
1003 2114 1014 2148 :
1058 2113 1074 2146 t
1113 2095 1252 2150 Erue
1284 2115 1310 2150 a
1346 2096 1996 2163 framea,Dens,animatn
2032 2117 2229 2169 meam,
2334 2095 2603 2148 sententia
2639 2111 2654 2147 :
2699 2112 2717 2144 t
2758 2094 2855 2148 Vir
2887 2095 3149 2164 insipiens
3186 2097 3294 2166 (46)
3331 2110 3384 2150 et
3416 2089 3650 2164 iniquus
3671 2097 3874 2150 autbtdu
3934 2106 3935 2170 ι

654 2194 708 2237 et
747 2186 812 2239 de
855 2201 1015 2239 manu
1067 2189 1217 2241 canis
1255 2190 1470 2243 uniram
1516 2192 1777 2246 meam".
1821 2210 1840 2242 ι
1891 2191 1954 2246 Ει
1999 2191 2165 2250 Isaias
2212 2212 2228 2250 ε
2333 2188 2451 2241 vias
2502 2201 2608 2241 non
2661 2187 2829 2243 bonas
2886 2206 2900 2242 :
2957 2189 3133 2242 innuit
3175 2189 3371 2250 oculis,
3409 2188 3681 2255 signiﬁt-at
3724 2200 3869 2244 autem

661 2294 678 2328 t
727 2275 896 2329 Ilomo
935 2278 984 2331 in
1031 2278 1184 2348 plaga
1227 2284 1455 2348 positus,
1486 2291 1540 2335 et
1573 2284 1753 2338 sciens
1797 2274 2163 2340 inﬁrmitatem
2211 2307 2226 2342 ς
2336 2279 2503 2346 pede,
2560 2278 2716 2332 docet
2775 2279 2994 2332 nutibus
3057 2265 3367 2349 digitorum.
3430 2281 3751 2340 Perversmu
3799 2297 3865 2334 ror

653 2367 783 2436 quia
821 2383 1006 2421 aversa
1042 2380 1123 2422 est
1159 2372 1327 2424 facies
1361 2371 1499 2440 ejus.
1529 2373 1800 2441 despecta.
1826 2384 1881 2430 et
1917 2392 2020 2430 non
2063 2392 2227 2448 repu-
2284 2437 2288 2440 ~
2333 2368 2634 2424 fabricatur
2668 2371 2832 2424 mala.
2865 2369 2970 2425 Per
3001 2374 3226 2428 vitiosas
3263 2371 3396 2436 vias,
3429 2377 3723 2444 proditoris
3753 2383 3862 2429 notat

655 2471 788 2513 tata.
820 2460 926 2513 Iste
955 2471 1178 2528 peccata
1213 2471 1395 2517 nostra
1429 2473 1625 2531 portat,
1653 2475 1708 2520 et
1734 2480 1831 2534 pro
1861 2469 2018 2523 nobis
2043 2470 2224 2526 dolet:
2334 2463 2644 2533 ingenium;
2684 2479 2778 2532 per
2807 2465 3088 2520 oculorum
3118 2476 3328 2530 nutum.
3358 2468 3421 2521 ad
3453 2469 3734 2537 pontiﬁces
3754 2467 3855 2521 defc-

651 2565 708 2606 et
742 2567 840 2607 nos
869 2557 1238 2622 repntavimus
1269 2571 1392 2610 eum
1424 2571 1554 2612 esse
1579 2559 1631 2612 in
1667 2560 1876 2626 labore,
1903 2571 1956 2616 et
1985 2562 2037 2615 in
2076 2563 2226 2633 plaga
2332 2560 2566 2610 ctionem
2615 2564 2669 2610 et
2710 2555 3201 2624 conspirationem;
3247 2571 3340 2625 per
3376 2558 3588 2627 pedem,
3622 2558 3857 2630 proditoris

654 2660 686 2699 a
729 2642 858 2711 Deo,
883 2655 937 2699 et
976 2646 1026 2700 in
1069 2645 1379 2704 atllictione.
1412 2646 1532 2720 Ipse
1574 2657 1751 2704 autem
1787 2652 2100 2708 vulneratus
2141 2665 2228 2712 εει
2331 2647 2698 2714 celeritatem;
2744 2663 2843 2717 per
2883 2647 3032 2726 digiti
3076 2649 3444 2714 inicationem,
3477 2652 3740 2707 occultam
3777 2664 3862 2720 ejus

653 2745 872 2808 propter
920 2747 1135 2805 peccata
1185 2749 1474 2806 nostra,et
1521 2741 1828 2798 iniit-matus
1874 2753 1960 2800 est
2007 2756 2226 2816 propter
2331 2739 2620 2795 vafritiem.
2671 2739 2857 2808 Neque
2911 2755 3038 2796 vero
3096 2741 3182 2797 llis
3240 2748 3530 2797 contentus
3589 2755 3864 2804 veterator.

655 2829 974 2896 iniquitates
1029 2839 1267 2886 nostras.
1321 2831 1516 2888 Livore
1570 2834 1690 2904 ejus
1751 2851 1852 2891 nos
1905 2839 2080 2892 sanati
2135 2851 2229 2892 su-
2333 2834 2498 2888 etiam
2535 2832 2885 2887 fraudulento
2924 2835 3112 2887 osculo
3153 2835 3342 2889 herum
3385 2835 3642 2905 prodidit,
3676 2845 3871 2890 testatus

655 2920 859 2975 mus“.
895 2940 915 2973 ι
953 2924 1116 2978 Amos
1145 2924 1405 2998 prOpIteta
1434 2925 1562 2980 dicit
1593 2945 1607 2981 :
1647 2946 1666 2978 ε
1708 2925 1814 2983 Pro
1847 2939 2070 2998 argento
2098 2943 2230 2983 ven-
2329 2925 2548 2987 Iudaeis.
2577 2926 2662 2980 cui
2696 2927 2942 2980 suavium
2975 2930 3149 2991 daret,
3177 2921 3297 2979 eum
3334 2940 3477 2990 esse,
3505 2926 3872 2993 prehenderem

658 3013 907 3068 diderunt
931 3013 1134 3081 justum
1157 3016 1225 3068 ".
1259 3035 1276 3067 ι
1315 3015 1606 3073 Zacharias
1631 3034 1694 3074 ex
1723 3034 1954 3088 persona
1981 3021 2178 3076 Christi
2209 3040 2225 3077 :
2331 3017 2603 3072 hominem
2624 3015 2689 3070 “.
2727 3035 2745 3068 ι
2785 3015 2882 3071 His
2915 3032 3039 3071 vero
3075 3016 3306 3085 Sapiens
3340 3016 3454 3071 haec
3489 3016 3692 3084 sul-jicit
3722 3032 3793 3066 τι
3825 3011 3871 3067 Is

662 3123 681 3154 ι
735 3103 1120 3175 Appenderuut
1167 3112 1466 3163 mercedem
1529 3125 1700 3164 meam
1759 3112 1976 3183 triginta
2032 3127 2226 3180 argen-
2331 3111 2479 3164 omni
2517 3119 2777 3179 tempore,
2805 3109 2896 3179 qui
2933 3109 3057 3163 talis
3091 3118 3194 3174 est,
3224 3109 3560 3164 turbationes
3590 3104 3872 3160 allertcivio

653 3204 770 3250 teos
787 3198 855 3251 ".
891 3217 909 3250 ι
949 3196 1011 3252 Et
1052 3197 1310 3255 Jeremias
1351 3199 1640 3271 (referente
1665 3214 1852 3258 sancto
1889 3201 2162 3274 Matthaeo)
2201 3210 2286 3272 :C
2321 3202 2440 3256 tati.
2491 3221 2510 3255 ι
2552 3201 2690 3256 Vere
2720 3204 2864 3257 enim
2909 3203 3168 3271 insignem
3209 3202 3488 3255 tumultum
3520 3216 3581 3253 ac.
3608 3199 3870 3271 perniciem

659 3308 678 3342 ε
737 3291 1081 3359 Acceperunt
1135 3292 1354 3360 triginta
1399 3304 1712 3364 argenteos,
1751 3295 1995 3370 pretium
2031 3310 2224 3366 appre-
2331 3293 2721 3365 Hierosolymis
2770 3293 2920 3349 Judaa
2969 3292 3198 3362 proditio
3224 3292 3386 3346 dedit.
3459 3310 3477 3343 ι
3533 3292 3746 3358 Propter
3785 3290 3869 3343 hoc

655 3382 770 3437 liati
791 3421 808 3449 ,
840 3398 997 3450 quem
1037 3383 1478 3453 appretiaverunt
1511 3401 1538 3438 a
1576 3387 1697 3441 Iiliis
1729 3387 1893 3440 Israel
1933 3405 1947 3442 :
1985 3397 2039 3443 et
2067 3389 2229 3442 dede-
2331 3386 2605 3455 extemplo
2632 3385 2777 3438 venit
2806 3385 3037 3452 perditio
3070 3383 3257 3453 ipsius,
3289 3381 3586 3446 intercisio,
3617 3395 3669 3436 et
3695 3377 3870 3436 centri.

653 3485 776 3528 runt
826 3489 923 3529 eos
978 3476 1030 3527 in
1089 3489 1274 3542 agrum
1329 3475 1509 3545 figuli,
1566 3477 1706 3531 sicut
1760 3478 2039 3532 constituit
2096 3479 2224 3533 mihi
2333 3476 2406 3544 tio
2438 3475 2836 3529 insanabilis".
2870 3492 2889 3524 ι

655 3565 993 3620 Dominus".
1036 3585 1053 3617 ι
1101 3565 1270 3620 David
1318 3567 1385 3623 de
1429 3569 1705 3635 proditore
1751 3586 1765 3622 :
1822 3589 1839 3620 α
1888 3569 1988 3634 Qui
2037 3571 2228 3625 edebat
2402 3566 2540 3632 Quin
2591 3572 2640 3619 ct
2686 3564 2853 3618 Isaias
2896 3565 2971 3618 ait
3019 3584 3034 3619 :
3080 3583 3098 3615 t
3148 3564 3259 3630 Ego
3298 3566 3572 3620 suscitabo
3613 3581 3732 3619 eum
3767 3576 3862 3615 cum

653 3673 843 3725 partes,
873 3659 1238 3728 magniﬁravit
1270 3675 1432 3727 super
1462 3674 1547 3715 me
1581 3661 2079 3732 supplantationem
2098 3662 2164 3716 “.
2201 3680 2219 3714 ι
2329 3661 2540 3730 justitia
2593 3675 2770 3729 regem
2826 3677 2838 3713 :
2890 3669 2944 3714 et
2990 3674 3182 3714 omnes
3229 3660 3520 3727 viayillius
3568 3668 3739 3712 rectae.
3771 3655 3867 3722 Ipse

651 3747 718 3804 Et
759 3749 924 3805 Isaias
968 3767 982 3802 :
1036 3769 1053 3801 ι
1103 3749 1196 3805 Vae
1242 3752 1426 3821 iniquo
1468 3769 1482 3805 :
1518 3752 1670 3807 ,tuala
1715 3753 2013 3806 secundum
2060 3769 2226 3820 opera
2328 3750 2618 3806 aedilicahit
2656 3749 2930 3804 civitatem
2979 3765 3187 3814 meam,
3221 3760 3272 3803 et
3314 3750 3675 3818 captivitatem
3717 3741 3866 3815 populi

655 3858 911 3899 manuum
959 3844 1073 3913 ejus
1118 3845 1367 3899 accident
1409 3844 1456 3897 ei
1476 3844 1541 3898 ".
1581 3863 1600 3895 ι
1647 3843 1713 3898 Εῑ
1759 3844 1920 3899 David
1968 3846 2158 3899 iterum
2207 3862 2223 3898 :
2343 3843 2447 3897 mei
2487 3850 2786 3902 convertet,
2819 3857 2924 3894 non
2959 3857 3078 3895 cum
3118 3843 3311 3910 pretio,
3343 3856 3518 3909 neque
3554 3856 3672 3894 cum
3709 3850 3867 3891 mune-

663 3952 681 3983 ι
730 3932 870 3987 Dixit
900 3933 1130 4001 injnslus
1151 3919 1212 3986 ut
1240 3933 1519 4001 delinquat
1549 3932 1601 3986 in
1633 3934 1969 4001 semetipso:
2005 3949 2109 3987 non
2144 3944 2226 3988 est
2334 3935 2508 3988 ribus.
2549 3951 2566 3984 ι
2617 3933 2684 3987 Ει
2728 3934 2922 3987 iterum
2970 3952 2984 3987 :
3039 3953 3057 3987 t
3114 3935 3254 3987 Dixit
3295 3933 3552 3986 Dominus
3595 3927 3815 3987 Sabaoth
3855 3943 3864 3978 :

655 4025 816 4079 timor
843 4026 936 4079 Dei
967 4035 1092 4078 ante
1123 4026 1310 4079 oculos
1343 4024 1458 4091 ejus
1477 4023 1546 4076 “.
1583 4042 1601 4075 ι
1637 4022 1994 4090 Quamobrem
2026 4025 2221 4079 Vates:
2329 4023 2618 4080 Laboravit
2670 4024 2967 4096 Egyptus.
3011 4037 3064 4081 et
3112 4009 3398 4095 negotiatio
3446 4025 3782 4095 Ethiopum,
3827 4028 3867 4072 et

658 4114 677 4167 ἀ
716 4118 978 4182 Quoniam
1019 4102 1205 4173 dolose
1240 4115 1350 4186 egit
1385 4117 1440 4169 in
1479 4125 1770 4184 conspectu
1813 4115 1951 4184 ejus,
1979 4125 2034 4168 ut
2073 4117 2222 4171 iuve-
2328 4119 2540 4172 Sabbmi
2587 4118 2687 4172 viri
2734 4120 2930 4174 excelsi
2980 4122 3044 4173 ad
3090 4131 3139 4174 te
3180 4120 3503 4182 transibunt,
3532 4129 3584 4174 et
3627 4119 3701 4171 tui
3738 4120 3870 4170 erunt

654 4209 836 4262 niatur
880 4209 1138 4277 iniquitas
1165 4207 1283 4276 ejus
1311 4208 1377 4261 ad
1406 4206 1670 4261 odium".
1704 4225 1721 4258 t
1760 4207 1901 4261 Sane
1931 4209 2080 4262 dolos
2106 4222 2222 4261 vcr-
2328 4212 2493 4276 servi,
2519 4221 2572 4264 et
2603 4220 2722 4278 post
2751 4220 2801 4264 te
2833 4222 3132 4279 sequentur
3161 4213 3318 4265 vincti
3350 4212 3598 4270 manicis,
3620 4219 3673 4263 et
3701 4205 3868 4261 transi-

651 4301 812 4362 savil,
848 4307 1036 4352 contra
1078 4307 1186 4351 tam
1228 4309 1472 4352 sanctam
1513 4298 1904 4351 institutionem
1944 4306 1998 4350 et
2028 4299 2224 4352 doctri-
2328 4284 2459 4355 bunt
2485 4302 2547 4355 ad
2577 4312 2649 4363 te,
2669 4312 2716 4354 et
2745 4303 3047 4356 adorabunt
3077 4313 3153 4367 te;
3187 4301 3439 4369 quoniam
3469 4301 3522 4354 in
3553 4311 3602 4354 te
3627 4301 3758 4352 Deus
3779 4303 3863 4357 est.

656 4406 816 4454 nam,
846 4400 899 4443 et
946 4389 1127 4443 odium
1183 4389 1427 4444 exercuit
1474 4389 1528 4442 in
1576 4391 1801 4443 virtutes
1847 4398 1901 4443 ct
1945 4391 2218 4444 miracula.
2325 4405 2379 4446 et
2417 4409 2525 4447 non
2562 4406 2644 4448 est
2677 4393 2817 4449 Deus
2860 4394 3064 4461 absque
3104 4396 3241 4448 te".
3276 4413 3294 4445 ι
3339 4392 3472 4458 Qua:
3512 4395 3868 4448 commemorat

651 4481 858 4536 Invenit
908 4481 1281 4550 iniquitatem;
1327 4480 1536 4536 scilicet
1580 4479 1849 4549 ingenium
1903 4496 2122 4536 avarum
2169 4491 2222 4535 et
2245 4537 2297 4550 ﬁ
2330 4494 2499 4547 vates,
2532 4495 2592 4539 ut
2619 4501 2801 4540 verum
2834 4484 3000 4540 Deum
3029 4501 3151 4541 esse
3181 4485 3454 4540 Christum
3493 4484 3747 4540 credatis.

657 4569 1589 4675 εῆηξνίηυτίξηιέ,ρειξτεξῖιξετὲξίξ
1613 4569 1940 4675 autem“
1988 4568 2220 4675 aliis
2247 4568 2300 4596 ν
2889 4618 3116 4675 om,
3153 4585 3330 4674 εγω,

658 4661 814 4727 pheta
852 4676 865 4711 :
909 4676 927 4708 ι
966 4659 1246 4711 Constitue
1280 4670 1442 4725 super
1471 4670 1593 4710 eum
1630 4665 1993 4724 peccatorum,
2025 4667 2078 4709 et
2107 4657 2220 4709 dia.

660 4749 812 4802 holus
852 4759 956 4802 ειει
998 4766 1024 4798 ε,
1074 4749 1277 4801 de“er
1317 4747 1470 4816 eius;
1519 4764 1536 4796 ι
1577 4747 2007 4815 quandoquidem
2045 4742 2224 4802 θείω-ε
2332 4731 2405 4785 De
2432 4729 2658 4786 Subbato
2686 4731 3082 4794 Jttdworum,“
3112 4732 3388 4785 Dominica
3417 4729 3836 4785 Christianorum.

661 4839 935 4894 Scrvatori
969 4840 1032 4890 ad
1071 4837 1316 4891 dextram
1351 4839 1485 4892 odit.
1525 4855 1543 4889 t
1583 4836 1714 4890 Cum
1746 4837 2038 4907 judicatur,
2067 4847 2225 4891 exeat
2399 4842 2520 4897 Jun.
2560 4842 2924 4908 Quamobrem
2959 4858 3053 4896 vos
3088 4844 3341 4895 honorem
3376 4853 3430 4894 et
3459 4842 3682 4910 gratiam
3718 4833 3871 4890 Domi-

657 4917 1066 4992 c'0udemnatus,
1114 4947 1132 4980 ι
1181 4931 1613 4998 quandoquidem
1664 4929 1716 4982 itt
1763 4927 1980 4982 ferendo
2020 4931 2224 4998 judicio
2337 4937 2468 4988 nicas
2507 4935 2795 4998 tribuistis,
2827 4951 2988 5002 quant
3033 4934 3169 5001 apud
3211 4947 3307 4985 nos
3353 4931 3645 4985 Sabbatum
3682 4923 3868 4983 habuit?

659 5038 974 5077 consessum
1007 5007 1204 5076 exosus
1237 5033 1339 5088 est,
1366 5041 1481 5078 eam
1517 5024 1586 5077 ob
1624 5039 1733 5078 rem
1765 5022 2035 5092 judicatus
2067 5024 2224 5076 abeat
2400 5026 2622 5081 Cumsr.
2653 5025 2814 5080 Certe
2856 5026 3024 5078 multo
3062 5025 3268 5092 aequius
3309 5037 3431 5076 esse
3472 5032 3713 5076 sanctam
3754 5021 3870 5072 hanc

664 5120 964 5173 damnatus.
1002 5139 1022 5169 ‹
1073 5119 1136 5172 Et
1181 5119 1355 5171 oratio
1399 5120 1517 5187 ejus
1567 5120 1655 5172 fiat
1693 5119 1746 5172 in
1795 5119 2159 5188 peccatum”,
2197 5137 2215 5168 ι
2333 5116 2662 5168 Dominiratn
2710 5131 2816 5182 pra:
2860 5125 3036 5168 vestro
3079 5114 3315 5167 Sabbato
3359 5113 3644 5175 honorari,
3681 5108 3863 5162 abunde

670 5224 859 5280 preces
890 5211 1121 5279 appellat
1148 5211 1583 5279 intempestivam
1620 5212 1906 5280 proditoris
1939 5210 2224 5279 pwnitudi-
2332 5218 2412 5261 est
2459 5209 2596 5262 unde
2642 5216 2960 5270 statuamus,
2998 5222 3102 5258 non
3151 5221 3215 5259 ex
3266 5205 3462 5266 nostris
3508 5205 3679 5258 solum
3724 5198 3869 5254 sacris

664 5317 809 5362 ncm,
839 5311 893 5352 ut
924 5311 1005 5356 est
1033 5303 1169 5372 apud
1221 5303 1602 5369 evangelistam
1638 5302 1940 5356 Maltltamm
1974 5321 1986 5356 :
2023 5320 2040 5351 t
2077 5299 2226 5353 Tunc
2337 5297 2717 5362 voluminibus,
2744 5299 2836 5351 sed
2869 5315 2932 5351 ex
2967 5299 3083 5367 ipso
3120 5301 3254 5352 adeo
3287 5297 3467 5350 divino
3499 5294 3730 5360 opiﬁcin.
3761 5289 3867 5343 Nam

661 5393 851 5446 videns
895 5390 1092 5459 Judas,
1141 5394 1230 5462 qui
1281 5408 1402 5446 eum
1453 5391 1713 5456 tradidit,
1756 5393 1896 5461 quod
1946 5394 2227 5444 damnatus
2336 5392 2380 5444 si
2420 5391 2712 5459 requietem
2749 5392 2996 5454 colimus,
3027 5399 3227 5459 quanto
3265 5388 3436 5457 tnagis
3477 5402 3698 5454 Oper-um
3736 5395 3872 5435 θωτ-

740 5509 784 5539 δι
816 5506 917 5560 lsa.
949 5523 1044 5570 LII,
1075 5508 1255 5562 15-15.
1331 5511 1374 5541 ⁸⁷
1407 5511 1510 5563 ls:t.
1537 5525 1587 5570 L,
1616 5507 1735 5562 ι-θ.
1847 5509 1889 5538 ⁸⁸
1918 5509 2056 5562 Psal.
2118 5523 2229 5569 xxi,
2262 5506 2302 5558 li

2307 5505 2349 5558 3.
2461 5505 2504 5535 δ’
2537 5507 2662 5559 ibid.
2693 5504 2782 5558 2i.
2895 5505 2941 5536 '°
2971 5505 3193 5575 lsa._Lttt
3214 5543 3228 5567 ,
3262 5502 3377 5557 5-5.
3455 5572 3467 5575 _
3488 5503 3532 5535 ³¹
3561 5504 3798 5575 Amasti.

663 5580 710 5611 ⁸¹
740 5578 967 5631 Zachar.
1002 5564 1073 5640 xi,
1106 5578 1190 5630 12.
1265 5577 1312 5610 ³³
1341 5580 1534 5634 Matth.
1571 5564 1738 5643 sxvn,
1769 5577 1824 5630 9.
1896 5579 1941 5609 “
1978 5577 2121 5632 l’sal.
2154 5564 2242 5638 aL,
2271 5576 2358 5629 to.
2466 5575 2510 5604 "
2558 5576 2655 5631 ISa.
2694 5591 2774 5636 tn,
2811 5576 2896 5629 Η.
3002 5576 3047 5606 ⁸⁸
3075 5564 3224 5630 Psal.
3252 5588 3415 5643 sitin
3449 5572 3559 5643 1ο,Δ
3602 5571 3648 5643 ξ’
3681 5564 3872 5643 ibim“).-

664 5648 711 5679 ⁸⁸
738 5650 880 5701 ΡδὲιΙ.
909 5632 1073 5706 CVIII;
1089 5647 1142 5710 6,
1171 5647 1224 5703 7.
1298 5647 1342 5681 “
1372 5632 1559 5702 Matth.
1589 5632 1760 5712 xxvii,
1809 5648 1925 5702 5-5.
2026 5650 2070 5677 '°
2102 5646 2221 5700 Psal

2320 5643 2532 5706 vnt,8.
2634 5645 2674 5676 ει
2710 5632 2844 5700 ibid.
2901 5646 2989 5699 t7.
3093 5632 3414 5699 "ibidJG.
3521 5632 3874 5702 "Act.t,?-5-

666 5717 712 5750 “
741 5717 898 5771 Prov.
930 5728 1003 5781 vt,
1037 5716 1125 5780 12,
1158 5717 1247 5772 I3.
1318 5719 1362 5750 “
1391 5718 1521 5773 ibid.
1554 5718 1641 5785 14,
1668 5719 1754 5773 15.
1830 5718 1876 5748 ⁸⁸
1902 5719 2004 5773 lsa.
2040 5732 2160 5781 ην,
2191 5717 2277 5780 l3,
2305 5714 2388 5768 H.

743 5874 856 5945 (ιϐ)
894 5874 1146 5930 Nazianz.
1176 5873 1414 5931 imitatur
1446 5876 1499 5928 in
1521 5891 1769 5945 stagnum
1816 5875 2082 5933 Basiliam
2116 5875 2204 5943 η,
2226 5875 2317 5943 56,
2342 5888 2395 5934 et
2420 5878 2566 5935 alibi.
