3956 6324
569 265 668 326 9(7

1796 255 2228 318 ANDRONICI
2262 255 2610 318 COMNENI

3746 250 3843 315 909

566 377 902 436 sacriﬁcium
934 377 1354 449 prmsignabant.
1403 373 1538 429 Nam
1571 375 1673 431 etsi
1721 369 1961 444 majores
1993 374 2160 430 vestri
2192 385 2238 441 Α
2266 389 2372 445 que
2408 375 2554 428 enim
2587 372 2754 429 uIIum
2784 373 2964 431 scelus
2997 381 3080 429 est
3110 372 3203 429 Dei
3258 371 3653 442 benignitatem
3693 386 3846 438 snpe-

564 486 758 542 panem
789 472 963 534 illum,
999 470 1088 540 qui
1121 469 1312 522 umbra
1343 466 1588 537 quaedam
1617 476 1672 521 et
1704 465 1984 536 exemplar
2010 476 2156 521 esset

562 567 944 629 comederunt,
972 569 1028 616 at
1062 560 1420 616 nihilominus
1446 575 1634 614 eorum
1662 559 1906 614 membra
1940 560 2158 623 accide-

562 663 716 719 runt,
758 655 810 708 in
845 654 1142 709 solitudine
1168 653 1243 718 7’;
1278 651 1368 722 qui
1401 666 1535 707 vero
1578 653 1680 706 hoc
1718 665 1858 722 pane
1890 652 2152 714 vescitur,

559 747 690 816 quid
742 762 772 801 a
825 762 882 801 se
927 748 1250 815 accepturus
1302 744 1426 810 sit,-
1470 745 1702 814 ipsemet
1752 743 2012 797 Servator
2059 743 2156 797 do»

558 848 646 894 cet
701 840 753 893 in
805 839 949 893 hanc
1003 839 1387 893 sententiam:
1449 857 1466 890 ε
1498 837 1600 904 Qui
1649 836 1944 891 manducat
1981 849 2152 890 meam

559 946 804 996 carnem,
843 940 898 985 et
949 931 1083 985 bibit
1131 945 1308 987 meum
1364 931 1709 1001 sanguinem,
1762 928 1932 984 habet
1964 928 2151 1000 avitam

559 1012 820 1080 teternam
861 1023 936 1079 ⁸ο.
969 1042 987 1076 ι
1045 1023 1414 1090 Quamobrem
1467 1023 1668 1078 clamat
1724 1017 1897 1079 Isaias
1955 1040 1970 1077 :
2039 1040 2056 1074 ι
2088 1020 2156 1075 Et

559 1117 665 1172 erit
695 1117 749 1171 in
784 1117 874 1172 die
924 1117 1038 1184 illa,
1097 1116 1254 1170 radix
1286 1113 1460 1180 Jesse,
1517 1122 1570 1169 et
1591 1115 1684 1184 qui
1736 1114 2041 1186 consurgit,
2098 1123 2158 1167 ut

562 1210 814 1279 princeps
854 1208 1183 1280 sitgentium
1212 1224 1226 1274 ;
1261 1209 1312 1262 in
1346 1209 1464 1278 ipso
1503 1217 1692 1278 gentes
1723 1202 2027 1277 sperabunt
2061 1224 2072 1259 :
2100 1212 2158 1260 et

560 1299 667 1354 crit
703 1298 920 1367 requies
956 1294 1072 1364 ejus
1108 1297 1281 1351 honor
1324 1296 1394 1351 εί.
1438 1316 1456 1349 ι
1497 1297 1562 1351 Et
1588 1312 1708 1365 qua:
1738 1297 1844 1350 alia
1884 1306 2068 1351 autem
2103 1295 2152 1351 ei

560 1391 778 1461 requies
832 1389 959 1458 erit,
1016 1396 1182 1458 atque
1236 1389 1435 1457 honor,
1485 1405 1650 1460 quam
1704 1391 1770 1444 ad
1818 1404 2017 1444 arcana
2063 1389 2152 1444 illa

557 1483 743 1538 divina
778 1490 832 1535 et
863 1482 1064 1536 munda
1107 1496 1229 1536 cum
1263 1481 1462 1535 timore
1506 1490 1562 1536 et
1611 1482 1843 1537 horrore
1875 1497 2152 1548 accessus,

510 1596 516 1603 ·
557 1587 613 1632 (ι
633 1570 912 1648 perceptio
937 1575 1215 1644 (eorum)?
1249 1572 1392 1628 Idem
1420 1575 1542 1629 alibi
1573 1591 1588 1628 :
1619 1592 1635 1628 ι
1670 1572 1838 1628 Periit
1878 1574 2152 1643 princeps,

563 1669 656 1740 qui
689 1666 1339 1728 conculcabattcrram“,
1374 1683 1393 1717 ι
1420 1666 1734 1735 scilicetqui
1759 1680 1858 1720 nos
1887 1665 2150 1735 supplan-

2263 481 2411 520 rans.
2447 466 2509 520 Et
2535 478 2654 536 post
2680 481 2852 536 pauca
2886 485 2899 521 :
2942 484 2961 518 ι
3001 465 3066 519 Ει
3100 465 3330 535 populus
3364 467 3455 534 qui
3489 464 3794 528 creabitur,
3824 483 3840 512 ι

2265 560 2475 615 scilicet
2508 576 2604 630 per
2638 561 3008 632 evangelicam
3055 559 3382 624 doctrinam,
3420 577 3437 609 ε
3471 557 3718 611 laudabit
3744 557 3846 610 Do-

2266 654 2559 708 minum".
2591 673 2607 705 ι
2636 653 2781 708 Idem
2811 667 3026 707 rursum
3054 669 3066 706 :
3099 670 3118 703 ι
3144 651 3524 706 Verumtamen
3547 651 3692 705 Deus
3721 649 3850 702 redi-

2261 758 2372 802 met
2403 748 2640 801 animam
2690 761 2863 800 meam
2898 746 2963 800 de
3000 761 3160 799 manu
3199 743 3378 809 inIeri,
3422 759 3544 797 cum
3579 743 3850 812 acceperit

2260 857 2348 896 me
2380 842 2450 907 ”,
2488 861 2506 893 ι
2543 841 2594 893 id
2623 849 2727 904 est,
2760 855 2881 893 cum
2918 851 3196 908 assumpto
3224 853 3344 891 meo
3386 844 3845 906 temperamento,

2259 944 2313 988 et
2361 934 2413 986 in
2466 947 2698 1001 corpore
2759 942 2991 985 mortem
3043 931 3345 995 sustinens,
3399 943 3576 981 meam
3635 941 3849 996 quoque

2259 1027 2500 1082 animam
2547 1025 2614 1080 ab
2649 1025 2866 1091 inferis,
2905 1035 2964 1078 ut
3013 1035 3361 1087 czeterorum,
3393 1020 3725 1082 vindicabit,
3760 1035 3850 1090 pro

2258 1136 2368 1191 quo
2393 1129 2448 1175 et
2477 1119 2644 1174 Isaias
2681 1117 2813 1172 facit
2842 1134 2860 1174 :
2906 1135 2924 1167 ι
2972 1116 3286 1184 Resurgent
3313 1113 3535 1178 mortui,
3567 1124 3622 1167 et
3644 1129 3842 1182 exper-

2258 1215 2561 1279 giscentur,
2600 1213 2691 1282 qui
2729 1211 2783 1266 in
2821 1208 3214 1275 monumentis,
3262 1216 3316 1261 et
3366 1204 3694 1260 ltetabuntur
3759 1205 3845 1274 qui

2255 1315 2384 1362 sunt
2412 1306 2469 1362 in
2504 1318 2652 1361 terra
2682 1306 2754 1360 ".
2787 1324 2805 1358 ι
2859 1304 3242 1365 Praenuntians
3286 1300 3559 1370 publicam
3607 1310 3851 1354 resurre-

2256 1400 2499 1454 Ctionem
2559 1398 2813 1470 princeps
2858 1395 3110 1452 Christus
3161 1394 3451 1457 Dominus,
3499 1406 3566 1447 ex
3625 1391 3852 1445 mortuis

2258 1473 2438 1545 factus
2477 1503 2562 1546 est
2590 1492 3011 1561 primogenitus.

2334 1603 2352 1636 ι
2390 1582 2765 1649 Ltelabuntur,
2812 1583 3057 1651 inquam,
3089 1579 3178 1649 qui
3229 1586 3354 1631 sunt
3390 1576 3443 1629 in
3478 1585 3621 1629 terra
3653 1593 3666 1629 :
3709 1591 3731 1625 ι
3768 1587 3849 1626 τος

2259 1677 2427 1742 enim,
2473 1677 2563 1746 qui
2604 1691 2632 1728 a
2688 1685 2762 1740 te,
2811 1674 3024 1728 sanatio
3056 1682 3160 1727 est.
3211 1671 3276 1724 Et
3309 1671 3432 1738 quis
3479 1669 3617 1722 alius
3665 1679 3845 1721 autem

563 1739 639 1816 tat
671 1761 956 1831 malignus,
989 1760 1056 1814 de
1081 1773 1190 1831 quo
1220 1770 1273 1816 et
1310 1773 1463 1814 meus
1497 1757 1761 1814 Dominus
1812 1759 1887 1812 ait
1922 1776 1936 1814 :
1976 1776 1994 1809 ι
2034 1756 2145 1811 Ve.-

2278 1783 2350 1822 'os
2383 1767 2653 1821 medicina
2688 1777 2773 1820 est
2807 1765 2986 1832 nobis,
3020 1779 3184 1833 quam
3216 1762 3358 1816 sacri
3396 1760 3648 1827 baptismi
3683 1774 3848 1826 aqua,

562 1854 641 1908 nit
703 1851 957 1923 princeps
1015 1850 1201 1905 mundi
1256 1852 1440 1923 hujus,
1493 1860 1547 1905 et
1591 1851 1645 1904 in
1691 1866 1779 1906 me
1826 1867 1933 1906 non
1990 1851 2156 1907 habet

561 1943 858 2014 quidquam
890 1944 955 2017 f".
986 1961 1004 1994 ι
1035 1971 1098 1982 -
1127 1962 1145 1993 ‹
1173 1941 1580 2011 Dirigeturcum
1604 1942 1979 1998 misericordia
1999 1943 2156 1997 thro-

562 2051 666 2090 nus
695 2034 898 2105 ejus'“,
939 2052 957 2086 ι
1001 2037 1173 2090 honor
1209 2035 1460 2089 videlicet
1494 2034 1628 2104 lapsi
1651 2035 1867 2088 Adami.
1898 2035 1990 2089 Est
2012 2036 2156 2090 enim

564 2129 791 2182 thronus
844 2128 1067 2181 honoris
1131 2127 1367 2194 signum.
1420 2126 1489 2179 At
1523 2141 1630 2194 quo
1670 2136 1826 2194 pacto
1861 2126 2161 2198 dirigetur?

566 2237 587 2271 ι
620 2219 723 2274 Per
749 2219 960 2273 viscera
995 2216 1391 2272 misericordiae
1421 2217 1516 2272 Dei
1548 2217 1718 2272 nostri
1751 2217 1821 2273 ⁸⁸.
1850 2236 1869 2270 ι
1904 2218 1969 2271 Ει
2005 2220 2160 2273 sede-

563 2294 648 2366 bit.
690 2325 853 2380 super
897 2309 1050 2364 illum
1096 2325 1223 2363 cum
1273 2310 1508 2364 veritate
1556 2310 1608 2361 in
1656 2310 2010 2363 tabernaculo
2056 2310 2162 2362 Da-

530 2405 674 2479 ﬁvid,
749 2403 800 2457 id
853 2413 956 2468 est,
1014 2407 1239 2458 consors
1303 2403 1476 2457 tribus
1556 2416 1620 2455 ac
1682 2402 1866 2472 gloria:
1905 2404 2159 2472 perennis

566 2494 810 2558 sedebit;
844 2493 1138 2561 «judicans
1168 2501 1222 2546 et
1248 2491 1846 2561 quuirensjndicium,
1879 2502 1930 2546 et
1956 2491 2161 2547 faciens

568 2585 1007 2639 misericordiam
1066 2585 1134 2638 ⁸⁸.
1171 2602 1190 2635 ›
1245 2583 1591 2638 Zacharias:
1636 2603 1653 2635 ι
1702 2582 1929 2638 Venient
1976 2586 2160 2655 populi
2221 2580 2225 2583 ’

569 2676 747 2739 inulti,
790 2684 840 2729 et
876 2685 1065 2744 gentes
1110 2674 1380 2744 plurimae,
1411 2682 1468 2727 ut
1511 2684 1760 2743 quaerant
1805 2673 2002 2729 faciem
2053 2675 2160 2728 Do-

571 2770 702 2824 mini
735 2769 802 2824 ".
840 2787 857 2819 ι
891 2798 959 2808 -
982 2787 1000 2819 ι
1034 2767 1092 2820 In
1121 2768 1206 2821 die
1237 2765 1348 2832 illa,
1377 2766 1508 2820 dicit
1542 2765 1821 2832 Dominus,
1855 2766 2162 2836 disperdam

570 2861 789 2917 nomina
824 2859 1092 2915 idolorum
1127 2858 1193 2911 de
1227 2867 1395 2921 terra,
1423 2871 1477 2910 et
1510 2871 1616 2910 non
1658 2858 1764 2910 erit
1799 2855 1940 2911 ultra
1973 2871 2163 2911 eorum

572 2953 834 3008 memoria
888 2949 957 3003 ⁸⁸.
1005 2966 1023 2999 ι
1086 2947 1152 3000 Et
1205 2947 1373 3003 Isaias
1427 2965 1440 3002 :
1491 2965 1508 2999 ι
1543 2947 1637 3002 Die
1693 2947 1782 3002 illa
1841 2948 2014 3004 fidens
2062 2951 2167 3003 erit

2261 1861 2408 1914 unde
2471 1859 2782 1927 expiamur,
2846 1866 2899 1910 et
2959 1852 3339 1908 illustramur?
3395 1849 3615 1903 «Terra
3669 1857 3848 1900 autem

2261 1955 2553 2022 impiorum
2589 1951 2769 2005 cadet.
2809 1969 2827 2001 ι
2872 1950 3170 2018 Impiorunt
3204 1957 3372 2011 terra,
3422 1945 3587 1998 rebus
3620 1941 3849 1996 terrenis

2248 2046 2501 2101 -delenita
2527 2045 2608 2100 vis
2639 2055 2692 2099 et
2729 2054 2919 2098 natura
2949 2053 3054 2106 est,
3091 2047 3213 2110 quae
3235 2038 3438 2107 spretis
3467 2037 3669 2090 divinis
3690 2033 3851 2102 jussis

2264 2154 2292 2192 a
2328 2137 2438 2193 Deo
2469 2145 2740 2207 separata,
2765 2152 2889 2191 cum
2918 2135 3214 2190 inferorum
3240 2130 3480 2202 principe
3505 2127 3757 2182 habitare
3778 2137 3852 2179 est

2265 2233 2520 2286 damnata
2556 2249 2569 2286 :
2605 2245 2724 2298 qua!
2768 2243 2820 2284 et
2863 2228 3031 2282 Deum
3084 2227 3359 2280 hominem
3399 2236 3584 2276 coram
3621 2233 3852 2288 praesen-

2267 2332 2374 2376 tem
2407 2337 2582 2390 neque
2623 2322 2862 2392 agnovit,
2901 2333 3077 2386 neque
3119 2314 3392 2369 adoravit.
3427 2310 3561 2364 Nam
3603 2309 3850 2362 Christus

2267 2416 2318 2469 in
2356 2415 2538 2478 terris,
2582 2424 2636 2468 et
2671 2413 2811 2480 apud
2848 2426 2945 2465 nos
2987 2409 3234 2462 homines
3266 2418 3454 2473 agens,
3509 2416 3616 2455 non
3662 2414 3847 2454 omnes

2264 2509 2489 2562 omnino
2519 2505 2780 2568 servavit,
2817 2501 2912 2559 sed
2943 2516 3036 2555 eos
3070 2499 3164 2569 qui
3203 2512 3260 2551 se
3293 2496 3458 2549 Deum
3489 2500 3848 2561 agnoscerent

2267 2616 2328 2653 ac
2364 2600 2775 2669 proliterentur.
2812 2595 2886 2649 Ita
2918 2605 2971 2649 et
3007 2596 3147 2664 apud
3178 2591 3405 2656 inferos,
3454 2603 3512 2644 se
3552 2600 3851 2656 agnosecn-

2268 2700 2369 2755 tes,
2402 2702 2566 2760 atque
2597 2696 2653 2742 ut
2686 2687 2853 2742 Deum
2885 2699 3192 2750 veneratus,
3234 2672 3547 2752 sospitavit,
3573 2681 3628 2732 in
3661 2679 3850 2731 vitam-

2266 2792 2373 2846 que
2409 2777 2648 2831 restituit
2695 2793 2709 2832 :
2747 2776 2837 2845 qui
2898 2776 2948 2828 id
3002 2776 3225 2828 minime
3276 2771 3556 2834 fecissent,
3604 2783 3701 2822 eos
3735 2783 3850 2821 cum

2269 2869 2486 2923 Orcinis
2542 2867 2837 2938 spiritibus
2899 2867 3140 2936 reliquit.
3203 2865 3392 2932 Itaque
3429 2871 3484 2917 et
3546 2860 3720 2912 David
3779 2846 3850 2913 sic

2270 2962 2500 3017 eIIatur:
2528 2981 2545 3013 ι
2574 2962 2977 3016 Convertantur
2998 2969 3312 3028 peccatores
3339 2960 3392 3011 in
3414 2958 3711 3016 infernum,
3740 2973 3846 3008 om-

575 3045 738 3098 homo
783 3044 837 3096 in
870 3057 934 3144 ξῖο
1002 3043 1091 3111 (ιυὶ
1147 3043 1274 3144 fec.”
1325 3054 1494 3144 em“:
1531 3039 1673 3093 0‘3"”
1721 3049 1907 3094 amem
1942 3042 2061 3112 9135
2111 3045 2234 3144 inc
2273 3069 2367 3106 nes
2419 3064 2627 3123 gentes,
2681 3068 2800 3122 qua:
2836 3052 3232 3106 obliviscuntur
3284 3048 3450 3102 Deum
3486 3049 3550 3100 ".
3595 3067 3613 3100 ι
3662 3048 3727 3101 Et
3766 3062 3853 3111 per

581 3145 828 3190 sanctum
871 3134 1037 3187 Israel
1071 3132 1431 3186 intuebuntur
1464 3131 1530 3183 θ’.
1565 3149 1581 3181 ι

653 3227 834 3297 Atque
899 3225 1014 3279 hanc
1052 3234 1239 3279 sancta
1290 3227 1610 3278 oeconomia:
1669 3225 1874 3279 Christi
1931 3237 2134 3278 arcana

578 3320 857 3382 notabant,
911 3318 1112 3388 quibus
1172 3317 1540 3388 percipiendis
1606 3318 1791 3385 ipsum
1857 3318 2168 3374 Servatoris

574 3413 780 3468 Christi
832 3425 1050 3468 sacrum
1124 3425 1325 3479 corpus
1375 3412 1788 3482 pretiosumque
1847 3412 2167 3482 sanguinein

579 3506 929 3576 percipimus,
967 3514 1026 3558 ut
1057 3509 1122 3558 ab
1158 3517 1222 3558 eo
1253 3504 1443 3572 edocti,
1465 3517 1657 3557 sumus
1689 3519 1707 3557 :
1751 3521 1770 3554 ‹
1797 3502 1897 3568 Qui
1934 3505 2168 3556 mandu-

581 3606 670 3653 cat
701 3611 874 3650 meam
911 3610 1160 3658 carnem,
1206 3603 1260 3647 et
1311 3594 1446 3648 bibit
1500 3579 1681 3648 meum
1734 3593 2078 3663 sanguinem,
2116 3594 2167 3647 in

583 3701 669 3739 me
696 3693 899 3749 manet,
936 3692 990 3739 et
1022 3698 1122 3752 ego
1158 3684 1213 3736 in
1249 3683 1342 3736 illo
1383 3682 1452 3736 ⁸⁸.
1491 3700 1510 3732 ι
1562 3682 1800 3736 Ranum
1834 3683 1900 3735 ad
1935 3683 2173 3750 discipu-

585 3777 701 3829 los:
738 3792 757 3826 ‹
794 3773 1039 3842 Accipite
1063 3784 1115 3826 et
1143 3774 1414 3826 eomedite
1441 3792 1454 3827 :
1487 3773 1590 3829 hoc
1621 3784 1707 3827 est
1728 3787 1933 3840 corpus
1964 3789 2170 3830 meum.

587 3865 698 3920 Iloc
729 3868 888 3920 facite
919 3867 970 3919 in
1006 3880 1179 3918 meam
1233 3865 1807 3918 commemorationem
1845 3865 1912 3917 “.
1957 3884 1974 3915 ι
2012 3866 2176 3918 Simi-

589 3964 709 4013 liter
743 3962 888 4014 etde
917 3958 1086 4012 calice
1119 3959 1294 4012 dicit:
1331 3977 1349 4009 ι
1390 3957 1566 4012 Bibite
1597 3974 1662 4012 ex
1696 3960 1798 4012 hoc
1828 3974 2042 4013 omnes.
2077 3959 2174 4014 llic

589 4062 673 4107 est
697 4053 842 4105 enim
876 4052 1098 4120 sanguis
1161 4065 1315 4105 meus
1368 4052 1492 4104 novi
1555 4052 1889 4117 teatamenti,
1952 4055 2042 4120 qui
2078 4069 2176 4120 pro

592 4144 743 4198 vobis
775 4157 828 4197 et
855 4158 952 4213 pro
980 4141 1167 4195 multis
1201 4140 1510 4196 etfundetur
1537 4145 1588 4196 in
1645 4145 2021 4199 remissionem
2054 4162 2180 4215 pec-

587 4237 936 4292 catorum".
972 4255 990 4286 ι
1053 4235 1159 4291 Sed
1215 4237 1329 4289 htcc
1363 4239 1496 4292 satis
1541 4247 1670 4292 sunt
1697 4238 1760 4291 de
1815 4237 2060 4308 principe
2113 4254 2179 4294 ac

590 4331 778 4400 regina
811 4330 1065 4395 dierum;
1101 4343 1244 4383 nunc
1279 4330 1550 4384 orationis
1595 4344 1752 4383 axem
1804 4333 1871 4384 ad
1926 4346 2178 4386 resurre-

2272 3145 2608 3200 Ezecbielem
2631 3145 2859 3198 mortuis
2890 3145 2964 3196 ait
2986 3142 3158 3197 Deus:
3192 3162 3210 3194 ί
3237 3142 3376 3195 Ecce
3407 3156 3507 3210 ego
3539 3141 3728 3208 aperio
3751 3153 3852 3190 mc-

2272 3239 2478 3292 tnorias
2520 3248 2734 3292 vestras
2778 3254 2791 3291 :
2839 3246 2891 3291 ct
2944 3238 3197 3289 reducam
3235 3248 3330 3287 vos
3365 3234 3429 3287 de
3466 3233 3735 3299 sepulcris
3769 3246 3844 3281 ve-

2273 3331 2419 3392 stris,
2464 3330 2657 3397 pepule
2718 3329 2811 3392 mi,
2872 3337 2927 3381 et
2981 3327 3322 3378 introducam
3381 3340 3477 3377 vos
3539 3323 3589 3376 in
3651 3332 3854 3377 terram

2275 3422 2478 3486 Israel;
2517 3431 2569 3475 et
2605 3417 2951 3490 cognoscetis
2983 3418 3237 3487 quoniam
3270 3430 3369 3485 ego
3423 3431 3544 3469 sum
3597 3412 3859 3468 Dominus

2276 3525 2476 3577 vester,
2515 3529 2635 3567 cum
2657 3527 2921 3580 aperucro
2945 3510 3186 3579 sepulcra
3221 3518 3426 3572 vestra,
3451 3517 3507 3559 ut
3537 3508 3767 3560 educam
3800 3507 3860 3556 de

2275 3606 2538 3676 sepulcris
2583 3604 2838 3674 populum
2895 3615 3112 3665 meum;
3157 3608 3211 3651 et
3238 3599 3376 3652 dabo
3402 3596 3651 3664 Spiritum
3688 3611 3860 3648 mourn

2277 3704 2329 3753 in
2373 3699 2522 3752 vobis
2550 3705 2603 3749 et
2643 3698 2835 3750 vivetis
2885 3693 2952 3749 ’⁸.
2990 3712 3008 3744 ι
3049 3692 3188 3758 Quin
3235 3701 3289 3745 et
3320 3688 3444 3745 Orci
3478 3688 3858 3756 direptionem,

2279 3799 2332 3842 et
2373 3789 2684 3842 vastitatem
2750 3785 3056 3854 prrevidens
3115 3783 3318 3837 clamat
3359 3778 3530 3833 David
3588 3796 3604 3833 :
3666 3797 3686 3830 t
3727 3779 3862 3833 Deus

2277 3892 2525 3936 conteret
2556 3883 2746 3935 dentes
2783 3895 2972 3934 eorum
3012 3879 3064 3930 in
3106 3892 3200 3931 ore
3236 3879 3476 3945 ipsorum
3507 3893 3521 3929 :
3559 3874 3735 3927 molas
3760 3873 3862 3924 Iec-

2281 3989 2407 4029 nuin
2441 3970 2746 4040 confringet
2776 3970 3041 4024 Dominus
3073 3968 3140 4022 θ’.
3183 3987 3200 4017 ι
3242 3966 3311 4021 Ει
3342 3966 3443 4021 Job
3474 3983 3487 4020 :
3526 3984 3544 4017 ι
3580 3965 3727 4029 Tibi,
3764 3962 3862 4015 Do-

2281 4065 2451 4126 mine,
2481 4060 2805 4130 aperiuntur
2857 4067 3003 4110 metu
3055 4067 3226 4124 portae
3261 4054 3473 4118 mortis,
3509 4061 3564 4107 et
3611 4053 3864 4107 ianitores

2282 4156 2485 4210 inferni
2517 4154 2766 4207 videntes
2791 4161 2841 4205 te
2866 4152 3164 4205 timuerunt
3203 4149 3244 4202 ¹.
3283 4165 3301 4200 ι
3338 4145 3549 4202 Isaias:
3587 4164 3608 4198 ι
3643 4145 3864 4200 Domine

2283 4251 2448 4315 Deus,
2478 4247 2791 4316 glorificabo
2827 4255 2900 4310 te,
2959 4241 3197 4297 laudabo
3237 4254 3431 4295 nomen
3495 4249 3678 4306 tuum,
3736 4252 3865 4308 quo.

2285 4346 2429 4398 niam
2475 4340 2652 4396 fecisti
2706 4337 3077 4400 admirabilia,
3120 4334 3411 4391 consilium
3462 4333 3755 4401 antiquum
3787 4343 3866 4383 ve-

592 4422 791 4477 ctionis
826 4422 1249 4488 disputationem
1285 4433 1689 4484 convertamus,
1714 4435 1775 4474 ac
1818 4437 2033 4475 rursum
2070 4440 2165 4478 urar

2290 4452 2406 4489 rum
2442 4452 2454 4487 :
2488 4434 2614 4502 quia
2646 4429 2876 4502 posuisti
2915 4429 3164 4482 civitates
3197 4427 3248 4478 in
3283 4425 3601 4484 tumultum,
3625 4423 3866 4477 civitates

594 4520 808 4574 caeteris
835 4521 1090 4575 omnibus
1128 4519 1386 4572 Davidem
1422 4525 1878 4586 contemplemur.

1187 4630 1421 4686 CAPUT
1476 4630 1586 4683 LX.

848 4723 926 4777 De
957 4722 1151 4777 Christi
1183 4738 1214 4774 a
1265 4724 1487 4775 mortuis
1517 4725 1915 4778 resurrectione.

674 4831 691 4862 ι
725 4813 802 4865 Tu
835 4826 1141 4880 exsurgens
1195 4810 1547 4866 misereberis
1580 4810 1734 4877 Sion,
1793 4814 1918 4881 quia
1974 4821 2187 4882 tempus

603 4903 896 4957 misercndi
933 4903 1075 4971 ejus,
1114 4902 1244 4970 quia
1297 4904 1445 4954 venit
1486 4912 1718 4971 tempus.
1776 4921 1795 4954 ι
1831 4904 1894 4956 ΕΙ.
1937 4905 2134 4958 ibidem
2170 4922 2181 4954 :

610 5014 625 5044 ι
669 4994 982 5051 Αέαἰϋοεώίι
1019 4995 1283 5049 Dominus
1317 4994 1474 5059 Sion,
1504 5003 1558 5048 et
1605 4997 1880 5050 videbitur
1928 4996 1982 5049 in
2016 4997 2188 5065 gloria

601 5102 700 5138 sua
735 5103 746 5136 :
798 5089 1031 5154 respexit
1067 5087 1120 5141 in
1153 5088 1455 5140 orationem
1489 5088 1796 5140 humilium.
1835 5107 1853 5139 ι
1899 5087 2190 5154 Quorum?

603 5178 706 5241 Qui
741 5176 809 5230 ob
840 5175 1042 5244 ﬂagitia
1079 5175 1399 5244 tuancipati,
1432 5175 1613 5227 divina
1650 5176 2022 5228 misericordia
2056 5189 2192 5241 opus

607 5270 830 5324 habent.
903 5289 920 5320 ι
959 5268 1022 5322 Ει
1049 5287 1152 5323 non
1188 5269 1395 5338 Sprevit
1439 5283 1656 5337 precem
1687 5284 1874 5320 eorum
1905 5266 1972 5320 ".
2009 5286 2026 5318 ι
2081 5266 2190 5319 Ne—

675 5437 721 5466 ’¹⁹
757 5433 916 5489 Ilebr.
954 5449 1034 5498 tn,
1077 5434 1158 5485 I7.
1235 5435 1275 5463 ⁸⁷
1303 5433 1460 5488 Joan.
1492 5449 1562 5496 \l,
1635 5432 1722 5488 56.

609 5509 652 5539 ³⁵
679 5506 809 5560 Luc.
851 5521 889 5568 ι,
924 5505 1011 5555 78.
1091 5505 1134 5533 ⁸⁶
1161 5505 1259 5555 Isa.
1309 5521 1416 5570 XVI,
1445 5506 1497 5558 6.

607 5580 650 5609 “
682 5577 873 5629 Matth.
919 5591 1065 5637 xxvt,
1116 5576 1207 5627 ‘26.
1308 5577 1505 5630 “ibid.
1534 5591 1705 5638 xxvtt,
1732 5580 1823 5629 28.

613 5647 875 5711 nvt,19.
980 5647 1022 5676 ⁸⁷
1049 5648 1086 5698 I’
1122 5648 1190 5698 al.
1229 5662 1301 5712 Ix,
1335 5646 1421 5698 I8.

617 5722 639 5769 ~I
687 5732 836 5785 seqq.

1829 5434 1872 5464 ⁸⁸
1919 5432 2018 5486 lsa.
2069 5449 2142 5492 xi,
2192 5433 2274 5485 I7.

1615 5505 1658 5537 ⁸⁷
1709 5505 1940 5558 Zachai.
1991 5520 2106 5566 vin,
2137 5505 2224 5555 2‘2.

1929 5576 1974 5607 ”
2005 5576 2146 5628 I’s..l.
2174 5591 2244 5632 (ll,
2277 5573 2462 5623 14-18.

1518 5650 1562 5680 ³⁸
1590 5648 1787 5700 Ειρςιι.
1825 5663 2031 5709 xxxttt,
2077 5648 2162 5706 Ην
2200 5645 2279 5697 l5-

2289 4529 2546 4591 munitas,
2576 4536 2632 4578 ut
2671 4525 2931 4580 caderent
2968 4521 3325 4575 fundamenta
3355 4532 3570 4578 earum,
3626 4516 3865 4569 civitates

2290 4619 2584 4686 impiormn
2624 4616 2675 4668 in
2720 4623 2986 4668 internum
3023 4611 3382 4665 vastabuntur
3410 4625 3424 4661 :
3455 4617 3752 4675 prepterea
3787 4606 3868 4658 bc-

2293 4715 2506 4768 nedicct
2538 4711 2633 4764 tibi
2672 4709 2904 4779 populus
2949 4722 3177 4776 pauper,
3211 4716 3268 4758 et
3307 4703 3557 4757 civitates
3591 4701 3867 4756 hominum

2293 4810 2550 4880 injuriam
2584 4805 3003 4870 sustinentium,
3041 4812 3093 4855 te
3141 4800 3473 4853 timentium.
3527 4795 3702 4851 Fuisti
3741 4795 3868 4850 enim

2296 4902 2440 4956 Omni
2473 4899 2680 4953 civitati
2716 4896 2905 4949 bumili
2951 4893 3245 4946 auxiliator
3269 4891 3311 4943 ³.
3348 4909 3366 4940 ι
3415 4889 3636 4957 Impias,
3669 4889 3869 4958 Opinor,

2296 4998 2568 5046 daemones
2629 5000 2810 5053 vocat,
2877 4987 3072 5056 oppida
3125 4983 3359 5048 munita,
3401 4982 3526 5035 Orci
3580 4983 3789 5049 regiam
3827 4989 3874 5030 et

2297 5084 2490 5139 mortis
2517 5081 2831 5145 domicilia;
2856 5096 2881 5132 a
2907 5078 3110 5148 quibus
3137 5077 3348 5139 inopes,
3376 5088 3428 5129 et
3451 5091 3554 5131 non
3577 5075 3873 5142 plenissimi

2300 5179 2543 5232 moribus
2599 5191 2722 5229 cum
2783 5175 2982 5227 virtute
3032 5170 3340 5240 conjunctis
3385 5167 3776 5222 detinebantur
3823 5179 3876 5217 ac

2297 5267 2737 5336 possidebantur.
2779 5263 2970 5332 Inopes
3003 5263 3146 5316 enim
3168 5270 3294 5315 sunt
3321 5273 3511 5313 omnes
3553 5258 3648 5327 qui
3673 5255 3878 5310 virtutis

2371 5431 2415 5460 ⁸³
2444 5427 2547 5482 Isa.
2579 5444 2688 5491 xvt,
2713 5428 2767 5482 .I.
2841 5426 2886 5457 ⁸³
2913 5407 3209 5487 .Inan.xrv,
3239 5423 3331 5501 .20.
3377 5420 3498 5501 ηυ-
3520 5419 3628 5475 Isa.
3682 5416 3879 5501 “nﬁ-

2326 5501 2370 5531 ⁸⁸
2401 5503 2529 5553 ibid.
2566 5489 2686 5562 xm,
2714 5500 2768 5551 2.
2882 5500 2926 5527 '9
2956 5500 3059 5550 isa.
3085 5510 3217 5557 xvu,
3249 5493 3299 5544 7.
3377 5490 3424 5521 ⁹⁰
3473 5489 3635 5545 Joan.
3689 5507 3763 5551 rt.
3800 5490 3879 5540 543.

2326 5573 2462 5623 l-I8.
2559 5569 2756 5623 “Ibid.
2791 5569 2874 5620 I9.
2980 5567 3024 5598 π
3060 5567 3197 5618 I’sal.
3247 5579 3467 5624 LXXXIV,
3522 5564 3604 5616 I6.
3716 5565 3761 5624 ’ξ
3787 5559 3880 5610 15].

2380 5644 2424 5673 ν’
2471 5642 2609 5696 Psal.
2654 5656 2806 5706 LVIII,
2837 5641 2887 5692 7.
2995 5635 3136 5690 ‘Job
3183 5649 3388 5695 xxxv",
3433 5634 3487 5688 7.
3589 5630 3742 5685 'Isa.
3783 5644 3884 5690 ut,
