3956 6324
6 92 386 210 *⁸⁵

6 264 81 325 09

1090 268 1482 330 DIALOGUS
1509 265 1818 330 CONTRA
1850 274 1884 334 Ι
1894 275 2183 338 UD/EOS.

3166 275 3270 340 910

6 391 106 442 pes
142 391 258 433 non
280 377 553 434 obtinent.
584 378 776 448 Itaque
804 387 958 434 vates
987 380 1442 450 gratulabundus,
1472 393 1576 431 non
1606 379 1651 435 A
1682 380 1959 450 desuper:
1997 396 2052 440 et
2080 386 2303 456 spiritus
2338 401 2444 442 non
2461 394 2578 441 erat
2600 386 2651 439 iu
2670 385 2770 441 eis.
2794 385 2860 438 Et
2883 385 3020 440 dixit
3048 387 3116 441 ad
3146 402 3268 443 me:

6 479 118 525 irco
169 472 350 526 solum
389 487 420 525 a
471 470 692 524 Christo
721 471 959 538 direpto.
1021 473 1117 527 sed
1171 472 1336 528 etiam
1391 469 1579 525 inuni-

6 559 184 612 tentis
213 559 337 626 ejus
369 557 618 612 funditus
653 559 888 624 eversis,
915 559 988 614 ait
1018 577 1032 613 :
1081 578 1100 611 r
1141 557 1314 614 Fuisti
1349 557 1584 612 auxilia-

6 666 65 703 π
100 650 265 702 omni
303 649 514 702 civitati
553 650 768 716 humili,
804 670 822 702 ι
856 653 908 704 id
941 661 1044 714 est,
1083 652 1276 706 anima:
1308 649 1579 715 contrita},

11 742 118 795 nod
198 749 254 794 et
314 740 482 794 David
541 742 827 810 profitetur
883 757 898 793 :
963 761 981 792 ι
1018 741 1129 796 Cor
1182 740 1475 796 contritum
1529 746 1583 794 et

11 830 363 894 uluiliatum,
385 831 547 896 Deus,
572 845 679 885 non
711 830 979 899 despicies
1002 833 1047 884 ⁸.
1069 848 1088 882 ι
1113 829 1246 884 Nam
1265 830 1485 884 Christo
1514 829 1580 880 ad

15 923 197 975 rferos
223 922 623 988 descendente,
659 937 765 976 non
797 931 1118 977 sanctorum
1145 924 1341 976 animae
1369 929 1581 976 tantum

14 1013 235 1067 berata:
263 1022 396 1066 sunt
431 1012 575 1076 inde,
611 1014 709 1067 sed
741 1025 934 1066 omnes
958 1013 1096 1067 adeo
1120 1011 1275 1087 prius
1295 1011 1350 1065 in
1379 1008 1581 1066 diaboli

6 1119 196 1167 rrore,
234 1112 292 1156 et
330 1103 758 1156 simulacrorum
784 1102 933 1156 cultu
977 1103 1302 1157 servitutem
1336 1103 1584 1157 servien-

6 1212 75 1261 es,
109 1196 271 1250 aucti
303 1195 584 1266 agnitione
609 1193 727 1261 Dei,
785 1195 1018 1250 salutem
1082 1206 1212 1250 sunt
1244 1194 1576 1259 consecuti:

11 1303 148 1342 uare
198 1299 254 1343 et
288 1289 493 1358 gratias
522 1290 776 1358 agebant,
805 1287 974 1343 Deum
1023 1278 1333 1344 laudantes.
1368 1287 1490 1345 Jam
1525 1297 1582 1343 ct

6 1381 72 1432 Iei
109 1379 306 1435 Patris
336 1395 436 1449 per
462 1380 688 1444 Isaiam,
716 1379 833 1434 haec
866 1388 996 1443 sunt
1023 1381 1090 1435 ad
1130 1379 1328 1435 Filium
1357 1382 1523 1435 verba
1565 1398 1578 1434 :

35 1471 324 1541 Tempore
372 1483 598 1540 accepto
630 1473 884 1527 exaudivi
935 1481 1012 1536 te,
1044 1481 1100 1528 et
1147 1473 1200 1528 in
1249 1474 1338 1528 die
1385 1472 1583 1528 salutis

9 1566 285 1621 uxiliatus
306 1581 426 1620 sum
458 1567 573 1632 tui;
603 1575 651 1621 et
688 1567 808 1621 dedi
837 1574 889 1621 te
931 1566 988 1619 in
1029 1574 1416 1621 testamentum
1453 1581 1585 1636 gen-

9 1663 141 1720 ium,
181 1667 247 1711 ut
275 1659 644 1713 constitueres
674 1666 899 1721 terram,
924 1665 979 1713 et
1005 1657 1315 1725 possideres
1345 1657 1582 1712 haeredi-

1689 471 1966 543 Propheta
1998 492 2163 547 super
2186 479 2457 546 spiritum,
2483 481 2772 549 propheta,
2808 479 2882 532 fili
2913 479 3174 542 hominis,
3211 489 3266 534 et

1689 564 1777 619 dic
1807 567 2023 635 spiritui
2059 588 2072 622 :
2109 568 2236 625 Haec
2265 571 2399 626 dicit
2429 573 2692 627 Dominus
2720 593 2733 628 :
2764 573 2803 626 A
2841 581 3077 641 quatuor
3110 571 3274 640 spiri-

1688 652 1834 710 tibus
1857 656 1983 727 .(48)
2025 659 2170 721 veni,
2223 668 2277 713 et
2339 657 2551 715 insuﬂh
2610 661 2664 714 in
2713 671 2958 716 mortuos
2996 647 3136 714 istos
3164 699 3180 725 ,
3217 670 3274 716 et

1689 748 1894 804 vivant.
1929 748 1994 802 Et
2042 750 2386 819 prophetavi,
2423 752 2566 806 sicut
2622 763 2954 822 praeceperat
3009 755 3162 807 mihi.
3208 752 3276 806 Et

1686 839 1974 910 ingressus
2009 841 2062 896 in
2093 857 2189 896 eos
2217 851 2301 898 est
2335 843 2599 912 spiritus;
2629 853 2682 898 et
2720 843 2980 897 vixerunt
3008 883 3022 908 ,
3070 855 3124 896 et
3159 853 3274 898 ste—

1687 939 1872 984 terunt
1928 932 1981 986 in
2037 934 2267 1001 pedibus
2301 936 2436 1001 suis,
2464 937 2837 1005 congregatio
2883 936 3049 989 multa
3089 936 3272 988 nimis.

1687 1018 1754 1073 Et
1780 1020 2000 1098 locutus
2033 1033 2119 1077 est
2153 1023 2415 1079 Dominus
2440 1025 2506 1078 ad
2537 1040 2642 1091 me,
2675 1026 2867 1080 dicens
2895 1043 2907 1078 :
2960 1023 3062 1078 Fili
3100 1024 3276 1078 homi—

1683 1112 1796 1177 nis,
1848 1128 1972 1168 ossa
2022 1115 2136 1169 haec
2187 1116 2365 1170 omnis
2418 1116 2612 1172 domus
2658 1115 2824 1171 Israel
2863 1127 2948 1171 est
2996 1134 3010 1170 :
3072 1124 3126 1170 et
3173 1115 3276 1182 ipsi

1692 1203 1886 1256 dicunt
1918 1219 1932 1257 :
1969 1202 2135 1258 Arida
2178 1203 2326 1258 facta
2363 1213 2491 1258 sunt
2536 1220 2658 1262 ossa
2700 1214 2912 1272 nostra,
2949 1205 3112 1275 periit
3147 1219 3277 1272 spes

1689 1303 1900 1359 nostra,
1948 1295 2333 1352 dissonuimus.
2365 1296 2660 1363 Propterea
2695 1299 3016 1360 vaticinare,
3045 1289 3100 1352 et
3138 1297 3227 1352 dic
3257 1314 3271 1350 :

1691 1383 1820 1438 Iizrc
1872 1383 2006 1440 dicit
2058 1387 2319 1442 Dominus
2371 1404 2386 1445 :
2436 1387 2580 1443 Ecce
2610 1402 2709 1457 ego
2753 1389 2941 1458 aperio
2978 1389 3275 1444 memorias

1698 1484 1912 1530 vestras
1948 1493 1963 1528 :
1996 1482 2050 1528 et
2102 1476 2358 1530 reducam
2403 1493 2498 1531 vos
2530 1479 2593 1530 de
2626 1478 2892 1546 sepulcris
2927 1479 3145 1542 vestris,
3176 1492 3278 1545 po-

1697 1565 1820 1634 pule
1856 1567 1954 1632 mi,
2002 1577 2058 1622 et
2089 1568 2435 1622 introducam
2482 1585 2580 1622 vos
2617 1569 2669 1623 in
2705 1577 2909 1623 terram
2959 1570 3128 1623 Israel
3168 1569 3213 1626 ἵ.
3253 1588 3273 1621 s

1687 1655 1801 1710 Iioc
1823 1642 2127 1712 Ezechielis
2140 1658 2462 1712 vaticinium
2479 1660 2841 1726 complevisse
2866 1675 3048 1713 meum
3073 1645 3280 1726 iesum,

7 1759 116 1802 stes
151 1751 409 1805 desertas
433 1749 477 1815 ⁸,
511 1767 530 1801 ι
569 1765 668 1818 per
698 1752 944 1805 desertas
978 1750 1326 1804 hmreditates
1378 1749 1583 1804 inferos
1619 1727 1661 1785 Β
1689 1746 1852 1801 docet
1897 1747 2234 1817 evangelista
2289 1749 2348 1809 in
2385 1749 2503 1803 hazc
2554 1749 2718 1803 v'erba
2749 1768 2781 1812 ε,
2807 1768 2826 1801 ‹
2865 1748 2932 1803 Et
2975 1765 3103 1804 ecce
3135 1756 3279 1803 terra

13 1840 307 1906 iguilicans
333 1880 349 1904 ,
386 1854 521 1909 quos
554 1840 777 1893 omnino
807 1841 1052 1895 desertos
1085 1848 1246 1908 atque
1278 1847 1463 1895 vastos
1490 1840 1586 1893 ha-

6 1932 99 1982 lUil
133 1931 422 1985 Christus.
479 1931 620 1997 Quin
662 1942 722 1986 ut
753 1933 1058 1988 orationem
1091 1931 1432 2001 exploratam
1463 1931 1588 1986 red-

6 2022 164 2089 leret,
207 2023 495 2092 subiungit
523 2040 536 2076 :
577 2041 595 2075 ι
632 2024 826 2078 Dicens
862 2023 946 2078 his
971 2024 1064 2093 qui
1096 2025 1150 2078 in
1175 2023 1411 2079 vinculis
1435 2033 1586 2090 sunt,

6 2117 185 2183 Exite;
222 2125 279 2172 et
319 2118 407 2173 his
463 2119 556 2187 qui
601 2120 652 2172 in
709 2119 974 2197 tenebris,
1028 2127 1088 2173 ut
1127 2119 1438 2174 revelentur
1482 2120 1527 2174 '.
1565 2138 1584 2172 ι

6 2206 157 2263 )seas
188 2211 368 2275 addit,
393 2219 653 2279 tanquam
691 2225 750 2264 se
776 2212 1132 2265 hortarentur
1161 2221 1218 2266 et
1249 2210 1592 2279 impellerent
1619 2209 1630 2217 ’

15 2302 232 2355 nvicem
289 2302 538 2357 dicentes
571 2319 586 2355 :
641 2321 660 2354 ι
684 2303 888 2357 Eamus
923 2311 979 2358 et
1015 2313 1355 2358 revertamur
1386 2306 1452 2358 ad
1489 2305 1592 2357 Do-

6 2394 194 2446 mitium
232 2393 401 2447 Deum
444 2403 713 2460 nostrum,
759 2396 886 2464 quia
925 2396 1042 2465 ipse
1077 2395 1208 2450 fecit
1248 2410 1346 2450 nos
1381 2405 1436 2451 et
1469 2412 1594 2450 san-

6 2485 256 2539 :tilicabit
290 2501 390 2539 nos
418 2497 539 2555 post
560 2487 676 2542 dies
694 2487 828 2541 duos
851 2487 892 2541 ⁶.
919 2507 936 2540 ι
962 2486 1189 2566 sentitis
1224 2489 1544 2558 prophetam
1571 2489 1594 2542 τ

6 2574 240 2630 Primum
291 2578 532 2632 divinam
568 2590 820 2632 naturam
851 2579 1084 2634 innuens
1109 2579 1226 2635 ait:
1267 2598 1286 2632 ι
1319 2579 1440 2648 Ipse
1468 2579 1597 2634 fecit

6 2682 96 2720 nos
133 2687 148 2722 :
189 2687 209 2720 ι
247 2676 363 2722 tum
397 2678 577 2723 autem
600 2671 939 2738 corporalem
956 2668 1167 2746 Christi
1194 2680 1422 2725 mortem
1456 2686 1595 2741 prae-

6 2760 210 2827 sagiens
241 2776 258 2814 :
294 2777 315 2811 ‹
339 2759 626 2816 Postduns
662 2762 797 2826 dies,
816 2763 1011 2830 inquit,
1034 2761 1395 2817 sanetillcabit
1422 2778 1542 2830 nos,
1570 2783 1590 2816 ι

7 2849 122 2902 illud
153 2851 386 2905 omnino
411 2861 471 2906 ut
516 2852 875 2919 praeteritum,
915 2853 1016 2906 hoc
1064 2860 1121 2904 ut
1188 2851 1468 2919 futurum;
1502 2853 1598 2920 de:

7 2938 158 3008 nique
186 2952 249 2995 ut
286 2951 581 3011 utrumque
606 2941 944 3006 ostenderet,
976 2942 1236 2996 audacter
1261 2941 1449 2995 addit:
1487 2960 1506 2992 ι
1539 2939 1596 2995 1η

16 3032 90 3084 die
125 3033 294 3088 tertio
328 3047 680 3102 resurgentus
708 3042 764 3087 et
803 3030 1054 3087 vivemus
1099 3048 1227 3087 cum
1260 3046 1348 3089 eo.
1389 3050 1408 3083 ι
1466 3031 1668 3126 Eae-'6

12 3122 139 3175 chiel
175 3123 346 3177 etiam
385 3121 670 3176 declarans
703 3122 796 3177 Dei
826 3121 1284 3191 magnitudinem,
1309 3136 1374 3176 ac
1403 3136 1595 3190 quem-

24 3211 312 3266 admodum
349 3227 445 3266 sua
483 3211 590 3265 sibi
630 3211 873 3280 paranda
927 3212 1336 3266 resurrectione
1368 3211 1592 3280 polleat,

22 3315 113 3353 non
147 3302 213 3356 de
237 3301 465 3356 Christo
494 3303 677 3366 modo,
709 3303 805 3356 sed
838 3301 906 3355 de
933 3301 1191 3355 omnibus
1223 3316 1439 3370 quoque
1473 3315 1594 3356 cum

23 3405 75 3443 eo
94 3392 250 3446 simul
273 3392 528 3447 redivivis
540 3402 620 3448 est
639 3393 984 3448 vaticinatus.
1007 3393 1275 3447 Casterum
1291 3393 1380 3460 qui
1399 3393 1598 3446 multos

23 3485 276 3538 suscitare
339 3495 538 3553 potest,
603 3493 809 3554 quanto
848 3485 1022 3554 magis
1059 3485 1301 3552 seipsum
1354 3481 1596 3550 poterit?

29 3576 180 3642 igitur
206 3579 416 3633 diserte
445 3580 649 3632 clamat
678 3596 692 3632 :
731 3597 748 3629 ε
780 3577 946 3632 Facta
984 3585 1067 3631 est
1095 3591 1258 3644 super
1285 3590 1370 3629 me
1402 3589 1597 3629 manus

35 3666 229 3722 Domini
261 3685 277 3726 :
312 3677 368 3723 et
407 3669 593 3723 eduxit
631 3684 715 3724 me
747 3670 800 3723 in
851 3668 1044 3737 spiritu
1077 3665 1291 3720 Domini
1325 3676 1380 3720 et
1419 3666 1600 3736 posuit

33 3773 101 3811 me
133 3759 183 3813 in
216 3759 401 3814 medio
430 3760 607 3829 campi
639 3777 652 3813 :
687 3769 740 3814 et
772 3760 860 3814 hic
885 3769 1003 3812 erat
1029 3759 1222 3828 plenus
1268 3757 1474 3811 ossium
1503 3759 1602 3811 ho-

35 3849 218 3902 minum
247 3868 262 3904 :
297 3861 351 3904 et
383 3835 754 3903 circumduxit
786 3863 871 3902 tne
900 3863 1066 3918 super
1095 3861 1156 3902 ea
1189 3862 1286 3915 per
1314 3861 1503 3916 gyrum
1547 3847 1600 3901 in

38 3940 247 3995 circuitu
282 3959 297 3994 :
335 3951 390 3996 et
425 3955 554 3995 ecce
582 3940 750 3995 multa
781 3940 948 3996 nimis
982 3954 1146 4005 super
1173 3937 1367 3992 faciem
1400 3939 1598 4006 campi,

41 4031 166 4084 arida
202 4031 584 4087 vehementer.
646 4030 712 4084 Et
742 4029 881 4083 dixit
917 4029 980 4083 ad
1033 4043 1119 4082 me
1151 4046 1166 4083 :
1200 4027 1302 4082 Fili
1343 4027 1599 4092 hominis,

41 4121 75 4172 si
102 4122 278 4180 vivent
309 4138 435 4178 Ossa
475 4122 632 4176 haec?
661 4120 725 4174 Et
747 4121 854 4175 dixi
900 4139 914 4174 :
953 4120 1198 4180 Domine.
1251 4120 1500 4185 Domine,
1545 4128 1602 4174 tu

46 4215 161 4267 nosti
189 4215 327 4269 hac.
366 4213 433 4268 Et
456 4213 593 4266 dixit
617 4214 683 4266 ad
712 4227 796 4266 tne
828 4228 842 4265 :
879 4210 982 4275 Fili,
1027 4211 1286 4277 hominis,
1340 4212 1603 4282 propheta

45 4317 183 4372 super
214 4320 337 4362 ossa
374 4307 478 4359 ista
517 4320 532 4370 ;
565 4313 621 4358 et
651 4303 802 4358 dices
835 4303 915 4359 eis
957 4320 972 4357 :
1004 4301 1141 4358 Ossa
1193 4305 1370 4370 arida,
1422 4305 1608 4360 audite

1692 1849 1838 1894 mota
1875 1850 1983 1903 est,
2040 1849 2095 1895 et
2146 1852 2316 1910 petrae
2368 1842 2560 1897 scissae
2614 1853 2765 1905 sunt,
2815 1851 2871 1896 et
2925 1848 3279 1900 monumenta

1690 1943 1876 2002 aperta
1904 1941 2050 1996 sunt,
2093 1941 2147 1987 et
2177 1934 2342 1987 multa
2380 1949 2611 2000 corpora
2646 1942 2987 1995 sanctorum,
3023 1932 3115 2001 qui
3148 1931 3283 1985 dor-

1697 2026 1955 2097 inierant,
1987 2026 2364 2082 surrexerunt.
2398 2025 2465 2080 Et
2508 2037 2771 2081 exeuntes
2809 2026 2878 2080 de
2907 2021 3278 2093 munumentis

1702 2129 1826 2189 post
1871 2121 2329 2175 resurrectionem
2382 2121 2522 2189 ejus,
2583 2128 2854 2192 venerunt
2904 2117 2958 2172 in
3033 2124 3281 2172 sanctam
3359 2169 3380 2185 χ

1692 2210 2020 2273 civitatem,
2117 2219 2172 2264 et
2249 2217 2612 2280 apparuerunt
2685 2207 2938 2264 multis“.
2987 2225 3006 2258 ι
3112 2204 3285 2262 Isaias

1695 2317 1919 2370 quoque
1978 2303 2274 2358 ostendens
2332 2300 2769 2372 Hierosolymam
2818 2312 2941 2372 post
3009 2301 3281 2355 excidium

1695 2412 1918 2449 rursum
1937 2396 2201 2462 illustrem
2221 2393 2485 2460 futuram,
2505 2410 2743 2471 sacram,
2763 2403 2982 2450 auctam
3006 2395 3282 2460 thesauro.

1694 2484 1792 2538 Dei
1824 2485 2057 2538 hominis
2079 2481 2206 2539 Iesu
2261 2485 2514 2553 sepulcro
2545 2524 2562 2550 ,
2614 2485 2851 2541 clamat:
2907 2503 2926 2537 ι
2957 2485 3289 2554 Aperientur

1697 2569 1868 2646 portae
1904 2586 2010 2631 tua:
2053 2590 2316 2645 semper:
2350 2577 2439 2632 die
2475 2591 2541 2632 ac
2583 2585 2746 2632 nocte
2791 2593 2898 2632 non
2935 2575 3285 2640 claudentur.

1699 2678 1760 2724 ut
1816 2669 2165 2724 introducant
2216 2669 2284 2724 ad
2339 2678 2392 2725 te
2448 2669 2829 2724 fortitudinem
2897 2669 3179 2740 gentium,
3232 2678 3299 2737 et.

1700 2775 1860 2833 reges
1889 2776 2104 2825 earum,
2136 2761 2231 2832 qui
2279 2761 2583 2816 adducendi
2637 2770 2786 2817 sunt.
2821 2762 3024 2816 Gentes
3057 2759 3202 2814 enim
3233 2767 3292 2815 et

1700 2867 1877 2921 reges,
1912 2851 2004 2919 qui
2057 2834 2164 2917 npn
2197 2852 2439 2908 servient
2495 2850 2613 2917 tibi,
2663 2851 2942 2920 peribunt,
2997 2859 3050 2903 et
3097 2857 3290 2918 gentes

1701 2943 1994 2998 solitudine
2021 2943 2414 2998 desolabuntur
2451 2942 2494 2996 ⁸.
2527 2960 2548 2996 ι
2599 2942 2812 2998 Videtis
2837 2952 2920 3013 _ut
2969 2942 3037 2995 de
3068 2940 3292 2996 Christo

1702 3035 2023 3089 vaticinium
2056 3033 2168 3089 sit?
2197 3035 2328 3099 Quae
2351 3034 2499 3089 enim
2533 3048 2688 3104 gens,
2720 3042 2812 3086 aut
2845 3033 2936 3100 qui
2969 3047 3064 3086 rex
3096 3029 3290 3086 Iiieroo

1699 3125 1922 3196 solyma:
1953 3124 2200 3196 servivit,
2228 3132 2322 3178 aut
2353 3122 2580 3192 supplex
2612 3110 2851 3177 accidit?
2907 3121 3070 3176 Addit
3105 3137 3121 3175 :
3163 3137 3184 3174 ι
3221 3119 3290 3176 Et

1701 3216 1873 3286 gloria
1928 3214 2122 3268 Libani
2150 3214 2216 3268 ad
2257 3223 2308 3269 te
2338 3213 2520 3268 veniet
2545 3213 2601 3268 in
2625 3211 2926 3284 cyparisso,
2957 3221 3012 3266 et
3053 3212 3201 3281 pino,
3234 3221 3292 3267 et

1699 3306 1862 3360 cedro
1885 3302 2068 3364 simul.
2104 3313 2162 3357 ut
2198 3302 2535 3372 gloriﬁcetur
2567 3301 2719 3356 locus
2755 3306 2978 3354 sanctus
3015 3313 3204 3354 meus:
3235 3307 3290 3354 et

1701 3398 1880 3452 locum
1923 3395 2122 3464 pedum
2160 3407 2406 3448 meorum
2453 3391 2772 3463 gloriﬁcaho
2802 3390 2871 3445 ".
2903 3407 2924 3442 ι
2968 3390 3282 3456 Explicato,

1700 3487 1842 3558 quod
1871 3486 2244 3555 Hierosolyma
2289 3492 2556 3549 maneret,
2591 3482 2882 3548 beneﬂcio,
2912 3483 3090 3553 aperit
3115 3485 3170 3536 et
3195 3497 3293 3536 au-

1701 3589 1948 3641 ctorem;
1986 3577 2142 3647 quasi
2187 3576 2395 3630 diceret
2437 3594 2452 3629 :
2495 3574 2632 3630 Cum
2671 3575 2723 3628 in
2763 3573 2892 3643 pino
2920 3559 2978 3629 et
3005 3573 3194 3637 cedro,
3224 3588 3290 3627 ac

1703 3685 1983 3741 cupresso,
2037 3685 2102 3726 ex
2149 3669 2347 3740 quibus
2383 3667 2658 3742 fabricata
2730 3675 2850 3721 erat
2901 3680 3057 3731 crux,
3119 3665 3285 3719 Deum

1707 3763 1977 3817 hominem
1997 3759 2179 3814 Jesum
2205 3759 2472 3824 videritis,
2493 3765 2602 3811 tum
2625 3758 2692 3811 ab
2717 3772 2783 3812 eo
2798 3759 2913 3813 base
2936 3757 3117 3812 omnia
3139 3755 3291 3811 ﬁent.

1702 3857 1778 3908 Ae
1815 3854 1990 3907 videte
2021 3851 2358 3917 superiorum
2389 3864 2456 3904 ex
2506 3848 2572 3903 iis
2625 3863 2743 3916 qute
2792 3856 3124 3917 sequuntur,
3167 3863 3294 3901 sen-

1706 3945 1925 4000 tentiam
1963 3960 1977 3995 :
2022 3962 2039 3992 r
2071 3939 2135 3994 Et
2181 3941 2342 3995 ibunt
2365 3939 2430 3994 ad
2459 3948 2512 3995 te
2543 3940 2799 3994 timentes
2825 3938 2918 3992 ﬁlii
2951 3952 3165 4000 eorum,
3199 3938 3294 4008 qui

1707 4047 1757 4092 te
1787 4035 2210 4091 humiliaverunt
2232 4033 2298 4087 ¹¹.
2335 4053 2355 4086 ι
2384 4031 2690 4102 Intelligitis
2728 4038 3038 4086 accuratam
3063 4030 3297 4100 prophe-

1711 4138 1776 4181 ta:
1799 4125 2173 4196 diligentiam?
2193 4122 2327 4177 Nam
2351 4123 2494 4192 quod
2517 4122 2670 4188 dicit,
2693 4121 3002 4191 hujusmodi
3026 4129 3111 4175 est
3139 4138 3152 4173 :
3189 4121 3299 4175 Ro-

1709 4234 2013 4284 manorum,
2044 4219 2135 4292 qui
2150 4226 2200 4271 te
2218 4215 2423 4286 pridem
2443 4214 2773 4277 alilixerunt,
2793 4215 3018 4282 posteri,
3039 4211 3300 4266 formido-

1709 4313 1812 4368 losi
1838 4327 1901 4366 ac
1923 4318 2219 4365 trementes
2235 4309 2391 4363 modo
2408 4306 2472 4362 ad
2493 4319 2543 4362 te
2557 4305 2850 4362 continent.
2878 4324 2895 4358 ι
2907 4303 2974 4359 Et
2992 4304 3300 4360 adorabunt

45 4396 242 4452 verbum
276 4395 518 4451 Domini.
579 4394 708 4451 llaec
736 4395 871 4450 dicit
899 4394 1158 4450 Dominus
1187 4396 1410 4451 ossibus
1441 4395 1563 4452 istis
1591 4416 1604 4452 :
1641 4406 1685 4461 υ
1715 4402 1938 4472 vestigia
1969 4398 2166 4470 pedum
2210 4407 2425 4451 tuorum
2450 4438 2466 4463 ,
2502 4397 2597 4465 qui
2631 4387 2999 4469 detrahebant
3044 4392 3159 4462 (49)
3181 4392 3295 4448 tibi

49 4483 165 4540 Ecce
191 4502 292 4558 ego
326 4485 498 4540 ali‘ero
527 4500 693 4556 super
739 4500 840 4542 vos
885 4485 1140 4554 spiritum
1192 4487 1356 4553 vitae,
1387 4497 1443 4543 et
1470 4487 1612 4544 dabo

51 4590 189 4646 super
216 4594 317 4634 vos
343 4592 568 4641 nervos,
600 4586 656 4633 et
678 4576 931 4632 inducam
965 4593 1130 4647 super
1158 4592 1256 4633 vos
1283 4593 1525 4645 carnem,
1559 4588 1614 4634 et

53 4674 317 4726 extendam
346 4686 510 4740 super
535 4686 633 4727 vos
657 4670 879 4742 pellem,
907 4679 962 4726 et
990 4671 1132 4726 dabo
1155 4671 1406 4741 spiritum
1431 4687 1612 4725 meum

55 4755 95 4810 in
130 4762 306 4818 vobis:
344 4771 402 4814 et
429 4761 622 4816 vivetis
651 4778 666 4815 :
698 4771 757 4816 et
802 4761 1148 4834 cognoscetis
1187 4762 1448 4829 quoniam
1511 4777 1612 4832 ego

55 4861 151 4905 sum
183 4855 475 4909 Dominus.
506 4853 568 4908 Et
603 4854 952 4924 prOpbetavi,
985 4855 1127 4908 sicut
1161 4853 1420 4922 przecepit
1452 4854 1607 4908 mihi.

62 4939 110 4994 Et
148 4946 286 5002 facta
332 4954 423 4999 est
468 4960 594 5012 vox,
635 4961 757 4999 cum
793 4961 895 5016 ego
916 4947 1336 5012 prophetarcm;
1387 4957 1440 5000 et
1483 4961 1612 5001 ecce

63 5038 333 5093 commotio
366 5055 382 5091 :
419 5044 474 5089 et
501 5036 836 5099 accedebant
871 5052 998 5090 ossa
1031 5037 1262 5090 invicem
1304 5038 1370 5089 ad
1394 5036 1612 5102 junctu-

42 5119 155 5189 l’lam
187 5144 366 5185 suam.
412 5126 477 5180 Et
518 5127 622 5182 vidi
655 5145 669 5182 :
699 5137 754 5182 et
807 5142 936 5183 ecce
991 5143 1154 5198 super
1219 5142 1281 5180 ea
1337 5129 1485 5182 nervi
1559 5139 1616 5182 et

44 5209 225 5301 {mnes
255 5225 579 5280 oriebantur
606 5240 622 5289 ;
660 5232 714 5277 et
745 5221 1303 5291 ascendebantsuper
1335 5235 1398 5276 ea
1444 5222 1614 5292 pelles

122 5428 293 5484 'Psal.
335 5443 392 5489 ι,
421 5428 508 5483 l9.
583 5428 606 5460 ⁸
631 5425 737 5482 Isa.
765 5440 918 5482 xux.
949 5424 1002 5477 8.
1079 5427 1098 5458 ⁸
1126 5424 1255 5481 ibid.
1287 5428 1340 5482 9.
1419 5427 1440 5456 ⁸
1467 5424 1592 5479 Ose.
1626 5440 1700 5487 vt,
1733 5424 1847 5477 1-5.

48 5491 139 5548 alii.
201 5499 219 5530 ⁸
247 5498 356 5548 Isa.
385 5513 474 5548 1.x.
498 5497 587 5548 II.
622 5497 706 5548 12.
789 5497 832 5528 ¹⁰
860 5495 992 5548 ibid.
1025 5496 1111 5548 I5.
1191 5497 1231 5527 ¹¹
1264 5496 1396 5548 ibid.
1425 5497 1509 5548 Η.
1594 5496 1634 5525 ¹¹
1659 5495 1790 5548 ibid.

1659 5512 1790 5549 ιυιυ.

48 5491 139 5566 μᾶ.
201 5499 219 5530 ⁸
247 5498 356 5553 Isa.
385 5513 474 5561 ιι,
498 5497 587 5564 Η,
622 5497 706 5552 I2.
789 5497 832 5528 ¹⁰
860 5495 992 5552 ibid.
1025 5496 1111 5550 I5.
1191 5497 1231 5527 ¹¹
1264 5496 1396 5552 ibid.
1425 5497 1509 5550 Η.

50 5569 56 5594 ἑ

133 5662 232 5744 (ιε)
249 5677 352 5734 Mc.
383 5677 656 5749 περάτων.

1722 4497 1799 4564 (et
1832 4491 2124 4548 irritabant
2160 4500 2211 4545 te
2241 4491 2330 4560 η).
2367 4509 2386 4541 ι
2426 4488 2561 4544 Nam
2596 4499 2708 4541 tum
2741 4488 2960 4556 quidem
2992 4483 3065 4540 ob
3092 4479 3299 4540 ChriSti

1719 4584 1944 4642 necandi
1967 4583 2148 4639 scelus
2181 4582 2374 4655 incolae
2422 4581 2497 4635 tui
2551 4580 2898 4648 imploratum
2927 4577 3298 4633 Romanorum

1717 4689 2004 4750 praetorem
2045 4677 2111 4730 ad
2148 4676 2419 4730 insaniam
2447 4673 2626 4743 magis
2647 4671 3022 4741 instigarunt;
3061 4678 3117 4723 at
3152 4680 3301 4724 nunc

1719 4777 2074 4840 posteaquam
2118 4767 2244 4821 vita:
2279 4765 2486 4820 fontem
2537 4765 2591 4819 in
2639 4772 2860 4834 pectore
2911 4761 3300 4818 scaturientem

1723 4871 1874 4916 tenes
1925 4877 1941 4912 :
2007 4876 2026 4909 ι
2062 4855 2382 4912 Adorabunt
2426 4854 2654 4924 vestigia
2709 4856 2907 4924 pedum
2959 4863 3173 4907 tuorum
3207 4850 3300 4922 qui

1723 4952 2014 5008 irritabant
2060 4959 2133 5004 te.
2192 4947 2255 5000 Et
2303 4946 2590 5001 vocaberis
2638 4947 2834 5001 civitas
2888 4940 3300 5007 Domini,'Sion

1723 5044 1903 5100 sancti
1937 5040 2100 5096 Israel
2136 5056 2150 5093 :
2181 5053 2281 5108 pro
2309 5053 2396 5104 eo,
2432 5037 2575 5107 quod
2611 5037 2758 5092 fuisti
2790 5036 3049 5090 derelicta
3097 5045 3151 5088 et
3177 5033 3302 5088 odio

1728 5136 1909 5190 habita
1953 5132 2018 5184 “.
2055 5150 2074 5183 ι
2110 5128 2406 5184 Observato
2431 5130 2822 5198 tpropheticam
2860 5137 3119 5181 mentem.
3157 5123 3297 5178 Cum

1724 5226 1793 5280 ob
1828 5223 2175 5280 interfectum
2201 5219 2482 5276 Christum
2513 5220 2726 5289 captiva
2754 5235 2815 5272 ac
2853 5218 3069 5273 deserta
3106 5215 3300 5280 fueris,

1869 5419 2176 5543 "ibiﬁfech.
2228 5432 2434 5481 xxxvu,
2477 5414 2633 5470 1-19..
2710 5411 2947 5469 “Matth.
3011 5406 3299 5472 xxvu,5i,

1939 5509 1950 5543 ι
1994 5507 2025 5543 It
2052 5528 2065 5541 .

1939 5507 2065 5544 ιι›ι‹ι.

1724 5716 1731 5723 .
1803 5673 1914 5739 (49)
1939 5670 2367 5738 παροξύναντις.
