3956 6324
681 253 779 317 f-ll

682 378 794 421 tum
829 356 1025 421 merito
1055 362 1229 432 magis
1257 362 1351 419 Dei
1377 363 1509 420 urbs
1536 364 1826 429 v’ocaberc,
1857 366 2002 436 quod
2027 352 2261 422 'vitalem

683 468 912 513 mortem
944 456 997 510 in
1032 465 1082 511 te
1115 453 1257 512 Deus
1286 456 1451 511 homo
1472 455 1633 512 Jesus
1658 456 1981 514 dormierit:
2013 476 2032 512 ι
2062 458 2129 522 Et
2155 440 2263 515 non

682 559 811 607 erat
846 549 942 620 qui
982 547 1341 605 auxiliaretur
1372 548 1471 604 tibi
1501 549 1567 616 “,
1602 569 1622 603 ι
1666 559 1865 618 praeter
1893 563 1982 615 me
2028 550 2262 612 scilicet,

686 643 779 723 qui
803 642 858 700 in
890 653 944 700 te
974 640 1095 700 sum
1121 643 1483 699 exanimatus.
1522 662 1542 695 ι
1596 642 1663 707 Et
1708 631 1907 717 ponam
1938 654 1991 700 te
2022 643 2265 699 exsulta-

684 738 885 801 tionem
918 745 1201 809 aeternam,
1222 735 1481 807 gaudium
1513 737 1928 806 generationum
1961 736 2269 807 generatio-

683 828 842 885 nibus
891 827 960 884 ".
992 845 1012 879 ι
1062 812 1207 885 Idem
1258 837 1316 885 et
1368 827 1663 898 Deiparens
1725 828 1890 881 David
1942 828 2261 889 ostendens.

685 921 760 975 ait
796 938 811 976 :
849 941 868 974 ι
903 920 1017 977 Nisi
1052 921 1314 978 Dominus
1343 922 1665 978 custodierit
1699 920 2003 986 civitatem,
2060 918 2262 974 frustra

685 1014 871 1082 vigilat
923 1014 1017 1085 qui
1065 1014 1304 1071 custodit
1369 1028 1486 1068 eam
1526 1013 1567 1044 ¹⁶
1622 1029 1642 1063 ι
1688 1041 1752 1051 -—
1807 1029 1827 1063 ι
1865 1009 1931 1065 Et
1977 1024 2139 1084 sttges
2182 1009 2267 1065 lac

686 1103 970 1173 gentium;
1000 1123 1019 1158 ι
1060 1103 1489 1161 collattdationen
1521 1118 1585 1158 ac
1605 1103 1764 1157 fidem
1801 1102 2085 1175 gentilium
2114 1097 2271 1156 vates

686 1198 885 1261 innuit,
926 1215 943 1248 ι
972 1205 1024 1252 et
1049 1195 1264 1252 divitias
1296 1209 1482 1264 regum
1503 1192 2012 1265 comedes..r0pus
2054 1209 2263 1265 regum,

688 1300 779 1344 aut
816 1291 884 1345 ab
919 1290 1043 1345 aliis
1084 1288 1247 1343 allata
1305 1303 1558 1353 munera,
1602 1298 1703 1365 aut
1753 1287 2186 1348 confractionem
2212 1296 2265 1341 et

685 1379 1102 1444 simulacrorum
1128 1379 1461 1449 ejectionem-
1500 1380 1760 1450 propheta
1796 1376 2111 1448 significat:
2149 1395 2168 1429 ι
2200 1374 2268 1431 Et

684 1473 847 1536 scies,
880 1472 1006 1539 quia
1032 1487 1135 1543 ego
1170 1472 1449 1535 Dominus.
1478 1471 1569 1542 qui
1619 1470 1768 1527 salvo
1796 1480 1872 1535 te,
1903 1477 1960 1524 et
1988 1468 2081 1543 qui
2130 1482 2266 1523 eruo

689 1574 742 1619 te
773 1565 917 1635 Deus
943 1563 1113 1629 Israel
1142 1564 1208 1621 ".
1241 1582 1259 1616 ι
1288 1592 1359 1603 -
1394 1581 1413 1615 ι
1440 1561 1892 1631 Quandoquidem
1937 1575 2047 1625 me,
2086 1558 2267 1634 inquit

688 1671 785 1724 per
814 1654 1130 1721 Jeremiam,
1174 1654 1457 1713 beneﬁciis
1490 1654 1672 1710 affecti
1717 1670 1824 1710 non
1864 1660 2263 1723 cognoverunt,

3658 17 3956 179 ...ηρ

1918 240 2349 327 ANDRONICI
2378 253 2729 320 COMNENI
3854 256 3932 318 nn

2372 366 2504 430 lem,
2536 366 2946 437 cerruptionciu
2992 374 3087 421 aut
3120 366 3491 435 interitionem
3525 367 3664 441 (49‘)
3713 369 3933 439 eﬂ'ugisse

2371 472 2596 524 remur;
2630 457 2712 513 sin
2737 470 2835 513 vos
2868 457 3091 523 tenetis,
3126 458 3309 512 doceri
3340 460 3597 528 petimus.

2439 548 2754 606 (Σηκιετ.ῐιι
2803 548 2920 604 hate
2964 550 3068 603 tria
3117 550 3409 605 humanam
3464 558 3716 605 naturam
3764 554 3933 621 partita

2368 654 2458 698 est
2500 643 2593 700 Dei
2640 642 2979 717 providentia
3018 660 3032 696 :
3072 643 3127 697 in
3196 657 3403 709 semen,
3468 625 3937 712 augmentationcm

2371 752 2468 794 seu
2499 737 2880 801 nutritionem,
2922 742 2977 789 et
3024 734 3078 789 in
3131 742 3331 789 statum
3363 735 3756 791 consistentia.
3791 734 3934 802 Quam

2368 832 2440 883 ob
2470 844 2691 885 causam
2729 828 2830 881 tria
2872 839 3090 897 quoque
3117 842 3182 880 ex
3215 834 3340 879 nata
3374 836 3789 894 consequuntur
3824 842 3933 880 con-

2372 921 2539 974 traria
2582 937 2597 975 :
2637 930 2809 982 mors,
2837 917 3140 989 corruptio,
3167 918 3434 974 iutcritio.
3464 918 3594 986 Quae
3620 934 3711 973 res
3745 920 3937 974 e'idCtzl

2369 1021 2454 1066 est
2504 1028 2570 1068 es
2618 1008 2972 1074 funeralibus,
3019 1024 3157 1079 quas
3201 1009 3443 1077 obimus,
3493 1010 3669 1071 feriis.
3719 1009 3853 1066 Nam
3898 1011 3935 1063 in

2370 1110 2545 1158 murle
2586 1103 2943 1173 sepulturam,
2970 1102 3023 1157 in
3068 1102 3378 1173 corruptela
3420 1106 3615 1158 tertias
3639 1118 3782 1172 quas
3806 1119 3938 1157 voca-

2370 1212 2494 1253 mus
2525 1197 2708 1262 ferias,
2759 1197 2811 1251 in
2857 1196 3019 1251 tertia
3073 1196 3541 1266 qttadragenarias
3579 1196 3819 1251 abimus.
3850 1196 3933 1249 No.

2329 1296 2333 1301 ‘
2371 1288 2649 1351 vendiales
2687 1288 2835 1346 enim
2868 1290 3173 1346 animarum
3221 1287 3608 1343 instaurationi
3646 1288 3936 1358 excogitata

2370 1390 2516 1437 sunt.
2552 1380 2717 1450 igitur
2744 1381 2961 1451 quidam
3009 1389 3137 1435 ante
3166 1380 3363 1452 legem,
3394 1390 3451 1435 et
3480 1380 3535 1457 in
3568 1379 3705 1453 lege,
3739 1389 3797 1435 et
3842 1389 3939 1449 post

2369 1473 2566 1545 legem,
2602 1476 2671 1528 ob
2711 1486 3061 1545 praestantem
3091 1476 3144 1529 iu
3172 1474 3339 1529 Deum
3373 1490 3617 1532 amorem
3664 1487 3831 1547 supra
3864 1490 3937 1529 na.

2368 1572 2545 1619 turam
2597 1563 2811 1631 luctati,
2852 1563 3261 1633 corruptionem
3309 1578 3416 1618 nou
3474 1572 3787 1645 senserunt,
3826 1577 3939 1615 mor-

2369 1663 2483 1712 tem
2521 1654 2692 1727 passi.

688 1748 885 1819 captivi
927 1757 981 1803 et
1027 1748 1289 1823 servitute
1326 1740 1535 1808 multati
1567 1745 1994 1823 cognoscent“.
2033 1763 2052 1797 ι
2097 1742 2269 1802 Jacob

2449 1767 2718 1823 Caterutn
2754 1782 2907 1823 meus
2944 1765 3197 1823 Salvator
3228 1775 3391 1837 atque
3417 1734 3562 1821 Deus
3584 1776 3817 1827 mortem
3845 1780 3941 1835 pas-

691 1852 826 1894 vero
860 1840 931 1894 ita
984 1840 1224 1909 loquitur
1259 1857 1275 1894 :
1315 1857 1336 1892 ι
1372 1838 1720 1897 Recumbeus
1756 1838 2029 1903 dormisti,
2057 1844 2117 1891 ut
2158 1836 2267 1904 leo,

691 1939 747 1985 et
796 1932 951 2002 quasi
988 1932 1203 1989 catulus
1236 1931 1449 1989 leonis:
1495 1933 1617 2003 quis
1633 1931 1916 1989 suscitabit
1938 1945 2060 1987 eum
2110 1929 2157 1961 ¹⁵
2180 1928 2206 1982 7
2244 1946 2264 1981 ι

688 2017 757 2072 Ει
810 2018 880 2074 de
937 2020 1202 2077 confectis
1245 2036 1482 2077 maerore
1532 2022 1730 2081 animis
1792 2020 1983 2086 scribit
2038 2018 2207 2074 David
2253 2035 2269 2075 :

694 2129 714 2163 ι
752 2111 1138 2169 Clamaveruut
1167 2115 1233 2168 ad
1256 2114 1554 2170 Dominum
1594 2129 1717 2170 cum
1752 2112 2169 2177 tribularentur,
2217 2121 2274 2168 et

691 2206 757 2261 do
782 2206 1203 2267 necessitatibus
1226 2222 1413 2263 eorum
1441 2208 1645 2277 eripuit
1672 2222 1789 2272 eos,
1816 2190 2075 2261 sedentes
2106 2204 2161 2259 in
2188 2214 2270 2257 te-

692 2298 873 2353 nebris
915 2308 972 2354 et
1001 2300 1195 2355 umbra
1229 2300 1445 2364 mortis.
1478 2300 1694 2357 vinctos
1736 2298 1789 2353 in
1834 2297 2185 2353 mendicitate
2217 2304 2275 2351 et

696 2388 843 2445 ferro
877 2390 947 2452 ‘°,
984 2408 1003 2443 ι
1042 2391 1224 2459 inopia
1265 2389 1359 2445 Dei
1388 2391 1616 2456 notitiai,
1656 2391 1801 2452 ferro
1827 2388 2269 2456 siuuuacrorum,

691 2479 868 2535 cultus
884 2466 1108 2537 duritie.
1130 2482 1195 2536 Et
1212 2482 1411 2538 ibidem
1444 2500 1499 2537 :r
1527 2481 1718 2538 Portas
1730 2496 1901 2543 areas
1916 2479 2198 2545 contrivit,
2217 2488 2273 2535 et

692 2582 873 2628 vectes
900 2573 1107 2630 ferreos
1150 2572 1420 2643 confregit
1455 2575 1526 2630 ’³.
1554 2592 1573 2628 ι
1618 2574 1685 2628 Et
1727 2573 1897 2630 Isaias
1928 2572 2074 2627 velut
2101 2586 2133 2625 a
2181 2570 2274 2625 Di-

698 2663 927 2718 viuitate
950 2663 1019 2719 ad
1050 2662 1358 2731 copulatum
1393 2678 1517 2719 cum
1554 2679 1620 2719 ea
1669 2677 1866 2733 corpus
1901 2680 1914 2717 :
1956 2680 1977 2716 ι
2012 2659 2107 2717 Sic
2137 2660 2273 2717 dicit

693 2752 955 2818 Dominus
996 2753 1139 2819 Deus
1161 2751 1383 2810 Christo
1413 2769 1533 2811 meo
1566 2774 1582 2811 :
1633 2753 2053 2833 Apprehendam
2085 2754 2277 2808 dexte-

695 2861 812 2902 ram
837 2848 978 2927 ejus,
1009 2857 1065 2904 et
1101 2850 1385 2911 exaudiam
1415 2865 1539 2911 eum
1564 2869 1578 2907 :
1612 2860 1738 2904 ante
1772 2848 1966 2903 faciem
1995 2846 2115 2915 ejus
2138 2862 2273 2919 gen-

685 2930 778 2994 tes
822 2948 900 3011 ος,
925 2939 1295 3007 fortitudinem
1352 2958 1536 3013 regum
1587 2940 1922 3012 disrumpam
1967 2959 1983 2996 :
2033 2942 2273 3014 aperiam

694 3037 823 3084 ante
852 3045 973 3085 eum
1002 3030 1218 3100 ianuas,
1251 3043 1305 3089 et
1338 3032 1590 3091 civitates
1620 3049 1725 3089 non
1769 3033 2120 3090 claudentur.
2157 3033 2272 3105 Ego

2373 1874 2469 1915 sus
2503 1866 2589 1914 est
2615 1869 2841 1931 propter
2866 1874 3066 1930 corpus
3084 1901 3101 1926 ,
3136 1859 3279 1931 quod
3312 1874 3375 1914 es
3401 1873 3537 1929 puro
3560 1858 3809 1927 virginali
3838 1874 3937 1912 san-

2373 1950 2556 2020 guine,
2585 1932 2850 2005 testantia:
2877 1950 3104 2011 omnino
3141 1950 3387 2005 humana:
3413 1963 3527 2007 suae
3563 1958 3809 2010 natura,
3837 1961 3938 2001 cou-

2376 2044 2561 2107 traxit.
2591 2041 2726 2101 Nam
2760 2042 2806 2099 si
2830 2043 2901 2097 ob
2916 2052 3199 2118 peccatum
3231 2042 3287 2096 in
3306 2042 3494 2097 orbem
3522 2052 3799 2097 terrarum
3827 2056 3938 2093 mors

2377 2134 2598 2202 invasit,
2648 2148 2849 2205 expers
2879 2141 3061 2190 autem
3087 2133 3297 2206 peccati
3323 2132 3577 2195 Christus
3601 2142 3709 2193 est.
3744 2148 3841 2189 non
3869 2134 3940 2185 ha.

2351 2228 2583 2289 -buisset
2608 2228 2662 2283 iu
2684 2241 2752 2283 eo
2780 2224 2959 2291 locum
2985 2240 3154 2292 mors,
3185 2224 3289 2284 nisi
3328 2225 3481 2296 jussa
3506 2225 3816 2297 paruisset;
3844 2239 3937 2281 cor-

2376 2322 2683 2391 ruptionem
2737 2334 2872 2378 vero
2926 2327 3019 2381 aut
3067 2318 3366 2389 perniciem
3401 2332 3757 2389 nequaquam
3805 2317 3939 2373 sensit

2374 2411 2716 2471 Dominicum
2744 2423 2965 2481 corpus,
2994 2423 3120 2472 cum
3152 2422 3258 2469 nec
3298 2416 3451 2465 satus
3479 2406 3710 2479 quidem
3753 2414 3804 2462 et
3848 2419 3937 2459 cor-

2373 2516 2542 2570 porea
2595 2499 2843 2571 voluptas
2890 2499 3270 2569 praecesserit;
3307 2512 3483 2569 neque
3535 2498 3589 2554 in
3639 2499 3795 2554 vitiis
3837 2513 3937 2553 cos-

2375 2601 2588 2672 ceptus,
2642 2608 2821 2664 neque
2885 2594 2941 2651 in
2986 2593 3224 2663 peccatis
3273 2592 3489 2677 enixus,
3552 2600 3614 2646 ut
3662 2590 3744 2646 ait
3770 2588 3937 2649 David:

2376 2684 2648 2757 siquidem
2684 2685 2774 2741 ubi
2810 2685 2929 2741 haec
2963 2694 3114 2750 sunt,
3163 2684 3475 2743 necessario
3504 2693 3560 2739 et
3589 2683 3863 2753 corruptio
3900 2690 3939 2734 et

2368 2779 2649 2849 pernicies
2706 2787 3138 2849 consequuntur.
3207 2776 3470 2835 Servator
3538 2782 3731 2833 autem
3789 2771 3939 2826 mundi

2377 2870 2567 2929 volens
2593 2869 2823 2941 benigne
2844 2868 3143 2926 humanum
3180 2881 3353 2940 genus
3390 2879 3634 2931 servare,
3670 2864 3812 2921 ultro
3842 2862 3939 2916 sub-

2378 2963 2441 3019 iit
2492 2963 2797 3030 interitum,
2828 2959 2883 3017 id
2934 2960 3077 3033 quod
3110 2960 3191 3031 de
3212 2960 3415 3031 seipse
3442 2964 3724 3017 testatur“:
3780 2975 3800 3008 s
3820 2955 3943 3010 Pote-

2379 3065 2574 3114 ststem
2609 3056 2784 3111 habeo
2820 3052 3051 3125 ponendi
3074 3053 3338 3117 animam,
3364 3061 3419 3106 et
3443 3060 3771 3123 potestatem
3801 3048 3956 3139 habet):

694 3130 823 3181 ante
852 3129 903 3175 te
946 3120 1055 3186 ibo,
1089 3129 1143 3179 et
1196 3134 1409 3181 montes
1438 3126 1824 3199 complanabo,
1871 3133 2059 3193 portas
2104 3118 2273 3180 mt’eas

2383 3148 2580 3208 iterum
2608 3118 2855 3205 sumendi
2890 3160 3011 3202 eam
3033 3145 3104 3211 ",
3139 3162 3158 3197 ι
3193 3154 3360 3214 atque
3392 3118 3684 3201 id'factum
3715 3153 3800 3197 est
3826 3148 3938 3210 post.

700 3219 1004 3279 conteram,
1039 3221 1092 3267 ct
1137 3224 1320 3272 vectes
1355 3214 1565 3275 ferreos
1590 3215 1936 3289 confringant
1965 3216 2034 3268 “.
2073 3234 2092 3267 ι
2114 3215 2181 3271 Ει
2209 3217 2279 3271 de

698 3302 1005 3357 animarum
1077 3320 1142 3358 es
1211 3303 1405 3361 inferis
1467 3307 1788 3375 liberatione
1856 3308 1931 3362 ita
1995 3307 2210 3365 Nahqu
2261 3324 2276 3361 :

662 3386 722 3447 ’4
752 3394 930 3475 Porta:
962 3395 1246 3463 civitatum
1297 3409 1502 3471 apertae
1550 3407 1679 3455 sunt
1708 3418 1721 3454 :
1760 3409 1817 3455 et
1852 3400 2059 3470 regalia
2090 3403 2277 3456 conci-

664 3488 914 3560 derunt,
945 3497 1003 3543 et
1028 3491 1335 3547 substantia
1372 3492 1605 3546 revelata
1642 3502 1729 3548 est
1761 3492 1997 3563 (scilicet
2043 3490 2139 3549 Dei
2184 3495 2282 3547 bo-

702 3579 866 3649 miuis
883 3578 1117 3651 Christi)
1146 3589 1203 3637 et
1227 3583 1439 3637 ancilla:
1465 3583 1581 3649 eius
1610 3583 1948 3637 ducebantur
1972 3581 2042 3648 “,
2070 3601 2088 3635 ι
2138 3584 2282 3638 sicut

699 3666 968 3725 columbae
995 3668 1217 3742 (animae
1250 3681 1565 3727 sanctorum
1593 3670 1686 3726 Dei
1718 3672 1958 3726 hominis
1986 3670 2115 3725 Jesu
2149 3672 2281 3723 divi-

605 3792 609 3797 ο
700 3760 870 3819 nitate
900 3759 1165 3830 affectae);
1202 3763 1403 3831 quibus
1430 3764 1579 3826 addit
1608 3763 1773 3818 Isaias
1808 3780 1822 3815 :
1876 3780 1894 3813 ‹
1924 3761 2027 3826 Qui
2067 3762 2281 3815 habita~

702 3852 771 3908 tis
798 3852 849 3906 in
879 3854 1101 3929 regione
1132 3864 1185 3910 et
1211 3854 1401 3909 umbra
1433 3856 1648 3923 mertis,
1674 3855 1857 3910 lumen
1886 3852 2091 3907 lucebit
2119 3867 2283 3921 super
2339 3893 2344 3898 -

702 3958 797 3998 vos
827 3943 895 4009 “,
934 3963 952 3995 ι
989 3943 1162 4001 lucem
1207 3944 1488 4014 appellans
1548 3944 1772 4009 Filium,
1834 3956 1893 3997 ut
1925 3957 1991 3997 es
2041 3956 2283 4009 evange-

702 4034 831 4095 iista
862 4034 1174 4097 didicimus,
1206 4048 1271 4088 ex
1317 4049 1551 4103 persona
1581 4034 1785 4091 Christi
1816 4035 2071 4091 dicente:
2114 4050 2133 4084 ι
2166 4034 2283 4100 Ego

704 4140 823 4186 sum
860 4126 950 4180 lus
981 4125 1166 4180 mundi
1197 4142 1213 4181 :
1250 4126 1344 4195 qui
1379 4126 1629 4196 sequitur
1658 4140 1765 4187 me,
1789 4139 1906 4183 ,non
1956 4123 2198 4178 ambulat
2229 4124 2281 4177 iu

703 4221 968 4286 tenebris,
994 4221 1090 4276 sed
1144 4221 1370 4275 habebit
1408 4224 1589 4275 lumen
1629 4221 1751 4275 vita:
1784 4221 1852 4273 ".
1886 4238 1904 4271 ι
1940 4220 2081 4285 Quin
2125 4220 2285 4274 Chri—

705 4326 821 4368 stus
855 4313 969 4383 ipse
998 4328 1095 4383 per
1130 4311 1387 4369 Davidem
1423 4311 1569 4367 velut
1594 4327 1624 4365 a
1653 4326 1883 4382 corpore
1913 4312 1981 4365 ad
2024 4310 2193 4367 Deum
2230 4320 2285 4367 et

707 4406 925 4463 Patrem
962 4404 1203 4458 clamat:
1242 4423 1261 4456 ι
1296 4404 1571 4469 Quoniam
1627 4418 1733 4457 non
1783 4402 2132 4472 derelinques
2159 4403 2283 4455 ani-

707 4511 851 4552 mam
886 4511 1060 4550 meam
1093 4495 1396 4554 ininferno
1439 4512 1453 4549 :
1502 4511 1604 4551 nec
1645 4496 1805 4549 dabis
1848 4504 2097 4551 sanctum
2132 4504 2282 4547 tuum

709 4586 897 4642 videre
927 4586 1332 4655 corruptionem
1364 4586 1429 4639 “.
1470 4604 1489 4638 ι
1540 4586 1697 4651 Agite
1730 4600 1883 4648 vero,
1913 4584 2043 4654 quid
2076 4583 2145 4637 de
2184 4583 2285 4637 hoc

711 4688 902 4733 sancto
930 4666 1420 4747 censetislecquid
1454 4678 1599 4732 enim
1636 4687 1857 4731 sanctus
1882 4675 2065 4730 omnis
2093 4689 2285 4729 corru-

711 4766 904 4834 ptelam
938 4781 1046 4820 non
1094 4767 1301 4821 sensit?
1322 4768 1502 4839 Apage
1533 4768 1627 4822 sis.
1661 4765 1809 4822 Unus
1856 4767 2122 4822 duntaxat
2161 4780 2290 4822 vere

712 4870 933 4914 sanctus
971 4870 1022 4914 et
1054 4875 1083 4912 a
1124 4860 1233 4914 Deo
1262 4860 1489 4927 electus,
1529 4869 1583 4915 et
1616 4861 1707 4933 qui
1744 4860 2151 4931 corruptionem
2180 4872 2286 4912 non

714 4953 933 5017 viderit,
963 4951 1186 5008 Cbistus
1212 4960 1319 5005 est.

1236 5042 1394 5099 CAP.
1431 5042 1741 5097 LXI-LXII.

929 5134 1165 5189 Christus
1200 5149 1440 5191 mortuus
1473 5136 1857 5203 corruptionem
1888 5133 2092 5204 effugit.

787 5247 910 5303 Jun.
963 5244 1072 5301 Nos
1130 5251 1343 5317 quidem
1410 5248 1677 5309 nemiuem
1732 5247 2009 5300 hominem
2067 5252 2289 5297 morta-

790 5408 833 5435 ’⁸
867 5405 969 5459 lsa.
992 5418 1078 5463 ιιι,
1105 5402 1188 5453 15.
1268 5406 1310 5436 ¹³
1338 5405 1467 5459 ibid.
1534 5404 1589 5471 λ¹⁶
1616 5403 1756 5459 Psal.
1783 5416 1963 5462 cxxvt,
2000 5402 2047 5453 l.

721 5491 825 5536 ενι,
856 5476 1043 5534 10,15.
1168 5474 1209 5503 ¹¹
1237 5472 1375 5525 Psal.
1422 5489 1528 5538 cvt,
1558 5474 1643 5528 i6.
1769 5474 1813 5503 "
1839 5474 1945 5526 lsa.
1993 5485 2115 5535 XLV,
2149 5473 2266 5525 1-3.

721 5549 763 5579 “
789 5546 930 5601 l'sal.
962 5561 1051 5609 xv,
1085 5544 1167 5598 li).

793 5709 929 5769 ίιςγ)
969 5709 1277 5765 Διαωοοοὰν
1313 5705 1683 5762 καταφθοράν.

1253 5543 1296 5572 ’⁷
1328 5542 1481 5598 .ioau.
1516 5560 1569 5609 ιι,
1601 5546 1689 5599 18.
1768 5542 1813 5574 ³³
1844 5542 2030 5596 Matth.
2068 5554 2200 5607 xxn,
2235 5539 2324 5595 29.

2383 3250 2443 3296 ut
2479 3240 2737 3295 omnibus
2765 3238 2990 3299 omnino
3020 3235 3213 3295 Adami
3246 3236 3502 3306 posteris,
3527 3245 3797 3304 quantum
3825 3235 3872 3286 in
3898 3245 3953 3284 es

2385 3328 2578 3397 es’set,
2644 3330 2957 3391 libertatem
3008 3326 3283 3398 quaereret
3352 3327 3526 3382 soluta
3582 3326 3831 3397 corporis
3873 3327 3942 3380 da-

2384 3421 2688 3488 mnatione,
2719 3420 2775 3475 in
2823 3419 2943 3489 ipso
2973 3433 3206 3491 corpore
3230 3418 3503 3478 exstincta
3536 3428 3743 3474 morte.

2656 3530 2765 3549 ”""
2952 3555 3189 3613 cspur
3218 3554 3410 3613 LXIII.

2456 3670 2727 3726 Ghn'stum
2752 3680 2866 3740 post
2898 3672 3329 3733 resurrectionem
3360 3670 3553 3736 edisse,
3579 3677 3634 3723 et
3669 3670 3724 3725 in
3752 3669 3892 3724 ccio:

3014 3741 3343 3795 ascendisse.

2456 3858 2578 3916 Jun.
2641 3856 3006 3925 Quamobrem
3061 3870 3227 3920 vero,
3279 3870 3457 3925 quove
3486 3865 3650 3923 pacto
3705 3853 3943 3911 Christum

2388 3954 2729 4016 redivivum,
2769 3960 2826 4004 et
2880 3950 3280 4017 incorruptum,
3344 3961 3520 4018 neque
3583 3946 3700 4015 iam
3759 3941 3943 4001 caducis

2386 4055 2637 4118 egentem
2697 4043 2858 4106 cibis,
2917 4057 3132 4097 rursum
3181 4043 3511 4106 comedisse,
3565 4055 3637 4096 ac
3694 4041 3749 4097 in
3811 4037 3944 4094 caelus

2387 4147 2724 4207 assumptum
2752 4136 2980 4195 dicitis?
3025 4136 3175 4191 Itane
3200 4134 3449 4193 homines
3474 4149 3701 4202 quoque
3725 4142 3837 4199 post
3858 4129 3941 4199 {507

2387 4229 2841 4285 resurrectionem
2894 4227 3165 4298 publicam
3215 4224 3415 4297 epulati
3451 4224 3504 4280 in
3538 4225 3715 4280 oculos
3749 4224 3945 4288 denique

2390 4322 2806 4378 conscenderit?
3677 4315 3683 4321 ’

2460 4413 2687 4468 Cuutsr.
2723 4413 2796 4466 De
2842 4412 2928 4468 his
2958 4428 3090 4472 sane
3120 4428 3274 4467 meus
3322 4410 3581 4471 Servator
3617 4421 3821 4466 certam
3848 4418 3943 4459 sunt

2396 4506 2623 4565 tentiam
2657 4504 2815 4559 dixit.
2850 4503 2981 4557 Nam
3021 4502 3322 4572 majoribus
3371 4505 3570 4556 vestris
3613 4498 3941 4571 querentium

2394 4611 2519 4652 eum
2553 4597 2622 4649 de
2654 4595 2980 4663 quibusdam
3032 4601 3240 4663 septem
3297 4591 3558 4659 fratribus
3586 4630 3603 4655 ,
3659 4590 3751 4659 qui
3796 4598 3941 4641 omnes

2400 4704 2562 4747 unam
2595 4702 2825 4744 uxorem
2865 4688 3154 4751 duxerant,
3183 4694 3244 4740 ut
3273 4683 3424 4738 fratri
3455 4696 3646 4737 semen
3685 4678 3942 4735 excitarrnl

2397 4782 2697 4837 secundum
2733 4780 2929 4847 legem,
2971 4777 3138 4846 cujus.
3164 4792 3230 4832 ex
3281 4784 3485 4844 septem
3517 4783 3694 4837 esset,
3726 4775 3775 4826 in
3799 4779 3939 4822 resut-

2398 4870 2685 4926 reetione?
2716 4889 2733 4921 ι
2766 4869 3003 4932 Erratis,
3039 4868 3240 4937 inquit,
3278 4866 3589 4920 nescientes
3648 4862 3939 4933 Scriptum.

2399 4980 2572 5033 neque
2600 4965 2852 5018 virtutem
2884 4962 2978 5016 Dei
3003 4980 3016 5017 :
3043 4961 3099 5015 in
3126 4957 3534 5015 resurrectione
3558 4970 3743 5028 neque
3758 4954 3937 5009 nubent,

2400 5069 2573 5123 neque
2640 5056 2936 5117 nubentur,
2999 5052 3094 5111 sed
3152 5058 3313 5105 erunt
3366 5048 3508 5103 sicut
3567 5045 3751 5114 angeli
3800 5039 3877 5095 Dei
3906 5038 3937 5085 in

2398 5148 2537 5202 cmlo
2569 5148 2634 5202 ".
2672 5165 2689 5199 ι
2731 5144 2995 5199 Caterum
3026 5144 3169 5213 quod
3197 5142 3345 5196 dubii
3380 5141 3525 5196 scire
3569 5135 3834 5209 quaeritis,
3862 5140 3938 5199 qui

2401 5250 2560 5311 pacto
2588 5247 2708 5308 post
2749 5239 3210 5297 reSurrectionem
3256 5230 3580 5297 comederit,
3614 5229 3772 5285 facile
3812 5234 3935 5291 atqui

2130 5402 2169 5433 "
2194 5400 2271 5453 Isa

2393 5398 2517 5455 .16.
2598 5398 2640 5429 ¹⁸
2660 5396 2862 5449 Jerem.
2890 5391 3156 5458 suum.
3235 5389 3277 5421 "
3300 5387 3433 5443 Gen.
3458 5404 3611 5458 χιιι,
3635 5387 3691 5441 9.
3767 5385 3810 5415 "
3828 5378 3936 5458 P11].

2384 5446 2679 5521 “Nabim;
2699 5446 2865 5529 Ίιῖῧξ
2894 5446 3100 5519 7.”Π”δ
3131 5461 3232 5517 lsa.
3259 5477 3335 5523 ts,
3363 5459 3419 5512 2.
3494 5458 3540 5489 ’⁸
3560 5446 3727 5513 Joan.
3751 5469 3854 5516 vttt,
3880 5446 3933 5501 ίὲη

2466 5699 2579 5761 (50)
2611 5697 2870 5752 Nazianz.
2906 5696 2958 5751 in
2994 5693 3262 5758 Epiphan.
3300 5694 3429 5754 255.
3457 5692 3549 5748 52.
