3956 6324
17 246 134 305 'u3
1094 233 1101 236 ’
1186 261 1569 322 DlALOGUS
1607 263 1906 324 CONTRA
1943 234 2277 327 messos.
3233 277 3337 342 Oli

18 362 328 428 explorate
374 382 436 422 ex
485 369 552 424 iis
597 386 717 440 qua:
751 374 973 439 tenetis,
1010 387 1064 429 et
1089 381 1436 445 questionem
1467 395 1634 450 expe-
1668 384 1713 440 Α
1747 378 1952 434 Deinde
1983 381 2186 438 Christi
2223 387 2668 454 praepotentiam,
2720 403 3012 459 rerumque
3057 391 3335 458 gestarum

19 451 203 521 diam,
241 467 304 512 et
326 462 646 528 scrupulum
683 465 998 523 dissolvam.
1028 467 1296 529 Nimirum
1327 488 1386 530 ut
1415 474 1634 542 epulata
1748 470 2173 538 magnitudinem
2219 475 2448 526 miratus
2491 475 2693 529 infert:
2734 496 2754 527 ς
2792 477 2906 530 Non
2949 477 3190 554 legatus,
3229 494 3332 531 non

19 553 104 595 est
137 558 349 601 sancta
381 547 646 619 Trinitas,
685 556 914 611 invitata
955 561 1023 613 ab
1061 561 1372 617 Abrahamo
1408 566 1637 633 patriar—
1745 560 1992 628 angelus,
2022 560 2114 614 sed
2144 561 2258 629 ipse
2291 561 2552 619 Dominus
2580 566 2810 619 salvavit
2846 581 2941 621 eos
2967 566 3033 621 “.
3071 548 3092 617 ί
3127 566 3333 619 Zacha-

16 637 150 697 e'ia,
183 646 252 687 ut
286 639 407 710 ejus
459 641 740 701 facultates
779 648 1082 717 absumpsit
1136 653 1296 722 ignis,
1345 669 1469 709 cum
1515 656 1636 722 qui-
1746 651 1893 705 rias:
1925 671 1944 703 ι
1987 651 2114 707 Haec
2160 654 2291 708 dicit
2345 655 2656 710 Dominus:
2694 659 2832 713 Ecce
2889 663 3004 714 dies
3052 661 3200 713 venit
3233 678 3246 713 :
3279 670 3334 713 et

15 725 145 778 dem
183 727 406 782 solidas
445 733 659 790 hostias
705 739 966 795 disseruit
1017 745 1244 810 medias,
1275 756 1328 801 et
1362 747 1414 800 in
1460 747 1632 800 frusta
1745 745 1966 798 stabunt
2001 748 2166 812 pedes
2197 745 2316 814 ejus
2355 747 2407 799 in
2440 748 2527 801 die
2557 747 2643 800 illa
2679 764 2843 816 Super
2880 760 3114 806 montem
3140 750 3322 805 Olivas

12 815 284 887 ττδάθείις
330 825 461 898 ανεεῇ
501 842 605 879 non
643 828 936 896 dissecuit,
972 835 1066 888 sed
1099 835 1318 891 coalitus
1365 837 1507 905 ignis
1535 840 1633 904 de-
1750 851 1868 889 rum
1901 836 1970 891 “.
2009 857 2027 889 ι
2060 838 2233 894 Pedes
2267 855 2395 894 vero
2422 840 2513 894 Dei
2541 842 2853 911 nominans,
2883 858 2988 896 non
3020 853 3323 906 actuosam,

14 906 222 974 lapsus
269 919 615 984 consumpsit
640 921 721 986 ¹’;
753 924 1209 990 quemadmodum
1253 937 1308 983 et
1356 929 1486 984 Elia:
1518 946 1630 984 me.
1740 944 1862 998 qua
1907 945 1936 983 a
1987 932 2215 1000 pedibus
2267 942 2467 997 manat,
2522 933 2618 987 Dei
2677 906 2989 989 facultatem
3050 933 3322 1001 intelligit,

11 1001 198 1054 "'"Tla
237 1021 367 1057 (Ἶιηὶ
400 1007 766 1069 incendiarius
794 1016 1060 1081 victimas,
1092 1020 1332 1090 etligna.
1357 1031 1408 1076 el
1434 1033 1632 1092 aquam
1738 1004 2189 1088 quemadmodum
2231 1022 2395 1076 David
2429 1037 2547 1076 eam
2583 1039 2705 1091 qua:
2729 1037 2758 1076 τι
2793 1024 3040 1076 manibus
3077 1020 3325 1090 proﬁcis-

9 1092 74 1143 in
120 1098 340 1154 scrobe
373 1109 427 1154 et
477 1105 700 1159 humum
754 1109 942 1164 lambit
990 1112 1130 1183 ignis
1157 1115 1224 1169 '°.
1259 1114 1377 1171 Jam
1415 1131 1547 1172 vero
1572 1127 1628 1172 ut
1737 1111 1897 1171 citur.
1961 1128 2153 1168 manus
2194 1115 2483 1180 appellavit
2522 1117 2604 1170 his
2637 1117 2816 1169 verbis
2871 1135 2884 1170 :
2931 1119 2952 1166 ἃ
2991 1114 3183 1168 Manus
3213 1123 3318 1195 tute

8 1185 62 1236 in
115 1186 313 1244 cmlos
359 1199 761 1262 ascenderit,et
791 1201 1081 1259 immortali
1122 1204 1273 1261 Patri
1313 1207 1505 1263 dexter
1535 1224 1626 1264 se-
1738 1203 1982 1258 fecerunt
2005 1220 2109 1267 me,
2134 1214 2187 1258 et
2215 1206 2621 1274 plasmaverunt
2650 1223 2733 1262 me
2752 1206 2820 1270 “,
2852 1225 2872 1259 ι
2909 1207 3004 1261 sed
3029 1193 3322 1276 corporeus

7 1276 170 1340 deat,
206 1296 547 1353 rursumque
573 1289 626 1344 in
665 1305 831 1347 carne
855 1293 1168 1362 iudicandis
1203 1299 1346 1352 vivis
1375 1315 1437 1354 ac
1479 1315 1625 1354 mor-
1734 1296 1898 1359 νθίιθε
1931 1296 2298 1364 δίὲηίηεθνίίξ
2333 1311 2455 1348 “3m
2503 1311 2623 1349 eam
2669 1298 2739 1351 οῗ)
2783 1312 2922 1362 rem.
2965 1308 3021 1351 ει
3068 1298 3211 1352 diem
3246 1304 3323 1350 ει

9 1369 124 1420 ιυξε
158 1382 436 1428 venturus
485 1379 577 1443 sit,
613 1382 887 1450 propheta:
941 1386 1030 1440 hic
1063 1402 1302 1458 quoque,
1346 1405 1452 1444 non
1500 1406 1624 1461 ego,
1734 1383 1930 1441 Oliveti
1981 1397 2225 1456 montem
2282 1387 2752 1453 commemoravit,
2805 1397 2866 1442 ut
2921 1389 3234 1454 humanam,
3265 1399 3321 1443 et

7 1465 174 1516 voliis
213 1468 461 1531 prodent
491 1473 797 1531 veritatem.
827 1475 996 1543 Igitur
1022 1477 1194 1534 Isaias
1234 1481 1464 1548 Christi,
1497 1499 1620 1538 cum
1732 1476 1877 1531 velut
1935 1478 2406 1548 circumscriptam
2472 1479 2678 1534 Christi
2729 1489 2980 1534 naturam
3029 1480 3315 1535 indicaret.

6 1567 261 1618 corpore
327 1573 614 1616 ascensum
671 1567 898 1632 videns,
951 1578 1006 1622 et
1061 1572 1137 1624 rei
1191 1574 1620 1644 magnitudinem
1731 1567 1900 1623 David
1934 1583 2150 1638 quoque
2175 1568 2378 1624 Christi
2412 1583 2441 1622 a
2479 1565 2708 1625 mortuis
2741 1569 3220 1633 resurrectionem,
3256 1586 3318 1623 ac

6 1652 251 1708 stupens
298 1661 362 1701 ac
397 1650 706 1717 demirans,
739 1654 983 1710 clamat:
1019 1675 1038 1709 α
1075 1657 1209 1725 Quis
1256 1672 1341 1716 est
1372 1663 1496 1732 iste,
1527 1665 1617 1734 qui
1728 1670 1849 1728 post
1877 1673 1994 1714 eam
2021 1664 2074 1714 in
2106 1661 2278 1716 caelos
2322 1676 2633 1726 ascensum,
2663 1669 2717 1714 et
2760 1664 2877 1727 ejus
2907 1662 3061 1730 quasi
3097 1663 3318 1717 restitu-

3 1735 153 1786 venit
186 1738 264 1791 de
307 1737 497 1806 Edam,
537 1744 703 1797 rubor
751 1748 984 1802 vestium
1026 1751 1093 1806 de
1127 1751 1299 1806 Bosor
1322 1754 1346 1808 ?
1373 1755 1452 1810 sic
1505 1754 1614 1810 ἴοι·-
1649 1773 1688 1830 B
1718 1752 1920 1806 tionem
1951 1753 2005 1806 in
2037 1753 2306 1822 integrum
2329 1753 2519 1808 volens
2567 1753 3110 1831 quanvliquidissime
3128 1766 3315 1810 osten-

3 1840 197 1878 mosus
264 1829 320 1882 in
377 1832 513 1885 stola
571 1835 656 1886 ἰτ
691 1854 710 1888 ι
747 1835 1052 1908 lntelligitis
1095 1843 1316 1897 vatem?
1369 1847 1502 1899 Cum
1560 1829 1657 1899 ini
1723 1844 2064 1910 dere,'inter
2111 1858 2173 1900 se
2223 1844 2533 1899 dubitantes
2584 1845 2771 1910 copias
2799 1829 3047 1901 cmlestes
3084 1848 3312 1914 inducit;

0 1911 216 1968 Christi
255 1917 654 1978 lmiuanitatem
714 1927 1046 1992 intueretur,
1082 1932 1334 1987 ruborem
1381 1935 1624 1990 vestium
1722 1949 2056 2004 carmenque
2092 1950 2190 2006 per
2234 1935 2721 2006 interrogationem
2766 1937 2930 1991 simul
2977 1954 3041 1992 ac
3084 1955 3315 2010 respon-

0 2004 138 2070 t-jus,
177 2018 244 2061 ct
278 2010 346 2064 de
395 2010 588 2079 Bosor,
638 2017 792 2082 dixit,
823 2021 971 2088 quod
1013 2034 1130 2077 erat
1175 2025 1380 2079 carnis.
1415 2025 1483 2081 At
1530 2025 1625 2080 uhi
1723 2025 1930 2079 sionem
1953 2004 2216 2080 detexens
2240 2024 2320 2080 sic
2345 2004 2586 2079 eﬂ‘atur:
2624 2043 2642 2076 ε
2679 2023 2925 2079 Attollite
2950 2034 3134 2094 portas
3162 2004 3318 2097 prin.

0 2096 46 2147 in
81 2099 346 2154 divinam
383 2115 635 2160 naturam
670 2111 1015 2188 perspicaces
1059 2115 1259 2189 mentis
1304 2118 1494 2173 oculos
1523 2133 1617 2173 rc-

0 2187 144 2253 iecit,
183 2192 275 2250 ait
312 2210 327 2246 :
359 2212 380 2246 ι
424 2195 515 2253 Sic
539 2196 814 2258 formosus
861 2204 915 2257 in
960 2187 1197 2260 stola?»
1237 2207 1374 2262 Tum
1425 2221 1608 2265 autem

0 2291 50 2332 ut
82 2285 432 2349 apertiorem
481 2292 789 2348 orationem
822 2297 1097 2363 redderet,
1131 2300 1279 2356 velut
1302 2317 1335 2356 a
1379 2303 1490 2358 Deo
1518 2303 1618 2358 bo-

0 2371 167 2436 miae,
209 2376 418 2429 addit:
457 2396 477 2430 ‹
518 2381 632 2450 Ego
680 2385 772 2452 qui
825 2384 1022 2456 loquor
1062 2390 1353 2459 justitiam,
1383 2403 1441 2449 et
1470 2393 1614 2462 judi-

1725 2115 1876 2184 cipes
1908 2124 2118 2171 vestras
2142 2156 2159 2180 ,
2192 2127 2248 2170 et
2278 2115 2569 2172 elevamini
2599 2123 2769 2180 porte
2791 2116 3094 2183 aiternales,
3125 2125 3180 2172 et
3225 2117 3313 2172 in-

1725 2206 1912 2261 troibit
1939 2220 2034 2262 rex
2082 2207 2268 2277 gloria:
2292 2205 2361 2261 ".
2401 2224 2422 2259 ›
2459 2205 2629 2277 Igitur
2659 2207 2711 2262 hi
2756 2207 3140 2263 ascendentem
3188 2222 3311 2262 cum

1725 2309 1958 2368 corpore,
2005 2295 2300 2366 gloriosum
2353 2296 2522 2352 Deum
2573 2297 2896 2364 conspicati,
2941 2306 2995 2353 et
3055 2297 3309 2353 insolenti

1727 2387 2039 2456 spectaculo
2092 2387 2354 2458 perculsi,
2413 2402 2650 2459 rogare:
2690 2407 2710 2442 ι
2742 2378 2874 2453 Quis
2917 2399 3004 2446 est
3057 2392 3159 2446 iste
3215 2405 3306 2445 rex

0 2462 208 2555 iiicium
256 2465 542 2523 salutaris.
576 2489 595 2521 ι
655 2471 930 2530 Justitiam
1000 2477 1237 2551 (loquor)
1297 2493 1356 2537 ut
1403 2486 1494 2555 qui
1545 2485 1612 2540 ad
1717 2478 1952 2548 Βίοτίεετ
1991 2497 2010 2533 ³
2044 2474 2120 2534 Im
2151 2490 2346 2554 contra
2385 2480 2712 2549 ’θεβοηδθτθ
2739 2499 2754 2536 ³
2785 2500 2805 2531 ⁸
2843 2481 3105 2537 Dominus
3150 2483 3307 2538 rom“

0 2550 288 2606 hominum
316 2557 544 2618 salutem
573 2561 736 2619 homo
759 2567 938 2623 factus
963 2570 1090 2634 sim,
1125 2573 1217 2640 qui
1246 2590 1276 2627 a
1302 2550 1613 2634 simulacris

0 2642 538 2712 a‘asistentes,etiis
585 2658 882 2721 praestitam
941 2661 1263 2731 religionem
1310 2676 1476 2737 atque
1514 2669 1612 2724 hoc

1715 2577 1782 2624 et
1808 2582 2020 2638 potens,
2067 2571 2327 2627 Dominus
2380 2579 2572 2641 potens
2623 2572 2676 2626 in
2725 2573 2912 2639 praelio
2943 2572 3015 2639 ”,
3063 2593 3082 2625 ι
3114 2583 3303 2629 contra

1715 2667 1976 2727 mortem,
2010 2662 2233 2725 inferos,
2263 2671 2318 2717 et
2340 2661 2638 2727 diabolum;
2675 2663 2885 2718 calcata
2925 2663 3078 2718 enim
3105 2676 3298 2726 morte.

0 2746 188 2784 norem
249 2738 323 2788 ad
384 2754 573 2794 verum
627 2743 795 2800 Deum
863 2754 1284 2810 transtulerunt.
1334 2757 1606 2817 Iudicium
1711 2747 2177 2821 ἀίτφιίδίιιίθτῖὲν
2214 2752 2386 2807 τηεῑο
2416 2751 2653 2819 ἀίθὺοιοι
2701 2760 2761 2807 ιιι
2810 2751 2953 2809 θεαί
2978 2753 3133 2808 form
3162 2767 3306 2808 mm"

0 2823 285 2890 salutaris,
340 2837 398 2880 ut
443 2835 538 2899 qui
581 2834 724 2890 Deus
769 2840 1034 2906 existens,
1055 2846 1607 2906 omnibusveuturus

1709 2844 1995 2909 ascendit;
2031 2859 2164 2915 ergo
2192 2864 2212 2897 ι
2243 2844 2474 2901 attollite
2501 2854 2687 2914 portas
2711 2845 2980 2915 principes
3004 2853 3234 2914 vestras,
3270 2865 3291 2898 ›

0 2908 182 2976 iudex,
220 2915 338 3012 sim
391 2934 840 2995 unumquemque
874 2944 972 2998 pro
1002 2933 1119 2986 suis
1159 2933 1321 2991 {actis
1355 2952 1609 2994 ι-θηιιιηε.
1708 2908 2124 3004 Angelicarum'
2137 2945 2469 3007 potestatum
2501 2908 2771 3002 Domi-no,
2795 2908 3143 3012 gloriosoque
3173 2908 3298 3007 rege

5 3011 170 3058 tatus.
211 3005 321 3060 Cui
355 3012 641 3069 sententiae
663 3031 970 3076 consonant
1007 3024 1095 3077 illa
1131 3026 1390 3085 Davidis:
1421 3049 1441 3083 r
1469 3031 1606 3102 Spe-

1711 3028 2006 3093 intratsro,
2046 3030 2099 3084 id
2137 3040 2243 3094 est,
2270 3045 2395 3085 cum
2423 3044 2657 3101 corpore
2692 3029 2804 3085 Deo
2831 3039 2888 3084 et
2917 3029 3068 3105 Patri
3098 3047 3127 3085 a
3166 3033 3298 3087 dex-

1 3092 175 3149 riosus
212 3097 392 3152 forma
424 3117 531 3170 pra:
568 3105 691 3161 ﬁliis
720 3110 997 3166 hominum
1017 3114 1155 3168 ³²·³⁶.
1193 3136 1212 3169 ι
1249 3116 1315 3171 Ει
1356 3092 1551 3175 iterum
1581 3142 1596 3177 :
1623 3113 1670 3174 C
1703 3120 1804 3174 tris
1831 3112 2137 3175 asseSsuro.
2167 3120 2314 3175 Idem
2348 3136 2562 3175 rursum
2599 3120 2666 3174 de
2696 3118 2884 3174 eodem
2916 3123 3244 3181 ascendente
3269 3139 3300 3176 ι·

6 3200 20 3228 ι
56 3183 200 3239 Deus
239 3188 441 3256 judex,
491 3195 711 3261 justus,
741 3197 922 3266 fortis,
970 3215 1028 3257 et
1074 3208 1287 3272 patiens
1317 3209 1383 3261 ³⁷.
1422 3231 1440 3264 ι
1477 3211 1585 3267 Sed

4 3272 158 3331 lsaias
192 3281 385 3338 volens
413 3284 633 3352 insuper
667 3292 1012 3356 apertissime
1049 3299 1360 3366 ostendere,
1388 3319 1596 3373 nequa-

3 3382 150 3432 quam
189 3370 365 3466 alium
408 3388 560 3442 esse,
603 3380 696 3448 qui
728 3381 795 3436 de
822 3385 960 3440 cmlo
985 3385 1326 3448 descendens
1351 3435 1368 3459 ,
1399 3370 1596 3466 passus

3 3470 46 3510 et
71 3462 326 3529 sepultus
366 3465 572 3547 inferos
610 3473 922 3542 spoliasset,
954 3487 1008 3532 et
1043 3480 1209 3533 alium
1254 3485 1347 3551 qui
1387 3462 1590 3541 eterra

4 3549 48 3600 in
82 3555 257 3608 caelos
286 3557 637 3625 eveheretur,
673 3562 1160 3634 interrogationem
1205 3549 1332 3626 facit
1359 3575 1427 3627 ad
1459 3573 1591 3628 Ser-

7 3651 279 3700 vatorem:
321 3664 342 3697 r
374 3647 556 3712 Quare
609 3653 795 3709 rubra-
831 3668 958 3710 sunt
1001 3661 1321 3716 vestimenta
1365 3673 1491 3731 tua,
1534 3675 1590 3719 et

5 3735 312 3791 indumenta
367 3748 454 3792 tua
516 3742 656 3796 sicut
708 3746 778 3801 de
842 3749 1058 3806 calcato
1112 3754 1412 3820 toreulari,
1444 3757 1589 3826 pleni

7 3827 362 3900 tercalcatze?
393 3829 574 3894 Quare
616 3849 749 3906 ergo
797 3848 882 3894 est
935 3843 1160 3896 rubrum
1209 3845 1584 3902 indumentum

9 3926 164 3984 mum,
190 3929 246 3973 et
273 3923 598 3978 vestimenta
648 3909 736 3980 tua
785 3929 926 3984 sicut
960 3932 1289 3988 caleautium
1318 3935 1372 3989 in
1407 3945 1586 3990 torcu~

11 4005 92 4058 lari
119 4006 206 4062 ³³2
231 4027 252 4061 ›
281 4008 462 4079 Atque
488 4008 578 4067 ille
608 4015 824 4082 quidem
869 4028 1022 4089 rogat
1061 4021 1116 4073 in
1158 4021 1304 4076 hunc
1345 4025 1582 4092 modum,
1615 4037 1618 4039 λ

10 4094 354 4169 inritatusque
389 4101 667 4157 Christum
729 4105 1036 4174 Dominum,
1074 4111 1171 4179 qui
1216 4112 1320 4165 sibi
1376 4114 1481 4182 ipsi
1529 4124 1584 4168 et

11 4187 304 4253 sacriﬁcus,
354 4200 411 4244 et
457 4193 787 4249 sacriﬁcium
841 4196 977 4264 fuit,
1027 4215 1228 4270 rogans
1266 4205 1582 4273 reSpondet,

10 4278 294 4333 orationem
322 4279 551 4350 (ingens,
582 4284 738 4350 quasi
772 4283 862 4340 ille
887 4289 1266 4358 responderet.
1298 4292 1441 4363 Ergo
1467 4295 1565 4349 ait:

17 4386 29 4418 ι
64 4371 330 4427 Torcular
355 4373 560 4429 calcavi
595 4375 765 4442 solus,
789 4391 844 4432 et
878 4381 946 4434 de
981 4382 1234 4451 gentibus
1257 4400 1363 4439 non
1393 4397 1477 4440 est
1502 4391 1582 4443 vir

11 4477 202 4517 mecum
235 4464 306 4519 ³⁸.
337 4482 360 4516 ι
392 4465 528 4520 Nam
563 4477 622 4522 ut
647 4470 698 4524 ei
725 4479 973 4540 tempore
1002 4475 1272 4540 passionis
1307 4491 1416 4532 non
1444 4492 1583 4548 opus

11 4564 111 4609 erat
131 4557 424 4612 duodecim
452 4559 758 4630 legionibus
795 4563 1113 4632 angelorum
1149 4566 1389 4637 (poterat
1427 4571 1578 4626 enim

14 4646 78 4698 τρι
102 4650 252 4704 solus
283 4665 344 4704 se
371 4666 736 4720 propugnare,
765 4663 820 4708 et
849 4665 1078 4709 mortem
1111 4657 1371 4728 emtgere,
1405 4662 1453 4717 si
1484 4679 1581 4717 γοα

18 4739 209 4804 luisset,
247 4743 601 4811 quantumvis
626 4743 922 4810 humanum
953 4747 1208 4816 quiddam
1242 4750 1580 4820 loqueretur:

19 4846 30 4874 ι
69 4829 223 4886 Pater
254 4831 352 4898 mi,
386 4832 432 4885 si
468 4831 727 4901 possibile
780 4844 898 4900 est,
939 4847 1180 4891 transeat
1219 4855 1248 4893 a
1298 4855 1382 4895 me
1423 4843 1570 4897 calix

16 4919 134 4977 iste:
169 4931 550 4978 verumtamen
605 4939 713 4978 non
778 4927 917 4981 sicut
964 4942 1064 4996 ego
1102 4929 1244 4994 volo,
1289 4933 1384 4989 sed
1436 4934 1579 4988 sicut

17 5014 107 5063 tu“
133 5033 180 5069 »ε
208 5015 283 5068 ita
307 5015 395 5070 hic
417 5030 632 5086 quoque
655 5018 895 5071 torcular
918 5021 1148 5074 calcavit
1174 5022 1344 5087 solus,
1374 5026 1577 5081 nullius

18 5105 314 5171 egentibus
339 5121 478 5176 opus
507 5105 732 5162 habens.
765 5107 835 5162 At
879 5109 932 5162 in
962 5124 1227 5177 ascensu,
1245 5113 1390 5182 quod
1426 5113 1570 5170 idem

20 5190 160 5249 Isaias
192 5211 412 5250 rursum
455 5205 710 5262 testatur,
744 5215 764 5250 ι
797 5198 989 5254 Decies
1030 5212 1258 5256 centena
1289 5204 1478 5271 millia,
1517 5215 1573 5263 et

19 5285 184 5343 millies
217 5301 452 5343 centena
487 5289 656 5344 millia
684 5291 957 5346 serviliter
979 5293 1027 5346 ei
1061 5293 1516 5352 ministrabant“.
1543 5315 1562 5349 ι

73 5486 110 5515 "
141 5486 284 5560 Gen.
315 5490 562 5560 _x_vut,.'5.
586 5490 639 5544 4.
720 5490 765 5522 ³⁸
791 5490 1011 5560 lichg.
1035 5507 1185 5557 xvm,
1216 5493 1307 5548 '58.

1383 5495 1432 5569 ’ξ
1461 5495 1561 5554 lsa.
1591 5500 1826 5558 unm.
1901 5500 2022 5534 ⁸¹ο³⁶
2040 5499 2356 5566 Psal.xuv,
2396 5503 2452 5556 5'.
2523 5501 2572 5562 ,δ’
2607 5494 2746 5559 Psal.
2786 5521 2879 5569 νη,
2913 5507 2997 5558 12.

1701 3232 1720 3264 ι
1763 3212 2020 3267 Exaltare
2049 3228 2213 3283 super
2238 3214 2435 3279 caelos,
2465 3216 2628 3280 Deus,
2666 3226 2720 3271 et
2751 3218 2804 3270 in
2830 3231 3045 3271 omnem
3088 3227 3292 3273 terram

1693 3304 1864 3372 gloria
1892 3303 2068 3368 tua",
2089 3304 2348 3373 quoniam
2371 3291 2712 3377 magniﬁcam
2734 3317 2818 3363 est
2841 3322 3010 3378 usque
3032 3307 3100 3362 ad
3122 3307 3290 3363 celos

1694 3387 2065 3448 misericordia
2093 3403 2186 3448 tua
2221 3413 2236 3460 ;
2265 3405 2319 3450 et
2350 3412 2518 3466 usque
2549 3397 2614 3450 ad
2642 3401 2813 3455 nubes
2834 3400 3032 3461 veritas
3059 3401 3231 3465 tua“,
3262 3419 3283 3454 ι

1692 3483 1847 3551 quasi
1877 3485 2084 3540 diceret
2114 3501 2130 3538 :
2176 3484 2336 3539 Nunc
2362 3486 2473 3554 jam
2507 3503 2697 3544 omnes
2729 3498 2910 3544 vatum
2941 3493 3277 3562 praesagitio-

1691 3588 1790 3626 nes
1809 3581 1936 3628 sunt
1961 3564 2266 3644 completa.
2300 3575 2440 3630 Ante
2478 3577 2625 3631 enim
2667 3587 2792 3633 tuus
2839 3579 2892 3633 in
2937 3591 3140 3635 terram
3183 3583 3282 3634 ad-

1689 3670 1930 3728 ventus,
1962 3679 1992 3719 e
2046 3664 2297 3733 virginali.
2347 3666 2613 3734 sanguine
2664 3669 2912 3738 corporis
2955 3673 3278 3742 assumptio,

1692 3756 1952 3811 miracula
1977 3797 1994 3822 ,
2026 3756 2334 3813 Iudaeorum
2391 3759 2647 3826 ludibria,
2700 3776 2830 3815 crux
2857 3802 2872 3826 ,
2925 3764 3276 3832 supplicium,

1689 3863 1862 3909 mors,
1895 3848 2202 3917 sepultura,
2234 3847 2359 3902 Orci
2400 3847 2670 3919 direptio,
2706 3840 2898 3906 mortis
2942 3853 3274 3921 internecio,

1689 3948 1813 4007 post
1842 3931 2181 3994 triduum‘ex
2215 3942 2447 3996 mortuis
2494 3945 2862 4012 resurrectio,
2897 3957 3127 4004 nuuc‘te
3157 3950 3277 4019 glo-

1685 4029 1832 4083 riose
1875 4025 2140 4095 redivivo,
2197 4029 2571 4088 misericordia
2617 4041 2707 4088 tua
2757 4049 2929 4104 usque
2982 4036 3052 4090 ad
3102 4039 3273 4093 ccelos

1687 4117 2034 4185 magniﬁcam
2067 4121 2186 4184 est',
2220 4127 2276 4174 et
2328 4135 2504 4189 usque
2557 4122 2626 4176 ad
2671 4124 2842 4178 nubes
2899 4126 3102 4181 veritas
3140 4129 3268 4182 .tua‘.

1649 4200 1845 4266 -Unde
1875 4218 1932 4265 et
1974 4209 2134 4264 laatus
2181 4216 2394 4278 gratum
2446 4203 2665 4271 carmen
2722 4212 2953 4269 Domino
3002 4206 3267 4285 Propheta

1685 4301 1984 4373 decantatis
2005 4301 2072 4354 ab
2115 4303 2352 4355 humana
2387 4312 2578 4358 natura
2611 4304 2752 4366 (erat
2779 4307 2924 4360 enim
2951 4307 3040 4361 illa
3068 4308 3268 4362 misere

1688 4390 1940 4458 paradiso
1973 4393 2258 4444 exturbata
2281 4406 2478 4456 ,,nunc
2508 4394 2724 4463 egregia
2761 4394 2965 4450 Christi
3017 4387 3269 4464 benigni-

1688 4489 1800 4536 tate
1856 4481 2190 4546 revocanda,
2234 4491 2290 4536 et
2315 4484 2384 4537 ad
2415 4481 2716 4553 majestatis
2774 4477 3024 4540 dextram
3073 4489 3264 4543 :eterni

1684 4574 1868 4632 Patris
1900 4575 2239 4645 collocanda)
2267 4592 2282 4630 :
2321 4596 2340 4628 ε
2377 4575 2509 4643 Quis
2538 4578 2807 4648 loquetur,
2851 4579 3044 4651 inquit,
3072 4590 3263 4650 poten-

1684 4663 1790 4717 tias
1813 4661 2051 4729 Domini,
2078 4671 2136 4718 et
2162 4655 2380 4720 auditas
2412 4656 2575 4720 faciet
2599 4673 2790 4722 omnes
2815 4666 3005 4724 laudes
3025 4670 3249 4739 ejus‘m

1681 4755 1749 4809 Et
1781 4756 2018 4811 iterum:
2061 4774 2079 4806 ι
2113 4750 2369 4811 Ascendit
2401 4750 2545 4811 Deus
2593 4758 2648 4811 in
2674 4757 2870 4826 jubilo,
2913 4769 2969 4814 et
2997 4757 3259 4816 Dominus

1680 4843 1735 4898 in
1759 4859 1897 4898 voce
1929 4844 2073 4900 tubae
2105 4844 2172 4898 “.
2213 4863 2231 4895 ι
2270 4839 2452 4899 Alibi:
2491 4862 2510 4896 ι
2548 4843 2608 4899 In
2641 4843 2754 4900 sole
2787 4848 2966 4917 posuit
3002 4849 3257 4904 taberna-

1685 4937 1866 4990 culum
1900 4952 2078 5002 suum,
2113 4956 2132 4989 ι
2167 4953 2287 4992 cum
2324 4951 2554 5007 corpore
2592 4939 3023 5009 assumptionem
3052 4941 3259 5009 signiti-

1683 5044 1848 5096 cans;
1886 5037 1944 5084 et
1995 5030 2154 5097 paulo
2173 5039 2339 5100 post:
2377 5047 2397 5080 ‹
2453 5030 2500 5082 Α
2551 5041 2773 5086 Summo
2824 5031 2964 5086 caelo
3015 5032 3259 5102 egressio

1681 5121 1819 5190 ejus,
1844 5131 1899 5176 et
1929 5136 2192 5176 occursus
2219 5121 2338 5192 ejus
2361 5137 2532 5189 usque
2560 5112 2631 5175 ad.
2671 5134 2940 5179 summum
2981 5122 3099 5190 eius
3133 5120 3203 5179 ".
3230 5143 3248 5176 ι

1679 5215 1887 5281 Quibus
1929 5216 2111 5271 verbis
2159 5217 2427 5286 duplicem
2458 5218 2780 5273 descensum
2807 5233 2837 5273 e
2867 5219 3020 5274 ctelis
3053 5221 3105 5274 in
3143 5230 3250 5274 ter-

1673 5309 1814 5365 ram,
1827 5310 1883 5356 et
1904 5303 2007 5357 sub
2025 5313 2250 5370 terram,
2272 5315 2597 5374 rursumque
2615 5321 2679 5360 ex
2702 5306 2770 5360 iis
2797 5306 2848 5360 in
2869 5307 3038 5363 ctelos
3055 5324 3248 5364 ascen-

3076 5508 3120 5538 ³⁸
3151 5508 3249 5566 lsn,

24 5569 146 5622 uni,
172 5557 279 5636 2L
312 5556 358 5587 ”
385 5559 526 5636 ibid;
547 5561 610 5636 5._
675 5561 723 5593 “
749 5556 1262 5636 Manilium-259,
1292 5635 1297 5636 γ
1323 5564 1371 5636 δξ
1410 5566 1542 5621 Dan.
1588 5584 1632 5622 v1

1720 5556 1809 5623 Π.
1885 5570 1932 5600 ⁸’
1974 5570 2074 5624 lsa.
2109 5585 2259 5634 Lxm,
2296 5556 2353 5626 9:
2427 5571 2473 5606 ⁸³
2494 5556 2994 5636 Ζεοὴὰνίιιίίξιίί
3031 5576 3077 5608 ⁵⁵

26 5640 176 5694 (ψη,
209 5622 303 5680 ὗῒι.
409 5627 454 5659 δ’
492 5627 634 5680 Psal.
670 5646 826 5694 χχιιι,
865 5633 916 5690 7.
945 5631 997 5685 9.

1108 5630 1154 5665 ⁸⁸
1193 5633 1324 5688 ibid.
1347 5634 1404 5700 8,
1437 5636 1521 5691 10‘.

28 5691 58 5721 "
79 5696 185 5752 Psal
238 5701 358 5761 xui.
387 5695 421 5749 6
519 5697 562 5729 "
594 5698 735 5755 Psal.
777 5691 923 5763 tti'ttl,
955 5703 1008 5766 Γ,
1038 5702 1086 5755 7-

1624 5640 1667 5669 ⁸⁷
1701 5640 1844 5694 Psal.
1873 5656 1981 5706 LVI,
2012 5642 2097 5694 12.

2199 5641 2247 5674 ⁸⁸
2271 5640 2412 5696 Psal.
2465 5657 2594 5707 CVIr,
2642 5643 2696 5696 6.
2791 5645 2836 5676 ”
2862 5645 2998 5698 Psal.
3052 5661 3136 5714 σν,
3196 5651 3247 5702 '2.
