3956 6324
132 269 260 330 9η

1225 252 1614 315 DIALOGUS
1652 253 1957 342 CONTRA
1996 259 2332 325 tensos.

3327 255 3432 318 918

131 381 234 435 his
279 378 461 434 verbis
482 390 547 430 ex
583 370 771 426 inferis
805 365 1206 423 resurrectione
1236 379 1253 416 :
1284 380 1302 412 ι
1336 361 1614 429 Exsurge,
1641 357 1756 412 Do-
1784 374 1836 434 Α
1860 365 2144 419 desursum
2172 406 2186 430 ,
2220 375 2276 419 et
2330 375 2531 418 terram
2585 357 2902 420 discernere
2953 362 3211 432 populum
3263 378 3424 416 suum

145 475 319 530 niine
381 475 436 527 in
493 472 572 524 ira
606 479 716 533 tua,
760 485 778 518 ι
814 467 866 518 id
924 471 1008 516 est
1045 460 1228 513 furore
1268 457 1453 527 gloriae
1523 464 1630 510 tuae
1687 456 1755 510 ad

134 564 313 617 Juda:
387 560 809 615 internecionem
867 569 881 606 :
945 549 1274 620 subjungit:
1327 565 1348 598 ι
1391 545 1640 600 Exaltare
1701 545 1754 597 in

136 657 362 709 finibus
416 643 767 706 inimicoru’m
816 657 1067 708 tuorum;
1111 660 1129 694 ι
1183 642 1236 694 in
1287 638 1427 694 cielo
1475 653 1578 692 una
1630 651 1755 691 cum

131 752 371 819 angelis
429 762 591 812 super
641 745 814 798 nubes
873 736 1250 794 conscendens
1283 752 1352 788 :1
1390 732 1457 787 Et
1497 744 1753 799 exsurge,

135 842 388 895 Domine
433 836 575 891 Deus
618 849 796 896 meus,
835 833 888 886 in
922 837 1194 901 praecepto
1228 825 1371 896 quod
1406 821 1700 885 mandasti,
1731 839 1749 870 ι

131 928 418 999 quamlu?
449 942 592 981 cum,
621 925 675 978 in
711 932 857 976 terra
900 927 1225 988 corporatus
1272 915 1418 968 visns
1450 928 1543 976 es,
1579 920 1634 965 et
1673 911 1757 964 in-

132 1031 236 1074 ter
285 1020 536 1072 homines
581 1025 850 1068 versatus.
888 1009 1117 1065 Gemina
1150 1015 1278 1062 sntit
1331 1017 1512 1058 autem
1559 1012 1613 1056 et
1665 1001 1754 1054 illa

127 1110 500 1180 evangelista:
557 1107 718 1162 verba
757 1101 1018 1174 :,¢~Tupc
1051 1099 1264 1156 sedebit
1305 1096 1474 1150 Filius
1513 1094 1752 1149 hominis

131 1215 322 1269 super
371 1203 552 1255 sedem
614 1194 918 1262 majestatis
971 1208 1083 1246 suae
1125 1209 1139 1243 :
1178 1198 1231 1244 et
1279 1186 1757 1256 congregabantur

131 1302 290 1345 ante
323 1287 445 1345 eum
491 1303 683 1344 omnes
715 1295 927 1356 gentes,
962 1293 1016 1339 et
1049 1282 1327 1351 separabit
1373 1293 1468 1333 eos
1509 1277 1577 1331 ab
1609 1277 1752 1330 invi-

131 1397 301 1446 cem,
353 1383 496 1437 sicut
552 1389 742 1450 pastor
794 1385 1041 1447 segregat
1094 1387 1224 1428 oves
1275 1371 1342 1424 ab
1401 1370 1574 1424 haedis
1622 1371 1688 1434 ⁷⁸,
1723 1386 1748 1420 ι

131 1475 303 1543 quod
338 1473 481 1528 idem
511 1481 593 1526 est
623 1485 747 1523 cum
779 1469 871 1522 illo
900 1464 1222 1537 prophetico
1251 1481 1263 1516 :
1309 1481 1325 1513 ι
1361 1461 1430 1515 Ει
1476 1475 1750 1539 synagoga

135 1564 484 1634 populorum
518 1561 885 1619 circumdabit
914 1569 990 1615 te.
1029 1578 1048 1610 ι
1082 1557 1351 1611 Craterum
1384 1564 1444 1608 ut
1485 1566 1748 1609 mternum

139 1671 216 1709 ac
279 1668 516 1725 perenne
575 1665 790 1722 tempus
823 1648 1116 1721 signiﬁcet,
1146 1649 1325 1700 addit:
1363 1665 1380 1696 ι
1418 1645 1486 1699 Et
1532 1653 1752 1715 propter

1856 454 2199 527 Congregate
2257 454 2333 509 illi
2395 466 2616 510 sanctos
2668 456 2808 524 ejus,
2841 456 2935 526 qui
2974 457 3231 510 ordinant
3282 464 3444 507 testa-

1859 554 2100 600 mentum
2133 547 2254 615 ejus
2286 558 2458 612 super
2498 545 2766 599 sacrificia
2797 546 2866 600 “.
2899 565 2917 598 ι
2960 546 3023 599 Ει
3053 544 3182 598 alibi
3218 562 3229 598 :
3285 562 3301 593 ι
3345 545 3444 596 Sc-

1859 635 1964 688 mel
2005 635 2217 692 locutus
2243 646 2329 692 est
2361 636 2542 700 Deus;
2579 633 2688 688 duo
2733 635 2847 690 lia-,c
2883 638 3104 701 audivi;
3143 655 3159 686 ι
3200 650 3446 704 quaenam

1858 724 1991 778 illa?
2020 727 2071 779 in
2123 736 2266 781 terra
2312 729 2475 790 Deus,
2511 727 2564 781 in
2610 727 2766 781 caelis
2807 728 3190 782 ιιοιιιοπΑιΙιιὶι
3246 729 3451 783 oratio-

1839 820 1980 865 'nem
2017 813 2344 869 coxilirmans
2373 833 2388 870 :
2429 834 2447 866 ι
2489 815 2621 881 Quia
2672 825 2913 884 potestas
2947 817 3036 871 Dei
3089 828 3171 872 est
3204 836 3215 871 :
3249 828 3300 872 et
3333 825 3447 881 tua,

1860 902 2120 969 Domine,
2153 907 2524 961 misericordia
2561 925 2575 961 :
2628 909 2754 978 quia
2783 919 2837 962 tu
2899 910 3090 962 reddes
3152 911 3449 980 unicuique

1852 993 2006 1061 juxta
2040 1009 2203 1063 opera
2238 1010 2335 1049 sua
2361 997 2428 1050 ⁸⁵.
2470 1017 2488 1048 ι
2526 998 2772 1068 Eumque
2805 1013 3029 1054 scentus
3063 1000 3265 1056 Paulus
3297 1009 3443 1058 voci-

1858 1083 2069 1140 feratur
2101 1104 2117 1140 :
2161 1105 2178 1136 ι
2227 1087 2281 1139 In
2311 1103 2376 1140 eo
2412 1090 2579 1156 enim,
2617 1091 2669 1144 in
2703 1107 2809 1160 quo
2837 1108 3035 1162 passus
3063 1103 3148 1146 cst
3192 1094 3326 1162 ipsc,
3361 1111 3453 1163 po-

1860 1185 1979 1230 tens
2015 1187 2175 1232 estet
2207 1181 2307 1242 eis,
2347 1180 2438 1246 qui
2473 1191 2779 1245 tentantur,
2835 1184 3085 1238 auxiliari
3117 1184 3183 1237 ⁸⁸.
3217 1204 3235 1235 ι
3269 1185 3331 1237 Ει
3361 1201 3456 1256 per

1859 1265 2192 1336 Sophoniam
2231 1269 2372 1330 Deus
2420 1271 2581 1324 Pater
2625 1277 2952 1329 c0nlirtnat:
2995 1294 3012 1327 t
3067 1274 3134 1329 Et
3183 1276 3466 1334 lribulauo‘

1857 1361 2108 1416 homines
2139 1372 2193 1416 et
2233 1363 2589 1416 ambulabunt
2624 1375 2681 1416 ut
2711 1369 2856 1430 caeci,
2899 1373 3024 1436 quia
3066 1371 3293 1424 Domino
3326 1388 3456 1440 pec-

1857 1455 2148 1509 carunt".
2189 1473 2205 1506 i
2243 1453 2501 1510 Videtis?
2539 1471 2644 1510 non
2699 1459 2836 1510 dixit
2887 1476 2899 1511 :
2953 1460 3090 1525 Quia
3139 1463 3268 1516 mihi
3331 1476 3456 1534 pec-

1856 1558 2069 1612 carunt,
2140 1549 2254 1610 sed,
2290 1565 2308 1599 ι
2346 1549 2620 1613 Domino;
2657 1568 2672 1599 ι
2729 1550 3056 1606 charissima
3113 1557 3254 1606 enim
3319 1553 3453 1612 Filio

1858 1652 2045 1704 pinnas
2108 1639 2457 1707 irrogaruut',
2519 1639 2833 1692 secundum
2919 1652 3274 1709 assumptum.
3329 1645 3453 1700 ldco

135 1722 304 1800 hanc
356 1748 634 1814 (causam,
715 1743 786 1796 ob
839 1756 1024 1795 verum
1092 1753 1283 1806 nempe
1338 1735 1623 1804 judicium)
1701 1736 1752 1787 in
1791 1722 1831 1776 Β
1869 1745 1886 1777 ι
1927 1727 2196 1781 ell'undam
2245 1728 2566 1796 sanguinem
2608 1743 2797 1783 eorum
2854 1730 2996 1784 sicut
3053 1732 3368 1800 pulverem,
3401 1749 3456 1790 et

137 1840 332 1892 altum
364 1838 674 1906 regredere,
713 1853 730 1886 ι
764 1835 1068 1890 ostendens
1091 1831 1256 1884 alium
1284 1829 1488 1897 justum
1515 1826 1752 1896 judicent

136 1945 281 1984 esse
330 1931 554 1992 nullum,
601 1929 704 1981 nisi
737 1938 788 1982 te
818 1926 1018 1984 solum,
1058 1923 1149 1991 qui
1189 1923 1340 1991 prius
1372 1920 1436 1972 ad
1472 1918 1750 1972 hominum

138 2024 418 2087 salutem,
446 2033 567 2090 post
599 2022 665 2074 ad
694 2019 956 2090 judicium
985 2031 1016 2071 e
1059 2016 1198 2071 caalo
1228 2014 1558 2068 descendisti
1580 2048 1594 2072 ,
1633 2027 1753 2063 rur-

138 2127 397 2181 sumque
438 2113 492 2164 in
541 2109 713 2165 caelos
764 2107 1082 2181 ascendisti.
1130 2104 1366 2172 [deoque
1417 2104 1617 2156 charus
1664 2101 1755 2153 ille

137 2203 464 2273 discipulus
504 2213 658 2257 tonat
692 2218 704 2255 :
764 2218 782 2250 ‹
817 2197 986 2252 Nemo
1019 2197 1271 2252 ascendit
1309 2197 1359 2247 in
1395 2194 1615 2258 ccelum,
1650 2194 1752 2246 nisi

139 2299 247 2366 qui
280 2294 568 2350 descendit
609 2297 674 2349 de
727 2293 891 2358 coelo,
925 2287 1098 2343 Filius
1135 2287 1393 2346 hominis,
1425 2285 1514 2354 qui
1569 2293 1651 2338 est
1699 2283 1751 2336 in

136 2390 298 2444 cwlo
330 2388 396 2440 ".
441 2406 459 2440 ι
510 2385 759 2441 Jeremia:
800 2398 1014 2454 quoque
1059 2382 1175 2437 haec
1211 2392 1335 2435 sunt
1392 2379 1551 2432 verba
1588 2395 1602 2432 :
1640 2398 1656 2428 ε
1694 2379 1750 2432 lu

142 2493 408 2551 tempore
448 2478 540 2534 illo
572 2478 842 2533 vocabunt
896 2474 1198 2531 Jerusalem
1250 2471 1446 2526 solium
1495 2469 1747 2528 Domini:

141 2585 202 2630 ct
235 2572 720 2644 congregabantur
746 2583 936 2622 omnes
964 2577 1156 2634 gentes
1193 2565 1258 2618 ad
1289 2579 1409 2619 eam
1446 2563 1515 2616 ⁷⁷.
1554 2580 1570 2613 ι
1607 2561 1750 2627 Quin

143 2675 208 2718 et
274 2662 537 2715 Salomon
572 2661 693 2714 ait:
733 2676 751 2709 ι
795 2658 1017 2727 Ιὶειρεὶιυ
1069 2657 1202 2709 iram
1253 2670 1282 2708 a
1327 2653 1490 2707 corde
1539 2663 1654 2714 tuo,
1699 2660 1752 2705 et

143 2756 317 2810 aufer
347 2753 604 2807 malitiam
641 2768 670 2805 a
704 2767 869 2806 carne
919 2762 1044 2802 tua:
1093 2763 1376 2816 usqueqtto
1432 2763 1535 2800 non
1594 2747 1752 2799 obte-

145 2850 452 2902 uebrescet
483 2846 590 2911 sol,
623 2854 678 2899 et
707 2844 834 2898 luna
869 2853 923 2897 et
955 2841 1123 2896 stella:
1158 2858 1259 2894 non
1320 2840 1522 2892 dabunt
1569 2839 1750 2892 lumen

144 2954 318 2993 suum
355 2937 425 2991 ".
466 2956 485 2988 ι
522 2936 592 2990 lis
618 2936 798 2991 verbis
839 2934 1142 2989 secundum
1197 2930 1397 2984 Christi
1459 2933 1748 2984 adventum

149 3033 414 3096 innuens,
449 3044 574 3084 cum
614 3029 926 3083 universum
984 3027 1086 3080 hoc
1112 3040 1294 3079 .omne
1339 3025 1662 3091 mutabitur,
1697 3034 1752 3078 et

145 3121 320 3191 quasi
350 3122 669 3189 relingetur.
711 3119 778 3172 Et
808 3117 976 3171 David
1014 3136 1028 3172 :
1069 3134 1087 3167 ι
1125 3118 1394 3182 Quoniam
1439 3131 1570 3171 ecce
1601 3132 1756 3185 reges

149 3218 324 3263 terra:
353 3207 664 3277 congregati
711 3217 855 3272 sunt,
889 3217 1262 3261 convenerunt
1295 3207 1346 3259 in
1385 3222 1550 3260 unum
1588 3223 1603 3260 :
1647 3207 1748 3276 ipsi

151 3301 412 3354 videntes
450 3300 531 3352 sic
565 3297 818 3352 admirati
866 3306 1025 3361 sunt,
1061 3297 1371 3351 conturbati
1421 3310 1566 3363 sunt,
1603 3313 1755 3352 com-

155 3369 294 3446 moti
335 3403 482 3458 sunt,
516 3401 719 3447 tremor
765 3391 1120 3460 apprehendit
1151 3403 1245 3444 eos
1276 3409 1289 3445 :
1322 3391 1393 3445 ibi
1426 3391 1662 3453 dolores,
1698 3403 1756 3445 ut

154 3487 515 3556 parturientis
558 3485 627 3538 π.
670 3503 689 3536 ι
728 3484 790 3538 Et
822 3485 1075 3539 Michteas
1111 3501 1124 3536 :
1165 3503 1182 3534 ι
1226 3484 1364 3538 Ecce
1396 3485 1510 3538 dies
1546 3484 1753 3538 Domini

155 3577 318 3632 venit
377 3577 579 3631 ardens
633 3588 692 3630 ut
742 3576 1039 3632 clibanus:
1090 3586 1156 3630 et.
1202 3576 1535 3630 comburet:
1593 3587 1753 3632 erant

152 3683 354 3723 orunes
381 3668 529 3735 impii
556 3677 610 3721 et
637 3679 968 3737 peccatores,
998 3669 1139 3723 sicut
1179 3667 1411 3736 stipula;
1449 3681 1501 3722 et
1529 3686 1756 3724 succcn-

155 3763 250 3814 det
277 3776 374 3814 eos
425 3762 538 3815 dies
576 3762 842 3816 venims:
886 3772 942 3813 et
995 3777 1099 3814 non
1161 3761 1499 3828 relinquetur
1553 3779 1620 3816 ex
1674 3766 1754 3817 eis

157 3869 378 3918 ramus,
435 3869 613 3922 neque
662 3856 815 3908 radix
864 3854 932 3906 8°.
967 3856 1236 3922 Aggmus:
1278 3872 1295 3904 ι
1343 3856 1535 3909 Adhuc
1584 3857 1754 3909 semel

156 3961 259 4015 ego
296 3946 648 4016 commovebo
670 3961 857 4000 omnes
882 3956 1068 4015 gentes
1091 3943 1159 3996 δι.
1188 3963 1205 3996 ι
1239 3945 1441 4000 ls;iias:
1477 3964 1493 3996 ι
1527 3943 1748 3999 lnduani

159 4037 365 4090 cwlum
428 4037 687 4100 tenebris,
723 4046 776 4090 et
830 4037 985 4104 quasi
1035 4036 1272 4108 cilicium
1322 4052 1516 4105 ponam
1573 4039 1752 4104 Operi-

159 4137 409 4181 mentum
438 4127 552 4194 ejus
577 4127 706 4196 ⁸¹νι
741 4126 911 4180 David
941 4145 953 4179 :
991 4127 1186 4196 «Deus
1216 4130 1438 4182 deorum
1493 4129 1752 4184 Dominus

160 4221 380 4272 locutus
413 4227 518 4282 est,
550 4221 866 4273 et'vocarit
917 4227 1119 4274 terram
1169 4237 1196 4273 ει
1231 4222 1360 4275 solis
1404 4233 1526 4274 ortu
1583 4237 1751 4291 usque

160 4311 228 4363 ad
274 4323 534 4362 occasum
579 4325 685 4362 :ex
727 4310 859 4363 Sion
912 4313 1125 4379 Species
1159 4314 1371 4366 decoris
1403 4313 1562 4383 ejus:
1606 4314 1750 4369 Deus

162 4400 456 4454 manifeste
482 4401 780 4456 veniet".i
807 4400 949 4468 Non,
982 4413 1038 4456 ut
1068 4415 1211 4467 ante,
1235 4417 1566 4469 mansuetus,
1593 4405 1749 4473 quasi

169 4493 328 4547 mitis
357 4509 556 4562 agnus,
586 4493 744 4562 quasi
785 4505 936 4566 gutta
970 4495 1167 4551 leniter
1198 4497 1249 4549 in
1285 4496 1453 4551 vellus
1489 4496 1753 4565 deﬂuens,

163 4585 326 4654 quasi
359 4586 479 4638 ovis
507 4587 574 4638 ad
607 4589 809 4641 credent
850 4597 1140 4656 pertracta,
1174 4600 1230 4642 et
1273 4590 1424 4658 quasi
1473 4603 1644 4658 agnus
1675 4590 1757 4644 in-

165 4667 691 4730 nocens'ducendus
720 4678 784 4730 ad
815 4678 1087 4731 victimam
1114 4695 1128 4745 ;
1159 4680 1254 4732 sed
1285 4680 1519 4749 gloriose
1552 4683 1752 4749 veniet,

164 4769 220 4821 id
259 4777 364 4831 est,
394 4768 561 4836 regie,
605 4780 769 4836 atque
800 4779 858 4822 ut
899 4769 1062 4823 Deum
1107 4773 1281 4836 decet,
1321 4775 1562 4840 angustis
1589 4774 1756 4842 Stipa-

169 4871 262 4913 tus
296 4857 528 4927 angelis,
560 4863 878 4926 cunctisque
909 4862 1079 4928 copiis
1106 4863 1418 4915 coelestibus
1440 4865 1754 4929 comitatus,

168 4958 240 5005 ab
264 4953 413 5005 omni
460 4954 787 5020 aeternitate,
818 4955 869 5006 in
901 4969 1228 5022 omnemque
1269 4957 1655 5019 aztcrnitatcm,
1703 4970 1759 5011 et

165 5043 396 5112 insuper
445 5058 701 5114 regnans.
750 5043 916 5114 Igitur
987 5065 1004 5098 ι
1044 5049 1223 5100 veniet
1271 5046 1411 5101 Deus
1451 5061 1653 5116 noster,
1701 5059 1754 5104 et

166 5150 280 5189 non
310 5134 492 5188 silebit
524 5151 538 5187 :
576 5137 718 5206 ignis
751 5138 807 5190 in
851 5147 1146 5206 conspectu
1175 5139 1292 5204 ejus
1325 5141 1665 5206 cxardescet,
1701 5153 1755 5198 et

166 5217 220 5283 ὶίι
255 5212 489 5282 circuitu
518 5229 639 5298 ejus
669 5240 959 5299 tempestas
988 5231 1188 5285 valida.
1224 5226 1529 5289 A’dvocabit
1554 5238 1749 5291 cmlum

242 5487 288 5518 ⁷⁸
318 5485 508 5541 Matth.
536 5504 661 5556 xxv,
686 5490 776 5544 51.
881 5491 929 5522 ⁷⁸
959 5489 1114 5544 Joan.
1147 5507 1226 5556 ιιι,
1257 5493 1344 5545 15.

167 5558 214 5630 δέ
248 5557 477 5630 ΜειΙεεΙι.
515 5574 567 5622 ν,
605 5561 655 5614 1.
768 5560 812 5592 ⁸¹
860 5563 992 5630 Agg.
1031 5577 1088 5614 ιι.
1125 5563 1215 5614 ‘23.
1333 5564 1376 5594 ’δ’
1403 5562 1505 5616 lsa.
1538 5576 1588 5625 L,
1616 5561 1667 5614 5.

167 5628 215 5701 ἐκ
247 5628 616 5701 l_lebr._‘2,18.
697 5628 1140 5701 "septimm-
1228 5633 1274 5662 εδ
1309 5633 1435 5685 ibid.
1469 5633 1555 5695 is,
1598 5632 1680 5685 ia.

167 5700 212 5731 ’³
256 5697 369 5752 lino
405 5697 519 5754 Joel
562 5716 644 5768 tu,
689 5697 868 5757 li-lti.
977 5704 1020 5733 ’³
1060 5702 1212 5756 Deut.
1245 5720 1414 5767 xuii,
1450 5704 1537 5757 5t}.

1451 5493 1494 5524 ⁷⁷
1519 5488 1718 5543 Jercm.
1745 5505 1828 5551 ni,
1862 5491 1947 5544 17.

1457 5581 1482 5592 η
1538 5576 1549 5592 ι
1616 5561 1647 5592 π
1782 5561 1828 5592 83
1852 5561 1947 5592 ιιοιι

1782 5561 1828 5592 ⁸³
1850 5561 1996 5615 l’sal.
2031 5576 2181 5623 XLIX,
2219 5561 2269 5611 1.

1757 5632 1802 5662 ⁸³
1839 5631 1995 5685 Juan.
2035 5646 2087 5695 ν,
2129 5631 2222 5683 22.

1615 5702 1658 5732 ⁸⁸
1691 5702 1731 5757 ιι
1767 5701 1941 5756 Much.
1979 5716 2074 5769 vn,
2117 5703 2184 5769 6;
2223 5699 2366 5756 l’sal.
2402 5716 2622 5768 cxxxtv,
2660 5699 2744 5754 14.

1863 1829 2057 1868 carnes
2104 1829 2291 1868 eorum
2343 1818 2483 1870 sicut
2531 1828 2772 1871 stercora
2829 1820 2989 1873 boum
3024 1838 3037 1876 :
3072 1833 3127 1875 et
3171 1835 3452 1892 argentum

1863 1921 2075 1971 eorum,
2112 1916 2165 1960 et
2201 1923 2392 1962 aurum
2429 1925 2616 1963 eorum
2664 1911 2933 1964 vcntilabo
2969 1925 3223 1982 tanquam
3273 1919 3458 1985 pulve-

1864 2011 1974 2049 rem
2010 2006 2104 2060 ;et
2137 2013 2239 2050 non
2275 2000 2470 2068 poterit
2503 2015 2695 2053 eruere
2723 2015 2820 2055 eos
2855 2001 2907 2053 in
2943 2003 3027 2057 die
3059 2005 3153 2058 irae
3195 2007 3404 2063 Domini
3437 2024 3452 2062 :

1862 2093 2118 2162 quoniam
2180 2095 2228 2146 in
2299 2094 2422 2165 igne
2501 2096 2602 2148 zeli
2667 2095 2786 2164 ejus
2848 2106 3202 2153 consutnctur
3276 2105 3456 2158 omnis

1865 2196 2004 2240 terra
2039 2187 2109 2239 ⁸⁸.
2149 2206 2166 2238 ι
2607 2206 2614 2212 ·
3173 2189 3181 2197 ’

1931 2277 2228 2335 Observate
2262 2295 2414 2348 sane,
2453 2296 2560 2336 non
2601 2283 2676 2336 ait
2711 2300 2724 2338 :
2761 2284 2817 2337 In
2849 2275 2937 2338 die
2979 2285 3073 2340 ira:
3106 2300 3258 2351 mete,
3308 2287 3400 2342 sed
3435 2305 3448 2342 :

1867 2390 1885 2422 ι
1931 2370 1984 2424 lu
2016 2373 2136 2443 igne
2173 2373 2273 2427 zeli
2312 2373 2452 2442 ejus,
2491 2393 2509 2426 ι
2561 2375 2846 2447 Unigenito
2881 2377 3076 2448 judicii
3116 2389 3442 2448 potestatem

1865 2465 2130 2518 tribuens.
2184 2466 2374 2535 Itaque
2428 2477 2480 2520 et
2530 2482 2681 2522 meus
2736 2469 2996 2523 Servator
3044 2472 3165 2526 ait:
3208 2491 3226 2522 ι
3262 2471 3450 2542 Neque

1860 2556 2022 2612 Pater
2048 2560 2253 2626 judicat
2295 2577 2651 2632 quemquam,
2693 2565 2787 2619 sed
2823 2579 2982 2620 omne
3009 2566 3270 2636 judicium
3307 2569 3458 2624 dedit

1863 2647 2000 2703 Filio
2027 2651 2097 2704 ".
2137 2669 2155 2702 ι
2198 2651 2263 2706 Ει
2315 2655 2383 2707 de
2436 2655 2574 2709 Filio
2627 2655 2795 2711 David
2830 2674 2844 2714 :
2882 2680 2899 2708 ι
2936 2657 3082 2727 Ignis
3121 2669 3246 2712 ante
3283 2661 3455 2731 ipsum

1860 2741 2172 2810 praecedet,
2239 2755 2293 2799 et
2361 2745 2720 2802 inﬂammabit
2797 2750 2846 2803 in
2918 2750 3146 2805 circuitu
3209 2753 3457 2807 inimicos

1859 2834 2074 2910 ejus
2113 2855 2132 2887 ι
2173 2837 2250 2891 Ειι
2309 2849 2365 2892 ιιι
2418 2840 2564 2894 Deus
2612 2843 2806 2895 iterum
2866 2844 3046 2896 veniet
3092 2858 3451 2914 corporatus;

1863 2944 1988 2984 nam
2028 2946 2166 3001 quas
2196 2933 2329 2988 alias
2361 2935 2676 2990 inimicitias
2708 2936 2928 3004 Clll‘lSlO
2955 2947 3248 3005 potuerunt
3278 2940 3454 2993 homi-

1866 3039 1960 3078 nes
1986 3024 2246 3094 objicere,
2277 3031 2575 3082 secundum
2606 3026 2845 3083 divinam
2875 3033 2990 3098 ejus
3015 3041 3068 3084 et
3095 3031 3455 3084 immortalem

1868 3126 2140 3182 naturam,
2204 3119 2305 3174 nisi
2370 3107 2609 3174 humana
2669 3122 2954 3189 supplicia,
3009 3137 3128 3192 qua:
3178 3138 3206 3176 a
3260 3120 3457 3176 Judaeis

1867 3209 2167 3286 sustinuit?
2212 3209 2557 3278 Quapropter
2612 3226 2692 3266 vae
2742 3212 2888 3266 illius
2943 3213 3179 3268 inimicis
3233 3228 3292 3268 ea
3350 3215 3455 3270 die.

1866 3299 2011 3361 ldem
2051 3316 2268 3356 rursum
2303 3320 2315 3355 :
2350 3320 2368 3352 ι
2403 3305 2822 3358 Annuntiabunt
2847 3305 2969 3359 coeli
3000 3304 3269 3373 justitiam
3302 3308 3453 3377 ejus:

1866 3393 2125 3462 quoniam
2187 3394 2329 3449 Deus
2380 3395 2548 3463 judex
2604 3409 2681 3451 est
2712 3399 2779 3452 ⁸⁸.
2816 3418 2834 3450 ι
2894 3399 3146 3453 Ezechiel
3208 3414 3333 3453 vero
3383 3403 3460 3455 sic

1866 3488 2030 3540 habet
2067 3504 2083 3542 :
2127 3506 2145 3538 ι
2180 3486 2548 3559 Consurgunt,
2605 3491 2900 3545 ascendant
2947 3500 3139 3552 omnes
3175 3506 3360 3562 gentes
3406 3495 3458 3548 in

1864 3576 2059 3631 vallem
2085 3577 2378 3648 Josaphat;
2410 3571 2535 3650 quia
2564 3583 2633 3635 ibi
2657 3583 2879 3648 sedebo,
2916 3581 3236 3652 ut'judicem
3269 3601 3455 3640 omnes

1825 3708 1829 3711 ς
1864 3680 2053 3738 gentes
2093 3671 2145 3726 in
2179 3674 2434 3727 circuitu.
2477 3675 2722 3729 Emittite
2759 3667 2948 3741 falces,
2991 3679 3246 3747 quoniam
3281 3689 3458 3732 matu—
3509 3671 3511 3673 ’

1864 3767 2006 3818 ravit
2051 3767 2278 3833 messis;
2338 3767 2577 3834 introite,
2635 3769 2873 3836 calcate,
2931 3770 3056 3838 quia
3109 3770 3323 3840 plenum
3381 3784 3461 3827 est

1866 3858 2104 3912 torcular
2144 3875 2158 3924 ;
2199 3862 2504 3913 redundant
2556 3862 2870 3928 toreularia,
2913 3862 3040 3930 quia
3092 3863 3292 3932 repleta
3335 3875 3460 3919 sunt

1862 3949 2003 4002 mala
2036 3966 2246 4006 eorum.
2281 3950 2508 4006 Sonitus
2532 3952 2770 4006 exauditi
2801 3962 2927 4007 sunt
2957 3956 3008 4007 in
3038 3947 3179 4010 valle
3201 3955 3483 4024 justitia::’

1861 4041 1942 4096 sol
1976 4053 2028 4096 ct
2062 4042 2186 4096 luna
2218 4040 2743 4108 obtenebrabuntur,
2795 4056 2850 4098 et
2891 4045 3062 4100 stellae
3094 4046 3346 4102 occidere
3379 4047 3459 4100 fa-

1861 4136 2007 4190 cient
2036 4134 2381 4202 splendorem
2425 4150 2631 4189 suum:
2672 4133 2932 4190 Dominus
2975 4145 3156 4190 autem
3210 4137 3276 4190 de
3329 4138 3457 4190 Sion

1862 4226 2142 4290 clamabit,
2180 4235 2234 4280 et
2286 4227 2353 4280 de
2395 4224 2700 4280 Jerusalem
2741 4226 2890 4280 dabit
2934 4241 3120 4281 vocem
3177 4242 3331 4281 suam
3362 4247 3375 4282 ε
3408 4236 3462 4282 et

1863 4318 2173 4371 movebitur
2211 4317 2410 4370 cmlum
2447 4326 2502 4371 ct
2538 4326 2692 4370 terra
2716 4355 2729 4372 .
2764 4315 3028 4371 Dominus
3059 4328 3238 4370 autem
3273 4330 3462 4386 parcet

1864 4410 2062 4478 populo
2085 4414 2217 4464 'suo
2241 4409 2310 4462 θ’.
2347 4426 2365 4460 ι
2423 4407 2492 4461 Ει
2541 4406 2761 4463 Moses:
2798 4425 2818 4460 ι
2870 4404 3148 4463 Judicabit
3182 4405 3462 4465 Dominus

1832 4536 1836 4541 -
1869 4498 2125 4570 pepulum
2161 4514 2318 4553 suum
2355 4514 2370 4551 :
2404 4504 2459 4551 et
2493 4496 2548 4550 in
2585 4495 2760 4551 servis
2792 4497 2908 4552 suis
2938 4499 3313 4552 consolabitur
3335 4501 3403 4552 ".
3439 4519 3453 4549 ι

1868 4594 2061 4647 Servos
2090 4591 2371 4660 appellans
2410 4599 2650 4654 sanctos,
2703 4589 2796 4658 qui
2835 4596 2891 4643 et
2936 4589 3269 4644 meditantur
3300 4589 3462 4658 justi-

1868 4688 1972 4740 tias
2001 4685 2140 4753 ejus,
2181 4693 2234 4738 et
2269 4682 2482 4738 faciunt
2512 4683 2768 4736 mandata
2813 4681 2957 4751 ejus.
2996 4679 3260 4748 Populum
3306 4693 3462 4735 vocat

1869 4781 2065 4848 impios
2092 4787 2150 4833 et
2180 4787 2441 4831 nocentes
2469 4787 2788 4847 peccatores
2818 4789 2834 4828 :
2876 4774 3018 4829 unde
3047 4774 3146 4829 hos
3171 4771 3458 4842 judicabit,

1869 4871 1922 4924 in
1953 4871 2061 4925 illis
2089 4869 2468 4924 consolabitur
2494 4866 2561 4920 “.
2601 4865 2771 4921 lsaias
2809 4865 2924 4920 haec
2956 4865 3030 4918 ita
3067 4867 3416 4934 prosequitur
3447 4885 3456 4915 :

1867 4983 1886 5017 ι
1929 4965 2075 5018 Ecce
2111 4963 2374 5016 Dominus
2400 4962 2544 5015 sicut
2576 4959 2719 5028 ignis
2741 4958 2942 5034 veniet,
2976 4965 3031 5011 et
3060 4956 3202 5011 sicut
3225 4956 3459 5026 procella
3541 5019 3553 5032 ο

1860 5068 2057 5109 currus
2088 5052 2228 5121 ejus,
2278 5053 2506 5107 reddere
2556 5049 2609 5104 in
2647 5050 2835 5105 furore
2884 5049 3144 5103 ultionem
3191 5063 3370 5112 suam,
3408 5059 3460 5100 ct

1863 5145 2289 5214 increpationem
2320 5157 2476 5198 suam
2519 5142 2572 5196 in
2605 5140 2820 5195 [lamina
2854 5141 3036 5208 ignis;
3080 5142 3132 5194 in
3171 5142 3292 5211 igne
3314 5141 3456 5196 enim

1860 5237 2078 5293 Domini
2105 5235 2447 5306 judicabitur
2476 5234 2658 5289 omnis
2690 5247 2834 5288 terra
2864 5234 2933 5286 ⁸⁵.
2973 5250 2990 5284 ι
3035 5233 3206 5313 David
3237 5248 3253 5286 :
3285 5251 3304 5284 ι
3341 5230 3459 5287 Lae-

2057 5490 2102 5521 ⁷⁸
2140 5488 2283 5544 Eccl.
2320 5504 2399 5553 xi,
2440 5489 2540 5552 l0;
2576 5503 2674 5554 xii,
2703 5486 2758 5545 2.
2872 5488 2914 5518 "
2955 5485 3093 5540 Psal.
3128 5501 3294 5548 varI,
3320 5487 3373 5549 5,
3400 5499 3454 5540 o.

2057 5576 2157 5590 Ἰιν
2219 5561 2236 5590 Ι
2341 5559 2388 5589 οδ
2412 5558 2521 5590 ηιειι
2580 5558 2612 5590 ’κ
2678 5557 2699 5590 ι
2825 5557 2872 5590 αδ
2906 5555 3024 5590 οοηι
3088 5573 3177 5590 ενι
3239 5559 3304 5590 Δι’)
3363 5559 3426 5590 4⁵3.

2341 5559 2388 5589 “
2412 5558 2546 5612 ibid.
2579 5558 2633 5622 '5,
2673 5557 2726 5612 4.
2825 5557 2872 5590 ⁸⁸
2903 5555 3049 5613 Psal.
3087 5573 3204 5618 ωιι,
3239 5559 3323 5619 12,
3363 5559 3451 5612 lli.

2298 5628 2344 5660 ’°
2382 5629 2528 5683 Psat.
2572 5645 2736 5689 inx,
2774 5627 2829 5680 5.
2923 5632 2967 5661 ’ί
3013 5631 3154 5681 l’sal.
3197 5642 3359 5692 χιιι,
3400 5631 3451 5680 ti.

2824 5702 2868 5732 ’⁵
2907 5699 3010 5756 lsa.
3044 5713 3188 5763 ιλιι,
3225 5699 3312 5752 15.
3363 5709 3369 5716 ·
