3956 6324
516 206 622 268 919

1749 200 2181 263 ANDBONICI
2217 199 2567 261 COMNENI

3665 212 3785 273 920

517 330 697 372 tentur
726 313 877 381 cteli,
915 322 972 370 et
1013 313 1249 370 exsultet
1278 302 1422 368 terra
1456 330 1473 368 :
1502 324 1916 373 commoveatur
1950 327 2100 368 mare
2130 322 2175 378 Α
2204 311 2324 367 fore
2345 352 2362 378 ,
2420 323 2475 367 et
2512 324 2857 382 peccatorem
2913 316 2967 372 in
3012 320 3298 392 aeternum)
3353 323 3780 387 comburcndum

516 419 569 465 et
595 408 880 480 plenitudo
914 406 1035 478 ejus
1066 423 1081 459 :
1113 406 1425 476 gaudebunt
1456 406 1657 478 campi,
1696 416 1754 462 et
1779 407 1959 461 omnia
1984 420 2106 475 quae

518 502 570 554 in
602 501 682 555 eis
710 508 860 557 sunt.
895 496 1047 552 'l‘unc
1078 494 1430 552 exsultabant
1460 500 1643 553 omnia
1669 497 1812 566 ligna
1843 496 2103 553 silvarum

518 607 549 646 a
581 592 719 646 facie
750 587 991 655 Domini,
1026 587 1155 659 quia
1186 588 1372 643 venit:
1407 588 1665 657 quoniam
1688 588 1842 642 venit
1862 586 2108 656 judicare

522 696 744 738 tet-ram.
788 678 1069 738 Judicabit
1098 667 1285 733 orbem
1318 690 1479 733 tet-rte
1512 679 1565 731 in
1599 679 1878 747 aequitate,
1924 688 1977 734 et
2010 693 2106 747 po-

520 773 673 842 pulos
707 774 760 825 in
794 772 1026 825 veritate
1062 785 1157 824 sua
1183 770 1253 824 ⁹⁶.
1293 787 1314 822 ι
1354 768 1530 836 Itane,
1573 768 1768 825 vates?
1810 784 1931 822 cum
1962 783 2109 823 mor-

524 863 656 918 tales
679 877 870 917 omnes
899 864 1121 915 horrere
1150 870 1315 929 atque
1344 862 1411 915 ad
1442 860 1545 915 Dei
1563 852 1844 932 aspectum
1877 868 2109 915 tremere
2137 911 2141 915 .

519 955 611 1008 alii
645 956 924 1023 propheta:
956 954 1281 1023 praedicant,
1308 962 1366 1008 tu
1395 953 1619 1018 ccelnm,
1659 961 1883 1018 terram,
1913 951 2106 1019 saltus,

521 1056 683 1115 atque
715 1044 885 1100 colles
917 1043 1159 1114 gaudere
1192 1059 1258 1100 ac
1287 1059 1453 1099 ovare
1469 1040 1662 1099 canis?
1694 1043 1858 1123 Sane,
1894 1044 2105 1113 inquit:

520 1136 655 1192 Nam
692 1139 916 1192 veniens
951 1137 1094 1192 Deus
1138 1137 1205 1191 iis
1238 1137 1328 1207 qui
1358 1151 1419 1192 se
1464 1146 1523 1189 ut
1570 1138 1736 1191 Deum
1766 1137 2105 1207 agnoverint,

520 1239 577 1284 et
600 1242 872 1299 praecepta
904 1228 1262 1294 servaverint,
1291 1228 1778 1292 immortalitatem,
1808 1242 2107 1297 perennem

519 1324 712 1385 vitam,
751 1331 913 1392 atque
953 1335 1177 1390 regnum
1211 1321 1509 1392 largietur;
1555 1315 1699 1377 dicet
1726 1321 1870 1376 enim
1904 1337 1918 1373 :
1950 1339 1969 1372 ι
2006 1321 2111 1376 Ve-

521 1414 658 1477 nite,
693 1413 958 1487 benedicti
992 1410 1172 1467 Patris
1209 1414 1336 1478 mei,
1368 1411 1640 1481 possidete
1663 1423 1911 1480 paratum
1938 1412 2095 1483 vobis

506 1484 751 1572 ‘regnum
792 1516 821 1555 a
855 1501 1249 1558 constitutione
1285 1503 1469 1557 mundi
1494 1501 1565 1557 ⁸⁷.
1598 1520 1617 1553 ι
1652 1500 1804 1568 Quod
1843 1502 1889 1556 si
1922 1515 2113 1557 omnes

525 1595 724 1664 campi,
760 1603 1082 1662 cunctaeque
1130 1594 1357 1649 arbores
1398 1593 1677 1648 silvestres
1720 1593 2031 1662 gaudebunt
2057 1601 2116 1647 et

2205 412 2483 461 servatum
2515 405 2629 476 (53)
2669 407 2737 461 iri
2764 407 2809 463 ⁸.
2849 426 2869 460 ι
2901 408 2971 462 Ει
2998 407 3054 464 id
3086 411 3306 480 quidem
3336 413 3602 480 integrum
3628 431 3799 470 man—

2206 431 2483 461 senatqu
2515 431 2629 476 tuo;
2669 431 2737 461 trt
2766 431 2809 463 '.
2849 431 2869 460 ι
2901 431 2971 462 nt
3001 431 3054 464 tu
3086 431 3306 480 qmuem
3336 431 3446 468 mle
3487 431 3602 469 rum
3628 431 3780 470 man-

2206 508 2415 557 surum,
2458 503 2516 550 et
2560 506 2902 565 peccatorem
2954 499 3006 553 in
3051 509 3313 556 veternum
3360 431 3780 560 cori‘tburendum

2208 594 2541 663 reservatum
2578 586 2666 640 iri.
2714 586 2865 642 Licet
2908 588 3010 658 ipsi
3068 590 3200 645 illud
3246 594 3389 659 quod
3446 610 3553 651 non
3583 594 3784 650 confu-

2209 685 2321 728 tnat
2350 676 2487 747 (5i),
2509 686 2563 730 et
2581 692 2797 745 semper
2827 679 2879 733 in
2896 678 3109 733 ﬂamma
3131 682 3384 748 retineat,
3405 696 3778 755 argumentum

2207 765 2405 822 salutis
2446 779 2501 823 et
2538 770 2875 824 remissionis
2928 770 3279 827 arbitrentur.
3337 774 3395 827 Si
3444 790 3571 830 vero
3620 776 3783 845 dictis

2208 855 2382 934 sancti
2413 856 2565 910 Pauli
2599 858 2676 913 sic
2716 860 3095 926 adversantur,
3130 872 3205 927 et,
3259 871 3317 915 ut
3345 878 3451 917 non
3484 866 3781 934 oportebat,

2209 926 2620 1016 contradicant,
2694 959 2872 1005 tamen
2945 967 2973 1005 a
3049 926 3240 1010 sancto
3311 926 3535 1010 Davide-
3597 926 3784 1013 redar;

2210 1047 2466 1106 guuntur.
2507 1039 2601 1096 Sic
2633 1042 2776 1096 enim
2828 1043 2942 1113 ipse
2988 1045 3173 1100 docuit
3231 1058 3451 1116 aperte,
3510 1048 3780 1105 conlusio-

2211 1146 2360 1195 nem,
2388 1140 2445 1187 et
2488 1134 2980 1203 conturbationem,
3034 1146 3089 1192 et
3143 1138 3198 1193 in
3254 1138 3527 1194 infernum
3559 1155 3785 1196 conver-

2211 1220 2422 1276 sionem
2479 1224 2868 1292 Sempiternam
2927 1226 3087 1292 fore,
3152 1231 3383 1283 mendax
3437 1240 3521 1284 est
3573 1230 3779 1284 illorum

2212 1312 2547 1381 exspectatio
2595 1314 2825 1383 alicujus
2864 1317 2951 1372 vel
3007 1317 3296 1375 levissima:
3333 1321 3666 1376 cessationis.
3720 1322 3786 1374 Et

2213 1405 2322 1460 alio
2351 1406 2559 1474 psalmo
2588 1408 2802 1476 quidem
2833 1409 2965 1464 dicit
2995 1428 3007 1464 :
3039 1428 3059 1463 ς
3090 1411 3353 1487 Quoniam
3380 1415 3615 1483 probasti
3655 1430 3777 1479 nos,

2214 1496 2397 1554 Deus:
2429 1501 2554 1569 igne
2598 1515 2700 1555 nos
2738 1502 3067 1556 examinain
3116 1503 3261 1557 sicut
3312 1507 3649 1559 examinatur
3696 1520 3788 1557 ar-

2218 1602 2438 1664 gentum
2469 1607 2484 1645 :
2519 1591 2784 1647 iuduxisti
2819 1608 2918 1647 nos
2954 1592 3007 1645 in
3038 1593 3313 1661 laqueum,
3356 1596 3584 1664 posuisti
3621 1594 3791 1649 tribu-

525 1686 761 1738 ovabunt
784 1723 798 1749 ,
837 1693 894 1737 at
926 1684 977 1737 in
1007 1682 1189 1751 priore
1225 1682 1485 1749 adventtt,
1515 1694 1642 1737 tunc
1670 1682 1815 1738 enim
1837 1682 2112 1751 gaudium,
2148 1656 2189 1710 Β
2217 1682 2450 1737 lationes
2478 1682 2534 1737 in
2566 1683 2731 1739 dorso
2765 1694 2987 1751 nostro;
3021 1685 3323 1755 imposuisti
3353 1687 3599 1742 homines
3627 1702 3789 1756 super

525 1784 583 1829 et
603 1775 912 1827 ovationem
934 1774 1119 1828 omnia
1150 1785 1307 1828 nacta
1330 1784 1456 1828 sunt
1486 1784 1772 1830 :cmterum
1796 1775 1850 1826 in
1874 1772 2115 1826 secundo

518 1864 653 1934 justi
686 1865 954 1917 duntaxat
988 1844 1056 1916 iis
1086 1863 1383 1932 potientur.
1411 1861 1693 1930 Siquidem
1726 1858 2115 1922 exsecrabiles,

528 1962 691 2024 atque
745 1956 796 2008 in
854 1953 1181 2007 exteriorem
1235 1954 1411 2021 ignem
1464 1954 1756 2016 abeuntes,
1817 1949 2114 2019 ingentem,

528 2045 964 2108 intolerabilem,
1017 2044 1347 2098 acerrimam
1407 2043 1797 2097 ustulationem
1855 2041 2110 2094 sentient.

531 2137 715 2201 Quare
751 2152 873 2191 cum
925 2138 1079 2203 dicit,
1146 2155 1164 2187 ι
1202 2134 1342 2202 Quia
1382 2130 1552 2198 venit,
1592 2150 1613 2183 ι
1648 2132 1881 2203 priorem
1911 2133 2117 2186 adven-

533 2243 648 2283 tum
685 2228 992 2300 signilicat;
1031 2244 1155 2283 eum
1190 2227 1416 2296 repetit,
1476 2244 1494 2277 t
1535 2223 1804 2292 Quoniam
1850 2225 1998 2277 venit
2030 2223 2121 2293 ju-

531 2314 715 2376 dicare
770 2331 994 2388 terram,
1031 2339 1052 2372 ι
1112 2320 1342 2374 alterum
1407 2324 1761 2389 reprmsentat
1788 2355 1805 2382 ,
1841 2330 1973 2385 ..quo
2010 2330 2119 2369 non

534 2415 759 2475 libertas
795 2424 959 2482 atque
1006 2411 1176 2477 salus,
1218 2411 1313 2467 sed
1368 2409 1646 2466 damnatio
1689 2423 1754 2462 ac
1797 2408 2119 2476 supplicium

532 2516 742 2575 agetur.
782 2503 915 2556 Nam
972 2502 1202 2559 Creator
1260 2512 1313 2557 et
1368 2502 1630 2555 Dominus
1674 2516 1796 2553 cum
1853 2499 2122 2553 inclinans

534 2600 701 2653 caelos
747 2599 1047 2662 descendit,
1099 2613 1162 2652 ac
1208 2596 1595 2666 benignitatem
1644 2611 1798 2652 suam
1830 2594 2118 2664 probavit;

538 2711 646 2748 tum
698 2697 764 2749 de
816 2694 1169 2757 humanitate,
1217 2702 1328 2747 tum
1378 2677 1447 2746 de
1475 2692 1683 2762 judicio
1715 2700 1946 2746 testatus
1977 2698 2107 2744 est:

539 2790 607 2842 de
634 2787 722 2840 illa
756 2800 878 2852 cum
910 2786 984 2838 ait
1013 2803 1026 2838 :
1058 2804 1076 2835 ι
1112 2784 1213 2850 Qui
1234 2784 1403 2838 credit
1429 2784 1482 2838 in
1506 2800 1613 2849 me,
1635 2782 1849 2837 etiamsi
1879 2792 2125 2836 mortuus

538 2878 722 2945 fuerit,
754 2878 902 2931 vivet
935 2894 950 2928 :
986 2886 1041 2930 et
1074 2876 1253 2935 ninnis
1298 2876 1391 2945 qui
1447 2876 1580 2929 vivit
1614 2883 1669 2928 et
1706 2873 1885 2927 credit
1920 2873 1972 2927 in
2007 2887 2115 2938 me,

2220 1773 2396 1842 capita
2422 1782 2637 1829 nostra.
2668 1775 3047 1832 Transivimus
3076 1793 3175 1846 per
3204 1779 3382 1849 ignem
3412 1790 3468 1835 et
3500 1795 3712 1851 aquam,
3734 1789 3789 1835 et

2220 1867 2481 1922 iuduxisti
2537 1881 2637 1922 nos
2671 1868 2724 1921 in
2762 1869 3101 1939 refrigerium
3124 1871 3168 1923 ⁷.
3204 1887 3224 1922 ι
3268 1871 3372 1925 Sed
3427 1870 3514 1925 hic
3563 1880 3786 1925 tantum.

2222 1958 2337 2013 Non
2369 1961 2514 2013 enim
2544 1961 2644 2014 nisi
2676 1962 2845 2014 solam
2876 1963 3159 2029 praesentis
3190 1963 3315 2017 vitae
3348 1961 3789 2032 inaqualitatem,

2218 2060 2274 2105 et
2308 2050 2669 2105 humanarum
2719 2067 2899 2107 rerum
2946 2053 3379 2119 conversionem,
3424 2070 3488 2109 ac
3522 2055 3789 2109 vicissitu-

2223 2142 2403 2196 dinem
2437 2143 2503 2196 iis
2535 2144 2714 2199 verbis
2752 2132 3076 2203 accuravit.
3127 2144 3226 2201 Hic
3269 2161 3458 2201 eorum
3504 2148 3790 2218 perniciem

2222 2227 2561 2298 exploratius
2612 2231 3013 2297 demonstrans,
3050 2234 3278 2288 subdit:
3310 2253 3331 2286 ι
3365 2234 3433 2289 Et
3472 2245 3794 2307 cognoscant

2224 2321 2349 2390 quia
2397 2336 2595 2377 nomen
2631 2322 2726 2377 tibi
2777 2323 3081 2380 Dominus:
3112 2336 3166 2380 tu
3206 2325 3355 2380 solus
3394 2328 3708 2385 Altissimus
3738 2330 3790 2383 in

2222 2410 2368 2464 omni
2414 2420 2559 2465 terra
2586 2410 2633 2465 ⁸.
2669 2430 2688 2463 ι
2732 2411 2811 2466 Τιι
2838 2412 2986 2466 solus
3017 2428 3307 2482 supremus
3348 2428 3429 2480 es,
3473 2416 3563 2482 qui
3590 2415 3731 2470 solus
3762 2429 3793 2469 e

2224 2501 2494 2568 supremis
2512 2503 2865 2566 descendisti,
2893 2505 3145 2572 solusque
3166 2505 3302 2559 citra
3332 2516 3613 2574 peccatum
3637 2506 3794 2560 homo

2222 2592 2421 2660 factus,
2452 2594 2520 2649 ab
2550 2593 2698 2647 omni
2732 2597 3040 2648 aeternitate
3075 2594 3335 2671 Dominus
3381 2605 3434 2648 et
3473 2594 3636 2649 totius
3667 2596 3791 2650 uni-

2222 2685 2368 2741 versi
2394 2702 2489 2740 rex
2521 2694 2686 2756 atque
2710 2685 2850 2740 Deus
2875 2700 2956 2741 es.
2982 2672 3263 2741 Consonat
3292 2686 3481 2740 Davidi
3510 2689 3575 2741 de
3593 2700 3792 2742 aeterno

2224 2778 2489 2848 supplicio
2512 2788 2565 2833 et
2588 2778 2763 2835 Isaias
2794 2795 2809 2834 :
2846 2797 2865 2830 ε
2900 2777 3094 2833 Veniet
3136 2777 3315 2832 omnis
3349 2792 3499 2843 caro,
3528 2790 3586 2833 ut
3608 2780 3789 2833 adoret

2226 2869 2279 2922 in
2323 2878 2616 2938 coiispectu
2680 2883 2801 2923 meo
2860 2869 2913 2923 in
2965 2868 3288 2933 Jerusalem,
3338 2868 3471 2923 dicit
3520 2871 3789 2923 Dominus.

537 2983 642 3019 non
674 2966 933 3019 morietur
957 2966 1285 3017 inzeternum
1309 2964 1374 3016 ν’.
1409 2982 1428 3015 ι
1462 2963 1700 3017 Tandem
1726 2962 1854 3016 alibi
1884 2961 2121 3016 declarat
2146 2998 2188 3055 C
2230 2960 2293 3012 Et
2336 2960 2702 3029 egredientur,
2759 2972 2811 3014 et
2861 2961 3122 3014 videbunt
3171 2961 3439 3013 cadavera
3497 2961 3790 3019 hominum.

536 3057 926 3125 benignitatem
960 3073 974 3110 :
1012 3073 1028 3106 ι
1060 3054 1178 3110 Non
1201 3055 1319 3108 veni
1345 3069 1541 3109 vocare
1569 3044 1781 3123 justos;
1811 3054 1906 3107 sed
1927 3067 2091 3122 pecca

543 3163 686 3202 tores
720 3142 793 3200 ad
819 3148 1196 3216 paenitentiam
1222 3148 1289 3201 ".
1331 3166 1348 3197 ι
1394 3146 1467 3201 De
1496 3146 1703 3216 judicio
1735 3160 1902 3215 agens
1935 3146 2007 3199 ita
2033 3144 2119 3199 lo-

490 3308 494 3313 ,
538 3241 764 3308 quitur:
806 3258 823 3290 ι
864 3239 920 3293 Si
958 3254 1064 3293 non
1101 3240 1393 3305 venissem,
1426 3249 1479 3293 et
1515 3238 1727 3292 locutus
1767 3237 1989 3293 luissem
2020 3237 2118 3301 eis,

552 3341 835 3401 peccatum
862 3349 968 3397 non
1001 3335 1262 3385 baberent
1288 3348 1301 3384 :
1338 3347 1480 3385 nunc
1507 3341 1687 3385 autem
1719 3328 2124 3385 excusationem

540 3440 646 3476 non
682 3425 880 3477 habent
921 3426 987 3477 de
1029 3433 1251 3493 peccato
1292 3406 1394 3479 'suo
1418 3425 1435 3454 ¹
1466 3438 1481 3488 ;
1513 3442 1532 3475 ι
1571 3434 1624 3477 et
1675 3437 1891 3475 rursum
1924 3438 1940 3477 :
1972 3439 1989 3471 ι
2024 3419 2125 3485 Qui

543 3532 627 3569 tne
658 3503 936 3583 neg‘averit
964 3529 1150 3568 coram
1181 3514 1510 3579 hominibus,
1545 3514 1754 3582 negabo
1786 3521 1839 3566 et
1869 3528 1968 3584 ego
1997 3527 2119 3564 eum

544 3618 731 3657 coram
773 3602 935 3656 Patre
971 3617 1129 3667 meo,
1175 3603 1267 3671 qui
1315 3604 1368 3656 in
1418 3603 1571 3657 caelis
1602 3611 1686 3655 est
1708 3604 1751 3651 '.
1786 3619 1805 3652 ι
1851 3602 2027 3669 Atque
2073 3600 2128 3653 id

542 3708 734 3749 verum
766 3692 1155 3759 essegostendit
1182 3690 1348 3747 Vales
1379 3709 1393 3744 :
1432 3709 1451 3741 ι
1490 3689 1905 3745 Conlundantur
1941 3704 2131 3743 omnes

544 3792 633 3857 qui
671 3783 1220 3852 adorantsculptilia,
1270 3796 1325 3839 et
1356 3787 1447 3854 qui
1496 3784 1800 3854 gloriantur
1827 3783 1879 3834 in
1908 3782 2131 3837 simula-

546 3881 654 3934 cris
687 3879 802 3933 suis
824 3877 867 3932 ³.
904 3895 923 3928 ι
956 3875 1212 3945 Idemque
1238 3875 1303 3930 de
1332 3876 1547 3945 perdite
1571 3875 1848 3933 sceleratis
1877 3891 1891 3927 :
1925 3894 1943 3926 ι
1968 3874 2133 3945 lmple

546 3970 716 4025 facies
746 3982 937 4023 eorum
977 3965 1296 4036 ignominia,
1329 3978 1384 4019 et
1426 3973 1667 4034 qumrent
1706 3979 1903 4019 nomen
1950 3975 2123 4033 tuum,

546 4060 799 4112 Domine.
850 4056 1190 4110 Erubescant
1235 4067 1289 4109 et
1332 4058 1723 4109 conturbentur
1769 4054 1821 4106 in
1876 4056 2131 4109 steculum

549 4149 729 4206 saeculi
764 4166 780 4204 :
817 4160 871 4203 et
899 4146 1307 4203 confundantur
1341 4158 1393 4199 et
1423 4155 1649 4214 pereant
1671 4146 1713 4198 δ.
1752 4163 1772 4196 ι

623 4244 826 4297 Docent
862 4252 1041 4295 autem
1072 4255 1357 4309 poenarum
1400 4238 1559 4293 linem
1593 4240 1727 4305 fore,
1781 4246 1836 4292 et
1874 4238 2133 4311 piaculari

2226 3052 2318 3121 qui
2361 3050 2701 3120 praevaricati
2745 3052 2957 3105 suntin
2998 3069 3107 3108 me.
3161 3052 3376 3109 Vermis
3422 3057 3567 3110 enim
3610 3070 3789 3109 eorum

2228 3160 2333 3199 non
2374 3147 2659 3210 morietur,
2689 3155 2746 3199 et
2777 3145 2917 3214 ignis
2944 3161 3131 3200 eorum
3157 3162 3265 3201 non
3303 3149 3720 3218 exstinguetur;
3742 3158 3793 3202 et

2226 3249 2384 3291 erunt
2426 3239 2477 3290 in
2519 3237 2780 3292 visionem
2827 3226 2972 3293 6mm
3022 3244 3172 3295 carni
3199 3241 3299 3303 ἐν»
3351 3239 3537 3296 Daniel
3582 3257 3794 3313 quoque

2228 3332 2283 3384 in
2328 3332 2578 3386 eumdem
2632 3332 2845 3386 modum
2903 3332 2969 3387 de
3024 3334 3327 3389 aeternitate
3367 3334 3790 3404 suppliciorum:

2238 3443 2257 3476 ι
2299 3421 2448 3478 Multi
2480 3426 2547 3479 de
2581 3424 2661 3478 liis
2702 3424 2791 3491 qui
2828 3426 3107 3479 dormiunt
3137 3427 3190 3481 in
3232 3436 3389 3479 terrae
3415 3426 3652 3497 pulvere,
3681 3425 3795 3480 cvi-

2232 3516 2514 3586 gilabunt;
2549 3516 2639 3569 alii
2673 3516 2725 3569 in
2756 3517 2921 3571 vitam
2952 3528 3235 3582 aeternam,
3287 3526 3342 3572 et
3385 3517 3474 3571 alii
3522 3518 3576 3572 in
3606 3531 3796 3587 oppro~

2232 3610 2409 3664 brium
2459 3618 2515 3663 et
2561 3608 2928 3664 confusionem
3000 3619 3279 3664 aeternam.
3333 3610 3400 3663 Et
3446 3610 3805 3678 intelligentes

2234 3701 2514 3773 fulgebunt
2551 3702 2706 3770 quasi
2746 3702 3013 3770 splendor
3031 3703 3404 3757 ﬁrmamenti:
3452 3712 3508 3757 et
3546 3703 3611 3756 de
3643 3701 3796 3770 justis

2234 3793 2478 3861 plurimi,
2509 3793 2660 3862 quasi
2702 3792 2871 3846 stellas
2900 3792 2954 3845 in
2987 3792 3207 3856 saecula,
3247 3800 3302 3847 et
3336 3791 3471 3846 ultra
3501 3794 3567 3848 ι’.
3596 3811 3616 3844 ι
3649 3790 3793 3857 Quod

2182 3912 2190 3918 ~
2236 3884 2283 3941 si
2316 3884 2431 3938 haec
2478 3884 2733 3938 vaticinia
2771 3884 2914 3939 dicta
2967 3884 3158 3939 insane
3206 3884 3476 3940 ardebunt
3526 3893 3792 3944 evertere,

2240 3974 2450 4028 Domini
2492 3982 2637 4028 eerte
2671 3974 2964 4043 exploratis
3013 3976 3195 4030 verbis
3239 3975 3689 4039 continebunturr
3711 3988 3796 4031 nite

2236 4064 2414 4135 gantis
2461 4067 2721 4135 majorem
2758 4080 2879 4119 esse
2934 4067 3066 4120 hero
3121 4082 3363 4129 servum,
3415 4076 3511 4119 aut
3554 4075 3798 4133 praestare

2240 4155 2564 4224 discipulum
2596 4152 2875 4223 magistro.
2902 4154 2995 4207 ille
3024 4155 3417 4225 eniniproprie
3454 4164 3509 4208 et
3540 4168 3664 4207 vere
3690 4167 3796 4206 nta-

2241 4241 2409 4310 gister
2439 4251 2540 4307 est,
2576 4243 2665 4309 qui
2718 4242 2810 4293 Dei
2860 4252 2915 4295 et
2961 4240 3146 4297 Patris
3193 4242 3557 4307 voluntatem,
3608 4241 3694 4295 cui
3724 4250 3798 4294 est

550 4336 672 4404 igne
702 4339 921 4401 peccata
960 4338 1338 4398 consumptum
1377 4329 1442 4382 iri
1470 4328 1805 4394 existimant,
1835 4345 1899 4385 at:
1928 4330 2010 4385 sic
2038 4329 2134 4382 de—
2168 4364 2214 4419 D
2248 4341 2538 4401 potestate,
2569 4343 2623 4386 et
2653 4333 2879 4399 honore,
2904 4344 3067 4404 atque
3098 4346 3289 4387 natura
3318 4348 3437 4401 par,
3472 4348 3576 4387 non
3601 4342 3797 4388 tantum

555 4427 721 4494 niquc
755 4426 818 4476 ad
849 4436 1142 4491 perennem
1170 4421 1335 4474 vitam
1358 4429 1521 4488 atque
1549 4420 1879 4491 voluptatem
1904 4421 2137 4476 transire

558 4525 904 4586 exspectant,
940 4514 1397 4583 interpretatione
1435 4513 1578 4567 illius
1614 4512 1769 4568 Pauli
1809 4516 2130 4570 sententiae:

568 4627 584 4657 ι
627 4607 763 4672 Quia
804 4607 855 4657 in
891 4607 1012 4675 igne
1038 4603 1401 4669 revelabitur;
1435 4614 1488 4657 et
1532 4600 1963 4675 uniuscujusque
2002 4620 2140 4677 opus

556 4702 717 4770 quale
753 4702 846 4761 sit,
890 4698 1027 4769 ignis
1086 4697 1336 4766 probabit
1379 4712 1394 4751 :
1440 4698 1482 4750 si
1526 4697 1681 4765 cujus
1728 4714 1864 4766 opus
1916 4700 2140 4763 arserit,

559 4792 941 4847 detrimentum
986 4790 1262 4857 patietur:
1299 4790 1411 4859 ipse
1458 4800 1637 4843 autem
1674 4789 1855 4843 salvus
1890 4791 2015 4852 erit,
2061 4792 2142 4845 sic

556 4898 736 4937 tamen
762 4884 917 4952 quasi
940 4897 1035 4951 per
1058 4881 1236 4950 ignem
1259 4882 1301 4933 ⁸.
1332 4898 1349 4929 ι
1382 4882 1486 4934 Sed
1512 4881 1627 4951 (52)
1654 4883 1797 4935 enim
1826 4884 2138 4951 neutiquam

559 4970 942 5040 suppliciorum
1002 4970 1163 5023 linem
1225 4970 1334 5021 haec
1388 4980 1658 5034 astrtntnt,
1707 4974 1799 5024 sed
1831 4983 2017 5025 contra
2043 4988 2141 5039 po-

562 5065 669 5118 tius
718 5078 905 5116 eorunt
960 5070 1344 5130 augmentum;
1404 5068 1478 5131 (et
1538 5065 1588 5117 id
1652 5065 1870 5131 quidem
1934 5080 2146 5131 semper

635 5243 681 5274 "
720 5241 867 5295 Psal.
914 5256 1038 5304 xcv,
1078 5239 1163 5303 Μ’,
1202 5242 1290 5293 l2.
1366 5242 1408 5272 ⁹⁷
1449 5242 1638 5295 Matth.
1688 5258 1816 5307 xxv,
1859 5244 1949 5296 '54.

564 5317 585 5344 ¹
624 5314 807 5364 Matth.
852 5329 905 5370 κ,
950 5312 1037 5365 55.
1118 5312 1137 5340 ³
1168 5311 1311 5363 l’sal.
1345 5326 1489 5375 xcvi,
1522 5314 1571 5364 ἶ.

568 5386 654 5446 Η,
699 5385 783 5436 i2.
856 5377 893 5411 ’⁸
920 5381 1059 5434 Psal.
1104 5396 1315 5446 Lxxxn,
1378 5384 1460 5436 19.
1540 5384 1559 5412 ⁸
1594 5382 1698 5435 Isa.
1742 5398 1886 5444 LXVI,
1918 5386 2007 5436 2.3.

642 5541 753 5607 (52)
789 5540 1068 5608 interpres
1108 5543 1286 5597 omisit
1326 5542 1391 5596 l2
1425 5544 1612 5598 lineas.

648 5609 755 5677 εδδ)
798 5613 869 5661 ’ἷιι
904 5609 1059 5663 ἰιῗιον.

2027 5242 2072 5275 9⁸
2110 5243 2262 5299 Joan.
2298 5263 2358 5307 tt,
2392 5246 2483 5305 ‘25,
2510 5245 2599 5298 26.

1671 5312 1692 5342 "
1728 5313 1872 5366 Psal.
1914 5328 2115 5374 vaxtt,
2162 5316 2247 5367 l7.

2088 5385 2131 5415 ⁸⁸
2164 5384 2299 5439 Dan.
2331 5401 2430 5449 xit,
2460 5386 2516 5449 2,
2560 5388 2614 5439 5.

2244 4421 2430 4476 auditu
2469 4423 2693 4477 edoctus
2729 4422 3012 4492 discipulis
3052 4423 3308 4492 prodidit.
3357 4423 3486 4491 Quae
3515 4433 3598 4478 est
3629 4434 3799 4477 autem

2244 4511 2452 4580 liquida
2489 4513 2797 4568 Servatoris
2824 4513 3135 4568 sententia?
3172 4530 3192 4565 ι
3228 4513 3294 4567 Et
3332 4513 3482 4567 ibun‘t
3514 4514 3566 4568 bi
3598 4513 3653 4567 iu
3685 4527 3801 4582 sup-

2247 4601 2464 4670 plicium
2487 4614 2750 4657 internum
2777 4604 2863 4676 (de
2887 4604 3135 4658 sontibus
3165 4604 3407 4676 loquens)
3435 4622 3453 4661 :
3475 4608 3603 4675 justi
3632 4618 3797 4659 autem

2250 4694 2304 4748 iu
2336 4696 2504 4749 vitam
2538 4708 2796 4749 aeternam
2824 4697 2889 4749 ¹¹.
2926 4715 2945 4747 ι
2992 4697 3056 4749 Ει
3085 4696 3335 4752 Micltmas
3363 4714 3379 4751 :
3414 4717 3433 4750 ι
3477 4700 3615 4752 Ecce
3650 4697 3799 4756 venit,

2251 4789 2385 4841 dicit
2411 4788 2670 4841 Dominus
2702 4789 3049 4857 omnipotens
3079 4806 3092 4843 :
3127 4799 3182 4842 et
3213 4790 3334 4857 quis
3358 4790 3650 4844 sustinebit.
3676 4774 3802 4842 diein

2251 4881 2511 4932 adventus
2545 4879 2684 4946 ejus,
2716 4890 2810 4932 aut
2861 4880 2984 4948 quis
3054 4879 3199 4935 ferre
3244 4882 3447 4951 poterit
3496 4890 3553 4932 ut
3594 4876 3802 4948 aspiciat

2252 4970 2420 5025 eum?
2456 4974 2581 5040 quia
2617 4972 2732 5047 ipse
2765 4972 3088 5040 ingreditur,
3124 4973 3280 5041 quasi
3318 4972 3457 5040 ignis
3490 4970 3803 5032 conliatoris,

2255 5073 2308 5114 tt
2367 5065 2519 5130 quasi
2576 5063 2744 5117 herba
2785 5063 3101 5117 lavantium.
3162 5064 3388 5119 Sedebit
3447 5062 3711 5131 conﬂatis,
3758 5070 3803 5115 et

2699 5250 2745 5280 ν’
2785 5246 2968 5299 Matth.
3015 5261 3066 5297 ιχ
3092 5284 3106 5306 ,
3159 5246 3245 5299 15.
3348 5246 3363 5276 ³
3406 5242 3560 5299 Joan.
3596 5260 3688 5311 xv,
3724 5243 3800 5298 22.

2324 5316 2360 5363 γ’
2405 5316 2582 5368 lCor.
2622 5332 2703 5381 ιιι,
2740 5317 2822 5372 15.
2871 5316 2955 5369 14.
3036 5317 3055 5345 ⁸
3097 5315 3229 5368 ibid.
3282 5314 3371 5371 l5.
3464 5315 3486 5346 "
3525 5314 3671 5371 Psal.
3699 5330 3803 5377 ων,

2331 5401 2430 5448 xit,
2460 5386 2516 5448 2,
2560 5388 2614 5439 5.
2693 5388 2734 5418 ¹¹
2778 5385 2964 5439 Matth.
2998 5399 3125 5448 xxv,
3163 5385 3249 5441 46.

2337 5543 2388 5611 (Si
2404 5544 2446 5613 ί)
2488 5541 2581 5597 νει
2618 5544 2755 5597 forte
2789 5553 3087 5597 t'0::$tttttat.
